4062 6444
505 369 600 422 ΤΗ

1846 370 1904 424 S.
1946 368 2027 422 BA
2039 370 2192 425 SlLll
2230 369 2446 424 MAGNI

3648 367 3751 422 ΗΞ

499 496 659 537 nsum
691 488 1072 533 transmutaut.
1104 479 1276 535 Nemo
1309 483 1472 551 igitur
1497 483 1552 536 in
1577 484 1711 538 vitio
1746 485 1969 554 degens,
1999 487 2066 542 dc

2193 488 2288 539 ιατ¹
2321 487 2520 556 ἀρετὴν
2552 485 2650 555 τῆς
2697 483 2876 553 ψυχῆς
2904 481 3191 551 ἐπιμέλεια
3231 482 3428 554 δυνατή
3463 487 3580 536 ἐστι
3613 503 3722 539 παν

500 590 561 630 se
596 573 712 643 Ipse
746 574 995 643 desiperet
1025 588 1040 627 :
1073 576 1219 627 haud
1270 577 1504 639 nescius,
1541 577 1852 646 plantarum
1886 580 2065 648 quali-

497 673 638 719 tates
677 676 736 719 ut
790 665 1120 734 agricultura
1166 671 1488 720 commutari
1535 688 1548 722 :
1597 670 1672 722 ita
1726 671 1894 724 animi
1944 670 2071 724 dili-

497 758 703 828 gentia,
741 771 860 826 qua:
889 757 942 810 iu
972 759 1353 825 cousequenda
1393 760 1590 814 virtute
1624 762 1930 815 adhibenda
1967 771 2070 825 est,

495 849 846 904 infirmitates
871 865 1062 906 omnes
1084 853 1329 922 superari
1367 869 1543 921 posse.
1565 853 1636 908 At
1667 869 1796 908 vero
1823 864 1968 908 tanta
1994 865 2076 908 est

495 939 1180 1010 frugiferarum'arborum
1228 945 1282 997 in
1333 945 1557 998 edendis
1608 945 1874 999 fructibus
1919 944 2074 998 diﬂ'e-

498 1036 696 1101 rentia,
727 1046 785 1089 ut
819 1051 886 1092 ne
931 1037 1106 1105 possit
1137 1037 1351 1106 quidem
1399 1038 1687 1106 quisquam
1729 1054 1847 1091 eam
1892 1037 2074 1092 verbis

499 1126 793 1196 explicare.
850 1127 968 1182 Non
1016 1128 1162 1181 enim
1206 1127 1381 1181 solum
1429 1129 1482 1182 in
1536 1129 1824 1183 arboribus
1875 1141 2075 1199 genere

498 1217 731 1271 diversis
764 1219 1052 1273 diversius
1083 1221 1353 1286 reperitur
1395 1217 1666 1272 fructuum
1695 1233 1709 1273 :
1747 1219 1839 1274 sed
1871 1221 1923 1272 in
1959 1219 2072 1285 ipsa

500 1311 666 1363 etiam
722 1309 937 1364 arboris
1003 1313 1183 1378 specie
1251 1312 1480 1364 multum
1557 1321 1642 1362 est
1709 1311 2072 1375 discriminis;

503 1402 943 1470 quandoquidem
977 1404 1082 1455 alia
1122 1404 1173 1455 in
1208 1405 1465 1470 marium,
1507 1402 1611 1456 alia
1651 1401 1704 1456 iu
1749 1402 2072 1456 feminarum

505 1492 684 1548 fructu
727 1503 856 1549 nota
885 1496 1138 1550 distincta
1171 1506 1252 1550 est
1284 1511 1314 1548 a
1346 1497 1595 1565 stirpium
1639 1496 1954 1556 cultoribus.
1983 1496 2074 1566 qui

503 1584 715 1640 scilicet
736 1587 947 1656 palmas
975 1589 1138 1640 etiam
1171 1587 1225 1640 in
1257 1603 1433 1642 mares
1454 1603 1518 1642 ac
1551 1587 1784 1642 feminas
1810 1589 2071 1642 dividant.

501 1678 681 1746 Atque
727 1678 1018 1746 aliquando
1044 1679 1227 1732 videas
1271 1694 1389 1732 eam
1436 1694 1557 1747 qua:
1585 1680 1652 1732 ah
1701 1679 1831 1748 ipsis
1875 1678 2074 1732 femina

505 1779 874 1837 nuncupatur,
931 1769 1304 1824 demittentem
1365 1783 1580 1833 ramos,
1637 1767 1782 1822 velut
1849 1768 2073 1822 libidine

2176 578 2424 632 τοδαπῶν
2472 577 2921 650 ἀρρωστημάτων
2971 575 3358 646 ἐπικρατῆσαι.
3420 577 3482 628 Ἠ
3527 576 3585 630 δὲ
3624 579 3753 649 περὶ

2173 669 2272 731 τὰς
2301 665 2670 739 καρπογονίας
2704 663 2938 737 διαφορά
2964 663 3075 717 τῶν
3110 664 3405 735 καρπίμων
3429 666 3611 734 φυτῶν
3635 684 3756 720 τοσ-

2173 761 2336 831 αύτη,
2370 762 2503 831 ὅσην
2535 759 2644 812 οὐδ’
2691 758 2757 812 ἀν
2787 758 3034 824 ἐπελθεῖν
3071 774 3156 820 τις
3189 757 3442 828 δυνηθείη
3485 759 3562 830 τῷ
3590 759 3754 832 λόγῳ.

2174 856 2246 908 Ού
2274 855 2382 926 γὰρ
2421 853 2580 924 μόνον
2625 854 2684 905 ἐν
2730 855 2840 914 τοῖς
2869 851 3241 922 ἑτερογενέσιν
3270 853 3327 903 ai
3369 851 3624 923 διαφοραὶ
3649 853 3759 907 τῶν

2175 945 2422 1016 καρπῶν,
2471 944 2587 998 ἀλλ’
2632 943 2732 1014 ήδη
2784 943 2880 996 κοιλ⁹
2920 945 2977 995 ἐν
3025 941 3175 1014 αύτῷ
3219 941 3299 1012 τῷ
3341 943 3610 1011 εἷδει(63)
3661 944 3759 997 τοῦ

2174 1036 2386 1105 δένδρου
2415 1037 2550 1090 πολὺ
2584 1037 2643 1089 τὸ
2669 1035 2923 1106 διάφορον
2943 1052 2956 1064 ·
2987 1035 3186 1103 ὅπουγε
3211 1035 3307 1088 καὶ
3331 1034 3442 1105 (64)
3470 1035 3629 1100 ἀλλος
3658 1046 3761 1107 μέν

2177 1128 2460 1200 χαρακτὴρ
2491 1128 2584 1181 τοῦ
2637 1125 2852 1198 καρποῦ
2898 1125 3008 1180 τῶν
3055 1127 3318 1197 ἀρρένων,
3359 1126 3518 1191 ἀλλος
3561 1127 3618 1180 δέ
3648 1126 3761 1180 τῶν

2178 1219 2428 1290 θηλειῶν,
2485 1221 2634 1291 παρά
2675 1218 2784 1271 τῶν
2830 1219 3148 1290 φυτουργῶν
3187 1218 3549 1290 διακέκριται,
3599 1220 3653 1272 οἵ
3694 1235 3762 1287 γε

2177 1311 2272 1364 καὶ
2301 1313 2428 1374 τοὺς
2459 1312 2706 1380 φοίνικας
2734 1312 2814 1374 εἰς
2847 1311 3084 1380 ἄρρενας
3119 1310 3212 1363 καὶ
3245 1311 3461 1382 θηλείας
3489 1311 3758 1364 διιστῶσι.

2176 1402 2287 1455 Καὶ
2321 1402 2451 1465 ἴδοις
2479 1403 2543 1456 ἀν
2572 1418 2702 1455 ποτε
2729 1401 2829 1473 τὴν
2858 1402 2988 1473 παρ’
3019 1401 3202 1454 αὐτῶν
3225 1399 3633 1471 ὀνομαζομένην
3657 1400 3763 1469 θήρ

2176 1495 2322 1549 λειαν
2355 1493 2633 1548 καθιεῖσαν
2658 1494 2785 1558 τοὺς
2819 1494 3066 1557 κλάδους,
3093 1489 3204 1547 οἷον
3233 1491 3506 1564 ὀργῶσαν,
3535 1493 3629 1546 καὶ
3659 1493 3764 1562 τῆς

2178 1586 2495 1658 συμπλοκῆς
2529 1585 2826 1656 ἐφιεμένην
2866 1585 2961 1638 τοῦ
2991 1585 3240 1656 ἄρρενος,
3260 1583 3385 1646 τοὺς
3409 1584 3464 1637 δέ
3493 1582 3766 1654 θεραπευ-

2175 1679 2274 1743 τὰς
2314 1679 2423 1733 τῶν
2458 1678 2642 1748 φυτῶν
2686 1678 3056 1749 ἐμϐάλλοντας
3093 1680 3204 1740 τοῖς
3234 1676 3471 1740 κλάδοις,
3497 1670 3608 1729 οἷόν
3637 1691 3766 1730 τινα

2179 1773 2472 1843 σπέρματα
2519 1772 2629 1823 τῶν
2671 1772 2940 1842 ἀρρένων,
2972 1770 3100 1831 τοὺς
3141 1769 3471 1840 λεγομένους
3517 1768 3759 1838 ψῆνας

501 1859 854 1924 concitatam,
889 1859 1160 1940 marisque
1207 1859 1514 1927 amplexum
1567 1868 1930 1928 appetentem.
1980 1859 2073 1915 \Ii-

2193 1865 2272 1918 ιαὶ
2317 1863 2492 1925 οὕτως
2530 1858 2639 1916 οἷον
2673 1866 2730 1915 ἐν
2779 1862 3129 1932 συναισθήσει
3158 1861 3260 1931 τῆς
3294 1862 3646 1925 ἀπολαύσεως
3674 1861 3765 1929 γί-

503 1950 633 2004 deas
678 1948 862 2004 itidem
891 1950 1151 2003 harumce
1181 1947 1432 2004 arborum
1461 1949 1699 2003 cultores
1744 1948 1888 2002 velut
1933 1964 2080 2016 qua»

507 2044 630 2096 dam
688 2042 1050 2097 mascularum
1121 2040 1329 2096 semina
1386 2057 1507 2112 quae
1564 2057 1746 2108 pune:
1792 2050 2078 2104 vocantur,

507 2132 677 2186 ramis
704 2131 822 2198 ejus
871 2131 1190 2196 immittere;
1225 2130 1410 2200 sicque
1440 2131 1613 2198 ipsam
1658 2128 1811 2196 quasi
1847 2129 1900 2181 in
1946 2128 2078 2180 frui-

511 2224 681 2277 tionis
709 2237 873 2277 sensu
914 2223 1290 2289 constitutam,
1319 2225 1514 2278 iterum
1561 2237 1741 2276 ramos
1768 2220 1997 2291 erigere,
2027 2230 2082 2274 et

510 2315 672 2386 hujus
701 2316 914 2370 arboris
944 2331 1154 2371 comam
1197 2316 1262 2371 ad
1315 2315 1586 2385 propriam
1619 2313 1846 2368 formam
1879 2315 2075 2368 redire.

510 2409 681 2464 Porro
723 2409 957 2479 idipsum
1009 2410 1172 2464 etiam
1221 2416 1453 2463 narrant
1497 2408 1563 2461 de
1611 2405 1748 2460 ficis.
1785 2405 1938 2460 Unde
1991 2406 2082 2459 aui

510 2501 726 2569 quidem
770 2501 904 2555 ﬁcos
938 2499 1212 2554 silvestres
1242 2500 1395 2566 juxta
1431 2501 1718 2553 hortenses
1746 2506 2038 2552 conserunt
2067 2515 2082 2551 :

511 2593 600 2647 alii
632 2608 764 2648 vero
790 2606 1010 2661 grossos
1051 2592 1292 2662 capriﬁci
1338 2591 1638 2646 fructuosis
1680 2605 1744 2644 ac
1775 2590 2086 2644 domesticis

514 2683 633 2738 ﬁcis
672 2681 976 2751 all‘igantes,
1008 2683 1246 2750 ipsarum
1282 2682 1562 2736 medentur
1596 2682 1922 2746 infirmitati,
1950 2681 2088 2751 jam-

509 2790 618 2844 que
651 2774 979 2829 diﬂluentem
1026 2791 1089 2829 ac
1137 2783 1552 2831 evanescentem
1595 2774 1830 2829 fructum
1882 2775 2088 2843 grossis

509 2865 752 2937 caprifici
813 2868 1110 2922 continent.
1172 2867 1311 2934 Quid
1367 2868 1482 2921 vult
1534 2867 1636 2922 sibi
1695 2867 1825 2920 illud
1883 2877 2089 2919 natura!

504 2960 853 3030 exemplum?
902 2960 1054 3026 Quod
1099 2977 1197 3014 nos
1232 2960 1311 3014 vel
1343 2962 1410 3014 ab
1450 2961 1516 3014 iis
1564 2960 1718 3028 quia
1771 2958 1874 3012 fide
1927 2956 2086 3010 alieni

510 3062 673 3116 sunt,
726 3053 987 3122 impetum
1036 3053 1327 3121 quemdam
1360 3067 1422 3106 ac
1463 3053 1703 3122 vigorem
1744 3051 1810 3104 ad
1855 3050 2088 3103 dandum

2177 1954 2366 2007 νεσθαι
2395 1956 2490 2007 καὶ
2516 1952 2871 2023 ἀνορθοῦσθαι
2900 1953 3060 2006 πάλιν
3081 1953 3208 2015 τοὺς
3233 1951 3480 2015 κλάδους,
3510 1952 3603 2004 καὶ¹
3627 1951 3767 2022 πρὸς

2178 2047 2238 2099 τὸ
2261 2048 2460 2100 οἰκεῖον
2487 2047 2671 2116 σχῆμα
2697 2044 2791 2115 τοῦ
2831 2045 2996 2114 φυτοῦ
3031 2046 3131 2116 τὴν
3173 2045 3349 2116 κόμην
3391 2043 3770 2097 ἀποκαθίστα⁸

2186 2138 2330 2191 σθαι.
2365 2137 2447 2191 Τά
2481 2138 2622 2191 αύτά
2648 2137 2704 2190 δὲ
2737 2137 2908 2191 ταῦτα
2941 2138 3036 2191 καὶ
3067 2138 3193 2208 περὶ
3225 2138 3334 2190 τῶν
3367 2136 3548 2190 συκῶν
3577 2151 3766 2203 φασιν.

2183 2230 2346 2283 Ὅθεν
2381 2231 2428 2283 οἱ
2473 2229 2572 2301 μέν
2609 2229 2710 2294 τὰς
2751 2229 2949 2300 ἀγρίας
2975 2229 3086 2301 (65)
3117 2232 3288 2294 συκᾶς
3317 2226 3770 2301 παραφυτεύουσι

2181 2323 2300 2386 ταῖς
2362 2321 2631 2392 ⁴ἡμέροις⁸
2701 2324 2752 2374 οἱ
2796 2323 2854 2377 δέ
2907 2324 3032 2386 τοὺς
3101 2321 3354 2385 ὀλύνθους
3415 2320 3767 2390 ἐκδήσαντες,

2182 2412 2289 2466 τῶν
2345 2413 2640 2482 εύκάρπων
2689 2415 2782 2466 καὶ
2835 2415 3054 2486 ἡμέρων
3123 2414 3304 2468 συκῶν
3382 2413 3483 2486 τὴν
3546 2414 3769 2468 ἀτονίαν

2188 2503 2395 2566 ἰῶνται,
2432 2504 2622 2574 ῥέοντα
2666 2506 2766 2576 ἥδη
2817 2508 2913 2558 καὶ
2964 2507 3388 2577 σκεδαννύμενον
3417 2508 3509 2560 τὸν
3549 2507 3772 2578 καρπὸν

2185 2599 2296 2659 τοῖς
2321 2595 2563 2658 ὀλύνθοις
2601 2595 2908 2664 ἐπέχοντες.
2931 2595 2995 2647 Τί
3028 2612 3110 2648 σοι
3154 2597 3214 2648 τὸ
3248 2597 3399 2667 παρά
3427 2598 3529 2666 τῆς
3553 2598 3769 2666 φύσεως

2186 2685 2414 2756 αἴνιγμα
2441 2683 2688 2754 βούλεται
2713 2683 2861 2754 (66);
2894 2685 3014 2737 Ὀτι
3043 2685 3150 2755 χρὴ
3196 2684 3457 2748 πολλάκις
3487 2688 3634 2755 ἡμᾶς
3674 2686 3771 2738 καὶ

2189 2778 2340 2849 παρά
2402 2776 2511 2830 τῶν
2572 2774 2869 2846 ἀλλοτρίων
2913 2775 3013 2843 τῆς
3069 2774 3304 2840 πίστεως
3350 2776 3594 2830 εὐτονίαν
3646 2773 3772 2829 τινά

2189 2867 2627 2940 προσλαμϐάνειν
2655 2869 2734 2931 είς
2758 2866 2858 2937 τὴν
2885 2865 2994 2920 τῶν
3027 2867 3245 2935 ἀγαθῶν
3278 2867 3454 2938 ἔργων
3482 2866 3768 2931 ἐπίδειξιν.

2204 2962 2328 3015 Ἐὰν
2351 2961 2459 3031 γὰρ
2486 2962 2599 3032 ἴδῃς
2626 2960 2717 3014 τὸν
2753 2961 2811 3013 ἐν
2847 2958 2946 3030 βίῳ
2974 2959 3194 3030 tome,
3229 2961 3262 3031 ἢ
3299 2961 3406 3014 ἀπό
3433 2978 3580 3024 τινος
3613 2960 3774 3030 αἱρέ-

2197 3073 2330 3118 σεως
2377 3053 2759 3124 ἐνδιαστρόφου
2807 3054 2906 3124 τῆς
2972 3053 3294 3124 Ἐκκλησίας
3350 3053 3779 3131 ἀπσχισμίνδθέ

514 3146 780 3198 honorum
828 3158 1053 3210 operum
1116 3146 1386 3212 specimen
1453 3159 1594 3213 saepe
1644 3143 1892 3211 accipere
1924 3143 2085 3196 debe-

2199 3147 2311 3216 βίου
2343 3144 2618 3217 σώφρονος
2649 3147 2744 3199 καὶ
2769 3145 2870 3214 τῆς
2894 3147 3088 3218 λοιπῆς
3117 3147 3257 3200 κατὰ
3279 3147 3340 3200 τὸ
3360 3141 3489 3218 ἦθος
3517 3145 3774 3213 εὐταξίας

515 3249 656 3287 mus.
684 3233 899 3288 Etenim
951 3237 995 3288 si
1038 3236 1236 3289 videris
1273 3251 1418 3300 eum,
1448 3237 1537 3303 qui
1581 3247 1671 3287 aut
1705 3236 1868 3288 vitam
1916 3236 2089 3289 ethni-

515 3341 635 3381 cam
671 3327 805 3395 agit,
834 3336 930 3381 aut
957 3327 1026 3380 ob
1065 3341 1378 3396 perversam
1414 3327 1706 3395 quamdam
1737 3326 1988 3380 haeresim
2017 3325 2086 3378 ab

515 3419 755 3474 Ecclesia
793 3419 1064 3475 abscissus
1106 3429 1208 3483 est,
1251 3420 1434 3489 probae
1471 3433 1534 3472 ac
1582 3419 1911 3473 continentis
1946 3417 2085 3480 vitae,

512 3519 572 3564 ct
598 3511 821 3580 reliqua:
849 3512 1073 3565 moralis
1103 3510 1404 3578 disciplina:
1431 3511 1732 3566 studiosum
1767 3523 1912 3572 esse;
1944 3516 2088 3562 tuam

517 3604 689 3672 magis
742 3604 957 3658 intende
1012 3604 1384 3664 sedulitatem,
1429 3614 1488 3657 ut
1549 3601 1839 3658 fructiferae
1882 3601 1985 3655 lico
2023 3617 2088 3655 ex

2195 3237 2640 3304 ἐπιμελούμενον,
2671 3238 2855 3291 πλεῖον
2895 3238 3118 3292 σεαυτοῦ
3145 3239 3209 3292 τὸ
3254 3239 3542 3292 σπουδαῖον
3570 3239 3777 3292 ἐπίτει-

2193 3344 2302 3390 νον,
2331 3327 2417 3378 ἴνα
2457 3327 2594 3400 γένῃ
2633 3330 3011 3401 παραπλήσιος
3044 3334 3108 3400 τῇ
3152 3332 3488 3403 καρποφόρῳ
3523 3334 3683 3403 συκῇ,
3710 3333 3778 3384 ἐκ

2192 3420 2290 3489 τῆς
2317 3419 2425 3472 τῶν
2461 3421 2668 3491 ἀγρίων
2718 3423 3016 3493 παρουσίας
3047 3423 3371 3496 ἀθροιζούσῃ
3403 3426 3500 3494 τὴν
3524 3423 3777 3494 δύναμιν,

2195 3515 2286 3566 καὶ
2328 3514 2428 3584 τὴν
2468 3514 2567 3585 μὲν
2612 3513 2768 3584 ῥύσιν
2807 3516 3096 3586 ἐπεχούσῃ,
3137 3517 3558 3588 ἐπιμελέστερον
3596 3515 3656 3569 δέ
3685 3515 3788 3569 τὸν

2197 3606 2408 3673 καρπὸν
2441 3606 2554 3675 (67)
2581 3606 2941 3676 ἐκτρεφούσῃ.

521 3693 909 3765 capriﬂcorum
953 3695 1243 3767 praesentia
1279 3693 1550 3766 colligenti
1597 3696 1739 3746 vires
1771 3701 1827 3747 et
1857 3692 2144 3746 deﬂuvium
2184 3697 2480 3764 cohibenti,
2523 3697 2867 3768 fructumque
2892 3699 3197 3768 diligentius
3240 3702 3554 3767 enutrienti,
3585 3698 3782 3756 similis

513 3791 734 3845 evadas.

591 3883 645 3937 8.
687 3881 851 3937 Tales
897 3882 1063 3950 igitur
1099 3891 1226 3936 sunt
1275 3882 1421 3936 circa
1457 3877 1820 3951 generationis
1874 3877 2092 3930 modum

519 3974 841 4029 diﬂ‘ereutize
875 3973 1204 4042 plantarum,
1243 3985 1304 4027 ut
1342 3987 1512 4043 pauca
1555 3971 1844 4025 admodum
1879 3968 1944 4021 de
1979 3967 2096 4035 plu-

518 4067 674 4124 rimis
718 4067 981 4121 dicamus.
1030 4065 1268 4135 lpsorum
1312 4077 1492 4120 autem
1541 4063 1812 4117 fructuum
1862 4059 2096 4112 varii-ta-

521 4156 656 4223 tem,
684 4159 907 4230 ﬁguras,
935 4159 1172 4220 colores,
1201 4170 1451 4225 saporum
1481 4155 1891 4222 proprietatem.
1920 4150 2099 4202 unius-

522 4253 784 4323 cujusque
807 4253 1092 4305 utilitatem
1115 4250 1237 4319 quis
1269 4261 1552 4302 recensere
1580 4245 1787 4314 possit?
1817 4244 2097 4311 Quomodo

523 4346 743 4415 quidam
776 4345 901 4397 nudi
944 4352 1250 4411 coquantur
1290 4356 1319 4394 a
1351 4337 1487 4403 sole,
1533 4337 1750 4406 quidam
1785 4352 1914 4390 vero
1948 4343 2098 4404 puta-

524 4437 760 4493 minibus
810 4437 1080 4498 contecti,
1120 4434 1525 4502 compleantur;
1562 4438 1617 4484 et
1661 4445 1887 4499 quarum
1937 4429 2095 4482 arbo-

527 4545 647 4583 rum
680 4537 833 4582 tener
857 4535 941 4579 est
982 4527 1209 4590 fructus,
1243 4528 1294 4579 in
1327 4527 1392 4580 iis
1417 4539 1666 4580 crassqu
1696 4525 1767 4577 sit
1797 4523 1910 4578 folii
1949 4533 2098 4590 tegu-

529 4631 790 4685 mentum,
833 4618 978 4673 velut
1008 4617 1058 4669 in
1101 4616 1234 4670 fico:
1276 4632 1508 4685 quarum
1548 4630 1678 4669 vero
1725 4613 1929 4667 fructus
1975 4621 2102 4666 stmt

534 4712 823 4776 firmiores,
851 4710 966 4764 leve
1003 4709 1076 4763 sit
1119 4706 1372 4760 foliorum
1407 4715 1683 4768 tutamen,
1727 4707 1802 4758 uti
1839 4705 1890 4757 in
1941 4718 2099 4757 nuce.

529 4801 665 4860 Nam
699 4800 805 4856 illis
825 4804 892 4856 ob
917 4801 1246 4855 debilitatem
1291 4798 1533 4854 subsidio
1557 4799 1762 4866 majore
1795 4810 1926 4861 opus
1948 4803 2103 4847 erat:

532 4899 619 4952 his
665 4911 793 4951 vero
830 4897 1062 4950 amictus
1114 4893 1354 4948 crassior
1402 4900 1622 4962 propter
1673 4889 1948 4942 frondium
1989 4903 2100 4939 um-

534 4992 689 5046 bram
723 4989 1017 5044 nocuisset.
1043 4989 1326 5055 Quomodo
1355 4985 1615 5040 dillissum
1647 4983 1718 5035 sit
1745 4981 1871 5034 vitis
1898 4977 2105 5043 lolium,

535 5091 596 5134 ut
647 5097 746 5133 uva
781 5091 836 5133 et
884 5081 1026 5134 aeris
1064 5077 1280 5146 injuriis
1330 5077 1579 5138 resistat,
1630 5081 1684 5124 et
1719 5072 1926 5126 radium
1979 5069 2110 5134 sqlis

540 5185 637 5240 per
670 5170 812 5225 illius
852 5173 1134 5224 raritatem
1182 5169 1415 5224 ubertim
1461 5166 1749 5235 suscipiat.
1804 5163 1944 5216 Nihil
1993 5163 2112 5217 sine

616 5329 727 5401 (63)
767 5329 961 5401 Editio_
1007 5327 1174 5401 Basil.
1203 5344 1324 5401 cum
1381 5336 1504 5401 octo
1551 5339 1708 5401 mss“
1747 5322 1804 5373 ἐν
1837 5321 1986 5392 αύτῷ
2033 5321 2111 5392 τῷ

541 5395 898 5459 εἴδειίΕιΙίιὶο
937 5399 1135 5460 Paris,
1169 5401 1226 5451 ἐν
1254 5397 1332 5468 τῷ
1359 5395 1687 5468 αύτῷγεῖδει.

617 5471 729 5540 (θό)
774 5469 863 5540 Sic
888 5486 1016 5523 mss.
1051 5464 1371 5540 tres._Deest
1400 5464 1492 5540 καί
1517 5467 1568 5517 in
1602 5464 1836 5519 excusis.

624 5536 736 5610 (65)
777 5539 852 5592 Ita
874 5554 976 5610 sex
1014 5555 1144 5593 mss.
1177 5536 1313 5591 Editi
1343 5538 1588 5610 ἀγρίους.

625 5605 727 5678 ξ66)
765 5611 839 5664 Ita
874 5607 1002 5667 Reg.
1033 5620 1256 5662 octavus
1287 5605 1589 5663 ctnn'Colb.
1616 5607 1851 5659 secundo
1878 5614 1929 5657 et
1961 5605 2117 5659 Com-

615 5623 726 5732 (οο)
765 5623 839 5664 Ita
874 5623 1002 5667 nea.
1033 5623 1256 5662 oetavus
1287 5623 1406 5660 cum
1437 5623 1589 5663 hom.
1616 5623 1851 5659 secunuo
1878 5623 1929 5657 et
1961 5623 2054 5659 b0!

544 5683 612 5738 be
640 5719 658 5754 ._
680 5678 1124 5754 ᾼὴςειγβούλεται
1154 5682 1220 5731 ab
1248 5678 1429 5754 editis.
1764 5747 1773 5754 ι
2046 5743 2054 5754 ο

623 5751 732 5816 (ιη)
775 5747 912 5800 Editi
941 5764 1060 5800 cum
1095 5765 1201 5799 uno
1241 5760 1332 5800 aut
1363 5749 1530 5800 altero
1569 5762 1670 5799 ms.
1698 5747 1821 5808 τοὺς
1848 5747 2112 5816 καρπούς.

557 5813 899 5870 Διίὶοιιὼεῖ.
926 5833 1044 5870 cum
1075 5819 1190 5871 aliis
1221 5829 1450 5881 quatuor
1484 5833 1615 5871 mss.
1651 5815 1741 5869 τὸν
1773 5814 2004 5884 καρπόν.

2267 3876 2318 3930 8.
2349 3873 2613 3929 Τοιαῦται
2643 3873 2740 3945 μὲν
2765 3870 2856 3928 οὖν
2886 3877 2942 3929 αἱ
2973 3877 3100 3946 περὶ
3127 3876 3218 3928 τὸν
3245 3876 3447 3947 τρόπον
3488 3875 3585 3946 τῆς
3629 3876 3783 3945 γενὲο

2196 3983 2332 4028 σεως
2361 3963 2538 4018 αὐτῶν
2571 3963 2845 4035 διαφοραὶ,
2883 3964 2956 4026 ὡς
2984 3965 3240 4033 ἐλάχιστα
3277 3967 3450 4019 εἰπεῖν
3483 3966 3593 4019 ἀπὸ
3630 3965 3784 4020 πλεί-

2198 4073 2358 4109 στων.
2380 4054 2569 4106 Αὐτῶν
2588 4054 2645 4106 δέ
2661 4054 2769 4108 τῶν
2791 4052 3020 4123 καρπῶν
3042 4054 3125 4114 τίς
3151 4053 3214 4104 ἂν
3241 4055 3457 4108 ἐπέλθοι
3477 4057 3576 4126 τὴν
3599 4074 3782 4109 ποικι-

2197 4148 2339 4210 λίαν,
2366 4145 2436 4198 τά
2465 4147 2740 4213 σχήματα,
2771 4144 2869 4204 τὰς
2899 4141 3085 4210 χρόας,
3103 4141 3210 4194 τῶν
3232 4145 3420 4214 χυμῶν
3453 4145 3550 4213 τὴν
3584 4147 3783 4216 ζδιότη-

2199 4257 2289 4304 τα,
2322 4236 2383 4289 τὸ
2412 4237 2504 4303 ἀφ’
2547 4233 2774 4287 ἐκάστου
2815 4234 3114 4303 χρήσιμονς
3154 4233 3277 4297 Πῶς
3303 4233 3424 4287 τινά
3466 4233 3564 4305 μὲν
3597 4235 3784 4306 γυμνὰ

2208 4331 2479 4383 πέπτεται
2537 4326 2614 4396 τῷ
2653 4325 2786 4396 ἡλίῳ
2831 4325 2964 4396 (68),
3004 4325 3126 4380 τινὰ
3163 4325 3220 4380 δέ
3261 4328 3318 4381 ἐν
3347 4325 3781 4400 ἐλύτροις-κεκα-

2205 4421 2462 4494 λυμμένα
2482 4417 2815 4490 πληροῦταις
2864 4421 2958 4472 καὶ
2999 4412 3074 4473 ὧν
3109 4419 3208 4490 μέν
3241 4420 3449 4484 ἁπαλὸς
3485 4423 3514 4472 ό
3547 4421 3781 4493 καρπὸς,

2208 4512 2350 4582 παχὺ
2373 4507 2465 4562 τοῦ
2492 4506 2689 4576 φύλλου
2717 4509 2776 4560 τὸ
2797 4511 3214 4581 σκεπαστήριον,
3245 4509 3320 4572 ὡς
3341 4509 3432 4561 ἐπὶ
3457 4510 3554 4579 τῆς
3581 4512 3752 4581 συκῆς
3768 4555 3784 4574 ,

2206 4598 2280 4657 ὧν
2313 4603 2370 4656 δέ
2411 4603 2460 4654 οἱ
2495 4601 2695 4673 καρποὶ⁸
2735 4599 3149 4672 στεγανώτεροι,
3193 4599 3404 4670 ἐλαφρά
3437 4601 3540 4653 τῶν
3569 4602 3786 4671 φύλλων

2211 4699 2244 4766 ἠ
2296 4693 2533 4767 προϐολὴ
2577 4692 2712 4761 (69),
2763 4691 2837 4753 ὡς
2877 4692 2970 4743 ἐπὶ
3013 4691 3112 4761 τῆς
3157 4690 3398 4761 καρύας;
3430 4691 3552 4744 Ὅτι
3598 4694 3789 4746 ἐκεῖνα

2215 4789 2312 4857 μὲν
2337 4786 2420 4840 διὰ
2442 4785 2502 4838 τὸ
2525 4784 2748 4845 ἀσθενὲς
2771 4783 3012 4845 πλείονος
3042 4782 3212 4834 ἐδεῖτο
3237 4782 3338 4852 τῆς
3365 4782 3636 4854 βοηθείαςο
3661 4784 3792 4837 τού..

2209 4897 2319 4942 τοις
2354 4879 2398 4931 δ’
2426 4877 2490 4931 ἀν
2523 4874 2865 4948 προσϐλαϐὴς
2897 4877 3111 4944 ἐγένετο
3151 4875 3183 4944 ἡ
3215 4875 3494 4948 παχυτέρα
3523 4874 3788 4947 περιϐολὴ

2211 4971 2275 5023 ἐκ
2301 4970 2402 5038 τῆς
2421 4970 2517 5022 ἀπ’
2545 4967 2724 5023 αὐτῶν
2757 4969 2933 5030 σκιᾶς.
2961 4966 3083 5029 Πῶς
3114 4967 3460 5037 κατέσχισται
3485 4969 3583 5036 τῆς
3605 4967 3788 5036 ἀμπέ-

2211 5062 2302 5115 λου
2330 5061 2390 5115 τὸ
2429 5061 2645 5128 φύλλον,
2681 5060 2765 5114 ἵνα
2790 5061 2883 5113 καὶ
2911 5059 3046 5129 πρὸς
3068 5058 3167 5120 τὰς
3193 5059 3256 5111 ἐκ
3277 5059 3370 5112 τοῦ
3392 5059 3552 5128 ἀέρος
3581 5057 3791 5128 βλάϐας

2214 5157 2242 5207 6
2267 5157 2458 5227 βότρυς
2497 5154 2716 5226 ἀντέχῃ,
2747 5155 2839 5207 καὶ
2881 5156 2978 5226 τὴν
3025 5155 3216 5207 ἀκτῖνα
3249 5157 3342 5208 τοῦ
3373 5151 3520 5224 ἡλίου
3566 5151 3656 5206 διὰ
3686 5152 3790 5223 τῆς

2290 5316 2401 5384 (68)
2444 5314 2596 5384 Coll).
2620 5313 2886 5367 secundus
2931 5313 3115 5382 γυμνά
3163 5313 3486 5384 πεπαίνεται
3528 5309 3607 5382 τῷ
3654 5312 3792 5382 ἡλίῳ

2220 5381 2719 5457 παραδεικνύμενα,
2759 5385 2899 5457 nuda
2937 5381 3273 5457 ὲοᾲυιιηιιιν,Δ
3301 5383 3348 5457 si
3379 5381 3479 5434 soli
3524 5381 3795 5457 exponan-

2221 5451 2324 5510 tur.
2372 5459 2501 5527 Reg.
2543 5453 2734 5509 tertius
2782 5454 3043 5506 πέπτεται
3096 5454 3172 5523 τῷ
3224 5451 3360 5522 ἡλίῳ
3422 5451 3793 5522 παραδεικνύ-

2225 5545 2401 5667 μεῖίῗθ)
2442 5595 2592 5672 (lolb.
2620 5595 2882 5672 secundus
2923 5593 3134 5672 φύλλων
3164 5596 3196 5663 ἠ
3231 5589 3510 5672 περιϐολή,
3543 5591 3793 5672 foliorum

2220 5663 2460 5719 amictus.
2489 5666 2671 5720 Lectio
2706 5665 2928 5734 optima.
2961 5666 3096 5716 Editi
3135 5678 3255 5717 cum
3290 5665 3415 5734 aliis
3440 5678 3567 5716 mss.
3601 5663 3632 5731 ἡ
3666 5678 3795 5731 προ-

2220 5736 2372 5856 (ἑοέζήὶ
2407 5737 2537 5806 Reg.
2570 5732 2759 5794 tertius
2800 5738 2853 5788 al
2889 5735 3123 5806 ἐλαφραὶ
3156 5733 3265 5786 τῶν
3300 5732 3510 5802 φύλλων
3546 5734 3600 5784 αἱ
3654 5748 3792 5793 προ-

2257 5827 2282 5856 υ
2315 5824 2394 5856 a..

2257 5807 2394 5860 υλαί.
