4062 6500
310 439 407 493 H3

1436 437 1721 493 ﬂOlllLlA
1772 436 1815 491 ν
1856 436 1922 491 IN
1964 436 2461 509 HEXA‘EMERON.

3460 431 3558 487 lu

301 557 622 629 ἀραιότητος
683 554 919 625 δαψιλῶς
975 555 1307 625 ὑποδέχηται
1336 571 1349 617 ;
1383 556 1550 608 Οὐδὲν
1604 555 1880 609 ἀναίτιονο

1991 569 2171 617 causa,
2197 555 2328 607 nihil
2358 564 2558 608 temere
2584 552 2780 607 factum
2813 566 2897 609 est
2924 573 2937 607 :
2968 555 3152 609 omnia
3190 556 3256 608 ab
3296 551 3560 611 inell'.‘.t':ili

302 650 450 703 οῦδὲν
511 649 621 703 ἀπὸ
680 647 1021 718 ταυτομάτου
1052 666 1065 679 ·
1124 648 1301 701 πάντα
1347 646 1459 717 ἔχει
1515 646 1639 700 τινὰ
1689 646 1879 715 σοφίαν

302 743 633 813 ἀπόρρητον.
664 739 759 803 Τίς
791 739 857 792 ἂν
881 739 1123 808 ἐφίκοιτο
1156 737 1347 806 λόγος;
1388 738 1514 803 Πῶς
1544 737 1880 811 ἀνθρώπινος

303 834 427 897 νοῦς
453 832 629 886 πάντα
669 833 786 903 μετ’
821 830 1107 902 ἀκριϐείας
1155 832 1395 896 ἐπέλθοι,
1438 830 1578 884 ὥστε
1614 832 1711 885 καὶ
1750 848 1880 886 κατ-

303 926 429 979 ιδεῖν
457 927 556 988 τὰς
598 924 883 994 ἰδιότητας,
928 924 1023 976 καὶ
1058 923 1156 986 τὰς
1200 923 1336 995 πρὸς
1360 924 1589 977 ἕκαστον
1619 923 1879 994 διαφορὰς

300 1014 543 1086 ἐναργῶς
567 1014 855 1083 διακρῖναι,
880 1013 973 1066 καὶ
999 1012 1098 1075 τὰς
1128 1010 1509 1085 κεκρυμμένας
1532 1010 1709 1072 αἰτίας
1728 1010 1880 1062 ἀνεν-

301 1102 434 1164 δεῶς
479 1103 866 1172 παραστῆσαι;
910 1101 1004 1153 Ἕν
1036 1099 1202 1173 ὕδωρ,
1232 1101 1320 1154 διὰ
1348 1101 1445 1171 τῆς
1475 1099 1628 1171 ῥίζης
1652 1100 1879 1171 ἑλκόμε-

300 1213 411 1259 νον,
462 1194 638 1257 ἄλλως
685 1193 782 1264 μὲν
816 1191 1006 1263 τρέφει
1045 1194 1144 1263 τὴν
1191 1194 1346 1264 ῥίζαν
1392 1192 1582 1261 αὐτὴν,
1619 1191 1792 1255 ἄλλως
1822 1192 1879 1245 δὲ

300 1287 392 1339 τὸν
438 1287 624 1356 φλοιὸν
662 1284 755 1337 τοῦ
805 1284 1108 1355 στελέχους,
1152 1286 1245 1337 καὶ
1275 1283 1448 1347 ἄλλως
1488 1284 1546 1336 τὸ
1588 1282 1759 1347 ξύλον,
1786 1284 1880 1336 καὶ⁸

300 1379 400 1450 τὴν
433 1375 752 1448 ἐντεριώνην
782 1376 1004 1448 ἑτέρως.
1040 1378 1113 1430 Τὸ
1145 1376 1274 1429 αὐτὸ
1304 1376 1394 1428 καὶ
1425 1375 1617 1444 φύλλον
1648 1375 1875 1443 γίνεται,

304 1471 396 1523 καὶ
440 1471 519 1532 εἰς
560 1466 867 1538 ἀκρέμονας
917 1469 1012 1522 καὶ
1062 1467 1287 1530 κλάδους
1341 1464 1750 1536 κατασχίζεται,
1787 1468 1882 1520 καὶ

301 1564 412 1626 τοῖς
441 1564 670 1631 καρποῖς
704 1561 931 1631 παρέχει
973 1561 1073 1630 τὴν
1105 1559 1352 1631 αὔξησιν,
1392 1562 1484 1613 καὶ
1513 1560 1747 1630 δάκρυον
1784 1558 1877 1613 τοῦ

303 1653 471 1722 φυτοῦ
500 1653 592 1705 καὶ
616 1652 746 1715 όπδς
772 1655 835 1705 ἐκ
858 1654 956 1723 τῆς
982 1653 1153 1721 αὐτῆς
1178 1653 1356 1715 αἰτίας
1381 1653 1491 1721 (70)
1520 1652 1875 1723 προέρχεται’

304 1740 383 1808 οἷς
402 1744 540 1815 πόση
567 1745 701 1817 πρὸς
726 1744 929 1814 ἄλληλά
946 1748 1091 1797 ἐστιν
1118 1747 1149 1815 ἡ
1175 1744 1427 1815 διαφορὰ,
1446 1743 1620 1806 οὐδεὶς
1640 1742 1705 1796 ἂν
1724 1744 1879 1811 λόγος

303 1836 553 1902 ἐξίκοιτο.
588 1836 749 1890 Ἀλλο
778 1835 886 1908 γὰρ
913 1836 1005 1890 τοῦ
1035 1836 1215 1907 σχίνου
1238 1836 1299 1887 τὸ
1323 1835 1575 1905 δάκρυον,
1607 1835 1701 1887 καὶ
1722 1834 1878 1897 ἄλλος

302 1899 489 1991 osus;
527 1928 619 1982 τοῦ
660 1899 935 2000 βαλσάμου
958 1946 971 1959 ·
1018 1899 1111 1981 mli
1148 1899 1601 1998 vdpeqxég'rtve;
1648 1926 1741 1978 ἐπὶ
1779 1929 1877 1997 τῆς
1909 1899 1953 1952 Β

302 2020 579 2089 Αἰγύπτου
635 2023 728 2074 καὶ
773 2020 978 2090 Λιϐύης
1031 2020 1218 2088 ἓτερον
1273 2017 1421 2070 ὀπῶν
1466 2018 1621 2087 γένος
1679 2017 1880 2071 ἀποδα-

303 2109 550 2182 κρύουσι.
574 2112 742 2181 Λόγος
763 2113 818 2165 δέ
841 2114 924 2173 τίς
950 2113 1065 2164 ἐστι
1092 2110 1187 2164 καὶ
1210 2110 1271 2163 τὸ
1299 2111 1563 2184 ἤλεκτρον
1587 2111 1718 2165 ὀπὸν
1742 2108 1880 2165 εἶναι

304 2200 485 2271 φυτῶν
514 2202 593 2265 εἰς
618 2200 765 2253 λίθου
794 2198 954 2267 φύσιν
996 2199 1471 2271 ἀποτηγνύμενον.
1507 2203 1789 2274 Μαρτυρεῖ
1825 2202 1881 2255 δὲ

304 2290 381 2359 τῷ
414 2291 558 2359 λόγῳ
592 2290 660 2343 τὰ
706 2291 1081 2361 ἐμφαινόμενα
1118 2292 1300 2364 κάρφη
1334 2294 1428 2346 καὶ
1465 2294 1533 2346 τὰ
1582 2293 1883 2348 λεπτότατα

301 2381 410 2433 τῶν
459 2368 632 2447 ζώων,
680 2381 846 2453 ἅπερ,
896 2382 1103 2436 ἁπαλοῦ
1146 2384 1299 2447 ὄντος
1350 2383 1444 2437 τοῦ
1488 2385 1641 2447 ὀποῦ,
1684 2387 1881 2438 ἐναπο-

303 2472 576 2543 ληφθέντα
603 2474 908 2545 κατέχεται.
933 2475 1040 2529 Καὶ
1081 2476 1215 2538 ὅλως
1247 2475 1345 2545 τὴν
1370 2474 1511 2529 κατά
1548 2474 1645 2539 τὰς
1668 2476 1887 2547 ποιότη-

303 2583 402 2629 τας
433 2564 542 2620 τῶν
578 2568 725 2620 ὀπῶν
754 2567 1014 2637 διαφορὰν
1044 2570 1071 2620 ό
1097 2568 1170 2638 μὴ
1196 2570 1261 2637 τῇ
1293 2566 1458 2638 πείρᾳ
1480 2567 1747 2638 διδαχθεὶς
1769 2570 1887 2623 οὑδ-

306 2659 401 2712 ἑνα
447 2658 604 2727 λόγον
636 2659 859 2730 εὑρήσει
902 2660 999 2729 τὴν
1040 2658 1321 2730 ἐνέργειαν
1354 2658 1724 2729 παριστῶντα.
1761 2660 1886 2725 Πῶς

307 2751 469 2805 πάλιν
500 2750 605 2803 ἀπὸ
642 2752 741 2821 τῆς
767 2750 937 2820 αὐτῆς
962 2750 1163 2814 νοτίδος
1191 2753 1247 2803 ἐν
1274 2751 1373 2822 μὲν
1407 2755 1471 2822 τῇ
1499 2752 1725 2823 ἀμπέλῳ
1747 2748 1887 2815 οἶνος

308 2842 640 2908 συνίσταται,
674 2845 731 2896 ἐν
779 2843 833 2897 δὲ
872 2846 939 2915 τῇ
976 2843 1131 2915 ἐλαίᾳ
1156 2844 1215 2897 τὸ
1243 2843 1449 2909 ἕλαιον;
1495 2845 1605 2897 Καὶ
1635 2845 1695 2897 ού
1729 2843 1887 2898 τοῦτο

311 2936 469 3006 μόνον
520 2935 853 3006 θαυμαστὸν,
894 2936 1007 2996 πῶς
1050 2929 1152 2989 ὧδε
1199 2937 1298 3006 μὲν
1343 2937 1402 2989 τὸ
1446 2937 1610 3007 ὑγρὸν
1651 2937 1889 3006 ἀπεγλυ-

308 3025 502 3094 κάνθη,
544 3027 660 3077 ἐκεῖ
698 3026 754 3078 δὲ
795 3026 1021 3096 λιπαρὸν
1048 3026 1289 3094 γέγονεν,
1321 3026 1435 3077 ἀλλ’
1466 3026 1547 3078 ὅτι
1581 3028 1673 3079 καὶ
1700 3028 1757 3078 ἐν
1779 3029 1889 3090 τοῖς

308 3117 531 3186 γλυκέσι
560 3119 791 3187 καρποῖς
820 3116 1150 3188 ἀμύθητοςὴ
1180 3116 1503 3189 παραλλαγὴ
1546 3120 1642 3187 τῆς
1675 3117 1890 3189 ποιότη-

1980 646 2215 714 quadam
2262 644 2526 713 sapientia
2586 644 3020 713 proficiscuntur.
3068 644 3325 712 Quanam
3375 649 3553 701 oratio

1979 738 2151 809 possit
2180 737 2359 792 omnia
2392 736 2643 804 assequi?
2670 734 2948 802 Quomodo
2974 737 3151 790 omnia
3183 749 3438 792 accurate
3467 753 3546 792 re-

1979 844 2201 884 censere
2230 828 2401 897 possit
2441 841 2591 881 mens
2627 825 2891 889 humaua,‘
2923 830 3056 881 adeo
3087 837 3145 880 ut
3186 829 3550 897 proprietates

1979 930 2290 990 cognoscat,
2337 927 2590 973 secernat
2637 917 2781 971 clare
2815 918 3148 987 singulorum
3195 918 3546 985 differentias,

1978 1021 2035 1065 et
2077 1011 2316 1064 occultas
2353 1024 2544 1064 causas
2585 1019 2735 1061 certo
2780 1007 3057 1077 proferat?
3099 1009 3219 1063 Una
3265 1024 3404 1079 aqua
3452 1025 3550 1079 per

1980 1104 2216 1158 radicem
2244 1110 2495 1167 attracta,
2525 1102 2682 1155 aliter
2710 1104 2875 1155 nutrit
2906 1102 3074 1169 ipsam
3104 1100 3366 1162 radicem,
3393 1101 3551 1155 aliter

1980 1199 2156 1253 trunci
2210 1198 2490 1261 corticem,
2539 1197 2696 1251 aliter
2751 1197 2994 1267 lignum,
3050 1196 3205 1251 aliter
3240 1195 3549 1249 medullam.

1980 1291 2177 1345 Eadem
2202 1301 2256 1345 et
2285 1290 2472 1344 folium
2513 1290 2592 1355 lit,
2630 1299 2684 1343 et
2731 1291 2785 1343 in
2828 1289 3064 1358 majores
3106 1304 3168 1344 ac
3215 1288 3271 1342 in
3310 1290 3551 1342 minores

1981 1398 2161 1438 ramos
2191 1382 2537 1445 discinditur,
2565 1381 2677 1454 48
2705 1392 2761 1437 et
2794 1392 3015 1450 praestat
3074 1383 3343 1436 fructibus
3375 1382 3551 1437 incre-

1981 1486 2262 1530 mentum:
2297 1476 2551 1545 lacryma:
2587 1476 2751 1528 etiam
2796 1484 2850 1528 et
2885 1489 3079 1529 succus
3122 1473 3319 1544 planta:
3348 1489 3416 1528 ex
3461 1488 3552 1528 ea-

1980 1566 2098 1618 dem
2127 1578 2288 1617 causa
2322 1563 2644 1632 proveniunt
2674 1580 2687 1617 :
2720 1578 2841 1631 qua:
2883 1573 3143 1633 quantum
3176 1561 3318 1617 inter
3348 1575 3407 1617 se
3444 1563 3551 1616 dif-

1981 1656 2173 1719 ferant,
2208 1653 2385 1707 nullus
2410 1669 2595 1708 sermo
2618 1653 2891 1723 explicare
2926 1654 3113 1722 possit.
3146 1653 3264 1707 Alia
3293 1662 3374 1707 est
3404 1653 3547 1707 enim

1980 1747 2189 1801 lentisci
2236 1746 2499 1817 lacryma,
2542 1745 2685 1800 alius
2734 1745 2958 1799 balsami
3012 1759 3210 1800 succus
3254 1746 3547 1814 :quazdam

1980 1840 2143 1892 etiam
2186 1837 2372 1891 ferula:
2412 1836 2465 1891 in
2494 1834 2727 1905 Egypto
2769 1844 2823 1890 et
2856 1835 2908 1888 in
2954 1834 3124 1905 Libya
3170 1835 3375 1890 stillant
3408 1835 3551 1888 aliud

1980 1942 2264 1981 succorum
2303 1942 2491 1995 genus.
2536 1925 2742 1979 Ferunt
2781 1941 2993 1996 quoque
3020 1927 3304 1989 electrum,
3330 1940 3550 1979 succum

1980 2032 2102 2071 esse
2153 2016 2477 2085 plantarum,
2522 2016 2575 2069 in
2642 2016 2837 2084 lapidis
2888 2027 3137 2071 naturam
3206 2025 3545 2071 concretum.

1983 2109 2152 2166 Porro
2187 2108 2458 2179 opinionis
2487 2106 2645 2175 hujus
2679 2109 3047 2163 testimonium
3077 2120 3201 2163 sunt
3231 2108 3450 2162 festucae
3492 2109 3547 2161 in

1984 2204 2103 2272 ipso
2140 2212 2479 2270 apparentes,
2514 2215 2576 2254 ac
2607 2199 2843 2253 bestiola:
2876 2201 3226 2265 tenuissimae,
3255 2214 3395 2269 quae,
3427 2214 3554 2270 pro-

1981 2308 2166 2364 pterea
2203 2294 2347 2363 quod
2390 2295 2441 2346 in
2486 2302 2672 2347 tenero
2707 2307 2771 2347 ac
2806 2292 2948 2347 molli
2988 2308 3150 2347 succo
3178 2295 3549 2356 consederint,

1983 2388 2292 2444 detinentur
2330 2385 2570 2439 inclusae.
2612 2386 2678 2439 Et
2709 2387 2759 2439 in
2793 2401 3027 2449 summa,
3062 2385 3154 2455 qui
3190 2401 3294 2439 nou
3336 2387 3554 2453 experi-

1983 2491 2166 2537 mento
2210 2480 2437 2535 edoctus
2484 2489 2597 2545 est,
2644 2488 2905 2547 quantum
2955 2479 3097 2531 inter
3141 2493 3199 2532 se
3248 2479 3556 2547 discrepent

1989 2589 2280 2631 succorum
2336 2571 2656 2643 qualitates,
2700 2570 2748 2624 is
2795 2570 2859 2624 ad
2896 2583 3083 2623 eorum
3128 2571 3233 2623 vim
3275 2578 3329 2624 et
3371 2568 3553 2624 elllca-

1986 2669 2123 2721 ciam
2170 2665 2548 2734 explicandam
2601 2662 2805 2717 nullum
2859 2673 3172 2731 reperturus
3216 2674 3298 2716 est
3344 2677 3557 2716 sermo-

1986 2772 2129 2813 nem.
2173 2755 2455 2822 Quomodo
2494 2755 2688 2807 iterum
2733 2756 2800 2807 ab
2856 2754 3046 2808 eodem
3089 2754 3315 2809 humore
3355 2754 3408 2808 in
3451 2754 3559 2809 vite

1988 2851 2204 2920 quidem
2249 2850 2431 2901 vinum
2480 2846 2815 2914 producitur,
2864 2847 2915 2899 in
2948 2846 3065 2899 olea
3112 2858 3290 2900 autem
3338 2845 3561 2900 oleum?

1986 2944 2164 3010 Atque
2194 2955 2300 2995 non
2337 2938 2387 2992 id
2418 2937 2589 2991 solum
2639 2937 2943 2990 mirandum
2972 2948 3074 3002 est,
3120 2952 3354 3007 quonam
3402 2946 3559 3006 pacto

1992 3034 2186 3087 humor
2212 3032 2298 3085 hic
2327 3030 2518 3094 dulcis,
2558 3028 2666 3083 illic
2715 3030 2927 3098 pinguis
2966 3030 3240 3083 evaserit:
3275 3027 3371 3083 sed
3416 3032 3557 3097 quod

1988 3124 2154 3177 etiam
2194 3124 2246 3177 in
2296 3122 2544 3176 dulcibus
2586 3120 2852 3175 fructibus
2887 3121 3267 3175 inenarrabilis
3307 3130 3390 3174 est
3424 3136 3559 3189 qua-

308 3228 419 3274 τος.
456 3209 616 3262 Ἀλλο
640 3208 748 3280 γὰρ
776 3210 838 3261 τὸ
862 3212 920 3261 ἐν
959 3209 1189 3281 ἀμπέλῳ
1212 3211 1405 3279 γλυκὺ,
1434 3210 1525 3262 καὶ
1561 3209 1689 3264 ἄλλο
1730 3210 1791 3263 τὸ
1831 3212 1889 3264 ἐν

1991 3216 2158 3270 litatis
2198 3214 2569 3268 commutatio.
2612 3215 2730 3267 Alia
2774 3223 2857 3266 cst
2898 3213 3039 3265 enim
3082 3212 3135 3265 in
3175 3215 3280 3264 vite
3313 3210 3559 3275 dulcedo,

314 3303 508 3375 μηλέᾳ,
544 3304 638 3355 καὶ
675 3302 845 3373 σύκῳ,
872 3303 965 3356 καὶ
994 3304 1214 3373 φοίνικι.
1248 3306 1366 3358 Ἔτι
1393 3321 1451 3365 σε
1480 3303 1736 3375 βούλομαι
1761 3305 1889 3376 περὶ

310 3398 410 3467 τὴν
435 3395 677 3459 ἐξέτασιν
700 3394 903 3465 ταύτην
928 3394 1327 3466 φιλοτεχνῆσαι,
1353 3396 1469 3459 πῶς
1500 3397 1558 3449 τὸ
1589 3396 1720 3451 αὐτὸ
1747 3395 1891 3468 ὕδωρ

314 3486 407 3540 νῦν
440 3488 537 3558 μὲν
580 3487 720 3541 λεῖόν
763 3490 878 3540 ἐστι
921 3490 988 3558 τῇ
1032 3488 1297 3558 αἰσθήσει,
1324 3489 1452 3541 ὅταν
1487 3491 1543 3541 ἐν
1570 3489 1743 3542 τοῖσδέ
1783 3506 1891 3542 τισι

313 3584 426 3643 τοῖς
453 3584 639 3650 φυτοῖς
663 3581 953 3651 γενόμενον
996 3580 1379 3651 ἀπογλυκανθῇ
1404 3598 1418 3610 ·
1466 3581 1561 3634 νῦν
1586 3582 1642 3634 δὲ
1666 3582 1892 3652 πληκτι-

315 3674 410 3728 κόν
442 3676 558 3725 ἐστι
579 3678 677 3744 τῆς
703 3676 961 3742 γεύσεως,
988 3677 1117 3729 ὅταν
1156 3675 1222 3728 δι’
1261 3674 1435 3729 ἄλλων
1460 3675 1641 3743 φυτῶν
1679 3676 1893 3747 ἐνεχθὲν

314 3762 667 3832 ἀποξύνηται.
699 3766 809 3818 Καὶ
843 3766 1007 3819 πάλιν
1059 3767 1139 3829 εἰς
1183 3767 1281 3835 τὴν
1316 3764 1549 3835 ἐσχάτην
1591 3764 1894 3835 πικρότητα

320 3854 652 3928 μεταϐάλλον
686 3858 1007 3926 ἐκτραχύνει
1032 3859 1130 3928 τὴν
1160 3857 1430 3926 αἴσθησιν,
1458 3858 1584 3910 ὅταν
1610 3857 1666 3907 ἐν
1690 3856 1897 3927 ἀψίνθῳ

1992 3310 2095 3364 alia
2129 3309 2179 3362 in
2213 3305 2374 3369 malo,
2406 3306 2455 3358 in
2483 3305 2603 3365 lico,
2624 3319 2689 3357 ac
2722 3304 2775 3357 in
2815 3304 3012 3371 palma.
3055 3302 3187 3357 Volo
3226 3303 3464 3370 insuper,
3506 3313 3564 3355 ut

1996 3404 2107 3457 ba'c
2151 3398 2341 3467 majori
2380 3396 2557 3451 studio
2587 3405 2641 3449 et
2687 3405 2803 3449 arte
2852 3393 3252 3462 perscruteris:
3294 3392 3564 3463 quomodo

1994 3510 2131 3563 aqua
2168 3493 2354 3549 eadem
2390 3506 2531 3546 nunc
2563 3490 2743 3547 sensui
2798 3488 2933 3543 lenis
2976 3488 3069 3551 sit,
3097 3500 3217 3541 cum
3250 3486 3304 3539 in
3339 3485 3565 3553 quibus-

1994 3586 2117 3639 dam
2179 3582 2375 3650 plantis
2445 3595 2788 3637 commorans
2848 3575 3168 3633 dulcescit:
3223 3589 3367 3627 nunc
3430 3586 3564 3627 vero

1995 3686 2200 3746 pungat
2257 3685 2504 3744 gustum,
2557 3688 2679 3728 cum
2733 3686 2828 3740 per
2887 3669 3022 3723 alias
3078 3667 3287 3737 plantas
3348 3664 3565 3718 diducta

1998 3767 2218 3822 acescit.
2267 3767 2345 3820 Ac
2416 3780 2603 3819 rursus
2667 3764 2719 3816 in
2775 3771 3073 3815 extremam
3145 3756 3563 3811 amaritudinem

2002 3874 2187 3923 versa,
2224 3873 2444 3913 sensum
2491 3863 2811 3925 exasperat,
2863 3868 2985 3907 cum
3039 3850 3091 3904 in
3147 3847 3421 3902 absinthio
3475 3856 3566 3899 aut

317 3953 350 4023 ἢ
377 3949 710 4021 σκαμμωνία
738 3950 846 4019 (7i)
872 3949 1096 4018 γένηται
1117 3965 1130 3978 ⁶
1161 3951 1250 4003 καὶ
1273 3952 1330 4001 ἐν
1358 3949 1455 4021 μὲν
1498 3951 1616 4011 ταῖς
1648 3947 1891 4017 βαλάνοις

1999 3964 2346 4007 scammonea
2390 3947 2669 4003 insederit.
2698 3943 3003 4012 Quinetiam
3038 3941 3092 3995 in
3139 3938 3445 4010 glandibus,
3477 3948 3567 3990 aut

318 4044 352 4115 ἢ
376 4041 452 4112 τῷ
472 4039 671 4113 καρπῷ
686 4041 782 4110 τῆς
808 4040 1066 4111 κρανείας
1092 4041 1226 4111 πρὸς
1244 4041 1341 4112 τὴν
1368 4041 1570 4111 στυφὴν
1594 4040 1891 4111 καὶαὺστη-

2003 4045 2054 4097 in
2084 4043 2233 4097 curui
2276 4043 2476 4107 fructu,
2507 4042 2574 4093 ad
2620 4038 3005 4106 astringentem
3046 4045 3405 4101 asperamqne
3435 4043 3570 4096 qua-

323 4138 425 4207 ρὰν
451 4135 708 4205 ποιότητα
734 4132 1054 4205 μεταϐάλλει
1071 4149 1083 4163 ·
1116 4134 1172 4185 ἐν
1197 4132 1254 4184 δέ
1296 4136 1418 4196 ταῖς
1442 4133 1771 4206 τερεϐίνθοις
1807 4132 1891 4185 καὶ

2005 4136 2207 4189 litatem
2255 4132 2488 4186 transit:
2521 4130 2576 4182 in
2631 4127 2950 4181 terebintbis
2978 4138 3108 4177 vero
3144 4131 3199 4176 et
3232 4121 3482 4183 nucibus,
3516 4120 3569 4172 in

322 4232 442 4293 ταῖς
473 4229 700 4301 καρύαις
738 4230 876 4301 πρὸς
915 4226 1126 4299 ἁπαλὴν
1152 4227 1245 4279 καὶ
1306 4225 1534 4297 ἐλαιώδη
1569 4227 1729 4296 φύσιν
1768 4226 1903 4296 μεθ-

328 4323 561 4377 ίσταται.

395 4408 448 4463 9.
490 4413 600 4465 Καὶ
643 4411 697 4463 τί
732 4410 814 4463 δεῖ
860 4410 927 4463 τὰ
960 4412 1147 4481 πόρρω
1183 4412 1384 4480 λέγειν,
1414 4409 1545 4462 ὅπου
1586 4425 1649 4476 γε
1690 4410 1781 4461 ἐπὶ
1807 4410 1906 4480 τῆς

324 4500 495 4569 αὐτῆς
518 4504 687 4572 συκῆς
714 4503 848 4572 πρὸς
872 4500 971 4564 τὰς
1001 4504 1393 4566 ἐναντιωτάτας
1420 4499 1730 4572 μεταϐαίνει
1757 4502 1906 4553 ποιό-

2006 4239 2243 4282 teneram
2275 4234 2328 4277 et
2355 4224 2591 4277 oleosam
2623 4229 2873 4273 naturam
2915 4223 3325 4271 transmutatur.

2076 4411 2129 4465 9.
2170 4411 2234 4465 Et
2263 4407 2393 4477 quid
2425 4422 2561 4475 opus
2587 4415 2664 4458 est
2698 4400 2884 4473 procul
2914 4398 3099 4453 dissita
3149 4392 3418 4464 proferre,
3450 4406 3574 4447 cum

2008 4504 2059 4557 in
2121 4502 2308 4555 eadem
2370 4500 2473 4553 llcu
2535 4498 2588 4549 in
2642 4493 2930 4563 qualitates
2984 4488 3219 4541 maxime
3276 4485 3578 4539 contrarias

326 4610 528 4665 τητας;
563 4594 895 4664 Πικρότατον
927 4594 1025 4663 μὲν
1046 4594 1152 4663 γάρ
1175 4595 1322 4647 ἐστιν
1350 4596 1405 4646 ἐν
1430 4592 1505 4662 τῷ
1538 4591 1674 4661 ὀπῷ,
1704 4591 1891 4659 γλυκύ-

2009 4594 2364 4657 commigret?
2394 4591 2489 4644 Est
2535 4592 2675 4643 enim
2713 4586 2763 4637 in
2814 4597 2976 4636 succo
3018 4581 3355 4634 amarissima
3394 4594 3407 4630 :
3442 4591 3575 4630 con-

327 4703 485 4741 τατον
506 4684 560 4737 δέ
584 4687 639 4737 ἐν
666 4687 814 4756 αὐτῷ
838 4684 948 4756 (72)
974 4685 1051 4756 τῷ
1079 4684 1296 4754 καρπῷ.
1338 4684 1445 4737 Καὶ
1474 4684 1565 4736 ἐπὶ
1599 4682 1695 4752 τῆς
1720 4682 1901 4750 ἀμπέ-

328 4778 420 4831 λου
444 4774 880 4830 στυπτικώτατον
922 4778 1023 4847 μὲν
1048 4777 1140 4830 ἐπὶ
1178 4776 1286 4828 τῶν
1310 4776 1650 4847 ἀκρεμόνων,
1686 4772 1902 4843 ἥδιστον

330 4870 388 4921 δὲ
421 4872 475 4923 ἐν
504 4874 615 4934 τοῖς
645 4868 915 4941 βότρυσιν.
941 4872 1005 4923 Αἱ
1050 4872 1105 4924 δὲ
1141 4868 1283 4923 κατὰ
1322 4870 1421 4932 τὰς
1458 4870 1621 4938 χρόας
1654 4867 1906 4936 διαφοραὶ

334 4962 529 5014 πόσαιί
564 4962 721 5023 ’Ίδοις
748 4960 813 5013 ἂν
846 4963 903 5013 ἐν
942 4962 1165 5031 λειμῶνι
1202 4960 1260 5011 τὸ
1301 4961 1428 5012 αὐτὸ
1470 4960 1613 5030 ὕδωρ
1651 4956 1907 5029 ἐρυθραι-

332 5053 557 5122 νόμενον
586 5054 681 5121 μὲν
714 5054 769 5105 ἐν
809 5053 945 5120 τῷδε
985 5052 1061 5123 τῷ
1095 5050 1262 5113 ἄνθει,
1296 5051 1390 5101 καὶ
1420 5051 1476 5103 ἐν
1510 5050 1652 5117 ἄλλῳ
1699 5065 1907 5117 πορφυ-

338 5141 462 5211 ροῦν
495 5142 625 5211 (75),
660 5143 752 5195 καὶ
779 5142 976 5193 κυανδν
1005 5144 1061 5195 ἐν
1090 5141 1243 5212 τῷδε,
1276 5140 1370 5191 καὶ
1403 5142 1459 5191 ἐν
1487 5141 1656 5208 ἑτέρῳ
1682 5140 1869 5192 λευκόν
1890 5154 1906 5169 ⁶

337 5231 432 5284 καὶ
463 5232 681 5285 πλείονα
717 5232 875 5285 πάλιν
908 5236 1005 5301 τῆς
1038 5233 1094 5285 ἐν
1136 5236 1255 5294 ταῖς
1292 5230 1477 5300 χρόαις
1512 5230 1778 5293 ποικιλίας
1805 5231 1904 5303 τὴν

338 5322 478 5380 κατᾶ
512 5323 606 5385 τὰς
643 5323 811 5395 sapa;
856 5323 1115 5393 διαφορὰν
1154 5321 1540 5392 παρεχόμενον.
1600 5320 1758 5373 Ἀλλὰ
1797 5322 1907 5392 γὰρ

413 5504 524 5576 (70)
564 5501 696 5571 Reg.
729 5505 919 5557 tertius
952 5504 1017 5555 ἐκ
1054 5502 1155 5573 τῆς
1183 5501 1437 5572 τοιαύτης
1469 5500 1671 5565 αἰτίας.
1703 5498 1905 5555 Ibidem

341 5573 471 5641 Reg.
503 5573 720 5643 quintus
751 5576 1131 5644 προσέρχεται.

415 5641 531 5714 (Ἠ)
566 5645 714 5699 Culb.
761 5641 1025 5696 seizunilus
1059 5643 1090 5712 ἢ
1125 5641 1517 5713 ἀσκομμωνία·
1567 5657 1725 5707 quam
1769 5656 1907 5714 quo-

342 5712 448 5784 que
482 5712 1012 5784 léctiorrent_exliibet
1041 5712 1420 5781 ιιυὶιιοηιιὶεε.
1453 5721 1665 5784 scalas,
1687 5712 1778 5765 sed
1818 5725 1906 5784 se-

342 5781 532 5839 cundis
558 5786 721 5843 curis.
755 5782 914 5847 Editi,
948 5785 1107 5837 Coisl.
1138 5792 1383 5851 ulerque,
1425 5791 1479 5836 et
1516 5781 1670 5849 Regii
1715 5782 1903 5835 tertius

344 5865 399 5907 et
453 5855 670 5923 quintus
726 5854 1075 5924 σκαμμωνία.
1119 5854 1463 5924 scammonia
1533 5862 1755 5924 autem,
1808 5865 1901 5902 seu

352 5922 710 5991 scainniouea,
747 5928 910 5979 herba
947 5922 1043 5979 est
1070 5922 1346 5991 regionum
1384 5922 1898 5986 transmarinarum,

2010 4703 2113 4748 tra,
2139 4686 2443 4738 dulcissima
2472 4692 2556 4736 est
2587 4680 2637 4731 in
2673 4678 2789 4745 ipso
2823 4674 3023 4729 fructu.
3052 4672 3119 4726 Et
3144 4673 3196 4725 in
3227 4672 3358 4733 vite,
3386 4670 3582 4723 astrin-

2009 4781 2318 4852 genttssima
2368 4785 2450 4831 est
2498 4775 2549 4826 in
2593 4771 2789 4834 ramis,
2834 4769 2888 4821 in
2925 4768 3043 4820 uvis
3074 4779 3202 4818 vero
3234 4760 3578 4816 suavissima.

2011 4850 2150 4939 Quot
2178 4880 2355 4923 autem
2385 4862 2701 4919 diﬂ‘erentize
2733 4868 2857 4914 sunt
2888 4856 3166 4911 colorum!
3204 4854 3399 4907 Videas
3433 4850 3579 4903 enim

2012 4967 2064 5020 in
2098 4973 2250 5035 prato
2289 4957 2535 5013 eamdem
2564 4967 2756 5023 aquam
2786 4951 2836 5003 in
2867 4950 2968 5003 hoc
3011 4946 3225 5015 quidem
3261 4942 3390 5035 ﬂore
3421 4941 3584 5035 rube-

2012 5027 2273 5109 sce'ntem,
2320 5045 2372 5097 in
2420 5044 2525 5096 alio
2567 5052 2918 5111 purpuream,
2950 5037 3003 5088 in
3049 5036 3147 5085 hoc
3178 5027 3583 5091 εει-11163111,ἰο

2014 5141 2118 5193 alio
2166 5138 2341 5191 albam
2384 5149 2400 5189 :
2438 5145 2598 5201 atque
2647 5132 2843 5183 iterum
2901 5124 3262 5179 dill'crcnt'tam
3320 5118 3579 5189 majorem

2012 5231 2230 5284 exhibet
2265 5229 2317 5282 in
2371 5226 2661 5285 odoribus,
2709 5236 2870 5289 quam
2915 5220 3029 5289 ipsa
3075 5226 3155 5272 est
3200 5213 3437 5268 colorum
3485 5225 3581 5262 va-

2018 5322 2198 5377 rietas.
2232 5317 2336 5373 Sed
2366 5319 2509 5371 enim
2554 5313 2856 5368 orationem
2904 5326 3077 5366 uicani
3113 5321 3278 5361 cerno
3320 5307 3389 5359 ob
3432 5302 3585 5357 inea—

2004 5515 2125 5566 qnae
2167 5495 2467 5568 praesertim
2505 5492 2557 5545 in
2587 5491 2713 5568 Asia
2750 5498 2805 5545 et
2836 5488 2889 5568 i_n
2922 5500 3056 5568 agro
3092 5478 3439 5568 .Colopb‘ouio
3466 5492 3589 5568 ere:

2003 5548 2568 5633 scit—,snccus
2626 5562 2768 5615 valet
2802 5560 2867 5611 ad
2914 5548 3228 5633 incdtcinas.
3281 5551 3445 5602 Plura
3493 5548 3589 5616 qui

2002 5628 2203 5706 eripiet,
2236 5628 2501 5706 Ruelliuin
2542 5632 2723 5706 [egere
2762 5628 2975 5706 poterit.

2228 5687 2703 5778 Iit—aediljouBfl’sil.
2735 5687 3342 5778 climcod'icepombel.
3372 5696 3429 5743 et
3460 5702 3585 5741 cum

2003 5764 2121 5833 aliis
2156 5764 2246 5831 sex
2282 5790 2410 5830 mss.
2443 5774 2619 5827 Editio
2654 5770 2828 5824 Paris.
2858 5770 2915 5820 ἐν
2943 5764 3109 5818 αὑτοῦ
3142 5764 3236 5835 τῷ.
3499 5826 3525 5838 _

2074 5848 2185 5921 (73)
2225 5845 2406 5921 Codex
2438 5842 2680 5921 Combel'.
2710 5856 2831 5894 cum
2863 5837 2997 5921 Reg.
3018 5847 3219 5893 octavo
3244 5837 3582 5907 πορφυροῦν.

2003 5917 2141 5973 Εὼιὶ
2167 5914 2296 5973 cum
2331 5916 2463 5985 Reg.
2490 5914 2677 5983 quinto
2714 5914 3005 5978 πορφυρόν.
