4062 6434
522 351 631 409 υἷῖ

1870 365 1927 424 5.
1971 367 2217 423 BASlLll
2256 369 2472 424 MAGNI

3689 383 3786 440 116

520 469 722 540 plebile
772 470 871 524 ista
912 471 1228 542 speculandi
1267 474 1594 535 desiderium
1618 524 1648 550 ,,
1685 484 1822 542 ultra
1881 495 2096 551 modum

2213 500 2313 571 5ρῶ
2343 518 2433 570 μοι
2464 502 2554 553 τὸν
2587 500 2700 572 (74)
2727 498 2886 570 λόγον
2914 506 2978 574 τῇ
3013 505 3284 579 ἀπληστίᾳ
3316 510 3413 579 τῆς
3446 509 3674 578 θεωρίας
3707 515 3787 578 είς

523 576 886 616 excrescere:
923 578 1082 632 quam
1132 564 1234 618 nisi
1286 567 1612 637 astrinxero,
1665 590 2098 655 revocaveroque

522 653 589 707 ad
639 655 934 710 creationis
996 655 1207 726 legem,
1259 658 1379 714 dies
1439 677 1526 716 me
1573 666 1789 726 deﬁciet
1852 653 2100 744 magnam

522 748 679 801 vobis
717 748 1038 817 sapientiam
1086 767 1153 805 ex
1206 753 1446 808 minimis
1501 759 1674 815 rebus.
1732 766 2099 828 exhibentem.

525 836 799 894 Carmina.
829 849 971 894 terra
1005 843 1205 911 lignum
1238 844 1594 914 fructiferum,
1635 852 1835 921 faciens
1868 859 2102 928 fructum

525 947 684 998 super
733 942 946 989 terram.
1002 934 1065 988 Et
1120 937 1301 992 subito
1349 942 1610 997 montium
1677 953 1956 1005 cacumina
2008 970 2102 1009 c0-

529 1023 731 1078 inantia
781 1026 1206 1094 comparebant,
1251 1037 1305 1083 et
1354 1031 1578 1087 solerter
1632 1040 2106 1100 concinnabantur

527 1115 704 1179 horti.
758 1127 813 1172 et
864 1118 1152 1174 ﬂuviorum
1207 1122 1332 1191 ripa:
1386 1124 1625 1183 inﬁnitis
1692 1131 2106 1188 adornabantur

525 1209 832 1280 plantarum
868 1211 1178 1279 generibus.
1199 1215 1375 1284 Atque
1427 1219 1508 1273 hae
1549 1222 1766 1288 quidem
1826 1226 1894 1279 ad
1947 1241 2107 1281 exor-

529 1302 762 1355 nandam
793 1302 1072 1356 hominum
1107 1321 1347 1359 mensam
1380 1310 1813 1368 ordinabuntur:
1846 1316 1947 1369 illa;
1977 1333 2104 1372 vero

525 1409 594 1446 ex
647 1392 928 1449 frondibus
990 1395 1368 1464 fructibusque
1433 1400 1750 1467 alimentum
1820 1409 2105 1474 pecoribus

526 1486 883 1554 praestabant.
919 1486 1055 1539 Alia:
1097 1488 1385 1542 conferunt
1425 1490 1582 1546 nobis
1614 1495 1898 1551 medicina:
1932 1500 2110 1552 subsi-

527 1575 641 1640 dia,
671 1590 885 1638 succos,
923 1576 1183 1644 liquores,
1223 1577 1490 1646 festucas,
1530 1585 1789 1653 cortices,
1821 1586 2057 1643 fructum
2089 1609 2103 1645 :

526 1677 583 1721 et
613 1682 721 1721 uno
751 1669 939 1732 verbo,
964 1685 1298 1740 qumcunque
1335 1675 1492 1729 nobis
1524 1676 1732 1732 invenit
1767 1681 1973 1734 diutina
2012 1696 2108 1736 ex-

529 1760 833 1828 perientia,
881 1762 1008 1815 dum
1054 1761 1166 1834 5.9
1209 1781 1273 1819 ex
1328 1767 1555 1835 singulis
1601 1771 1817 1826 casibus
1860 1773 1911 1826 id
1961 1773 2106 1842 quod

2201 593 2474 662 ἀμετρίαν
2507 593 2858 655 ἐκπίπτοντα,
2883 593 2940 646 δν
2969 594 3063 647 ἐὰν
3091 597 3165 667 μὴ
3186 597 3353 668 δήσας
3374 601 3509 671 πρὸς
3541 602 3789 673 ἀνάγκην

2203 684 2478 753 ἀπαγάγω
2508 685 2608 755 τῆς
2635 686 2886 753 κτίσεως,
2915 688 3181 758 ἐπιλείψει
3207 708 3273 760 με
3301 695 3333 762 η
3359 694 3542 764 ήμέρα
3562 693 3660 765 τὴν
3694 712 3792 764 μει-

2202 777 2375 847 γάλην
2400 778 2591 847 σοφίαν
2617 778 2728 848 (75)
2753 781 2816 832 ἐκ
2839 780 2948 833 τῶν
2973 781 3312 852 μικροτάτων
3339 785 3463 851 ὑμῖν
3486 785 3795 855 παριστῶν·

2204 885 2292 922 τα.
2329 869 2741 937 Βλαστησάτω
2786 871 2936 940 ὴγῆ
2987 872 3178 936 ξύλον
3221 872 3539 942 κάρπιμον,
3573 876 3795 929 ποιοῦν

2206 961 2437 1030 καρπὸν
2468 962 2574 1015 ἐπὶ
2613 961 2724 1031 τῆς
2754 962 2886 1032 γῆς.
2920 965 3031 1020 Καὶ
3083 964 3245 1028 εὐθὺς
3296 967 3350 1018 αἱ
3399 969 3634 1036 κορυφαὶ
3676 967 3791 1020 τῶν

2207 1056 2375 1128 ὀρέων
2409 1057 2622 1127 ἐκόμων
2644 1074 2664 1087 ·-
2694 1057 2793 1110 καὶ¹
2838 1056 3273 1130 ἐφιλοτεχνοῦντο
3318 1060 3660 1130 παράδεισοι,
3696 1063 3794 1114 καὶ

2209 1151 2468 1218 ποταμῶν
2521 1150 2678 1219 ὄχθαι
2737 1150 2950 1220 μυρίοις
3002 1150 3182 1217 γένεσι
3235 1152 3416 1221 φυτῶν
3473 1149 3788 1221 ὡραῖξοντο.

2209 1238 2320 1290 Καὶ
2351 1239 2420 1290 τά
2455 1239 2549 1307 μὲν
2579 1239 2677 1310 τὴν
2713 1239 3056 1310 ἀνθρωπίνην
3088 1239 3418 1309 ηὐτρέπιστο
3437 1241 3798 1311 κατακοσμῆο

2213 1348 2300 1387 σαι
2322 1331 2627 1402 τράπεζαψ
2651 1332 2718 1388 τά
2737 1333 2792 1386 δὲ,
2815 1333 3123 1403 βοσκήμασι
3153 1333 3356 1404 τροφὴν
3381 1332 3795 1403 παρεσκεύαζεν

2210 1439 2273 1476 εκ
2305 1424 2413 1477 τῶν
2449 1423 2682 1492 φύλλων,
2733 1425 2796 1475 ἐκ
2826 1425 2934 1477 τῶν
2968 1425 3215 1495 καρπῶν.
3257 1425 3426 1478 Ἀλλα
3463 1425 3563 1489 τὰς
3597 1427 3662 1478 ἐκ
3690 1426 3797 1496 τῆς

2214 1517 2459 1586 ἰατρικῆς
2483 1514 2746 1584 ὡφελείας
2773 1516 2902 1586 ἡμῖν
2927 1514 3204 1584 προεξένει
3223 1532 3235 1546 ⁸
3265 1518 3390 1580 τοὺς
3416 1518 3632 1588 χυλοὺς,
3668 1519 3798 1581 τοὺς

2211 1609 2396 1673 ὀποὺς,
2453 1607 2523 1661 τὰ
2565 1608 2772 1677 κάρφη,
2825 1606 2951 1668 τοὺς
2996 1607 3231 1674 φλοιοὺς,
3287 1609 3381 1662 τὸν
3415 1610 3662 1680 καρπόν
3697 1611 3799 1662 καὶ

2212 1699 2546 1764 ἁπαξαπλῶς
2577 1701 2674 1752 ὅσα
2706 1700 2894 1769 ήμῖνή
2927 1698 3115 1769 χρονία
3148 1703 3310 1768 πεῖρα
3337 1699 3575 1772 ἐξεῦρεν,
3595 1704 3660 1758 ἐκ
3685 1701 3798 1754 τῶν

2211 1793 2351 1846 κατὰ
2387 1794 2552 1864 μέρος
2583 1789 2974 1864 περιπτώσεων
3006 1789 3373 1861 συλλεγομένη
3412 1793 3472 1843 τὸ
3499 1795 3796 1863 χρήσιμον,

528 1851 662 1904 utile
689 1861 770 1904 est
813 1851 1047 1920 colligit;
1088 1856 1200 1908 hanc
1240 1856 1420 1908 omnia
1469 1859 1756 1926 perspicax
1793 1861 2108 1920 Conditoris

2213 1851 2441 1955 moral-l1
2463 1851 2616 1949 οξεῖα
2644 1851 2737 1937 τοῦ
2770 1884 3056 1947 κτίσαντος
3086 1851 3194 1953 (76)
3237 1851 3797 1954 .πρόνοια,”ἐξ’ἀρχής

529 1941 900 2009 providentia,
948 1942 1016 1996 ab
1069 1942 1221 1998 initio
1258 1959 1345 1999 res
1407 1950 1776 2016 prospiciens,
1823 1953 1993 2005 edidit
2040 1967 2102 2006 ac

530 2032 804 2100 produxit.
831 2032 909 2087 Tu
940 2049 1075 2086 vero.
1096 2048 1218 2088 cum
1249 2036 1452 2091 videris
1480 2039 1779 2107 hortensia,
1812 2043 2108 2109 silvestria,

529 2126 802 2193 aquatica,
840 2127 1145 2192 terrestria,
1188 2126 1429 2184 ﬂorifera
1466 2141 1560 2184 aut
1600 2148 1705 2185 non
1743 2132 2016 2199 ﬂorentia,
2056 2135 2107 2188 in

529 2231 700 2288 parvo
736 2233 986 2286 magnum
1027 2234 1353 2289 agnoscens,
1394 2238 1611 2294 semper
1646 2235 1791 2280 tuam
1844 2228 2014 2296 magis
2045 2243 2110 2282 ac

528 2311 700 2380 magis
757 2312 1005 2368 intendas
1054 2314 1512 2384 admirationem,
1564 2333 1628 2372 ac
1684 2320 1843 2372 velim
1912 2337 2109 2391 augeas

529 2416 772 2456 amorem
824 2405 874 2456 in
924 2403 1236 2459 Creatorem
1291 2416 1462 2460 tuum.
1530 2407 1807 2475 Expende,
1841 2411 2110 2478 quomodo

529 2495 662 2548 alias
711 2495 933 2548 arbores
967 2507 1227 2563 perpetuo
1272 2497 1531 2562 virentes,
1579 2501 1714 2552 alias
1750 2516 1882 2552 vero
1936 2501 2105 2553 nuda-

533 2586 663 2639 tioni
709 2586 974 2640 obnoxias
1027 2587 1337 2642 condiderit
1380 2606 1394 2641 :
1433 2599 1488 2642 et
1521 2590 1791 2657 quomodo
1835 2590 1974 2643 inter
2017 2606 2111 2645 eas

530 2691 653 2746 qua:
684 2690 901 2744 semper
937 2678 1232 2742 virescunt,
1276 2677 1395 2731 alite
1435 2680 1684 2733 amittant
1720 2680 1958 2745 frondes,
1995 2682 2112 2735 alia:

531 2783 749 2838 semper
806 2769 952 2838 ipszis
1011 2781 1248 2824 servent.
1307 2770 1601 2825 Enimvero
1673 2771 1790 2824 olea
1843 2781 1899 2825 et
1955 2772 2111 2840 pinus

532 2868 808 2916 exuuntur
842 2859 1017 2925 foliis;
1055 2862 1270 2915 tametsi
1303 2862 1506 2915 sensim
1547 2862 1864 2930 occulteque
1893 2862 2112 2917 frondes
2139 2882 2182 2939 ρ
2216 2859 2393 2968 ἐκζτῆς
2414 2895 2602 2968 πρώτη

532 2953 823 3015 alternam,
852 2952 986 3006 adeo
1020 2960 1078 3005 ut
1107 2967 1383 3020 nunquam
1415 2968 1568 3006 coma
1600 2953 1863 3007 denudari
1900 2953 2113 3007 videan-

538 3053 647 3100 tur.
685 3043 872 3097 Palma
917 3053 1096 3096 autcm
1149 3053 1406 3111 perpetuo
1459 3045 1586 3096 folia
1654 3045 1872 3105 retinet,
1920 3053 2106 3108 utpote

535 3148 657 3201 quin
705 3146 827 3186 cum
889 3131 1092 3185 eisdem
1142 3132 1286 3186 foliis
1324 3148 1354 3186 a
1390 3134 1562 3201 prima
1603 3135 1993 3201 germinatione
2035 3134 2102 3187 ad

537 3228 697 3279 tinem
733 3241 901 3295 usque
953 3234 1288 3297 permaneat.
1339 3223 1541 3279 Deinde
1587 3237 1642 3279 et
1693 3226 1820 3280 illud
1868 3227 2114 3280 animad-

536 3328 705 3382 verte,
743 3320 1010 3386 quomodo
1059 3317 1262 3388 myrica
1310 3327 1392 3371 est
1440 3316 1604 3370 veluti
1657 3323 1901 3385 anceps:
1945 3331 2116 3369 annu-

534 3420 776 3465 meratur
810 3412 1060 3465 nimirum
1103 3420 1157 3465 et
1198 3412 1339 3464 inter
1380 3410 1652 3479 aquatica,
1681 3419 1737 3463 et
1775 3411 1827 3462 in
1865 3408 2113 3464 solitudi-

2214 1976 2652 2046 προϐλεψαμένη,
2687 1979 2765 2042 είς
2813 1978 3024 2047 γένεσιν
3057 1979 3249 2049 ἤγαγε.
3287 1978 3358 2030 Σὺ
3398 1969 3464 2029 δὲ’
3505 1977 3635 2029 ὅταν
3677 1979 3799 2050 ἴδῃς

2211 2067 2279 2118 τά
2310 2069 2514 2137 ἥμερα,
2569 2067 2637 2119 τὰ
2669 2069 2854 2138 ἄγρια,
2895 2068 2962 2121 τὰ
3016 2068 3267 2142 φίλυδρα,
3313 2065 3384 2120 τὰ
3433 2070 3684 2138 χερσαῖα,
3728 2067 3799 2120 τά

2213 2157 2645 2230 ἀνθοφοροῦντα,
2683 2159 2715 2229 ἢ
2749 2159 2817 2211 τὰ
2868 2160 3069 2229 ἀνανθῆ
3094 2200 3107 2222 ,
3149 2161 3205 2213 ἐν
3263 2157 3444 2231 μικρῷ
3485 2157 3576 2212 τὸν
3624 2158 3801 2229 μέγαν

2213 2249 2612 2319 ἐπιγινώσκων,
2663 2249 2898 2320 πρόσθες
2935 2251 3021 2304 ἀεὶ
3049 2251 3126 2322 τῷ
3154 2251 3415 2322 θαύματι,
3441 2253 3534 2305 καὶ
3560 2250 3802 2322 αὕξησόν

2215 2363 2302 2415 μοι
2334 2345 2434 2416 τὴν
2474 2343 2692 2414 ἀγάπην
2720 2342 2811 2395 τοῦ
2840 2343 3140 2406 κτίσαντος.
3162 2344 3430 2421 Ἐξέταζε,
3459 2344 3574 2407 πῶς
3598 2344 3668 2397 τὰ
3699 2345 3801 2416 μὲν

2211 2435 2435 2504 ἀειθαλῆ
2468 2435 2711 2503 ἐποίησε,
2740 2433 2807 2486 τὰ
2837 2433 2893 2486 δέ
2921 2433 3270 2504 γυμνούμενα
3295 2451 3308 2464 °
3345 2436 3436 2488 καὶ
3471 2435 3579 2487 τῶν
3610 2435 3800 2488 ἀειθα-

2211 2525 2318 2579 λῶν
2343 2525 2411 2576 τὰ
2447 2525 2544 2595 μὲν
2574 2524 2889 2592 φυλλοὸόλα,
2929 2525 2998 2579 τὰ
3047 2525 3103 2578 δέ
3146 2525 3430 2594 ἀείφυλλα.
3477 2525 3800 2578 Φυλλοϐολεί

2212 2621 2322 2692 γάρ
2359 2622 2452 2673 καὶ
2482 2619 2637 2672 ἐλαία
2669 2620 2772 2674 καὶΔ
2792 2620 2971 2683 πίτυς,
3003 2622 3048 2671 εί
3077 2619 3168 2671 καὶ
3199 2619 3499 2686 λεληθότως
3523 2618 3801 2671 ὑπαλλάσ-

2216 2729 2296 2765 σει
2329 2711 2397 2765 τὰ
2437 2710 2627 2780 φύλλα,
2662 2708 2800 2762 ὥστε
2835 2710 3101 2779 μηδέποτε
3131 2709 3305 2762 δοκεῖν
3330 2710 3426 2778 τῆς
3460 2708 3635 2779 κόμης
3659 2710 3800 2766 ἀπον-

2212 2803 2567 2877 γυμνοῦσθαι.
2620 2799 2928 2871 Ἀείφυλλον
2954 2800 3011 2853 δὲ
3040 2802 3067 2852 ὁ
3103 2800 3295 2868 φοίνιξ,
3324 2799 3401 2870 τῷ
3435 2800 3583 2870 αὐτῷ
3617 2801 3802 2873 φύλλῳ

2611 2913 2636 2959 ς
2671 2893 3016 2965 βλαστήσεως
3046 2893 3126 2955 είς
3146 2892 3299 2955 τέλος
3326 2892 3795 2964 συμπαραμένων,

2217 2993 2450 3045 Ἔπειτα
2489 2989 2599 3061 (77)
2636 2989 2855 3041 κάκεῖνο
2892 2985 3102 3049 σκόπει,
3147 2985 3264 3051 πῶς
3301 2989 3333 3057 ή
3374 2987 3576 3058 μυρίκη
3605 2985 3800 3058 ὥσπερ

2215 3083 2469 3152 ἀμφίϐιόν
2505 3085 2640 3144 ἐστι,
2679 3083 2774 3138 καὶ
2807 3083 2918 3143 τοῖς
2959 3079 3233 3150 φιλύδροις
3266 3078 3798 3150 συναριθμούμενον,

2218 3175 2311 3226 καὶ
2351 3173 2492 3225 κατὰ
2530 3173 2629 3234 τὰς
2662 3173 2902 3242 ἐρήμους
2940 3171 3369 3241 πληθυνόμενον.
3393 3173 3483 3224 Διὸ
3516 3172 3608 3224 καὶ
3637 3174 3665 3224 ὁ
3704 3172 3803 3224 Ἰε-

2223 3264 2416 3340 ρεμίας
2465 3261 2687 3323 δικαίως
2731 3262 2800 3314 τὰ
2837 3262 3178 3332 πονηρότερα
3207 3262 3317 3330 (78)
3351 3263 3442 3317 καὶ
3484 3265 3802 3334 ἐπαμφοτε-

2227 3358 2443 3430 ρίζοντα
2473 3354 2579 3407 τῶν
2606 3352 2754 3423 ⁴Ιγθῶν
2782 3351 2860 3424 τῷ
2890 3352 3115 3423 τοιούτῳ
3147 3353 3296 3424 φυτῷ
3329 3355 3671 3424 παρεικάζει.

531 3502 694 3558 nibus
727 3504 981 3556 abundat.
1008 3504 1348 3574 Quapropter
1377 3505 1541 3558 etiam
1574 3503 1836 3559 Jeretnias
1878 3504 2089 3574 pejores
2117 3511 2172 3556 et
2209 3496 2490 3564 ambiguos
2520 3507 2698 3546 mores
2729 3491 2855 3545 huic
2886 3491 3079 3560 plantae
3101 3489 3291 3543 merito
3320 3497 3597 3558 comparat
3621 3489 3686 3541 ⁷⁸.

605 3594 694 3651 10.
738 3592 998 3649 Germinet
1055 3608 1215 3650 terra.
1269 3596 1384 3652 Hoc
1455 3599 1716 3666 perbreve
1779 3607 2106 3668 prwceptum

535 3689 724 3744 statim
765 3705 956 3757 magna
990 3700 1177 3743 natura
1211 3701 1266 3744 et
1297 3690 1622 3745 artiﬁciosus
1656 3706 1835 3745 sermo
1861 3701 1997 3755 erat,
2030 3692 2112 3744 in-

538 3795 793 3834 numeras
841 3782 1088 3848 stirpium
1139 3783 1496 3850 proprietates
1551 3785 1879 3854 cogitatione
1931 3794 2113 3836 nostra

536 3875 697 3928 citius
725 3871 1029 3942 proferens.
1056 3873 1390 3942 Praeceptum
1423 3875 1575 3941 illud,
1607 3877 1749 3945 quod
1780 3878 1939 3930 etiam
1973 3890 2116 3930 nunc

537 3976 696 4019 terra:
744 3965 919 4030 inest,
969 3979 1087 4019 eam
1137 3965 1432 4031 quotannis
1475 3974 1651 4032 urget,
1696 3974 1755 4017 ut
1794 3965 2108 4018 facultatem

537 4072 690 4112 suam
725 4070 962 4117 omnem.
992 4072 1098 4126 qua
1129 4057 1194 4110 ad
1239 4056 1459 4120 herbas,
1504 4056 1737 4120 semina,
1777 4054 2110 4122 arboresque

536 4147 872 4216 generaudas
924 4147 1146 4212 praedita
1194 4154 1310 4207 est,
1358 4155 1600 4201 exserat.
1647 4145 2106 4212 Quemadmodum

2280 3591 2365 3642 10.
2411 3586 2823 3654 Βλαστησάτω
2859 3588 2896 3655 ἠ
2939 3585 3040 3655 γῆ.
3083 3585 3155 3639 Τὸ
3206 3585 3402 3656 μικρὸν
3445 3584 3601 3638 τοῦτο
3633 3585 3804 3656 πρόσ⁵

2205 3699 2393 3752 ταγμα
2440 3679 2599 3744 εὐθὺς
2644 3679 2805 3748 φύσις
2850 3679 3060 3748 μεγάλη
3110 3678 3203 3731 καὶ
3236 3677 3391 3746 λόγος
3433 3677 3678 3746 ἔντεχνος
3704 3673 3799 3748 ἦν,

2210 3776 2401 3828 θᾶττον
2453 3772 2546 3826 τοῦ
2612 3771 2881 3842 ἡμετέρου
2936 3773 3208 3843 νοήματος
3263 3771 3364 3833 τὰς
3417 3770 3620 3840 μυρίας
3685 3769 3800 3822 τῶν

2213 3867 2495 3938 φυομένων
2552 3865 2820 3933 ἰδιότητας
2867 3864 3124 3919 ἐκτελῶν.
3187 3865 3394 3916 Ἐκεῖνο
3446 3861 3525 3914 ἔτι
3577 3861 3672 3914 καὶ
3703 3863 3800 3916 νῦν

2215 3960 2517 4029 ἐνυπάρχον
2549 3957 2659 4025 \79)
2687 3956 2752 4024 τῇ
2783 3955 2852 4023 γῇ
2886 3954 2945 4005 τὸ
2984 3955 3336 4025 πρόσταγμα,
3383 3955 3594 4023 ἐπείγει
3625 3955 3800 4026 αὐτὴν

2212 4052 2335 4106 καθ’
2384 4051 2620 4116 ἑκάστην
2677 4046 2829 4108 ἔτους
2866 4047 3110 4116 περίοδον
3162 4047 3377 4116 ἐξάγειν
3425 4047 3524 4117 τὴν
3569 4047 3800 4117 δύναμιν

2213 4141 2410 4209 ἐαυτῆς
2441 4139 2569 4207 ὅσην
2601 4136 2712 4206 ἔχει
2760 4135 2895 4208 πρὸς
2942 4153 3000 4187 τε
3047 4135 3282 4205 βοτανῶν
3332 4137 3426 4188 καὶ
3466 4138 3802 4205 σπερμάτων

537 4239 684 4295 enitn
721 4239 964 4292 turbines
994 4251 1057 4291 ex
1096 4236 1270 4305 primo
1297 4237 1404 4288 ictu
1451 4237 1582 4306 ipsis
1614 4238 1856 4300 incusso,
1897 4250 1988 4289 eos
2020 4235 2108 4304 qui

2216 4233 2310 4288 καὶ
2357 4229 2586 4300 δένδρων
2621 4229 2853 4296 γένεσιν.
2899 4229 2985 4290 Ὠς
3035 4226 3144 4298 γὰρ
3184 4229 3233 4279 οἱ
3284 4226 3554 4298 στρόϐιλοι
3590 4230 3654 4280 ἐκ
3697 4229 3802 4298 τῆς

538 4331 793 4397 deinceps
829 4338 1130 4399 sequuntur
1164 4343 1326 4400 gyros
1382 4328 1705 4394 coniiciunt,
1753 4344 1875 4384 cum
1925 4328 1978 4382 in
2030 4342 2114 4380 se-

539 4421 696 4492 ipsis,
742 4421 846 4473 tixo
882 4431 1088 4484 centro,
1133 4419 1593 4476 circumferuntur
1636 4421 1764 4475 :sic
1800 4431 1856 4476 et
1906 4430 2112 4474 natura:

537 4513 672 4568 ordo
719 4512 790 4566 ab
833 4512 935 4565 hoc
985 4513 1159 4578 primo
1213 4523 1482 4581 praecepto
1534 4527 1781 4576 exorsus,
1834 4512 1900 4565 ad
1950 4525 2112 4565 omne

539 4605 791 4673 deinceps
829 4614 1039 4670 tempus
1071 4606 1288 4668 transit,
1316 4604 1485 4658 donec
1515 4604 1581 4658 ad
1619 4618 1959 4658 communem
1995 4603 2114 4654 uni-

542 4697 681 4749 versi
715 4693 1236 4750 consummationem
1270 4696 1599 4759 pervenerit.
1629 4694 1709 4748 Ad
1744 4709 1906 4762 quam
1934 4704 1988 4748 et
2019 4707 2116 4747 nos

539 4802 731 4842 omnes
763 4787 947 4841 referti
985 4785 1273 4852 fructibus,
1303 4801 1364 4840 ac
1397 4786 1660 4841 bonorum
1694 4800 1916 4854 operum
1967 4784 2108 4854 pleni

539 4877 877 4942 festinemus,
920 4888 978 4931 ut
1016 4878 1237 4946 plantati
1285 4879 1337 4932 in
1380 4878 1538 4931 domo
1581 4877 1814 4940 Domini,
1862 4877 1913 4929 in
1963 4876 2117 4928 atriis

539 4970 636 5026 Dei
682 4968 853 5023 nostri
875 4969 919 4999 ⁷⁷
945 4967 1367 5033 eiﬂorescamus,
1408 4969 1460 5022 iu
1490 4967 1704 5024 Christo
1743 4968 1866 5024 Jesu
1894 4967 2119 5022 Domino

606 5101 654 5134 "
693 5099 802 5159 Jer.
830 5118 960 5170 xvtt,
985 5103 1036 5156 6.
1111 5103 1156 5135 ⁷⁷
1197 5101 1340 5157 Psal.
1367 5118 1473 5170 xei,
1509 5099 1593 5154 M.

608 5237 724 5361 (7όέ
769 5237 904 5320 εἴτε.
942 5239 1147 5308 primus
1171 5236 1282 5311 ὁρῶ
1322 5253 1423 5306 μου
1458 5239 1569 5292 τόν.
1602 5234 1742 5290 Editi
1770 5252 1890 5289 cum
1924 5235 2107 5288 multis

608 5324 668 5361 5s.
731 5327 807 5361 οω
845 5326 934 5361 μοι
965 5310 1074 5361 τόν.

539 5308 807 5382 ωεὲ-όρῶ
844 5326 934 5382 μοι
965 5310 1074 5362 τόν.
1131 5380 1138 5382 _
1204 5308 1214 5311 ’
1420 5377 1454 5382 _
1889 5374 1901 5382 .
2077 5372 2102 5382 _

612 5374 912 5500 $75)'Coib.
943 5380 1210 5460 secundus
1254 5396 1375 5463 cum
1420 5377 1548 5448 Reg.
1579 5385 1733 5432 sexto
1780 5374 1968 5455 σοφίαν
2011 5374 2104 5454 τοῦ

635 5465 842 5500 σαντος.
887 5450 991 5500 Sed
1028 5449 1176 5500 illud.
1207 5467 1301 5500 του
1346 5448 1652 5500 κτίσαντος.
1686 5447 2022 5500 deSIderatur
2053 5459 2104 5497 ιιι

537 5445 842 5514 κτίσαντος.
887 5450 991 5505 Sed
1028 5449 1176 5516 illud,
1207 5451 1301 5504 τοῦ
1346 5445 1652 5512 κτίσαντος,
1686 5447 2022 5502 desideratur
2053 5445 2106 5497 in

536 5520 701 5576 editis
727 5529 779 5572 et
809 5521 861 5572 in
901 5521 1019 5573 aliis
1053 5535 1184 5576 mss.

611 5589 723 5660 (76)
765 5589 898 5659 Reg.
926 5591 1146 5658 quintus
1176 5589 1270 5642 τοῦ
1304 5591 1599 5651 κτίσοντος.

611 5656 723 5730 (77)
767 5656 894 5730 Reg.
923 5656 1105 5714 sextus
1130 5663 1158 5714 ό
1198 5662 1373 5728 φοίνιξ
1402 5661 1460 5712 τὸ
1506 5660 1634 5711 αὐτὸ
1678 5657 1874 5730 φύλλον
1920 5659 1982 5730 ἐκ
2012 5656 2111 5725 τῆς

538 5728 764 5855 «Etch
800 5728 1143 5854 βλαστήῦσεως
1182 5734 1261 5795 είς
1303 5732 1455 5792 τέλος
1491 5728 1910 5803 συμπαραμὲνον
1952 5728 2108 5796 ἔχων.

549 5799 574 5820 "
626 5817 802 5855 πειτε.
832 5812 932 5855 etc.
1030 5802 1168 5855 alma
1203 5819 1318 5855 (tua:
1363 5800 1569 5855 easdem
1618 5801 1827 5855 frondes
1870 5816 1900 5850 a
1944 5812 2108 5855 prima

549 5799 932 5865 ¹Ἐπειτ;,ειτ.
979 5799 1168 5856 Palma
1203 5819 1318 5870 qua:
1363 5800 1569 5856 easdem
1615 5799 1827 5870 frondes
1870 5816 1900 5850 a
1943 5812 2112 5866 prima

2218 4323 2441 4396 πρώτης
2473 4322 2655 4383 αὐτοῖς
2683 4321 2989 4393 ἐνδοθείσης
3015 4320 3230 4391 πληγῆς
3251 4319 3348 4383 τὰς
3371 4320 3567 4389 ἐφεξῆς
3592 4318 3804 4372 ποιοῦν-

2216 4432 2306 4467 ται
2341 4409 2733 4484 περιστροφὰς,
2764 4412 2892 4463 ὅταν
2933 4409 3204 4480 πήξαντες
3233 4409 3293 4461 τὸ
3321 4408 3541 4480 κέντρον
3571 4411 3628 4462 ἐν
3667 4410 3799 4462 ἐαυ-

2215 4509 2325 4568 τοῖς
2368 4503 2798 4574 περιφέρωνται·
2838 4501 2980 4555 οὕτω
3009 4503 3102 4555 καὶ
3144 4504 3176 4572 ή
3208 4502 3306 4571 τῆς
3333 4501 3543 4568 φύσεως
3571 4501 3802 4554 ἀκολου-

2219 4599 2327 4660 θία,
2364 4599 2427 4650 ἐκ
2455 4595 2548 4649 τοῦ
2597 4594 2812 4666 πρώτου
2853 4596 3269 4666 προστάγματος
3301 4594 3398 4665 τὴν
3432 4593 3602 4665 ἀρχὴν
3642 4595 3802 4659 saga-

2217 4691 2509 4762 μένη(80),
2555 4691 2688 4762 πρὸς
2724 4690 2900 4743 πάντα
2933 4688 3024 4742 τὸν
3066 4687 3264 4756 ἐφεξῆς
3311 4686 3642 4758 διεξέρχεται
3677 4689 3800 4757 χρό-

2212 4800 2320 4846 νον,
2349 4784 2538 4854 μέχρις
2568 4781 2632 4835 ἂν
2667 4784 2802 4854 πρὸς
2841 4781 2937 4852 τήν
2966 4781 3149 4850 κοινὴν
3191 4781 3497 4833 συντέλειαν
3533 4780 3628 4832 τοῦ
3661 4796 3800 4832 παν-

2213 4875 2301 4937 τὸς
2328 4875 2660 4945 καταντήσῃ.
2701 4876 2814 4942 Ἐφ’
2851 4875 2917 4944 ἢν
2961 4875 3054 4927 καὶ
3084 4875 3243 4943 ἡμεῖς
3285 4875 3484 4934 πάντες
3525 4872 3796 4941 ἐγκαρποι

2218 4969 2312 5021 καὶ
2332 4968 2559 5038 πλήρεις
2589 4969 2763 5039 ἔργων
2791 4967 3010 5036 ἀγαθῶν
3051 4965 3420 5037 ἐπειγώμεθα,
3465 4965 3569 5029 ἵνα,
3601 4981 3797 5033 φυτευ-

2216 5232 2548 5301 generatioue
2581 5236 2648 5284 ad
2685 5230 2840 5298 ﬁnem
2886 5246 3044 5301 usque
3071 5238 3440 5301 permanentes
3467 5243 3662 5286 servat.

2287 5304 2397 5368 (78)
2439 5301 2588 5353 Coll).
2620 5300 2980 5371 secundus-rd:
3012 5300 3375 5371 πονηρότατα.
3404 5300 3604 5353 Ibidem
3657 5301 3788 5369 Reg.

2213 5371 2483 5427 secundus
2512 5373 2605 5424 καὶ
2638 5369 3089 5440 ἀμφοτερίζοντα.

2290 5443 2400 5511 (⁵19)
2444 5441 2519 5492 Ita
2555 5437 2690 5495 Duc.
2731 5437 2956 5508 uterQue
2985 5453 3039 5495 et
3069 5440 3157 5494 alii
3207 5438 3446 5508 quinque
3484 5452 3614 5492 mss.
3649 5437 3795 5494 Editi

2217 5513 2480 5566 ὐπάογον.

2290 5530 2572 5654 ἓῗῦοἷίος.
2601 5581 2921 5654 εθξιιιξτὴν
2960 5579 3218 5654 ἀπαρχὴν
3254 5579 3561 5654 δεξαμένη.-
3588 5575 3793 5631 Ibidem

2220 5649 2348 5707 mss.
2387 5649 2618 5719 quatuor
2671 5649 3024 5721 διεξέρχεται.
3081 5649 3220 5706 Editi
3271 5665 3391 5706 cum
3441 5649 3650 5703 duobus
3701 5660 3804 5703 aut

2223 5725 2390 5780 tribus
2424 5735 2553 5777 mss.
2581 5721 2868 5794 διέρχεται.
