4062 6438
236 389 336 439 117

1367 389 1651 445 HOMILIA
1691 394 1755 448 Vl
1798 392 1864 446 IN
1906 394 2394 454 HEXAEM‘EBON.

3391 400 3495 454 H8

232 502 423 568 ὕὲντες
453 507 510 558 ὲν
555 504 633 574 τῷ
660 503 793 573 οἴκῳ
821 505 1047 575 Κυρίου,
1080 509 1136 558 ὲν
1173 508 1290 569 ταῖς
1323 508 1510 571 αὐλαῖς
1547 510 1642 562 τοῦ
1681 511 1815 564 Θεοῦ

1941 523 2125 576 nostro,
2168 516 2254 568 cui
2299 518 2463 584 gloria
2509 523 2560 569 et
2611 513 2894 584 imperium
2944 511 2996 567 in
3032 511 3223 566 secula
3265 512 3498 567 saeculu-

238 596 396 668 ἡμῶν
444 597 826 668 ὲξανθὴσωμεν
881 602 936 653 ὲν
988 599 1209 670 Χριστῷ
1274 600 1445 670 Ἰησοῦ
1499 601 1578 672 τῷ
1631 604 1818 677 Κυρίῳ

1929 620 2064 657 rum.
2099 607 2287 658 Amen.

231 690 421 762 ἡμῶν,
449 684 494 758 ᾧ
523 692 557 759 ἡ
584 689 711 756 δόξα
741 690 835 744 καὶ
864 693 924 746 τὸ
951 694 1152 763 κράτος
1200 694 1278 755 είς
1311 694 1436 757 τοὺς
1479 694 1682 758 αἰῶνας
1709 696 1816 749 τῶν
1855 695 2086 749 αἰώνων.
2127 698 2327 768 Ἀμήν..

248 825 3459 852 mm

839 911 1080 965 ΟΜΙΛΙΑ
1133 913 1223 977 q'.

529 1004 671 1074 Περὶ
713 1005 1003 1076 γενέσεως
1044 1004 1371 1072 φωστήρων
1404 1002 1539 1074 (81).

318 1093 372 1149 Ι.
406 1093 509 1150 Τὸν
566 1095 813 1167 ἀθλητῶν
863 1093 1061 1164 θεατὴν
1121 1097 1369 1166 μετέχειν
1408 1094 1554 1156 τινὸς
1579 1092 1822 1163 προσῆκε

245 1188 343 1241 καὶ
369 1188 528 1240 αὑτὸν
554 1186 819 1248 εὐτονίας.
858 1185 968 1237 Καὶ
1012 1186 1168 1240 τοῦτο
1197 1190 1260 1240 ἐκ
1293 1185 1402 1239 τῶν
1435 1184 1823 1254 πανηγυρικῶν

244 1279 466 1349 θεσμῶν
498 1279 561 1331 ἄν
587 1294 670 1339 τις
722 1277 945 1340 κατίδοι,
977 1277 1026 1331 οἳ
1053 1281 1178 1343 τοὺς
1207 1275 1708 1345 συγκαθεζομένους
1745 1277 1824 1337 είς

244 1371 308 1424 τὸ
345 1369 554 1421 στάδιον
584 1368 694 1438 (82)
746 1372 926 1441 γυμνῇ
997 1371 1266 1441 καθῆσθαι
1295 1371 1359 1438 τῇ
1391 1367 1598 1438 κεφαλῇ
1642 1367 1822 1434 διαγο-

247 1460 531 1533 ρεύουσιν·
584 1463 706 1532 ἐμοὶ
736 1463 912 1516 δοκεῖν
942 1464 1072 1533 (85),
1133 1463 1218 1512 ἵνα
1284 1459 1358 1529 μὴ
1416 1459 1612 1530 θεατὴς
1662 1459 1820 1529 μόνον

248 1553 755 1618 ἀγωνιστῶνιὰλλὰ
805 1555 897 1607 καὶ
944 1551 1247 1622 ἀγωνιστὴς
1295 1551 1524 1614 ἕκαστος
1559 1550 1720 1614 αὐτὸς
1764 1552 1822 1602 ὲν

246 1643 326 1712 τῷ
362 1645 514 1716 μέρει
539 1646 798 1716 τυγχάνῃ.
838 1644 991 1698 Οὕτω
1029 1643 1204 1694 τοίνυν
1232 1644 1323 1695 καὶ
1359 1643 1448 1695 τὸν
1486 1643 1596 1696 τῶν
1652 1643 1822 1714 μεγά-

247 1736 356 1789 λων
389 1739 482 1789 καὶ
509 1736 803 1807 ὑπερφυῶν
836 1734 1121 1804 θεαμάτων
1147 1735 1459 1808 ἐξεταστὴν,
1495 1737 1587 1790 καὶ
1613 1737 1703 1790 τὸν
1724 1739 1822 1807 τῆς

245 1828 424 1898 ἄκρας
451 1829 617 1890 ὅντως
660 1827 754 1879 καὶ
785 1828 1094 1899 ἀπορρήτου
1124 1829 1312 1898 σοφίας
1351 1833 1622 1902 ἀκροατὴν
1661 1851 1827 1904 προσ-

247 1918 382 1988 ῆκεν
412 1917 617 1970 οἴκοθεν
665 1917 807 1990 ἔχειν
851 1919 1052 1989 ἥκοντά
1079 1938 1230 1982 τινας
1262 1922 1514 1990 ἀφορμὰς
1546 1923 1680 1991 πρὸς
1729 1923 1826 1990 τὴν

250 2010 483 2079 Θεωρίαν
538 2009 644 2063 τῶν
699 2012 1091 2082 προκειμένων,
1123 2011 1218 2062 καὶ
1266 2015 1543 2064 κοινωνεῖν
1585 2013 1706 2080 ἐμοὶ
1731 2013 1827 2082 τῆς

253 2102 493 2171 ἀγωνίας
531 2105 610 2166 είς
631 2103 876 2172 δύναμιν,
912 2103 1031 2171 οὐχ).
1073 2102 1262 2172 κριτὴν
1300 2101 1558 2174 μᾶλλονῆ
1596 2120 1832 2172 συναγω-

250 2194 438 2264 Vir-iw
495 2192 858 2265 παρεστῶτα·
913 2193 1121 2262 μήποτε
1157 2192 1263 2262 ἀρα
1295 2193 1522 2267 διαλάθῃ
1548 2195 1694 2264 ἡμᾶς
1730 2195 1828 2266 τῆς

250 2280 566 2351 ἀληθείαςή
607 2279 844 2350 εὕρεσις,
875 2282 969 2334 καὶ
999 2283 1059 2334 τὸ
1095 2283 1224 2351 ἐμὸν
1263 2282 1484 2351 σφάλμα
1528 2284 1677 2353 κοινὴ
1734 2285 1801 2354 ζη

255 2369 352 2442 μία
379 2369 488 2423 τῶν
517 2370 820 2424 ἀκουόντων
849 2371 1092 2443 γένηται.
1124 2370 1266 2441 Πρὸς
1300 2367 1390 2424 οὖν
1443 2371 1494 2423 τί
1548 2373 1722 2425 ταῦτα
1746 2373 1830 2425 λέ-

249 2481 336 2534 γω
364 2479 378 2528 ;
422 2463 565 2528 Ὅτι,
595 2462 781 2535 ἐπειδὴ
806 2463 1092 2538 πρόκειται
1117 2465 1247 2534 ἡμῖν
1279 2465 1358 2526 εἰς
1379 2462 1478 2533 τὴν
1505 2463 1597 2516 τοῦ
1625 2463 1829 2533 κόσμου

255 2554 513 2608 σύστασιν
569 2554 816 2620 ἐξέτασις
863 2557 955 2608 καὶ
996 2555 1196 2626 θεωρία
1228 2554 1321 2607 τοῦ
1369 2556 1593 2622 παντὸς,
1625 2557 1724 2610 οῦκ
1769 2559 1830 2610 ὲκ

254 2643 353 2712 τῆς
384 2643 476 2694 τοῦ
500 2645 702 2712 κόσμου
735 2645 925 2711 σοφίας
945 2644 1041 2706 τὰς
1071 2645 1244 2714 ἀρχὰς
1279 2643 1498 2714 ἔχουσα,
1525 2647 1641 2700 ἀλλ’
1677 2647 1734 2711 ἐξ
1758 2641 1831 2700 ὧν

253 2733 346 2784 τὸν
381 2733 574 2787 ἑαυτοῦ
607 2734 911 2806 θεράποντα
938 2737 966 2787 ὁ
999 2735 1130 2799 Θεὸς
1164 2735 1563 2802 ἐξεπαίδευσεν,
1614 2741 1670 2792 ὲν
1705 2740 1832 2792 εἴδει

254 2825 499 2898 λαλήσας
527 2828 663 2899 πρὸς
692 2827 874 2890 αὐτὸν,
900 2828 994 2880 καὶ
1023 2828 1084 2880 οὐ
1129 2828 1195 2880 δι’
1229 2828 1588 2897 αἰνιγμάτων,
1621 2829 1831 2900 ἀνάγκη

256 2937 362 2973 που
413 2921 630 2986 πάντως
688 2921 815 2985 τοὺς
872 2920 980 2973 τῶν
1025 2921 1276 2995 μεγάλων
1317 2921 1715 2994 φιλοθεάμονάς
1761 2923 1833 2994 μὴ

257 3010 602 3082 ἀγύμναστον
650 3013 793 3083 ἔχειν
825 3015 915 3066 τὸν
944 3014 1069 3068 νοῦν
1102 3015 1238 3086 πρὸς
1277 3015 1374 3084 τὴν
1406 3014 1515 3068 τῶν
1542 3015 1838 3087 προκειμέ-

2511 912 2788 968 llOMlLlA
2831 916 2915 970 Vl.

2299 1004 2374 1059 De
2407 1007 2738 1075 generatione
2771 1007 3130 1064 luniinarium.

2002 1101 2051 1154 l.
2097 1097 2467 1169 Spectatorem
2492 1098 2815 1153 athletarum
2855 1112 3064 1168 oportet
3088 1113 3140 1156 et
3170 1101 3342 1170 ipsum
3372 1115 3501 1154 con-

1929 1193 2185 1247 tentionis
2214 1194 2535 1263 participem
2568 1207 2706 1244 esse.
2749 1191 2914 1260 idque
2941 1207 3004 1245 ex
3035 1193 3379 1266 panegyricis
3419 1191 3500 1246 le—

1928 1285 2082 1353 gibus
2111 1288 2284 1354 quivis
2336 1284 2679 1351 cognoverit,
2722 1299 2861 1351 quae,
2908 1284 2959 1338 in
2998 1286 3172 1337 stadio
3206 1286 3502 1340 considene

1931 1385 2029 1440 tns,
2062 1378 2204 1429 nudo
2231 1375 2404 1441 capite
2422 1376 2610 1428 sedere
2636 1374 2826 1443 jtthent
2851 1392 2864 1426 :
2897 1385 2951 1428 ut
2969 1375 3222 1445 quisque,
3251 1392 3364 1428 mea
3383 1377 3508 1444 qui-

1929 1469 2046 1522 dem
2081 1468 2370 1531 sententia,
2403 1484 2506 1521 non
2545 1467 2614 1521 sit
2645 1466 2816 1521 solum
2861 1467 3252 1520 decertantium
3294 1477 3502 1534 specta-

1931 1570 2035 1624 tor,
2063 1562 2154 1615 sed
2187 1561 2348 1614 etiam
2388 1561 2564 1630 aliqua
2597 1576 2660 1614 ex
2698 1570 2848 1629 parte
2883 1559 3086 1614 athleta
3119 1560 3364 1613 exsistat.
3411 1555 3504 1611 Sic

1930 1667 2061 1706 sane
2090 1653 2252 1705 etiam
2301 1666 2614 1719 magnorum
2658 1661 2818 1718 atque
2859 1650 3252 1705 admirabilium
3293 1657 3504 1718 specta-

1931 1745 2174 1796 culorum
2230 1743 2623 1809 ittquisitorem,
2661 1743 2910 1811 illiusque
2977 1759 3099 1797 vero
3164 1756 3390 1796 summa!
3439 1755 3503 1796 ac

1935 1833 2219 1889 ine-ﬂabilis
2265 1835 2543 1903 sapientia:
2595 1835 2920 1897 auditorem,
2969 1835 3094 1888 dum
3136 1834 3365 1900 accedit,
3408 1849 3507 1902 par

1934 1926 2091 1980 fuerit
2121 1928 2360 1996 quaedam
2393 1925 2457 1980 ad
2497 1941 2580 1978 res
2608 1926 2909 1995 propositas
2947 1925 3395 1993 contemplandas
3423 1924 3502 1978 in—

1932 2019 2224 2072 citamenta
2255 2034 2320 2072 ex
2350 2034 2408 2071 se
2437 2020 2657 2085 habere,
2692 2033 2754 2070 ac
2789 2033 2996 2070 mecum
3031 2033 3126 2086 pro
3153 2017 3357 2072 viribus
3387 2030 3512 2071 esse

1932 2108 2244 2162 certaminis
2288 2120 2614 2170 consortem,
2652 2125 2750 2162 nec
2796 2109 2967 2178 magis
3014 2110 3250 2175 judicetn
3300 2120 3506 2170 astare,

1931 2215 2090 2268 quam
2126 2209 2524 2252 concertantem
2548 2216 2563 2264 ;
2584 2216 2647 2253 ne
2669 2200 2806 2255 forte
2828 2210 3108 2267 praetereat
3138 2215 3235 2253 nos
3265 2201 3512 2254 veritatis

1935 2291 2193 2353 iurentio,
2218 2307 2279 2345 ac
2313 2307 2462 2344 meus
2496 2306 2648 2345 error
2679 2309 2965 2347 commune
2991 2293 3320 2347 audientium
3354 2293 3511 2345 dam-

1934 2399 2058 2436 num
2099 2385 2209 2438 liat.
2251 2385 2519 2450 Quorsum
2556 2385 2664 2459 50
2693 2386 2803 2440 haec
2845 2386 3092 2439 tandem?
3121 2385 3252 2452 Quia
3284 2400 3404 2439 cum
3437 2384 3515 2438 in~

1935 2474 2196 2542 quireuda
2246 2476 2401 2530 nobis
2436 2489 2766 2544 prapoualur
2811 2478 2993 2530 mttndi
3027 2478 3360 2538 constitutio,
3394 2476 3513 2530 uni-

1933 2565 2185 2632 versique
2223 2568 2630 2634 contemplatio,
2664 2582 2780 2634 qua:
2806 2583 2870 2620 ex
2902 2568 3082 2619 mundi
3125 2568 3386 2636 sapientia
3418 2582 3514 2621 ne-

1935 2670 2203 2723 quaquam
2236 2655 2557 2724 principium
2613 2657 2780 2722 ducit,
2823 2658 2916 2710 sed
2955 2673 3020 2710 ex
3069 2659 3150 2712 his
3193 2673 3313 2726 qum
3354 2673 3510 2714 suum

1936 2759 2148 2797 servum
2185 2743 2327 2798 Deus
2347 2745 2548 2808 docuit,
2581 2745 2653 2797 illi
2686 2746 2735 2798 iu
2761 2747 2962 2814 specie,
2990 2760 3094 2798 non
3125 2761 3221 2813 per
3253 2744 3513 2812 muigma-

1937 2846 1988 2890 ta
2011 2837 2223 2891 locutus
2255 2854 2269 2890 :
2299 2852 2516 2892 necesse
2551 2850 2634 2890 est
2679 2838 2918 2901 omnino,
2955 2839 3252 2906 ingentium
3297 2845 3512 2907 specta-

1938 2926 2180 2979 culorum
2207 2940 2475 2980 amatores
2511 2943 2614 2979 non
2643 2927 2882 2979 animum
2929 2927 3130 2978 habere
3167 2928 3230 2977 ad
3265 2927 3513 2993 proposi-

1942 3026 2118 3068 tarmn
2190 3017 2344 3070 nobis
2399 3031 2579 3069 rerum
2625 3015 3024 3084 perceptionem
3079 3015 3511 3068 inexercitatum.

259 3121 366 3156 νων
399 3106 532 3174 ἡμῖν
558 3107 904 3175 κατανόησιν.
929 3107 996 3158 Et
1023 3123 1150 3158 ποτε
1172 3103 1285 3172 οὖν,
1311 3109 1369 3159 ἐν
1410 3107 1596 3178 αἰθρίᾳ
1649 3123 1833 3159 νυκτε-

1942 3105 2125 3176 Itaque
2156 3106 2198 3160 si
2239 3121 2471 3174 unquam
2505 3107 2555 3158 in
2585 3115 2843 3160 nocturna
2887 3107 3205 3170 serenitate,
3238 3106 3518 3158 inenarra-

264 3197 407 3266 ρινῇ,
431 3195 568 3265 πρὸς
589 3196 658 3248 τὰ
682 3195 894 3266 ἄρρητα
927 3197 1096 3265 κάλλη
1118 3197 1224 3248 τῶν
1250 3199 1463 3269 ἄστρων
1489 3199 1598 3269 (84)
1651 3201 1836 3253 ἐνατε-

259 3286 434 3351 νίσας,
466 3286 671 3339 ἔννοιαν
719 3286 909 3348 ἓλαὸες
946 3286 1039 3339 τοῦ
1087 3288 1330 3356 τεχνίτου
1372 3287 1478 3341 τῶν
1508 3289 1640 3341 ὅλων
1660 3331 1673 3352 ,
1701 3289 1784 3352 τίς
1810 3292 1836 3342 ὁ

257 3382 372 3441 τοῖς
393 3378 576 3432 ἄνθεσι
599 3379 806 3443 τούτοις
829 3379 1165 3442 διαποικίλας
1185 3379 1274 3432 τὸν
1297 3381 1355 3432 ού
1367 3380 1543 3451 ρανὸν,
1576 3382 1668 3434 καὶ
1691 3383 1837 3444 ὅπως

259 3473 320 3524 ὲν
360 3474 471 3534 τοῖς
512 3473 807 3544 ὁρωμένοις
853 3473 1012 3526 πλέον
1056 3471 1150 3526 τοῦ
1181 3473 1413 3545 τερπνοῦ
1453 3474 1513 3526 τὸ
1545 3475 1838 3543 ἀναγκαῖόν

260 3563 412 3618 ἐστι·
479 3565 639 3617 πάλιν
710 3567 766 3619 ἐν
820 3567 1002 3638 ἡμέρᾳ
1064 3569 1113 3620 εἰ
1173 3569 1396 3638 νήφοντι
1461 3566 1538 3638 τῷ
1595 3568 1838 3639 λογισμῷ

259 3657 574 3731 κατέμαθες
629 3658 698 3710 τὰ
734 3659 831 3728 τῆς
871 3660 1086 3731 ἡμέρας
1128 3659 1401 3730 θαύματα,
1449 3662 1542 3714 καὶ
1583 3662 1670 3714 διὰ
1729 3661 1838 3715 τῶν

259 3750 554 3822 ὁρωμένων
612 3737 906 3817 ἀνελογίσω
954 3752 1042 3804 τὸν
1096 3753 1193 3821 οὐχ
1238 3751 1532 3823 ὁρώμενον,
1564 3754 1840 3824 ἐμπαρά-

265 3862 458 3909 σκευος
489 3845 645 3914 ἥκεις
688 3843 960 3915 ἀκροατὴς
1005 3845 1097 3896 καὶ
1123 3844 1346 3914 πρέπων
1393 3844 1471 3914 τῷ
1518 3844 1840 3918 πληρώματι

265 3936 361 3989 τοῦ
390 3934 588 4007 σεμνοῦ
618 3936 808 3988 τούτου
851 3936 942 3989 καὶ
976 3935 1246 4005 μακαρίου
1283 3935 1530 4005 θεάτρου.
1568 3935 1735 4006 Δεῦρο
1777 3936 1840 4006 δὴ

264 4023 380 4090 οὖν,
407 4027 595 4100 ὥσπερ
637 4029 686 4080 οἱ
725 4027 852 4089 τοὺς
890 4026 1076 4097 ἀήθεις
1117 4026 1222 4078 τῶν
1252 4025 1460 4078 πόλεων
1507 4027 1606 4095 τῆς
1663 4026 1843 4097 χειρὸς

267 4119 552 4190 λαϐόμενοι
599 4119 1010 4191 περιηγοῦνται,
1048 4119 1186 4172 οὓτω
1217 4118 1280 4189 δὴ
1306 4121 1400 4171 καὶ
1441 4117 1603 4180 αὐτὸς
1659 4119 1750 4170 ἐπὶ
1775 4117 1845 4169 τὰ

268 4214 625 4284 κεκρυμμένα
689 4213 940 4284 θαύματα
991 4213 1134 4282 ὑμᾶς
1187 4212 1284 4282 τῆς
1343 4211 1585 4282 μεγάλης
1643 4209 1845 4279 ταύτης

269 4305 476 4367 πόλεως
509 4304 809 4374 ξεναγήσω.
851 4305 938 4357 Ἐν
956 4306 1021 4375 τῇ
1048 4302 1196 4355 πόλει
1225 4301 1486 4373 ταύτῃ.ὲν
1580 4304 1611 4372 ὴ
1645 4301 1844 4372 ἀρχαία

271 4397 470 4470 πατρὶς
498 4395 654 4468 ἡμῶν
689 4394 820 4466 (85),
860 4391 927 4472 ἦς
959 4395 1355 4466 μετανέστησεν
1382 4396 1527 4465 ἡμᾶς
1579 4394 1606 4445 ὁ
1639 4393 1845 4463 ἀνθρωο

1941 3196 2099 3250 bilem
2150 3207 2416 3250 astrorum
2461 3195 2914 3264 pulchritudinem
2959 3196 3180 3249 intentis
3223 3195 3395 3250 oculis
3420 3211 3516 3249 su-

1940 3289 2197 3356 spiciens,
2229 3289 2296 3342 de
2344 3288 2720 3341 universorum
2753 3288 2943 3356 Opilice
2973 3287 3238 3357 cogitasti,
3270 3287 3514 3355 quisnam

1942 3382 1988 3435 is
2019 3382 2110 3443 sit,
2141 3382 2228 3449 qui
2266 3381 2350 3434 his
2372 3379 2596 3433 ﬂoribus
2625 3380 2819 3433 malum
2853 3381 3120 3443 distinxit,
3157 3389 3212 3433 et
3244 3381 3516 3448 quomodo

1942 3474 1993 3526 in
2041 3473 2200 3527 rebus
2246 3473 2543 3527 visihilibus
2586 3471 2755 3539 major
2793 3473 2861 3526 sit
2899 3472 3126 3537 utilitas,
3175 3487 3338 3540 quam
3369 3470 3519 3524 volu-

1939 3577 2091 3635 ptas;
2125 3580 2310 3619 rursus
2351 3564 2396 3618 si
2433 3565 2663 3618 interdiu
2700 3563 2806 3616 diei
2841 3563 3098 3616 miracula
3130 3563 3384 3625 didicisti,
3424 3577 3520 3630 per

1943 3658 2252 3726 diligentem
2281 3657 2713 3720 meditationem,
2741 3654 3175 3723 invisibilemque
3203 3669 3298 3723 per
3331 3653 3519 3707 visibi-

1942 3747 2009 3800 Iia
2037 3747 2339 3812 mstimasti,
2362 3758 2581 3815 paratus
2605 3746 2817 3799 accedis
2852 3746 3085 3809 auditor,
3115 3760 3178 3800 ac
3207 3745 3400 3816 dignus
3425 3745 3516 3813 qui

1943 3839 2306 3892 venerandum
2358 3838 2486 3891 illud
2529 3853 2590 3891 ac
2646 3839 2858 3890 beatum
2899 3837 3167 3891 theatrum
3217 3836 3516 3905 compleas.

1942 3931 2054 4000 Age
2107 3931 2293 3999 igitur,
2326 3931 2777 3999 quemadmodum
2835 3931 2926 3995 qui
2989 3930 3199 3984 urbium
3254 3931 3518 3994 insuetos,

1945 4039 2104 4075 manu
2174 4025 2531 4092 apprehensa,
2567 4022 3116 4075 circumducuutzita
3177 4031 3231 4074 et
3284 4020 3400 4090 ipse
3453 4021 3520 4074 ad

1944 4114 2152 4166 occulta
2211 4128 2417 4181 magna}
2453 4113 2606 4164 istius
2660 4113 2897 4166 civitatis
2946 4111 3202 4164 miracula
3257 4127 3353 4166 vos
3411 4121 3524 4164 tau—

1945 4221 2104 4274 quam
2140 4204 2451 4273 peregrinos
2492 4206 2811 4258 conducam.
2856 4205 2913 4257 lu
2945 4203 3161 4258 civitate
3191 4203 3300 4269 illa,
3331 4205 3382 4258 in
3415 4219 3522 4273 qua

1947 4307 2030 4350 est
2054 4306 2207 4350 vetus
2243 4298 2413 4365 patria
2461 4304 2671 4363 nostra,
2704 4311 2769 4351 ex
2805 4313 2909 4366 qua
2944 4297 3152 4367 expulit
3182 4311 3280 4352 nos
3309 4297 3519 4350 daamou

1948 4388 2214 4442 homicida
2249 4388 2358 4455 ille,
2397 4390 2485 4458 qui
2533 4389 2645 4443 suis
2687 4389 2958 4444 illecebris
3006 4390 3278 4443 hominem
3317 4388 3523 4458 redegit

273 4490 526 4552 ποκτόνος
545 4488 772 4558 δαίμων,
800 4491 911 4551 τοῖς
946 4488 1134 4540 ἑαυτοῦ
1164 4488 1521 4557 δελεάσμασιν
1570 4486 1833 4556 ἀνδραπο-

1949 4480 1999 4532 in
2031 4481 2341 4534 servitutem
2385 4481 2708 4534 :intuebere
2751 4481 2839 4534 hic
2885 4482 3116 4549 primam
3155 4479 3386 4533 hominis
3432 4495 3525 4549 ge-

271 4582 424 4645 δίσας
450 4581 539 4634 τὸν
568 4580 882 4652 ἄνθρωπον·
929 4578 1160 4632 ἐνταῦθα
1211 4579 1432 4648 κατόψει
1484 4579 1580 4650 τὴν
1621 4577 1842 4649 πρώτην

269 4673 365 4726 τοῦ
392 4671 673 4745 ἀνθρώπου
701 4673 935 4741 γένεσιν,
977 4672 1068 4724 καὶ
1099 4671 1188 4723 τὸν
1224 4670 1383 4734 εὐθὺς
1413 4673 1560 4741 ἡμᾶς
1582 4673 1844 4723 ἐπικατα-

271 4763 502 4819 λαϐόντα
541 4764 648 4837 (86)
694 4764 948 4818 θάνατον·
979 4764 1036 4816 ὃν
1084 4763 1369 4832 ἐγέννησεν
1417 4765 1449 4834 ὴ
1485 4765 1744 4834 ἁμαρτία,
1786 4764 1845 4816 τὸ

271 4857 616 4929 πρωτότοκον
673 4856 893 4924 ἔκγονον
934 4854 1027 4908 τοῦ
1077 4857 1387 4927 ἀρχεκάκου
1435 4853 1702 4922 δαίμονος.
1735 4853 1844 4908 Καὶ

270 4947 557 5019 γνωρίσεις
599 4949 790 5002 σαυτὸν
836 4947 1019 5018 γήινον
1077 4945 1174 5018 μὲν
1208 4948 1277 5018 τῇ
1326 4945 1515 5013 φύσει,
1570 4944 1727 5013 ἔργον
1785 4945 1842 4997 δὲ

273 5039 432 5094 θείων
459 5040 654 5111 χειρῶν
673 5057 686 5070 ο
709 5040 933 5110 δυνάμει
969 5040 1064 5109 μὲν
1087 5038 1178 5099 καὶ
1195 5037 1478 5109 παραπολὺ
1508 5037 1614 5089 τῶν
1637 5038 1842 5105 ἀλόγων

270 5133 626 5196 λειπόμενον,
670 5133 905 5203 ἄρχοντα
957 5132 1013 5185 δὲ
1073 5131 1448 5203 χειροτονητὸν
1483 5130 1592 5182 τῶν
1635 5129 1840 5197 ἀλόγων

274 5225 369 5279 καὶ
419 5224 529 5278 τῶν
582 5222 837 5295 ἀψύχων·
881 5227 999 5287 ταῖς
1042 5225 1140 5293 μὲν
1183 5225 1247 5277 ὲκ
1283 5223 1382 5294 τῆς
1417 5221 1630 5291 φύσεως
1661 5239 1840 5293 παρα-

350 5384 460 5452 (8|)
499 5382 612 5454 Illa,
649 5385 764 5454 Kal.
787 5378 938 5436 εἶπεν
969 5386 996 5436 ὀ
1030 5384 1194 5447 Θεόςο
1226 5381 1606 5454 Γενεθήτωσαν
1639 5384 1847 5454 φωστῆο

280 5471 373 5533 per;
397 5451 453 5533 ιν
474 5451 550 5533 τῷ
577 5452 912 5533 στερέωματι
938 5455 1028 5533 τοῦ
1050 5453 1301 5533 οὐρανοῦ,
1327 5451 1668 5533 reperiuntur
1695 5451 1844 5533 initio

279 5523 538 5576 orationis
578 5523 629 5575 in
677 5523 794 5577 uno
823 5535 914 5576 aut
945 5523 1128 5578 ιιιιοῐο
1149 5525 1332 5578 codice
1371 5539 1387 5579 :
1425 5523 1516 5576 sed
1552 5523 1739 5575 desunt
1791 5525 1840 5576 in

281 5593 697 5661 antiquioribus,
744 5602 871 5664 puta
920 5595 971 5647 in
1016 5604 1238 5663 utroque
1290 5592 1451 5648 Coisl.
1511 5591 1618 5646 Nos
1656 5593 1841 5648 omisi-

282 5679 424 5720 mus.

355 5732 466 5801 (89)
506 5737 608 5801 Είς
645 5733 710 5787 τὸ
738 5733 1004 5797 στάδιον,
1034 5744 1137 5787 etc.
1171 5731 1310 5800 Lege
1347 5733 1617 5788 Ducazum.

355 5803 465 5878 (85)
507 5805 638 5874 Reg.
666 5813 847 5862 sextus
881 5805 1004 5876 ἐμοὶ
1031 5803 1194 5860 δοκεῖ.
1226 5805 1343 5859 Mox
1387 5820 1525 5860 unus
1569 5821 1669 5860 ms.
1700 5803 1836 5870 ἀγω·

1948 4573 2296 4640 nerationem,
2337 4583 2390 4629 et
2428 4575 2570 4629 illam
2629 4591 2747 4642 qua:
2791 4590 2889 4628 nos
2928 4575 3111 4628 statim
3163 4576 3524 4645 apprehendit

1948 4679 2173 4721 mortem
2207 4688 2219 4723 :
2247 4685 2405 4739 quam
2436 4671 2642 4739 peperit
2677 4682 2983 4738 peccatum,
3006 4669 3393 4740 primogenitus
3431 4669 3522 4725 ille

1949 4763 2201 4816 damonis
2227 4763 2490 4816 malorum
2522 4762 2760 4816 auctoris
2783 4772 2989 4831 partus.
3019 4763 3156 4831 Quin
3185 4775 3240 4818 et
3266 4772 3318 4819 te
3347 4765 3519 4832 ipsum

1950 4870 2138 4910 nosces
2169 4864 2228 4906 ut
2270 4864 2461 4908 natura
2506 4864 2761 4919 terreum,
2796 4855 2866 4910 ita
2913 4872 3168 4909 manuum
3213 4855 3518 4910 divinarum

1948 4964 2082 5018 opus
2113 4965 2126 5002 :
2153 4947 2358 5000 viribus
2394 4947 2607 5016 quidem
2652 4947 2806 5017 longe
2853 4948 3028 5002 brutis
3060 4947 3382 5002 animalibus
3414 4949 3519 5002 int-

1949 5055 2152 5111 parem,
2183 5039 2572 5093 irrationalium
2615 5054 2742 5094 vero
2771 5048 2825 5094 et
2868 5040 3287 5094 inanimatorum
3321 5041 3518 5110 princi-

1947 5146 2067 5201 pem
2094 5130 2443 5184 constitutum
2473 5149 2485 5182 :
2516 5130 2823 5185 inferiorem
2853 5132 3069 5201 quidem
3091 5131 3320 5186 naturali
3348 5148 3516 5202 appa-

1949 5232 2094 5289 ratu,
2135 5237 2256 5276 eum
2296 5236 2443 5286 vero,
2477 5223 2566 5293 qui
2608 5223 2835 5277 rationis
2884 5222 3194 5292 praestantia
3232 5224 3405 5291 possis
3447 5225 3517 5279 ad

1941 5381 2140 5436 νιστῶν
2170 5381 2414 5445 ἕκαστος.

2015 5450 2126 5523 (84)
2169 5452 2414 5523 Nonnulli
2457 5468 2587 5507 mss.
2613 5452 2720 5505 τῶν
2753 5452 3015 5523 ἀστέρων.

2015 5522 2344 5595 (85)_Codex
2367 5522 2534 5595 Bodl.
2565 5526 2598 5594 η
2628 5523 2830 5595 ἀρχαία
2866 5522 3082 5592 πατρὶς,
3107 5523 3305 5594 πατρὶς
3333 5523 3510 5594 ἡμῶν,

1941 5603 2087 5644 vetus
2115 5593 2206 5644 illa
2239 5594 2435 5659 patria,
2465 5595 2640 5659 patria
2672 5593 2875 5646 nostra.

2015 5662 2126 5732 (86)
2168 5663 2239 5715 Ita
2277 5661 2524 5734 Combef.
2555 5679 2675 5718 cum
2725 5664 2842 5720 aliis
2890 5674 3123 5734 quatuor
3169 5677 3282 5718 mss
3334 5663 3512 5720 Editio

1943 5730 2115 5790 Paris.
2138 5731 2527 5787 καταλαὸόντα.
