4062 6480
552 402 654 459 H9

1894 403 1952 456 S.
1995 396 2242 454 BASlLll
2281 396 2496 452 MAGNI

3709 389 3835 444 {‘20

550 527 728 596 ipsum
785 523 982 579 caelum
1040 524 1219 580 chhi.
1277 522 1472 578 lsthzec
1529 523 1574 577 si
1629 521 1892 576 fuerimus
1931 520 2126 581 edocti,

2249 521 2456 581 τκευαῖς
2489 514 2898 587 ἐλαττούμενον,
2935 515 3002 584 τῇ
3046 510 3105 565 δὲ
3151 509 3244 564 τοῦ
3312 509 3469 576 λόγου
3519 510 3827 583 περιουσία

553 615 910 683 nosmetipsos
941 629 1359 686 cognoscemus,
1402 629 1592 668 sumus
1637 615 1801 667 Deum
1831 611 2127 684 cognituri,

550 706 899 763 adorabimus
928 705 1276 761 Conditorem
1297 744 1311 767 ,
1351 702 1580 758 Domino
1611 703 1931 771 serviemus,
1966 701 2131 774 glori-

555 798 836 854 ficabimus
867 797 1106 860 Patrem,
1147 804 1392 850 nostrum
1442 795 1744 849 amabimus
1782 796 2128 855 nutritorem,

557 890 927 944 reverebimur
967 884 1420 952 benefacientem,
1463 895 1658 940 nostra!
1691 885 1818 940 vita:
1851 885 2132 957 prmsentis

555 993 610 1035 ct
633 984 826 1036 futurae
855 992 1134 1036 auctorem
1165 980 1348 1035 colere
1390 995 1493 1034 non
1526 979 1837 1034 desinemus
1867 1002 1876 1032 :
1909 980 1999 1047 qui
2027 976 2134 1032 sci—

557 1074 682 1128 licet
716 1088 810 1143 per
839 1088 934 1127 eas
977 1088 1112 1141 quas
1137 1071 1247 1140 jam
1292 1075 1516 1140 largitus
1552 1081 1635 1127 est
1683 1074 1920 1134 divitias,
1967 1074 2129 1124 etiam

557 1167 712 1219 bouis
744 1164 1027 1229 promissis
1059 1164 1218 1220 fidem
1259 1164 1442 1227 faciat,
1476 1179 1539 1218 ac
1562 1180 1623 1218 ea
1664 1180 1781 1234 qua:
1811 1173 2134 1230 exSpectau-

561 1265 667 1316 tur,
692 1256 1034 1324 praesentium
1081 1256 1453 1323 experimento
1500 1257 1653 1310 nobis
1697 1254 1998 1307 confirmet.
2041 1255 2132 1306 Et-

557 1347 702 1400 enim
733 1347 776 1402 si
811 1348 1130 1419 temporaria
1165 1344 1289 1398 talia
1315 1357 1460 1413 sunt,
1486 1346 1667 1416 qualia
1702 1355 1863 1398 erunt
1895 1344 2133 1398 mterna?

559 1430 691 1487 Item
726 1434 770 1490 si
806 1437 1029 1491 visibilia
1063 1435 1197 1488 adeo
1220 1435 1445 1503 pulchra
1476 1445 1621 1497 sunt,
1649 1434 1828 1503 qualia
1862 1436 2132 1488 censenda

561 1535 691 1580 sunt
717 1526 1048 1581 invisibilia?
1089 1527 1146 1580 Si
1183 1528 1305 1582 caeli
1349 1526 1659 1597 magnitudo
1709 1537 2000 1595 exsuperat
2035 1526 2134 1579 btt-

562 1631 737 1670 mana:
770 1616 1134 1686 intelligentia:
1176 1633 1510 1679 mensuram,
1549 1617 1798 1683 quisnam
1826 1614 2135 1671 intellectus

563 1706 740 1760 valeat
783 1708 1242 1775 sempiternorum
1279 1719 1526 1762 naturam
1563 1705 1940 1776 perscrutari?
1967 1708 2024 1760 Si
2054 1708 2134 1762 sol

562 1799 655 1852 ille
688 1800 1025 1867 corruptioni
1071 1801 1359 1862 obnoxius,
1385 1799 1522 1852 adeo
1552 1799 1773 1867 pulcher
1801 1808 1882 1851 est
1908 1810 1963 1852 et
2002 1799 2136 1853 adeo

2231 609 2369 681 πρὸς
2414 607 2641 681 οὐρανὸν
2677 606 2838 661 αὑτὸν
2886 602 3259 676 ύπεραρθὴναι
3313 599 3633 668 δυνάμενον.
3689 601 3834 655 Ἐὰν

2229 704 2400 756 ταῦτα
2442 700 2723 774 μάθωμεν,
2758 697 2983 758 ἑαυτοὺς
3017 692 3458 767 ὲπιγνωσόμεθα,
3501 692 3635 745 Θεὸν
3673 713 3834 761 γνω-

2234 796 2477 867 ρίσομεν,
2499 791 2592 846 τὸν
2628 791 2891 844 κτίσαντα
2937 789 3412 858 προσκυνήσομεν,
3437 783 3514 856 τῷ
3567 785 3834 856 Δεσπόςῃ

2229 886 2628 956 δουλεύσομεν,
2665 881 2757 935 τὸν
2811 880 3026 952 Πατέρα
3087 874 3420 946 δοξὰσομεν,
3460 877 3552 930 τὸν
3604 878 3830 944 τροφέα

2233 979 2390 1048 ἡμῶν
2422 976 2801 1047 ἀγαπήσομεν,
2853 974 2944 1026 τὸν
3010 968 3302 1041 εὐεργέτην
3358 966 3831 1041 αἱδεσθησόμεθα,

2233 1072 2321 1125 τὸν
2351 1071 2590 1143 ἀρχηγὸν
2624 1068 2724 1137 τῆς
2759 1067 2906 1136 ζωῆς
2950 1066 3105 1138 ἡμῶν
3133 1065 3234 1135 τῆς
3261 1063 3541 1135 παρούσης
3582 1065 3675 1118 καὶ
3714 1061 3832 1130 τῆς

2236 1163 2536 1236 μελλούσης
2587 1159 3016 1233 προσκυνοῦντες
3052 1161 3153 1213 οὐκ
3201 1154 3562 1226 ἀπολήξομεν,
3613 1157 3704 1210 τὸν
3747 1152 3829 1208 δι’

2233 1252 2292 1310 οὗ
2326 1256 2630 1333 παρέσχετο
2665 1252 2761 1322 ήδη
2819 1249 3049 1302 πλούτου
3081 1251 3190 1320 (87)
3225 1248 3319 1304 καὶ
3362 1247 3434 1300 τὰ
3477 1250 3535 1302 ἐν
3574 1253 3833 1319 ἐπαγγε-

2234 1347 2376 1410 λίαις
2418 1345 2808 1414 πιστούμενον,
2851 1341 2947 1394 καὶ
2987 1344 3053 1411 τῇ
3116 1342 3280 1413 πείρᾳ
3346 1338 3455 1392 τῶν
3527 1344 3826 1413 παρόντων

2239 1438 2559 1508 βεϐαιοῦντα
2589 1438 2720 1505 ἡμῖν
2749 1435 2819 1488 τὰ
2849 1433 3288 1506 προσδοκώμενα.
3316 1436 3377 1488 Εἰ
3404 1432 3511 1503 γὰρ
3550 1435 3619 1487 τὰ
3648 1437 3830 1506 πρόσ-

2235 1547 2405 1602 καιρα
2437 1528 2680 1590 τοιαῦτα,
2713 1530 2931 1581 ποταπά
2965 1525 3035 1580 τὰ
3069 1524 3296 1588 αἰώνια;
3332 1527 3441 1579 Καὶ
3477 1526 3524 1576 εί
3573 1527 3643 1579 τά
3675 1527 3827 1596 ὁρώ-

2237 1637 2373 1690 μενα
2427 1619 2570 1673 οῦτω
2633 1616 2794 1682 καλὰ,
2829 1615 3050 1670 ποταπὰ
3095 1614 3162 1667 τὰ
3205 1615 3446 1684 ἀόρατα;
3475 1614 3537 1665 El
3584 1613 3828 1684 ούρανοῦ

2239 1709 2465 1780 μέγεθος
2496 1708 2693 1780 μέτρον
2717 1705 3062 1780 ἀνθρωπίνης
3101 1705 3336 1768 διανοίας
3373 1704 3644 1769 ὲκὸαίνει,
3706 1705 3827 1758 τῶν

2237 1802 2421 1856 ἀϊδίων
2453 1801 2551 1874 τὴν
2588 1800 2748 1871 φύσιν
2775 1801 2856 1863 τίς
2884 1800 2993 1870 ἄρα
3015 1799 3141 1864 νοῦς
3175 1798 3474 1870 ὲξιχνιάσαι
3502 1796 3823 1867 δυνήσεται;

563 1906 810 1964 magnus,
835 1909 956 1948 cum
1000 1894 1153 1947 velox
1197 1892 1261 1945 ad
1307 1903 1532 1955 motum,
1572 1900 1681 1944 tum
1715 1891 1996 1946 ordinatos
2033 1894 2139 1947 cir-

2249 1894 2303 1946 Εί
2335 1895 2363 1946 ὁ
2390 1895 2458 1964 τῇ
2503 1892 2678 1965 φθορᾷ
2710 1890 3065 1960 ὑποκείμενος
3114 1892 3264 1962 ἥλιος
3299 1891 3408 1962 (88)
3445 1890 3588 1944 οὕτω
3633 1889 3824 1950 καλὸς,

562 1987 741 2039 cuitus
761 1987 1001 2054 explens,
1027 1983 1446 2053 magnitudinem
1473 1983 1689 2052 quidem
1724 1984 1789 2036 ad
1826 1984 2136 2038 universum

563 2075 637 2129 ita
676 2077 1138 2130 accommodatam
1178 2087 1392 2138 nactus,
1419 2085 1474 2128 ut
1502 2090 1643 2140 eam,
1668 2090 1831 2145 quam
1861 2091 1983 2132 cum
2021 2078 2140 2131 uni-

565 2181 722 2220 verso
752 2167 931 2233 habet,
983 2168 1383 2239 proportionem
1437 2183 1543 2221 non
1585 2171 1831 2234 excedat,
1871 2184 1970 2222 sua
2013 2184 2140 2222 vero

564 2259 965 2328 pulchritudine
1006 2270 1259 2331 tanquam
1313 2271 1519 2316 natura!
1561 2262 1750 2315 oculus
1782 2262 1997 2331 quidam
2029 2261 2141 2330 pel-

564 2351 775 2406 lucidus
813 2367 900 2406 res
933 2365 1146 2407 creatas
1191 2354 1565 2407 condecorans
1591 2369 1605 2406 :
1636 2355 1790 2419 hujus
1827 2353 1870 2406 si
1921 2352 2141 2404 insatia-

565 2439 690 2494 bilis
715 2452 798 2495 est
835 2453 1106 2509 aspectus,
1140 2442 1282 2510 quali
1334 2442 1742 2511 pulchritudine
1789 2442 1868 2495 sol
1919 2441 2142 2508 iustitia:

566 2533 827 2604 prmditus
860 2533 976 2587 est?
1017 2531 1072 2588 Si
1112 2534 1254 2588 hunc
1299 2533 1466 2588 solem
1499 2549 1605 2587 non
1637 2534 1972 2604 conspicere,
2002 2549 2143 2588 cmco

568 2625 953 2680 detrimentum
998 2636 1125 2682 est:
1163 2626 1318 2696 quale
1347 2636 1431 2681 est
1481 2626 1753 2697 peccatori
1804 2625 2144 2696 dispendium

567 2715 688 2771 luce
724 2733 848 2770 vera
880 2719 1107 2772 carere?

637 2808 690 2860 2.
734 2805 802 2859 Et
829 2809 964 2860 dixit
999 2808 1179 2863 Deus:
1211 2809 1370 2862 Fiant
1406 2810 1696 2862 luminaria
1728 2810 1780 2860 in
1808 2809 2142 2875 ﬁrmamento

567 2897 684 2952 ccli
717 2899 785 2950 ad
817 2897 1254 2952 illuminationem
1277 2915 1434 2966 super
1459 2909 1653 2951 terram
1680 2915 1696 2952 :
1726 2907 1780 2950 ut
1805 2897 1906 2967 51
1937 2899 2142 2951 discer-

569 3001 696 3043 nunt
739 2991 875 3044 inter
925 2991 1060 3044 diem
1100 3002 1145 3044 et
1182 2991 1464 3044 noctem".
1496 2991 1791 3045 leum’et
1831 3001 1972 3042 terra
2011 3005 2147 3058 prae-

567 3093 846 3136 cesscrant
875 3099 890 3137 :
921 3094 1042 3153 pOst
1073 3084 1186 3138 haec
1223 3081 1398 3135 fuerat
1428 3083 1513 3134 lux
1545 3093 1724 3135 creata
1757 3099 1770 3135 :
1804 3081 1921 3135 dies
1957 3091 2010 3135 et
2039 3097 2144 3135 nox

2242 1985 2384 2040 οὕτω
2415 1985 2611 2055 μέγας,
2640 1984 2764 2048 ὀξὺς
2821 1982 2918 2052 μὲν
2952 1981 3262 2052 κινηθῆναι,
3291 1984 3586 2046 εὐτάκτους
3625 1983 3684 2035 δὲ
3721 1982 3830 2044 si;

2242 2078 2523 2149 περιόδους
2546 2075 2844 2140 ἀποδιδοὺς,
2877 2073 3188 2145 σύμμετρον
3213 2075 3312 2143 μὲν
3339 2075 3476 2145 ἔχων
3497 2075 3558 2128 τὸ
3591 2074 3830 2144 μέγεθος

2240 2172 2320 2241 τῷ
2348 2172 2530 2234 παντὶ,
2567 2169 2706 2221 ὥστε
2741 2168 2815 2238 μὴ
2846 2167 3117 2221 ἐκϐαίνειν
3153 2166 3251 2238 τὴν
3285 2166 3420 2238 πρὸς
3455 2166 3516 2218 τὸ
3542 2166 3660 2219 ὅλον
3691 2168 3832 2218 ἁνα-

2241 2261 2428 2329 λογίαν
2455 2278 2469 2291 '
2502 2261 2578 2330 τῷ
2604 2261 2660 2313 δὲ
2692 2259 2878 2314 κάλλει
2910 2260 3011 2331 τῆς
3044 2259 3258 2330 φύσεως
3289 2254 3399 2312 οἶόν
3433 2276 3515 2322 τις
3547 2256 3830 2327 ὀφθαλμὸς

2241 2353 2466 2425 διαυγὴς
2495 2351 2794 2424 ἐμπρέπων
2823 2355 2887 2423 τῇ
2922 2351 3124 2406 κτίσει·
3151 2354 3200 2405 εἰ
3248 2351 3544 2419 ἀκόρεστος
3567 2348 3758 2402 τούτου
3790 2349 3827 2420 ἡ

2244 2445 2365 2512 θέα,
2397 2445 2638 2508 ποταπὸς
2663 2444 2738 2515 τῷ
2765 2444 2949 2498 κάλλει
2981 2446 3008 2497 ὁ
3031 2444 3130 2512 τῆς
3156 2442 3497 2511 δικαιοσύνης
3530 2441 3714 2511 ἧλιοςς
3759 2443 3830 2496 El

2244 2538 2430 2609 τυφλῷ
2461 2539 2631 2609 ζημία
2672 2537 2860 2590 τοῦτον
2893 2537 2967 2606 μὴ
3004 2535 3222 2604 βλέπειν
3244 2573 3258 2597 ,
3290 2535 3507 2603 ποταπὴ
3542 2534 3714 2604 ζημία
3744 2533 3831 2608 τῷ

2244 2630 2554 2703 ἁμαρτωλῷ
2577 2629 2670 2683 τοῦ
2700 2626 2952 2698 ἀληθινοῦ
2989 2627 3166 2696 φωτὸς
3195 2625 3525 2698 στερηθῆναι
3551 2643 3566 2693 ;

2313 2810 2367 2863 2.
2402 2809 2512 2864 Kal
2545 2805 2716 2862 εἶπεν
2743 2809 2776 2862 ὀ
2820 2808 2997 2874 Θεός·
3025 2807 3469 2878 Γενηθήτωσαν
3509 2807 3831 2875 φωστῆρες

2244 2901 2312 2954 ἐν
2337 2900 2418 2967 τῷ
2469 2899 2828 2970 στερεώματι
2876 2901 2981 2956 τοῦ
3037 2902 3296 2971 οὐρανοῦ
3342 2904 3430 2965 εὶς
3455 2899 3688 2968 ψαῦσιν
3726 2899 3830 2951 ἐπι

2245 2993 2357 3060 τῆς
2380 2993 2522 3062 γῆς·
2551 2991 2708 3047 ὥστε
2761 2992 3127 3062 διαχωρίζειν
3167 2992 3278 3062 (89)
3333 2992 3450 3043 ἀνὰ
3492 2987 3689 3057 μέσον
3715 2988 3827 3055 τῆς

2245 3085 2470 3158 ἡμέρας
2493 3084 2593 3139 καὶ
2620 3084 2734 3139 ἀνὰ
2758 3084 2954 3151 μέσον
2976 3083 3083 3151 τῆς
3110 3083 3346 3147 νυκτός.
3382 3079 3622 3152 Οὐρανὸς
3641 3097 3830 3151 προει-

571 3175 817 3230 discreta
853 3175 1110 3229 fuerant:
1141 3177 1266 3228 item
1307 3173 1510 3226 factum
1558 3185 1674 3227 erat
1717 3173 2143 3241 (irritamentum,

2249 3179 2409 3250 λήφει
2444 3176 2538 3230 καὶ
2568 3176 2641 3246 γῆ
2663 3193 2676 3205 ⁸
2718 3175 2778 3227 τὸ
2831 3174 2948 3243 φῶς
2994 3173 3084 3224 ἐπὶ
3124 3170 3333 3233 τούτοις
3367 3169 3823 3241 δεδημιούργητο·

570 3274 627 3316 et
661 3264 811 3318 arida
847 3265 1021 3317 fuerat
1054 3264 1280 3318 detecta.
1331 3263 1571 3317 Collecta
1618 3278 1736 3318 erat
1773 3281 1911 3328 aqua
1956 3267 2007 3318 in
2039 3276 2150 3318 sta-

573 3355 735 3408 bilem
764 3371 827 3408 ac
857 3356 1132 3410 definitam
1184 3357 1686 3424 cOngregationem.
1720 3357 1885 3414 Terra
1915 3357 2149 3426 propriis

570 3445 902 3512 germinibus
923 3457 1040 3496 erat
1061 3446 1252 3498 referta
1285 3465 1297 3500 :
1325 3447 1758 3515 quandoquidem
1786 3459 1837 3500 et
1871 3449 2150 3500 iunmnera

572 3535 870 3603 protulerat
914 3535 1202 3588 herbarum
1243 3551 1468 3605 genera,
1502 3549 1557 3589 et
1588 3539 1916 3590 omnimodis
1945 3537 2151 3603 planta-

575 3642 693 3680 rum
724 3627 1005 3698 speciebus
1036 3628 1382 3682 exuberabat.
1415 3626 1655 3682 Necdum
1685 3639 1861 3681 tamen
1901 3637 2017 3681 erat
2044 3627 2146 3691 sol,

575 3736 754 3790 neque
785 3720 908 3776 luna
943 3740 956 3777 :
988 3736 1054 3775 ne
1104 3721 1270 3775 solem
1321 3721 1456 3776 lucis
1505 3733 1782 3776 auctorem
1832 3738 1894 3775 ac
1944 3734 2150 3791 patrem

575 3814 927 3883 appellarent,
965 3830 1097 3867 nere
1128 3815 1217 3882 qui
1245 3813 1412 3866 Deum
1448 3818 1722 3885 ignorant.
1747 3817 1779 3868 ii
1816 3816 2152 3869 arbitraren-

578 3915 667 3957 tur
696 3906 867 3974 ipsum
899 3920 1078 3958 rerum
1109 3920 1138 3957 e
1170 3914 1312 3960 terra
1346 3909 1680 3961 nascentium
1726 3907 1972 3976 opiﬁcem
2011 3922 2149 3962 esse.

575 3995 917 4066 Quapropter
939 4006 1129 4066 quarta
1154 3995 1263 4061 jam
1292 3997 1407 4051 dies
1428 4010 1755 4062 accesserat,
1783 4009 1830 4052 et
1866 4008 1990 4052 tunc
2019 3999 2155 4057 Dens

578 4088 718 4140 dixit
751 4106 763 4141 :
790 4085 950 4140 Fiant
985 4087 1271 4140 luminaria
1306 4089 1360 4140 in
1389 4087 1719 4154 ﬁrmamento
1745 4089 1886 4143 caeli.
1919 4089 2050 4144 Cum
2081 4090 2156 4144 lo-

579 4188 833 4248 quentem
871 4192 976 4231 non
1013 4177 1246 4246 ignores,
1279 4177 1420 4232 illico
1465 4187 1646 4232 mente
1687 4181 1992 4234 audientem
2036 4195 2157 4233 con-

575 4270 760 4339 junge.
812 4269 958 4322 Dixit
1030 4269 1192 4329 Deus,
1261 4268 1423 4323 Fiunt
1475 4270 1875 4326 luminaria.....
1928 4283 1975 4325 et
2034 4273 2156 4338 fecit

584 4359 722 4413 Deus
765 4361 870 4412 duo
908 4360 1276 4412 luminaria".
1330 4363 1460 4426 Quis
1521 4362 1678 4423 dixit,
1732 4374 1784 4416 et
1825 4365 1947 4431 quis
2000 4364 2160 4417 fecit?

583 4452 772 4507 Nonne
801 4454 852 4505 in
887 4451 972 4506 his
1007 4452 1278 4520 duplicem
1325 4468 1612 4522 personam
1641 4454 1912 4523 percipis?
1951 4455 2160 4523 Ubique

2251 3271 2431 3341 ἡμέρα
2465 3269 2558 3321 καὶ
2621 3267 2714 3332 νὺξ
2760 3264 3094 3334 διεκέκριτο·
3133 3263 3293 3316 πάλιν
3348 3262 3670 3332 στερέωμα,
3732 3263 3832 3316 καὶ.

2253 3362 2419 3432 ξηρᾶς
2472 3360 2792 3430 φανέρωσις.
2847 3355 2920 3407 Τὸ
2980 3355 3124 3426 ὕδωρ
3175 3355 3527 3426 συνήθροιστο
3580 3357 3658 3417 είς
3698 3371 3830 3407 συν-

2251 3452 2541 3519 εστηκυῖαν
2581 3447 2674 3499 καὶ
2718 3445 3106 3515 ἀφωρισμένην
3150 3447 3491 3516 συναγωγήν.
3534 3445 3596 3498 Ἦ
3631 3445 3701 3516 γῆ
3728 3461 3827 3497 πε-

2254 3540 2506 3609 πλήρωτο
2532 3541 2641 3599 τοῖς
2672 3537 2891 3601 οἰκείοις
2928 3539 3228 3608 γεννήμασι
3261 3579 3275 3602 ,
3306 3540 3374 3592 τά
3405 3555 3460 3590 τε
3506 3540 3672 3609 μυρία
3695 3539 3836 3608 γένη

2251 3633 2358 3685 τῶν
2411 3631 2648 3702 βοτανῶν
2676 3630 3111 3700 ὲκϐλαστήσασα,
3145 3630 3241 3684 καὶ
3271 3631 3626 3694 παντοδαποῖς
3667 3630 3836 3683 εἴδεσι

2254 3725 2435 3796 φυτῶν
2470 3724 2859 3794 εὐθηνουμένη.
2895 3723 3083 3785 Ἤλιος
3111 3722 3166 3775 δὲ
3189 3722 3341 3776 οῠπω
3369 3720 3435 3794 ἦν
3475 3724 3567 3776 καὶ
3609 3720 3830 3791 σελήνη,

2255 3819 2343 3872 ἵνα
2374 3820 2509 3889 μήτε
2535 3817 2707 3886 φωτὸς
2732 3816 2971 3888 ἀρχηγὸν
2993 3816 3087 3868 καὶ
3121 3817 3330 3884 πατέρα
3357 3817 3445 3869 τὸν
3461 3815 3610 3883 ἥλιον
3638 3813 3833 3881 ὀνομά-

2258 3928 2411 3974 σωσι,
2456 3910 2593 3982 μήτε
2619 3908 2726 3960 τῶν
2759 3909 2823 3961 ὲκ
2855 3909 2952 3977 τῆς
2981 3908 3084 3978 γῆς
3120 3908 3398 3976 φυομένων
3427 3904 3755 3973 δημιουργὸν
3784 3906 3832 3957 οἱ

2255 4005 2346 4057 τὸν
2395 3997 2530 4055 Θεὸν
2592 4003 2956 4072 ἀγνοήσαντες
2997 3999 3106 4065 (90)
3167 4000 3494 4068 ἡγήσωνται.
3531 3995 3628 4048 Διὰ
3676 3996 3834 4050 τοῦτο

2259 4099 2490 4166 τετάρτη
2515 4092 2726 4164 ἡμέραι
2763 4093 2854 4145 καὶ
2880 4092 3003 4145 τότε
3037 4087 3188 4144 εἶπεν
3213 4092 3245 4156 ὁ,
3283 4088 3413 4150 Θεός
3437 4104 3451 4117 ο
3488 4089 3835 4154 Γενηθήτω-

2260 4200 2381 4239 σαν
2424 4183 2732 4253 φωστῆρες
2773 4184 2842 4236 ὲν
2887 4181 2964 4246 τῷ
2998 4180 3351 4250 στερεώματι
3408 4177 3511 4232 τοῦ
3552 4178 3832 4246 οὐρανοῦ.

2265 4275 2432 4327 Ὅταν
2455 4274 2544 4327 τὸν
2574 4274 2792 4325 εἰπόντα
2818 4269 3268 4341 διδαχθῇς,εύθὺς
3299 4271 3362 4338 τῇ
3393 4269 3571 4339 ἐννοίᾳ
3598 4269 3834 4322 σύναπτε

2261 4366 2352 4418 τὸν
2377 4363 2703 4416 ἀκούσαντα.
2735 4358 2920 4414 Εἶπεν
2962 4364 2993 4414 ό
3029 4363 3194 4426 Θεός·
3238 4358 3676 4425 Γενηθήτωσαν
3719 4376 3834 4427 φω-

2263 4454 2504 4523 στῆρες,
2533 4455 2628 4506 καὶ
2659 4453 2951 4519 ἐποίησεν
2977 4455 3009 4504 ό
3037 4451 3180 4515 Θεὸς
3196 4450 3338 4516 τοὺς
3365 4450 3471 4505 δύο
3496 4448 3831 4520 φωστῆρας.

586 4546 830 4602 historia:
876 4546 1177 4611 inspersum
1227 4554 1308 4599 est
1360 4547 1588 4615 mystico
1654 4547 1815 4599 modo
1880 4546 2146 4615 theologia

2261 4548 2356 4611 Τίς
2379 4544 2519 4609 εἷπε,
2553 4550 2647 4599 καὶ
2676 4545 2759 4608 τίς
2791 4544 3072 4614 ὲποίηοεν;
3095 4543 3206 4595 Οὐκ
3237 4544 3435 4605 ἐννοεῖς
3456 4544 3513 4595 ὲν
3543 4542 3750 4603 τούτοις
3775 4541 3836 4594 τὸ

587 4643 799 4708 dogma.
858 4639 1089 4692 Additur
1133 4637 1295 4690 etiam
1352 4638 1782 4710 generandorttm
1817 4638 2162 4690 luminarium

586 4731 927 4787 necessitas:
967 4730 1050 4782 Ad
1096 4729 1550 4794 illuminatianem,
1612 4730 1805 4796 inquit,
1857 4744 2010 4796 super
2060 4739 2165 4780 ter-

587 4840 700 4876 ram
725 4824 794 4879 ⁸⁸.
848 4821 904 4877 Si
959 4824 1094 4877 lucis
1144 4823 1422 4890 generatio
1464 4835 1834 4890 praeessem,
1894 4822 2166 4889 quomodo

587 4935 730 4971 nunc
770 4919 850 4972 sol
902 4919 1098 4972 iterum
1130 4917 1328 4970 dicitur
1372 4916 1440 4968 ad
1473 4915 1915 4967 illuminiztionem
1943 4913 2169 4967 editus?

588 5013 830 5068 Primum
881 5012 1098 5081 quidem
1156 5010 1447 5077 singularis
1487 5008 1672 5062 isthaec
1726 5006 1974 5074 loquendi
2028 5008 2165 5060 ratio

588 5106 793 5160 nullum
821 5105 914 5159 tibi
946 5105 1112 5158 risum
1150 5112 1362 5156 moveat
1390 5119 1404 5156 :
1428 5101 1695 5170 siquidem
1727 5108 1965 5153 vestrum
1998 5099 2160 5152 istum

589 5198 882 5253 verborum
920 5195 1190 5251 delectum
1214 5209 1320 5248 non
1352 5193 1652 5263 sequimur,
1682 5205 1856 5261 neque
1881 5192 2162 5245 concinnae

658 5312 708 5346 ⁷⁸
737 5309 873 5366 Gen.
904 5323 943 5373 ι,
975 5306 1063 5361 ﬂ.
1138 5304 1185 5337 "
1213 5303 1344 5359 ibid.
1370 5302 1453 5357 l6.
1532 5303 1579 5334 ⁸⁹
1601 5302 1736 5358 ibid.

663 5425 779 5496 (87)
821 5423 956 5493 Reg.
996 5421 1246 5496 _pr_imus_.
1293 5428 1478 5496 sex_tus
1498 5426 1570 5496 _et
1612 5428 1834 5496 octayus
1879 5433 2004 5496 cum
2056 5417 2174 5471 aliis

595 5488 765 5550 tribus
799 5488 930 5548 mss:
956 5490 1188 5544 πλούτου
1217 5488 1469 5560 ὓπαρξιν.
1498 5489 1696 5543 Vocem
1733 5488 1967 5560 ὕπαρξιν
2004 5503 2176 5559 neque

595 5566 724 5621 editi
763 5572 1082 5632 agnoscunt,
1113 5575 1287 5632 neque
1321 5560 1410 5632 alii
1444 5569 1554 5613 tres
1595 5574 1728 5632 mss.

669 5622 964 5705 (88)’ξίοεᾇ
986 5622 1168 5705 aestus
1188 5622 1557 5705 throuipevoq
1583 5622 1735 5690 οὗτος
1767 5630 1795 5681 ὁ
1815 5628 1976 5705 filio;

672 5699 1085 5830 (w'glu'ﬂegii
1118 5701 1326 5784 primus
1350 5715 1406 5753 et
1434 5713 1680 5781 octavus,
1712 5710 1765 5779 et
1806 5699 1958 5751 Colb.
1987 5712 2176 5751 secun—

677 5793 725 5830 s.
810 5783 922 5826 eest
950 5771 1092 5825 ὥστε
1118 5786 1169 5824 tn
1200 5771 1360 5825 editis
1390 5779 1444 5822 et
1475 5786 1526 5823 tn
1567 5770 1840 5830 aliquibus
1873 5783 2001 5824 mss.
2035 5765 2175 5822 LXX

603 5765 725 5833 dus.
765 5765 922 5830 Deest
950 5765 1092 5825 ὥστε
1118 5765 1169 5824 in
1200 5770 1360 5825 editis
1390 5779 1444 5822 et
1475 5772 1526 5823 in
1567 5769 1840 5834 aliquibus
1873 5783 2001 5824 mss.
2035 5765 2175 5822 LXX

603 5861 732 5902 vero
760 5855 814 5902 et
844 5844 1008 5901 Coisl.
1036 5842 1241 5913 primus
1266 5840 1359 5895 τοῦ
1387 5838 1752 5913 διαχωρίζειν.

2266 4637 2377 4706 (91)
2413 4635 2630 4690 διπλοῦν
2663 4635 2770 4688 τῶν
2810 4637 3145 4706 προσώπωνς
3183 4633 3458 4704 ΙΙανταχοῦ
3501 4635 3564 4703 τῇ
3627 4633 3834 4704 ἱστορίᾳ

2266 4727 2326 4780 τὸ
2361 4727 2536 4797 δόγμα
2561 4727 2660 4796 τῆς
2694 4723 2971 4792 θεολογίας
2997 4723 3272 4794 μυστικῶς
3320 4722 3829 4794 συμπαρέσπαρται.

2267 4820 2376 4874 Καὶ
2404 4822 2436 4890 ἡ
2457 4819 2614 4891 χρεία
2642 4817 2960 4887 πρόσκειται
2987 4818 3083 4885 τῆς
3101 4815 3207 4868 τῶν
3230 4816 3526 4884 φωστήρων
3550 4816 3832 4881 γενέσεωςο

2269 4915 2374 4977 Ek.
2415 4910 2663 4979 φαῡσιν,
2720 4908 2917 4978 φησὶν,
2967 4906 3067 4960 ἐπὶ
3095 4905 3205 4974 τῆς
3247 4905 3374 4974 γῆς.
3413 4905 3475 4957 Εἰ
3521 4906 3833 4978 προειλήφει

2269 5005 2363 5056 τοῦ
2421 5001 2660 5071 φωτὸςή
2711 5000 2944 5068 γένεσις,
2975 4997 3093 5060 πῶς
3140 4999 3232 5050 νῦν
3270 5001 3297 5051 ὁ
3349 4997 3497 5066 ἥλιος
3549 4998 3708 5051 πάλιν
3753 5003 3834 5065 είς

2268 5093 2495 5163 gratim?
2532 5093 2745 5160 λέγεται
2788 5091 3100 5160 γεγονέναι;
3132 5091 3348 5160 Πρῶτον
3383 5090 3481 5159 μὲν
3518 5087 3610 5143 οὖν
3635 5092 3730 5159 τῆς
3762 5092 3836 5144 λέ-

2269 5184 2403 5252 ξεως
2439 5183 2550 5254 (92)
2584 5184 2643 5236 τὸ
2671 5184 2973 5254 ίδιότροπον
3020 5182 3220 5253 μηδένα
3255 5199 3334 5234 σοι
3363 5182 3580 5234 κινείτω
3609 5184 3830 5251 γέλωτα,

2340 5412 2450 5483 (90)
2479 5411 2566 5483 ω
2601 5411 2836 5480 quinque
2870 5408 3333 5483 mss._Editi_vero
3356 5405 3692 5475 ἀγνοοῦντες.

2341 5476 2452 5554 (91)
2477 5476 2824 5554 Κεε.”εειῐυε
2849 5483 2906 5554 έν
2931 5479 3106 5548 τούτῳ
3128 5478 3207 5530 τό.
3234 5477 3522 5545 Aliquanto
3549 5487 3668 5545 post
3689 5476 3830 5534 Colb.

2271 5551 2541 5631 secundus
2576 5552 2732 5631 χρεία
2765 5551 3068 5631 πρόκειται.

2344 5623 2458 5693 (92)
2502 5615 2651 5693 μοιιῇ
2685 5615 2873 5693 tertius
2897 5629 3204 5693 etoctavns
3249 5618 3445 5693 λέξεως
3483 5615 3662 5693 ἡμιῦν.
3693 5617 3833 5693 Desit

2273 5687 2492 5772 deratur
2522 5690 2758 5772 qumv‘et
2790 5690 2842 5743 in
2880 5689 3044 5770 editis
3072 5699 3124 5742 et
3156 5690 3206 5741 in
3242 5689 3360 5772 aliis
3397 5703 3523 5772 mss.
3559 5687 3834 5772 Moxﬂediti

2275 5763 2403 5833 παρ’
2452 5756 2625 5833 ὑμῶν.
2671 5761 2744 5833 At
2781 5775 2910 5813 mss.
2957 5760 3207 5833 quinque
3246 5767 3301 5833 u_t
3344 5757 3394 5811 in
3448 5767 3615 5833 textu.
3668 5756 3832 5812 Codex

2275 5828 2519 5891 Cohibef.
2548 5846 2668 5887 cum
2700 5831 2871 5886 altero
2898 5845 3000 5886 ms.
3033 5829 3163 5900 παρ’
3187 5829 3330 5898 ἡμῖν,
3365 5842 3469 5883 non
3502 5828 3573 5881 ita
3607 5837 3768 5883 recte.
