4062 6462
250 428 349 481 121

1346 414 1644 473 IlOMlLlA
1685 414 1753 469 Vl
1795 414 1860 470 IN
1900 409 2378 467 HEXAEMERON

3394 404 3497 460 ΗΞ

247 541 407 611 εἴπερ
442 538 515 608 μὴ
554 532 798 607 ἑπόμεθα
838 533 956 598 ταῖς
992 533 1120 607 παρ’
1152 528 1279 601 ύμῖν
1312 530 1562 597 ἐκλογαῖς
1594 527 1701 581 τῶν
1736 529 1819 599 ρη-

1925 542 2110 581 eorum
2140 526 2525 583 constructioni
2562 525 2864 578 studemus.
2902 522 3053 593 Apud
3088 537 3185 577 nos
3212 522 3354 576 enim
3390 538 3496 575 nun

250 630 458 701 μάτων,
489 628 626 699 μηδὲ
644 628 705 680 τὸ
737 626 838 696 τῆς
869 624 1069 687 θέσεως
1110 621 1289 677 αὐτῶν
1319 620 1591 693 εὔρυθμον
1627 622 1822 691 ἐπιτη-

242 720 491 791 δεύομεν.
521 720 595 773 Οὐ
623 719 732 789 γὰρ
754 717 1006 789 τορευταὶ⁵
1030 714 1227 781 λέξεων
1257 714 1386 786 παρ’
1418 715 1548 786 ἡμῖν
1577 728 1589 742 ’
1622 712 1742 765 οὐδὲ
1763 712 1823 764 τὸ

243 811 439 882 εὔηχον
486 810 595 863 τῶν
651 809 866 878 φωνῶν,
918 806 1054 861 ἀλλὰ
1090 806 1152 859 τὸ
1174 804 1425 876 εὔσημον
1472 803 1581 856 τῶν
1621 802 1822 873 ὀνομά-

242 920 352 955 των
378 901 482 971 (95)
505 900 777 971 πανταχοῦ
805 898 1211 971 προτιμότερον.
1241 896 1437 950 Σκόπει
1470 894 1647 949 τοίνυν
1674 896 1722 946 εί
1748 892 1822 965 μὴ

243 992 334 1045 διὰ
396 995 494 1063 τῆς
524 995 802 1062 ψαύσεως
845 989 1159 1061 ἀρκούντως
1214 984 1818 1058 ὲνέφηνενὸὲὸούλετο·

243 1084 365 1137 ἀντὶ
393 1090 500 1157 γάρ
524 1085 618 1137 τοῦ
648 1081 925 1153 φωτισμοῦ
956 1081 1054 1152 τὴν
1090 1080 1320 1150 φαῦσιν
1338 1078 1742 1153 εἷρηκεν.Ἐστι
1765 1074 1822 1131 δὲ

241 1178 397 1231 οὐδὲν
433 1177 733 1248 μαχόμενον
762 1175 920 1228 τοῦτο
944 1179 1056 1240 τοῖς
1088 1175 1217 1246 περ)⁵
1254 1172 1345 1227 τοῦ
1383 1173 1557 1242 φωτὸς
1591 1170 1821 1240 εἰρημέ-

242 1287 373 1333 νοις.
395 1271 529 1323 Τότε
556 1271 651 1340 μὲν
674 1269 781 1338 γὰρ
804 1268 939 1337 αὐτὴ
962 1266 1055 1321 τοῦ
1084 1266 1260 1335 φωτὸς
1288 1266 1321 1336 ἠ
1350 1266 1510 1335 φύσις
1540 1261 1817 1333 παρήχθη·

241 1360 339 1414 νῦν
377 1360 431 1413 δὲ
465 1361 525 1413 τὸ
549 1358 769 1429 ἡλιακὸν
798 1357 959 1411 τοῦτο
986 1357 1144 1427 σῶμα
1176 1356 1358 1427 ὄχημα
1386 1350 1525 1408 εἶναι
1561 1351 1639 1422 τῷ
1673 1368 1823 1421 πρω-

240 1453 445 1522 τογόνῳ
495 1449 685 1520 ἐκείνῳ
717 1451 855 1519 φωτὶ
889 1448 1352 1521 παρεσκεύασται.
1399 1447 1487 1509 Ὠς
1532 1445 1644 1516 γὰρ
1695 1444 1822 1497 ἄλλο

241 1544 303 1597 τὸ
342 1544 470 1613 πῦρ,
503 1543 599 1596 καὶ
620 1542 748 1597 ἄλλο
776 1545 803 1595 ό
832 1542 1056 1611 λύχνος’
1090 1541 1151 1595 τὸ
1182 1542 1279 1612 μὲν
1315 1539 1410 1610 τὴν
1434 1538 1530 1591 τοῦ
1565 1537 1821 1606 φωτίζειν

238 1638 469 1706 δύναμιν
530 1637 671 1707 ἔχον,
730 1636 792 1689 τὸ
850 1635 906 1689 δὲ
968 1634 1327 1704 παραφαίνειν
1379 1633 1491 1693 τοῖς
1547 1629 1824 1699 δεομένοις

240 1728 639 1797 πεποιημένονο
670 1726 812 1782 οὕτω
844 1727 939 1781 καὶ
969 1727 1047 1797 τῷ
1076 1724 1449 1795 καθαρωτάτῳ
1483 1722 1675 1793 ἐκείνῳ
1727 1721 1823 1775 καὶ

240 1822 525 1892 εἰλικρινεῖ
575 1822 669 1874 καὶ
726 1821 880 1891 άΰλῳ
927 1819 1066 1889 φωτὶ
1115 1818 1299 1888 ὄχημα
1326 1817 1419 1869 νῦν
1446 1819 1494 1871 oi
1534 1815 1819 1886 φωστῆρες

239 1914 779 1983 κατεσκευάσθησαν.
820 1914 905 1975 Ὡς
929 1911 1037 1981 γὰρ
1069 1912 1098 1962 ό
1145 1910 1465 1972 Ἀπόστολος
1491 1907 1639 1975 λέγει
1669 1904 1819 1965 τινὰς

240 2006 535 2076 φωστῆρας
565 2006 620 2056 ὲν
651 2004 858 2075 κόσμῳ,
882 2001 1009 2055 ἄλλο
1038 2000 1091 2054 δέ
1118 2002 1233 2054 ἐστι
1259 2018 1373 2070 φως
1403 1998 1496 2052 τοῦ
1520 1997 1725 2068 κόσμου
1758 1995 1820 2048 τὸ

238 2096 514 2167 ἀληθινὸν,
544 2087 606 2147 οὗ
668 2094 809 2146 κατὰ
867 2091 1084 2162 μέθεξιν
1141 2093 1191 2145 oi
1224 2092 1367 2160 ἆγιοι
1401 2091 1685 2159 φωστῆρες
1708 2087 1820 2155 ἐγί-

236 2206 391 2243 νοντο
417 2188 525 2241 τῶν
575 2185 782 2256 ψυχῶν,
807 2184 874 2247 ἃς
914 2184 1218 2248 ἐπαίδευον,
1244 2183 1339 2236 τοῦ
1382 2183 1605 2245 σκότους
1649 2179 1821 2244 αὐτὰς

236 2282 337 2352 τῆς
365 2280 583 2349 ἀγνοίας
611 2278 894 2348 ρυόμιενοι⁸
935 2276 1077 2330 οὕτω
1113 2277 1206 2330 καὶ
1238 2274 1333 2328 νῦν
1384 2276 1474 2328 τὸν
1519 2274 1668 2343 ἥλιον
1698 2272 1821 2326 τοῦ·

234 2388 329 2425 τον
360 2371 438 2439 τῷ
465 2369 749 2437 φανοτάτῳ
784 2368 979 2438 ἐκείνῳ
1022 2368 1391 2429 ἐπισκευάσας
1446 2364 1585 2433 φωτὶ
1636 2366 1666 2416 ό
1710 2361 1817 2415 τῶν

238 2464 376 2518 ὅλων
404 2461 733 2534 δημιουργὸς
756 2463 885 2534 περὶ
920 2462 1013 2515 τὸν
1042 2460 1246 2530 κόσμον
1280 2458 1503 2528 ἀνῆψεν.

306 2555 358 2610 3.
394 2555 505 2608 Καὶ
528 2555 716 2625 μηδενὶ⁸
739 2554 965 2607 ἄπιστον
992 2550 1127 2606 εἶναι
1156 2550 1379 2604 δοκείτω
1400 2549 1461 2603 τὸ
1506 2547 1816 2621 εἰρημένον,

231 2646 318 2698 ὅτι
347 2643 474 2698 ἄλλο
522 2643 622 2714 μέν
653 2661 706 2697 τι
740 2642 834 2696 τοῦ
866 2642 1042 2712 φωτὸς
1070 2644 1103 2714 ἡ
1137 2641 1478 2713 λαμπρότης,
1512 2639 1640 2694 ἄλλο
1671 2638 1729 2692 δέ
1764 2654 1817 2691 τι

232 2736 297 2791 τὸ
329 2736 687 2805 ὑποκείμενον
719 2734 796 2807 τῷ
822 2735 961 2805 φωτὶ
982 2734 1161 2807 σῶμα.
1195 2733 1418 2805 Πρῶτον
1454 2732 1553 2803 μὲν
1582 2726 1675 2785 οὖν
1707 2729 1819 2800 (94)

234 2832 299 2884 ἐκ
344 2829 437 2884 τοῦ
483 2829 554 2883 τὰ
604 2828 835 2883 σύνθετα
884 2830 1059 2883 πάντα
1114 2828 1256 2881 οὓτω
1307 2826 1437 2897 παρ’
1477 2824 1634 2896 ἡμῶν
1677 2824 1815 2877 διαι-

237 2922 471 2994 ρεῖσθαι,
496 2921 577 2985 εἷς
592 2939 649 2974 τε
682 2920 779 2992 τὴν
803 2920 1058 2989 δεκτικὴν
1082 2920 1269 2971 οὐσίαν
1296 2918 1391 2970 καὶ
1436 2917 1515 2980 εἰς
1547 2915 1642 2986 τὴν
1698 2917 1819 2968 ἑπι-

237 3014 525 3084 συμὸᾶσαν
552 3014 687 3083 αὐτῇ
724 3012 1001 3080 ποιότητα.
1040 3009 1127 3071 Ὠς
1164 3004 1256 3061 οὖν
1287 3007 1472 3080 ῑτερον
1504 3006 1603 3078 μέν
1651 3024 1704 3059 τι
1749 3008 1815 3078 τῇ

235 3104 398 3174 φύσει
439 3106 473 3174 ή
519 3103 800 3171 λευκότης,
834 3100 1020 3172 ἕτερον
1081 3099 1140 3152 δέ
1179 3117 1232 3153 τι
1283 3099 1346 3153 τὸ
1386 3097 1817 3169 λελευκασμένον

1923 630 2049 675 sunt
2101 622 2195 691 qui
2253 620 2418 674 verba
2463 622 2729 672 tornando
2767 618 3103 686 exspoliant,
3150 629 3500 686 nequecura:

1922 720 2050 765 sunt
2077 726 2287 765 sonorae
2317 726 2495 775 voces,
2524 711 2615 765 sed
2648 709 2849 778 ubique
2879 708 3159 763 nominum
3193 706 3499 760 claritatem

1923 804 2318 868 anteponimus.
2357 803 2489 858 Vide
2516 803 2701 870 igitur,
2735 817 2864 855 num
2917 800 3054 854 satis
3083 800 3226 867 quod
3263 797 3499 860 volebat,

1924 907 2021 960 per
2045 894 2185 947 hanc
2213 908 2399 947 vocem
2432 892 2871 946 illuminationem
2897 886 3227 960 expresserit
3259 906 3273 944 :
3301 889 3501 958 quippe

1931 999 2029 1053 pro
2059 983 2342 1053 splendore
2372 983 2811 1037 illuminationem
2845 982 2997 1035 dixit.
3030 981 3141 1035 iloc
3168 991 3344 1034 autem
3375 995 3499 1034 cum

1925 1075 1990 1130 iis
2023 1091 2143 1145 qua:
2174 1076 2239 1130 de
2264 1075 2381 1129 luce
2410 1074 2551 1129 dicta
2577 1086 2723 1137 sunt,
2758 1073 2890 1128 nihil
2918 1082 3142 1144 pugnat.
3178 1072 3327 1128 Tunc
3351 1072 3496 1126 enim

1926 1168 2183 1235 producta
2214 1178 2297 1221 est
2323 1169 2437 1236 ipsa
2459 1166 2596 1221 lucis
2634 1175 2824 1220 natura
2857 1184 2871 1219 :
2907 1180 3049 1219 nunc
3079 1176 3259 1218 autem
3291 1175 3374 1217 est
3405 1178 3498 1218 so-

1926 1256 2041 1311 lare
2072 1257 2203 1311 illud
2242 1271 2441 1326 corpus
2484 1259 2787 1320 conditum,
2824 1258 3130 1311 vehiculum
3169 1268 3226 1310 ut
3267 1260 3339 1311 sit
3388 1256 3500 1325 pri-

1925 1348 2211 1415 mogenitae
2250 1348 2325 1403 illi
2372 1349 2498 1403 luci.
2529 1348 2995 1415 Quemadmodum
3034 1348 3181 1401 enim
3223 1346 3368 1401 aliud
3417 1356 3503 1404 est

1924 1440 2087 1511 ignis,
2144 1440 2288 1496 aliud
2331 1441 2549 1496 lucerna
2581 1442 2695 1496 :illi
2731 1442 2951 1510 quidem
2986 1440 3070 1495 vis
3113 1442 3254 1495 inest
3301 1439 3501 1493 illumi-

1926 1535 2110 1599 nandi,
2151 1535 2266 1589 haec
2323 1550 2451 1588 vero
2489 1534 2553 1587 ad
2607 1534 2790 1589 lumen
2828 1537 3113 1604 egentibus
3146 1535 3497 1605 praebendum

1923 1626 2186 1681 fabricata
2218 1636 2340 1680 est:
2375 1626 2454 1681 sic
2502 1629 2665 1680 etiam
2700 1626 2808 1681 luci
2850 1627 2921 1680 illi
2964 1628 3270 1696 purissimae
3328 1626 3501 1680 since-

1926 1731 2108 1785 raeque
2146 1726 2203 1771 et
2242 1718 2484 1771 materia:
2522 1718 2728 1784 experti
2765 1732 2865 1772 ceu
2891 1717 3196 1771 vehiculum
3223 1718 3309 1770 illa
3334 1717 3494 1771 lumi-

1925 1810 2074 1861 naria
2127 1823 2269 1861 nunc
2300 1821 2604 1878 praeparata
2653 1819 2800 1865 sunt.
2847 1809 2999 1865 Sicut
3024 1811 3167 1866 enim
3210 1810 3500 1879 Apostolus

1852 1887 1892 1940 Β
1921 1900 2183 1967 quosdam
2233 1900 2311 1953 ait
2346 1915 2470 1956 esse
2510 1902 2797 1957 luminaria
2849 1904 2902 1957 in
2953 1907 3155 1959 mundo
3174 1905 3254 1969 ⁶¹;
3288 1905 3381 1958 sed
3411 1910 3497 1959 est

1923 2000 2100 2045 tamen
2142 1990 2248 2045 alia
2299 1991 2389 2046 lux
2447 1993 2632 2046 mundi
2683 2008 2845 2058 vera;
2874 1995 3025 2064 cujus
3053 1996 3492 2064 participatione,

1922 2086 2098 2140 sancti
2142 2083 2271 2141 facti
2315 2094 2444 2139 sunt
2486 2086 2791 2140 animarum
2824 2102 2961 2155 quas
2986 2086 3305 2141 erudiebant
3335 2088 3497 2142 lumi-

1921 2178 2093 2244 naria,
2124 2178 2249 2231 dum
2276 2192 2372 2232 eas
2401 2177 2720 2245 ignorantia:
2774 2179 3011 2233 tenebris
3038 2179 3339 2234 eximerent
3370 2198 3383 2233 :
3422 2180 3496 2233 ita

1918 2272 2082 2323 etiam
2117 2286 2259 2325 nunc
2279 2271 2444 2325 solem
2484 2271 2648 2334 hunc,
2677 2280 2799 2340 post
2831 2270 3323 2340 splendidissimam
3350 2271 3495 2326 illam

1919 2359 2094 2413 lucem
2140 2362 2441 2426 conditum,
2473 2362 2525 2415 in
2575 2363 2777 2416 mundo
2831 2363 3190 2417 exsuscitavit
3247 2363 3499 2419 conditor

1918 2452 2324 2508 universorum.

1990 2568 2046 2626 3.
2088 2568 2197 2623 Nec
2219 2568 2469 2638 cuiquam
2492 2569 2810 2625 incredibile
2835 2570 3082 2624 videatur
3115 2570 3257 2639 quod
3282 2570 3492 2627 dictum

1919 2669 2022 2724 est,
2060 2660 2196 2714 lucis
2226 2661 2434 2716 scilicet
2465 2662 2808 2729 splendorem
2858 2662 3003 2716 aliud
3034 2664 3291 2732 quiddam
3323 2676 3490 2719 esse:

1920 2750 2122 2818 aliquid
2164 2766 2293 2804 vero
2344 2750 2509 2813 aliud,
2547 2751 2723 2819 ipsum
2777 2766 2976 2819 corpus
3028 2753 3129 2807 luci
3166 2752 3493 2821 subjecmm.

1919 2842 2159 2896 Primum
2191 2841 2410 2912 quidem
2438 2856 2503 2897 ex
2534 2858 2600 2897 eo
2628 2843 2771 2913 quod
2822 2845 3115 2913 composita
3145 2845 3326 2900 omnia
3354 2846 3434 2901 sic
3462 2862 3493 2901 a

1919 2932 2076 2987 nobis
2122 2932 2458 2997 dividantur,
2508 2942 2563 2987 et
2616 2936 2669 2989 in
2722 2937 3072 3004 recipientem
3102 2936 3491 3003 substantiam,

1918 3032 1973 3076 et
2002 3023 2054 3076 in
2091 3023 2411 3091 qualitatem
2459 3024 2562 3095 ipsi
2593 3025 2992 3080 advenientem.
3025 3026 3494 3093 Quemadmodum

1923 3115 2088 3184 igitur
2123 3115 2271 3169 aliud
2314 3125 2508 3171 natura
2552 3126 2633 3173 est
2670 3117 2843 3181 albur,
2869 3118 3014 3172 aliud
3048 3134 3248 3189 corpus
3278 3122 3499 3175 dealba-

238 3197 419 3265 σῶμα,
453 3193 595 3248 οὕτω
626 3194 720 3247 καὶ
766 3191 836 3246 τὰ
855 3191 952 3246 νῦν
994 3192 1279 3263 εἰρημένα,
1309 3190 1542 3262 διάφορα
1572 3190 1701 3244 ὄντα
1747 3191 1812 3259 τῇ

1922 3216 2035 3260 tum
2068 3222 2080 3258 :
2112 3208 2191 3261 sic
2218 3208 2380 3261 etiam
2417 3223 2538 3277 quae
2596 3212 2755 3263 modo
2800 3211 3109 3275 retulimus,
3141 3211 3267 3267 licet
3302 3223 3495 3267 natura

237 3287 398 3356 φύσει
427 3285 561 3357 (95),
608 3285 812 3356 ἥνωται
860 3287 926 3356 τῇ
960 3285 1187 3355 δυνάμει
1234 3282 1327 3337 τοῦ
1371 3283 1675 3344 κτίσαντος.
1706 3280 1815 3333 Καὶ

1922 3298 2153 3359 diversa,
2184 3305 2362 3351 tamen
2395 3297 2671 3354 Creatoris
2701 3302 2935 3371 potentia
2986 3300 3138 3357 fuere
3183 3301 3494 3371 conjuncta.

241 3381 316 3451 μή
357 3396 445 3451 μοι
478 3378 602 3448 λέγε
633 3378 869 3433 ἀδύνατα
906 3374 1043 3431 εἶναι
1074 3376 1247 3431 ταῦτα
1282 3376 1375 3429 ἀπ’
1401 3374 1644 3446 ἀλλήλων
1683 3373 1818 3427 διαι-

237 3469 473 3543 ρεῖσθαι.
502 3468 638 3523 Οὐδὲ
680 3467 790 3538 γὰρ
818 3466 928 3536 ἐγὼ
960 3466 1058 3538 τὴν
1083 3466 1346 3537 διαίρεσιν
1372 3465 1467 3520 τοῦ
1494 3464 1670 3535 φωτὸς
1710 3463 1819 3518 ἀπὺ

165 3594 168 3599 ~
234 3560 332 3615 τοῦ
352 3559 576 3634 ἡλιακοῦ
604 3558 849 3628 σώματος
881 3558 1005 3627 ἐμοὶ
1027 3557 1119 3609 καὶ
1142 3557 1224 3608 σοὶ
1238 3556 1465 3625 δυνατὴν
1491 3552 1628 3608 εἷναί
1654 3571 1815 3625 φημι,

234 3652 351 3706 ἀλλ’
380 3654 466 3705 ὅτι
494 3649 530 3704 ἃ.
558 3651 691 3719 ἡμῖν
728 3651 795 3720 τῇ
828 3648 1041 3719 ἐπινοίᾳ
1069 3648 1185 3700 ἐστὶ
1220 3647 1485 3718 χωριστὰ,
1513 3645 1686 3700 ταῦτα
1735 3646 1821 3700 δύ-

237 3759 396 3797 ναται
427 3742 521 3797 καὶ¹
565 3742 700 3813 αὐτῇ
728 3744 795 3813 τῇ
849 3741 1100 3814 ἐνεργείᾳ
1154 3739 1307 3812 παρὰ
1330 3738 1425 3793 τοῦ
1462 3739 1687 3811 ποιητοῦ
1720 3739 1820 3809 τῆς

238 3836 455 3906 φύσεως
493 3834 671 3889 αὐτῶν
696 3834 994 3906 διαστῆναι.
1030 3834 1184 3887 Ἐπεὶ
1229 3832 1323 3886 καὶ
1353 3833 1434 3886 σοὶ
1468 3834 1568 3905 τὴν
1596 3849 1821 3886 καυστι-

238 3931 342 4000 κὴν
367 3928 596 3996 δύναμιν
632 3926 727 3979 τοῦ
768 3926 939 3997 πυρὸς
965 3924 1073 3978 ἀπὸ
1126 3925 1227 3994 τῆς
1271 3925 1653 3996 λαμπρότητος
1708 3943 1818 3995 χω-

241 4022 389 4094 ρίσαι
418 4018 730 4089 ἀμήχανονο
764 4017 793 4067 ὁ
841 4016 900 4069 δὲ
950 4014 1102 4078 Θεὸς,
1137 4014 1427 4086 παραδόξῳ
1474 4015 1707 4085 θεάματι
1728 4014 1819 4067 τὸν

234 4108 436 4167 ἑαυτοῦ
480 4108 787 4181 θεράποντα
828 4107 1154 4178 ἐπιπρέψαι
1184 4107 1523 4179 βουλόμενος,
1572 4106 1685 4180 πῦρ
1723 4110 1821 4162 ἑπ-

238 4205 407 4277 έθηκε
439 4207 511 4277 τῇ
558 4202 705 4274 βάτῳ
755 4201 866 4256 ἀπὸ
901 4202 1069 4273 μόνης
1114 4203 1214 4274 τῆς
1244 4203 1629 4275 λαμπρότητος
1670 4203 1822 4274 ἐνερ-

237 4294 391 4362 γοῦν,
424 4294 524 4366 τὴν
555 4292 612 4346 δὲ
659 4291 752 4344 τοῦ
783 4289 959 4344 καίειν
990 4290 1218 4360 δύναμιν
1274 4290 1639 4361 σχολάζουσαν
1674 4287 1817 4359 ἕχον.

248 4384 341 4445 Ὠς
389 4376 488 4436 καῖ
521 4386 549 4437 ό
581 4381 888 4452 Ψαλμῳδὸς
930 4381 1040 4453 (96)
1094 4384 1364 4452 μαρτυρεῖ
1405 4381 1607 4449 λέγων·
1645 4378 1819 4446 Φωνὴ

238 4474 464 4544 Κυρίου
509 4473 942 4538 διακόπτοντος
996 4472 1196 4541 φλόγα
1241 4471 1449 4539 πυρός.
1503 4470 1666 4524 Ὅθεν
1723 4469 1821 4523 καὶ

1917 3387 2028 3444 Nec
2059 3390 2188 3443 mihi
2216 3390 2422 3445 dixeris
2453 3391 2569 3446 ﬁeri
2606 3407 2709 3447 non
2755 3407 2936 3461 posse,
2970 3404 3026 3446 ut
3061 3394 3177 3449 lucc
3199 3408 3229 3447 a
3259 3410 3320 3450 se
3352 3397 3495 3450 invi-

1920 3494 2035 3532 cem
2068 3489 2406 3547 separentur.
2437 3479 2621 3548 Neque
2650 3483 2794 3536 enim
2817 3483 2904 3537 aio
2940 3484 3074 3538 lucis
3106 3499 3135 3538 a
3170 3486 3333 3541 solari
3364 3502 3489 3542 cor-

1923 3581 2055 3635 pore
2106 3571 2502 3636 separationem
2557 3574 2687 3627 mihi
2725 3583 2780 3628 et
2828 3575 2919 3628 tibi
2975 3589 3096 3631 esse
3130 3578 3490 3644 possibllem:

1922 3662 2019 3716 sed
2058 3676 2178 3729 qua:
2216 3674 2403 3718 nostra
2434 3668 2764 3737 cogitatione
2792 3669 2956 3723 dividi
2985 3681 3231 3739 possunt,
3262 3688 3324 3727 ea
3375 3674 3499 3729 diro

1920 3769 1950 3807 a
1986 3752 2091 3825 52
2111 3766 2321 3809 naturae
2347 3758 2631 3811 conditore
2660 3759 2823 3812 etiam
2851 3760 3030 3829 τεῖρε,
3064 3761 3273 3831 sejungi
3307 3778 3491 3833 posse.

1922 3844 2057 3899 Nam
2094 3857 2148 3902 et
2180 3857 2234 3901 tu
2262 3849 2369 3901 vim
2426 3849 2567 3915 ignis
2605 3850 2923 3906 adurentem
2948 3870 2977 3905 ιι
3016 3854 3301 3924 splendore
3340 3870 3496 3927 sepa-

1922 3951 2044 3992 rare
2087 3952 2428 4007 nequaquam
2467 3948 2659 4009 potes:
2704 3943 2841 3998 Deus
2893 3960 3044 4009 vero,
3078 3946 3169 4017 qui
3230 3947 3495 4007 famulum

1921 4042 2077 4082 suum
2122 4030 2389 4099 stupendo
2427 4032 2691 4089 miraculo
2747 4039 3024 4093 attrahere
3053 4038 3284 4103 volebat,
3319 4042 3497 4110 ignem

1923 4120 1978 4174 in
2037 4120 2172 4174 rubo
2234 4120 2510 4191 imposuit,
2552 4129 2644 4194 qui
2707 4124 3001 4182 eﬂlcaciam
3051 4144 3082 4183 a
3142 4130 3257 4185 solo
3310 4132 3497 4201 splen-

1922 4211 2054 4267 dore
2132 4214 2503 4274 mutuabatur,
2575 4216 2680 4269 vim
2751 4225 2933 4272 autem
3006 4222 3198 4276 urendi
3265 4222 3497 4282 habebat

1921 4302 2173 4355 otiosam.
2226 4300 2386 4355 Velut
2446 4304 2609 4357 etiam
2685 4306 2892 4362 Psaltes
2968 4318 3213 4374 testatur,
3261 4314 3495 4369 dicens:

1937 4388 2046 4445 Vox
2097 4389 2310 4444 Domini
2346 4392 2703 4451 intercidenlis
2740 4398 3008 4467 ﬂammam
3068 4400 3205 4470 ignis
3224 4401 3292 4456 ⁸².
3347 4402 3500 4461 Unde

1924 4483 2088 4537 etiam
2121 4498 2241 4537 cum
2286 4499 2467 4540 rerum
2508 4487 2559 4540 in
2612 4489 2719 4540 vita
2757 4498 3029 4558 gestarum
3082 4508 3291 4550 merces
3338 4499 3499 4551 retri-

242 4567 301 4618 ὲν
350 4564 469 4626 ταῖς
531 4561 640 4614 τῶν
691 4561 1039 4634 βεϐιωμένων
1090 4560 1222 4631 ἡμῖν
1288 4558 1676 4612 ἁνταποδόσεσι
1732 4557 1819 4612 λό-

1928 4572 2163 4636 buetur,
2227 4588 2458 4629 arcanus
2506 4577 2721 4645 quidam
2768 4557 2976 4635 isermo
3033 4597 3130 4637 nos
3196 4584 3351 4639 docet
3402 4602 3499 4640 na-

240 4671 337 4723 γος
356 4672 440 4719 τις
466 4654 613 4727 ἡμᾶς
644 4655 703 4705 ὲν
728 4655 1026 4727 ἀπορρήτῳ
1051 4652 1327 4718 παιδεύει,
1377 4652 1816 4724 διαιρεθήσεσθαι

239 4746 336 4801 τοῦ
360 4748 529 4819 πυρὸς
553 4748 652 4819 τὴν
685 4745 865 4816 φύσιν,
902 4748 998 4799 καὶ
1028 4746 1090 4800 τὸ
1124 4747 1223 4817 μὲν
1250 4747 1365 4817 φῶς
1407 4748 1486 4811 είς
1520 4746 1819 4800 ἀπόλαυσιν

241 4841 354 4903 τοῖς
374 4838 623 4903 δικαίοις,
649 4838 712 4892 τὸ
739 4837 795 4891 δὲ
834 4836 934 4909 τῆς
975 4838 1224 4903 καύσεως
1270 4840 1528 4912 ὀδυνηρὸν
1562 4841 1677 4902 τοῖς
1724 4856 1819 4893 κο-

242 4929 559 5003 λαζομένοις
591 4928 1089 5002 ἀποταχθήσεσθαι.
1126 4931 1356 4987 Ἔπειτα
1388 4933 1570 5003 μέντοι
1612 4933 1706 4985 καὶ
1755 4934 1820 4987 ὲκ

241 5025 352 5077 τῶν
386 5024 513 5097 περὶ⁸
546 5024 775 5097 σελήνην
824 5022 1012 5078 παθῶν
1044 5021 1267 5076 δυνατὸν
1324 5026 1473 5097 ἡμᾶς
1505 5024 1603 5095 τὴν
1635 5025 1819 5079 πίστιν

242 5115 350 5169 τῶν
376 5114 719 5187 ζητουμένων
750 5115 1031 5187 εὕρασθαι.
1068 5115 1322 5186 Δήγουσα
1348 5118 1456 5188 γὰρ
1474 5156 1488 5178 ,
1512 5116 1606 5169 καὶ
1637 5134 1816 5183 μειου-

246 5207 404 5278 μένη,
435 5208 556 5279 οὐχὶ
595 5204 673 5275 τῷ
731 5208 894 5262 παντὶ
945 5208 1143 5279 ἑαυτῆς
1194 5204 1406 5276 σώματι
1460 5208 1763 5262 δαπανᾶται
1801 5247 1816 5274 ,

304 5430 361 5462 οη
386 5430 617 5501 Philipp.
653 5446 714 5497 tt,
746 5430 834 5485 i5.
910 5433 955 5464 "
979 5432 1124 5492 Psal.
1159 5449 1348 5497 xxvm,
1379 5433 1409 5484 7

321 5636 433 5776 (93;
475 5636 605 5706 Reg.
632 5640 851 5707 quintus
876 5638 937 5691 τὺ
960 5638 1201 5712 εὔσημον
1229 5641 1337 5695 τῶν
1362 5642 1667 5712 νοημάτων.

323 5708 412 5771 (94
475 5707 566 5763 Sic
599 5709 835 5776 quinque
866 5725 998 5764 mss.
1025 5711 1180 5767 Deest
1206 5708 1298 5766 οὖν
1327 5714 1379 5767 iu
1405 5716 1582 5767 editis.
1614 5716 1667 5768 St

323 5707 433 5776 (94)
475 5707 566 5763 Sic
599 5709 835 5777 quinque
866 5725 998 5764 mss.
1025 5707 1180 5767 Deest
1206 5708 1298 5766 οὖν
1327 5714 1379 5767 iu
1405 5707 1582 5767 editis.
1614 5714 1811 5769 Statim

245 5776 695 5852 Colit_.__secttntlus
722 5782 849 5851 παρ’
874 5782 1024 5852 ἡμῖν.

321 5846 435 5917 (95)
476 5851 552 5904 ita
585 5849 755 5905 codex
786 5846 1029 5909 Com'bef.
1066 5866 1190 5908 cum
1217 5867 1309 5909 sex
1346 5852 1465 5908 aliis
1494 5868 1622 5909 mss.
1651 5852 1802 5917 Illud,

1928 4674 2102 4717 turam
2166 4665 2306 4734 ignis
2376 4667 2605 4721 divisum
2658 4670 2723 4726 iri
2757 4710 2774 4737 ,
2824 4681 2878 4728 et
2941 4672 3113 4729 lucem
3167 4678 3380 4745 quidem
3442 4678 3496 4735 in

1926 4754 2239 4812 fruitionem
2265 4756 2445 4825 iustis,
2471 4759 2770 4815 adustionis
2819 4777 2948 4817 vero
2992 4766 3343 4823 acerbitatem
3394 4787 3498 4840 pu-

1928 4847 2140 4902 niendis
2199 4848 2571 4904 destinandam
2618 4867 2759 4907 esse.
2809 4853 3009 4912 Deinde
3048 4872 3177 4913 vero
3227 4862 3388 4916 etiam
3430 4880 3498 4920 ex

1928 4938 2070 4992 lunae
2122 4937 2593 4997 vicissitudinibus
2657 4943 2817 5000 ﬁdem
2867 4950 3108 5017 quaesitis
3141 4951 3334 5009 ,σει-τε
3376 4972 3503 5026 pos-

1929 5044 2137 5084 sumus.
2178 5029 2470 5087 Enimvero
2509 5034 2634 5089 dum
2690 5038 2923 5103 desinit,
2959 5050 3015 5095 et
3056 5045 3341 5113 decrescit,
3389 5063 3499 5106 non

1932 5132 2045 5176 IOIO
2100 5124 2182 5177 sui
2218 5125 2386 5194 ipsius
2419 5141 2647 5198 corpore
2698 5134 3059 5197 consumitur.
3115 5138 3211 5193 sed
3259 5140 3497 5195 circum-

1930 5214 2160 5283 positam
2204 5216 2377 5273 lucem
2418 5221 2710 5289 deponens,
2748 5234 2803 5279 et
2834 5225 3026 5282 iterum
3054 5244 3360 5297 assumens,
3400 5236 3497 5291 de-

1918 5647 1986 5715 τῇ
2020 5645 2199 5714 φύσει,
2244 5646 2583 5703 desideratur
2617 5650 2670 5703 in
2707 5651 2885 5705 editis.
2922 5650 3119 5709 Ibidem
3154 5656 3292 5710 idem
3324 5658 3499 5713 codex

1919 5716 2245 5790 Cutrtbel'._et
2275 5719 2364 5772 alii
2397 5720 2503 5773 duo
2526 5721 2786 5790 ἦνωνται.

1992 5785 2103 5862 (ἕξεί)
2144 5786 2393 5845 Nonnulli
2433 5785 2566 5849 mss.
2589 5793 2618 5844 ὁ
2649 5790 2883 5862 ψαλμός.
2927 5791 3046 5850 Mos
3083 5812 3221 5852 unus
3258 5811 3360 5853 ms.
3390 5797 3504 5853 διαρ

1913 5856 2196 5919 κοπόντος.
