4062 6448
557 371 664 426 ηδ

1897 374 1956 432 S.
1998 375 2242 430 BASILll
2282 371 2496 430 MAG-Nl

3717 379 3830 434 (2:.

556 480 822 536 crementi
847 481 1082 551 speciem
1108 492 1162 536 et
1186 483 1509 538 incrementi
1538 485 1692 540 nobis
1715 485 1951 541 exhibet.
1981 487 2130 552 Quod

2240 488 2371 541 ἀλλά
2394 490 2454 553 τὸ
2471 489 2851 559 περικείμενον
2883 494 2998 562 φῶς
3018 494 3384 564 ἀποτιθεμένη
3421 495 3514 546 καὶ
3544 493 3835 564 προσλαμ-

556 585 736 629 autem
768 574 905 627 lunae
927 590 1144 643 corpus,
1175 575 1291 645 ipsa
1320 576 1534 644 silente,
1565 593 1672 631 non
1704 579 2038 645 absumatur,
2067 595 2130 634 ea

555 681 676 736 qua:
698 667 998 730 cernimus,
1021 669 1305 722 evidenter
1333 670 1583 739 probant.
1614 669 1745 723 Nam
1771 670 1823 723 in
1848 686 1970 725 aere
1997 687 2132 741 puro

554 759 811 827 omnique
855 759 1047 814 nebula
1101 771 1357 831 purgato,
1415 779 1538 818 cum
1593 766 1832 819 ittaxime
1882 763 2130 820 falcatam

549 848 782 919 ﬁguram
812 852 971 907 habet
1001 853 1151 916 luna,
1183 852 1314 910 licet
1340 857 1439 910 tibi
1474 858 1772 911 observare
1801 873 1865 912 ac
1911 858 2127 923 videre,

549 953 764 1010 partem
804 942 970 1010 ipsius
998 945 1285 998 obscuram
1320 962 1384 1000 ac
1408 948 1526 1001 luce
1551 948 1892 1010 destitutam,
1925 964 1952 1000 a
1986 959 2131 1003 tanta

555 1044 850 1088 curvatura
876 1036 1280 1101 circumscribi,
1311 1049 1514 1107 quanta
1547 1039 1598 1092 in
1630 1039 1942 1108 pleniluniis
1966 1050 2131 1094 totam

550 1118 729 1193 ipsam
757 1125 960 1194 explet.
996 1126 1360 1192 Quamobrem
1398 1129 1636 1183 circulus
1664 1129 1946 1183 absolutus
1987 1130 2134 1185 clare

555 1217 910 1288 conspicitur,
954 1219 1002 1273 si
1045 1221 1204 1275 modo
1237 1223 1384 1276 visus
1417 1238 1644 1290 opacum
1682 1233 1736 1276 et
1780 1223 2133 1291 caliginosum

547 1309 736 1362 sinum
778 1310 844 1363 ad
887 1320 1098 1380 partem
1139 1313 1498 1367 illuminatam
1537 1311 1758 1368 referat.
1796 1314 1908 1369 Nec
1949 1317 2133 1380 dicas,

554 1415 758 1472 quaeso,
791 1402 967 1457 lucem
1005 1403 1145 1458 lunae
1183 1405 1545 1458 adventitiam
1574 1419 1718 1472 esse,
1750 1421 1814 1458 eo
1857 1406 2002 1475 quod
2038 1409 2138 1460 im-

556 1495 841 1560 minuitur,
872 1496 997 1549 dum
1043 1496 1107 1549 ad
1147 1496 1317 1549 solem
1351 1491 1586 1560 accedit,
1631 1496 1826 1549 iterum
1860 1512 1990 1550 vero
2039 1515 2136 1549 an-

549 1597 738 1657 ‘getur,
780 1588 906 1641 dum
955 1587 1206 1643 discedit.
1257 1583 1442 1654 Neque
1498 1587 1643 1640 enim
1695 1587 1825 1640 illud
1883 1589 2039 1641 nobis
2084 1590 2134 1641 in

553 1679 807 1747 praesenti
839 1679 1276 1745 investigandum
1313 1678 1655 1746 proponitur,
1696 1680 1790 1732 sed
1819 1680 1960 1747 quod
1989 1679 2134 1731 aliud

552 1779 638 1822 est
677 1782 879 1838 corpus
926 1767 1118 1837 ipsius,
1168 1768 1315 1822 aliud
1351 1770 1432 1821 vis
1469 1768 1804 1825 illuminans,
1840 1771 1982 1824 Sane
2031 1769 2138 1824 tale

2242 580 2477 633 ϐάνουσα
2508 581 2690 645 πάλιν,
2727 584 3078 649 ἐλαττώσεως
3105 589 3235 655 ἡμῖν
3286 588 3378 639 καὶ
3405 586 3685 657 αὐξήσεως
3728 588 3836 648 τὰς

2243 675 2540 742 φαντασίας
2562 679 2877 747 παρέχεται.
2903 679 3009 732 Τοῦ
3037 681 3091 732 δὲ
3121 681 3194 750 μὴ
3225 679 3356 733 αὐτὸ
3377 680 3436 731 τὸ
3469 680 3624 750 σῶμα
3659 679 3837 747 αὐτῆς

2241 764 2513 834 ληγούσης
2537 767 3004 821 ἀπαναλίσκεσθαι
3023 769 3250 838 ἐναργὲς
3285 767 3665 838 μαρτύριοντά
3698 754 3834 836 ὁρώ-

2246 875 2403 928 μενα.
2451 859 2667 922 Ἔξεστι
2696 862 2804 930 γάρ
2843 878 2922 913 σοι
2970 861 3061 914 καὶ
3107 863 3164 912 ἐν
3196 859 3422 931 καθαρῷ
3449 851 3526 928 τῷ
3552 862 3674 929 ἀέρι
3736 861 3838 912 καὶ

2245 953 2423 1021 πάσης
2453 953 2646 1022 ἀχλύος
2664 954 3088 1024 ἀπηλλαγμένῳ,
3116 956 3244 1006 ὅταν
3278 953 3511 1023 μάλιστα
3544 951 3838 1022 μηνοειδὴς

2241 1045 2488 1116 τυγχάνῃ
2519 1046 2657 1099 κατά
2687 1047 2747 1099 τὸ
2781 1047 2968 1117 σχῆμα
2999 1049 3392 1117 ὲπιτηρήσαντι
3425 1045 3562 1114 (97),
3595 1044 3838 1097 κατιδεῖν

2241 1138 2303 1191 τὸ
2336 1139 2588 1208 ἀλαμπὲς
2635 1140 2806 1208 αὐτῆς
2856 1149 2948 1193 καὶ
3003 1139 3306 1208 ἀφώτιστον
3353 1139 3457 1191 ὑπὸ
3498 1136 3840 1206 τηλικαύτης

2243 1229 2430 1298 ἁψῖδος
2468 1231 2960 1300 περιγραφόμενον,
3016 1232 3174 1304 ήλίκη
3223 1231 3330 1300 (98)
3382 1233 3438 1282 έν
3471 1233 3589 1292 ταῖς
3626 1245 3838 1282 πανσεο

2245 1321 2424 1392 λήνοις
2472 1321 2571 1392 τὴν
2619 1324 2797 1375 πᾶσαν
2825 1324 2992 1395 αὐτὴν
3027 1323 3316 1395 ἐκπληροῖ.
3345 1321 3505 1376 Ὥστε
3540 1321 3838 1391 τηλαυγῶς

2245 1413 2648 1484 ἀπηρτισμένον
2674 1411 3006 1483 καθορᾶσθαι
3030 1415 3120 1467 τὸν
3151 1414 3349 1467 κύκλον
3379 1413 3456 1483 τῷ
3487 1412 3840 1484 περιλαμπο-

2249 1504 2392 1573 μένῳ
2432 1504 2588 1574 μέρει
2618 1503 2710 1556 τὸν
2747 1504 2963 1570 σκιερὸν
2997 1506 3092 1559 καὶ
3128 1496 3339 1576 ἀερώδη
3375 1504 3572 1557 κόλπον
3602 1520 3839 1556 συνανα-

2248 1597 2518 1667 φερούσης
2565 1596 2667 1665 τῆς
2697 1595 2892 1664 ὄψεως.
2948 1591 3054 1648 καὶ
3104 1600 3175 1668 μή
3212 1615 3299 1668 μοι
3343 1596 3466 1664 λέγε
3506 1597 3838 1649 ἐπείσακτον

2246 1683 2383 1740 εἶναι
2430 1692 2529 1759 τῆς
2577 1690 2807 1761 σελήνης
2837 1689 2897 1741 τὸ
2929 1686 3064 1757 φῶς,
3097 1681 3230 1742 διότι
3261 1671 3507 1764 μειοῦται
3542 1691 3639 1758 μὲν
3694 1688 3837 1760 πρὸς

2245 1779 2392 1849 ἣλιον
2417 1780 2694 1850 φερομένη
2747 1778 2968 1843 αὔξεται
2999 1779 3054 1831 δὲ
3090 1781 3248 1832 πάλιν
3283 1779 3651 1850 ἀφισταμένη.
3696 1779 3838 1832 Οὐδὲ

556 1861 833 1930 quidpiam
864 1861 993 1914 mihi
1029 1861 1202 1930 cogita
1231 1861 1374 1916 etde
1402 1859 1516 1917 sole
1544 1881 1557 1916 :
1597 1874 1953 1931 praeterquam
1989 1865 2129 1932 quod

2247 1867 2354 1938 γὰρ
2386 1870 2559 1920 ἐκεῖνο
2588 1872 2718 1938 ήαῖν
2746 1867 3021 1933 ἐξετάζειν
3065 1870 3122 1920 έν
3143 1869 3219 1938 τῷ
3263 1871 3494 1939 παρόντι
3519 1869 3835 1940 πρόκειται,

555 1953 648 2009 hic
672 1954 848 2009 lucem
872 1994 887 2018 ,
934 1971 1092 2022 quam
1128 1955 1294 2010 semel
1333 1958 1545 2026 accepit
1578 1972 1640 2010 ac
1671 1957 1774 2010 sibi
1805 1967 2134 2024 attempera-

553 2055 666 2102 lam
703 2047 911 2112 habuit,
952 2047 1172 2102 minime
1216 2048 1476 2116 deponit:
1519 2047 1607 2098 illa
1643 2061 1794 2109 vero,
1828 2046 1954 2098 dum
1996 2046 2137 2101 assi-

555 2140 661 2194 due
689 2137 838 2194 velut
864 2139 1016 2193 exuit
1041 2146 1095 2193 et
1119 2153 1306 2192 rursus
1331 2138 1505 2190 induit
1534 2137 1733 2202 lucem,
1779 2153 1874 2207 per
1902 2139 2137 2206 seipsam

559 2247 625 2288 ea
672 2233 860 2300 etiam,
890 2247 1012 2303 quae
1060 2230 1124 2286 de
1152 2231 1267 2285 sole
1301 2230 1442 2286 dicta
1491 2240 1640 2295 sunt,
1673 2231 1981 2286 conﬁrmat.
2014 2224 2137 2285 Hazc

553 2324 841 2379 luminaria
866 2324 1018 2392 jussa
1055 2336 1184 2379 sunt
1217 2339 1430 2394 quoque
1461 2322 1604 2377 diem
1643 2339 1706 2378 ac
1737 2334 1952 2378 noctem
1991 2325 2136 2376 inter

553 2424 616 2466 se
647 2426 922 2479 separare.
959 2410 1176 2465 Etenim
1214 2414 1466 2482 superius
1509 2429 1537 2466 a
1581 2414 1819 2467 tenebris
1851 2413 2021 2466 lucem
2051 2414 2132 2466 di-

556 2504 682 2559 visit
709 2506 878 2572 Deus;
905 2516 1144 2573 tuncque
1173 2516 1426 2558 naturam
1456 2506 1694 2573 ipsorum
1721 2506 1771 2558 in
1802 2505 2136 2558 contrarium

555 2599 792 2666 partitus
812 2606 930 2652 est:
959 2609 1018 2651 ut
1043 2599 1185 2651 inter
1214 2598 1330 2666 ipsa
1357 2598 1664 2650 intercedat
1692 2596 1947 2648 admistio
1971 2595 2136 2658 nulla,

555 2699 612 2742 et
654 2688 758 2742 luci
791 2704 912 2742 cum
959 2690 1197 2743 tenebris
1229 2689 1372 2742 nulla
1408 2694 1480 2743 sit
1517 2689 1771 2742 societas.
1807 2689 1958 2755 Quod
1993 2688 2134 2741 enim

555 2789 642 2834 est
682 2782 732 2833 in
778 2781 866 2836 die
900 2782 1114 2846 umbra,
1157 2782 1390 2852 idipsum
1423 2798 1543 2837 esse
1579 2792 1739 2836 noctu
1787 2782 2136 2836 tenebrarum

558 2882 806 2926 naturam
832 2875 1130 2943 putandum
1159 2884 1264 2928 est.
1291 2870 1425 2928 Nam
1453 2875 1497 2928 si
1524 2873 1702 2928 omnis
1723 2875 1934 2936 umbra,
1965 2874 2138 2942 Splen-

558 2964 691 3018 dore
730 2964 910 3032 aliquo
943 2965 1314 3028 illucescente,
1357 2965 1410 3017 in
1461 2976 1672 3034 partem
1706 2966 1809 3018 luci
1854 2966 2135 3018 adverSam

560 3066 592 3105 ι
624 3054 944 3122 corporibus
972 3053 1198 3118 excidit,
1229 3063 1283 3107 et
1327 3069 1486 3108 mane
1517 3055 1734 3124 quidem
1773 3055 1839 3106 ad
1879 3070 2135 3108 occasum

560 3145 923 3212 protenditur,
955 3160 1181 3214 vespere
1210 3160 1338 3200 vero
1367 3147 1431 3199 ad
1474 3148 1742 3200 orientem
1788 3159 1975 3200 versus
2020 3161 2137 3200 ver-

556 3238 654 3306 git,
698 3235 865 3306 ﬁtque
910 3238 961 3290 in
1019 3240 1248 3294 meridie
1289 3239 1729 3309 septentrionalis
1769 3253 1783 3292 :
1820 3240 1982 3292 etiam
2032 3254 2135 3292 nox

553 3327 613 3382 in
652 3337 836 3395 partes
869 3328 1036 3381 radiis
1067 3331 1344 3397 oppositas
1391 3332 1616 3392 secedit,
1672 3347 1794 3383 cum
1835 3331 2133 3384 secundum

556 3429 809 3474 naturam
844 3420 977 3474 nihil
1015 3419 1160 3474 aliud
1192 3421 1261 3474 sit
1291 3435 1454 3490 quam
1485 3429 1645 3473 terrae
1678 3421 1890 3475 umbra.
1934 3421 2136 3486 Quem-

555 3514 844 3569 admodum
891 3515 1034 3569 enim
1073 3517 1260 3569 umbra
1311 3515 1432 3568 ideo
1476 3514 1526 3566 in
1574 3513 1659 3567 die
1689 3514 1959 3579 subsistit,
1997 3516 2138 3582 quod

557 3603 764 3672 aliquid
811 3605 986 3659 lucem
1036 3605 1306 3659 obstruit:
1346 3605 1419 3657 ita
1460 3605 1785 3658 naturaliter
1818 3615 1919 3657 nox
1961 3604 2138 3657 nasci-

557 3701 667 3756 tur,
700 3707 823 3746 cum
849 3708 944 3746 aer
972 3703 1131 3747 terrae
1158 3692 1519 3746 circumfusus
1549 3692 1923 3745 obumbratur.
1951 3691 2136 3759 Itaque

556 3785 787 3853 idipsum
823 3796 905 3840 est
937 3785 1080 3855 quod
1126 3786 1330 3838 dictum
1364 3783 1465 3837 fuit
1503 3802 1516 3838 :
1571 3783 1710 3837 Deus
1757 3785 1933 3838 divisit
1966 3785 2134 3838 lucem

556 3894 591 3931 α
623 3879 846 3931 tenebris
876 3878 920 3908 ”
953 3895 966 3908 ·
1002 3877 1440 3948 quandoquidem
1477 3876 1614 3930 lucis
1646 3891 1924 3931 accessum
1973 3875 2138 3930 decli-

556 3981 690 4027 nant
713 3974 968 4036 tenebrte,
1000 3987 1122 4025 cum
1151 3972 1410 4025 alienatio
1438 3971 1700 4024 naturalis
1726 3971 1777 4023 in
1812 3971 1982 4040 prima
2012 3986 2137 4040 pro-

555 4064 833 4119 creatione
889 4063 1031 4118 inter
1071 4076 1128 4117 se
1174 4062 1424 4115 instituta
1469 4061 1561 4115 sit.
1604 4061 1758 4117 Nunc
1803 4071 1981 4118 autem
2026 4062 2134 4117 diei

555 4157 829 4213 metiendo
864 4157 1030 4211 solem
1057 4153 1298 4225 praefecit
1337 4175 1349 4208 :
1379 4153 1560 4207 lunam
1589 4168 1741 4216 vero,
1772 4169 1892 4208 cun:
1930 4156 1981 4208 in
2012 4172 2136 4224 pro-

555 4248 674 4319 prio
725 4248 930 4302 circulo
959 4248 1211 4302 omnibus
1258 4248 1370 4301 suis
1414 4247 1654 4300 numeris
1710 4246 1952 4300 absoluta
2013 4258 2133 4312 est,

555 4342 733 4394 noctis
779 4339 1194 4393 moderatricem
1229 4339 1333 4409 53
1384 4341 1596 4393 statuit.
1640 4336 1792 4393 Tunc
1825 4340 1969 4393 enim
2021 4339 2133 4395 fere

554 4442 624 4482 ex
660 4429 928 4482 diametro
963 4431 1101 4484 inter
1129 4444 1188 4483 se
1218 4431 1463 4498 opposita
1492 4440 1618 4484 sunt
1647 4428 1956 4483 luminaria.
1996 4428 2128 4484 Nam

2239 1958 2354 2011 ἀλλ’
2380 1959 2460 2010 ὃτι
2486 1959 2669 2030 ἓτερον
2697 1960 2796 2029 μὲν
2820 1960 2994 2028 αὐτῆς
3023 1959 3083 2011 τὸ
3107 1958 3285 2028 σῶμα,
3318 1958 3505 2029 ἕτερον
3531 1959 3587 2013 δὲ
3621 1959 3680 2012 τὸ
3715 1977 3835 2028 φω-

2240 2050 2407 2113 τίζον.
2459 2049 2711 2105 Τοιοῦτον
2759 2051 2822 2121 δή
2881 2045 2934 2104 τί
2975 2069 3061 2121 μοι
3092 2051 3200 2104 νόει
3240 2053 3334 2103 καὶ
3390 2052 3482 2103 ἐπὶ
3520 2051 3613 2104 τοῦ
3654 2052 3834 2122 ήλίουο

2241 2139 2380 2209 πλὴν
2404 2139 2486 2192 ὅτι
2525 2142 2553 2191 ὁ
2584 2139 2702 2209 μὲν,
2746 2137 2925 2193 λαϐὼν
2953 2140 3100 2204 ἅπαξ
3133 2141 3227 2192 καὶ
3255 2142 3665 2210 ἐγκεκραμένον
3702 2143 3836 2194 ἑαυ-

2240 2227 2316 2300 τῷ
2348 2228 2460 2300 (99)
2505 2227 2565 2282 τὸ
2591 2229 2705 2298 φῶς
2738 2229 2898 2300 ἔχων,
2920 2225 3018 2282 οὐκ
3051 2230 3387 2282 ἀποτίθεται·
3422 2229 3555 2299 ἡδὲ,
3595 2230 3838 2298 συνεχῶς

2238 2318 2349 2374 οἷον
2394 2321 2740 2392 ἀποδιδομένη
2772 2323 2863 2375 καὶ
2898 2322 3058 2375 πάλιν
3090 2320 3548 2394 ὲπὶιμφιαζομένη
3585 2322 3644 2375 τὸ
3691 2323 3832 2391 φῶς,

2237 2413 2302 2466 δι’
2337 2413 2538 2480 ἑαυτῆς
2567 2413 2658 2466 καὶ
2681 2411 2746 2464 τὰ
2778 2411 3018 2483 περὶτοῦ
3055 2413 3205 2475 ἡλίου
3228 2412 3494 2483 εἰρημένα
3517 2411 3831 2466 πιστοῦται.

2238 2499 2397 2556 Οὗτοι
2429 2505 2523 2554 καὶ
2547 2502 2891 2574 διαχωρίζειν
2913 2503 3217 2573 ἐτάχθησαν
3247 2502 3350 2555 ἀνὰ
3382 2502 3546 2572 μέσον
3568 2503 3665 2572 τῆς
3688 2500 3832 2573 ἠμέ-

2243 2611 2342 2666 ρας
2366 2595 2459 2646 καὶ
2485 2595 2589 2645 ἀνά
2622 2596 2787 2662 μέσον
2817 2596 2916 2664 τῆς
2949 2596 3161 2656 νυκτός.
3198 2597 3344 2648 Ἀνω
3373 2595 3472 2666 μὲν
3499 2595 3610 2665 γὰρ
3637 2594 3835 2666 διεχώ-

2244 2705 2389 2760 ρισεν
2425 2691 2452 2740 ὁ
2473 2688 2605 2750 Θεὸς
2628 2687 2728 2739 ἀνὰ.
2755 2687 2915 2756 μέσον
2937 2687 3029 2738 τοῦ
3064 2689 3238 2754 φωτὸς
3267 2688 3360 2738 καὶ
3401 2688 3508 2741 ἀνὰ
3541 2688 3706 2756 μέσον
3733 2677 3834 2741 τοῦ

2243 2779 2490 2842 σκότους·
2523 2779 2645 2831 τότε
2670 2777 2726 2830 δὲ
2761 2776 2858 2846 τὴν
2896 2777 2969 2846 (1)
3005 2777 3166 2845 φύσιν
3196 2777 3374 2829 αὐτῶν
3407 2772 3542 2846 πρὸς
3584 2777 3645 2830 τὸ
3670 2779 3835 2831 ὲνιιιν⁹

2236 2870 2349 2921 τίον
2385 2847 2715 2940 ἀπέστησεν·
2771 2866 2911 2920 ὣστε
2946 2867 3193 2937 ἀμίκτως
3223 2863 3366 2937 ἔχειν
3411 2865 3546 2936 πρὸς
3602 2866 3833 2939 ἄλληλα,

2239 2960 2335 3013 καὶ
2360 2963 2498 3027 φωτὶ
2547 2962 2685 3031 πρὸς
2721 2957 2910 3022 σκότος
2946 2958 3213 3030 μηδεμίαν
3243 2955 3382 3011 εἶναι
3415 2957 3722 3027 κοινότητα.
3765 2961 3835 3011 ’0

2240 3053 2349 3122 γὰρ
2380 3056 2435 3103 ὲν
2465 3052 2648 3122 ἡμέρᾳ
2687 3054 2834 3105 ἐστὶν
2888 3054 2922 3122 ή
2970 3052 3119 3117 σκιὰ,
3162 3050 3318 3104 τοῦτο
3348 3049 3556 3104 οἴεσθαι
3611 3050 3720 3123 χρὴ
3775 3053 3835 3103 ὲν

2240 3145 2394 3196 νυκτὶ
2441 3142 2534 3196 τοῦ
2579 3143 2800 3205 σκότους
2855 3141 2990 3197 εἶναι
3035 3145 3134 3216 τὴν
3178 3144 3358 3214 φύσιν.
3413 3145 3478 3198 Εἰ
3512 3143 3621 3213 γὰρ
3680 3145 3835 3197 πᾶσα.

2242 3237 2371 3292 σκιά
2401 3237 2498 3308 (2i,
2532 3235 2704 3305 αὐγῆς
2727 3250 2872 3297 τινος
2895 3234 3303 3307 διαφαινούσης,
3333 3236 3728 3307 ἀντικειμένως
3750 3235 3831 3306 τῷ

2239 3330 2376 3398 φωτὶ
2407 3329 2513 3380 ἀπο
2568 3326 2676 3380 τῶν
2731 3326 2996 3395 σωμάτων
3043 3327 3327 3378 ἐκπίπτει·
3387 3329 3480 3380 καὶ
3518 3328 3686 3380 ’έωθεν
3736 3328 3836 3397 μὲν

2239 3419 2376 3491 πρὸς
2425 3417 2638 3487 δυσμὰς
2690 3417 2932 3479 τέταται,
2980 3416 3217 3488 ἑσπέρας
3266 3417 3323 3470 δὲ
3373 3418 3507 3488 πρὸς
3563 3419 3835 3489 ἀνατολὴν

2238 3511 2540 3573 ἀποκλίνει,
2578 3511 2635 3562 ὲν
2657 3509 2713 3563 δὲ
2741 3513 2803 3580 τῇ
2832 3509 3149 3581 μεσημϐρίᾳ
3175 3508 3398 3581 ἁρκτῴα
3426 3505 3658 3577 γίνεται·
3684 3512 3778 3563 καὶ
3799 3511 3836 3580 ἡ

2239 3603 2336 3667 νὺξ
2385 3601 2476 3655 ἐπὶ
2519 3600 2579 3656 τὸ
2630 3603 2870 3656 ἐναντίον
2914 3603 3033 3667 ταῖς
3067 3604 3277 3656 ἀκτῖσιν
3322 3598 3619 3674 ὑποχωρεῖ,
3677 3602 3834 3654 οὐδὲν

2235 3696 2422 3768 ἕτερον
2461 3691 2597 3749 οὖσα
2623 3695 2764 3750 κατά
2796 3697 2893 3766 τὴν
2930 3695 3090 3764 φύσιν
3119 3693 3152 3766 ἢ
3179 3695 3423 3764 σκίασμα
3444 3693 3570 3764 γῆς.
3606 3694 3694 3758 Ὠς
3723 3692 3837 3765 γὰρ

2236 3791 2294 3842 ὲν
2327 3789 2513 3860 ἡμέρᾳ
2545 3791 2578 3858 ἡ
2618 3787 2745 3840 σκιά
2785 3787 2860 3857 τῷ
2891 3787 3311 3857 ἀντιφράσσοντι
3342 3787 3441 3856 τὴν
3482 3787 3659 3858 αὐγὴν
3697 3803 3838 3856 παρ-

2236 3882 2550 3950 υφίσταται,
2595 3876 2767 3944 οὕτως
2803 3883 2836 3950 ἡ
2873 3874 2967 3945 νὺξ
3007 3879 3366 3948 σκιαζομένου
3410 3878 3504 3931 τοῦ
3557 3879 3687 3950 περὶ
3729 3879 3836 3949 γῆν

2241 3971 2402 4044 ἀέρος
2433 3971 2786 4026 συνίστασθαι
2828 3971 3058 4040 πέφυκε.
3098 3969 3269 4024 Τοῦτο
3301 3970 3480 4024 τοίνυν
3506 3972 3623 4024 ἐστὶ
3668 3971 3730 4024 τὸ
3756 3973 3836 4022 εξ-

2239 4063 2493 4134 ρημένον,
2545 4062 2626 4115 ὅτι
2684 4060 3039 4129 Διεχὼρισεν
3081 4063 3111 4112 ό
3156 4060 3299 4122 Θεὸς
3330 4059 3445 4112 ἀνὰ
3469 4058 3666 4125 μέσον
3723 4060 3833 4114 τοῦ

2236 4153 2430 4224 φωτὸς
2461 4155 2558 4206 καὶ
2589 4152 2707 4205 ἀνὰ
2723 4152 2919 4220 μέσον
2944 4150 3048 4203 τοῦ
3073 4151 3356 4215 σκότους·
3389 4149 3578 4220 ἐπειδὴ
3615 4150 3678 4203 τὸ
3707 4151 3837 4204 σκό-

2234 4259 2328 4308 τος
2351 4243 2648 4312 ὑποφεύγει
2687 4241 2781 4295 τοῧ
2813 4242 2990 4310 φωτὸς
3024 4241 3120 4304 τὰς
3147 4241 3468 4314 ἐπιδρομὰς,
3495 4243 3551 4294 έν
3583 4244 3648 4312 τῇ
3687 4242 3838 4314 πρώ-

2233 4353 2303 4412 τῃ
2333 4334 2664 4408 δημιουργία
2699 4334 2932 4404 φυσικῆς
2966 4334 3149 4399 αὐτοῖς
3180 4336 3277 4406 τῆς
3305 4331 3707 4405 ἀλλοτριώσεως
3733 4353 3835 4391 κα-

2233 4428 2704 4497 τασκευασθείσης
2733 4427 2810 4496 (5)
2846 4424 2981 4498 πρὸς
3015 4426 3238 4498 ἄλληλα.
3275 4427 3389 4479 Νῦν
3443 4425 3498 4479 δὲ
3538 4426 3690 4494 ἥλιον
3735 4431 3837 4481 ὲπ-

557 4516 682 4574 luna
714 4519 764 4572 in
795 4517 1126 4589 pleniluuiis,
1154 4521 1436 4574 exoriente
1461 4523 1596 4583 sole,
1627 4535 1658 4575 e
1683 4531 1974 4588 conspectu
2001 4536 2126 4574 eva-

2240 4524 2391 4590 έταξε
2421 4527 2534 4587 τοῖς
2571 4521 2790 4593 μέτροις
2822 4521 2921 4591 τῆς
2978 4521 3206 4590 ἡμέρας·
3267 4518 3364 4573 καὶ
3402 4520 3654 4592 σελήνην,
3700 4522 3833 4576 ὅταν

552 4612 729 4670 nescit
761 4631 775 4667 :
810 4621 1023 4673 contra,
1069 4613 1349 4666 occidente
1394 4613 1532 4676 sole,
1570 4613 1682 4667 lucc
1735 4611 1847 4681 ipsa
1882 4628 2129 4682 saepenu-

554 4721 705 4762 mero
735 4707 803 4761 ab
830 4707 1038 4760 oriente
1067 4705 1313 4774 emergit.
1346 4704 1496 4770 Quod
1527 4707 1570 4760 si
1597 4707 1806 4760 cameris
1850 4705 1902 4759 iu
1939 4705 2128 4762 formis

553 4797 744 4854 lunare
772 4799 946 4851 lumen
991 4812 1094 4850 una
1133 4810 1256 4850 cum
1298 4805 1457 4848 nocte
1492 4812 1597 4848 non
1631 4811 1694 4850 ex
1727 4812 1886 4866 aequo
1917 4798 2127 4862 perlici-

555 4901 664 4956 tur,
708 4889 842 4944 nihil
883 4890 948 4943 ad
983 4890 1288 4944 inStitutum
1326 4903 1632 4944 sermonem
1669 4890 1860 4947 refert.
1896 4889 2124 4943 Verum--

555 4992 731 5036 tamen
759 4998 881 5036 cum
911 4997 1069 5037 suum
1093 4992 1295 5036 statum
1327 4981 1784 5054 perfectissimum
1814 4985 2030 5053 attigit,
2063 4993 2124 5038 ut

555 5074 728 5128 noctis
743 5074 946 5129 obtinet
969 5077 1351 5146 principatum,
1380 5078 1601 5146 proprio
1627 5075 1828 5132 lumine
1853 5095 1916 5131 ac
1940 5076 2120 5146 splen-

615 5259 663 5292 ⁸⁸
698 5259 834 5316 Gen.
858 5274 898 5325 ι,
933 5258 987 5314 ι.

619 5399 730 5468 (97)
758 5398 831 5452 Ita
863 5397 1025 5454 editio
1052 5398 1213 5456 Basil.
1241 5417 1362 5456 cum
1390 5397 1631 5454 Comhel'.
1661 5408 1713 5452 et
1738 5415 1858 5453 cum
1886 5401 2002 5453 aliis
2025 5417 2116 5457 sex

547 5469 973 5542 mss._At_editio
1005 5471 1174 5542 lfaris.
1206 5472 1345 5525 κατά
1375 5472 1436 5524 τὸ
1474 5473 1658 5542 σχῆμα
1691 5471 1724 5541 ή
1759 5472 1979 5542 σελήνη.

621 5489 679 5523 is.
713 5489 780 5520 tu
808 5489 973 5549 euttto
1005 5489 1174 5524 rarts.
1206 5489 1345 5525 κατα
1375 5489 1436 5524 το
1474 5489 1658 5542 σχημα
1691 5489 1724 5541 η
1759 5489 1979 5590 σελήνη.

621 5539 732 5622 (9.8)
767 5539 960 5622 ἢΕάιιὶο
987 5541 1172 5622 βοω.
1198 5558 1325 5622 cum
1372 5557 1484 5622 sext,
1506 5543 1704 5622 nostris
1748 5558 1875 5622 mss.
1907 5544 1939 5610 ἡ
1981 5542 2114 5622 ίκον.

545 5609 720 5698 Filit‘io
749 5609 936 5698 Pariis.
976 5612 1159 5698 ήλίκηε
1197 5612 1394 5667 Ibidem
1444 5613 1596 5666 Coll).
1639 5614 1908 5665 secundus
1930 5609 2118 5666 πᾶσαν

545 5681 718 5750 αὐγὴν
745 5679 1026 5753 ἐκπληροῖ.

617 5753 727 5824 (illi)
742 5753 912 5824 μου).
928 5751 1226 5824 secundus
1244 5751 1654 5824 ἐγκεκραμένον
1687 5753 1744 5804 ὲν
1777 5751 1975 5820 ἑαυτῷ.

615 5820 695 5890 (ι)
728 5821 975 5891 Quinque
1005 5838 1134 5876 mss.
1172 5823 1290 5874 τότε
1337 5820 1432 5890 μὲν
1474 5820 1595 5892 τήν.
1637 5824 1774 5876 Editi
1818 5839 1939 5875 cum
1988 5822 2115 5893 lleg.

2236 4619 2366 4672 ποτὲ
2426 4617 2563 4689 πρὸς
2614 4615 2703 4668 τὸν
2761 4615 2889 4668 ἴδιον
2945 4615 3141 4668 κύκλον
3187 4614 3522 4686 ἀπαρτισθῇ,
3581 4617 3834 4688 ἀρχηγὸν

2234 4713 2461 4783 ἐποίησε
2488 4712 2587 4782 τῆς
2613 4712 2826 4774 νυκτός.
2857 4710 3051 4780 Σχεδὸν
3075 4709 3183 4781 γὰρ
3209 4707 3330 4762 τότε
3353 4711 3495 4763 κατά
3532 4711 3832 4782 διάμετρον

2235 4807 2282 4858 οί
2315 4804 2603 4874 φωστῆρες
2638 4803 2887 4874 ἀλληλοις
2936 4803 3432 4857 ἀντικαθίστανται.
3481 4803 3831 4858 ’Λνατέλλον-

2234 4913 2326 4958 τος
2361 4897 2459 4965 μὲν
2488 4896 2596 4968 γὰρ
2621 4897 2714 4949 τοῦ
2744 4895 2917 4965 ἡλίου,
2953 4897 3010 4948 ὲν
3042 4898 3163 4957 ταῖς
3193 4896 3548 4964 πανσελήνοις
3585 4896 3832 4964 καταφέ-

2236 5005 2388 5055 ρεται
2419 4987 2555 5060 πρὸς
2606 4989 2670 5042 τὸ
2705 4991 2911 5058 ἀφανὲς
2962 4992 2995 5060 ἡ
3043 4987 3259 5058 σελήνη’
3294 4989 3553 5060 δυομένου
3581 4989 3639 5040 δὲ
3669 4989 3834 5042 πάλιν

2227 5077 2321 5131 τοῦ
2353 5080 2526 5150 ἡλίου,
2565 5080 2702 5151 αὕτη
2727 5082 2986 5145 πολλάκις
3013 5080 3072 5143 ἐξ
3093 5080 3366 5133 ἀνατολῶν
3395 5079 3708 5148 ἀντανίσχει
3730 5083 3829 5152 (4}.

2219 5411 2413 5474 octavo
2442 5401 2668 5474 causa
2719 5402 2838 5469 τήν.
2894 5403 3186 5466 Aliquanto
3240 5410 3360 5474 post
3411 5400 3548 5472 Reg.
3605 5404 3830 5470 quintus

2219 5470 2357 5527 εἶναι
2384 5473 2692 5526 κοινωνίαν.

2290 5544 2366 5613 (‘2)
2421 5544 2496 5614 Ita
2534 5556 2768 5614 quatuor
2820 5558 2948 5596 mss.
3011 5543 3188 5598 Editio
3236 5543 3409 5598 Paris.
3450 5547 3482 5614 ή
3535 5544 3646 5614 γὰρ
3696 5549 3825 5600 σκιά

2218 5615 2386 5666 πᾶσα.
2426 5613 2586 5665 Deest
2613 5613 2740 5665 σκιά
2779 5614 2830 5665 in
2863 5615 3103 5669 editione
3133 5614 3297 5666 Basil.

2292 5685 2368 5755 t5)
2427 5682 2580 5737 Coll».
2648 5685 2920 5739 secundus
2989 5683 3402 5754 ἀλλοτριώσεως
3464 5701 3812 5755 πειρι-ισκιιιισ,⁸

2220 5753 2462 5823 σθείσης.

2293 5825 2366 5892 (ιι)
2413 5824 2540 5893 Reg.
2581 5824 2787 5892 primus
2827 5825 3061 5894 ἀνίσχει.
