4062 6448
313 377 385 431 ‘25
1375 367 1666 427 'HOMI'LlA
1703 366 1774 426 VI
1815 369 1857 424 li

1961 363 2424 424 lEXAEMERON.

3443 367 3554 424 196

279 493 418 545 Είδὲ
455 486 694 546 κατὰτὰ
722 485 857 546 ἄλλα
899 491 1155 562 σχήματα
1193 489 1253 542 ού
1291 489 1750 560 συναπαρτίζεται
1801 491 1857 558 τῇ

1973 488 2104 540 dore
2151 494 2298 538 astra
2342 498 2628 552 superans,
2677 492 2732 537 et
2779 481 3024 536 tellurem
3082 478 3360 537 illustrans
3403 499 3418 537 :
3474 483 3549 536 ita

275 585 433 637 νυκτὶ
460 586 522 638 τὸ
550 586 829 655 σεληναῖον
860 583 994 653 φῶς,
1032 583 1184 636 οὐδὲν
1231 582 1367 652 πρὸς
1395 581 1485 633 τὸν
1517 581 1871 651 προκείμενον

1981 578 2238 645 temporis
2267 577 2438 645 spatia
2471 590 2592 629 cum
2625 575 2738 628 sole
2777 589 2842 628 ex
2869 589 3025 642 aequo
3050 575 3304 641 partitur.

269 671 450 744 λόγον.
488 677 634 746 Πλὴν
675 678 778 740 ὅτι,
830 677 959 729 ὅταν
1013 674 1211 744 ἑαυτῆς
1243 671 1556 742 τελειοτάτη
1591 687 1852 743 τυγχάνῃ,
1892 670 2154 740 κατάρχει
2224 667 2322 737 μὲν
2375 669 2472 737 τῆς
2526 667 2721 729 νυκτὸς
2766 665 2846 736 τῷ
2899 665 3014 735 ἰδίῳ
3049 666 3189 733 φωτὶ
3232 665 3303 718 τὰ
3370 665 3551 735 ἄστρα

277 766 738 838 ὑπεραυγάζουσα
791 767 885 819 καὶ
915 767 1013 837 τὴν
1048 765 1150 835 γῆν
1188 764 1610 834 περιλάμπουσα
1641 764 1738 834 (5),
1772 762 1946 826 ὲξίσου
1973 761 2029 814 δὲ
2063 760 2198 831 πρὸς
2241 760 2332 811 τὸν
2361 759 2512 828 ἥλιον
2541 758 2637 811 τοῦ
2684 759 2878 829 χρόνου
2903 758 3189 828 διαιρεῖται
3235 756 3305 809 τὰ
3348 757 3546 828 μέτρα.

347 877 400 930 4.
424 877 533 930 Καὶ
557 878 836 931 ἔστωσαν
872 880 958 943 είς
980 876 1214 944 σημεῖα,
1250 876 1345 928 καὶ
1364 878 1451 942 εὶς
1475 875 1736 943 καιροὺς,
1763 875 1861 928 καὶ

275 969 363 1032 είς
391 967 636 1035 ἡμέρας,
662 967 760 1020 καὶ
783 969 868 1032 είς
890 965 1221 1030 ἐνιαυτούς.
1271 967 1586 1033 Ἀναγκαῖαι
1619 967 1754 1037 πρὸς
1769 965 1860 1017 τὸν

276 1057 612 1128 ἀνθρώπινον
660 1058 772 1128 βίον
803 1059 855 1110 αἱ
900 1057 1006 1109 ἀπὸ
1035 1056 1143 1108 τῶν
1173 1058 1474 1128 φωστήρων
1501 1057 1856 1127 σημειώσεις.

289 1149 414 1202 Ἐὰν
443 1149 551 1221 γὰρ
595 1152 668 1220 μή
724 1150 798 1220 (6)
835 1167 918 1211 τις
965 1149 1108 1220 πέρα
1137 1144 1232 1202 τοῦ
1271 1150 1468 1220 μέτρου
1503 1149 1569 1201 τὰ
1613 1150 1705 1203 ἀπ’
1762 1151 1859 1203 αύ-

275 1239 384 1292 τῶν
417 1238 492 1309 (7)
527 1242 724 1309 σημεῖα
748 1236 1196 1308 περιεργάζηται,
1223 1237 1522 1309 χρησίμους
1548 1236 1725 1289 αὐτῶν
1761 1237 1858 1299 τὰς

276 1333 342 1384 ἐκ
384 1331 484 1400 τῆς
539 1331 754 1400 μακρᾶς
810 1329 1104 1400 ἐμπειρίας
1150 1331 1559 1399 παρατηρήσεις
1611 1329 1854 1398 εὑρήσει.

277 1423 457 1476 Πολλά
508 1424 604 1495 μὲν
637 1422 744 1492 γὰρ
776 1423 905 1493 περὶ
931 1422 1239 1493 ἐπομϐρίας
1280 1421 1396 1473 ἔστι
1435 1421 1649 1492 μαθεῖν,
1691 1421 1860 1476 πολλά

275 1515 332 1568 δὲ
360 1517 487 1585 περὶ
510 1513 733 1584 αὐχμῶν
763 1516 856 1567 καὶ
886 1515 1208 1584 πνευμάτων
1239 1519 1522 1586 κινήσεως,
1554 1515 1586 1586 ἢ
1620 1515 1859 1586 μερικῶν

277 1608 310 1679 ἢ
357 1607 606 1670 καθόλου,
645 1606 834 1677 βιαίων
864 1608 896 1678 ἢ
926 1607 1245 1677 ἀνειμένων.
1279 1609 1373 1660 Ἓν
1403 1609 1510 1678 γάρ
1537 1626 1589 1660 τι
1621 1608 1727 1660 τῶν
1751 1608 1859 1660 ἀπὸ

277 1697 371 1750 τοῦ
396 1697 546 1766 ἡλίου
588 1695 1099 1766 παραδεικνυμένων
1150 1696 1245 1749 καὶ
1294 1697 1322 1748 ὁ
1358 1697 1556 1768 Κύριος
1591 1699 1720 1768 ἡμῖν
1751 1714 1857 1748 πα-

2039 873 2092 928 4.
2127 872 2190 925 Et
2220 872 2321 925 sint
2344 874 2400 925 in
2430 872 2603 937 signa,
2635 874 2760 926 etin
2790 883 3048 939 tempora,
3079 880 3126 924 et
3159 872 3374 933 indies,
3403 881 3448 924 et
3488 871 3542 922 in

1962 981 2149 1017 annos.
2207 961 2539 1018 Necessariae
2592 973 2716 1018 sunt
2764 965 2829 1016 ad
2870 965 3156 1016 humanam
3194 964 3356 1016 vitam
3405 972 3544 1016 nota:

1961 1054 2310 1108 iuminarium
2355 1065 2516 1124 atque
2567 1056 3011 1124 signiﬁcationes.
3066 1054 3280 1106 Etenim
3333 1053 3377 1108 si
3419 1053 3545 1122 quis

1961 1149 2112 1217 signa
2136 1162 2322 1212 eorum
2352 1164 2457 1200 non
2491 1148 2627 1200 ultra
2665 1149 2883 1200 modum
2912 1147 3179 1214 explorat,
3206 1145 3364 1199 utiles
3393 1146 3538 1211 ipso-

1962 1256 2078 1293 rmn
2114 1240 2520 1294 observationes
2551 1255 2616 1293 ex
2646 1239 2802 1309 longa
2851 1238 3184 1308 experientia
3216 1240 3534 1307 comperiet.

1960 1329 2121 1382 Multa
2156 1345 2388 1398 namque
2418 1330 2482 1383 de
2512 1328 2730 1398 pluviis,
2772 1329 2938 1383 multa
2968 1330 3033 1382 de
3057 1330 3327 1395 siccitate,
3362 1330 3538 1399 deque

1962 1433 2243 1477 ventorum
2282 1432 2446 1485 motu,
2483 1432 2592 1474 tum
2634 1423 3066 1490 particularium,
3097 1436 3207 1476 tum
3246 1424 3533 1479 universa-

1961 1516 2127 1581 llum,
2165 1518 2524 1571 violentormn
2576 1527 2668 1568 aut
2727 1517 3077 1570 remissorum
3127 1519 3335 1571 discere
3381 1518 3530 1572 licet.

1961 1606 2212 1663 Profecto
2242 1624 2404 1660 unum
2434 1607 2654 1675 aliquod
2683 1607 2811 1660 solis
2853 1609 3064 1675 signum
3097 1610 3260 1662 etiam
3282 1609 3541 1665 Dominus

1964 1700 2117 1753 nobis
2147 1701 2417 1769 exposuit,
2449 1715 2570 1752 cum
2616 1700 2692 1752 ait
2725 1719 2736 1752 :
2771 1697 3072 1768 Tempestas
3102 1701 3241 1755 erit:
3287 1702 3433 1755 triste
3463 1710 3537 1755 est

279 1789 581 1859 ραδέδωκεν
607 1786 681 1858 (8)
720 1787 910 1851 εἰπὼν,
957 1790 1037 1840 ὅτι
1066 1788 1292 1858 Χειμὼν
1329 1789 1519 1842 ἔσται⁸
1546 1788 1857 1857 στυγνρίὶζει

1961 1795 2097 1846 enim
2138 1793 2325 1847 rubens
2367 1793 2554 1846 caelum
2587 1793 2651 1846 ⁸⁸.
2689 1793 2822 1846 Cum
2853 1793 2995 1847 enim
3043 1807 3144 1862 per
3179 1792 3427 1847 nebulam
3481 1793 3543 1848 fit

273 1880 386 1947 γὰρ
424 1880 731 1948 πυρῤἀζων
759 1883 791 1933 ὀ
835 1880 1108 1948 οὐρανός.
1152 1881 1401 1933 Ἐπειδὰν
1432 1881 1539 1950 γὰρ
1560 1880 1624 1932 δι’
1661 1879 1859 1950 ἀχλύος

276 1973 310 2040 ἡ
339 1971 589 2041 ἀναφορὰ
638 1972 860 2042 γένηται
910 1972 1001 2024 τοῦ
1033 1973 1207 2041 ἡλίου,
1239 1972 1610 2043 ἀμαυροῦνται
1645 1973 1741 2042 μὲν
1801 1974 1858 2024 ai

275 2064 511 2125 ἀκτῖνες,
551 2062 903 2133 ἀνθρακώδης
929 2063 984 2115 δὲ
1015 2066 1109 2116 καὶ
1131 2062 1370 2132 ὖφαιμος
1403 2063 1500 2133 τὴν
1524 2063 1695 2135 χρόαν
1727 2065 1860 2135 ὀρᾶ-

274 2171 386 2212 ται.
417 2157 515 2225 τῆς
538 2155 844 2225 παχύτητος
877 2153 967 2206 τοῦ
991 2155 1152 2225 ἀέρος
1185 2155 1387 2226 ταύτην
1412 2155 1746 2226 ἐμποιούσης
1761 2156 1860 2226 τὴν

278 2247 578 2315 φαντασίαν
626 2249 745 2310 ταῖς
796 2246 971 2316 ὂψεσι.
1029 2249 1120 2320 Μὴ
1171 2248 1446 2317 διαχυθεὶς
1499 2249 1556 2300 δέ
1613 2248 1718 2299 ὑπὸ
1761 2247 1860 2315 τῆς

272 2336 494 2398 ’ἀκτῖνος
512 2338 538 2388 ὁ
562 2336 986 2406 πεπυκνωμένος
1008 2338 1144 2400 τέως
1161 2339 1255 2389 καὶ
1278 2335 1548 2398 συνεστὼς
1572 2336 1678 2406 ἀήρ
1701 2335 1858 2402 δῆλός

273 2432 392 2484 ἐστι
416 2430 503 2483 διὰ
527 2430 628 2502 ’τὴν
659 2431 945 2501 ἐπίρροιαν
979 2430 1084 2483 τῶν
1131 2432 1195 2482 ἐκ
1233 2430 1330 2498 τῆς
1371 2432 1472 2498 γῆς
1501 2427 1688 2497 ἀτμῶν
1719 2445 1856 2496 κρα-

274 2519 506 2589 τηθῆναι
543 2521 615 2589 μὴ
639 2518 906 2587 δυνηθεὶς,
942 2518 1078 2570 ἀλλὰ
1104 2517 1180 2588 τῷ
1213 2516 1535 2587 πλεονασμῷ
1560 2516 1652 2568 τοῦ
1687 2516 1857 2586 ὑγροῦ

267 2610 520 2680 χειμῶνα
550 2608 767 2672 ἐπάξων
800 2613 911 2672 τοῖς
940 2610 1159 2679 χωρίοις
1203 2611 1329 2681 περὶ
1358 2608 1393 2662 ἃ
1423 2609 1854 2681 συναθροίζεται.

261 2697 265 2699 ’
287 2698 518 2768 Ὁμοίως
544 2698 601 2751 δὲ
629 2700 722 2751 καὶ
746 2698 962 2751 ἐπειδὰν
984 2700 1016 2769 ἡ
1041 2698 1238 2770 σελήνη
1266 2698 1742 2770 περελιμνάζηται·
1765 2701 1857 2751 καὶ

274 2789 352 2860 τῷ
372 2790 508 2862 ἡλίῳ
534 2790 590 2843 δὲ
618 2792 745 2844 ὅταν
778 2793 833 2844 αἱ
867 2791 1157 2862 λεγόμεναι
1191 2791 1361 2853 ams,-
1402 2792 1474 2862 (9)
1508 2790 1858 2862 περιγραφῶ-

277 2899 381 2946 σιν,
411 2882 654 2951 ἦῦδατος
676 2882 858 2954 άερίου
893 2884 1164 2953 πλῆθος,ῆ
1189 2884 1510 2952 πνευμάτων
1544 2882 1854 2952 βιαίωνβθ)

275 2975 490 3044 κίνησιν
526 2976 941 3044 ὑποφαίνουσιν·
979 2975 1009 3043 ἢ
1048 2974 1161 3035 καὶ,
1197 2972 1292 3035 οὒς
1335 2972 1695 3043 ὀνομάζουσιν
1737 2971 1858 3025 ἀνθ·

275 3068 480 3139 ηλίους,
500 3070 627 3122 ὅταν
658 3067 1134 3138 συμπεριτρέχωσι
1155 3069 1219 3136 τῇ
1252 3065 1344 3119 τοῦ
1373 3067 1521 3137 ήλίου
1546 3067 1705 3138 φορᾷ,
1727 3082 1858 3135 συμ-

277 3161 584 3230 πτωμάτων
618 3159 778 3212 τινῶν
814 3159 1012 3229 ἀερίων
1038 3163 1240 3231 σημεῖα
1264 3160 1490 3228 γίνεται.
1523 3161 1734 3231 Ὥσπερ
1763 3154 1856 3211 οὖν

1961 1887 2089 1941 solis
2118 1901 2375 1940 ascensus
2396 1927 2409 1950 ,
2441 1890 2812 1940 obscurantur
2839 1888 3056 1956 quidem
3088 1888 3221 1940 radii
3256 1906 3269 1952 ;
3310 1888 3405 1942 sed
3458 1887 3537 1942 sol

1961 1976 2253 2028 carbonum
2292 1975 2344 2027 in
2375 1990 2579 2028 morem
2616 1976 2845 2028 rutilans
2873 1987 2924 2030 et
2956 1975 3140 2029 colore
3169 1979 3538 2031 subcruentus

1961 2066 2326 2133 conspicitur,
2379 2067 2517 2119 banc
2564 2066 2738 2120 oculis
2793 2067 3025 2136 speciem
3072 2067 3366 2137 objiciente
3394 2069 3537 2122 aeris

1962 2161 2342 2213 crassitudine.
2376 2159 2601 2213 Constat
2630 2170 2806 2213 autem
2853 2175 3031 2213 aerem
3063 2160 3209 2212 illum
3236 2161 3537 2214 condensa-

1964 2261 2073 2302 tum
2105 2267 2168 2304 ac
2192 2262 2554 2318 compactum,
2586 2267 2703 2304 cum
2727 2267 2753 2303 a
2790 2253 2941 2305 radio
2965 2268 3067 2306 non
3100 2252 3438 2318 diﬂ‘unditur,
3467 2253 3538 2308 ob

1962 2357 2219 2409 vaporum
2251 2359 2281 2398 e
2318 2354 2462 2397 terra
2501 2346 2912 2416 exsurgentium
2947 2343 3235 2400 ﬂuxionem
3263 2346 3534 2399 contineri

1960 2449 2066 2487 non
2091 2448 2280 2500 posse:
2304 2437 2396 2489 sed
2431 2437 2481 2488 in
2510 2437 2594 2490 his
2629 2438 2939 2506 regionibus
2962 2437 3106 2492 circa
3139 2452 3273 2503 quas
3300 2437 3532 2506 cogitur,

1963 2533 2347 2594 tempestatem
2385 2529 2454 2581 ob
2489 2529 2732 2580 lmmoris
2775 2530 2984 2596 copiam
3015 2530 3398 2582 excitaturum.
3441 2529 3534 2581 Si-

1962 2615 2159 2667 militer
2181 2616 2344 2670 etiam
2369 2630 2491 2668 cum
2521 2615 2796 2669 undelibet
2822 2627 3098 2686 restagnat
3122 2617 3268 2674 luna.
3297 2627 3351 2670 et
3373 2633 3534 2682 areae,

1960 2723 2095 2776 quas
2119 2717 2334 2771 vocant,
2370 2707 2534 2761 solem
2563 2708 3039 2773 circumscribunt,
3079 2719 3205 2764 tunc
3238 2718 3331 2762 aut
3382 2724 3537 2780 aqua!

1962 2814 2134 2852 aerea:
2177 2800 2602 2860 abundantiam.
2643 2810 2736 2852 aut
2788 2801 3191 2854 vehementium
3248 2813 3535 2857 ventorum

1961 2901 2165 2944 mctum
2201 2892 2511 2956 significant
2543 2909 2557 2945 :
2589 2893 2883 2960 quinetiam
2915 2894 2947 2945 ii
2977 2908 3114 2964 quos
3144 2894 3400 2947 adversos
3451 2909 3536 2947 so.

1959 2981 2037 3036 les
2058 2981 2352 3051 appellant,
2379 2982 2593 3052 quando
2619 2998 2723 3036 una
2750 2999 2868 3036 cum
2895 2985 3024 3039 solis
3050 2986 3402 3040 conversione
3425 2987 3529 3040 cir-

1961 3083 2335 3136 cumcnrsant,
2380 3073 2650 3126 aeriorum
2706 3074 3060 3140 quorumdam
3119 3090 3341 3128 casuum
3399 3078 3534 3129 iiunt

1964 3165 2242 3233 praesagia.
2283 3163 2357 3215 Ita
2390 3172 2443 3217 et
2469 3163 2632 3231 virgae
2666 3163 2769 3215 illae
2797 3178 2916 3231 quae
2947 3165 3100 3219 iridis
3132 3167 3415 3219 imitantur
3439 3182 3535 3221 co-

276 3253 372 3304 καὶ
392 3253 449 3302 αἱ
477 3250 679 3319 ῥάϐδοι,
707 3251 762 3302 αἱ
788 3251 929 3303 κατά
957 3251 1055 3322 τὴν
1089 3253 1251 3323 χρόαν
1274 3252 1373 3321 τῆς
1407 3252 1572 3322 ἴριδος
1600 3252 1678 3313 είς
1701 3251 1857 3321 ὀρθὸν

1961 3255 2152 3317 larem,
2192 3269 2254 3307 ac
2297 3263 2455 3308 recta:
2491 3255 2542 3307 in
2590 3256 2821 3309 nubibus
2865 3267 3164 3324 apparent,
3197 3259 3408 3326 pluvias
3439 3270 3535 3315 aut

275 3344 390 3404 τοῖς
421 3341 636 3408 νέφεσιν
676 3341 1093 3411 ἐμφαινόμεναι,
1134 3340 1428 3411 ὄμϐρουςῆ
1470 3340 1744 3410 χειμῶνας
1771 3341 1858 3404 ἐξ-

277 3434 508 3496 αισίους,
532 3433 564 3503 ἢ
589 3433 722 3496 ὅλως
751 3434 848 3505 τὴν
873 3435 965 3485 ἐπὶ
999 3434 1244 3486 πλεῖστον
1265 3432 1566 3503 μεταϐολὴν
1589 3431 1681 3483 τοῦ
1701 3432 1858 3502 ἀέρος

280 3525 663 3578 ἐνδείκνυνται.
727 3525 904 3578 Πολλά
959 3525 1014 3577 δέ
1051 3527 1145 3577 καὶ
1187 3524 1315 3596 περὶ
1359 3524 1590 3594 σελήνην
1623 3523 1857 3592 αὐξομέ-

279 3635 376 3687 νην
413 3617 580 3688 (Η)ἢ
621 3617 891 3687 λήγουσαν
927 3618 976 3669 οἱ
1010 3617 1220 3680 τούτοις
1250 3616 1604 3687 έσχολακότες
1631 3617 1860 3686 τετηρή-

280 3728 408 3764 κασι
446 3710 743 3782 σημειώδη,
797 3712 871 3773 ὡς
898 3709 992 3761 τοῦ
1043 3712 1171 3781 περὶ
1225 3712 1325 3780 γῆν
1361 3711 1521 3782 ἀέρος
1549 3711 1860 3778 ἀναγκαίως

279 3806 392 3866 τοῖς
424 3805 694 3875 σχήμασιν
720 3803 888 3870 αὐτῆς
911 3801 1511 3872 συμμεταϐαλλομένου.
1548 3802 1730 3871 Λεπτὴ
1762 3802 1859 3872 μὲν

280 3891 390 3962 γὰρ
424 3889 557 3944 οὖσα
592 3891 717 3960 περὶ
743 3891 932 3961 τρίτην
955 3890 1169 3962 ἡμέραν
1193 3892 1285 3943 καὶ
1314 3891 1552 3961 καθαρὰ,
1594 3892 1859 3962 σταθερὰν

281 3984 468 4035 εὐδίαν
498 3982 1017 4051 κατεπαγγέλλεται·
1055 3986 1252 4053 παχεῖα
1281 3983 1337 4035 δὲ
1363 3986 1479 4045 ταῖς
1495 3983 1740 4053 κεραίαις
1767 3972 1860 4035 καὶ

283 4071 588 4143 ὑπέρυθρος
607 4073 925 4144 φαινομένη,
947 4074 979 4145 ἢ
1011 4074 1118 4141 (ιε)
1142 4072 1284 4143 ὕδωρ
1309 4071 1505 4142 λάϐρον
1532 4073 1637 4124 ἀπὸ
1661 4072 1857 4139 νεφῶν,

365 4164 516 4217 νότου
568 4161 748 4233 βιαίαν
777 4164 989 4234 κίνησιν
1045 4163 1274 4216 ἀπειλεῖ.
1308 4161 1417 4233 Τὴν
1455 4161 1510 4214 δὲ
1540 4161 1604 4213 ἐκ
1655 4161 1858 4214 τούτων

285 4257 586 4327 σημείωσιν
627 4256 748 4308 ὅσον
786 4255 863 4326 τῷ
896 4256 993 4325 βίῳ
1026 4256 1322 4326 παρέχεται
1352 4254 1414 4307 τὸ
1442 4253 1734 4325 ὠφέλιμον,
1775 4252 1859 4317 τίς

282 4349 502 4414 ἀγνοεῖ;
530 4346 745 4410 Ἔξεστι
792 4346 890 4415 μὲν
917 4345 1023 4414 γάρ
1057 4344 1134 4412 τῷ
1188 4344 1429 4414 πλωτῆρι
1460 4343 1587 4395 εἴσω
1624 4341 1858 4413 λιμένων

1960 3348 2204 3415 ingentes
2263 3347 2546 3414 procellas,
2600 3357 2692 3402 aut
2756 3350 2988 3416 denique
3056 3350 3346 3404 maximam
3391 3352 3535 3407 aeris

1961 3436 2391 3490 immutationem
2440 3440 2795 3506 portendunt.
2846 3439 3007 3491 Multa
3061 3456 3278 3508 quoque
3329 3442 3532 3498 indicia

1959 3526 2102 3578 circa
2131 3535 2467 3578 crescentem
2502 3526 2582 3580 vel
2613 3528 2925 3579 decrescent
2946 3542 3028 3579 em
3062 3528 3241 3580 lunam
3273 3529 3530 3583 observa-

1964 3625 2179 3683 verunt,
2213 3616 2303 3685 qui
2347 3618 2510 3672 rebus
2560 3617 2677 3670 istis
2712 3633 2934 3687 operam
2985 3619 3327 3688 impcndere;
3375 3623 3533 3690 quasi

1963 3723 2057 3762 aer
2080 3718 2238 3763 terra:
2261 3707 2644 3774 circumfusus,
2676 3710 2838 3763 simul
2872 3725 2990 3762 cum
3031 3712 3196 3779 ipsius
3221 3713 3407 3781 liguris
3435 3728 3532 3767 ne-

1961 3798 2196 3850 cessario
2231 3809 2586 3865 permutetur.
2630 3798 2762 3851 Cum
2787 3799 2930 3851 enim
2965 3801 3109 3853 circa
3141 3803 3357 3856 tertium
3386 3803 3527 3856 diem

1962 3889 2142 3940 tenuis
2172 3896 2254 3941 est
2284 3897 2339 3941 et
2373 3904 2525 3956 pura,
2570 3888 2778 3941 ﬁrmam
2830 3901 3280 3958 constantemque
3322 3895 3532 3948 sereni-

1964 3986 2127 4030 tatem
2169 3980 2538 4047 pramuntiat:
2583 3981 2665 4033 sin
2712 3991 2893 4034 autem
2931 3984 3189 4038 cornibus
3224 3999 3407 4040 crassa
3437 4030 3449 4050 ,
3476 3996 3534 4042 et

1960 4067 2366 4122 subrubicunda
2411 4069 2674 4136 cernitur,
2704 4082 2799 4125 aut
2828 4074 3098 4142 copiosam
3131 4088 3326 4140 aquam
3354 4091 3385 4128 e
3425 4091 3530 4130 nu-

1959 4159 2118 4214 bibus
2146 4159 2446 4228 lapsuram,
2477 4173 2569 4216 aut
2601 4164 2888 4217 violentam
2917 4165 3087 4218 austri
3126 4168 3415 4220 motionem
3446 4167 3531 4220 fu-

1959 4258 2138 4306 turam
2170 4254 2424 4307 minatur.
2454 4254 2570 4308 Jam
2604 4268 2732 4307 vero
2765 4265 3024 4323 qttantum
3055 4253 3284 4307 aﬂ‘erant
3316 4256 3522 4309 utilita-

1960 4345 2030 4399 tis
2069 4345 2250 4412 generi
2294 4349 2529 4398 humano
2567 4345 2827 4399 harumce
2863 4361 3043 4399 rerum
3093 4347 3528 4413 observationes,

285 4439 536 4507 κατέχειν
574 4438 633 4490 τὸ
663 4437 888 4504 σκάφος,
921 4438 1045 4499 τοὺς
1083 4437 1145 4486 ἐκ
1174 4434 1281 4486 τῶν
1309 4436 1631 4504 πνευμάτων
1675 4433 1854 4486 κινδύ-

1961 4438 2080 4506 quis
2112 4436 2360 4505 ignorat?
2390 4435 2523 4489 Nam
2563 4447 2738 4490 nautae
2773 4449 2961 4490 navem
3000 4438 3138 4491 intra
3171 4450 3359 4507 portus
3397 4455 3530 4495 cont

283 4547 406 4590 νους
437 4529 824 4598 προορωμένῳο
868 4527 1043 4592 ἔξεστι
1075 4527 1131 4579 δὲ
1158 4524 1236 4596 τῷ
1276 4523 1540 4594 ὁδοιπόρῳ
1576 4525 1855 4596 πόρρωθεν

287 4618 550 4673 ἐκκλίνειν
593 4620 690 4681 τὰς
718 4619 939 4689 βλάϐας,
968 4620 1030 4671 ἐκ
1053 4617 1148 4688 τῆς
1178 4616 1533 4686 στυγνότητος
1575 4615 1667 4668 τοῦ
1698 4617 1856 4687 ἀέρος

283 4712 381 4782 τήν
418 4708 714 4781 μεταϐολὴν
766 4709 1106 4779 ἀναμένοντι.
1157 4708 1495 4780 Γεωργοὶδὲ,
1532 4705 1741 4776 οἱπερὶ
1788 4707 1856 4760 τὰ

287 4804 578 4875 σπέρματα
610 4803 702 4856 καὶ
732 4800 830 4864 τὰς
855 4801 958 4853 τῶν
978 4801 1158 4869 φυτῶν
1188 4800 1481 4873 θεραπείας
1516 4799 1852 4868 πονούμενοι,

287 4899 466 4962 πάσας
517 4897 763 4950 ἐντεῦθεν
798 4897 1108 4967 εὑρίσκουσι
1143 4895 1242 4958 τὰς
1289 4893 1574 4965 εὐκαιρίας
1603 4892 1710 4944 τῶν
1764 4892 1854 4962 ἔρ-

287 5005 418 5056 γων.
452 4987 592 5055 Ἤδη
616 4987 671 5039 δὲ
703 4986 796 5038 καὶ
829 4986 925 5056 τῆς
952 4982 1043 5038 τοῦ
1077 4985 1274 5047 παντὸς
1319 4982 1610 5046 διαλύσεως
1636 4983 1692 5034 ἐν
1720 4979 1854 5052 ἡλίῳ

276 5080 381 5133 καὶ
418 5078 613 5151 σελήνῃ
645 5078 738 5131 καὶ
761 5079 978 5152 ἄστροις
1006 5078 1205 5148 σημεῖα
1233 5074 1563 5147 φανήσεσθαι
1596 5076 1624 5126 ὁ
1653 5072 1854 5144 Κύριος

358 5235 403 5266 ⁸⁵
439 5235 628 5292 Matth.
657 5252 767 5300 xvi,
802 5234 856 5287 5.

361 5353 437 5425 (5)
480 5353 674 5425 Regius
705 5354 910 5422 primus
932 5361 985 5406 et
1008 5350 1157 5406 Colb.
1184 5351 1450 5405 secundus
1482 5347 1570 5399 καὶ
1604 5345 1698 5418 τὴν
1732 5344 1845 5398 κτί-

285 5442 370 5478 σιν
396 5424 846 5494 ,περιλάμπουσι

359 5493 433 5565 (6)
469 5489 618 5548 Editi
639 5494 732 5546 ἐὰν
765 5494 874 5564 γὰρ
901 5491 994 5560 μή.
1031 5491 1184 5544 Deest
1207 5493 1314 5562 γάρ
1343 5492 1392 5544 in
1423 5489 1621 5543 nostris
1651 5497 1854 5558 septem

285 5581 420 5619 mss.

362 5634 438 5716 (ἶ)
480 5632 702 5716 codices
727 5632 829 5684 duo
855 5633 940 5716 ἐπ’
959 5631 1169 5716 ,α’ὒτῶν.
1200 5631 1733 5716 Aliipquatnorrmss.

287 5700 486 5760 αὐτῶν,
526 5703 660 5757 Editi
708 5718 836 5755 vero
879 5703 970 5754 ὑπ’
1007 5703 1204 5756 αὐτῶν.
1252 5703 1540 5769 Aliquanto
1572 5712 1689 5768 post
1729 5700 1855 5754 editi

285 5775 461 5828 πολλά
491 5776 547 5827 δὲ
578 5772 690 5826 καί.
733 5773 884 5824 Deest
914 5772 1003 5824 καί
1030 5774 1077 5822 in
1110 5774 1342 5837 quinque
1375 5786 1501 5823 mss.

361 5845 539 5915 (8)1ta
584 5854 786 5912 septem
827 5856 951 5896 mss.
1001 5842 1135 5896 Editi
1176 5836 1503 5909 παρέδωκεν.
1548 5836 1708 5894 Coisl.
1748 5839 1854 5907 pri-

1963 4532 2132 4582 tiuere
2163 4528 2308 4591 licet,
2345 4527 2583 4597 pericula
2624 4542 2654 4581 e
2697 4527 2872 4581 ventis
2918 4526 3284 4597 impendentia
3329 4531 3525 4600 prteri-

1963 4619 2128 4672 denti.
2155 4618 2260 4672 Fas
2287 4629 2369 4673 est
2398 4618 2588 4672 viatori
2622 4619 2835 4674 eminus
2860 4620 3201 4675 incommoda
3229 4620 3527 4692 declinare,

1963 4726 2024 4765 ex
2052 4711 2172 4766 ραδιί
2200 4711 2414 4764 tristitia
2445 4710 2587 4764 aeris
2618 4713 2970 4768 mutationem
2989 4715 3343 4782 exspectanti.
3369 4715 3530 4784 Agri-

1963 4800 2093 4854 cola:
2120 4814 2354 4871 quoque,
2379 4799 2467 4868 qui
2494 4799 2640 4854 circa
2669 4803 2876 4855 semina
2909 4818 2972 4856 ac
2996 4803 3299 4872 plantarum
3322 4804 3525 4860 cultum

1961 4899 2314 4958 ovcupantur,
2369 4889 2497 4945 inde
2540 4892 2846 4958 conjectant
2885 4907 3100 4948 omnem
3157 4894 3526 4952 faciendorum

1961 4997 2180 5050 operum
2225 4985 2704 5052 opportunitatem.
2751 4983 2858 5055 54
2891 4983 3007 5039 Jam
3047 5002 3175 5040 vero
3206 4996 3261 5042 et
3291 4989 3524 5043 dissolu-

1962 5075 2122 5128 tionis
2149 5075 2384 5130 universi
2415 5076 2569 5145 signa
2610 5076 2664 5129 in
2694 5077 2807 5131 sole
2837 5077 3072 5148 lunaque
3104 5088 3160 5132 et.
3188 5081 3352 5136 astris
3379 5098 3520 5151 pra:-

1953 5349 2412 5420 ωιιεπαρέδωκεν
2441 5348 2613 5420 ήμῖνλ

2027 5418 2099 5490 (9)
2129 5417 2354 5490 Codices
2413 5417 2517 5472 duo
2564 5420 2786 5484 ἆλλωες.
2829 5419 2983 5490 Regii
3030 5420 3212 5476 itidem
3258 5420 3362 5476 duo
3397 5436 3520 5477 cum

1953 5487 2119 5542 Coisl.
2149 5489 2386 5542 Secundo
2415 5490 2606 5552 ἆλωες.
2639 5492 2776 5546 Editi
2816 5487 2977 5554 ᾰλιιῖς.

2025 5558 2137 5631 (1Ῠο)
2177 5559 2352 5612 Editio
2386 5560 2547 5612 Basil.
2574 5577 2694 5616 cum
2731 5563 2963 5630 quinque
2998 5575 3128 5615 mss.
3157 5560 3356 5631 βιαίαν.
3391 5560 3521 5619 Edi-

1953 5627 2027 5681 tio
2066 5630 2236 5682 Paris.
2269 5644 2388 5700 cum
2416 5631 2624 5684 duobus
2653 5627 2772 5686 aliis
2803 5627 2925 5684 mss.
2965 5627 3173 5700 βιαίων.

2161 5698 2515 5773 (lodicesdup
2550 5703 2775 5773 σελήνην
2813 5698 3200 5772 αὐξανομένην.

2023 5771 2134 5838 (12)
2170 5769 2244 5821 Ita
2273 5769 2440 5838 editio
2469 5770 2630 5825 Basit.
2664 5769 2783 5825 cum
2822 5769 3164 5824 ntultis'tnss.
3202 5769 3375 5824 Editio
3416 5769 3520 5825 Pa-

1951 5835 2043 5893 ris.
2071 5839 2102 5890 il
2129 5838 2242 5892 καί.
2273 5835 2471 5892 Ibidem
2499 5840 2649 5895 Colb.
2689 5842 2953 5896 secundus
2979 5838 3084 5891 ὑπὸ
3113 5838 3310 5905 νεςεῶν.
