  <div class='ocr_page' id='page_1' title='image "/cluster/home/n/w/nwhite01/storage/ocr_20150623/29/ien.35556001660547/473.png"; bbox 0 0 4062 6448; ppageno 0'>
   <div class='ocr_carea' id='block_1_1' title="bbox 354 383 459 438">
    <p class='ocr_par' dir='ltr' id='par_1_1' title="bbox 354 383 459 438">
     <span class='ocr_line' id='line_1_1' title="bbox 354 383 459 438; baseline 0.019 -2"><span class='ocrx_word' id='word_1_1' title='bbox 354 383 459 438; x_wconf 69' lang='grc'><strong>120</strong></span> 
     </span>
    </p>
   </div>
   <div class='ocr_carea' id='block_1_2' title="bbox 1446 378 2493 439">
    <p class='ocr_par' dir='ltr' id='par_1_2' title="bbox 1446 378 2493 439">
     <span class='ocr_line' id='line_1_2' title="bbox 1446 378 2493 439; baseline -0.001 -3"><span class='ocrx_word' id='word_1_2' title='bbox 1446 382 1731 439; x_wconf 79' lang='lat' dir='ltr'><strong>IIOMILIA</strong></span> <span class='ocrx_word' id='word_1_3' title='bbox 1775 380 1842 436; x_wconf 83' lang='lat' dir='ltr'><strong>Vl</strong></span> <span class='ocrx_word' id='word_1_4' title='bbox 1886 380 1952 436; x_wconf 85' lang='lat' dir='ltr'><strong>IN</strong></span> <span class='ocrx_word' id='word_1_5' title='bbox 1994 378 2493 437; x_wconf 78' lang='lat' dir='ltr'><strong>IIEXAEMERON.</strong></span> 
     </span>
    </p>
   </div>
   <div class='ocr_carea' id='block_1_3' title="bbox 3519 379 3612 431">
    <p class='ocr_par' dir='ltr' id='par_1_3' title="bbox 3519 379 3612 431">
     <span class='ocr_line' id='line_1_3' title="bbox 3519 379 3612 431; baseline -0.022 0"><span class='ocrx_word' id='word_1_6' title='bbox 3519 379 3612 431; x_wconf 75' lang='grc'><strong>150</strong></span> 
     </span>
    </p>
   </div>
   <div class='ocr_carea' id='block_1_4' title="bbox 347 487 1917 570">
    <p class='ocr_par' dir='ltr' id='par_1_4' title="bbox 347 494 1917 570">
     <span class='ocr_line' id='line_1_4' title="bbox 347 494 1917 570; baseline -0.004 -18"><span class='ocrx_word' id='word_1_7' title='bbox 347 499 399 552; x_wconf 77' lang='grc' dir='ltr'><strong>εί</strong></span> <span class='ocrx_word' id='word_1_8' title='bbox 423 496 521 570; x_wconf 82' lang='grc' dir='ltr'>τὴν</span> <span class='ocrx_word' id='word_1_9' title='bbox 553 498 835 569; x_wconf 72' lang='grc' dir='ltr'>ἀκρίϐειαν</span> <span class='ocrx_word' id='word_1_10' title='bbox 888 498 1090 567; x_wconf 89' lang='grc' dir='ltr'>ταύτην</span> <span class='ocrx_word' id='word_1_11' title='bbox 1118 496 1212 566; x_wconf 80' lang='grc' dir='ltr'>τῆς</span> <span class='ocrx_word' id='word_1_12' title='bbox 1256 494 1346 548; x_wconf 90' lang='grc' dir='ltr'><strong>τοῦ</strong></span> <span class='ocrx_word' id='word_1_13' title='bbox 1382 497 1573 567; x_wconf 83' lang='grc' dir='ltr'>χρόνου</span> <span class='ocrx_word' id='word_1_14' title='bbox 1615 494 1917 565; x_wconf 76' lang='grc' dir='ltr'><strong>διαιρέσεως</strong></span> 
     </span>
    </p>
   </div>
   <div class='ocr_carea' id='block_1_5' title="bbox 2019 487 3610 570">
    <p class='ocr_par' dir='ltr' id='par_1_5' title="bbox 2035 487 3610 563">
     <span class='ocr_line' id='line_1_5' title="bbox 2035 487 3610 563; baseline -0.006 -15"><span class='ocrx_word' id='word_1_15' title='bbox 2035 509 2163 548; x_wconf 90' lang='lat' dir='ltr'><strong>vare</strong></span> <span class='ocrx_word' id='word_1_16' title='bbox 2188 494 2417 563; x_wconf 78' lang='lat' dir='ltr'><strong>possint.</strong></span> <span class='ocrx_word' id='word_1_17' title='bbox 2449 492 2581 547; x_wconf 82' lang='lat' dir='ltr'><strong>Nam</strong></span> <span class='ocrx_word' id='word_1_18' title='bbox 2610 487 2939 557; x_wconf 88' lang='lat' dir='ltr'><strong>sintulatque</strong></span> <span class='ocrx_word' id='word_1_19' title='bbox 2989 498 3148 544; x_wconf 88' lang='lat' dir='ltr'><strong>natus</strong></span> <span class='ocrx_word' id='word_1_20' title='bbox 3177 496 3260 545; x_wconf 89' lang='lat' dir='ltr'><strong>est</strong></span> <span class='ocrx_word' id='word_1_21' title='bbox 3287 503 3441 558; x_wconf 90' lang='lat' dir='ltr'><strong>puer,</strong></span> <span class='ocrx_word' id='word_1_22' title='bbox 3470 494 3610 558; x_wconf 63' lang='lat' dir='ltr'><strong>quot:</strong></span> 
     </span>
    </p>
   </div>
   <div class='ocr_carea' id='block_1_6' title="bbox 348 586 1935 661">
    <p class='ocr_par' dir='ltr' id='par_1_6' title="bbox 348 586 1935 661">
     <span class='ocr_line' id='line_1_6' title="bbox 348 586 1935 661; baseline -0.003 -18"><span class='ocrx_word' id='word_1_23' title='bbox 348 589 631 645; x_wconf 76' lang='grc' dir='ltr'><strong>ἀποσῶσαι</strong></span> <span class='ocrx_word' id='word_1_24' title='bbox 668 592 1009 661; x_wconf 81' lang='grc' dir='ltr'><strong>δυνήσονται.</strong></span> <span class='ocrx_word' id='word_1_25' title='bbox 1056 586 1221 657; x_wconf 87' lang='grc' dir='ltr'>Ὁμοῦ</span> <span class='ocrx_word' id='word_1_26' title='bbox 1260 605 1316 641; x_wconf 86' lang='grc' dir='ltr'><strong>τε</strong></span> <span class='ocrx_word' id='word_1_27' title='bbox 1361 588 1467 659; x_wconf 79' lang='grc' dir='ltr'>γὰρ</span> <span class='ocrx_word' id='word_1_28' title='bbox 1498 586 1693 657; x_wconf 76' lang='grc' dir='ltr'>ἐτέχθη</span> <span class='ocrx_word' id='word_1_29' title='bbox 1719 587 1779 639; x_wconf 87' lang='grc' dir='ltr'>τὸ</span> <span class='ocrx_word' id='word_1_30' title='bbox 1811 603 1935 639; x_wconf 87' lang='grc' dir='ltr'>παι-</span> 
     </span>
    </p>
   </div>
   <div class='ocr_carea' id='block_1_7' title="bbox 346 676 1931 753">
    <p class='ocr_par' dir='ltr' id='par_1_7' title="bbox 346 676 1931 753">
     <span class='ocr_line' id='line_1_7' title="bbox 346 676 1931 753; baseline -0.004 -17"><span class='ocrx_word' id='word_1_31' title='bbox 346 682 477 743; x_wconf 84' lang='grc' dir='ltr'>δίον,</span> <span class='ocrx_word' id='word_1_32' title='bbox 521 683 614 736; x_wconf 78' lang='grc' dir='ltr'>καὶ</span> <span class='ocrx_word' id='word_1_33' title='bbox 647 684 680 753; x_wconf 81' lang='grc' dir='ltr'>ἠ</span> <span class='ocrx_word' id='word_1_34' title='bbox 720 684 853 751; x_wconf 82' lang='grc' dir='ltr'><strong>μαῖα</strong></span> <span class='ocrx_word' id='word_1_35' title='bbox 888 682 1227 733; x_wconf 85' lang='grc' dir='ltr'>κατασκοπεῖ</span> <span class='ocrx_word' id='word_1_36' title='bbox 1267 680 1328 733; x_wconf 79' lang='grc' dir='ltr'>τὸ</span> <span class='ocrx_word' id='word_1_37' title='bbox 1380 676 1638 747; x_wconf 80' lang='grc' dir='ltr'>γεννηθὲν</span> <span class='ocrx_word' id='word_1_38' title='bbox 1683 676 1849 749; x_wconf 69' lang='grc' dir='ltr'>ἄρρεν</span> <span class='ocrx_word' id='word_1_39' title='bbox 1901 677 1931 746; x_wconf 86' lang='grc' dir='ltr'><strong>ἢ</strong></span> 
     </span>
    </p>
   </div>
   <div class='ocr_carea' id='block_1_8' title="bbox 346 771 1934 846">
    <p class='ocr_par' dir='ltr' id='par_1_8' title="bbox 346 771 1934 846">
     <span class='ocr_line' id='line_1_8' title="bbox 346 771 1934 846; baseline -0.004 -18"><span class='ocrx_word' id='word_1_40' title='bbox 346 772 501 846; x_wconf 76' lang='grc' dir='ltr'>θῆλυο</span> <span class='ocrx_word' id='word_1_41' title='bbox 530 771 648 827; x_wconf 80' lang='grc' dir='ltr'>εἶτα</span> <span class='ocrx_word' id='word_1_42' title='bbox 677 771 937 841; x_wconf 80' lang='grc' dir='ltr'><strong>ἀναμένει</strong></span> <span class='ocrx_word' id='word_1_43' title='bbox 963 771 1054 824; x_wconf 79' lang='grc' dir='ltr'>τὸν</span> <span class='ocrx_word' id='word_1_44' title='bbox 1076 772 1373 837; x_wconf 84' lang='grc' dir='ltr'>κλαυθμὸν,</span> <span class='ocrx_word' id='word_1_45' title='bbox 1404 772 1541 840; x_wconf 85' lang='grc' dir='ltr'>ὅπερ</span> <span class='ocrx_word' id='word_1_46' title='bbox 1576 771 1800 841; x_wconf 88' lang='grc' dir='ltr'>σημεῖόν</span> <span class='ocrx_word' id='word_1_47' title='bbox 1820 771 1934 823; x_wconf 76' lang='grc' dir='ltr'>ἐστι</span> 
     </span>
    </p>
   </div>
   <div class='ocr_carea' id='block_1_9' title="bbox 345 863 1934 937">
    <p class='ocr_par' dir='ltr' id='par_1_9' title="bbox 345 863 1934 937">
     <span class='ocr_line' id='line_1_9' title="bbox 345 863 1934 937; baseline -0.003 -19"><span class='ocrx_word' id='word_1_48' title='bbox 345 867 444 937; x_wconf 85' lang='grc' dir='ltr'>τῆς</span> <span class='ocrx_word' id='word_1_49' title='bbox 498 865 643 935; x_wconf 80' lang='grc' dir='ltr'>ζωῆς</span> <span class='ocrx_word' id='word_1_50' title='bbox 675 864 767 917; x_wconf 89' lang='grc' dir='ltr'><strong>τοῦ</strong></span> <span class='ocrx_word' id='word_1_51' title='bbox 799 866 1098 934; x_wconf 84' lang='grc' dir='ltr'>τεχθέντος.</span> <span class='ocrx_word' id='word_1_52' title='bbox 1135 866 1283 919; x_wconf 86' lang='grc' dir='ltr'>Πόσα</span> <span class='ocrx_word' id='word_1_53' title='bbox 1327 863 1503 934; x_wconf 84' lang='grc' dir='ltr'><strong>βούλει</strong></span> <span class='ocrx_word' id='word_1_54' title='bbox 1553 865 1611 915; x_wconf 82' lang='grc' dir='ltr'>ὲν</span> <span class='ocrx_word' id='word_1_55' title='bbox 1653 863 1826 931; x_wconf 86' lang='grc' dir='ltr'>τούτῳ</span> <span class='ocrx_word' id='word_1_56' title='bbox 1856 864 1934 932; x_wconf 86' lang='grc' dir='ltr'>τῷ</span> 
     </span>
    </p>
   </div>
   <div class='ocr_carea' id='block_1_10' title="bbox 346 951 1931 1030">
    <p class='ocr_par' dir='ltr' id='par_1_10' title="bbox 346 951 1931 1030">
     <span class='ocr_line' id='line_1_10' title="bbox 346 951 1931 1030; baseline -0.003 -18"><span class='ocrx_word' id='word_1_57' title='bbox 346 960 521 1030; x_wconf 87' lang='grc' dir='ltr'>χρόνῳ</span> <span class='ocrx_word' id='word_1_58' title='bbox 546 957 922 1029; x_wconf 82' lang='grc' dir='ltr'>παραδραμεῖν</span> <span class='ocrx_word' id='word_1_59' title='bbox 952 957 1249 1029; x_wconf 80' lang='grc' dir='ltr'>ἑξηκοστά;</span> <span class='ocrx_word' id='word_1_60' title='bbox 1278 951 1411 1010; x_wconf 85' lang='grc' dir='ltr'>Εἶπε</span> <span class='ocrx_word' id='word_1_61' title='bbox 1447 956 1557 1027; x_wconf 88' lang='grc'><strong>(20)</strong></span> <span class='ocrx_word' id='word_1_62' title='bbox 1579 956 1655 1026; x_wconf 81' lang='grc' dir='ltr'>τῷ</span> <span class='ocrx_word' id='word_1_63' title='bbox 1683 956 1931 1026; x_wconf 83' lang='grc' dir='ltr'>Χαλδαίῳ</span> 
     </span>
    </p>
   </div>
   <div class='ocr_carea' id='block_1_11' title="bbox 343 1045 1928 1119">
    <p class='ocr_par' dir='ltr' id='par_1_11' title="bbox 343 1045 1928 1119">
     <span class='ocr_line' id='line_1_11' title="bbox 343 1045 1928 1119; baseline 0.001 -20"><span class='ocrx_word' id='word_1_64' title='bbox 343 1048 406 1100; x_wconf 83' lang='grc' dir='ltr'>τὸ</span> <span class='ocrx_word' id='word_1_65' title='bbox 438 1047 714 1117; x_wconf 76' lang='grc' dir='ltr'>γεννηθέν.</span> <span class='ocrx_word' id='word_1_66' title='bbox 747 1047 845 1101; x_wconf 85' lang='grc' dir='ltr'><strong>Διὰ</strong></span> <span class='ocrx_word' id='word_1_67' title='bbox 876 1050 1079 1112; x_wconf 87' lang='grc' dir='ltr'>πόσων,</span> <span class='ocrx_word' id='word_1_68' title='bbox 1099 1048 1297 1119; x_wconf 83' lang='grc' dir='ltr'><strong>βούλει,</strong></span> <span class='ocrx_word' id='word_1_69' title='bbox 1328 1045 1510 1116; x_wconf 85' lang='grc' dir='ltr'>θῶμεν</span> <span class='ocrx_word' id='word_1_70' title='bbox 1527 1045 1636 1097; x_wconf 87' lang='grc' dir='ltr'><strong>τῶν</strong></span> <span class='ocrx_word' id='word_1_71' title='bbox 1666 1045 1928 1100; x_wconf 84' lang='grc' dir='ltr'>λεπτοτά-</span> 
     </span>
    </p>
   </div>
   <div class='ocr_carea' id='block_1_12' title="bbox 344 1138 1935 1212">
    <p class='ocr_par' dir='ltr' id='par_1_12' title="bbox 344 1138 1935 1212">
     <span class='ocr_line' id='line_1_12' title="bbox 344 1138 1935 1212; baseline 0 -21"><span class='ocrx_word' id='word_1_72' title='bbox 344 1156 451 1191; x_wconf 95' lang='grc' dir='ltr'><strong>των</strong></span> <span class='ocrx_word' id='word_1_73' title='bbox 494 1138 594 1208; x_wconf 79' lang='grc' dir='ltr'>τῆς</span> <span class='ocrx_word' id='word_1_74' title='bbox 637 1139 802 1209; x_wconf 81' lang='grc' dir='ltr'>μαίας</span> <span class='ocrx_word' id='word_1_75' title='bbox 830 1141 929 1212; x_wconf 82' lang='grc' dir='ltr'>τὴν</span> <span class='ocrx_word' id='word_1_76' title='bbox 964 1140 1150 1211; x_wconf 82' lang='grc' dir='ltr'>φωνὴν</span> <span class='ocrx_word' id='word_1_77' title='bbox 1192 1138 1505 1210; x_wconf 72' lang='grc' dir='ltr'>παρελθείνο</span> <span class='ocrx_word' id='word_1_78' title='bbox 1541 1138 1714 1202; x_wconf 78' lang='grc' dir='ltr'>ἄλλως</span> <span class='ocrx_word' id='word_1_79' title='bbox 1746 1157 1806 1191; x_wconf 89' lang='grc' dir='ltr'>τε</span> <span class='ocrx_word' id='word_1_80' title='bbox 1836 1140 1935 1191; x_wconf 61' lang='grc' dir='ltr'><strong>καὶ.⁴</strong></span> 
     </span>
    </p>
   </div>
   <div class='ocr_carea' id='block_1_13' title="bbox 346 1228 1928 1303">
    <p class='ocr_par' dir='ltr' id='par_1_13' title="bbox 346 1228 1928 1303">
     <span class='ocr_line' id='line_1_13' title="bbox 346 1228 1928 1303; baseline -0.003 -20"><span class='ocrx_word' id='word_1_81' title='bbox 346 1233 395 1283; x_wconf 85' lang='grc' dir='ltr'><strong>εί</strong></span> <span class='ocrx_word' id='word_1_82' title='bbox 416 1230 568 1303; x_wconf 90' lang='grc' dir='ltr'>τύχοι</span> <span class='ocrx_word' id='word_1_83' title='bbox 616 1232 723 1303; x_wconf 82' lang='grc'><strong>(21)</strong></span> <span class='ocrx_word' id='word_1_84' title='bbox 766 1232 871 1297; x_wconf 79' lang='grc' dir='ltr'><strong>ἔξω</strong></span> <span class='ocrx_word' id='word_1_85' title='bbox 920 1232 1018 1303; x_wconf 88' lang='grc' dir='ltr'>τῆς</span> <span class='ocrx_word' id='word_1_86' title='bbox 1068 1230 1511 1301; x_wconf 80' lang='grc' dir='ltr'><strong>γυναικωνίτιδος</strong></span> <span class='ocrx_word' id='word_1_87' title='bbox 1556 1228 1725 1293; x_wconf 80' lang='grc' dir='ltr'>ἑστὼς</span> <span class='ocrx_word' id='word_1_88' title='bbox 1760 1232 1787 1283; x_wconf 97' lang='lat'><strong>6</strong></span> <span class='ocrx_word' id='word_1_89' title='bbox 1830 1229 1928 1299; x_wconf 81' lang='grc' dir='ltr'>τὴν</span> 
     </span>
    </p>
   </div>
   <div class='ocr_carea' id='block_1_14' title="bbox 345 1321 1927 1396">
    <p class='ocr_par' dir='ltr' id='par_1_14' title="bbox 345 1321 1927 1396">
     <span class='ocr_line' id='line_1_14' title="bbox 345 1321 1927 1396; baseline -0.004 -19"><span class='ocrx_word' id='word_1_90' title='bbox 345 1321 495 1393; x_wconf 83' lang='grc' dir='ltr'>ὥραν</span> <span class='ocrx_word' id='word_1_91' title='bbox 523 1324 944 1396; x_wconf 75' lang='grc' dir='ltr'>ἀτωτιθέμενος;</span> <span class='ocrx_word' id='word_1_92' title='bbox 976 1327 1066 1377; x_wconf 87' lang='grc' dir='ltr'><strong>Δεῖ</strong></span> <span class='ocrx_word' id='word_1_93' title='bbox 1101 1322 1211 1393; x_wconf 87' lang='grc' dir='ltr'><strong>γὰρ</strong></span> <span class='ocrx_word' id='word_1_94' title='bbox 1242 1321 1333 1374; x_wconf 85' lang='grc' dir='ltr'>τὸν</span> <span class='ocrx_word' id='word_1_95' title='bbox 1366 1321 1433 1374; x_wconf 83' lang='grc' dir='ltr'>τὰ</span> <span class='ocrx_word' id='word_1_96' title='bbox 1462 1321 1802 1391; x_wconf 83' lang='grc' dir='ltr'>ὡροσκοπεῖα</span> <span class='ocrx_word' id='word_1_97' title='bbox 1826 1336 1927 1372; x_wconf 91' lang='grc' dir='ltr'>κα-</span> 
     </span>
    </p>
   </div>
   <div class='ocr_carea' id='block_1_15' title="bbox 342 1411 1929 1488">
    <p class='ocr_par' dir='ltr' id='par_1_15' title="bbox 342 1411 1929 1488">
     <span class='ocr_line' id='line_1_15' title="bbox 342 1411 1929 1488; baseline -0.004 -17"><span class='ocrx_word' id='word_1_98' title='bbox 342 1416 608 1488; x_wconf 74' lang='grc' dir='ltr'>ταμαθεῖν</span> <span class='ocrx_word' id='word_1_99' title='bbox 646 1416 904 1487; x_wconf 86' lang='grc' dir='ltr'>μέλλοντα</span> <span class='ocrx_word' id='word_1_100' title='bbox 930 1416 1065 1487; x_wconf 83' lang='grc' dir='ltr'>πρὸς</span> <span class='ocrx_word' id='word_1_101' title='bbox 1100 1414 1381 1485; x_wconf 73' lang='grc' dir='ltr'>ἀκρίϐειαν</span> <span class='ocrx_word' id='word_1_102' title='bbox 1408 1414 1505 1485; x_wconf 84' lang='grc' dir='ltr'>τὴν</span> <span class='ocrx_word' id='word_1_103' title='bbox 1525 1412 1671 1485; x_wconf 86' lang='grc' dir='ltr'>ὥραν</span> <span class='ocrx_word' id='word_1_104' title='bbox 1692 1411 1929 1482; x_wconf 85' lang='grc' dir='ltr'>ἀπογρά-</span> 
     </span>
    </p>
   </div>
   <div class='ocr_carea' id='block_1_16' title="bbox 343 1502 1928 1579">
    <p class='ocr_par' dir='ltr' id='par_1_16' title="bbox 343 1502 1928 1579">
     <span class='ocr_line' id='line_1_16' title="bbox 343 1502 1928 1579; baseline -0.003 -19"><span class='ocrx_word' id='word_1_105' title='bbox 343 1506 561 1575; x_wconf 81' lang='grc' dir='ltr'>φεσθαι,</span> <span class='ocrx_word' id='word_1_106' title='bbox 598 1508 707 1561; x_wconf 73' lang='grc' dir='ltr'>εἴτε</span> <span class='ocrx_word' id='word_1_107' title='bbox 742 1506 981 1579; x_wconf 83' lang='grc' dir='ltr'>ήμερινὰ</span> <span class='ocrx_word' id='word_1_108' title='bbox 1011 1504 1204 1569; x_wconf 91' lang='grc' dir='ltr'>ταῦτα,</span> <span class='ocrx_word' id='word_1_109' title='bbox 1244 1505 1351 1557; x_wconf 82' lang='grc' dir='ltr'>εἴτε</span> <span class='ocrx_word' id='word_1_110' title='bbox 1392 1503 1682 1576; x_wconf 76' lang='grc' dir='ltr'>νυκτερινὰ</span> <span class='ocrx_word' id='word_1_111' title='bbox 1725 1502 1928 1571; x_wconf 81' lang='grc' dir='ltr'>τυγχά·</span> 
     </span>
    </p>
   </div>
   <div class='ocr_carea' id='block_1_17' title="bbox 344 1595 1927 1669">
    <p class='ocr_par' dir='ltr' id='par_1_17' title="bbox 344 1595 1927 1669">
     <span class='ocr_line' id='line_1_17' title="bbox 344 1595 1927 1669; baseline -0.003 -18"><span class='ocrx_word' id='word_1_112' title='bbox 344 1616 444 1652; x_wconf 91' lang='grc' dir='ltr'>νοι.</span> <span class='ocrx_word' id='word_1_113' title='bbox 476 1600 661 1652; x_wconf 88' lang='grc' dir='ltr'>Πόσων</span> <span class='ocrx_word' id='word_1_114' title='bbox 695 1597 1004 1669; x_wconf 79' lang='grc' dir='ltr'>ἑξηκοστῶν</span> <span class='ocrx_word' id='word_1_115' title='bbox 1035 1597 1235 1667; x_wconf 80' lang='grc' dir='ltr'>σμῆνος</span> <span class='ocrx_word' id='word_1_116' title='bbox 1270 1598 1325 1649; x_wconf 85' lang='grc' dir='ltr'>ὲν</span> <span class='ocrx_word' id='word_1_117' title='bbox 1350 1597 1523 1667; x_wconf 88' lang='grc' dir='ltr'>τούτῳ</span> <span class='ocrx_word' id='word_1_118' title='bbox 1565 1595 1724 1650; x_wconf 80' lang='grc' dir='ltr'>πάλιν</span> <span class='ocrx_word' id='word_1_119' title='bbox 1754 1612 1927 1663; x_wconf 89' lang='grc' dir='ltr'>παρα-</span> 
     </span>
    </p>
   </div>
   <div class='ocr_carea' id='block_1_18' title="bbox 343 1687 1927 1763">
    <p class='ocr_par' dir='ltr' id='par_1_18' title="bbox 343 1687 1927 1763">
     <span class='ocr_line' id='line_1_18' title="bbox 343 1687 1927 1763; baseline -0.004 -19"><span class='ocrx_word' id='word_1_120' title='bbox 343 1691 523 1763; x_wconf 82' lang='grc' dir='ltr'>τρέχει</span> <span class='ocrx_word' id='word_1_121' title='bbox 550 1691 627 1762; x_wconf 78' lang='grc' dir='ltr'>τῷ</span> <span class='ocrx_word' id='word_1_122' title='bbox 648 1690 859 1762; x_wconf 88' lang='grc' dir='ltr'>χρόνῳ;</span> <span class='ocrx_word' id='word_1_123' title='bbox 890 1688 1130 1758; x_wconf 81' lang='grc' dir='ltr'>Ἀνάγκη</span> <span class='ocrx_word' id='word_1_124' title='bbox 1159 1688 1267 1760; x_wconf 83' lang='grc' dir='ltr'><strong>γὰρ</strong></span> <span class='ocrx_word' id='word_1_125' title='bbox 1284 1687 1571 1758; x_wconf 81' lang='grc' dir='ltr'>εὑρεθῆναι</span> <span class='ocrx_word' id='word_1_126' title='bbox 1588 1687 1927 1757; x_wconf 79' lang='grc' dir='ltr'>τδνὼροσκο-</span> 
     </span>
    </p>
   </div>
   <div class='ocr_carea' id='block_1_19' title="bbox 343 1775 1926 1849">
    <p class='ocr_par' dir='ltr' id='par_1_19' title="bbox 343 1775 1926 1849">
     <span class='ocr_line' id='line_1_19' title="bbox 343 1775 1926 1849; baseline -0.005 -15"><span class='ocrx_word' id='word_1_127' title='bbox 343 1780 548 1834; x_wconf 87' lang='grc' dir='ltr'>ποῦντα</span> <span class='ocrx_word' id='word_1_128' title='bbox 568 1779 771 1849; x_wconf 78' lang='grc' dir='ltr'>ἀστέρα</span> <span class='ocrx_word' id='word_1_129' title='bbox 798 1779 857 1831; x_wconf 88' lang='grc' dir='ltr'>οὐ</span> <span class='ocrx_word' id='word_1_130' title='bbox 886 1778 1044 1847; x_wconf 87' lang='grc' dir='ltr'>μόνον</span> <span class='ocrx_word' id='word_1_131' title='bbox 1075 1779 1215 1831; x_wconf 85' lang='grc' dir='ltr'>κατὰ</span> <span class='ocrx_word' id='word_1_132' title='bbox 1250 1780 1449 1831; x_wconf 82' lang='grc' dir='ltr'>πόστον</span> <span class='ocrx_word' id='word_1_133' title='bbox 1476 1778 1588 1847; x_wconf 80' lang='grc'><strong>(22)</strong></span> <span class='ocrx_word' id='word_1_134' title='bbox 1619 1775 1926 1845; x_wconf 86' lang='grc' dir='ltr'>δωδεκατη-</span> 
     </span>
    </p>
   </div>
   <div class='ocr_carea' id='block_1_20' title="bbox 345 1868 1925 1948">
    <p class='ocr_par' dir='ltr' id='par_1_20' title="bbox 345 1868 1925 1948">
     <span class='ocr_line' id='line_1_20' title="bbox 345 1868 1925 1948; baseline -0.006 -19"><span class='ocrx_word' id='word_1_135' title='bbox 345 1874 532 1948; x_wconf 87' lang='grc' dir='ltr'>μορίου</span> <span class='ocrx_word' id='word_1_136' title='bbox 558 1874 729 1936; x_wconf 76' lang='grc' dir='ltr'>ὲστὶν,</span> <span class='ocrx_word' id='word_1_137' title='bbox 758 1871 897 1927; x_wconf 85' lang='grc' dir='ltr'><strong>ἀλλά</strong></span> <span class='ocrx_word' id='word_1_138' title='bbox 927 1872 1020 1926; x_wconf 80' lang='grc' dir='ltr'>καὶ</span> <span class='ocrx_word' id='word_1_139' title='bbox 1050 1872 1192 1925; x_wconf 87' lang='grc' dir='ltr'>κατὰ</span> <span class='ocrx_word' id='word_1_140' title='bbox 1218 1872 1373 1935; x_wconf 89' lang='grc' dir='ltr'>ποίας</span> <span class='ocrx_word' id='word_1_141' title='bbox 1414 1871 1608 1943; x_wconf 86' lang='grc' dir='ltr'>μοίρας</span> <span class='ocrx_word' id='word_1_142' title='bbox 1641 1868 1735 1921; x_wconf 90' lang='grc' dir='ltr'><strong>τοῦ</strong></span> <span class='ocrx_word' id='word_1_143' title='bbox 1768 1868 1925 1921; x_wconf 88' lang='grc' dir='ltr'>δωδε-</span> 
     </span>
    </p>
   </div>
   <div class='ocr_carea' id='block_1_21' title="bbox 342 1961 1924 2039">
    <p class='ocr_par' dir='ltr' id='par_1_21' title="bbox 342 1961 1924 2039">
     <span class='ocr_line' id='line_1_21' title="bbox 342 1961 1924 2039; baseline -0.006 -18"><span class='ocrx_word' id='word_1_144' title='bbox 342 1967 700 2039; x_wconf 82' lang='grc' dir='ltr'>κατημορίου,</span> <span class='ocrx_word' id='word_1_145' title='bbox 732 1967 828 2020; x_wconf 68' lang='grc' dir='ltr'>καὶ</span> <span class='ocrx_word' id='word_1_146' title='bbox 857 1966 914 2019; x_wconf 82' lang='grc' dir='ltr'>ὲν</span> <span class='ocrx_word' id='word_1_147' title='bbox 962 1966 1145 2035; x_wconf 81' lang='grc' dir='ltr'>πόστῳ</span> <span class='ocrx_word' id='word_1_148' title='bbox 1193 1962 1493 2036; x_wconf 80' lang='grc' dir='ltr'>ἑξηκοστῷ,</span> <span class='ocrx_word' id='word_1_149' title='bbox 1533 1964 1613 2025; x_wconf 90' lang='grc' dir='ltr'><strong>εἰς</strong></span> <span class='ocrx_word' id='word_1_150' title='bbox 1644 1961 1678 2015; x_wconf 77' lang='lat' dir='ltr'><strong>a</strong></span> <span class='ocrx_word' id='word_1_151' title='bbox 1720 1961 1924 2030; x_wconf 77' lang='grc' dir='ltr'>ἔφαμεν</span> 
     </span>
    </p>
   </div>
   <div class='ocr_carea' id='block_1_22' title="bbox 340 2052 1919 2130">
    <p class='ocr_par' dir='ltr' id='par_1_22' title="bbox 340 2052 1919 2130">
     <span class='ocr_line' id='line_1_22' title="bbox 340 2052 1919 2130; baseline -0.005 -17"><span class='ocrx_word' id='word_1_152' title='bbox 340 2057 664 2130; x_wconf 79' lang='grc' dir='ltr'>διαιρεῖσθαι</span> <span class='ocrx_word' id='word_1_153' title='bbox 689 2056 786 2129; x_wconf 82' lang='grc' dir='ltr'>τὴν</span> <span class='ocrx_word' id='word_1_154' title='bbox 818 2058 1009 2128; x_wconf 81' lang='grc' dir='ltr'>μοῖραν</span> <span class='ocrx_word' id='word_1_155' title='bbox 1029 2056 1140 2127; x_wconf 76' lang='grc'><strong>(25)</strong></span> <span class='ocrx_word' id='word_1_156' title='bbox 1189 2056 1243 2126; x_wconf 81' lang='grc' dir='ltr'>ἢ,</span> <span class='ocrx_word' id='word_1_157' title='bbox 1264 2056 1351 2109; x_wconf 83' lang='grc' dir='ltr'>ἵνα</span> <span class='ocrx_word' id='word_1_158' title='bbox 1368 2055 1428 2107; x_wconf 78' lang='grc' dir='ltr'>τὸ</span> <span class='ocrx_word' id='word_1_159' title='bbox 1450 2053 1677 2125; x_wconf 77' lang='grc' dir='ltr'>ἀκριϐὲς</span> <span class='ocrx_word' id='word_1_160' title='bbox 1706 2052 1919 2125; x_wconf 76' lang='grc' dir='ltr'>εὑρεθῇ,</span> 
     </span>
    </p>
   </div>
   <div class='ocr_carea' id='block_1_23' title="bbox 340 2145 1921 2221">
    <p class='ocr_par' dir='ltr' id='par_1_23' title="bbox 340 2145 1921 2221">
     <span class='ocr_line' id='line_1_23' title="bbox 340 2145 1921 2221; baseline -0.003 -19"><span class='ocrx_word' id='word_1_161' title='bbox 340 2152 399 2203; x_wconf 73' lang='grc' dir='ltr'>ὲν</span> <span class='ocrx_word' id='word_1_162' title='bbox 452 2150 634 2221; x_wconf 84' lang='grc' dir='ltr'>πόστῳ</span> <span class='ocrx_word' id='word_1_163' title='bbox 664 2148 941 2220; x_wconf 76' lang='grc' dir='ltr'>ἑξηκοστῷ</span> <span class='ocrx_word' id='word_1_164' title='bbox 996 2148 1103 2203; x_wconf 86' lang='grc' dir='ltr'><strong>τῶν</strong></span> <span class='ocrx_word' id='word_1_165' title='bbox 1146 2147 1595 2219; x_wconf 81' lang='grc' dir='ltr'>ὐποδιῃρημένων</span> <span class='ocrx_word' id='word_1_166' title='bbox 1650 2147 1758 2199; x_wconf 82' lang='grc' dir='ltr'><strong>ἀπὸ</strong></span> <span class='ocrx_word' id='word_1_167' title='bbox 1814 2145 1921 2198; x_wconf 84' lang='grc' dir='ltr'><strong>τῶν</strong></span> 
     </span>
    </p>
   </div>
   <div class='ocr_carea' id='block_1_24' title="bbox 339 2240 1921 2316">
    <p class='ocr_par' dir='ltr' id='par_1_24' title="bbox 339 2240 1921 2316">
     <span class='ocr_line' id='line_1_24' title="bbox 339 2240 1921 2316; baseline -0.002 -20"><span class='ocrx_word' id='word_1_168' title='bbox 339 2244 571 2316; x_wconf 86' lang='grc' dir='ltr'>πρώτων</span> <span class='ocrx_word' id='word_1_169' title='bbox 612 2243 939 2312; x_wconf 75' lang='grc' dir='ltr'>ἑξηκοστῶν.</span> <span class='ocrx_word' id='word_1_170' title='bbox 995 2242 1108 2297; x_wconf 76' lang='grc' dir='ltr'><strong>Καὶ</strong></span> <span class='ocrx_word' id='word_1_171' title='bbox 1156 2240 1356 2312; x_wconf 78' lang='grc' dir='ltr'>ταύτην</span> <span class='ocrx_word' id='word_1_172' title='bbox 1408 2241 1504 2312; x_wconf 76' lang='grc' dir='ltr'>τὴν</span> <span class='ocrx_word' id='word_1_173' title='bbox 1534 2240 1675 2294; x_wconf 75' lang='grc' dir='ltr'>οὔτω</span> <span class='ocrx_word' id='word_1_174' title='bbox 1723 2241 1921 2309; x_wconf 81' lang='grc' dir='ltr'>λεπτὴν</span> 
     </span>
    </p>
   </div>
   <div class='ocr_carea' id='block_1_25' title="bbox 340 2330 1919 2403">
    <p class='ocr_par' dir='ltr' id='par_1_25' title="bbox 340 2330 1919 2403">
     <span class='ocr_line' id='line_1_25' title="bbox 340 2330 1919 2403; baseline -0.004 -16"><span class='ocrx_word' id='word_1_175' title='bbox 340 2333 437 2387; x_wconf 74' lang='grc' dir='ltr'>καὶ</span> <span class='ocrx_word' id='word_1_176' title='bbox 496 2332 877 2401; x_wconf 82' lang='grc' dir='ltr'>ἀκατάληπτον</span> <span class='ocrx_word' id='word_1_177' title='bbox 926 2330 1144 2402; x_wconf 74' lang='grc' dir='ltr'>εὕρεσιν</span> <span class='ocrx_word' id='word_1_178' title='bbox 1173 2330 1263 2384; x_wconf 90' lang='grc' dir='ltr'><strong>τοῦ</strong></span> <span class='ocrx_word' id='word_1_179' title='bbox 1318 2330 1507 2403; x_wconf 89' lang='grc' dir='ltr'>χρόνου</span> <span class='ocrx_word' id='word_1_180' title='bbox 1546 2332 1629 2400; x_wconf 82' lang='grc' dir='ltr'><strong>ἐφ’</strong></span> <span class='ocrx_word' id='word_1_181' title='bbox 1693 2331 1919 2384; x_wconf 82' lang='grc' dir='ltr'>ἑκάστου</span> 
     </span>
    </p>
   </div>
   <div class='ocr_carea' id='block_1_26' title="bbox 339 2416 1919 2493">
    <p class='ocr_par' dir='ltr' id='par_1_26' title="bbox 339 2416 1919 2493">
     <span class='ocr_line' id='line_1_26' title="bbox 339 2416 1919 2493; baseline -0.003 -17"><span class='ocrx_word' id='word_1_182' title='bbox 339 2422 451 2476; x_wconf 80' lang='grc' dir='ltr'><strong>τῶν</strong></span> <span class='ocrx_word' id='word_1_183' title='bbox 493 2419 777 2493; x_wconf 85' lang='grc' dir='ltr'>πλανητῶν</span> <span class='ocrx_word' id='word_1_184' title='bbox 818 2423 1111 2491; x_wconf 81' lang='grc' dir='ltr'>ἀναγκαῖον</span> <span class='ocrx_word' id='word_1_185' title='bbox 1144 2416 1282 2474; x_wconf 75' lang='grc' dir='ltr'>εἶναι</span> <span class='ocrx_word' id='word_1_186' title='bbox 1333 2422 1601 2474; x_wconf 82' lang='grc' dir='ltr'>ποιεῖσθαι</span> <span class='ocrx_word' id='word_1_187' title='bbox 1653 2420 1919 2487; x_wconf 80' lang='grc' dir='ltr'>λέγουσιν.</span> 
     </span>
    </p>
   </div>
   <div class='ocr_carea' id='block_1_27' title="bbox 339 2509 1923 2587">
    <p class='ocr_par' dir='ltr' id='par_1_27' title="bbox 339 2509 1923 2587">
     <span class='ocr_line' id='line_1_27' title="bbox 339 2509 1923 2587; baseline -0.002 -18"><span class='ocrx_word' id='word_1_188' title='bbox 339 2514 482 2569; x_wconf 77' lang='grc' dir='ltr'>ὥστε</span> <span class='ocrx_word' id='word_1_189' title='bbox 540 2514 830 2587; x_wconf 78' lang='grc' dir='ltr'>εὑρεθῆναι</span> <span class='ocrx_word' id='word_1_190' title='bbox 884 2513 1131 2583; x_wconf 76' lang='grc' dir='ltr'>ποταπὴν</span> <span class='ocrx_word' id='word_1_191' title='bbox 1188 2509 1332 2583; x_wconf 85' lang='grc' dir='ltr'>εἶχον</span> <span class='ocrx_word' id='word_1_192' title='bbox 1384 2514 1566 2584; x_wconf 78' lang='grc' dir='ltr'>σχέσιν</span> <span class='ocrx_word' id='word_1_193' title='bbox 1617 2513 1752 2585; x_wconf 81' lang='grc' dir='ltr'>πρὸς</span> <span class='ocrx_word' id='word_1_194' title='bbox 1799 2514 1923 2575; x_wconf 79' lang='grc' dir='ltr'>τοὺς</span> 
     </span>
    </p>
   </div>
   <div class='ocr_carea' id='block_1_28' title="bbox 340 2599 1921 2675">
    <p class='ocr_par' dir='ltr' id='par_1_28' title="bbox 340 2599 1921 2675">
     <span class='ocr_line' id='line_1_28' title="bbox 340 2599 1921 2675; baseline -0.002 -15"><span class='ocrx_word' id='word_1_195' title='bbox 340 2606 619 2671; x_wconf 76' lang='grc' dir='ltr'>ἀπλανεῖς,</span> <span class='ocrx_word' id='word_1_196' title='bbox 650 2606 745 2660; x_wconf 77' lang='grc' dir='ltr'>καὶ</span> <span class='ocrx_word' id='word_1_197' title='bbox 774 2604 1017 2658; x_wconf 83' lang='grc' dir='ltr'>ποταπὸν</span> <span class='ocrx_word' id='word_1_198' title='bbox 1051 2599 1119 2675; x_wconf 73' lang='grc' dir='ltr'>ἦν</span> <span class='ocrx_word' id='word_1_199' title='bbox 1140 2603 1201 2657; x_wconf 82' lang='grc' dir='ltr'>τὸ</span> <span class='ocrx_word' id='word_1_200' title='bbox 1234 2605 1419 2675; x_wconf 83' lang='grc' dir='ltr'>σχῆμα</span> <span class='ocrx_word' id='word_1_201' title='bbox 1469 2604 1646 2658; x_wconf 82' lang='grc' dir='ltr'>αὐτῶν</span> <span class='ocrx_word' id='word_1_202' title='bbox 1670 2604 1804 2675; x_wconf 84' lang='grc' dir='ltr'>πρὸς</span> <span class='ocrx_word' id='word_1_203' title='bbox 1830 2605 1921 2657; x_wconf 86' lang='grc' dir='ltr'><strong>ἁλ-</strong></span> 
     </span>
    </p>
   </div>
   <div class='ocr_carea' id='block_1_29' title="bbox 340 2695 1921 2769">
    <p class='ocr_par' dir='ltr' id='par_1_29' title="bbox 340 2695 1921 2769">
     <span class='ocr_line' id='line_1_29' title="bbox 340 2695 1921 2769; baseline -0.002 -18"><span class='ocrx_word' id='word_1_204' title='bbox 340 2697 532 2769; x_wconf 86' lang='grc' dir='ltr'>λήλους</span> <span class='ocrx_word' id='word_1_205' title='bbox 565 2700 622 2751; x_wconf 70' lang='grc' dir='ltr'>ἐν</span> <span class='ocrx_word' id='word_1_206' title='bbox 662 2700 729 2768; x_wconf 79' lang='grc' dir='ltr'>τῇ</span> <span class='ocrx_word' id='word_1_207' title='bbox 758 2697 879 2750; x_wconf 82' lang='grc' dir='ltr'>τότε</span> <span class='ocrx_word' id='word_1_208' title='bbox 917 2696 1128 2764; x_wconf 83' lang='grc' dir='ltr'>γενέσει</span> <span class='ocrx_word' id='word_1_209' title='bbox 1170 2695 1263 2750; x_wconf 92' lang='grc' dir='ltr'><strong>τοῦ</strong></span> <span class='ocrx_word' id='word_1_210' title='bbox 1300 2697 1635 2767; x_wconf 87' lang='grc' dir='ltr'>τικτομένου.</span> <span class='ocrx_word' id='word_1_211' title='bbox 1681 2698 1836 2750; x_wconf 84' lang='grc' dir='ltr'>Ὥστε</span> <span class='ocrx_word' id='word_1_212' title='bbox 1872 2698 1921 2748; x_wconf 88' lang='grc' dir='ltr'>εί</span> 
     </span>
    </p>
   </div>
   <div class='ocr_carea' id='block_1_30' title="bbox 337 2786 1919 2859">
    <p class='ocr_par' dir='ltr' id='par_1_30' title="bbox 337 2786 1919 2859">
     <span class='ocr_line' id='line_1_30' title="bbox 337 2786 1919 2859; baseline -0.01 -3"><span class='ocrx_word' id='word_1_213' title='bbox 337 2789 437 2857; x_wconf 76' lang='grc' dir='ltr'><strong>τῆς</strong></span> <span class='ocrx_word' id='word_1_214' title='bbox 459 2786 607 2858; x_wconf 80' lang='grc' dir='ltr'>ὧρας</span> <span class='ocrx_word' id='word_1_215' title='bbox 638 2789 911 2857; x_wconf 75' lang='grc' dir='ltr'>ἐπιτυχεῖν</span> <span class='ocrx_word' id='word_1_216' title='bbox 935 2787 1181 2859; x_wconf 79' lang='grc' dir='ltr'>ἀκρισῶς</span> <span class='ocrx_word' id='word_1_217' title='bbox 1205 2787 1482 2850; x_wconf 84' lang='grc' dir='ltr'>ἀδύνατον,</span> <span class='ocrx_word' id='word_1_218' title='bbox 1518 2790 1550 2857; x_wconf 80' lang='grc' dir='ltr'>ἡ</span> <span class='ocrx_word' id='word_1_219' title='bbox 1576 2788 1632 2841; x_wconf 83' lang='grc' dir='ltr'>δὲ</span> <span class='ocrx_word' id='word_1_220' title='bbox 1662 2788 1754 2841; x_wconf 90' lang='grc' dir='ltr'><strong>τοῦ</strong></span> <span class='ocrx_word' id='word_1_221' title='bbox 1791 2788 1919 2859; x_wconf 84' lang='grc' dir='ltr'>βρα-</span> 
     </span>
    </p>
   </div>
   <div class='ocr_carea' id='block_1_31' title="bbox 338 2878 1915 2950">
    <p class='ocr_par' dir='ltr' id='par_1_31' title="bbox 338 2878 1915 2950">
     <span class='ocr_line' id='line_1_31' title="bbox 338 2878 1915 2950; baseline 0.001 -19"><span class='ocrx_word' id='word_1_222' title='bbox 338 2879 569 2950; x_wconf 76' lang='grc' dir='ltr'>χυτάτου</span> <span class='ocrx_word' id='word_1_223' title='bbox 626 2879 951 2949; x_wconf 77' lang='grc' dir='ltr'>παραλλαγὴ</span> <span class='ocrx_word' id='word_1_224' title='bbox 988 2878 1081 2930; x_wconf 91' lang='grc' dir='ltr'><strong>τοῦ</strong></span> <span class='ocrx_word' id='word_1_225' title='bbox 1137 2879 1334 2941; x_wconf 78' lang='grc' dir='ltr'>παντὸς</span> <span class='ocrx_word' id='word_1_226' title='bbox 1386 2879 1703 2950; x_wconf 84' lang='grc' dir='ltr'>διαμαρτεῖν</span> <span class='ocrx_word' id='word_1_227' title='bbox 1748 2884 1915 2944; x_wconf 85' lang='grc' dir='ltr'>ποιεῖ,</span> 
     </span>
    </p>
   </div>
   <div class='ocr_carea' id='block_1_32' title="bbox 339 2970 1920 3043">
    <p class='ocr_par' dir='ltr' id='par_1_32' title="bbox 339 2970 1920 3043">
     <span class='ocr_line' id='line_1_32' title="bbox 339 2970 1920 3043; baseline -0.001 -18"><span class='ocrx_word' id='word_1_228' title='bbox 339 2970 731 3039; x_wconf 69' lang='grc' dir='ltr'>καταγέλαστοι</span> <span class='ocrx_word' id='word_1_229' title='bbox 765 2972 860 3025; x_wconf 77' lang='grc' dir='ltr'>καὶ</span> <span class='ocrx_word' id='word_1_230' title='bbox 903 2972 954 3023; x_wconf 80' lang='lat' dir='ltr'><strong>oi</strong></span> <span class='ocrx_word' id='word_1_231' title='bbox 1015 2972 1143 3040; x_wconf 79' lang='grc' dir='ltr'>περὶ</span> <span class='ocrx_word' id='word_1_232' title='bbox 1192 2971 1291 3041; x_wconf 80' lang='grc' dir='ltr'>τὴν</span> <span class='ocrx_word' id='word_1_233' title='bbox 1332 2970 1677 3040; x_wconf 83' lang='grc' dir='ltr'>ἀνύπαρκτον</span> <span class='ocrx_word' id='word_1_234' title='bbox 1720 2970 1920 3043; x_wconf 84' lang='grc' dir='ltr'>ταύτην</span> 
     </span>
    </p>
   </div>
   <div class='ocr_carea' id='block_1_33' title="bbox 338 3062 1915 3135">
    <p class='ocr_par' dir='ltr' id='par_1_33' title="bbox 338 3062 1915 3135">
     <span class='ocr_line' id='line_1_33' title="bbox 338 3062 1915 3135; baseline 0.001 -19"><span class='ocrx_word' id='word_1_235' title='bbox 338 3062 535 3134; x_wconf 77' lang='grc' dir='ltr'>τέχνην</span> <span class='ocrx_word' id='word_1_236' title='bbox 564 3064 937 3135; x_wconf 68' lang='grc' dir='ltr'>ἑσχολακότες,</span> <span class='ocrx_word' id='word_1_237' title='bbox 974 3065 1068 3117; x_wconf 80' lang='grc' dir='ltr'>καὶ</span> <span class='ocrx_word' id='word_1_238' title='bbox 1106 3065 1155 3116; x_wconf 76' lang='lat' dir='ltr'><strong>oi</strong></span> <span class='ocrx_word' id='word_1_239' title='bbox 1201 3064 1336 3135; x_wconf 85' lang='grc' dir='ltr'>πρὸς</span> <span class='ocrx_word' id='word_1_240' title='bbox 1375 3064 1570 3127; x_wconf 81' lang='grc' dir='ltr'>αὐτοὺς</span> <span class='ocrx_word' id='word_1_241' title='bbox 1606 3064 1915 3135; x_wconf 87' lang='grc' dir='ltr'>κεχηνότες,</span> 
     </span>
    </p>
   </div>
   <div class='ocr_carea' id='block_1_34' title="bbox 335 3156 1467 3228">
    <p class='ocr_par' dir='ltr' id='par_1_34' title="bbox 335 3156 1467 3228">
     <span class='ocr_line' id='line_1_34' title="bbox 335 3156 1467 3228; baseline 0 -19"><span class='ocrx_word' id='word_1_242' title='bbox 335 3157 413 3221; x_wconf 80' lang='grc' dir='ltr'>ὡς</span> <span class='ocrx_word' id='word_1_243' title='bbox 432 3157 760 3228; x_wconf 79' lang='grc' dir='ltr'>δυναμένους</span> <span class='ocrx_word' id='word_1_244' title='bbox 792 3157 988 3210; x_wconf 75' lang='grc' dir='ltr'>ειδέναι</span> <span class='ocrx_word' id='word_1_245' title='bbox 1011 3156 1080 3210; x_wconf 80' lang='grc' dir='ltr'><strong>τὰ</strong></span> <span class='ocrx_word' id='word_1_246' title='bbox 1104 3157 1223 3217; x_wconf 78' lang='grc' dir='ltr'>κατ’</span> <span class='ocrx_word' id='word_1_247' title='bbox 1253 3157 1467 3220; x_wconf 82' lang='grc' dir='ltr'>αὐτούς.</span> 
     </span>
    </p>
   </div>
   <div class='ocr_carea' id='block_1_35' title="bbox 408 3421 1916 3498">
    <p class='ocr_par' dir='ltr' id='par_1_35' title="bbox 408 3421 1916 3498">
     <span class='ocr_line' id='line_1_35' title="bbox 408 3421 1916 3498; baseline 0.001 -17"><span class='ocrx_word' id='word_1_248' title='bbox 408 3427 462 3483; x_wconf 84' lang='grc' dir='ltr'>ϐ.</span> <span class='ocrx_word' id='word_1_249' title='bbox 502 3421 603 3481; x_wconf 78' lang='grc' dir='ltr'><strong>Οἷα</strong></span> <span class='ocrx_word' id='word_1_250' title='bbox 639 3427 696 3480; x_wconf 80' lang='grc' dir='ltr'>δὲ</span> <span class='ocrx_word' id='word_1_251' title='bbox 729 3427 823 3480; x_wconf 77' lang='grc' dir='ltr'>καὶ</span> <span class='ocrx_word' id='word_1_252' title='bbox 857 3426 925 3480; x_wconf 78' lang='grc' dir='ltr'>τὰ</span> <span class='ocrx_word' id='word_1_253' title='bbox 964 3427 1447 3498; x_wconf 78' lang='grc' dir='ltr'>ἀποτελεσματικά</span> <span class='ocrx_word' id='word_1_254' title='bbox 1480 3427 1629 3497; x_wconf 69' lang='grc'><strong>(24);</strong></span> <span class='ocrx_word' id='word_1_255' title='bbox 1672 3429 1730 3481; x_wconf 90' lang='lat'><strong>&#39;0</strong></span> <span class='ocrx_word' id='word_1_256' title='bbox 1770 3428 1916 3482; x_wconf 89' lang='grc' dir='ltr'>δεῖνα</span> 
     </span>
    </p>
   </div>
   <div class='ocr_carea' id='block_1_36' title="bbox 336 3514 1917 3592">
    <p class='ocr_par' dir='ltr' id='par_1_36' title="bbox 336 3514 1917 3592">
     <span class='ocr_line' id='line_1_36' title="bbox 336 3514 1917 3592; baseline 0 -21"><span class='ocrx_word' id='word_1_257' title='bbox 336 3514 510 3583; x_wconf 81' lang='grc' dir='ltr'>οὖλος,</span> <span class='ocrx_word' id='word_1_258' title='bbox 532 3520 687 3591; x_wconf 70' lang='grc' dir='ltr'>φησι,</span> <span class='ocrx_word' id='word_1_259' title='bbox 720 3520 817 3590; x_wconf 81' lang='grc' dir='ltr'>τὴν</span> <span class='ocrx_word' id='word_1_260' title='bbox 849 3520 1009 3589; x_wconf 85' lang='grc' dir='ltr'>τρίχα</span> <span class='ocrx_word' id='word_1_261' title='bbox 1036 3519 1171 3590; x_wconf 86' lang='grc'><strong>(25),</strong></span> <span class='ocrx_word' id='word_1_262' title='bbox 1196 3520 1290 3573; x_wconf 71' lang='grc' dir='ltr'>καὶ</span> <span class='ocrx_word' id='word_1_263' title='bbox 1323 3520 1559 3592; x_wconf 89' lang='grc' dir='ltr'>χαροπός</span> <span class='ocrx_word' id='word_1_264' title='bbox 1613 3518 1785 3590; x_wconf 80' lang='grc' dir='ltr'>Κριοῦ</span> <span class='ocrx_word' id='word_1_265' title='bbox 1810 3520 1917 3591; x_wconf 88' lang='grc' dir='ltr'><strong>γὰρ</strong></span> 
     </span>
    </p>
   </div>
   <div class='ocr_carea' id='block_1_37' title="bbox 336 3610 1911 3683">
    <p class='ocr_par' dir='ltr' id='par_1_37' title="bbox 336 3610 1911 3683">
     <span class='ocr_line' id='line_1_37' title="bbox 336 3610 1911 3683; baseline 0.003 -21"><span class='ocrx_word' id='word_1_266' title='bbox 336 3610 451 3680; x_wconf 65' lang='grc' dir='ltr'>ἔχει</span> <span class='ocrx_word' id='word_1_267' title='bbox 494 3612 595 3681; x_wconf 84' lang='grc' dir='ltr'>τὴν</span> <span class='ocrx_word' id='word_1_268' title='bbox 637 3612 816 3683; x_wconf 76' lang='grc' dir='ltr'>ὥρανο</span> <span class='ocrx_word' id='word_1_269' title='bbox 863 3611 1105 3666; x_wconf 90' lang='grc' dir='ltr'>τοιοῦτον</span> <span class='ocrx_word' id='word_1_270' title='bbox 1137 3612 1195 3665; x_wconf 77' lang='grc' dir='ltr'>δέ</span> <span class='ocrx_word' id='word_1_271' title='bbox 1238 3630 1355 3676; x_wconf 88' lang='grc' dir='ltr'><strong>πως</strong></span> <span class='ocrx_word' id='word_1_272' title='bbox 1391 3612 1623 3683; x_wconf 81' lang='grc' dir='ltr'>ὀφθῆναι</span> <span class='ocrx_word' id='word_1_273' title='bbox 1652 3613 1712 3665; x_wconf 82' lang='grc' dir='ltr'>τὸ</span> <span class='ocrx_word' id='word_1_274' title='bbox 1754 3610 1911 3676; x_wconf 83' lang='grc' dir='ltr'>ζῶον.</span> 
     </span>
    </p>
   </div>
   <div class='ocr_carea' id='block_1_38' title="bbox 348 3701 1910 3775">
    <p class='ocr_par' dir='ltr' id='par_1_38' title="bbox 348 3701 1910 3775">
     <span class='ocr_line' id='line_1_38' title="bbox 348 3701 1910 3775; baseline 0.001 -20"><span class='ocrx_word' id='word_1_275' title='bbox 348 3701 509 3755; x_wconf 80' lang='grc' dir='ltr'>Ἀλλὰ</span> <span class='ocrx_word' id='word_1_276' title='bbox 535 3703 628 3756; x_wconf 75' lang='grc' dir='ltr'>καὶ</span> <span class='ocrx_word' id='word_1_277' title='bbox 664 3702 1048 3775; x_wconf 78' lang='grc' dir='ltr'>μεγαλόφρωνο</span> <span class='ocrx_word' id='word_1_278' title='bbox 1084 3704 1271 3775; x_wconf 72' lang='grc' dir='ltr'>ἐπειδὴ</span> <span class='ocrx_word' id='word_1_279' title='bbox 1303 3704 1629 3775; x_wconf 83' lang='grc' dir='ltr'>ἡγεμονικὸν</span> <span class='ocrx_word' id='word_1_280' title='bbox 1659 3707 1688 3757; x_wconf 89' lang='grc' dir='ltr'><strong>ὁ</strong></span> <span class='ocrx_word' id='word_1_281' title='bbox 1716 3706 1910 3775; x_wconf 84' lang='grc' dir='ltr'>Κριός·</span> 
     </span>
    </p>
   </div>
   <div class='ocr_carea' id='block_1_39' title="bbox 334 3794 1913 3868">
    <p class='ocr_par' dir='ltr' id='par_1_39' title="bbox 334 3794 1913 3868">
     <span class='ocr_line' id='line_1_39' title="bbox 334 3794 1913 3868; baseline 0.002 -21"><span class='ocrx_word' id='word_1_282' title='bbox 334 3795 434 3848; x_wconf 79' lang='grc' dir='ltr'>καὶ</span> <span class='ocrx_word' id='word_1_283' title='bbox 465 3794 752 3865; x_wconf 80' lang='grc' dir='ltr'>προετικὸς</span> <span class='ocrx_word' id='word_1_284' title='bbox 781 3795 917 3865; x_wconf 76' lang='grc'><strong>(26),</strong></span> <span class='ocrx_word' id='word_1_285' title='bbox 949 3798 1044 3850; x_wconf 65' lang='grc' dir='ltr'><strong>καὶ⁴</strong></span> <span class='ocrx_word' id='word_1_286' title='bbox 1066 3796 1228 3851; x_wconf 84' lang='grc' dir='ltr'>πάλιν</span> <span class='ocrx_word' id='word_1_287' title='bbox 1255 3797 1573 3868; x_wconf 84' lang='grc' dir='ltr'>ποριστικός</span> <span class='ocrx_word' id='word_1_288' title='bbox 1593 3813 1608 3827; x_wconf 89' lang='grc'><strong>·</strong></span> <span class='ocrx_word' id='word_1_289' title='bbox 1637 3798 1823 3868; x_wconf 77' lang='grc' dir='ltr'>ἐπειδὴ</span> <span class='ocrx_word' id='word_1_290' title='bbox 1854 3799 1913 3850; x_wconf 78' lang='grc' dir='ltr'>τὸ</span> 
     </span>
    </p>
   </div>
   <div class='ocr_carea' id='block_1_40' title="bbox 334 3885 1912 3960">
    <p class='ocr_par' dir='ltr' id='par_1_40' title="bbox 334 3885 1912 3960">
     <span class='ocr_line' id='line_1_40' title="bbox 334 3885 1912 3960; baseline 0.002 -20"><span class='ocrx_word' id='word_1_291' title='bbox 334 3886 474 3952; x_wconf 75' lang='grc' dir='ltr'>ζῶον</span> <span class='ocrx_word' id='word_1_292' title='bbox 505 3885 663 3941; x_wconf 86' lang='grc' dir='ltr'>τοῦτο</span> <span class='ocrx_word' id='word_1_293' title='bbox 701 3888 795 3941; x_wconf 82' lang='grc' dir='ltr'>καὶ</span> <span class='ocrx_word' id='word_1_294' title='bbox 845 3888 1167 3943; x_wconf 75' lang='grc' dir='ltr'>ἀποτίθεται</span> <span class='ocrx_word' id='word_1_295' title='bbox 1213 3888 1435 3952; x_wconf 76' lang='grc' dir='ltr'>ἀλύπως</span> <span class='ocrx_word' id='word_1_296' title='bbox 1480 3888 1549 3942; x_wconf 66' lang='grc' dir='ltr'><strong>τὸ</strong></span> <span class='ocrx_word' id='word_1_297' title='bbox 1602 3888 1767 3960; x_wconf 77' lang='grc' dir='ltr'>ἔριον,</span> <span class='ocrx_word' id='word_1_298' title='bbox 1819 3891 1912 3943; x_wconf 80' lang='grc' dir='ltr'>καὶ</span> 
     </span>
    </p>
   </div>
   <div class='ocr_carea' id='block_1_41' title="bbox 335 3976 1906 4049">
    <p class='ocr_par' dir='ltr' id='par_1_41' title="bbox 335 3976 1906 4049">
     <span class='ocr_line' id='line_1_41' title="bbox 335 3976 1906 4049; baseline 0.003 -20"><span class='ocrx_word' id='word_1_299' title='bbox 335 3976 499 4031; x_wconf 76' lang='grc' dir='ltr'>πάλιν</span> <span class='ocrx_word' id='word_1_300' title='bbox 546 3976 699 4048; x_wconf 86' lang='grc' dir='ltr'>παρὰ</span> <span class='ocrx_word' id='word_1_301' title='bbox 750 3977 852 4048; x_wconf 84' lang='grc' dir='ltr'>τῆς</span> <span class='ocrx_word' id='word_1_302' title='bbox 918 3977 1133 4045; x_wconf 86' lang='grc' dir='ltr'>φύσεως</span> <span class='ocrx_word' id='word_1_303' title='bbox 1185 3978 1384 4049; x_wconf 71' lang='grc' dir='ltr'>ῥᾳδίως</span> <span class='ocrx_word' id='word_1_304' title='bbox 1452 3978 1906 4048; x_wconf 76' lang='grc' dir='ltr'>ὲπαμφιὲννυται.</span> 
     </span>
    </p>
   </div>
   <div class='ocr_carea' id='block_1_42' title="bbox 347 4067 1913 4141">
    <p class='ocr_par' dir='ltr' id='par_1_42' title="bbox 347 4067 1913 4141">
     <span class='ocr_line' id='line_1_42' title="bbox 347 4067 1913 4141; baseline 0.002 -20"><span class='ocrx_word' id='word_1_305' title='bbox 347 4067 507 4123; x_wconf 76' lang='grc' dir='ltr'>Ἀλλὰ</span> <span class='ocrx_word' id='word_1_306' title='bbox 536 4069 631 4121; x_wconf 80' lang='grc' dir='ltr'><strong>καὶ</strong></span> <span class='ocrx_word' id='word_1_307' title='bbox 658 4070 687 4120; x_wconf 92' lang='lat'><strong>6</strong></span> <span class='ocrx_word' id='word_1_308' title='bbox 715 4069 1015 4140; x_wconf 82' lang='grc' dir='ltr'>Ταυριανὸς</span> <span class='ocrx_word' id='word_1_309' title='bbox 1035 4069 1315 4141; x_wconf 78' lang='grc' dir='ltr'>τληπαθὴς</span> <span class='ocrx_word' id='word_1_310' title='bbox 1338 4069 1471 4139; x_wconf 80' lang='grc'><strong>(27),</strong></span> <span class='ocrx_word' id='word_1_311' title='bbox 1506 4069 1657 4139; x_wconf 76' lang='grc' dir='ltr'>φησὶ,</span> <span class='ocrx_word' id='word_1_312' title='bbox 1687 4072 1779 4123; x_wconf 74' lang='grc' dir='ltr'>καὶ</span> <span class='ocrx_word' id='word_1_313' title='bbox 1795 4072 1913 4124; x_wconf 85' lang='grc' dir='ltr'>δου-</span> 
     </span>
    </p>
   </div>
   <div class='ocr_carea' id='block_1_43' title="bbox 334 4160 1907 4234">
    <p class='ocr_par' dir='ltr' id='par_1_43' title="bbox 334 4160 1907 4234">
     <span class='ocr_line' id='line_1_43' title="bbox 334 4160 1907 4234; baseline 0.001 -21"><span class='ocrx_word' id='word_1_314' title='bbox 334 4160 513 4224; x_wconf 80' lang='grc' dir='ltr'>λικός·</span> <span class='ocrx_word' id='word_1_315' title='bbox 565 4161 751 4231; x_wconf 76' lang='grc' dir='ltr'>ἐπειδὴ</span> <span class='ocrx_word' id='word_1_316' title='bbox 791 4162 895 4214; x_wconf 83' lang='grc' dir='ltr'><strong>ὑπὸ</strong></span> <span class='ocrx_word' id='word_1_317' title='bbox 946 4162 1106 4231; x_wconf 75' lang='grc' dir='ltr'>ζυγὸν</span> <span class='ocrx_word' id='word_1_318' title='bbox 1155 4164 1185 4214; x_wconf 90' lang='grc' dir='ltr'><strong>ό</strong></span> <span class='ocrx_word' id='word_1_319' title='bbox 1226 4161 1444 4233; x_wconf 79' lang='grc' dir='ltr'>ταῦρος.</span> <span class='ocrx_word' id='word_1_320' title='bbox 1497 4167 1609 4219; x_wconf 75' lang='grc' dir='ltr'><strong>Καὶ</strong></span> <span class='ocrx_word' id='word_1_321' title='bbox 1664 4166 1692 4217; x_wconf 88' lang='grc' dir='ltr'><strong>ό</strong></span> <span class='ocrx_word' id='word_1_322' title='bbox 1738 4166 1907 4234; x_wconf 87' lang='grc' dir='ltr'>Σκορ-</span> 
     </span>
    </p>
   </div>
   <div class='ocr_carea' id='block_1_44' title="bbox 334 4253 1906 4327">
    <p class='ocr_par' dir='ltr' id='par_1_44' title="bbox 334 4253 1906 4327">
     <span class='ocr_line' id='line_1_44' title="bbox 334 4253 1906 4327; baseline -0.002 -18"><span class='ocrx_word' id='word_1_323' title='bbox 334 4257 525 4320; x_wconf 83' lang='grc' dir='ltr'>πιανδς</span> <span class='ocrx_word' id='word_1_324' title='bbox 572 4255 819 4327; x_wconf 81' lang='grc' dir='ltr'>πλήκτης</span> <span class='ocrx_word' id='word_1_325' title='bbox 861 4254 948 4308; x_wconf 74' lang='grc' dir='ltr'><strong>διὰ</strong></span> <span class='ocrx_word' id='word_1_326' title='bbox 995 4253 1091 4325; x_wconf 75' lang='grc' dir='ltr'>τὴν</span> <span class='ocrx_word' id='word_1_327' title='bbox 1128 4254 1264 4325; x_wconf 80' lang='grc' dir='ltr'>πρὸς</span> <span class='ocrx_word' id='word_1_328' title='bbox 1296 4254 1357 4306; x_wconf 84' lang='grc' dir='ltr'>τὸ</span> <span class='ocrx_word' id='word_1_329' title='bbox 1392 4254 1581 4326; x_wconf 86' lang='grc' dir='ltr'>θηρίον</span> <span class='ocrx_word' id='word_1_330' title='bbox 1628 4254 1906 4325; x_wconf 87' lang='grc' dir='ltr'>ὁμοίωσιν.</span> 
     </span>
    </p>
   </div>
   <div class='ocr_carea' id='block_1_45' title="bbox 343 4342 1910 4415">
    <p class='ocr_par' dir='ltr' id='par_1_45' title="bbox 343 4342 1910 4415">
     <span class='ocr_line' id='line_1_45' title="bbox 343 4342 1910 4415; baseline -0.003 -16"><span class='ocrx_word' id='word_1_331' title='bbox 343 4346 402 4399; x_wconf 84' lang='lat'><strong>&#39;0</strong></span> <span class='ocrx_word' id='word_1_332' title='bbox 430 4346 485 4399; x_wconf 66' lang='grc' dir='ltr'>δὲ</span> <span class='ocrx_word' id='word_1_333' title='bbox 513 4345 772 4415; x_wconf 83' lang='grc' dir='ltr'>Ζυγιανὸς</span> <span class='ocrx_word' id='word_1_334' title='bbox 796 4344 1024 4406; x_wconf 84' lang='grc' dir='ltr'>δίκαιος,</span> <span class='ocrx_word' id='word_1_335' title='bbox 1046 4342 1133 4395; x_wconf 87' lang='grc' dir='ltr'>διὰ</span> <span class='ocrx_word' id='word_1_336' title='bbox 1159 4343 1260 4412; x_wconf 83' lang='grc' dir='ltr'>τὴν</span> <span class='ocrx_word' id='word_1_337' title='bbox 1285 4343 1412 4414; x_wconf 70' lang='grc' dir='ltr'>παρ’</span> <span class='ocrx_word' id='word_1_338' title='bbox 1439 4344 1567 4414; x_wconf 80' lang='grc' dir='ltr'>ἡμῖν</span> <span class='ocrx_word' id='word_1_339' title='bbox 1595 4343 1702 4396; x_wconf 85' lang='grc' dir='ltr'><strong>τῶν</strong></span> <span class='ocrx_word' id='word_1_340' title='bbox 1730 4342 1910 4411; x_wconf 79' lang='grc' dir='ltr'>ζυγῶν</span> 
     </span>
    </p>
   </div>
   <div class='ocr_carea' id='block_1_46' title="bbox 336 4433 1906 4507">
    <p class='ocr_par' dir='ltr' id='par_1_46' title="bbox 336 4433 1906 4507">
     <span class='ocr_line' id='line_1_46' title="bbox 336 4433 1906 4507; baseline -0.003 -17"><span class='ocrx_word' id='word_1_341' title='bbox 336 4437 575 4507; x_wconf 78' lang='grc' dir='ltr'>ἰσότητα.</span> <span class='ocrx_word' id='word_1_342' title='bbox 618 4437 835 4490; x_wconf 86' lang='grc' dir='ltr'>Τούτων</span> <span class='ocrx_word' id='word_1_343' title='bbox 885 4434 937 4487; x_wconf 91' lang='grc' dir='ltr'><strong>τί</strong></span> <span class='ocrx_word' id='word_1_344' title='bbox 978 4433 1042 4488; x_wconf 81' lang='grc' dir='ltr'>ἂν</span> <span class='ocrx_word' id='word_1_345' title='bbox 1083 4433 1293 4501; x_wconf 83' lang='grc' dir='ltr'>γένοιτο</span> <span class='ocrx_word' id='word_1_346' title='bbox 1335 4435 1906 4505; x_wconf 83' lang='grc' dir='ltr'>καταγελαστότερον;</span> 
     </span>
    </p>
   </div>
   <div class='ocr_carea' id='block_1_47' title="bbox 2042 580 3615 656">
    <p class='ocr_par' dir='ltr' id='par_1_47' title="bbox 2042 580 3615 656">
     <span class='ocr_line' id='line_1_47' title="bbox 2042 580 3615 656; baseline -0.004 -16"><span class='ocrx_word' id='word_1_347' title='bbox 2042 586 2288 656; x_wconf 78' lang='lat' dir='ltr'><strong>genitum</strong></span> <span class='ocrx_word' id='word_1_348' title='bbox 2313 594 2414 648; x_wconf 88' lang='lat' dir='ltr'><strong>est,</strong></span> <span class='ocrx_word' id='word_1_349' title='bbox 2435 586 2556 639; x_wconf 86' lang='lat' dir='ltr'><strong>idne</strong></span> <span class='ocrx_word' id='word_1_350' title='bbox 2584 598 2700 637; x_wconf 89' lang='lat' dir='ltr'><strong>mas</strong></span> <span class='ocrx_word' id='word_1_351' title='bbox 2725 582 2798 636; x_wconf 91' lang='lat' dir='ltr'><strong>sit</strong></span> <span class='ocrx_word' id='word_1_352' title='bbox 2824 596 2893 635; x_wconf 87' lang='lat' dir='ltr'><strong>an</strong></span> <span class='ocrx_word' id='word_1_353' title='bbox 2923 580 3121 635; x_wconf 79' lang='lat' dir='ltr'><strong>femina</strong></span> <span class='ocrx_word' id='word_1_354' title='bbox 3150 582 3416 637; x_wconf 73' lang='lat' dir='ltr'><strong>obstetrix</strong></span> <span class='ocrx_word' id='word_1_355' title='bbox 3437 580 3615 651; x_wconf 78' lang='lat' dir='ltr'><strong>explo-</strong></span> 
     </span>
    </p>
   </div>
   <div class='ocr_carea' id='block_1_48' title="bbox 2040 672 3614 745">
    <p class='ocr_par' dir='ltr' id='par_1_48' title="bbox 2040 672 3614 745">
     <span class='ocr_line' id='line_1_48' title="bbox 2040 672 3614 745; baseline -0.005 -16"><span class='ocrx_word' id='word_1_356' title='bbox 2040 686 2122 730; x_wconf 84' lang='lat' dir='ltr'><strong>rat</strong></span> <span class='ocrx_word' id='word_1_357' title='bbox 2168 694 2182 731; x_wconf 91' lang='lat'><strong>:</strong></span> <span class='ocrx_word' id='word_1_358' title='bbox 2234 674 2463 730; x_wconf 89' lang='lat' dir='ltr'><strong>subinde</strong></span> <span class='ocrx_word' id='word_1_359' title='bbox 2503 684 2787 745; x_wconf 89' lang='lat' dir='ltr'><strong>exspectat</strong></span> <span class='ocrx_word' id='word_1_360' title='bbox 2828 673 3105 743; x_wconf 83' lang='lat' dir='ltr'><strong>vagitum,</strong></span> <span class='ocrx_word' id='word_1_361' title='bbox 3142 674 3281 742; x_wconf 92' lang='lat' dir='ltr'><strong>quod</strong></span> <span class='ocrx_word' id='word_1_362' title='bbox 3333 674 3457 728; x_wconf 65' lang='lat' dir='ltr'><strong>vita:</strong></span> <span class='ocrx_word' id='word_1_363' title='bbox 3495 672 3614 742; x_wconf 71' lang='lat' dir='ltr'><strong>ejus</strong></span> 
     </span>
    </p>
   </div>
   <div class='ocr_carea' id='block_1_49' title="bbox 2037 765 3611 838">
    <p class='ocr_par' dir='ltr' id='par_1_49' title="bbox 2037 765 3611 838">
     <span class='ocr_line' id='line_1_49' title="bbox 2037 765 3611 838; baseline -0.004 -17"><span class='ocrx_word' id='word_1_364' title='bbox 2037 773 2127 838; x_wconf 89' lang='lat' dir='ltr'><strong>qui</strong></span> <span class='ocrx_word' id='word_1_365' title='bbox 2155 778 2317 823; x_wconf 87' lang='lat' dir='ltr'><strong>natus</strong></span> <span class='ocrx_word' id='word_1_366' title='bbox 2343 767 2461 832; x_wconf 83' lang='lat' dir='ltr'><strong>fuit,</strong></span> <span class='ocrx_word' id='word_1_367' title='bbox 2495 770 2707 838; x_wconf 77' lang='lat' dir='ltr'><strong>signum</strong></span> <span class='ocrx_word' id='word_1_368' title='bbox 2740 777 2844 823; x_wconf 87' lang='lat' dir='ltr'><strong>est.</strong></span> <span class='ocrx_word' id='word_1_369' title='bbox 2873 767 3014 835; x_wconf 87' lang='lat' dir='ltr'><strong>Quot</strong></span> <span class='ocrx_word' id='word_1_370' title='bbox 3045 766 3126 818; x_wconf 92' lang='lat' dir='ltr'><strong>vis</strong></span> <span class='ocrx_word' id='word_1_371' title='bbox 3153 781 3246 833; x_wconf 70' lang='lat' dir='ltr'><strong>per</strong></span> <span class='ocrx_word' id='word_1_372' title='bbox 3271 765 3375 819; x_wconf 90' lang='lat' dir='ltr'><strong>hoc</strong></span> <span class='ocrx_word' id='word_1_373' title='bbox 3398 776 3611 832; x_wconf 81' lang='lat' dir='ltr'><strong>tempus</strong></span> 
     </span>
    </p>
   </div>
   <div class='ocr_carea' id='block_1_50' title="bbox 2037 853 3606 931">
    <p class='ocr_par' dir='ltr' id='par_1_50' title="bbox 2037 853 3606 931">
     <span class='ocr_line' id='line_1_50' title="bbox 2037 853 3606 931; baseline -0.004 -16"><span class='ocrx_word' id='word_1_374' title='bbox 2037 860 2371 930; x_wconf 67' lang='lat' dir='ltr'><strong>praeteriisse</strong></span> <span class='ocrx_word' id='word_1_375' title='bbox 2410 861 2778 931; x_wconf 83' lang='lat' dir='ltr'><strong>scxagesimas</strong></span> <span class='ocrx_word' id='word_1_376' title='bbox 2818 853 3041 931; x_wconf 72' lang='lat' dir='ltr'><strong>partes?</strong></span> <span class='ocrx_word' id='word_1_377' title='bbox 3078 856 3329 913; x_wconf 66' lang='lat' dir='ltr'><strong>Chaldaeo</strong></span> <span class='ocrx_word' id='word_1_378' title='bbox 3351 857 3606 919; x_wconf 88' lang='lat' dir='ltr'><strong>declarat,</strong></span> 
     </span>
    </p>
   </div>
   <div class='ocr_carea' id='block_1_51' title="bbox 2034 947 3605 1021">
    <p class='ocr_par' dir='ltr' id='par_1_51' title="bbox 2034 947 3605 1021">
     <span class='ocr_line' id='line_1_51' title="bbox 2034 947 3605 1021; baseline -0.004 -16"><span class='ocrx_word' id='word_1_379' title='bbox 2034 952 2177 1021; x_wconf 87' lang='lat' dir='ltr'><strong>quod</strong></span> <span class='ocrx_word' id='word_1_380' title='bbox 2214 960 2400 1005; x_wconf 87' lang='lat' dir='ltr'><strong>natum</strong></span> <span class='ocrx_word' id='word_1_381' title='bbox 2430 963 2533 1007; x_wconf 89' lang='lat' dir='ltr'><strong>est.</strong></span> <span class='ocrx_word' id='word_1_382' title='bbox 2563 953 2707 1019; x_wconf 86' lang='lat' dir='ltr'><strong>Quot</strong></span> <span class='ocrx_word' id='word_1_383' title='bbox 2750 952 3148 1006; x_wconf 82' lang='lat' dir='ltr'><strong>minutissimas</strong></span> <span class='ocrx_word' id='word_1_384' title='bbox 3173 956 3378 1019; x_wconf 87' lang='lat' dir='ltr'><strong>partes,</strong></span> <span class='ocrx_word' id='word_1_385' title='bbox 3402 947 3605 1002; x_wconf 90' lang='lat' dir='ltr'><strong>interea</strong></span> 
     </span>
    </p>
   </div>
   <div class='ocr_carea' id='block_1_52' title="bbox 2032 1038 3605 1114">
    <p class='ocr_par' dir='ltr' id='par_1_52' title="bbox 2032 1038 3605 1114">
     <span class='ocr_line' id='line_1_52' title="bbox 2032 1038 3605 1114; baseline -0.003 -16"><span class='ocrx_word' id='word_1_386' title='bbox 2032 1043 2160 1098; x_wconf 91' lang='lat' dir='ltr'><strong>dum</strong></span> <span class='ocrx_word' id='word_1_387' title='bbox 2190 1043 2452 1097; x_wconf 78' lang='lat' dir='ltr'><strong>obstetrix</strong></span> <span class='ocrx_word' id='word_1_388' title='bbox 2483 1047 2819 1114; x_wconf 82' lang='lat' dir='ltr'><strong>loqueretur,</strong></span> <span class='ocrx_word' id='word_1_389' title='bbox 2863 1042 2944 1096; x_wconf 83' lang='lat' dir='ltr'><strong>vis</strong></span> <span class='ocrx_word' id='word_1_390' title='bbox 2974 1055 3235 1113; x_wconf 85' lang='lat' dir='ltr'><strong>ponamus</strong></span> <span class='ocrx_word' id='word_1_391' title='bbox 3260 1038 3366 1110; x_wconf 84' lang='lat'><strong><em>55</em></strong></span> <span class='ocrx_word' id='word_1_392' title='bbox 3388 1051 3605 1110; x_wconf 55' lang='lat' dir='ltr'><strong>praeter-</strong></span> 
     </span>
    </p>
   </div>
   <div class='ocr_carea' id='block_1_53' title="bbox 2032 1134 3607 1204">
    <p class='ocr_par' dir='ltr' id='par_1_53' title="bbox 2032 1134 3607 1204">
     <span class='ocr_line' id='line_1_53' title="bbox 2032 1134 3607 1204; baseline -0.002 -16"><span class='ocrx_word' id='word_1_393' title='bbox 2032 1134 2184 1200; x_wconf 88' lang='lat' dir='ltr'><strong>iisse,</strong></span> <span class='ocrx_word' id='word_1_394' title='bbox 2244 1138 2539 1203; x_wconf 69' lang='lat' dir='ltr'><strong>praesertim</strong></span> <span class='ocrx_word' id='word_1_395' title='bbox 2581 1139 2625 1191; x_wconf 80' lang='lat' dir='ltr'><strong>si</strong></span> <span class='ocrx_word' id='word_1_396' title='bbox 2661 1134 2979 1204; x_wconf 81' lang='lat' dir='ltr'><strong>contingat,</strong></span> <span class='ocrx_word' id='word_1_397' title='bbox 3017 1143 3074 1187; x_wconf 94' lang='lat' dir='ltr'><strong>ut</strong></span> <span class='ocrx_word' id='word_1_398' title='bbox 3101 1141 3257 1188; x_wconf 80' lang='lat' dir='ltr'><strong>extra</strong></span> <span class='ocrx_word' id='word_1_399' title='bbox 3297 1147 3607 1203; x_wconf 69' lang='lat' dir='ltr'><strong>gynteceum</strong></span> 
     </span>
    </p>
   </div>
   <div class='ocr_carea' id='block_1_54' title="bbox 2035 1220 3605 1295">
    <p class='ocr_par' dir='ltr' id='par_1_54' title="bbox 2035 1220 3605 1295">
     <span class='ocr_line' id='line_1_54' title="bbox 2035 1220 3605 1295; baseline -0.005 -16"><span class='ocrx_word' id='word_1_400' title='bbox 2035 1225 2251 1280; x_wconf 86' lang='lat' dir='ltr'><strong>steterit</strong></span> <span class='ocrx_word' id='word_1_401' title='bbox 2278 1226 2369 1293; x_wconf 89' lang='lat' dir='ltr'><strong>qui</strong></span> <span class='ocrx_word' id='word_1_402' title='bbox 2390 1226 2577 1281; x_wconf 85' lang='lat' dir='ltr'><strong>horam</strong></span> <span class='ocrx_word' id='word_1_403' title='bbox 2596 1225 2808 1295; x_wconf 75' lang='lat' dir='ltr'><strong>colligit</strong></span> <span class='ocrx_word' id='word_1_404' title='bbox 2838 1237 2899 1277; x_wconf 88' lang='lat' dir='ltr'><strong>ac</strong></span> <span class='ocrx_word' id='word_1_405' title='bbox 2926 1223 3183 1291; x_wconf 79' lang='lat' dir='ltr'><strong>exponit?</strong></span> <span class='ocrx_word' id='word_1_406' title='bbox 3206 1222 3431 1289; x_wconf 85' lang='lat' dir='ltr'><strong>Oportet</strong></span> <span class='ocrx_word' id='word_1_407' title='bbox 3463 1220 3605 1274; x_wconf 90' lang='lat' dir='ltr'><strong>enim</strong></span> 
     </span>
    </p>
   </div>
   <div class='ocr_carea' id='block_1_55' title="bbox 2030 1313 3605 1383">
    <p class='ocr_par' dir='ltr' id='par_1_55' title="bbox 2030 1313 3605 1383">
     <span class='ocr_line' id='line_1_55' title="bbox 2030 1313 3605 1383; baseline -0.002 -14"><span class='ocrx_word' id='word_1_408' title='bbox 2030 1329 2151 1369; x_wconf 89' lang='lat' dir='ltr'><strong>eum</strong></span> <span class='ocrx_word' id='word_1_409' title='bbox 2185 1314 2277 1383; x_wconf 85' lang='lat' dir='ltr'><strong>qui</strong></span> <span class='ocrx_word' id='word_1_410' title='bbox 2315 1316 2568 1369; x_wconf 81' lang='lat' dir='ltr'><strong>horarum</strong></span> <span class='ocrx_word' id='word_1_411' title='bbox 2597 1316 2859 1370; x_wconf 81' lang='lat' dir='ltr'><strong>natalium</strong></span> <span class='ocrx_word' id='word_1_412' title='bbox 2897 1313 3183 1367; x_wconf 88' lang='lat' dir='ltr'><strong>scientiam</strong></span> <span class='ocrx_word' id='word_1_413' title='bbox 3229 1315 3437 1367; x_wconf 83' lang='lat' dir='ltr'><strong>discere</strong></span> <span class='ocrx_word' id='word_1_414' title='bbox 3463 1313 3605 1375; x_wconf 87' lang='lat' dir='ltr'><strong>vult,</strong></span> 
     </span>
    </p>
   </div>
   <div class='ocr_carea' id='block_1_56' title="bbox 2029 1404 3603 1475">
    <p class='ocr_par' dir='ltr' id='par_1_56' title="bbox 2029 1404 3603 1475">
     <span class='ocr_line' id='line_1_56' title="bbox 2029 1404 3603 1475; baseline -0.003 -15"><span class='ocrx_word' id='word_1_415' title='bbox 2029 1416 2241 1475; x_wconf 90' lang='lat' dir='ltr'><strong>tempus</strong></span> <span class='ocrx_word' id='word_1_416' title='bbox 2267 1415 2322 1461; x_wconf 91' lang='lat' dir='ltr'><strong>et</strong></span> <span class='ocrx_word' id='word_1_417' title='bbox 2347 1408 2536 1461; x_wconf 90' lang='lat' dir='ltr'><strong>horam</strong></span> <span class='ocrx_word' id='word_1_418' title='bbox 2565 1414 2819 1461; x_wconf 83' lang='lat' dir='ltr'><strong>accurate</strong></span> <span class='ocrx_word' id='word_1_419' title='bbox 2845 1404 3177 1467; x_wconf 88' lang='lat' dir='ltr'><strong>describere,</strong></span> <span class='ocrx_word' id='word_1_420' title='bbox 3205 1404 3318 1458; x_wconf 88' lang='lat' dir='ltr'><strong>sive</strong></span> <span class='ocrx_word' id='word_1_421' title='bbox 3362 1405 3570 1457; x_wconf 77' lang='lat' dir='ltr'><strong>diurna:</strong></span> <span class='ocrx_word' id='word_1_422' title='bbox 3588 1444 3603 1464; x_wconf 87' lang='lat'><strong><em>.</em></strong></span> 
     </span>
    </p>
   </div>
   <div class='ocr_carea' id='block_1_57' title="bbox 2028 1496 3595 1565">
    <p class='ocr_par' dir='ltr' id='par_1_57' title="bbox 2028 1496 3595 1565">
     <span class='ocr_line' id='line_1_57' title="bbox 2028 1496 3595 1565; baseline -0.003 -15"><span class='ocrx_word' id='word_1_423' title='bbox 2028 1497 2141 1551; x_wconf 88' lang='lat' dir='ltr'><strong>sive</strong></span> <span class='ocrx_word' id='word_1_424' title='bbox 2177 1506 2453 1551; x_wconf 63' lang='lat' dir='ltr'><strong>nocturna:</strong></span> <span class='ocrx_word' id='word_1_425' title='bbox 2496 1497 2628 1552; x_wconf 91' lang='lat' dir='ltr'><strong>sint.</strong></span> <span class='ocrx_word' id='word_1_426' title='bbox 2667 1497 2879 1564; x_wconf 86' lang='lat' dir='ltr'><strong>Quanta</strong></span> <span class='ocrx_word' id='word_1_427' title='bbox 2910 1498 3101 1549; x_wconf 89' lang='lat' dir='ltr'><strong>iterum</strong></span> <span class='ocrx_word' id='word_1_428' title='bbox 3138 1496 3595 1565; x_wconf 76' lang='lat' dir='ltr'><strong>sexagesimarum</strong></span> 
     </span>
    </p>
   </div>
   <div class='ocr_carea' id='block_1_58' title="bbox 2029 1587 3601 1658">
    <p class='ocr_par' dir='ltr' id='par_1_58' title="bbox 2029 1587 3601 1658">
     <span class='ocr_line' id='line_1_58' title="bbox 2029 1587 3601 1658; baseline -0.002 -16"><span class='ocrx_word' id='word_1_429' title='bbox 2029 1588 2312 1644; x_wconf 87' lang='lat' dir='ltr'><strong>multitudo</strong></span> <span class='ocrx_word' id='word_1_430' title='bbox 2349 1605 2445 1658; x_wconf 91' lang='lat' dir='ltr'><strong>per</strong></span> <span class='ocrx_word' id='word_1_431' title='bbox 2472 1590 2574 1643; x_wconf 90' lang='lat' dir='ltr'><strong>hoc</strong></span> <span class='ocrx_word' id='word_1_432' title='bbox 2608 1598 2823 1657; x_wconf 86' lang='lat' dir='ltr'><strong>tempus</strong></span> <span class='ocrx_word' id='word_1_433' title='bbox 2859 1587 3214 1658; x_wconf 70' lang='lat' dir='ltr'><strong>praeterﬂuit?</strong></span> <span class='ocrx_word' id='word_1_434' title='bbox 3252 1588 3487 1643; x_wconf 86' lang='lat' dir='ltr'><strong>Necesse</strong></span> <span class='ocrx_word' id='word_1_435' title='bbox 3517 1598 3601 1642; x_wconf 90' lang='lat' dir='ltr'><strong>est</strong></span> 
     </span>
    </p>
   </div>
   <div class='ocr_carea' id='block_1_59' title="bbox 2026 1682 3602 1753">
    <p class='ocr_par' dir='ltr' id='par_1_59' title="bbox 2026 1682 3602 1753">
     <span class='ocr_line' id='line_1_59' title="bbox 2026 1682 3602 1753; baseline -0.003 -16"><span class='ocrx_word' id='word_1_436' title='bbox 2026 1683 2168 1738; x_wconf 90' lang='lat' dir='ltr'><strong>enim</strong></span> <span class='ocrx_word' id='word_1_437' title='bbox 2198 1684 2425 1739; x_wconf 87' lang='lat' dir='ltr'><strong>inveniri</strong></span> <span class='ocrx_word' id='word_1_438' title='bbox 2470 1684 2619 1740; x_wconf 90' lang='lat' dir='ltr'><strong>sidus</strong></span> <span class='ocrx_word' id='word_1_439' title='bbox 2680 1682 3004 1752; x_wconf 87' lang='lat' dir='ltr'><strong>natalitium,</strong></span> <span class='ocrx_word' id='word_1_440' title='bbox 3053 1699 3157 1739; x_wconf 91' lang='lat' dir='ltr'><strong>non</strong></span> <span class='ocrx_word' id='word_1_441' title='bbox 3189 1682 3346 1753; x_wconf 79' lang='lat' dir='ltr'><strong>juxta</strong></span> <span class='ocrx_word' id='word_1_442' title='bbox 3382 1692 3602 1752; x_wconf 84' lang='lat' dir='ltr'><strong>quotam</strong></span> 
     </span>
    </p>
   </div>
   <div class='ocr_carea' id='block_1_60' title="bbox 2027 1775 3601 1846">
    <p class='ocr_par' dir='ltr' id='par_1_60' title="bbox 2027 1775 3601 1846">
     <span class='ocr_line' id='line_1_60' title="bbox 2027 1775 3601 1846; baseline -0.002 -16"><span class='ocrx_word' id='word_1_443' title='bbox 2027 1778 2184 1831; x_wconf 89' lang='lat' dir='ltr'><strong>modo</strong></span> <span class='ocrx_word' id='word_1_444' title='bbox 2210 1778 2579 1833; x_wconf 86' lang='lat' dir='ltr'><strong>duodecimam</strong></span> <span class='ocrx_word' id='word_1_445' title='bbox 2614 1785 2822 1845; x_wconf 89' lang='lat' dir='ltr'><strong>partem</strong></span> <span class='ocrx_word' id='word_1_446' title='bbox 2848 1777 2937 1837; x_wconf 88' lang='lat' dir='ltr'><strong>sit,</strong></span> <span class='ocrx_word' id='word_1_447' title='bbox 2966 1777 3059 1831; x_wconf 85' lang='lat' dir='ltr'><strong>sed</strong></span> <span class='ocrx_word' id='word_1_448' title='bbox 3079 1776 3232 1846; x_wconf 86' lang='lat' dir='ltr'><strong>juxta</strong></span> <span class='ocrx_word' id='word_1_449' title='bbox 3279 1791 3414 1845; x_wconf 85' lang='lat' dir='ltr'><strong>quas</strong></span> <span class='ocrx_word' id='word_1_450' title='bbox 3436 1775 3601 1829; x_wconf 89' lang='lat' dir='ltr'><strong>etiam</strong></span> 
     </span>
    </p>
   </div>
   <div class='ocr_carea' id='block_1_61' title="bbox 1956 1847 3601 1940">
    <p class='ocr_par' dir='ltr' id='par_1_61' title="bbox 1956 1847 3601 1940">
     <span class='ocr_line' id='line_1_61' title="bbox 1956 1847 3601 1940; baseline -0.004 -17"><span class='ocrx_word' id='word_1_451' title='bbox 1956 1847 1998 1900; x_wconf 71' lang='grc' dir='ltr'><strong>Β</strong></span> <span class='ocrx_word' id='word_1_452' title='bbox 2028 1870 2355 1925; x_wconf 74' lang='lat' dir='ltr'><strong>duodecima:</strong></span> <span class='ocrx_word' id='word_1_453' title='bbox 2389 1870 2558 1939; x_wconf 89' lang='lat' dir='ltr'><strong>partis</strong></span> <span class='ocrx_word' id='word_1_454' title='bbox 2586 1877 2768 1940; x_wconf 89' lang='lat' dir='ltr'><strong>partes</strong></span> <span class='ocrx_word' id='word_1_455' title='bbox 2792 1878 3067 1933; x_wconf 86' lang='lat' dir='ltr'><strong>occurrat,</strong></span> <span class='ocrx_word' id='word_1_456' title='bbox 3098 1879 3152 1922; x_wconf 90' lang='lat' dir='ltr'><strong>et</strong></span> <span class='ocrx_word' id='word_1_457' title='bbox 3175 1869 3229 1922; x_wconf 93' lang='lat' dir='ltr'><strong>in</strong></span> <span class='ocrx_word' id='word_1_458' title='bbox 3254 1878 3414 1939; x_wconf 87' lang='lat' dir='ltr'><strong>quota</strong></span> <span class='ocrx_word' id='word_1_459' title='bbox 3443 1882 3601 1923; x_wconf 84' lang='lat' dir='ltr'><strong>sexa-</strong></span> 
     </span>
    </p>
   </div>
   <div class='ocr_carea' id='block_1_62' title="bbox 2026 1961 3601 2033">
    <p class='ocr_par' dir='ltr' id='par_1_62' title="bbox 2026 1961 3601 2033">
     <span class='ocr_line' id='line_1_62' title="bbox 2026 1961 3601 2033; baseline -0.001 -20"><span class='ocrx_word' id='word_1_460' title='bbox 2026 1961 2251 2033; x_wconf 75' lang='lat' dir='ltr'><strong>gesima,</strong></span> <span class='ocrx_word' id='word_1_461' title='bbox 2286 1962 2339 2014; x_wconf 90' lang='lat' dir='ltr'><strong>in</strong></span> <span class='ocrx_word' id='word_1_462' title='bbox 2372 1974 2510 2029; x_wconf 90' lang='lat' dir='ltr'><strong>quas</strong></span> <span class='ocrx_word' id='word_1_463' title='bbox 2549 1969 2733 2027; x_wconf 90' lang='lat' dir='ltr'><strong>partes</strong></span> <span class='ocrx_word' id='word_1_464' title='bbox 2782 1968 2991 2029; x_wconf 89' lang='lat' dir='ltr'><strong>partem</strong></span> <span class='ocrx_word' id='word_1_465' title='bbox 3033 1974 3471 2030; x_wconf 88' lang='lat' dir='ltr'><strong>unamquamque</strong></span> <span class='ocrx_word' id='word_1_466' title='bbox 3517 1963 3601 2014; x_wconf 87' lang='lat' dir='ltr'><strong>di-</strong></span> 
     </span>
    </p>
   </div>
   <div class='ocr_carea' id='block_1_63' title="bbox 2029 2044 3597 2109">
    <p class='ocr_par' dir='ltr' id='par_1_63' title="bbox 2029 2044 3597 2109">
     <span class='ocr_line' id='line_1_63' title="bbox 2029 2044 3597 2109; baseline -0.001 -10"><span class='ocrx_word' id='word_1_467' title='bbox 2029 2046 2132 2101; x_wconf 84' lang='lat' dir='ltr'><strong>vidi</strong></span> <span class='ocrx_word' id='word_1_468' title='bbox 2167 2046 2402 2099; x_wconf 84' lang='lat' dir='ltr'><strong>diximus</strong></span> <span class='ocrx_word' id='word_1_469' title='bbox 2438 2064 2450 2098; x_wconf 91' lang='lat'>:</span> <span class='ocrx_word' id='word_1_470' title='bbox 2489 2056 2601 2109; x_wconf 89' lang='lat' dir='ltr'><strong>aut,</strong></span> <span class='ocrx_word' id='word_1_471' title='bbox 2635 2054 2693 2099; x_wconf 91' lang='lat' dir='ltr'><strong>ut</strong></span> <span class='ocrx_word' id='word_1_472' title='bbox 2731 2054 2880 2099; x_wconf 87' lang='lat' dir='ltr'><strong>certa</strong></span> <span class='ocrx_word' id='word_1_473' title='bbox 2922 2044 2998 2098; x_wconf 89' lang='lat' dir='ltr'><strong>rei</strong></span> <span class='ocrx_word' id='word_1_474' title='bbox 3028 2045 3228 2100; x_wconf 89' lang='lat' dir='ltr'><strong>veritas</strong></span> <span class='ocrx_word' id='word_1_475' title='bbox 3254 2046 3597 2105; x_wconf 83' lang='lat' dir='ltr'><strong>inveniatur.</strong></span> 
     </span>
    </p>
   </div>
   <div class='ocr_carea' id='block_1_64' title="bbox 2024 2137 3601 2209">
    <p class='ocr_par' dir='ltr' id='par_1_64' title="bbox 2024 2137 3601 2209">
     <span class='ocr_line' id='line_1_64' title="bbox 2024 2137 3601 2209; baseline -0.001 -17"><span class='ocrx_word' id='word_1_476' title='bbox 2024 2139 2077 2192; x_wconf 93' lang='lat' dir='ltr'><strong>in</strong></span> <span class='ocrx_word' id='word_1_477' title='bbox 2101 2148 2264 2207; x_wconf 89' lang='lat' dir='ltr'><strong>quota</strong></span> <span class='ocrx_word' id='word_1_478' title='bbox 2289 2152 2628 2207; x_wconf 79' lang='lat' dir='ltr'><strong>sexagesima</strong></span> <span class='ocrx_word' id='word_1_479' title='bbox 2672 2152 2738 2191; x_wconf 86' lang='lat' dir='ltr'><strong>ex</strong></span> <span class='ocrx_word' id='word_1_480' title='bbox 2780 2137 2846 2192; x_wconf 89' lang='lat' dir='ltr'><strong>iis</strong></span> <span class='ocrx_word' id='word_1_481' title='bbox 2882 2151 3004 2207; x_wconf 74' lang='lat' dir='ltr'><strong>qua:</strong></span> <span class='ocrx_word' id='word_1_482' title='bbox 3040 2152 3071 2191; x_wconf 90' lang='lat' dir='ltr'><strong>a</strong></span> <span class='ocrx_word' id='word_1_483' title='bbox 3101 2138 3295 2209; x_wconf 89' lang='lat' dir='ltr'><strong>primis</strong></span> <span class='ocrx_word' id='word_1_484' title='bbox 3325 2141 3601 2208; x_wconf 74' lang='lat' dir='ltr'><strong>sexagesi-</strong></span> 
     </span>
    </p>
   </div>
   <div class='ocr_carea' id='block_1_65' title="bbox 2022 2228 3600 2286">
    <p class='ocr_par' dir='ltr' id='par_1_65' title="bbox 2022 2228 3600 2286">
     <span class='ocr_line' id='line_1_65' title="bbox 2022 2228 3600 2286; baseline -0.003 0"><span class='ocrx_word' id='word_1_485' title='bbox 2022 2232 2127 2286; x_wconf 90' lang='lat' dir='ltr'><strong>mis</strong></span> <span class='ocrx_word' id='word_1_486' title='bbox 2173 2232 2467 2285; x_wconf 68' lang='lat' dir='ltr'><strong>subdivisae</strong></span> <span class='ocrx_word' id='word_1_487' title='bbox 2499 2240 2643 2283; x_wconf 90' lang='lat' dir='ltr'><strong>sunt.</strong></span> <span class='ocrx_word' id='word_1_488' title='bbox 2679 2228 2746 2283; x_wconf 86' lang='lat' dir='ltr'><strong>Et</strong></span> <span class='ocrx_word' id='word_1_489' title='bbox 2792 2230 2932 2284; x_wconf 90' lang='lat' dir='ltr'><strong>hanc</strong></span> <span class='ocrx_word' id='word_1_490' title='bbox 2983 2230 3122 2284; x_wconf 89' lang='lat' dir='ltr'><strong>adeo</strong></span> <span class='ocrx_word' id='word_1_491' title='bbox 3160 2236 3377 2285; x_wconf 84' lang='lat' dir='ltr'><strong>tenuem</strong></span> <span class='ocrx_word' id='word_1_492' title='bbox 3423 2242 3478 2285; x_wconf 89' lang='lat' dir='ltr'><strong>et</strong></span> <span class='ocrx_word' id='word_1_493' title='bbox 3521 2233 3600 2286; x_wconf 84' lang='lat' dir='ltr'><strong>in-</strong></span> 
     </span>
    </p>
   </div>
   <div class='ocr_carea' id='block_1_66' title="bbox 2023 2321 3597 2395">
    <p class='ocr_par' dir='ltr' id='par_1_66' title="bbox 2023 2321 3597 2395">
     <span class='ocr_line' id='line_1_66' title="bbox 2023 2321 3597 2395; baseline 0.001 -18"><span class='ocrx_word' id='word_1_494' title='bbox 2023 2321 2572 2392; x_wconf 80' lang='lat' dir='ltr'><strong>comprehensibilem</strong></span> <span class='ocrx_word' id='word_1_495' title='bbox 2601 2322 2863 2391; x_wconf 88' lang='lat' dir='ltr'><strong>temporis</strong></span> <span class='ocrx_word' id='word_1_496' title='bbox 2896 2322 3368 2391; x_wconf 77' lang='lat' dir='ltr'><strong>investigationem</strong></span> <span class='ocrx_word' id='word_1_497' title='bbox 3399 2325 3451 2378; x_wconf 92' lang='lat' dir='ltr'><strong>in</strong></span> <span class='ocrx_word' id='word_1_498' title='bbox 3476 2327 3597 2395; x_wconf 89' lang='lat' dir='ltr'><strong>qni-</strong></span> 
     </span>
    </p>
   </div>
   <div class='ocr_carea' id='block_1_67' title="bbox 2025 2413 3595 2482">
    <p class='ocr_par' dir='ltr' id='par_1_67' title="bbox 2025 2413 3595 2482">
     <span class='ocr_line' id='line_1_67' title="bbox 2025 2413 3595 2482; baseline 0.003 -15"><span class='ocrx_word' id='word_1_499' title='bbox 2025 2415 2233 2482; x_wconf 89' lang='lat' dir='ltr'><strong>busque</strong></span> <span class='ocrx_word' id='word_1_500' title='bbox 2274 2413 2504 2482; x_wconf 89' lang='lat' dir='ltr'><strong>planetis</strong></span> <span class='ocrx_word' id='word_1_501' title='bbox 2549 2414 2667 2469; x_wconf 84' lang='lat' dir='ltr'><strong>ﬁeri</strong></span> <span class='ocrx_word' id='word_1_502' title='bbox 2694 2431 2914 2472; x_wconf 87' lang='lat' dir='ltr'><strong>necesse</strong></span> <span class='ocrx_word' id='word_1_503' title='bbox 2960 2432 3083 2473; x_wconf 86' lang='lat' dir='ltr'><strong>esse</strong></span> <span class='ocrx_word' id='word_1_504' title='bbox 3121 2417 3304 2480; x_wconf 89' lang='lat' dir='ltr'><strong>aiunt,</strong></span> <span class='ocrx_word' id='word_1_505' title='bbox 3351 2427 3409 2472; x_wconf 93' lang='lat' dir='ltr'><strong>ut</strong></span> <span class='ocrx_word' id='word_1_506' title='bbox 3446 2434 3595 2472; x_wconf 90' lang='lat' dir='ltr'><strong>eom-</strong></span> 
     </span>
    </p>
   </div>
   <div class='ocr_carea' id='block_1_68' title="bbox 2025 2504 3596 2579">
    <p class='ocr_par' dir='ltr' id='par_1_68' title="bbox 2025 2504 3596 2579">
     <span class='ocr_line' id='line_1_68' title="bbox 2025 2504 3596 2579; baseline 0.002 -21"><span class='ocrx_word' id='word_1_507' title='bbox 2025 2514 2235 2575; x_wconf 82' lang='lat' dir='ltr'><strong>pertum</strong></span> <span class='ocrx_word' id='word_1_508' title='bbox 2290 2504 2361 2559; x_wconf 91' lang='lat' dir='ltr'><strong>sit</strong></span> <span class='ocrx_word' id='word_1_509' title='bbox 2411 2515 2466 2559; x_wconf 88' lang='lat' dir='ltr'><strong>et</strong></span> <span class='ocrx_word' id='word_1_510' title='bbox 2515 2506 2879 2574; x_wconf 83' lang='lat' dir='ltr'><strong>exploratum,</strong></span> <span class='ocrx_word' id='word_1_511' title='bbox 2926 2509 3142 2579; x_wconf 89' lang='lat' dir='ltr'><strong>qualem</strong></span> <span class='ocrx_word' id='word_1_512' title='bbox 3191 2510 3426 2563; x_wconf 85' lang='lat' dir='ltr'><strong>habeant</strong></span> <span class='ocrx_word' id='word_1_513' title='bbox 3477 2524 3596 2563; x_wconf 86' lang='lat' dir='ltr'><strong>cum</strong></span> 
     </span>
    </p>
   </div>
   <div class='ocr_carea' id='block_1_69' title="bbox 2024 2595 3599 2668">
    <p class='ocr_par' dir='ltr' id='par_1_69' title="bbox 2024 2595 3599 2668">
     <span class='ocr_line' id='line_1_69' title="bbox 2024 2595 3599 2668; baseline 0.001 -19"><span class='ocrx_word' id='word_1_514' title='bbox 2024 2595 2386 2650; x_wconf 86' lang='lat' dir='ltr'><strong>inerrantibus</strong></span> <span class='ocrx_word' id='word_1_515' title='bbox 2421 2595 2592 2650; x_wconf 89' lang='lat' dir='ltr'><strong>stellis</strong></span> <span class='ocrx_word' id='word_1_516' title='bbox 2637 2597 2902 2661; x_wconf 91' lang='lat' dir='ltr'><strong>habitum,</strong></span> <span class='ocrx_word' id='word_1_517' title='bbox 2939 2609 2995 2653; x_wconf 90' lang='lat' dir='ltr'><strong>et</strong></span> <span class='ocrx_word' id='word_1_518' title='bbox 3024 2600 3202 2668; x_wconf 88' lang='lat' dir='ltr'><strong>qualis</strong></span> <span class='ocrx_word' id='word_1_519' title='bbox 3240 2614 3425 2653; x_wconf 90' lang='lat' dir='ltr'><strong>eorum</strong></span> <span class='ocrx_word' id='word_1_520' title='bbox 3460 2600 3599 2653; x_wconf 78' lang='lat' dir='ltr'><strong>inter</strong></span> 
     </span>
    </p>
   </div>
   <div class='ocr_carea' id='block_1_70' title="bbox 2022 2686 3599 2759">
    <p class='ocr_par' dir='ltr' id='par_1_70' title="bbox 2022 2686 3599 2759">
     <span class='ocr_line' id='line_1_70' title="bbox 2022 2686 3599 2759; baseline 0.002 -17"><span class='ocrx_word' id='word_1_521' title='bbox 2022 2702 2080 2742; x_wconf 88' lang='lat' dir='ltr'><strong>se</strong></span> <span class='ocrx_word' id='word_1_522' title='bbox 2102 2698 2250 2742; x_wconf 88' lang='lat' dir='ltr'><strong>esset</strong></span> <span class='ocrx_word' id='word_1_523' title='bbox 2277 2686 2445 2758; x_wconf 79' lang='lat' dir='ltr'><strong>ﬁgura</strong></span> <span class='ocrx_word' id='word_1_524' title='bbox 2473 2688 2525 2741; x_wconf 91' lang='lat' dir='ltr'><strong>in</strong></span> <span class='ocrx_word' id='word_1_525' title='bbox 2552 2688 2670 2757; x_wconf 90' lang='lat' dir='ltr'><strong>ejus</strong></span> <span class='ocrx_word' id='word_1_526' title='bbox 2696 2690 2786 2759; x_wconf 87' lang='lat' dir='ltr'><strong>qui</strong></span> <span class='ocrx_word' id='word_1_527' title='bbox 2815 2698 2942 2744; x_wconf 86' lang='lat' dir='ltr'><strong>tunc</strong></span> <span class='ocrx_word' id='word_1_528' title='bbox 2963 2700 3121 2746; x_wconf 89' lang='lat' dir='ltr'><strong>natus</strong></span> <span class='ocrx_word' id='word_1_529' title='bbox 3141 2702 3227 2746; x_wconf 90' lang='lat' dir='ltr'><strong>est</strong></span> <span class='ocrx_word' id='word_1_530' title='bbox 3248 2701 3393 2747; x_wconf 90' lang='lat' dir='ltr'><strong>ortu.</strong></span> <span class='ocrx_word' id='word_1_531' title='bbox 3420 2694 3599 2759; x_wconf 72' lang='lat' dir='ltr'><strong>Quare</strong></span> 
     </span>
    </p>
   </div>
   <div class='ocr_carea' id='block_1_71' title="bbox 2020 2780 3592 2855">
    <p class='ocr_par' dir='ltr' id='par_1_71' title="bbox 2020 2780 3592 2855">
     <span class='ocr_line' id='line_1_71' title="bbox 2020 2780 3592 2855; baseline 0.004 -21"><span class='ocrx_word' id='word_1_532' title='bbox 2020 2780 2065 2834; x_wconf 90' lang='lat' dir='ltr'><strong>si</strong></span> <span class='ocrx_word' id='word_1_533' title='bbox 2098 2780 2213 2835; x_wconf 79' lang='lat' dir='ltr'><strong>ﬁeri</strong></span> <span class='ocrx_word' id='word_1_534' title='bbox 2246 2796 2351 2835; x_wconf 92' lang='lat' dir='ltr'><strong>non</strong></span> <span class='ocrx_word' id='word_1_535' title='bbox 2389 2782 2583 2851; x_wconf 90' lang='lat' dir='ltr'><strong>possit,</strong></span> <span class='ocrx_word' id='word_1_536' title='bbox 2615 2791 2673 2835; x_wconf 93' lang='lat' dir='ltr'><strong>ut</strong></span> <span class='ocrx_word' id='word_1_537' title='bbox 2699 2783 2889 2837; x_wconf 84' lang='lat' dir='ltr'><strong>horam</strong></span> <span class='ocrx_word' id='word_1_538' title='bbox 2932 2795 3186 2840; x_wconf 83' lang='lat' dir='ltr'><strong>accurate</strong></span> <span class='ocrx_word' id='word_1_539' title='bbox 3216 2796 3592 2855; x_wconf 82' lang='lat' dir='ltr'><strong>assequamur,</strong></span> 
     </span>
    </p>
   </div>
   <div class='ocr_carea' id='block_1_72' title="bbox 2020 2870 3593 2944">
    <p class='ocr_par' dir='ltr' id='par_1_72' title="bbox 2020 2870 3593 2944">
     <span class='ocr_line' id='line_1_72' title="bbox 2020 2870 3593 2944; baseline 0.003 -18"><span class='ocrx_word' id='word_1_540' title='bbox 2020 2880 2075 2926; x_wconf 88' lang='lat' dir='ltr'><strong>et</strong></span> <span class='ocrx_word' id='word_1_541' title='bbox 2110 2879 2289 2927; x_wconf 85' lang='lat' dir='ltr'><strong>tamen</strong></span> <span class='ocrx_word' id='word_1_542' title='bbox 2320 2870 2628 2927; x_wconf 86' lang='lat' dir='ltr'><strong>brevissimi</strong></span> <span class='ocrx_word' id='word_1_543' title='bbox 2666 2876 2925 2944; x_wconf 90' lang='lat' dir='ltr'><strong>temporis</strong></span> <span class='ocrx_word' id='word_1_544' title='bbox 2972 2875 3279 2931; x_wconf 85' lang='lat' dir='ltr'><strong>immutatio</strong></span> <span class='ocrx_word' id='word_1_545' title='bbox 3328 2878 3382 2931; x_wconf 91' lang='lat' dir='ltr'><strong>in</strong></span> <span class='ocrx_word' id='word_1_546' title='bbox 3427 2893 3593 2933; x_wconf 79' lang='lat' dir='ltr'><strong>eatsa</strong></span> 
     </span>
    </p>
   </div>
   <div class='ocr_carea' id='block_1_73' title="bbox 2021 2962 3592 3039">
    <p class='ocr_par' dir='ltr' id='par_1_73' title="bbox 2021 2962 3592 3039">
     <span class='ocr_line' id='line_1_73' title="bbox 2021 2962 3592 3039; baseline 0.004 -22"><span class='ocrx_word' id='word_1_547' title='bbox 2021 2962 2092 3017; x_wconf 89' lang='lat' dir='ltr'><strong>sit</strong></span> <span class='ocrx_word' id='word_1_548' title='bbox 2128 2977 2225 3017; x_wconf 90' lang='lat' dir='ltr'><strong>cur</strong></span> <span class='ocrx_word' id='word_1_549' title='bbox 2266 2979 2297 3017; x_wconf 89' lang='lat' dir='ltr'><strong>a</strong></span> <span class='ocrx_word' id='word_1_550' title='bbox 2347 2972 2459 3018; x_wconf 89' lang='lat' dir='ltr'><strong>toto</strong></span> <span class='ocrx_word' id='word_1_551' title='bbox 2492 2964 2795 3030; x_wconf 86' lang='lat' dir='ltr'><strong>aberretur,</strong></span> <span class='ocrx_word' id='word_1_552' title='bbox 2842 2968 3122 3023; x_wconf 89' lang='lat' dir='ltr'><strong>deridendi</strong></span> <span class='ocrx_word' id='word_1_553' title='bbox 3171 2979 3295 3023; x_wconf 90' lang='lat' dir='ltr'><strong>sunt</strong></span> <span class='ocrx_word' id='word_1_554' title='bbox 3342 2979 3397 3025; x_wconf 90' lang='lat' dir='ltr'><strong>et</strong></span> <span class='ocrx_word' id='word_1_555' title='bbox 3429 2972 3462 3025; x_wconf 90' lang='lat' dir='ltr'><strong>ii</strong></span> <span class='ocrx_word' id='word_1_556' title='bbox 3503 2974 3592 3039; x_wconf 88' lang='lat' dir='ltr'><strong>qni</strong></span> 
     </span>
    </p>
   </div>
   <div class='ocr_carea' id='block_1_74' title="bbox 2023 3054 3593 3132">
    <p class='ocr_par' dir='ltr' id='par_1_74' title="bbox 2023 3054 3593 3132">
     <span class='ocr_line' id='line_1_74' title="bbox 2023 3054 3593 3132; baseline 0.005 -25"><span class='ocrx_word' id='word_1_557' title='bbox 2023 3054 2074 3107; x_wconf 90' lang='lat' dir='ltr'><strong>in</strong></span> <span class='ocrx_word' id='word_1_558' title='bbox 2116 3054 2217 3109; x_wconf 90' lang='lat' dir='ltr'><strong>hac</strong></span> <span class='ocrx_word' id='word_1_559' title='bbox 2251 3063 2369 3109; x_wconf 84' lang='lat' dir='ltr'><strong>arte</strong></span> <span class='ocrx_word' id='word_1_560' title='bbox 2410 3056 2729 3125; x_wconf 74' lang='lat' dir='ltr'><strong>imaginaria</strong></span> <span class='ocrx_word' id='word_1_561' title='bbox 2756 3059 3052 3115; x_wconf 84' lang='lat' dir='ltr'><strong>excolenda</strong></span> <span class='ocrx_word' id='word_1_562' title='bbox 3080 3062 3322 3115; x_wconf 89' lang='lat' dir='ltr'><strong>studium</strong></span> <span class='ocrx_word' id='word_1_563' title='bbox 3360 3076 3593 3132; x_wconf 89' lang='lat' dir='ltr'><strong>ponunt,</strong></span> 
     </span>
    </p>
   </div>
   <div class='ocr_carea' id='block_1_75' title="bbox 2019 3144 3595 3224">
    <p class='ocr_par' dir='ltr' id='par_1_75' title="bbox 2019 3144 3595 3224">
     <span class='ocr_line' id='line_1_75' title="bbox 2019 3144 3595 3224; baseline 0.004 -25"><span class='ocrx_word' id='word_1_564' title='bbox 2019 3154 2076 3199; x_wconf 82' lang='lat' dir='ltr'><strong>et</strong></span> <span class='ocrx_word' id='word_1_565' title='bbox 2114 3146 2150 3199; x_wconf 92' lang='lat' dir='ltr'><strong>ii</strong></span> <span class='ocrx_word' id='word_1_566' title='bbox 2188 3144 2279 3215; x_wconf 87' lang='lat' dir='ltr'><strong>qui</strong></span> <span class='ocrx_word' id='word_1_567' title='bbox 2320 3146 2372 3199; x_wconf 90' lang='lat' dir='ltr'><strong>in</strong></span> <span class='ocrx_word' id='word_1_568' title='bbox 2413 3145 2558 3215; x_wconf 76' lang='lat' dir='ltr'><strong>ipsos</strong></span> <span class='ocrx_word' id='word_1_569' title='bbox 2593 3159 2781 3217; x_wconf 87' lang='lat' dir='ltr'><strong>aperto</strong></span> <span class='ocrx_word' id='word_1_570' title='bbox 2812 3165 2906 3204; x_wconf 88' lang='lat' dir='ltr'><strong>ore</strong></span> <span class='ocrx_word' id='word_1_571' title='bbox 2949 3151 3144 3205; x_wconf 91' lang='lat' dir='ltr'><strong>intenti</strong></span> <span class='ocrx_word' id='word_1_572' title='bbox 3177 3162 3325 3216; x_wconf 89' lang='lat' dir='ltr'><strong>sunt,</strong></span> <span class='ocrx_word' id='word_1_573' title='bbox 3370 3155 3595 3224; x_wconf 84' lang='lat' dir='ltr'><strong>perinde</strong></span> 
     </span>
    </p>
   </div>
   <div class='ocr_carea' id='block_1_76' title="bbox 2018 3236 3595 3316">
    <p class='ocr_par' dir='ltr' id='par_1_76' title="bbox 2018 3236 3595 3316">
     <span class='ocr_line' id='line_1_76' title="bbox 2018 3236 3595 3316; baseline 0.007 -28"><span class='ocrx_word' id='word_1_574' title='bbox 2018 3236 2171 3305; x_wconf 89' lang='lat' dir='ltr'><strong>quasi</strong></span> <span class='ocrx_word' id='word_1_575' title='bbox 2202 3251 2265 3292; x_wconf 87' lang='lat' dir='ltr'><strong>ea</strong></span> <span class='ocrx_word' id='word_1_576' title='bbox 2308 3252 2430 3307; x_wconf 75' lang='lat' dir='ltr'><strong>qua:</strong></span> <span class='ocrx_word' id='word_1_577' title='bbox 2471 3238 2602 3308; x_wconf 90' lang='lat' dir='ltr'><strong>ipsis</strong></span> <span class='ocrx_word' id='word_1_578' title='bbox 2634 3250 2758 3294; x_wconf 87' lang='lat' dir='ltr'><strong>sunt</strong></span> <span class='ocrx_word' id='word_1_579' title='bbox 2787 3253 3050 3296; x_wconf 86' lang='lat' dir='ltr'><strong>eventura</strong></span> <span class='ocrx_word' id='word_1_580' title='bbox 3078 3285 3091 3309; x_wconf 93' lang='lat'><strong>,</strong></span> <span class='ocrx_word' id='word_1_581' title='bbox 3123 3259 3445 3315; x_wconf 74' lang='lat' dir='ltr'><strong>cognoscere</strong></span> <span class='ocrx_word' id='word_1_582' title='bbox 3474 3262 3595 3316; x_wconf 86' lang='lat' dir='ltr'><strong>pos-</strong></span> 
     </span>
    </p>
   </div>
   <div class='ocr_carea' id='block_1_77' title="bbox 2020 3327 2151 3383">
    <p class='ocr_par' dir='ltr' id='par_1_77' title="bbox 2020 3327 2151 3383">
     <span class='ocr_line' id='line_1_77' title="bbox 2020 3327 2151 3383; baseline 0.015 -2"><span class='ocrx_word' id='word_1_583' title='bbox 2020 3327 2151 3383; x_wconf 91' lang='lat' dir='ltr'><strong>sint.</strong></span> 
     </span>
    </p>
   </div>
   <div class='ocr_carea' id='block_1_78' title="bbox 2088 3418 3595 3496">
    <p class='ocr_par' dir='ltr' id='par_1_78' title="bbox 2088 3418 3595 3496">
     <span class='ocr_line' id='line_1_78' title="bbox 2088 3418 3595 3496; baseline 0.005 -22"><span class='ocrx_word' id='word_1_584' title='bbox 2088 3420 2141 3474; x_wconf 88' lang='lat'><em>6.</em></span> <span class='ocrx_word' id='word_1_585' title='bbox 2182 3418 2379 3486; x_wconf 88' lang='lat' dir='ltr'><strong>Quales</strong></span> <span class='ocrx_word' id='word_1_586' title='bbox 2441 3428 2619 3476; x_wconf 89' lang='lat' dir='ltr'><strong>autem</strong></span> <span class='ocrx_word' id='word_1_587' title='bbox 2676 3423 3045 3489; x_wconf 89' lang='lat' dir='ltr'><strong>producuntur</strong></span> <span class='ocrx_word' id='word_1_588' title='bbox 3108 3424 3371 3481; x_wconf 77' lang='lat' dir='ltr'><strong>eﬂ‘ectus?</strong></span> <span class='ocrx_word' id='word_1_589' title='bbox 3430 3427 3595 3496; x_wconf 83' lang='lat' dir='ltr'><strong>Hujus</strong></span> 
     </span>
    </p>
   </div>
   <div class='ocr_carea' id='block_1_79' title="bbox 2019 3511 3590 3587">
    <p class='ocr_par' dir='ltr' id='par_1_79' title="bbox 2019 3511 3590 3587">
     <span class='ocr_line' id='line_1_79' title="bbox 2019 3511 3590 3587; baseline 0.004 -21"><span class='ocrx_word' id='word_1_590' title='bbox 2019 3511 2223 3583; x_wconf 87' lang='lat' dir='ltr'><strong>capilli,</strong></span> <span class='ocrx_word' id='word_1_591' title='bbox 2259 3514 2531 3583; x_wconf 88' lang='lat' dir='ltr'><strong>inquiunt,</strong></span> <span class='ocrx_word' id='word_1_592' title='bbox 2562 3514 2725 3568; x_wconf 77' lang='lat' dir='ltr'><strong>futuri</strong></span> <span class='ocrx_word' id='word_1_593' title='bbox 2754 3524 2881 3570; x_wconf 91' lang='lat' dir='ltr'><strong>sunt</strong></span> <span class='ocrx_word' id='word_1_594' title='bbox 2910 3518 3098 3587; x_wconf 88' lang='lat' dir='ltr'><strong>crispi,</strong></span> <span class='ocrx_word' id='word_1_595' title='bbox 3130 3520 3337 3575; x_wconf 90' lang='lat' dir='ltr'><strong>oculive</strong></span> <span class='ocrx_word' id='word_1_596' title='bbox 3369 3522 3546 3575; x_wconf 86' lang='lat' dir='ltr'><strong>decori</strong></span> <span class='ocrx_word' id='word_1_597' title='bbox 3578 3540 3590 3573; x_wconf 87' lang='lat'><strong>:</strong></span> 
     </span>
    </p>
   </div>
   <div class='ocr_carea' id='block_1_80' title="bbox 2018 3603 3592 3678">
    <p class='ocr_par' dir='ltr' id='par_1_80' title="bbox 2018 3603 3592 3678">
     <span class='ocr_line' id='line_1_80' title="bbox 2018 3603 3592 3678; baseline 0.007 -20"><span class='ocrx_word' id='word_1_598' title='bbox 2018 3603 2221 3660; x_wconf 83' lang='lat' dir='ltr'><strong>Arietis</strong></span> <span class='ocrx_word' id='word_1_599' title='bbox 2251 3604 2458 3660; x_wconf 88' lang='lat' dir='ltr'><strong>scilicet</strong></span> <span class='ocrx_word' id='word_1_600' title='bbox 2496 3607 2661 3660; x_wconf 85' lang='lat' dir='ltr'><strong>habet</strong></span> <span class='ocrx_word' id='word_1_601' title='bbox 2689 3606 2879 3661; x_wconf 89' lang='lat' dir='ltr'><strong>horam</strong></span> <span class='ocrx_word' id='word_1_602' title='bbox 2916 3621 2929 3659; x_wconf 91' lang='lat'><strong>:</strong></span> <span class='ocrx_word' id='word_1_603' title='bbox 2964 3624 3195 3678; x_wconf 90' lang='lat' dir='ltr'><strong>namque</strong></span> <span class='ocrx_word' id='word_1_604' title='bbox 3228 3613 3427 3666; x_wconf 88' lang='lat' dir='ltr'><strong>animal</strong></span> <span class='ocrx_word' id='word_1_605' title='bbox 3466 3615 3592 3669; x_wconf 81' lang='lat' dir='ltr'><strong>illud</strong></span> 
     </span>
    </p>
   </div>
   <div class='ocr_carea' id='block_1_81' title="bbox 2018 3699 3592 3773">
    <p class='ocr_par' dir='ltr' id='par_1_81' title="bbox 2018 3699 3592 3773">
     <span class='ocr_line' id='line_1_81' title="bbox 2018 3699 3592 3773; baseline 0.007 -24"><span class='ocrx_word' id='word_1_606' title='bbox 2018 3699 2420 3767; x_wconf 88' lang='lat' dir='ltr'><strong>quodammodo</strong></span> <span class='ocrx_word' id='word_1_607' title='bbox 2444 3710 2529 3755; x_wconf 90' lang='lat' dir='ltr'><strong>est</strong></span> <span class='ocrx_word' id='word_1_608' title='bbox 2555 3699 2662 3754; x_wconf 89' lang='lat' dir='ltr'><strong>tale</strong></span> <span class='ocrx_word' id='word_1_609' title='bbox 2690 3712 2933 3769; x_wconf 89' lang='lat' dir='ltr'><strong>aspectu.</strong></span> <span class='ocrx_word' id='word_1_610' title='bbox 2955 3700 3093 3768; x_wconf 92' lang='lat' dir='ltr'><strong>Quin</strong></span> <span class='ocrx_word' id='word_1_611' title='bbox 3113 3704 3277 3758; x_wconf 90' lang='lat' dir='ltr'><strong>etiam</strong></span> <span class='ocrx_word' id='word_1_612' title='bbox 3305 3707 3407 3759; x_wconf 89' lang='lat' dir='ltr'><strong>erit</strong></span> <span class='ocrx_word' id='word_1_613' title='bbox 3432 3724 3592 3773; x_wconf 77' lang='lat' dir='ltr'><strong>gran-</strong></span> 
     </span>
    </p>
   </div>
   <div class='ocr_carea' id='block_1_82' title="bbox 2017 3789 3587 3867">
    <p class='ocr_par' dir='ltr' id='par_1_82' title="bbox 2017 3789 3587 3867">
     <span class='ocr_line' id='line_1_82' title="bbox 2017 3789 3587 3867; baseline 0.008 -26"><span class='ocrx_word' id='word_1_614' title='bbox 2017 3789 2068 3842; x_wconf 89' lang='lat' dir='ltr'><strong>di</strong></span> <span class='ocrx_word' id='word_1_615' title='bbox 2102 3790 2285 3844; x_wconf 89' lang='lat' dir='ltr'><strong>animo</strong></span> <span class='ocrx_word' id='word_1_616' title='bbox 2320 3798 2374 3844; x_wconf 91' lang='lat' dir='ltr'><strong>et</strong></span> <span class='ocrx_word' id='word_1_617' title='bbox 2404 3791 2582 3857; x_wconf 88' lang='lat' dir='ltr'><strong>elato;</strong></span> <span class='ocrx_word' id='word_1_618' title='bbox 2621 3793 2817 3862; x_wconf 91' lang='lat' dir='ltr'><strong>quippe</strong></span> <span class='ocrx_word' id='word_1_619' title='bbox 2848 3808 3015 3862; x_wconf 89' lang='lat' dir='ltr'><strong>penes</strong></span> <span class='ocrx_word' id='word_1_620' title='bbox 3048 3795 3282 3849; x_wconf 82' lang='lat' dir='ltr'><strong>Arictem</strong></span> <span class='ocrx_word' id='word_1_621' title='bbox 3324 3808 3404 3852; x_wconf 90' lang='lat' dir='ltr'><strong>est</strong></span> <span class='ocrx_word' id='word_1_622' title='bbox 3438 3800 3587 3867; x_wconf 86' lang='lat' dir='ltr'><strong>prin-</strong></span> 
     </span>
    </p>
   </div>
   <div class='ocr_carea' id='block_1_83' title="bbox 2015 3883 3585 3961">
    <p class='ocr_par' dir='ltr' id='par_1_83' title="bbox 2015 3883 3585 3961">
     <span class='ocr_line' id='line_1_83' title="bbox 2015 3883 3585 3961; baseline 0.006 -22"><span class='ocrx_word' id='word_1_623' title='bbox 2015 3883 2225 3953; x_wconf 86' lang='lat' dir='ltr'><strong>cipatus</strong></span> <span class='ocrx_word' id='word_1_624' title='bbox 2277 3900 2293 3940; x_wconf 88' lang='lat'><strong>:</strong></span> <span class='ocrx_word' id='word_1_625' title='bbox 2345 3888 2450 3942; x_wconf 87' lang='lat' dir='ltr'><strong>erit</strong></span> <span class='ocrx_word' id='word_1_626' title='bbox 2507 3898 2562 3942; x_wconf 91' lang='lat' dir='ltr'><strong>et</strong></span> <span class='ocrx_word' id='word_1_627' title='bbox 2612 3889 2824 3959; x_wconf 76' lang='lat' dir='ltr'><strong>largus,</strong></span> <span class='ocrx_word' id='word_1_628' title='bbox 2866 3900 2917 3944; x_wconf 91' lang='lat' dir='ltr'><strong>et</strong></span> <span class='ocrx_word' id='word_1_629' title='bbox 2972 3907 3159 3945; x_wconf 90' lang='lat' dir='ltr'><strong>rursus</strong></span> <span class='ocrx_word' id='word_1_630' title='bbox 3214 3904 3585 3961; x_wconf 65' lang='lat' dir='ltr'><strong>quaestuosus;</strong></span> 
     </span>
    </p>
   </div>
   <div class='ocr_carea' id='block_1_84' title="bbox 2014 3978 3590 4047">
    <p class='ocr_par' dir='ltr' id='par_1_84' title="bbox 2014 3978 3590 4047">
     <span class='ocr_line' id='line_1_84' title="bbox 2014 3978 3590 4047; baseline 0.008 -20"><span class='ocrx_word' id='word_1_631' title='bbox 2014 3978 2452 4047; x_wconf 90' lang='lat' dir='ltr'><strong>quandoquidem</strong></span> <span class='ocrx_word' id='word_1_632' title='bbox 2500 3980 2603 4035; x_wconf 89' lang='lat' dir='ltr'><strong>hoc</strong></span> <span class='ocrx_word' id='word_1_633' title='bbox 2643 3980 2842 4035; x_wconf 88' lang='lat' dir='ltr'><strong>animal</strong></span> <span class='ocrx_word' id='word_1_634' title='bbox 2885 3991 2940 4035; x_wconf 89' lang='lat' dir='ltr'><strong>et</strong></span> <span class='ocrx_word' id='word_1_635' title='bbox 2986 3983 3121 4037; x_wconf 91' lang='lat' dir='ltr'><strong>citra</strong></span> <span class='ocrx_word' id='word_1_636' title='bbox 3161 3984 3460 4039; x_wconf 89' lang='lat' dir='ltr'><strong>molestiam</strong></span> <span class='ocrx_word' id='word_1_637' title='bbox 3498 3986 3590 4039; x_wconf 88' lang='lat' dir='ltr'><strong>de-</strong></span> 
     </span>
    </p>
   </div>
   <div class='ocr_carea' id='block_1_85' title="bbox 2012 4067 3587 4134">
    <p class='ocr_par' dir='ltr' id='par_1_85' title="bbox 2012 4067 3587 4134">
     <span class='ocr_line' id='line_1_85' title="bbox 2012 4067 3587 4134; baseline 0.007 -15"><span class='ocrx_word' id='word_1_638' title='bbox 2012 4068 2165 4134; x_wconf 89' lang='lat' dir='ltr'><strong>ponit</strong></span> <span class='ocrx_word' id='word_1_639' title='bbox 2194 4067 2398 4132; x_wconf 87' lang='lat' dir='ltr'><strong>lattam,</strong></span> <span class='ocrx_word' id='word_1_640' title='bbox 2429 4079 2483 4124; x_wconf 90' lang='lat' dir='ltr'><strong>et</strong></span> <span class='ocrx_word' id='word_1_641' title='bbox 2520 4085 2706 4125; x_wconf 86' lang='lat' dir='ltr'><strong>rursus</strong></span> <span class='ocrx_word' id='word_1_642' title='bbox 2736 4071 2892 4126; x_wconf 78' lang='lat' dir='ltr'><strong>facile</strong></span> <span class='ocrx_word' id='word_1_643' title='bbox 2919 4089 2947 4126; x_wconf 93' lang='lat' dir='ltr'><strong>a</strong></span> <span class='ocrx_word' id='word_1_644' title='bbox 2977 4083 3171 4127; x_wconf 88' lang='lat' dir='ltr'><strong>natura</strong></span> <span class='ocrx_word' id='word_1_645' title='bbox 3203 4075 3448 4129; x_wconf 87' lang='lat' dir='ltr'><strong>vestitur.</strong></span> <span class='ocrx_word' id='word_1_646' title='bbox 3482 4075 3587 4130; x_wconf 87' lang='lat' dir='ltr'><strong>Sed</strong></span> 
     </span>
    </p>
   </div>
   <div class='ocr_carea' id='block_1_86' title="bbox 2015 4156 3584 4231">
    <p class='ocr_par' dir='ltr' id='par_1_86' title="bbox 2015 4156 3584 4231">
     <span class='ocr_line' id='line_1_86' title="bbox 2015 4156 3584 4231; baseline 0.006 -23"><span class='ocrx_word' id='word_1_647' title='bbox 2015 4156 2066 4209; x_wconf 90' lang='lat' dir='ltr'><strong>in</strong></span> <span class='ocrx_word' id='word_1_648' title='bbox 2094 4156 2275 4212; x_wconf 89' lang='lat' dir='ltr'><strong>Tauro</strong></span> <span class='ocrx_word' id='word_1_649' title='bbox 2314 4168 2521 4224; x_wconf 90' lang='lat' dir='ltr'><strong>natum,</strong></span> <span class='ocrx_word' id='word_1_650' title='bbox 2562 4160 2879 4216; x_wconf 90' lang='lat' dir='ltr'><strong>tolerantem</strong></span> <span class='ocrx_word' id='word_1_651' title='bbox 2929 4176 3051 4217; x_wconf 88' lang='lat' dir='ltr'><strong>esse</strong></span> <span class='ocrx_word' id='word_1_652' title='bbox 3094 4163 3341 4221; x_wconf 85' lang='lat' dir='ltr'><strong>laborum</strong></span> <span class='ocrx_word' id='word_1_653' title='bbox 3377 4167 3584 4231; x_wconf 86' lang='lat' dir='ltr'><strong>dicunt,</strong></span> 
     </span>
    </p>
   </div>
   <div class='ocr_carea' id='block_1_87' title="bbox 2013 4250 3584 4327">
    <p class='ocr_par' dir='ltr' id='par_1_87' title="bbox 2013 4250 3584 4327">
     <span class='ocr_line' id='line_1_87' title="bbox 2013 4250 3584 4327; baseline 0.01 -28"><span class='ocrx_word' id='word_1_654' title='bbox 2013 4258 2174 4317; x_wconf 87' lang='lat' dir='ltr'><strong>atque</strong></span> <span class='ocrx_word' id='word_1_655' title='bbox 2199 4250 2447 4306; x_wconf 87' lang='lat' dir='ltr'><strong>servilem</strong></span> <span class='ocrx_word' id='word_1_656' title='bbox 2475 4270 2489 4305; x_wconf 88' lang='lat'><strong>:</strong></span> <span class='ocrx_word' id='word_1_657' title='bbox 2515 4253 2767 4320; x_wconf 88' lang='lat' dir='ltr'><strong>quoniam</strong></span> <span class='ocrx_word' id='word_1_658' title='bbox 2785 4254 2915 4323; x_wconf 79' lang='lat' dir='ltr'><strong>jugo</strong></span> <span class='ocrx_word' id='word_1_659' title='bbox 2940 4264 3125 4310; x_wconf 83' lang='lat' dir='ltr'><strong>taurus</strong></span> <span class='ocrx_word' id='word_1_660' title='bbox 3150 4258 3454 4327; x_wconf 83' lang='lat' dir='ltr'><strong>subjicitur.</strong></span> <span class='ocrx_word' id='word_1_661' title='bbox 3484 4260 3584 4325; x_wconf 89' lang='lat' dir='ltr'><strong>Qui</strong></span> 
     </span>
    </p>
   </div>
   <div class='ocr_carea' id='block_1_88' title="bbox 2012 4340 3588 4414">
    <p class='ocr_par' dir='ltr' id='par_1_88' title="bbox 2012 4340 3588 4414">
     <span class='ocr_line' id='line_1_88' title="bbox 2012 4340 3588 4414; baseline 0.006 -23"><span class='ocrx_word' id='word_1_662' title='bbox 2012 4354 2140 4395; x_wconf 90' lang='lat' dir='ltr'><strong>vero</strong></span> <span class='ocrx_word' id='word_1_663' title='bbox 2174 4340 2350 4395; x_wconf 89' lang='lat' dir='ltr'><strong>editus</strong></span> <span class='ocrx_word' id='word_1_664' title='bbox 2391 4352 2475 4396; x_wconf 91' lang='lat' dir='ltr'><strong>est</strong></span> <span class='ocrx_word' id='word_1_665' title='bbox 2529 4342 2632 4397; x_wconf 91' lang='lat' dir='ltr'><strong>sub</strong></span> <span class='ocrx_word' id='word_1_666' title='bbox 2668 4344 2986 4414; x_wconf 87' lang='lat' dir='ltr'><strong>Scorpione,</strong></span> <span class='ocrx_word' id='word_1_667' title='bbox 3022 4348 3126 4400; x_wconf 91' lang='lat' dir='ltr'><strong>erit</strong></span> <span class='ocrx_word' id='word_1_668' title='bbox 3176 4361 3487 4414; x_wconf 86' lang='lat' dir='ltr'><strong>percussor,</strong></span> <span class='ocrx_word' id='word_1_669' title='bbox 3520 4356 3588 4405; x_wconf 76' lang='lat' dir='ltr'><strong>ob</strong></span> 
     </span>
    </p>
   </div>
   <div class='ocr_carea' id='block_1_89' title="bbox 2010 4436 3583 4503">
    <p class='ocr_par' dir='ltr' id='par_1_89' title="bbox 2010 4436 3583 4503">
     <span class='ocr_line' id='line_1_89' title="bbox 2010 4436 3583 4503; baseline 0.003 -15"><span class='ocrx_word' id='word_1_670' title='bbox 2010 4448 2128 4488; x_wconf 76' lang='lat' dir='ltr'><strong>eum</strong></span> <span class='ocrx_word' id='word_1_671' title='bbox 2162 4448 2322 4503; x_wconf 89' lang='lat' dir='ltr'><strong>quam</strong></span> <span class='ocrx_word' id='word_1_672' title='bbox 2364 4450 2484 4488; x_wconf 83' lang='lat' dir='ltr'><strong>cum</strong></span> <span class='ocrx_word' id='word_1_673' title='bbox 2521 4436 2623 4488; x_wconf 91' lang='lat' dir='ltr'><strong>isto</strong></span> <span class='ocrx_word' id='word_1_674' title='bbox 2674 4436 2897 4490; x_wconf 89' lang='lat' dir='ltr'><strong>animali</strong></span> <span class='ocrx_word' id='word_1_675' title='bbox 2953 4437 3117 4491; x_wconf 89' lang='lat' dir='ltr'><strong>habet</strong></span> <span class='ocrx_word' id='word_1_676' title='bbox 3156 4439 3583 4496; x_wconf 88' lang='lat' dir='ltr'><strong>similitudinem.</strong></span> 
     </span>
    </p>
   </div>
   <div class='ocr_carea' id='block_1_90' title="bbox 342 4518 1917 4607">
    <p class='ocr_par' dir='ltr' id='par_1_90' title="bbox 342 4518 1907 4607">
     <span class='ocr_line' id='line_1_90' title="bbox 342 4518 1907 4607; baseline -0.003 -27"><span class='ocrx_word' id='word_1_677' title='bbox 342 4527 402 4579; x_wconf 81' lang='grc' dir='ltr'>ὐ</span> <span class='ocrx_word' id='word_1_678' title='bbox 437 4525 623 4597; x_wconf 78' lang='grc' dir='ltr'>Κριὸς,</span> <span class='ocrx_word' id='word_1_679' title='bbox 662 4528 754 4595; x_wconf 81' lang='grc' dir='ltr'><strong>ἀφ’</strong></span> <span class='ocrx_word' id='word_1_680' title='bbox 783 4518 843 4579; x_wconf 77' lang='grc' dir='ltr'><strong>οῦ</strong></span> <span class='ocrx_word' id='word_1_681' title='bbox 885 4525 983 4595; x_wconf 83' lang='grc' dir='ltr'>τὴν</span> <span class='ocrx_word' id='word_1_682' title='bbox 1013 4522 1222 4590; x_wconf 84' lang='grc' dir='ltr'>γένεσιν</span> <span class='ocrx_word' id='word_1_683' title='bbox 1252 4522 1345 4574; x_wconf 89' lang='grc' dir='ltr'><strong>τοῦ</strong></span> <span class='ocrx_word' id='word_1_684' title='bbox 1376 4522 1907 4607; x_wconf 14' lang='grc' dir='ltr'>ἀνθρώπουῗλαμσά-</span> 
     </span>
    </p>
   </div>
   <div class='ocr_carea' id='block_1_91' title="bbox 2019 4518 3584 4607">
    <p class='ocr_par' dir='ltr' id='par_1_91' title="bbox 2019 4524 3584 4601">
     <span class='ocr_line' id='line_1_91' title="bbox 2019 4524 3584 4601; baseline 0.008 -24"><span class='ocrx_word' id='word_1_685' title='bbox 2019 4524 2111 4590; x_wconf 85' lang='lat' dir='ltr'><strong>Qui</strong></span> <span class='ocrx_word' id='word_1_686' title='bbox 2159 4535 2337 4580; x_wconf 90' lang='lat' dir='ltr'><strong>autem</strong></span> <span class='ocrx_word' id='word_1_687' title='bbox 2382 4527 2432 4580; x_wconf 93' lang='lat' dir='ltr'><strong>in</strong></span> <span class='ocrx_word' id='word_1_688' title='bbox 2467 4525 2627 4580; x_wconf 85' lang='lat' dir='ltr'><strong>Libra</strong></span> <span class='ocrx_word' id='word_1_689' title='bbox 2675 4537 2833 4582; x_wconf 91' lang='lat' dir='ltr'><strong>natus</strong></span> <span class='ocrx_word' id='word_1_690' title='bbox 2882 4535 2984 4593; x_wconf 89' lang='lat' dir='ltr'><strong>est,</strong></span> <span class='ocrx_word' id='word_1_691' title='bbox 3023 4527 3238 4584; x_wconf 81' lang='lat' dir='ltr'><strong>futurus</strong></span> <span class='ocrx_word' id='word_1_692' title='bbox 3273 4541 3359 4585; x_wconf 90' lang='lat' dir='ltr'><strong>est</strong></span> <span class='ocrx_word' id='word_1_693' title='bbox 3387 4534 3584 4601; x_wconf 86' lang='lat' dir='ltr'><strong>justus.</strong></span> 
     </span>
    </p>
   </div>
   <div class='ocr_carea' id='block_1_92' title="bbox 330 4606 1900 4684">
    <p class='ocr_par' dir='ltr' id='par_1_92' title="bbox 330 4606 1900 4684">
     <span class='ocr_line' id='line_1_92' title="bbox 330 4606 1900 4684; baseline -0.001 -17"><span class='ocrx_word' id='word_1_694' title='bbox 330 4632 463 4678; x_wconf 86' lang='grc' dir='ltr'>νεις,</span> <span class='ocrx_word' id='word_1_695' title='bbox 497 4614 728 4684; x_wconf 84' lang='grc' dir='ltr'>ούρανοῦ</span> <span class='ocrx_word' id='word_1_696' title='bbox 766 4614 930 4684; x_wconf 82' lang='grc' dir='ltr'>μέρος</span> <span class='ocrx_word' id='word_1_697' title='bbox 975 4613 1090 4664; x_wconf 68' lang='grc' dir='ltr'>ἐστὶ</span> <span class='ocrx_word' id='word_1_698' title='bbox 1118 4610 1178 4663; x_wconf 85' lang='grc' dir='ltr'>τὸ</span> <span class='ocrx_word' id='word_1_699' title='bbox 1219 4611 1541 4677; x_wconf 85' lang='grc' dir='ltr'>δωδέκατον,</span> <span class='ocrx_word' id='word_1_700' title='bbox 1570 4615 1627 4665; x_wconf 84' lang='grc' dir='ltr'>ὲν</span> <span class='ocrx_word' id='word_1_701' title='bbox 1658 4606 1702 4680; x_wconf 83' lang='grc' dir='ltr'><strong>ᾧ</strong></span> <span class='ocrx_word' id='word_1_702' title='bbox 1751 4613 1900 4681; x_wconf 76' lang='grc' dir='ltr'>γενό-</span> 
     </span>
    </p>
   </div>
   <div class='ocr_carea' id='block_1_93' title="bbox 333 4703 1899 4778">
    <p class='ocr_par' dir='ltr' id='par_1_93' title="bbox 333 4703 1899 4778">
     <span class='ocr_line' id='line_1_93' title="bbox 333 4703 1899 4778; baseline -0.003 -17"><span class='ocrx_word' id='word_1_703' title='bbox 333 4725 492 4778; x_wconf 82' lang='grc' dir='ltr'>μενος</span> <span class='ocrx_word' id='word_1_704' title='bbox 532 4709 561 4761; x_wconf 87' lang='grc' dir='ltr'><strong>ό</strong></span> <span class='ocrx_word' id='word_1_705' title='bbox 603 4708 752 4778; x_wconf 73' lang='grc' dir='ltr'>ἥλιος</span> <span class='ocrx_word' id='word_1_706' title='bbox 792 4706 901 4759; x_wconf 87' lang='grc' dir='ltr'><strong>τῶν</strong></span> <span class='ocrx_word' id='word_1_707' title='bbox 954 4704 1184 4776; x_wconf 80' lang='grc' dir='ltr'>ἐαρινῶν</span> <span class='ocrx_word' id='word_1_708' title='bbox 1216 4704 1455 4773; x_wconf 87' lang='grc' dir='ltr'>σημείων</span> <span class='ocrx_word' id='word_1_709' title='bbox 1501 4703 1732 4759; x_wconf 79' lang='grc' dir='ltr'>ἅπτεται</span> <span class='ocrx_word' id='word_1_710' title='bbox 1766 4705 1899 4774; x_wconf 77' lang='grc'><strong>(28).</strong></span> 
     </span>
    </p>
   </div>
   <div class='ocr_carea' id='block_1_94' title="bbox 330 4797 1904 4870">
    <p class='ocr_par' dir='ltr' id='par_1_94' title="bbox 330 4797 1904 4870">
     <span class='ocr_line' id='line_1_94' title="bbox 330 4797 1904 4870; baseline -0.003 -15"><span class='ocrx_word' id='word_1_711' title='bbox 330 4802 441 4855; x_wconf 72' lang='grc' dir='ltr'><strong>Καὶ</strong></span> <span class='ocrx_word' id='word_1_712' title='bbox 479 4799 667 4868; x_wconf 81' lang='grc' dir='ltr'>Ζυγδς,</span> <span class='ocrx_word' id='word_1_713' title='bbox 698 4800 791 4851; x_wconf 82' lang='grc' dir='ltr'>καὶ</span> <span class='ocrx_word' id='word_1_714' title='bbox 833 4797 1043 4870; x_wconf 83' lang='grc' dir='ltr'>Ταῦρος</span> <span class='ocrx_word' id='word_1_715' title='bbox 1082 4798 1373 4860; x_wconf 81' lang='grc' dir='ltr'>ὡσαύτως,</span> <span class='ocrx_word' id='word_1_716' title='bbox 1424 4798 1653 4851; x_wconf 77' lang='grc' dir='ltr'>ἕκαστον</span> <span class='ocrx_word' id='word_1_717' title='bbox 1700 4799 1904 4853; x_wconf 89' lang='grc' dir='ltr'>τούτων</span> 
     </span>
    </p>
   </div>
   <div class='ocr_carea' id='block_1_95' title="bbox 328 4870 1905 4963">
    <p class='ocr_par' dir='ltr' id='par_1_95' title="bbox 328 4870 1905 4963">
     <span class='ocr_line' id='line_1_95' title="bbox 328 4870 1905 4963; baseline -0.002 -17"><span class='ocrx_word' id='word_1_718' title='bbox 328 4870 793 4963; x_wconf 79' lang='grc' dir='ltr'>δωδεκατημόριόν</span> <span class='ocrx_word' id='word_1_719' title='bbox 846 4892 961 4943; x_wconf 74' lang='grc' dir='ltr'>ἐστι</span> <span class='ocrx_word' id='word_1_720' title='bbox 994 4889 1087 4942; x_wconf 87' lang='grc' dir='ltr'><strong>τοῦ</strong></span> <span class='ocrx_word' id='word_1_721' title='bbox 1138 4889 1402 4951; x_wconf 76' lang='grc' dir='ltr'>ζωδιακοῦ</span> <span class='ocrx_word' id='word_1_722' title='bbox 1462 4890 1755 4957; x_wconf 83' lang='grc' dir='ltr'>λεγομένου</span> <span class='ocrx_word' id='word_1_723' title='bbox 1811 4890 1905 4943; x_wconf 89' lang='grc' dir='ltr'>κύ-</span> 
     </span>
    </p>
   </div>
   <div class='ocr_carea' id='block_1_96' title="bbox 402 5046 1897 5121">
    <p class='ocr_par' dir='ltr' id='par_1_96' title="bbox 402 5046 1897 5121">
     <span class='ocr_line' id='line_1_96' title="bbox 402 5046 1897 5121; baseline -0.004 -15"><span class='ocrx_word' id='word_1_724' title='bbox 402 5051 514 5121; x_wconf 85' lang='grc'><strong>(20)</strong></span> <span class='ocrx_word' id='word_1_725' title='bbox 555 5052 647 5107; x_wconf 82' lang='lat' dir='ltr'><strong>Sic</strong></span> <span class='ocrx_word' id='word_1_726' title='bbox 692 5048 855 5121; x_wconf 68' lang='lat' dir='ltr'><strong>editio</strong></span> <span class='ocrx_word' id='word_1_727' title='bbox 892 5046 1069 5121; x_wconf 76' lang='lat' dir='ltr'><strong>_Basil.</strong></span> <span class='ocrx_word' id='word_1_728' title='bbox 1120 5055 1175 5099; x_wconf 89' lang='lat' dir='ltr'><strong>et</strong></span> <span class='ocrx_word' id='word_1_729' title='bbox 1224 5046 1391 5100; x_wconf 87' lang='lat' dir='ltr'><strong>nostri</strong></span> <span class='ocrx_word' id='word_1_730' title='bbox 1433 5055 1634 5115; x_wconf 88' lang='lat' dir='ltr'><strong>septem</strong></span> <span class='ocrx_word' id='word_1_731' title='bbox 1664 5062 1789 5101; x_wconf 89' lang='lat' dir='ltr'><strong>mss.</strong></span> <span class='ocrx_word' id='word_1_732' title='bbox 1828 5048 1897 5101; x_wconf 78' lang='lat' dir='ltr'><strong>At</strong></span> 
     </span>
    </p>
   </div>
   <div class='ocr_carea' id='block_1_97' title="bbox 323 5114 1007 5176">
    <p class='ocr_par' dir='ltr' id='par_1_97' title="bbox 323 5114 1007 5176">
     <span class='ocr_line' id='line_1_97' title="bbox 323 5114 1007 5176; baseline -0.007 0"><span class='ocrx_word' id='word_1_733' title='bbox 323 5114 506 5176; x_wconf 27' lang='lat' dir='ltr'><strong>edi‘tio&#39;</strong></span> <span class='ocrx_word' id='word_1_734' title='bbox 524 5121 693 5175; x_wconf 77' lang='lat' dir='ltr'><strong>Paris.</strong></span> <span class='ocrx_word' id='word_1_735' title='bbox 722 5115 838 5171; x_wconf 77' lang='grc' dir='ltr'>εἶτα</span> <span class='ocrx_word' id='word_1_736' title='bbox 865 5114 1007 5171; x_wconf 79' lang='grc' dir='ltr'>εἶπε.</span> 
     </span>
    </p>
   </div>
   <div class='ocr_carea' id='block_1_98' title="bbox 397 5188 1144 5261">
    <p class='ocr_par' dir='ltr' id='par_1_98' title="bbox 397 5188 1144 5261">
     <span class='ocr_line' id='line_1_98' title="bbox 397 5188 1144 5261; baseline -0.007 -17"><span class='ocrx_word' id='word_1_737' title='bbox 397 5191 512 5261; x_wconf 81' lang='grc'><strong>(21)</strong></span> <span class='ocrx_word' id='word_1_738' title='bbox 539 5190 670 5260; x_wconf 69' lang='lat' dir='ltr'><strong>Reg.</strong></span> <span class='ocrx_word' id='word_1_739' title='bbox 710 5190 967 5261; x_wconf 55' lang='lat' dir='ltr'><strong>sextus}!</strong></span> <span class='ocrx_word' id='word_1_740' title='bbox 988 5188 1144 5261; x_wconf 76' lang='grc' dir='ltr'>τύχῃ.</span> 
     </span>
    </p>
   </div>
   <div class='ocr_carea' id='block_1_99' title="bbox 400 5258 1896 5330">
    <p class='ocr_par' dir='ltr' id='par_1_99' title="bbox 400 5258 1896 5330">
     <span class='ocr_line' id='line_1_99' title="bbox 400 5258 1896 5330; baseline -0.001 -17"><span class='ocrx_word' id='word_1_741' title='bbox 400 5258 513 5328; x_wconf 81' lang='grc'><strong>(22)</strong></span> <span class='ocrx_word' id='word_1_742' title='bbox 552 5258 643 5313; x_wconf 68' lang='grc' dir='ltr'>Ιιεί</span> <span class='ocrx_word' id='word_1_743' title='bbox 680 5260 859 5330; x_wconf 76' lang='lat' dir='ltr'><strong>editin_</strong></span> <span class='ocrx_word' id='word_1_744' title='bbox 888 5258 1054 5330; x_wconf 72' lang='lat' dir='ltr'><strong>Basil.</strong></span> <span class='ocrx_word' id='word_1_745' title='bbox 1109 5269 1163 5330; x_wconf 86' lang='lat' dir='ltr'><strong>et</strong></span> <span class='ocrx_word' id='word_1_746' title='bbox 1199 5262 1435 5330; x_wconf 87' lang='lat' dir='ltr'><strong>quinque</strong></span> <span class='ocrx_word' id='word_1_747' title='bbox 1467 5272 1598 5313; x_wconf 89' lang='lat' dir='ltr'><strong>mss.</strong></span> <span class='ocrx_word' id='word_1_748' title='bbox 1641 5271 1670 5310; x_wconf 91' lang='lat' dir='ltr'><strong>e</strong></span> <span class='ocrx_word' id='word_1_749' title='bbox 1697 5258 1896 5311; x_wconf 88' lang='lat' dir='ltr'><strong>nostris</strong></span> 
     </span>
    </p>
   </div>
   <div class='ocr_carea' id='block_1_100' title="bbox 327 5327 1582 5402">
    <p class='ocr_par' dir='ltr' id='par_1_100' title="bbox 327 5327 1582 5402">
     <span class='ocr_line' id='line_1_100' title="bbox 327 5327 1582 5402; baseline -0.002 -20"><span class='ocrx_word' id='word_1_750' title='bbox 327 5327 523 5402; x_wconf 60' lang='lat' dir='ltr'><strong>prater</strong></span> <span class='ocrx_word' id='word_1_751' title='bbox 544 5329 797 5402; x_wconf 56' lang='lat' dir='ltr'><strong>gombef.</strong></span> <span class='ocrx_word' id='word_1_752' title='bbox 816 5327 1003 5402; x_wconf 64' lang='grc' dir='ltr'><strong>ΔΙξῖιίίιίρ</strong></span> <span class='ocrx_word' id='word_1_753' title='bbox 1019 5328 1189 5402; x_wconf 61' lang='lat' dir='ltr'><strong>Paris.</strong></span> <span class='ocrx_word' id='word_1_754' title='bbox 1216 5327 1365 5385; x_wconf 67' lang='grc' dir='ltr'>’κατὰ</span> <span class='ocrx_word' id='word_1_755' title='bbox 1392 5331 1582 5384; x_wconf 79' lang='grc' dir='ltr'>πόσου.</span> 
     </span>
    </p>
   </div>
   <div class='ocr_carea' id='block_1_101' title="bbox 398 5397 1892 5468">
    <p class='ocr_par' dir='ltr' id='par_1_101' title="bbox 398 5397 1892 5468">
     <span class='ocr_line' id='line_1_101' title="bbox 398 5397 1892 5468; baseline -0.003 -14"><span class='ocrx_word' id='word_1_756' title='bbox 398 5400 513 5468; x_wconf 78' lang='grc'><strong>(23)</strong></span> <span class='ocrx_word' id='word_1_757' title='bbox 543 5398 737 5468; x_wconf 79' lang='lat' dir='ltr'><strong>Nostra</strong></span> <span class='ocrx_word' id='word_1_758' title='bbox 765 5398 930 5453; x_wconf 87' lang='lat' dir='ltr'><strong>editio</strong></span> <span class='ocrx_word' id='word_1_759' title='bbox 973 5398 1133 5453; x_wconf 83' lang='lat' dir='ltr'><strong>Basil.</strong></span> <span class='ocrx_word' id='word_1_760' title='bbox 1165 5414 1285 5455; x_wconf 90' lang='lat' dir='ltr'><strong>cum</strong></span> <span class='ocrx_word' id='word_1_761' title='bbox 1338 5413 1544 5468; x_wconf 82' lang='lat' dir='ltr'><strong>septem</strong></span> <span class='ocrx_word' id='word_1_762' title='bbox 1599 5411 1729 5451; x_wconf 87' lang='lat' dir='ltr'><strong>mss.</strong></span> <span class='ocrx_word' id='word_1_763' title='bbox 1757 5397 1892 5450; x_wconf 87' lang='grc' dir='ltr'>διαι-</span> 
     </span>
    </p>
   </div>
   <div class='ocr_carea' id='block_1_102' title="bbox 327 5467 1893 5541">
    <p class='ocr_par' dir='ltr' id='par_1_102' title="bbox 327 5467 1893 5541">
     <span class='ocr_line' id='line_1_102' title="bbox 327 5467 1893 5541; baseline -0.006 -16"><span class='ocrx_word' id='word_1_764' title='bbox 327 5470 538 5541; x_wconf 76' lang='grc' dir='ltr'>ρεῖσθαι</span> <span class='ocrx_word' id='word_1_765' title='bbox 558 5467 659 5541; x_wconf 67' lang='grc' dir='ltr'><strong>τὴν</strong></span> <span class='ocrx_word' id='word_1_766' title='bbox 688 5470 903 5540; x_wconf 77' lang='grc' dir='ltr'>μοῖραν.</span> <span class='ocrx_word' id='word_1_767' title='bbox 922 5468 1097 5525; x_wconf 87' lang='lat' dir='ltr'><strong>Editio</strong></span> <span class='ocrx_word' id='word_1_768' title='bbox 1122 5468 1292 5525; x_wconf 67' lang='lat' dir='ltr'><strong>Paris.</strong></span> <span class='ocrx_word' id='word_1_769' title='bbox 1314 5467 1635 5541; x_wconf 84' lang='grc' dir='ltr'>διαιρεῖσθαι</span> <span class='ocrx_word' id='word_1_770' title='bbox 1659 5468 1893 5536; x_wconf 78' lang='grc' dir='ltr'>ἑκάστην</span> 
     </span>
    </p>
   </div>
   <div class='ocr_carea' id='block_1_103' title="bbox 324 5538 888 5613">
    <p class='ocr_par' dir='ltr' id='par_1_103' title="bbox 324 5538 888 5613">
     <span class='ocr_line' id='line_1_103' title="bbox 324 5538 888 5613; baseline 0 0"><span class='ocrx_word' id='word_1_771' title='bbox 324 5538 650 5613; x_wconf 52' lang='lat' dir='ltr'><strong>spissam?</strong></span> <span class='ocrx_word' id='word_1_772' title='bbox 666 5538 888 5613; x_wconf 53' lang='grc' dir='ltr'>,μοῖραντ</span> 
     </span>
    </p>
   </div>
   <div class='ocr_carea' id='block_1_104' title="bbox 396 5556 1895 5694">
    <p class='ocr_par' dir='ltr' id='par_1_104' title="bbox 396 5556 1895 5694">
     <span class='ocr_line' id='line_1_104' title="bbox 398 5556 888 5660; baseline -0.006 -65"><span class='ocrx_word' id='word_1_773' title='bbox 398 5556 650 5609; x_wconf 79' lang='grc' dir='ltr'>ιακοστην</span> <span class='ocrx_word' id='word_1_774' title='bbox 676 5556 888 5660; x_wconf 52' lang='grc' dir='ltr'>μοἮαν.</span> 
     </span>
     <span class='ocr_line' id='line_1_105' title="bbox 396 5607 1895 5694; baseline -0.003 -30"><span class='ocrx_word' id='word_1_775' title='bbox 396 5612 508 5694; x_wconf 60' lang='lat' dir='ltr'><strong>(id)</strong></span> <span class='ocrx_word' id='word_1_776' title='bbox 540 5608 718 5694; x_wconf 43' lang='lat' dir='ltr'><strong>Et‘lill—Q</strong></span> <span class='ocrx_word' id='word_1_777' title='bbox 746 5692 752 5694; x_wconf 19' lang='grc' dir='ltr'><strong><em>Δ</em></strong></span> <span class='ocrx_word' id='word_1_778' title='bbox 798 5609 917 5694; x_wconf 51' lang='grc' dir='ltr'>αξη.</span> <span class='ocrx_word' id='word_1_779' title='bbox 954 5617 1019 5694; x_wconf 73' lang='lat' dir='ltr'><strong>_et</strong></span> <span class='ocrx_word' id='word_1_780' title='bbox 1051 5607 1201 5691; x_wconf 78' lang='lat' dir='ltr'><strong>Bodl.</strong></span> <span class='ocrx_word' id='word_1_781' title='bbox 1233 5626 1352 5694; x_wconf 72' lang='lat' dir='ltr'><strong>eum</strong></span> <span class='ocrx_word' id='word_1_782' title='bbox 1400 5609 1580 5694; x_wconf 50' lang='lat' dir='ltr'><strong>liegiis</strong></span> <span class='ocrx_word' id='word_1_783' title='bbox 1620 5610 1895 5694; x_wconf 40' lang='lat' dir='ltr'><strong>primam</strong></span> 
     </span>
    </p>
   </div>
   <div class='ocr_carea' id='block_1_105' title="bbox 364 5676 1892 5746">
    <p class='ocr_par' dir='ltr' id='par_1_105' title="bbox 364 5676 1892 5746">
     <span class='ocr_line' id='line_1_106' title="bbox 364 5676 1892 5746; baseline -0.004 -11"><span class='ocrx_word' id='word_1_784' title='bbox 364 5676 514 5735; x_wconf 85' lang='lat' dir='ltr'><strong>uinto</strong></span> <span class='ocrx_word' id='word_1_785' title='bbox 558 5688 612 5733; x_wconf 91' lang='lat' dir='ltr'><strong>et</strong></span> <span class='ocrx_word' id='word_1_786' title='bbox 654 5692 778 5730; x_wconf 88' lang='lat' dir='ltr'><strong>cum</strong></span> <span class='ocrx_word' id='word_1_787' title='bbox 822 5676 990 5733; x_wconf 87' lang='lat' dir='ltr'><strong>Coisl.</strong></span> <span class='ocrx_word' id='word_1_788' title='bbox 1036 5681 1209 5746; x_wconf 90' lang='lat' dir='ltr'><strong>primo</strong></span> <span class='ocrx_word' id='word_1_789' title='bbox 1249 5676 1659 5733; x_wconf 69' lang='grc' dir='ltr'>ἀποτελεστικὰ.</span> <span class='ocrx_word' id='word_1_790' title='bbox 1718 5680 1892 5732; x_wconf 77' lang='grc' dir='ltr'>ΕιΙίιίο</span> 
     </span>
    </p>
   </div>
   <div class='ocr_carea' id='block_1_106' title="bbox 365 5747 1613 5820">
    <p class='ocr_par' dir='ltr' id='par_1_106' title="bbox 365 5747 1613 5820">
     <span class='ocr_line' id='line_1_107' title="bbox 365 5747 1613 5820; baseline -0.004 -16"><span class='ocrx_word' id='word_1_791' title='bbox 365 5752 493 5804; x_wconf 77' lang='lat' dir='ltr'><strong>aris.</strong></span> <span class='ocrx_word' id='word_1_792' title='bbox 524 5764 645 5820; x_wconf 82' lang='lat' dir='ltr'><strong>cum</strong></span> <span class='ocrx_word' id='word_1_793' title='bbox 667 5747 933 5820; x_wconf 76' lang='lat' dir='ltr'><strong>nonnullis</strong></span> <span class='ocrx_word' id='word_1_794' title='bbox 966 5764 1091 5802; x_wconf 87' lang='lat' dir='ltr'><strong>mss.</strong></span> <span class='ocrx_word' id='word_1_795' title='bbox 1120 5750 1613 5820; x_wconf 64' lang='grc' dir='ltr'>ἀποτελεσματῑκὰ.</span> 
     </span>
    </p>
   </div>
   <div class='ocr_carea' id='block_1_107' title="bbox 396 5816 1885 5891">
    <p class='ocr_par' dir='ltr' id='par_1_107' title="bbox 396 5816 1885 5891">
     <span class='ocr_line' id='line_1_108' title="bbox 396 5816 1885 5891; baseline -0.003 -20"><span class='ocrx_word' id='word_1_796' title='bbox 396 5820 508 5891; x_wconf 71' lang='grc'><strong>(25)</strong></span> <span class='ocrx_word' id='word_1_797' title='bbox 539 5818 679 5875; x_wconf 77' lang='lat' dir='ltr'><strong>Edili</strong></span> <span class='ocrx_word' id='word_1_798' title='bbox 709 5816 860 5885; x_wconf 80' lang='grc' dir='ltr'>φασί,</span> <span class='ocrx_word' id='word_1_799' title='bbox 910 5832 1037 5871; x_wconf 85' lang='lat' dir='ltr'><strong>mSS.</strong></span> <span class='ocrx_word' id='word_1_800' title='bbox 1083 5822 1233 5890; x_wconf 84' lang='grc' dir='ltr'>φησί.</span> <span class='ocrx_word' id='word_1_801' title='bbox 1291 5816 1407 5875; x_wconf 74' lang='lat' dir='ltr'><strong>Mox</strong></span> <span class='ocrx_word' id='word_1_802' title='bbox 1454 5822 1615 5877; x_wconf 78' lang='lat' dir='ltr'><strong>cdilin</strong></span> <span class='ocrx_word' id='word_1_803' title='bbox 1649 5820 1807 5875; x_wconf 64' lang='lat'><strong>[3455].</strong></span> <span class='ocrx_word' id='word_1_804' title='bbox 1841 5831 1885 5872; x_wconf 76' lang='lat' dir='ltr'><strong>ct</strong></span> 
     </span>
    </p>
   </div>
   <div class='ocr_carea' id='block_1_108' title="bbox 604 5914 1301 5980">
    <p class='ocr_par' dir='ltr' id='par_1_108' title="bbox 604 5914 1301 5980">
     <span class='ocr_line' id='line_1_109' title="bbox 604 5914 1301 5980; baseline 0.006 -4"><span class='ocrx_word' id='word_1_805' title='bbox 604 5915 875 5979; x_wconf 71' lang='grc' dir='ltr'>Ρηιιοι..</span> <span class='ocrx_word' id='word_1_806' title='bbox 911 5914 1027 5977; x_wconf 84' lang='lat' dir='ltr'><strong>Gtt.</strong></span> <span class='ocrx_word' id='word_1_807' title='bbox 1064 5917 1301 5980; x_wconf 74' lang='lat' dir='ltr'><strong>XXIX.</strong></span> 
     </span>
    </p>
   </div>
   <div class='ocr_carea' id='block_1_109' title="bbox 2012 4618 3586 4690">
    <p class='ocr_par' dir='ltr' id='par_1_109' title="bbox 2012 4618 3586 4690">
     <span class='ocr_line' id='line_1_110' title="bbox 2012 4618 3586 4690; baseline 0.004 -19"><span class='ocrx_word' id='word_1_808' title='bbox 2012 4628 2232 4686; x_wconf 87' lang='lat' dir='ltr'><strong>propter</strong></span> <span class='ocrx_word' id='word_1_809' title='bbox 2279 4618 2536 4673; x_wconf 88' lang='lat' dir='ltr'><strong>librarum</strong></span> <span class='ocrx_word' id='word_1_810' title='bbox 2580 4620 2718 4688; x_wconf 86' lang='lat' dir='ltr'><strong>apud</strong></span> <span class='ocrx_word' id='word_1_811' title='bbox 2761 4635 2859 4673; x_wconf 91' lang='lat' dir='ltr'><strong>nos</strong></span> <span class='ocrx_word' id='word_1_812' title='bbox 2893 4621 3279 4688; x_wconf 59' lang='lat' dir='ltr'><strong>atqualitatem.</strong></span> <span class='ocrx_word' id='word_1_813' title='bbox 3325 4623 3461 4690; x_wconf 88' lang='lat' dir='ltr'><strong>Quid</strong></span> <span class='ocrx_word' id='word_1_814' title='bbox 3506 4627 3586 4678; x_wconf 70' lang='lat' dir='ltr'><strong>his</strong></span> 
     </span>
    </p>
   </div>
   <div class='ocr_carea' id='block_1_110' title="bbox 2012 4708 3583 4783">
    <p class='ocr_par' dir='ltr' id='par_1_110' title="bbox 2012 4708 3583 4783">
     <span class='ocr_line' id='line_1_111' title="bbox 2012 4708 3583 4783; baseline 0.006 -22"><span class='ocrx_word' id='word_1_815' title='bbox 2012 4708 2184 4777; x_wconf 78' lang='lat' dir='ltr'><strong>magis</strong></span> <span class='ocrx_word' id='word_1_816' title='bbox 2219 4709 2504 4763; x_wconf 88' lang='lat' dir='ltr'><strong>ridiculum</strong></span> <span class='ocrx_word' id='word_1_817' title='bbox 2546 4725 2667 4765; x_wconf 88' lang='lat' dir='ltr'><strong>esse</strong></span> <span class='ocrx_word' id='word_1_818' title='bbox 2698 4711 2909 4777; x_wconf 87' lang='lat' dir='ltr'><strong>possit?</strong></span> <span class='ocrx_word' id='word_1_819' title='bbox 2944 4712 3101 4767; x_wconf 76' lang='lat' dir='ltr'><strong>Aries</strong></span> <span class='ocrx_word' id='word_1_820' title='bbox 3143 4714 3252 4776; x_wconf 90' lang='lat' dir='ltr'><strong>ille,</strong></span> <span class='ocrx_word' id='word_1_821' title='bbox 3287 4731 3316 4768; x_wconf 87' lang='lat' dir='ltr'><strong>a</strong></span> <span class='ocrx_word' id='word_1_822' title='bbox 3345 4731 3453 4783; x_wconf 89' lang='lat' dir='ltr'><strong>quo</strong></span> <span class='ocrx_word' id='word_1_823' title='bbox 3490 4719 3583 4771; x_wconf 90' lang='lat' dir='ltr'><strong>ho-</strong></span> 
     </span>
    </p>
   </div>
   <div class='ocr_carea' id='block_1_111' title="bbox 2014 4798 3578 4871">
    <p class='ocr_par' dir='ltr' id='par_1_111' title="bbox 2014 4798 3578 4871">
     <span class='ocr_line' id='line_1_112' title="bbox 2014 4798 3578 4871; baseline 0.004 -22"><span class='ocrx_word' id='word_1_824' title='bbox 2014 4798 2174 4853; x_wconf 89' lang='lat' dir='ltr'><strong>minis</strong></span> <span class='ocrx_word' id='word_1_825' title='bbox 2224 4799 2454 4852; x_wconf 87' lang='lat' dir='ltr'><strong>natalem</strong></span> <span class='ocrx_word' id='word_1_826' title='bbox 2501 4799 2762 4865; x_wconf 87' lang='lat' dir='ltr'><strong>desumis,</strong></span> <span class='ocrx_word' id='word_1_827' title='bbox 2794 4800 2914 4854; x_wconf 86' lang='lat' dir='ltr'><strong>coeli</strong></span> <span class='ocrx_word' id='word_1_828' title='bbox 2948 4816 3072 4871; x_wconf 89' lang='lat' dir='ltr'><strong>pars</strong></span> <span class='ocrx_word' id='word_1_829' title='bbox 3119 4798 3203 4857; x_wconf 81' lang='lat' dir='ltr'><strong>e‘st</strong></span> <span class='ocrx_word' id='word_1_830' title='bbox 3245 4805 3578 4869; x_wconf 65' lang='lat' dir='ltr'><strong>duodecima</strong></span> 
     </span>
    </p>
   </div>
   <div class='ocr_carea' id='block_1_112' title="bbox 2013 4892 3580 4968">
    <p class='ocr_par' dir='ltr' id='par_1_112' title="bbox 2013 4892 3580 4968">
     <span class='ocr_line' id='line_1_113' title="bbox 2013 4892 3580 4968; baseline 0.004 -23"><span class='ocrx_word' id='word_1_831' title='bbox 2013 4893 2065 4945; x_wconf 91' lang='lat' dir='ltr'><strong>in</strong></span> <span class='ocrx_word' id='word_1_832' title='bbox 2092 4906 2195 4960; x_wconf 89' lang='lat' dir='ltr'><strong>qua</strong></span> <span class='ocrx_word' id='word_1_833' title='bbox 2222 4908 2343 4947; x_wconf 89' lang='lat' dir='ltr'><strong>cum</strong></span> <span class='ocrx_word' id='word_1_834' title='bbox 2376 4892 2536 4946; x_wconf 81' lang='lat' dir='ltr'><strong>fuerit</strong></span> <span class='ocrx_word' id='word_1_835' title='bbox 2560 4894 2661 4959; x_wconf 87' lang='lat' dir='ltr'><strong>sol,</strong></span> <span class='ocrx_word' id='word_1_836' title='bbox 2692 4908 2855 4948; x_wconf 86' lang='lat' dir='ltr'><strong>verna</strong></span> <span class='ocrx_word' id='word_1_837' title='bbox 2884 4894 3032 4963; x_wconf 80' lang='lat' dir='ltr'><strong>signa</strong></span> <span class='ocrx_word' id='word_1_838' title='bbox 3066 4897 3301 4968; x_wconf 75' lang='lat' dir='ltr'><strong>attingit.</strong></span> <span class='ocrx_word' id='word_1_839' title='bbox 3337 4899 3400 4953; x_wconf 85' lang='lat' dir='ltr'><strong>Et</strong></span> <span class='ocrx_word' id='word_1_840' title='bbox 3423 4898 3580 4954; x_wconf 83' lang='lat' dir='ltr'><strong>Libra</strong></span> 
     </span>
    </p>
   </div>
   <div class='ocr_carea' id='block_1_113' title="bbox 2003 5049 3578 5130">
    <p class='ocr_par' dir='ltr' id='par_1_113' title="bbox 2003 5049 3578 5130">
     <span class='ocr_line' id='line_1_114' title="bbox 2003 5049 3578 5130; baseline 0.006 -29"><span class='ocrx_word' id='word_1_841' title='bbox 2003 5049 2411 5130; x_wconf 51' lang='lat' dir='ltr'><strong>nostrinseptem</strong></span> <span class='ocrx_word' id='word_1_842' title='bbox 2456 5050 2772 5130; x_wconf 49' lang='lat' dir='ltr'><strong>11155..)tptt?)</strong></span> <span class='ocrx_word' id='word_1_843' title='bbox 2812 5051 2939 5122; x_wconf 84' lang='grc' dir='ltr'>γάρ.</span> <span class='ocrx_word' id='word_1_844' title='bbox 2990 5053 3165 5109; x_wconf 79' lang='lat' dir='ltr'><strong>Editio</strong></span> <span class='ocrx_word' id='word_1_845' title='bbox 3210 5055 3383 5111; x_wconf 80' lang='lat' dir='ltr'><strong>Paris.</strong></span> <span class='ocrx_word' id='word_1_846' title='bbox 3425 5058 3578 5130; x_wconf 82' lang='grc' dir='ltr'>κριοῦ</span> 
     </span>
    </p>
   </div>
   <div class='ocr_carea' id='block_1_114' title="bbox 2002 5117 2677 5191">
    <p class='ocr_par' dir='ltr' id='par_1_114' title="bbox 2002 5117 2677 5191">
     <span class='ocr_line' id='line_1_115' title="bbox 2002 5117 2677 5191; baseline 0.006 -22"><span class='ocrx_word' id='word_1_847' title='bbox 2002 5118 2128 5191; x_wconf 82' lang='grc' dir='ltr'>γάρ.</span> <span class='ocrx_word' id='word_1_848' title='bbox 2141 5117 2317 5191; x_wconf 52' lang='grc' dir='ltr'><strong>⁸Βρεη.</strong></span> <span class='ocrx_word' id='word_1_849' title='bbox 2350 5121 2520 5189; x_wconf 86' lang='grc' dir='ltr'>κριῶν</span> <span class='ocrx_word' id='word_1_850' title='bbox 2552 5117 2677 5191; x_wconf 68' lang='grc' dir='ltr'>γάρ.</span> 
     </span>
    </p>
   </div>
   <div class='ocr_carea' id='block_1_115' title="bbox 2072 5186 3572 5263">
    <p class='ocr_par' dir='ltr' id='par_1_115' title="bbox 2072 5186 3572 5263">
     <span class='ocr_line' id='line_1_116' title="bbox 2072 5186 3572 5263; baseline 0.007 -23"><span class='ocrx_word' id='word_1_851' title='bbox 2072 5186 2184 5257; x_wconf 80' lang='grc'><strong>(26)</strong></span> <span class='ocrx_word' id='word_1_852' title='bbox 2220 5186 2680 5263; x_wconf 75' lang='lat' dir='ltr'><strong>Variaitt_e:liti__et</strong></span> <span class='ocrx_word' id='word_1_853' title='bbox 2709 5205 2838 5263; x_wconf 80' lang='lat' dir='ltr'><strong>mss_.</strong></span> <span class='ocrx_word' id='word_1_854' title='bbox 2877 5193 3052 5245; x_wconf 85' lang='lat' dir='ltr'><strong>Editio</strong></span> <span class='ocrx_word' id='word_1_855' title='bbox 3084 5192 3254 5249; x_wconf 72' lang='lat' dir='ltr'><strong>Paris.</strong></span> <span class='ocrx_word' id='word_1_856' title='bbox 3293 5214 3410 5250; x_wconf 88' lang='lat' dir='ltr'><strong>cum</strong></span> <span class='ocrx_word' id='word_1_857' title='bbox 3442 5198 3572 5263; x_wconf 65' lang='grc' dir='ltr'>ηομ.</span> 
     </span>
    </p>
   </div>
   <div class='ocr_carea' id='block_1_116' title="bbox 2000 5258 3578 5336">
    <p class='ocr_par' dir='ltr' id='par_1_116' title="bbox 2000 5258 3578 5336">
     <span class='ocr_line' id='line_1_117' title="bbox 2000 5258 3578 5336; baseline 0.004 -26"><span class='ocrx_word' id='word_1_858' title='bbox 2000 5271 2192 5336; x_wconf 56' lang='lat' dir='ltr'><strong>net-avo</strong></span> <span class='ocrx_word' id='word_1_859' title='bbox 2218 5258 2521 5336; x_wconf 82' lang='grc' dir='ltr'>προετικός.</span> <span class='ocrx_word' id='word_1_860' title='bbox 2579 5260 2758 5336; x_wconf 71' lang='lat' dir='ltr'><strong>Editio</strong></span> <span class='ocrx_word' id='word_1_861' title='bbox 2799 5259 2960 5336; x_wconf 61' lang='grc' dir='ltr'>βιιεὶί.</span> <span class='ocrx_word' id='word_1_862' title='bbox 2992 5276 3112 5336; x_wconf 88' lang='lat' dir='ltr'><strong>cum</strong></span> <span class='ocrx_word' id='word_1_863' title='bbox 3170 5266 3299 5336; x_wconf 79' lang='lat' dir='ltr'><strong>Ileg.</strong></span> <span class='ocrx_word' id='word_1_864' title='bbox 3335 5269 3491 5319; x_wconf 85' lang='lat' dir='ltr'><strong>tertio</strong></span> <span class='ocrx_word' id='word_1_865' title='bbox 3523 5258 3578 5319; x_wconf 60' lang='grc' dir='ltr'><strong>ζει</strong></span> 
     </span>
    </p>
   </div>
   <div class='ocr_carea' id='block_1_117' title="bbox 1999 5326 3579 5407">
    <p class='ocr_par' dir='ltr' id='par_1_117' title="bbox 1999 5326 3579 5407">
     <span class='ocr_line' id='line_1_118' title="bbox 1999 5326 3579 5407; baseline 0.007 -26"><span class='ocrx_word' id='word_1_866' title='bbox 1999 5345 2121 5407; x_wconf 70' lang='lat' dir='ltr'><strong>cum</strong></span> <span class='ocrx_word' id='word_1_867' title='bbox 2154 5326 2303 5407; x_wconf 50' lang='lat' dir='ltr'><strong>Quill.</strong></span> <span class='ocrx_word' id='word_1_868' title='bbox 2332 5330 2764 5407; x_wconf 40' lang='grc' dir='ltr'>,προαιρετικός</span> <span class='ocrx_word' id='word_1_869' title='bbox 2794 5329 2958 5385; x_wconf 86' lang='lat' dir='ltr'><strong>Coisl.</strong></span> <span class='ocrx_word' id='word_1_870' title='bbox 3006 5334 3219 5407; x_wconf 75' lang='lat' dir='ltr'><strong>primus</strong></span> <span class='ocrx_word' id='word_1_871' title='bbox 3250 5326 3579 5407; x_wconf 66' lang='grc' dir='ltr'>’προεκτικὸς</span> 
     </span>
    </p>
   </div>
   <div class='ocr_carea' id='block_1_118' title="bbox 1998 5399 3579 5477">
    <p class='ocr_par' dir='ltr' id='par_1_118' title="bbox 1998 5399 3579 5477">
     <span class='ocr_line' id='line_1_119' title="bbox 1998 5399 3579 5477; baseline 0.007 -26"><span class='ocrx_word' id='word_1_872' title='bbox 1998 5399 2055 5451; x_wconf 76' lang='grc' dir='ltr'>δὲ</span> <span class='ocrx_word' id='word_1_873' title='bbox 2089 5399 2203 5477; x_wconf 62' lang='grc' dir='ltr'>καί.</span> <span class='ocrx_word' id='word_1_874' title='bbox 2234 5399 2415 5477; x_wconf 85' lang='lat' dir='ltr'><strong>__Coisl.</strong></span> <span class='ocrx_word' id='word_1_875' title='bbox 2461 5399 2729 5477; x_wconf 69' lang='lat' dir='ltr'><strong>secundus</strong></span> <span class='ocrx_word' id='word_1_876' title='bbox 2760 5403 3146 5477; x_wconf 76' lang='grc' dir='ltr'>προηγῃτικός.</span> <span class='ocrx_word' id='word_1_877' title='bbox 3196 5399 3325 5477; x_wconf 64' lang='grc' dir='ltr'>Βεέ.</span> <span class='ocrx_word' id='word_1_878' title='bbox 3361 5399 3579 5476; x_wconf 64' lang='lat' dir='ltr'><strong>quintus</strong></span> 
     </span>
    </p>
   </div>
   <div class='ocr_carea' id='block_1_119' title="bbox 1999 5470 3573 5546">
    <p class='ocr_par' dir='ltr' id='par_1_119' title="bbox 1999 5470 3573 5546">
     <span class='ocr_line' id='line_1_120' title="bbox 1999 5470 3573 5546; baseline 0.008 -27"><span class='ocrx_word' id='word_1_879' title='bbox 1999 5483 2122 5546; x_wconf 76' lang='lat' dir='ltr'><strong>cum</strong></span> <span class='ocrx_word' id='word_1_880' title='bbox 2152 5470 2302 5546; x_wconf 74' lang='lat' dir='ltr'><strong>Coll).</strong></span> <span class='ocrx_word' id='word_1_881' title='bbox 2357 5472 2593 5546; x_wconf 69' lang='lat' dir='ltr'><strong>secundo</strong></span> <span class='ocrx_word' id='word_1_882' title='bbox 2626 5470 3003 5546; x_wconf 80' lang='grc' dir='ltr'>προσεκτικός.</span> <span class='ocrx_word' id='word_1_883' title='bbox 3043 5470 3398 5546; x_wconf 60' lang='grc' dir='ltr'>Νοιοιη,ἠυ.ὶ</span> <span class='ocrx_word' id='word_1_884' title='bbox 3432 5480 3573 5532; x_wconf 77' lang='lat' dir='ltr'><strong>hunc</strong></span> 
     </span>
    </p>
   </div>
   <div class='ocr_carea' id='block_1_120' title="bbox 2001 5537 3167 5609">
    <p class='ocr_par' dir='ltr' id='par_1_120' title="bbox 2001 5537 3167 5609">
     <span class='ocr_line' id='line_1_121' title="bbox 2001 5537 3167 5609; baseline 0.01 -22"><span class='ocrx_word' id='word_1_885' title='bbox 2001 5537 2177 5609; x_wconf 86' lang='lat' dir='ltr'><strong>locum</strong></span> <span class='ocrx_word' id='word_1_886' title='bbox 2218 5540 2447 5593; x_wconf 87' lang='lat' dir='ltr'><strong>illustrat</strong></span> <span class='ocrx_word' id='word_1_887' title='bbox 2485 5537 2730 5601; x_wconf 65' lang='lat' dir='ltr'><strong>Dttcmus,</strong></span> <span class='ocrx_word' id='word_1_888' title='bbox 2770 5544 2916 5609; x_wconf 68' lang='lat' dir='ltr'><strong>legas</strong></span> <span class='ocrx_word' id='word_1_889' title='bbox 2945 5544 3167 5599; x_wconf 88' lang='lat' dir='ltr'><strong>suadeo.</strong></span> 
     </span>
    </p>
   </div>
   <div class='ocr_carea' id='block_1_121' title="bbox 2070 5608 3574 5683">
    <p class='ocr_par' dir='ltr' id='par_1_121' title="bbox 2070 5608 3574 5683">
     <span class='ocr_line' id='line_1_122' title="bbox 2070 5608 3574 5683; baseline 0.019 -31"><span class='ocrx_word' id='word_1_890' title='bbox 2070 5608 2187 5675; x_wconf 73' lang='lat'><strong>(27)</strong></span> <span class='ocrx_word' id='word_1_891' title='bbox 2236 5609 2366 5683; x_wconf 66' lang='lat' dir='ltr'><strong>Reg.</strong></span> <span class='ocrx_word' id='word_1_892' title='bbox 2423 5620 2611 5664; x_wconf 78' lang='lat' dir='ltr'><strong>sextus</strong></span> <span class='ocrx_word' id='word_1_893' title='bbox 2647 5608 2926 5683; x_wconf 77' lang='grc' dir='ltr'>τληπαθὴς</span> <span class='ocrx_word' id='word_1_894' title='bbox 2970 5613 3128 5682; x_wconf 79' lang='grc' dir='ltr'>φύσει</span> <span class='ocrx_word' id='word_1_895' title='bbox 3176 5619 3270 5669; x_wconf 74' lang='grc' dir='ltr'>καὶ</span> <span class='ocrx_word' id='word_1_896' title='bbox 3313 5617 3574 5682; x_wconf 66' lang='grc' dir='ltr'>δουλικός,</span> 
     </span>
    </p>
   </div>
   <div class='ocr_carea' id='block_1_122' title="bbox 1997 5677 3153 5741">
    <p class='ocr_par' dir='ltr' id='par_1_122' title="bbox 1997 5677 3153 5741">
     <span class='ocr_line' id='line_1_123' title="bbox 1997 5677 3153 5741; baseline 0.007 -12"><span class='ocrx_word' id='word_1_897' title='bbox 1997 5677 2239 5731; x_wconf 80' lang='lat' dir='ltr'><strong>laborum</strong></span> <span class='ocrx_word' id='word_1_898' title='bbox 2276 5680 2501 5733; x_wconf 81' lang='lat' dir='ltr'><strong>tolerans</strong></span> <span class='ocrx_word' id='word_1_899' title='bbox 2528 5692 2601 5734; x_wconf 78' lang='lat' dir='ltr'><strong>est</strong></span> <span class='ocrx_word' id='word_1_900' title='bbox 2630 5677 2843 5741; x_wconf 73' lang='lat' dir='ltr'><strong>natura.</strong></span> <span class='ocrx_word' id='word_1_901' title='bbox 2874 5677 2920 5735; x_wconf 77' lang='grc' dir='ltr'>ἐι</span> <span class='ocrx_word' id='word_1_902' title='bbox 2954 5677 3153 5737; x_wconf 66' lang='lat' dir='ltr'><strong>seruilis</strong></span> 
     </span>
    </p>
   </div>
   <div class='ocr_carea' id='block_1_123' title="bbox 2015 5750 3579 5830">
    <p class='ocr_par' dir='ltr' id='par_1_123' title="bbox 2015 5750 3579 5830">
     <span class='ocr_line' id='line_1_124' title="bbox 2015 5750 3579 5830; baseline 0.006 -28"><span class='ocrx_word' id='word_1_903' title='bbox 2015 5820 2022 5830; x_wconf 40' lang='lat'><strong><em>&#39;</em></strong></span> <span class='ocrx_word' id='word_1_904' title='bbox 2070 5750 2180 5815; x_wconf 74' lang='grc'><strong>(28)</strong></span> <span class='ocrx_word' id='word_1_905' title='bbox 2209 5750 2278 5801; x_wconf 87' lang='lat' dir='ltr'><strong>Ita</strong></span> <span class='ocrx_word' id='word_1_906' title='bbox 2304 5750 2515 5806; x_wconf 75' lang='lat' dir='ltr'><strong>(‘Odlt‘CS</strong></span> <span class='ocrx_word' id='word_1_907' title='bbox 2544 5763 2767 5821; x_wconf 71' lang='lat' dir='ltr'><strong>scptetu.</strong></span> <span class='ocrx_word' id='word_1_908' title='bbox 2812 5755 2947 5808; x_wconf 68' lang='lat' dir='ltr'><strong>lidili</strong></span> <span class='ocrx_word' id='word_1_909' title='bbox 2978 5767 3026 5808; x_wconf 76' lang='lat' dir='ltr'><strong>et</strong></span> <span class='ocrx_word' id='word_1_910' title='bbox 3054 5755 3218 5809; x_wconf 57' lang='grc' dir='ltr'>(ἐπει.</span> <span class='ocrx_word' id='word_1_911' title='bbox 3245 5762 3445 5827; x_wconf 72' lang='lat' dir='ltr'><strong>primus</strong></span> <span class='ocrx_word' id='word_1_912' title='bbox 3488 5764 3579 5828; x_wconf 51' lang='grc' dir='ltr'><strong>ἐξω</strong></span> 
     </span>
    </p>
   </div>
   <div class='ocr_carea' id='block_1_124' title="bbox 1998 5836 2248 5874">
    <p class='ocr_par' dir='ltr' id='par_1_124' title="bbox 1998 5836 2248 5874">
     <span class='ocr_line' id='line_1_125' title="bbox 1998 5836 2248 5874; baseline 0.008 -2"><span class='ocrx_word' id='word_1_913' title='bbox 1998 5836 2248 5874; x_wconf 74' lang='grc' dir='ltr'>απτεται.</span> 
     </span>
    </p>
   </div>
   <div class='ocr_carea' id='block_1_125' title="bbox 3184 5922 3222 5982">
    <p class='ocr_par' dir='ltr' id='par_1_125' title="bbox 3184 5922 3222 5982">
     <span class='ocr_line' id='line_1_126' title="bbox 3184 5922 3222 5982; baseline 0 0"><span class='ocrx_word' id='word_1_914' title='bbox 3184 5922 3222 5982; x_wconf 80' lang='grc'><strong>5</strong></span> 
     </span>
    </p>
   </div>
  </div>
