4062 6432
518 342 611 396 l'jl

1863 342 1920 395 S.
1965 341 2206 399 BASILI-l
2251 346 2465 403 MAGNI

3677 354 3788 409 1'53

512 471 568 519 et
612 460 818 515 Taurus
869 457 1143 519 similiter,
1197 459 1613 528 unumquodque
1662 474 1728 513 ex
1786 460 1869 514 Itis
1918 460 2082 531 signis

2192 461 2341 514 κλου.
2360 461 2486 525 Πῶς
2507 455 2599 514 οὖν
2628 460 2838 514 ἐκεῖθεν
2854 459 2954 525 τὰς
2973 466 3391 536 προηγουμένας
3410 469 3590 533 αἰτίας
3606 471 3789 539 λέγων

511 553 625 621 ejus
657 553 843 608 circuli
879 552 968 621 qui
1007 552 1262 606 zodiacus
1306 556 1558 615 vocatur,
1602 568 1727 619 pars
1756 562 1841 607 est
1884 553 2087 608 duode—

508 648 670 701 cima.
708 645 989 712 Quomodo
1033 644 1200 713 igitur
1232 643 1381 698 illinc
1411 644 1715 715 praecipuas
1744 646 1867 698 vita:
1896 646 2090 699 Imma-

507 757 593 797 nae
633 754 827 793 causas
875 736 1141 807 protlcisci
1192 738 1377 801 doces,
1412 747 1465 791 et
1495 751 1563 791 ex
1601 736 1833 791 terrenis
1871 739 2088 806 pecudi-

508 835 610 888 bus
667 832 1001 887 nascentium
1050 829 1334 884 hominum
1389 845 1570 886 mores
1619 829 1881 898 exprimis
1932 840 2090 898 atque

507 926 754 996 elliugis?
793 924 928 980 Nam
960 925 1049 994 qui
1082 924 1136 978 in
1171 924 1355 979 Ariete
1403 924 1669 990 exoritur,
1703 923 1943 979 liberalis
1983 933 2089 987 est,

506 1036 616 1074 non
658 1019 801 1090 quod
852 1018 937 1072 illa
975 1033 1102 1085 pars
1152 1017 1278 1073 cmli
1333 1032 1512 1073 mores
1568 1017 1701 1072 tales
1752 1014 1965 1076 efﬁciat.
1997 1015 2089 1070 scd

502 1112 651 1182 quod
679 1111 805 1167 huic
837 1110 1017 1179 pecori
1051 1108 1174 1163 talis
1203 1118 1393 1163 natura
1429 1110 1578 1163 insit.
1610 1108 1749 1176 Quid
1776 1122 1905 1177 ergo
1933 1106 2089 1161 fidem

505 1219 573 1259 ex
610 1204 775 1260 astris
805 1202 900 1257 tibi
938 1202 1145 1256 faciens
1173 1200 1550 1272 perterrefacis
1580 1216 1699 1267 nos,
1731 1199 1956 1270 haecque
1995 1214 2091 1269 per

504 1298 716 1354 balatus
748 1294 965 1351 conaris
988 1295 1354 1365 persuadere?
1382 1293 1515 1348 Nam
1546 1295 1589 1349 si
1621 1293 1820 1349 caelum
1860 1294 1929 1348 ab
1965 1295 2087 1347 ani-

504 1390 740 1445 malibus
794 1386 927 1442 tales
978 1387 1177 1457 accipit
1230 1401 1439 1441 morum
1496 1387 1877 1456 proprietates,
1911 1386 2086 1455 ipsum

502 1481 667 1537 etiam
708 1479 901 1534 alienis
933 1476 1215 1550 principiis
1242 1488 1326 1531 est
1357 1474 1678 1543 subjectum,
1706 1475 1903 1545 quippe
1943 1475 2086 1545 quod

504 1588 698 1629 causas
741 1589 807 1627 ex
840 1571 924 1626 his
955 1569 1242 1641 pecoribus
1280 1567 1647 1638 dependentes
1674 1566 1894 1621 habeat.
1931 1565 2084 1631 Quod

502 1668 547 1721 si
586 1666 639 1722 id
672 1677 921 1720 asserere
959 1662 1244 1717 ridiculum
1284 1661 1375 1726 sit,
1407 1660 1567 1732 longe
1597 1659 1770 1729 magis
1803 1657 2084 1711 ridiculum

502 1768 608 1824 est,
642 1774 706 1813 ex
744 1758 812 1812 iis
857 1756 999 1810 inter
1045 1770 1166 1825 qua:
1207 1754 1353 1808 nulla
1384 1752 1494 1825 56
1522 1751 1872 1809 necessitudo
1920 1752 2083 1806 inter-

503 1853 668 1916 cedit,
704 1848 891 1904 conari
940 1847 1251 1919 opinionem
1290 1845 1435 1900 illam
1469 1843 1785 1901 credibilem
1832 1842 2086 1913 probabi-

502 1945 715 2014 letnque
745 1942 991 1997 reddere.
1026 1938 1187 2009 Atqui
1223 1939 1308 1994 hae
1342 1939 1571 1992 istorum
1601 1936 1826 2007 argutia:
1853 1948 2086 1989 aranea-

504 2053 622 2092 l'llm
657 2035 779 2089 telis
811 2044 937 2087 sunt
986 2030 1319 2093 consimiles,
1349 2030 1403 2084 in
1438 2043 1577 2099 quas
1616 2043 1740 2082 cum
1781 2026 1959 2089 culex,
1994 2035 2087 2079 aut

502 2142 715 2192 musca,
751 2135 846 2181 aut
897 2124 1126 2195 quodvis
1171 2122 1370 2177 animal
1426 2122 1579 2177 hisce
1623 2119 1987 2177 imbecillibus
2010 2120 2087 2173 si-

503 2222 631 2278 mile
681 2218 949 2281 inciderit,
985 2216 1192 2271 irrctita
1240 2214 1593 2270 detinentur:
1629 2222 1684 2268 at
1719 2228 1841 2270 cum
1890 2211 2085 2267 fortius

498 2312 720 2379 aliquod
755 2309 952 2364 animal
986 2307 1299 2372 accesserit,
1330 2307 1460 2361 illud
1491 2316 1547 2362 et
1578 2305 1738 2361 facile
1766 2307 2079 2375 pertransit,

506 2417 554 2461 et
592 2416 804 2459 tenuem
839 2407 979 2458 hanc
1013 2412 1281 2455 texturam
1317 2398 1619 2470 perrumpit
1650 2412 1714 2454 ac
1746 2398 1993 2468 dissipat.

574 2499 624 2550 7.
673 2500 866 2550 Verum
901 2510 1006 2548 non
1045 2494 1129 2547 bis
1169 2492 1300 2548 solis
1331 2492 1573 2546 contenti
1609 2499 1756 2547 sunt.
1797 2490 1891 2544 sed
1920 2489 2084 2544 etiam

498 2606 729 2665 quarunt
771 2604 949 2643 rerum
984 2586 1201 2641 domina
1246 2595 1329 2642 est
1376 2583 1805 2654 uniuscujusque
1840 2591 2081 2638 nostrum

502 2688 753 2740 voluntas
791 2684 914 2753 (hoc
946 2688 1048 2746 est,
1081 2680 1383 2735 studiorum
1416 2679 1634 2733 virtutis
1660 2686 1753 2730 aut
1779 2676 1943 2743 vitii),
1973 2675 2082 2729 illa-

500 2794 618 2833 rum
676 2778 840 2830 etiam
891 2787 1086 2828 causas
1137 2771 1451 2825 cmlestibus
1501 2770 1826 2824 attribuunt.
1877 2768 2081 2834 Quibus

500 2868 874 2927 contradicere
908 2866 1109 2935 alioqui
1145 2863 1434 2919 ridiculum
1471 2873 1554 2917 eat
1582 2879 1597 2916 :
1627 2861 1719 2917 sed
1751 2862 1875 2929 quia
1903 2862 2080 2931 plures

498 2980 564 3020 eo
607 2976 793 3017 errore
836 2965 1305 3029 prmoccupantur,
1344 2956 1457 3011 haec
1493 2955 1633 3010 forte
1661 2970 1885 3009 necesse
1919 2953 2081 3008 fuerit

500 3056 717 3111 silentio
758 3068 863 3106 non
899 3052 1199 3122 praeterire.
1249 3048 1491 3104 Primum
1525 3050 1741 3119 quidem
1775 3049 1900 3103 illud
1932 3051 2079 3118 ipsos

502 3143 979 3213 interrogabimus,
1003 3156 1202 3195 numne
1231 3141 1509 3197 stellarum
1538 3141 1720 3213 figura:
1746 3140 1935 3196 diebus
1964 3141 2077 3196 sin-
2105 3178 2147 3236 C

498 3237 639 3311 gulis
689 3234 991 3290 sexcenties
1046 3233 1355 3288 mutentur?
1406 3232 1539 3288 Nam
1596 3249 1718 3288 cum
1765 3234 1933 3287 stella:
1976 3234 2079 3287 illae

498 3346 619 3402 (ιυὲ
657 3338 1040 3398 nuncupantur
1086 3332 1353 3391 errantes,
1391 3338 1605 3393 semper
1653 3333 1993 3389 moveantur,
2030 3334 2082 3379 θῐ

499 3426 618 3480 alite
647 3423 865 3493 quidem
902 3421 1062 3476 citius
1092 3419 1195 3474 sibi
1228 3429 1414 3473 mutuo
1451 3427 1764 3480 occurrant,
1798 3417 1917 3471 alia:
1953 3432 2081 3471 vero

500 3519 767 3575 circuitus
796 3514 1061 3568 tardiores
1092 3513 1403 3580 conficiunt,
1441 3512 1494 3565 in
1531 3512 1717 3566 eadem
1752 3511 1883 3567 bora
1913 3526 2082 3581 saepe-

501 3626 727 3669 numero
778 3618 832 3665 et
879 3622 937 3663 se
988 3606 1218 3660 invicem
1268 3605 1583 3673 respiciunt,
1611 3615 1666 3659 et
1710 3605 2076 3662 occultantur.

498 3703 567 3758 Et
589 3718 710 3757 cum
743 3702 795 3756 in
830 3712 947 3755 ortu
988 3698 1041 3751 id
1077 3694 1296 3749 maximi
1327 3696 1398 3748 sit
1429 3696 1704 3757 momenti.
1731 3705 1826 3752 aut
1860 3713 1890 3752 a
1917 3698 2078 3753 bene-

501 3798 603 3851 fica
637 3794 814 3863 stella,
847 3805 906 3846 ut
939 3792 1038 3862 ipsi
1088 3790 1406 3855 louttuntur,
1441 3796 1533 3839 aut
1581 3801 1611 3839 a
1660 3788 1901 3844 maleﬁca
1947 3804 2077 3843 con-

499 3888 673 3956 spici;
705 3897 760 3941 et
810 3900 931 3940 cum
975 3897 1117 3951 saepe
1166 3881 1218 3936 id
1270 3890 1484 3948 tempus
1512 3890 1621 3947 quo
1652 3877 1891 3934 benefica
1927 3879 2077 3933 stella

502 3977 867 4035 testimonium
919 3975 1213 4045 praebebat,
1248 3987 1354 4026 non
1406 3981 1786 4042 assequantnr,
1820 3969 1891 4023 ob
1921 3970 2078 4023 unius

502 4068 852 4128 minutissimi
906 4068 1069 4136 spatii
1120 4065 1504 4134 ignorantiam,
1532 4064 1675 4118 hanc
1722 4062 1891 4131 ipsam
1937 4062 2081 4116 velut

498 4166 555 4223 in
606 4164 744 4218 mala
794 4161 1007 4217 fortuna
1057 4158 1217 4213 sitam
1276 4165 1687 4213 recensuerunt.
1723 4154 1901 4226 Cogor
1933 4153 2074 4207 enim

498 4256 629 4327 ipsis
656 4271 845 4313 eorum
875 4254 1099 4308 vocibus
1137 4252 1235 4306 uti.
1270 4251 1415 4306 Sane
1448 4250 1675 4305 multum
1706 4258 1791 4303 est
1827 4248 2077 4302 amentia:

498 4350 553 4408 in
584 4352 668 4405 liis
704 4350 900 4413 verbis,
935 4348 1028 4403 sed
1079 4345 1235 4417 longe
1279 4343 1399 4415 plus
1443 4352 1527 4397 cst
1573 4341 1890 4413 impietatis.
1942 4341 2074 4395 Nam

498 4443 755 4497 malefica:
799 4439 967 4494 stellze
1014 4436 1366 4507 tnaliguitatis
1401 4450 1512 4489 sua:
1544 4449 1764 4489 causam
1820 4435 1872 4488 in
1919 4449 2074 4485 suum

2195 554 2461 625 ὑπάρχειν
2508 555 2622 616 τοῖς
2664 553 2773 606 τῶν
2810 552 3115 623 ἀνθρώπων
3164 556 3327 625 βίοις,
3372 561 3436 612 ἐκ
3484 562 3592 615 τῶν
3646 570 3787 636 παρ’

2194 649 2326 719 ἡμῖν
2380 646 2742 718 βοσκημάτων
2788 649 2897 700 τῶν
2939 652 3295 719 γεννωμένων
3354 652 3662 724 ἀνθρώπων
3708 659 3784 713 τὰ

2192 741 2297 811 ἢθη
2348 740 2813 810 χαρακτηρίζεις;
2869 741 3248 811 Εὐμετάδοτος
3298 745 3407 815 γὰρ
3438 748 3467 798 ό
3502 749 3781 819 Κριανὸς,

2190 832 2290 884 οὐκ
2312 831 2498 901 ἐπειδὴ
2527 832 2769 885 τοιούτου
2795 831 2958 902 ἤθους
2997 833 3278 903 ποιητικὸν
3312 837 3491 889 ἐκεῖνο
3520 840 3580 892 τὸ
3614 843 3783 912 μέρος

2182 922 2283 1002 τοῦ
2323 924 2577 995 ούρανοῦ,
2622 924 2734 976 ἀλλ’
2777 925 2965 996 ἐπειδὴ
3010 927 3269 998 τοιαύτης
3312 927 3527 996 φύσεώς
3559 934 3675 985 ἐστι
3718 933 3783 987 τὸ

2191 1017 2482 1088 πρόϐατον.
2515 1016 2579 1069 Τί
2613 1012 2705 1070 οὖν
2733 1016 3003 1081 δυσωπεῖς
3046 1019 3145 1089 μὲν
3173 1021 3325 1090 ἡμᾶς
3360 1019 3469 1073 ἀπὸ
3496 1023 3594 1093 τῆς
3630 1024 3784 1088 ἀξιο-

2191 1110 2411 1173 πιστίας
2452 1108 2561 1163 τῶν
2602 1108 2838 1181 ἄστρων,
2876 1110 3085 1164 πείθειν
3117 1111 3174 1164 δὲ
3220 1113 3518 1185 ἐπιχειρεῖς
3549 1115 3636 1168 διὰ
3668 1116 3782 1169 τῶν

2195 1202 2586 1275 βληχημάτωνς
2625 1203 2689 1256 El
2728 1204 2825 1273 μὲν
2875 1203 2983 1274 γὰρ
3016 1204 3170 1277 παρᾶ
3204 1205 3313 1260 τῶν
3349 1205 3504 1269 ζώων
3536 1205 3717 1259 λαϐὼν
3749 1210 3783 1261 ό

2191 1295 2415 1365 ούρανὸς
2449 1296 2560 1366 ἔχει
2604 1295 2674 1348 τά
2710 1294 2935 1348 τοιαῦτα
2976 1296 3083 1349 τῶν
3128 1297 3277 1367 ἠθῶν
3335 1297 3632 1369 ἰδιώματα,
3681 1302 3781 1355 καὶ

2192 1388 2354 1452 αὐτὸς
2387 1389 2672 1443 ὑπόκειται
2717 1388 3025 1461 ἀλλοτρίαις
3062 1392 3281 1461 ἀρχαῖς,
3314 1393 3379 1446 ἐκ
3421 1392 3530 1445 τῶν
3571 1393 3780 1466 βοσκη-

2193 1482 2377 1553 μάτων
2416 1481 2553 1552 ἐχων
2593 1481 2692 1545 τὰς
2724 1480 2905 1544 αἰτίας
2948 1483 3378 1552 ἀπηρτημέναςε
3428 1485 3478 1537 εἰ
3510 1484 3568 1538 δὲ
3602 1502 3778 1538 κατα-

2189 1573 2449 1642 γέλαστον
2472 1572 2630 1626 τοῦτο
2665 1576 2858 1638 εἰπεῖν,
2903 1573 3437 1646 καταγελαστότερον
3480 1576 3664 1647 πολλῷ
3712 1579 3781 1630 ἐκ

2185 1666 2294 1719 τῶν
2353 1665 2522 1738 μηδὲν
2579 1666 2979 1721 κοινωνούντων
3042 1666 3270 1734 ἐπάγειν
3339 1670 3639 1741 ἐπιχειρεῖν
3698 1670 3780 1741 τῷ

2186 1757 2330 1830 λόγῳ
2359 1758 2461 1823 τάς
2499 1758 2879 1829 πιθανότητας.
2933 1758 3095 1812 Ἀλλά
3134 1758 3309 1812 ταῦτα
3346 1760 3446 1828 μὲν
3486 1763 3666 1816 αὐτῶν
3708 1763 3783 1817 τὰ

2190 1852 2329 1922 σοφὰ
2376 1856 2490 1917 τοῖς
2536 1851 2848 1923 ἀραχνείοις
2899 1853 3021 1925 (29)
3077 1853 3395 1923 ὑφάσμασιν
3448 1852 3645 1919 ἔοικεν,
3695 1853 3782 1920 οῖς

2188 1944 2315 1997 ὅταν
2350 1946 2447 2017 μὲν
2481 1946 2702 2017 κώνωψ,
2750 1945 2783 2017 ἢ
2830 1948 2982 2016 μυῖα,
3032 1947 3067 2017 ἢ
3114 1964 3165 1998 τι
3217 1944 3326 1999 τῶν
3376 1948 3782 2018 παραπλησίως

2186 2033 2397 2098 τούτοις
2437 2036 2681 2091 ἀσθενῶν
2746 2037 3005 2109 ἐνσχεθῇ,
3057 2036 3424 2091 καταδεθέντα
3459 2042 3773 2107 κρατεῖταν

2187 2126 2404 2180 ἐπειδὰν
2445 2127 2501 2179 δὲ
2533 2128 2641 2181 τῶν
2691 2130 3056 2202 ἰσχυροτέρων
3087 2148 3141 2183 τι
3186 2129 3342 2195 ζώων
3380 2130 3596 2204 ἐγγίσῃ,
3642 2132 3781 2184 αὑτό

2184 2238 2242 2274 τε
2277 2221 2476 2294 ῥᾳδίως
2510 2222 2815 2278 διεκπίπτει
2850 2226 2983 2297 (50),
3015 2227 3111 2281 καὶ
3137 2226 3206 2280 τά
3240 2225 3447 2299 ἀδρανῆ
3473 2227 3778 2297 ὑφάσματα

2182 2316 2431 2388 διέρρηξε
2465 2317 2559 2370 καὶ
2589 2316 2842 2387 ἠφάνισε.

2255 2495 2307 2547 ’7.
2350 2496 2460 2549 Καὶ
2488 2499 2588 2550 οὐκ
2618 2498 2712 2552 ἐπὶ
2738 2498 2943 2552 τούτων
2981 2498 3227 2553 ἵστανται
3262 2500 3424 2571 μόνον
3470 2500 3607 2572 (51),
3633 2502 3776 2555 ἀλλά

2185 2586 2280 2640 καὶ
2306 2579 2379 2639 ὧν
2415 2588 2448 2656 ἠ
2477 2590 2794 2661 προαίρεσις
2824 2591 3055 2645 ἑκάστου
3082 2592 3240 2663 ἡμῶν
3267 2593 3431 2663 κυρία
3466 2593 3576 2663 (52)
3609 2593 3779 2663 (λέγω

2181 2680 2266 2753 δὴ,
2298 2679 2408 2733 τῶν
2451 2681 2895 2751 ἐπιτηδευμάτων
2924 2685 3127 2755 ἀρετῆς
3163 2686 3197 2755 ἢ
3239 2685 3483 2756 κακίας),
3517 2688 3613 2739 καὶ
3651 2688 3779 2738 τού-

2182 2787 2289 2825 των
2326 2770 2427 2834 τὰς
2458 2770 2651 2833 ἀἰτίας
2692 2773 2805 2834 τοῖς
2840 2772 3114 2841 οὐρανίοις
3166 2775 3546 2827 συνάπτουσιν.
3585 2771 3682 2836 Οἷς
3716 2776 3782 2828 τὸ

2181 2863 2484 2933 ἀντιλέγειν
2515 2862 2691 2924 ἄλλως
2726 2863 2822 2934 μὲν
2864 2862 3295 2931 καταγέλαστον,
3330 2864 3418 2918 διὰ
3451 2865 3508 2918 δὲ
3547 2866 3610 2918 τὸ
3641 2882 3783 2929 προσ

2181 2955 2509 3028 κατέχεσθαι
2574 2956 2703 3020 τοὺς
2761 2955 2989 3019 πολλοὺς
3056 2958 3122 3028 τῇ
3195 2956 3416 3029 ἀπάτῃ,
3471 2959 3777 3026 ἀναγκαῖον

2182 3050 2312 3113 ἴσως
2344 3049 2417 3122 μὴ
2472 3052 2649 3121 σιωπῇ
2692 3048 3003 3121 παρελθεῖν.
3050 3050 3278 3123 Πρῶτον
3315 3052 3416 3123 μὲν
3464 3047 3557 3104 οὖν
3597 3050 3778 3105 ἐκεῖνο

2181 3142 2381 3205 αὐτοὺς
2433 3142 2831 3213 ἒρωτήσωμεν,
2885 3145 2934 3196 εἰ
2998 3143 3073 3215 μὴ
3129 3144 3216 3213 ἐφ’
3263 3143 3501 3215 ἑκάστης
3553 3142 3775 3214 ἡμέρας

2186 3236 2447 3308 μυριάκις
2476 3235 2766 3306 ἀμείϐεται
2791 3237 2901 3288 τῶν
2928 3237 3177 3309 ἀστέρων
3212 3236 3280 3291 τά
3313 3238 3601 3309 σχήματα;
3634 3238 3777 3289 Ἀει-

2183 3328 2391 3397 κίνητοι
2420 3329 2528 3400 γὰρ
2555 3329 2707 3392 ὄντες
2739 3330 2788 3382 οἱ
2826 3328 3096 3400 πλανῆται
3128 3329 3429 3400 λεγόμενοι,
3466 3330 3560 3381 καὶ
3589 3330 3639 3381 οἱ
3673 3330 3774 3400 μὲν

2182 3417 2374 3473 θᾶττον
2416 3421 3027 3491 ἐπικαταλαμϐάνοντες
3073 3421 3351 3492 ἀλλήλους.
3401 3422 3451 3475 oi
3485 3422 3542 3474 δὲ
3573 3420 3774 3492 βραδυ-

2181 3508 2347 3580 τέρας
2373 3508 2472 3573 τὰς
2502 3509 2778 3580 περιόδους
2805 3512 3137 3582 ποιούμενοι,
3167 3513 3260 3564 ἐπὶ
3282 3512 3383 3581 τῆς
3412 3512 3581 3582 αὐτῆς
3616 3511 3771 3583 ῶρας

2181 3600 2442 3663 πολλάκις
2477 3600 2573 3653 καὶ
2605 3600 2803 3670 ὁρῶσιν
2844 3601 3109 3665 ἀλλήλους
3157 3601 3253 3653 καὶ
3290 3602 3766 3671 ἀποκρύπτονται,

2182 3694 2449 3766 μεγίστην
2479 3710 2537 3746 τε
2570 3695 2684 3764 ἔχει
2728 3693 2958 3765 δύναμιν
2998 3694 3055 3747 ἐν
3092 3695 3211 3756 ταῖς
3246 3692 3356 3764 (55)
3410 3695 3657 3761 γενέσεσι
3706 3696 3770 3747 τὸ

2179 3788 2211 3858 ἦ
2259 3789 2409 3859 παρὰ
2459 3785 2789 3857 ἀγαθοποιοῦ
2840 3787 3174 3860 ἐφορᾶσθαι,
3227 3786 3260 3859 ἢ
3316 3784 3646 3846 κακοποιοῦ,
3694 3795 3771 3849 ως

2179 3882 2332 3935 αὐτοὶ
2366 3880 2603 3950 λέγουσι.
2642 3883 2752 3935 Καὶ
2790 3881 3055 3945 πολλάκις
3094 3880 3301 3935 καθἰεὸν
3326 3879 3701 3951 ἐπεμαρτύρει
3744 3884 3773 3933 ὁ

2179 3970 2511 4038 ἀγαθοποιὸς
2547 3973 2721 4042 ἀστὴρ
2763 3971 2855 4023 τὸν
2895 3971 3087 4042 καιρὸν
3114 3972 3215 4026 οὐκ
3250 3971 3579 4041 ἐξευρόντες,
3615 3972 3773 4041 παρά

2180 4064 2277 4135 τὴν
2324 4064 2441 4126 ἐνῦς
2485 4064 2592 4117 τῶν
2630 4062 2975 4114 λεπτοτάτων
3034 4061 3279 4129 ἄγνοιαν,
3326 4060 3407 4123 ὠς
3450 4062 3509 4113 ἐν
3547 4061 3625 4131 τῷ
3664 4078 3770 4114 κα·-

2181 4157 2610 4227 κοδαιμονήματι
2662 4152 2827 4205 αὑτὸν
2868 4153 3121 4223 κείμενον
3178 4151 3590 4224 ἀπεγράψαντο.
3642 4154 3773 4219 Τοῖς

2180 4250 2285 4322 γὰρ
2303 4248 2479 4304 αὐτῶν
2510 4246 2733 4302 ἐκείνων
2761 4244 2872 4315 (51)
2900 4244 3308 4317 συγχρήσασθαι
3331 4246 3569 4316 ῥήμασιν
3598 4246 3774 4315 ἀναγ-

2180 4341 2440 4413 κάζομαι.
2501 4342 2590 4395 Ἐν
2644 4340 2707 4413 δὴ
2756 4343 2865 4403 τοῖς
2910 4338 3173 4403 τοιούτοις
3230 4336 3410 4407 λόγοις
3459 4337 3596 4392 πολὺ
3664 4340 3770 4410 μὲν

2176 4435 2235 4488 τὸ
2261 4434 2508 4507 ἀνόητον,
2540 4434 2936 4488 πολλαπλάσιον
2965 4432 3021 4485 δὲ
3066 4431 3128 4484 τὸ
3160 4431 3375 4495 ἀσεϐές.
3409 4432 3473 4484 Οἱ
3512 4430 3623 4503 γὰρ
3663 4450 3770 4486 κα-

498 4533 738 4602 ipsarum
785 4529 1121 4584 conditorem
1165 4524 1517 4580 transferunt.
1548 4523 1762 4578 Etenim
1813 4526 1856 4578 si
1890 4523 2071 4593 ipsisa

2184 4530 2389 4583 κοποιοὶ
2420 4529 2529 4582 τῶν
2570 4528 2816 4599 ἀστέρων
2858 4527 2957 4595 τῆς
2988 4523 3196 4578 ἑαυτῶν
3235 4524 3502 4595 πονηρίας
3538 4525 3633 4579 ἐπὶ
3674 4526 3771 4579 τὸν

500 4637 691 4679 natura
742 4625 883 4679 inest
934 4622 1156 4687 malum,
1187 4617 1439 4675 conditor
1468 4618 1583 4688 ipse
1624 4616 1728 4671 erit
1775 4616 1901 4672 mali
1948 4614 2076 4671 clle-

498 4729 615 4772 ctor
646 4760 658 4772 .
694 4716 739 4771 si
788 4730 916 4770 vero
966 4727 1060 4768 sua
1107 4721 1299 4781 sponte
1349 4717 1406 4764 et
1452 4711 1730 4766 voluntate
1762 4710 1919 4766 malae
1952 4725 2078 4765 eva-

495 4811 652 4874 dunt,
690 4810 923 4880 primum
968 4807 1184 4878 quidem
1235 4802 1486 4858 animalia
1530 4812 1691 4859 erunt
1727 4803 1954 4876 eligendi
1996 4804 2077 4860 fa-

496 4905 699 4960 cultate
748 4903 995 4971 prtcdita,
1028 4900 1205 4955 soluto
1258 4914 1322 4953 ac
1373 4894 1544 4951 libero
1587 4896 1791 4967 impetu
1835 4898 2074 4964 utentia;

498 4998 546 5050 id
577 5000 716 5065 quod
742 4998 809 5052 de
838 4994 1150 5052 inanimatis
1174 4991 1423 5045 ementiri
1451 5004 1516 5044 ac
1541 4987 1761 5059 lingere,
1790 4991 2078 5046 dementia:

498 5102 719 5141 suunna:
761 5096 864 5141 est.
918 5084 1117 5139 Deinde
1146 5088 1408 5152 quantum
1452 5094 1483 5134 a
1534 5078 1745 5133 ratione
1790 5080 2070 5146 abhorret,

499 5179 695 5232 malum
750 5189 842 5232 aut
891 5180 1087 5232 bonum
1123 5188 1229 5229 non
1266 5184 1365 5239 pro
1400 5170 1595 5225 merito
1643 5168 1840 5239 cuique
1888 5170 2070 5225 distri-

569 5337 680 5405 (29)
709 5335 937 5407 Codices
969 5344 1202 5407 quatuor
1223 5336 1335 5400 τοῖς
1361 5334 1659 5407 ἀραχνίοις.
1689 5334 1822 5407 Reg.
1848 5345 2072 5407 octavus

496 5404 609 5471 τοῖς
654 5405 981 5477 ἀραχνείοις.
1039 5405 1349 5477 Editi‘cutn
1406 5404 1538 5477 Reg.
1598 5406 1757 5460 tertio
1804 5406 1915 5477 τοῖς
1961 5404 2071 5457 τῶν

497 5474 1133 5549 ἀραχνίωνῖξφάσμασιν.
1176 5474 1344 5549 Coisl.
1387 5474 1593 5549 primus
1639 5474 1907 5549 τοίς-τῶν
1938 5477 2072 5547 ἀρα-

496 5544 638 5620 χνῶν
672 5548 765 5617 ὑφ.
794 5544 961 5601 (Ζυίειξ
985 5548 1260 5620 secundus
1282 5550 1393 5610 τοῖς
1424 5544 1530 5598 τῶν
1554 5546 1855 5618 ἀραχνείων
1888 5548 1981 5615 ὑφ.

571 5619 679 5683 (50)
704 5622 944 5683 Quatuor
967 5633 1096 5673 mss.
1130 5618 1408 5671 ἐκπίπτει.

571 5688 679 5753 (51)
722 5688 946 5757 Codices
975 5700 1227 5757 quatuor_
1242 5688 1420 5757 μόνον.
1453 5686 1627 5757 Editio
1657 5688 1816 5742 Basil.
1871 5688 2067 5756 μόνων.

574 5751 698 5826 (52)
723 5756 877 5826 Colb.
909 5751 1174 5809 secundus
1201 5751 1443 5826 ᾖκυρία.
1478 5755 1751 5826 Μοιριιίιί
1783 5751 1903 5808 cum
1938 5758 2070 5819 lica.

510 5814 737 5878 St‘Cttntlo
772 5825 857 5891 δὴ.
896 5825 997 5877 Alii
1021 5814 1251 5892 quatuor
1287 5814 1413 5878 mss.
1464 5826 1541 5875 δέ.
1594 5825 1784 5877 Statim
1827 5814 2067 5879 Cotubcf.

2183 4625 2486 4695 ποιήσαντα
2517 4621 2713 4686 αὐτοὺς
2749 4621 2846 4691 τὴν
2894 4620 3074 4674 αἰτίαν
3125 4617 3528 4692 μετατιθέασιν.
3569 4619 3633 4672 Εἰ
3667 4620 3771 4691 μὲν

2183 4713 2291 4785 γὰρ
2315 4714 2380 4765 ἐκ
2421 4711 2634 4781 φύσεως
2666 4710 2846 4766 αὐτῶν
2871 4709 2932 4763 τὸ
2958 4709 3146 4777 κακὸν,
3174 4712 3202 4762 ὀ
3237 4709 3571 4781 δημιουργὸς
3614 4710 3771 4764 ἔσται

2182 4799 2276 4852 τοῦ
2311 4796 2485 4853 κακοῦ
2542 4801 2802 4871 ποιητής·
2838 4799 2886 4851 εί
2924 4798 2983 4851 δὲ
3031 4798 3351 4871 προαιρέσει
3401 4800 3768 4864 κακύνονται,

2186 4892 2401 4964 πρῶτον
2443 4890 2546 4963 μὲν
2572 4892 2726 4947 ἔσται
2760 4890 2874 4957 ζῶα
2905 4890 3285 4963 προαιρετικὰ,
3321 4891 3647 4963 λελυμέναις
3674 4896 3771 4946 xa‘t

2183 4985 2671 5058 αὐτοκρατορικαῖς
2718 4986 2838 5048 ταῖς
2879 4987 3075 5056 ὁρμαῖς
3119 4986 3463 5055 κεχρημένα’
3499 4984 3529 5037 ὃ
3572 4986 3770 5056 μανίας

2183 5080 2333 5134 ἐστὶν
2360 5078 2622 5134 ἐπέκεινα
2653 5078 3084 5148 καταψεύδεσθαι
3115 5077 3226 5131 τῶν
3259 5078 3503 5148 ἀψύχων.
3536 5079 3776 5133 Ἔπειτα

2184 5172 2351 5225 πόσον
2384 5172 2445 5225 τὸ
2489 5173 2706 5243 ἄλογον,
2751 5171 2811 5225 τὸ
2844 5172 3011 5226 κακὸν
3045 5172 3137 5237 καὶ
3173 5172 3234 5225 τὸ
3274 5170 3478 5239 ἀγαθὸν
3518 5172 3594 5246 μὴ
3629 5176 3773 5228 κατά

2184 5350 2306 5408 cum
2361 5334 2479 5391 aliis
2525 5337 2766 5406 quinque
2808 5352 2938 5392 mss.
2990 5337 3416 5408 προσάπτουσιν.
3456 5337 3601 5394 Editi
3647 5353 3772 5393 cum

2181 5405 2337 5462 Colb.
2368 5405 2603 5463 secundo
2627 5405 3014 5462 συνάπτουσιν.

2254 5477 2392 5548 (55)
2418 5477 2508 5533 Sic
2541 5478 2779 5548 quinque
2809 5494 2941 5548 mss.
2987 5476 3128 5530 Editi
3171 5490 3300 5548 vero
3330 5477 3423 5532 ἐπὶ
3460 5482 3602 5543 ταῖς.
3644 5478 3769 5532 Sta-

2183 5544 2275 5634 tim
2307 5544 2543 5619 quinque
2559 5544 2706 5603 inss;
2728 5547 2851 5602 καθ’
2888 5547 2948 5601 ὃν
2979 5544 3372 5617 ἐπεμαρτύρει.
3416 5550 3558 5605 Editi
3589 5551 3772 5620 ἐμαρ-

2180 5634 2356 5673 τυοει.

2395 5688 2546 5743 Colb.
2591 5690 2862 5746 secundus
2903 5687 3083 5743 αὐτῶν
3116 5690 3363 5754 ἐκείνοις.
3397 5690 3537 5759 Lege
3565 5688 3768 5745 Morel-

2186 5759 2294 5813 lum
2330 5761 2381 5813 in
2408 5760 2550 5813 ltunc
2585 5759 2779 5813 locum.
