4062 6476
287 451 386 503 155

1376 447 1665 502 ΙΙΟΜΙΜΛ
1708 449 1769 501 VI
1802 445 1868 499 IN
1909 443 2410 499 HEXAEMERON.

3488 12 3489 15 η
3508 8 3719 15 ___———._-
3736 4 3925 11 -———-“-

3438 454 3535 510 illi

283 569 373 640 τὴν
419 567 575 632 ἀξίαν
618 566 895 637 διανέμειν
941 569 1185 637 ἐκάστῳ,
1233 568 1345 622 ἀλλ’
1393 568 1578 639 ἐπειδὴ
1631 570 1688 620 ἐν
1735 569 1853 640 τῷδε

1974 565 2161 629 huere,
2199 568 2440 634 adeoque
2475 567 2735 638 proﬁteri,
2770 567 2889 623 ideo
2928 570 3138 627 stellam
3178 587 3296 628 esse
3334 574 3533 630 hcnct‘i-

281 662 352 732 τῷ
396 662 546 729 τόπῳ
595 659 841 727 γέγονεν,
881 660 1209 730 ἀγαθοποιὸν
1261 662 1527 733 ὑπάρχειν
1578 662 1713 731 (55),
1763 666 1857 717 καὶ

282 750 461 820 ἐπειδὴ
499 748 603 801 ὑπὸ
644 751 795 804 τοῦδε
847 752 1063 821 ὁρᾶται,
1117 754 1412 807 κακοποιὸν
1474 751 1718 821 γίνεσθαι
1767 755 1856 805 τὸν

276 844 437 897 αὐτόν
456 859 467 870 ·
506 842 597 896 καὶ
625 844 843 898 ἐπειδὰν
888 843 1051 896 πάλιν
1080 847 1275 916 μικρόν
1315 863 1366 898 τι
1398 844 1731 915 παρεκκλίνῃ
1762 845 1853 898 τοῦ

277 936 573 1005 σχήματος,
618 937 778 999 εὐθὺς
823 936 925 1006 τῆς
979 939 1176 1002 κακίας
1220 936 1706 1002 ἐπιλανθάνεσθαι;
1748 940 1856 993 Καὶ

274 1026 444 1080 ταῦτα
485 1030 584 1101 μὲν
630 1030 710 1091 εἰς
756 1029 1023 1085 τοσοῦτον.
1079 1032 1141 1084 Ei
1189 1030 1245 1083 δὲ
1289 1032 1408 1085 καθ’
1442 1034 1672 1086 ἕκαστον
1720 1032 1855 1084 ἀκα-

275 1120 448 1189 ριαῖον
486 1119 807 1191 τοῦιχρόνου
837 1123 923 1176 ἐπ’
957 1122 1084 1177 ἄλλο
1124 1122 1218 1175 καὶ
1247 1122 1375 1179 ἄλλο
1418 1121 1854 1197 μεθαρμόζονται

274 1212 495 1283 σχῆμα,
538 1214 596 1264 ἐν
657 1211 713 1265 δὲ
771 1218 891 1279 ταῖς
935 1217 1158 1286 μυρίαις
1210 1217 1435 1284 ταύταις
1495 1217 1853 1289 μεταϐολαῖς,

277 1304 541 1365 πολλάκις
571 1304 670 1376 τῆς
708 1307 923 1378 ἡμέρας
955 1307 1091 1377 (56),
1127 1312 1174 1363 οί
1219 1311 1326 1365 τῶν
1372 1311 1661 1384 βασιλικῶν
1707 1312 1857 1379 γενέ-

276 1412 413 1447 σεων
478 1396 866 1451 ἀποτελοῦνται
925 1404 1294 1472 σχηματισμοί
1389 1404 1478 1459 διὰ
1532 1405 1584 1457 τί
1622 1403 1720 1456 οὐκ
1770 1404 1855 1472 ἐφ’

274 1487 511 1558 ἑκάστης
558 1490 771 1561 ἡμέρας
807 1489 1103 1556 γεννῶνται
1151 1494 1418 1563 βασιλεῖς;
1457 1497 1490 1566 ἦ
1521 1495 1608 1548 διὰ
1640 1497 1690 1548 τί
1719 1496 1855 1561 ὅλως

274 1586 540 1652 πατρικαὶ
578 1585 705 1652 παρ’
746 1584 930 1647 αὐτοῖς
968 1588 1074 1639 εἱσι
1122 1587 1397 1656 βασιλείας
1444 1589 1725 1660 διαδοχαίς
1776 1591 1850 1643 Οὐ

271 1671 440 1744 δήπου
493 1676 600 1745 γὰρ
632 1675 861 1740 ἕκαστος
908 1678 1017 1729 τῶν
1068 1677 1333 1748 βασιλέων
1394 1684 1856 1755 παρατετηπμέ-

272 1783 379 1830 νως
410 1767 521 1836 (3'7)
570 1769 650 1831 είς
692 1769 750 1821 τὺ
794 1769 1070 1837 βασιλικὸν
1100 1770 1210 1825 τῶν
1250 1775 1493 1846 ἀστέρων
1524 1777 1708 1849 σχῆμα
1760 1775 1852 1829 τοῦ

274 1858 406 1912 ίδίου
436 1858 548 1911 υἱοῦ
574 1861 669 1932 τὴν
700 1862 913 1930 γένεσιν
945 1865 1252 1938 ἐναρμόζει.
1285 1870 1381 1931 Τίς
1412 1869 1520 1937 γὰρ
1552 1870 1854 1941 ἀνθρώπων

274 1948 461 2019 κύριος
510 1949 603 2002 τοῦ
639 1951 915 2017 τοιούτου;
956 1953 1081 2019 Πῶς
1121 1952 1214 2009 οὖν
1253 1954 1430 2020 Ὀζίας
1483 1959 1736 2027 ἐγέννησε
1767 1958 1857 2011 τὸν

287 2041 552 2112 Ἱωάθαμς
596 2044 831 2116 Ἰωάθαμ
868 2047 958 2099 τὸν
989 2046 1195 2116 Ἀχαζς
1226 2049 1402 2117 ’Ἄχας
1435 2048 1546 2117 (58)
1595 2049 1686 2101 τὸν
1714 2050 1860 2114 Ἐζε-

280 2132 441 2199 κίαν;
478 2134 572 2187 καὶ
616 2137 790 2202 οὐδεὶς
822 2140 880 2191 ἐν
912 2138 1119 2202 τούτοις
1161 2138 1378 2211 δουλικῇ
1422 2140 1710 2210 συνέτυχεν
1742 2141 1860 2213 ὥρᾳ

271 2228 567 2299 γενέσεως;
592 2232 819 2286 Ἔπειτα
840 2234 887 2284 εξ
909 2231 1131 2286 καὶτῶν
1159 2233 1298 2287 κατά
1321 2234 1519 2288 κακίαν
1541 2235 1635 2287 καὶ
1656 2235 1859 2306 ἀρετὴν

274 2320 670 2392 ἐνεργημάτων
715 2324 815 2377 οὐκ
852 2325 917 2378 ἐκ
954 2322 1047 2378 τοῦ
1096 2325 1181 2394 ἐφ’
1207 2326 1340 2397 ἡμῖν
1394 2326 1531 2379 εἰσιν
1565 2328 1621 2380 αἱ
1655 2325 1855 2397 ἀρχαὶ,

272 2412 387 2465 ἀλλ’
433 2416 497 2466 ἐκ
548 2415 648 2482 τῆς
682 2416 948 2483 γενέσεως
991 2418 1046 2470 αἱ
1093 2416 1350 2485 ἀνάγκαι,
1394 2420 1633 2489 περιττοὶ
1671 2417 1771 2488 μὲν
1807 2419 1857 2470 οἱ

270 2505 580 2575 νομοθέται,
621 2507 688 2558 τὰ
741 2510 990 2578 πρακτέα
1031 2512 1162 2578 ἡμῖν
1198 2511 1294 2562 καὶ
1336 2510 1406 2561 τὰ
1448 2510 1657 2577 φευκτά
1696 2510 1858 2581 διορί-

272 2596 458 2660 ζοντες
513 2596 664 2668 (59),
702 2598 948 2669 περιττοὶ
994 2598 1050 2652 δὲ
1101 2601 1195 2653 καὶ
1239 2601 1287 2653 oi
1341 2601 1619 2665 δικασταὶ,
1660 2602 1858 2673 ἀρετὴν

272 2688 568 2760 τιμῶντες,
628 2691 719 2744 καὶ
774 2691 1037 2764 πονηρίαν
1086 2692 1427 2757 κολάζοντες.
1474 2695 1547 2746 Οὐ
1604 2693 1713 2764 γὰρ
1764 2692 1856 2746 τοῦ

272 2781 503 2835 κλέπτου
542 2782 604 2835 τὸ
648 2784 911 2857 ἀδίκημα.
964 2784 1085 2838 οὐδὲ
1134 2784 1227 2838 τοῦ
1263 2786 1469 2854 φονέως
1541 2780 1584 2854 ᾧ
1627 2805 1689 2855 γε
1736 2787 1857 2840 οὐδὲ

275 2872 584 2944 βουλομένῳ
633 2874 857 2928 δυνατὸν
896 2871 962 2946 ἦν
1008 2878 1231 2947 κρατεῖν
1280 2876 1378 2947 τῆς
1432 2877 1611 2947 χειρὸς
1661 2875 1749 2928 διά
1798 2876 1857 2929 τὸ

272 2965 675 3034 ἀναπόδραστον
707 2968 805 3037 τῆς
843 2969 936 3020 ἐπὶ
984 2968 1083 3031 τὰς
1116 2969 1343 3039 πράξεις
1388 2967 1552 3021 αὐτὸν
1609 2984 1857 3021 κατεπει-

272 3058 475 3127 γούσης
499 3058 760 3125 ἀνάγκης.
788 3060 1153 3113 Ματαιότατοι
1181 3060 1237 3113 δὲ
1271 3060 1488 3114 πάντων
1520 3060 1614 3113 καὶ
1647 3061 1695 3113 οἱ
1726 3059 1856 3131 περ)⁸

272 3145 370 3209 τὰς
398 3146 591 3217 τέχνας
626 3146 979 3218 πονούμενοι·
1018 3148 1132 3200 ἀλλ’
1159 3149 1444 3220 εὐθηνήσει
1485 3152 1582 3221 μέν
1610 3151 1638 3201 ὁ
1680 3166 1855 3221 γεωρ-

1961 671 2101 720 cam,
2133 660 2261 726 quia
2324 660 2374 712 in
2435 660 2535 713 hoc
2587 659 2703 715 loco
2748 669 2877 723 stat,
2914 670 2985 725 et,
3019 666 3272 733 quoniam
3323 668 3390 722 ah
3437 671 3535 723 hac

1960 749 2315 816 conspicitur,
2350 750 2556 805 idcirco
2605 767 2722 805 cam
2769 757 2880 811 lieri
2921 757 3215 814 maleﬁcam
3254 778 3269 814 :
3302 772 3357 815 et
3389 776 3535 815 eam-

1959 840 2079 895 dem
2108 856 2314 905 rursus,
2333 856 2611 914 postquam
2632 847 2902 915 paululum
2923 848 3271 909 declinaverit
3294 870 3322 909 a
3341 855 3533 927 ﬁgura,

1960 948 2071 988 sua:
2132 934 2378 1001 protinus
2435 938 2677 991 oblivisci
2736 938 3127 1009 malignitatis?
3178 942 3353 1013 Atque
3418 948 3534 1002 haec

1960 1023 2172 1092 quidem
2209 1024 2489 1081 hactenus.
2512 1028 2567 1082 Si
2594 1043 2719 1083 vero
2749 1029 2976 1099 singulis
3004 1032 3265 1103 temporis
3293 1050 3533 1092 momen-

1963 1114 2030 1168 tis
2057 1114 2224 1169 stcllm
2257 1114 2309 1169 in
2346 1115 2504 1170 aliam
2534 1131 2694 1187 atque
2721 1120 2879 1173 aliam
2927 1132 3356 1180 transmutantur
3398 1129 3531 1198 ligu-

1960 1219 2098 1271 ram,
2128 1204 2171 1259 si
2206 1204 2258 1259 in
2289 1204 2374 1262 his
2411 1207 2706 1263 innumeris
2739 1214 3254 1270 commutationibus
3293 1231 3433 1285 saepe
3480 1219 3531 1273 iu

1960 1296 2046 1350 die
2077 1295 2349 1365 regiarum
2383 1299 2724 1362 nativitatum
2762 1302 3115 1372 ﬁgurationes
3148 1308 3529 1377 perﬁciuntur;

1959 1404 2056 1443 cur
2100 1388 2326 1458 singulis
2370 1390 2556 1445 diebus
2597 1408 2701 1446 non
2752 1404 3051 1450 nascuntur
3093 1399 3286 1467 reges?
3314 1412 3407 1455 aut
3437 1417 3534 1457 cur

1959 1481 2179 1535 omnino
2243 1482 2394 1550 regni
2449 1484 2821 1539 successiones
2890 1498 3127 1556 paternas
3182 1490 3323 1560 apud
3390 1494 3535 1562 ipsos

1959 1572 2120 1627 sunt?
2152 1570 2338 1640 Neque
2386 1573 2530 1627 enim
2587 1590 2678 1629 rex
2725 1575 2951 1643 quilibet
3000 1580 3287 1652 diligenter
3328 1584 3394 1638 ad
3445 1600 3534 1639 re-

1961 1666 2101 1730 giam
2129 1665 2407 1721 stellarum
2436 1664 2683 1736 ﬁguram,
2706 1666 2799 1722 lilii
2826 1671 2908 1724 sui
2936 1680 3114 1727 ortum
3138 1679 3527 1735 accommodat.

1960 1754 2093 1820 Quis
2118 1759 2261 1811 cuim
2304 1758 2608 1814 mortalium
2642 1758 2761 1814 talis
2787 1762 2865 1816 rei
2899 1763 3147 1819 dominus
3182 1782 3302 1822 esse
3329 1769 3534 1837 possit?

1960 1847 2240 1914 Quomodo
2256 1865 2382 1920 ergo
2400 1851 2561 1908 Ozias
2574 1854 2756 1923 genuit
2772 1852 3044 1921 Joatham,
3062 1856 3310 1913 Joatham
3327 1860 3530 1930 Achas,

1958 1940 2139 1995 Achas
2171 1940 2478 2006 Ezechiam.
2506 1956 2561 2000 et
2590 1946 2767 2003 nullus
2796 1963 2861 2003 ex
2894 1948 2977 2005 his
3000 1950 3252 2005 servilem
3284 1954 3534 2010 nativita-

1961 2031 2030 2087 tis
2056 2032 2244 2086 horam
2272 2044 2460 2087 nactus
2486 2035 2604 2088 est?
2633 2034 2921 2106 Prmterea,
2946 2042 2989 2094 si
3025 2043 3279 2098 vitiorum
3299 2055 3393 2099 aut
3423 2047 3528 2101 vir-

1960 2132 2131 2177 tutum
2160 2125 2423 2195 principia
2456 2142 2561 2181 non
2591 2139 2717 2182 sunt
2760 2130 2811 2183 in
2839 2131 2992 2185 nobis
3017 2133 3144 2198 sita,
3166 2137 3261 2190 sed
3296 2149 3419 2193 sunt
3442 2155 3533 2193 ηας

1959 2214 2246 2271 cessitates
2277 2216 2347 2271 ab
2387 2228 2509 2272 ortu
2553 2220 2881 2289 pendentes;
2913 2224 3130 2281 inutiles
3163 2237 3289 2283 sunt
3321 2228 3537 2298 legisla~

1961 2314 2125 2375 tores,
2158 2308 2250 2378 qui
2297 2309 2450 2367 nobis
2490 2314 2695 2383 agenda
2744 2330 2806 2371 ac
2847 2316 3101 2388 fugienda
3142 2322 3530 2391 prwscribunt;

1957 2400 2177 2459 inutiles
2226 2417 2439 2474 quoque
2470 2404 2698 2473 iudices,
2740 2409 2831 2477 qui
2862 2410 3116 2465 virtutem
3161 2412 3384 2480 honore,
3427 2415 3529 2488 57

1957 2494 2145 2549 vitium
2170 2498 2348 2564 pteuis
2383 2496 2641 2551 alliciunt.
2667 2496 2783 2552 Non
2811 2500 2955 2553 enim
2985 2500 3121 2556 furis
3146 2514 3229 2557 est
3254 2505 3531 2574 iniquitas.

1957 2591 2134 2655 neque
2166 2588 2481 2656 homicidm;
2509 2589 2598 2658 qui
2623 2606 2689 2645 ne
2717 2591 2899 2647 volens
2923 2594 3139 2661 quidem
3171 2606 3382 2666 poterat
3414 2615 3530 2654 ma-

1959 2691 2087 2729 num
2152 2679 2467 2745 continere,
2538 2682 2609 2737 ob
2679 2682 3080 2740 iueluctabilem
3153 2688 3528 2744 necessitatem

1959 2767 2132 2837 ipsum
2177 2772 2244 2826 ad
2290 2775 2554 2842 agendum
2599 2775 2987 2845 impellentem.
3027 2778 3315 2835 Vanissimi
3351 2793 3527 2837 autem

1958 2860 2199 2914 omnium
2249 2871 2378 2915 sunt
2413 2864 2503 2931 qui
2541 2874 2688 2921 artes
2720 2868 3018 2923 excolunt:
3054 2870 3252 2939 quippe
3290 2869 3530 2941 frugibus

1960 2951 2256 3005 abundabit
2298 2953 2555 3023 agricola,
2591 2957 2804 3011 tametsi
2849 2974 3025 3028 neque
3066 2959 3274 3015 semina
3315 2965 3372 3017 in
3420 2973 3528 3018 ter-

1958 3058 2074 3098 ram
2118 3045 2355 3116 dejiciat,
2393 3064 2565 3119 neque
2613 3048 2804 3106 falcem
2852 3064 3100 3109 exacuat.
3144 3054 3408 3112 Mercator
3445 3057 3529 3111 itia

1958 3138 2101 3205 dem,
2150 3140 2301 3204 velit,
2335 3142 2489 3207 nolit,
2538 3159 2699 3215 supra
2752 3145 2967 3201 modum
3021 3149 3269 3212 ditescct,
3319 3148 3431 3204 fato
3480 3151 3529 3205 ei

271 3239 401 3309 γδς,
440 3242 576 3311 μήτε
632 3240 921 3311 σπέρματα
976 3240 1345 3306 καταϐάλλων,
1394 3244 1530 3313 μήτε
1580 3244 1851 3315 δρεπάνην

1958 3246 2085 3300 opes
2134 3246 2511 3290 coacervante.
2567 3236 2769 3307 Magnae
2828 3251 3005 3293 autem
3051 3242 3153 3295 illae
3191 3242 3531 3299 Christiano-

272 3330 577 3405 θηξάμενος
657 3332 1094 3411 ὑπερπλουτήσει
1127 3334 1183 3386 δὲ
1220 3336 1247 3387 ὁ
1289 3333 1547 3405 ἔμπορος,
1585 3334 1683 3387 κᾶν
1731 3334 1852 3401 βού-

272 3422 465 3494 ληται,
516 3424 615 3478 κᾶν
666 3426 775 3496 μὴ,
820 3426 920 3496 τῆς
967 3427 1307 3499 εἱμαρμένης
1356 3426 1504 3497 αὑτῷ
1571 3426 1853 3498 συναθροι-

275 3510 474 3584 ζούσης
502 3516 570 3567 τὰ
596 3518 871 3586 χρήματα.
902 3519 966 3570 Ai
1004 3518 1060 3571 δέ
1099 3518 1333 3589 μεγάλαι
1374 3518 1481 3573 τῶν
1512 3520 1852 3591 Χριστιανῶν

273 3605 485 3669 ἐλπίδες
519 3606 741 3677 φροῦδαι
773 3607 882 3677 (40)
926 3611 1057 3679 ἡμῖν
1093 3612 1430 3681 οίχήσονται.
1475 3611 1597 3666 οὔτε
1644 3614 1850 3667 δικαιο-

274 3698 442 3770 σύνης
473 3700 810 3770 τιμωμένης,
842 3699 965 3753 οὕτε
1018 3705 1485 3774 κατακρινομένης
1532 3706 1631 3774 τῆς
1669 3707 1849 3775 ἁμαρ-

273 3792 413 3859 τίας,
438 3792 525 3846 διὰ
552 3793 613 3845 τὸ
647 3793 813 3864 μηδὲν
855 3793 995 3847 κατά
1028 3795 1346 3866 προαίρεσιν
1380 3796 1484 3848 ὑπὸ
1515 3796 1622 3850 τῶν
1652 3798 1853 3868 άνθριὶμ

277 3900 394 3937 πων
438 3884 822 3938 ἐπιτελεῖσθαι.
866 3886 1041 3939 Ὅπου
1096 3887 1204 3958 γὰρ
1251 3887 1463 3959 ἀνάγκη
1514 3888 1608 3941 καὶ
1653 3890 1851 3959 εἱμαρ-

279 3980 413 4047 μένη
449 3980 658 4049 κρατεῖ,
697 3979 950 4050 οὐδεμίαν
984 3980 1094 4050 ἔχει
1144 3978 1323 4053 χώραν
1361 3981 1421 4034 τὸ
1449 3981 1586 4052 πρὸς
1620 3982 1795 4049 ἀξίαν,
1824 3982 1854 4035 ὃ

275 4067 377 4137 τῆς
430 4069 822 4142 δικαιοκρισίας
885 4071 1162 4143 ἐξαίρετόν
1221 4074 1357 4126 ἐστι.
1404 4074 1513 4127 Καὶ
1564 4076 1700 4143 πρὸς
1753 4076 1853 4146 μὲν

277 4160 518 4224 ἐκείνους
548 4161 640 4214 ἐπὶ
667 4162 935 4216 τοσοῦτον.
961 4164 1095 4217 Οὔτε
1122 4166 1230 4235 γὰρ
1265 4166 1423 4235 ὑμεῖς
1460 4165 1717 4219 πλειόνων
1744 4167 1853 4220 δεῖο

277 4251 371 4306 σθε
399 4252 505 4322 (Η)
529 4253 702 4323 λόγων
735 4257 864 4329 παρ’
890 4255 1097 4308 ἑαυτῶν
1120 4256 1477 4323 ὑγιαίνοντες,
1510 4256 1537 4308 ὅ
1567 4274 1625 4309 τε
1664 4258 1852 4329 καιρὸς

274 4343 379 4398 οὐκ
414 4342 653 4398 ἐνδίδωσι
688 4346 835 4417 πέρα
866 4343 958 4398 τοῦ
996 4345 1197 4417 μέτρου
1228 4346 1364 4417 πρὸς
1402 4345 1600 4408 αὐτοὺς
1633 4345 1851 4400 ἀποτεί-

275 4436 477 4491 νεοθαι.

346 4527 401 4584 8.
442 4527 586 4598 Πρὸς
614 4528 670 4581 δὲ
702 4529 771 4582 τά
809 4529 935 4599 ἑξῆς
963 4528 1071 4581 τῶν
1107 4526 1365 4600 ῥημάτων
1395 4525 1506 4596 (42)
1548 4525 1853 4579 ἐπανέλθω-

1958 3335 2077 3375 rum
2111 3336 2234 3390 spes
2266 3335 2657 3381 evanescentes
2689 3328 2938 3383 excident
2983 3331 3157 3387 nobis.
3198 3349 3319 3389 cum
3354 3350 3527 3404 neque

1951 3409 2158 3478 iustitia
2213 3414 2507 3471 honoribus
2563 3418 2684 3474 ullis
2735 3418 3022 3488 adiciatur,
3049 3438 3222 3495 neque
3276 3428 3526 3497 puniatur

1957 3514 2270 3572 peccatum,
2317 3516 2603 3578 prepterea
2651 3514 2795 3582 quod
2839 3513 2970 3568 nihil
3005 3514 3074 3570 ab
3109 3516 3416 3575 hominibus
3467 3520 3525 3573 li-

1954 3598 2089 3652 bero
2135 3597 2302 3651 animi
2341 3601 2620 3669 proposito
2670 3612 2879 3673 agatur.
2916 3605 3051 3659 Nam
3094 3608 3183 3661 ubi
3230 3612 3529 3666 necessitas

1955 3698 2009 3743 et
2046 3688 2213 3744 fatum
2254 3690 2585 3758 dominatur,
2622 3694 2694 3749 ihi
2741 3696 3023 3767 dignitatis
3058 3699 3345 3769 meritique
3387 3702 3527 3755 ratio

1956 3782 2161 3839 nullum
2210 3783 2383 3838 locum
2436 3786 2598 3841 habet
2638 3805 2653 3841 :
2696 3787 2752 3843 id
2790 3789 2932 3858 quod
2983 3799 3158 3845 tamen
3196 3793 3524 3861 precipuum

1951 3871 2081 3940 justi
2120 3875 2304 3943 judicii
2340 3876 2743 3934 fundamentum
2776 3892 2884 3937 est.
2916 3881 2982 3936 Et
3010 3883 3225 3951 quidem
3270 3885 3525 3941 adversus

1957 3966 2077 4022 illos
2123 3968 2420 4037 hucusque.
2454 3968 2640 4042 Neque
2667 3975 2810 4028 enim
2850 3976 3314 4045 verbis-pluribus
3356 3983 3527 4051 egetis

1955 4073 2071 4124 vos,
2104 4060 2194 4131 qui
2247 4062 2458 4119 scilicet
2505 4078 2535 4118 a
2576 4065 2729 4121 vobis
2774 4067 2906 4137 ipsis
2950 4083 3095 4127 sanae
3138 4072 3333 4127 mentis
3362 4074 3523 4130 sitis:

1957 4170 2129 4223 neque
2156 4166 2368 4227 tempus
2394 4157 2535 4214 ultra
2567 4158 2781 4216 modum
2817 4162 3076 4217 adversus
3102 4177 3195 4219 eos
3226 4164 3400 4221 invehi
3429 4183 3525 4223 nos

1955 4252 2103 4306 sinit.

2028 4526 2081 4582 8.
2110 4524 2227 4581 Jam
2270 4527 2339 4583 ι]
2384 4530 2543 4587 verba
2594 4534 2979 4603 consequentia
3030 4534 3330 4590 redeamus.
3383 4534 3528 4595 Sim,

281 4637 397 4689 μεν.
430 4622 762 4685 Ἔστωσαν,
804 4622 991 4691 φησιν,
1040 4624 1127 4688 εἷς
1165 4620 1403 4689 σημεῖα,
1454 4619 1551 4672 καὶ
1600 4622 1687 4683 εἰς
1720 4637 1847 4673 και-

1960 4621 2154 4691 inquit,
2196 4622 2250 4676 in
2298 4624 2472 4693 signa,
2519 4634 2567 4678 et
2618 4624 2674 4678 in
2727 4601 2983 4693 tempora,
3021 4634 3070 4679 et
3115 4627 3171 4679 in
3208 4629 3338 4690 dies,
3370 4637 3415 4680 et
3472 4628 3525 4679 in

267 4712 439 4780 ροὺς.
466 4714 563 4767 καὶ
595 4716 677 4780 εἰς
718 4712 963 4782 ἡμέρας,
995 4714 1096 4767 καὶ
1128 4716 1213 4779 εὶς
1249 4712 1580 4777 ἐνιαυτούς,
1619 4711 1846 4781 Εἴρηται

1958 4731 2120 4767 annos
2150 4715 2217 4769 ”.
2254 4715 2465 4770 Dictum
2510 4725 2597 4771 est
2651 4732 2678 4769 a
2727 4716 2883 4772 nobis
2928 4718 2995 4771 de
3036 4718 3226 4787 signis.
3260 4717 3521 4786 Tempora

280 4804 406 4874 ἡμῖν
447 4806 515 4859 τὰ
562 4808 690 4872 περὶ
734 4806 840 4860 τῶν
875 4806 1135 4877 σημείων,
1182 4804 1422 4876 Καιροὺς
1463 4803 1521 4856 δὲ
1566 4803 1847 4875 ἡγούμεθα

1958 4821 2131 4864 autem
2160 4820 2412 4879 putamus
2438 4810 2541 4864 dici
2578 4811 2721 4878 ipsas
2760 4820 3137 4880 tempestatum
3173 4813 3521 4878 mutationes,

276 4894 453 4963 λέγειν
504 4900 603 4962 τὰς
658 4899 764 4952 τῶν
810 4897 969 4969 ὡρῶν
1018 4896 1346 4965 ἐναλλαγάς,
1402 4896 1702 4966 χειμῶνος,
1756 4897 1847 4949 καὶ

1958 4901 2169 4968 hiemis,
2206 4904 2370 4965 veris,
2407 4901 2610 4956 aestatis
2656 4910 2713 4956 et
2761 4905 2999 4955 autumni
3031 4921 3044 4957 :
3077 4904 3270 4973 quibus
3304 4905 3524 4958 ordina-

276 4985 470 5059 ἔαρος,
520 4992 614 5043 καὶ
659 4992 882 5062 θέρους,
926 4990 1021 5044 καὶ
1076 4988 1429 5060 μετοπώρουο
1464 4989 1529 5054 ἃς
1580 4988 1856 5056 εὐτάκτως

347 5156 394 5187 ⁸⁸
419 5153 554 5209 Gen.
596 5170 632 5219 ι,
672 5155 757 5208 Μ.

350 5265 459 5339 ('55)
498 5269 572 5340 lta
606 5279 835 5339 quatuor
882 5283 1013 5324 mss.
1060 5266 1199 5322 Editi
1246 5281 1373 5321 vero
1413 5267 1613 5336 ἀγαθὸν
1662 5269 1841 5340 ὑπάρ-

275 5339 623 5421 χεῖκέζιηξρηεξ
661 5349 864 5421 recte._
1124 5408 1136 5421 ,
1300 5406 1321 5419 .,
1395 5408 1408 5421 .
1478 5407 1490 5421 .

299 5402 311 5415 ’
348 5402 460 5477 (36)
491 5409 717 5464 Codices
742 5417 971 5475 quatuor
1003 5408 1236 5470 ποσάκις
1265 5406 1362 5477 τῆς
1385 5407 1618 5478 ἡμέρας,
1646 5412 1841 5478 quoties

273 5481 332 5535 in
358 5482 440 5533 die
465 5482 489 5533 7
518 5479 657 5534 Editi
697 5481 886 5534 saltem
915 5496 1035 5534 cum
1075 5478 1208 5549 Reg.
1237 5489 1429 5531 octavn
1456 5482 1672 5546 optima:
1705 5491 1843 5535 notae

276 5550 656 5627 missusa;
683 5549 916 5621 ἡμέρας.
1348 5617 1359 5627 .
1530 5617 1570 5627 _
1595 5618 1623 5627 ..

348 5620 457 5697 (57)
511 5617 736 5675 Codices
780 5617 885 5673 duo
936 5617 1472 5697 παρατετηρημένον.
1530 5617 1681 5697 Ενίίιὶ
1714 5634 1840 5697 eum

275 5690 396 5762 aliis
428 5705 554 5762 mss.
584 5691 1142 5762 mpure-cnpqpévw;_.
1166 5689 1282 5762 Mox
1313 5705 1405 5743 sex
1433 5704 1561 5743 mss.
1590 5689 1683 5740 τοῦ
1714 5689 1841 5740 ἰδίου

274 5760 415 5813 υἱοῦ.
445 5760 785 5814 Desideratur
820 5762 950 5813 ίδίου
986 5762 1036 5813 in
1062 5760 1242 5813 editis.
1434 5793 1441 5801 .

350 5828 459 5898 (58)
509 5830 657 5884 Colh.
718 5833 984 5887 secundus
1036 5827 1270 5898 ’ίωάθαμ
1333 5828 1390 5881 δὲ
1451 5828 1703 5897 ἐγέννησε
1754 5831 1841 5882 τὸν

281 5892 476 5971 Ἀχαζ.
516 5902 690 5971 Ἄχας
712 5900 789 5953 δέ.
826 5901 955 5971 lteg.
982 5914 1165 5957 sextus
1188 5892 1407 5953 Ἰωάθαν
1437 5892 1500 5952 δὲ’
1519 5899 1626 5951 τόν.

1966 5003 2050 5050 tus
2084 4994 2427 5048 lmuiuarium
2478 4977 2652 5048 motus
2699 4996 2905 5060 tribuit,
2935 5007 2991 5048 ut
3036 5012 3133 5051 nos
3170 4996 3416 5051 ordinate
3444 4994 3523 5049 l‘u-

2025 5270 2135 5337 (59)
2155 5269 2308 5342 Culh.
2334 5270 2602 5342 secundus
2623 5273 2889 5339 φευκταϊα
2910 5271 3043 5342 διορ.
3074 5271 3185 5325 Mox
3215 5272 3342 5342 Reg.
3366 5290 3495 5341 quin

1954 5351 2038 5394 tus
2068 5343 2117 5412 οἱ
2148 5341 2476 5405 δικάζοντες.
2518 5340 2651 5412 Reg.
2684 5352 2871 5396 sextus
2904 5340 3170 5411 τιμῶνηες
3198 5340 3524 5401 καῖκακίεν

1952 5410 2284 5475 κολάζοντες.

2023 5482 2134 5553 (40)
2177 5480 2663 5553 Codicesquiuque
2692 5482 2904 5553 ἐλπίδες
2944 5483 3185 5553 φροῦδαι.
3225 5482 3364 5553 Editi
3397 5501 3520 5540 cum

1954 5552 2083 5625 Reg.
2118 5551 2322 5625 octavo
2374 5551 2586 5625 ἐλπίδες
2620 5552 2871 5625 Δφροῦδοι.
2926 5551 3032 5608 hec
3079 5556 3151 5609 ua
3202 5551 3372 5609 multo
3406 5566 3525 5625 post

1955 5623 2103 5675 Bodl.
2128 5623 2157 5675 ὃ
2178 5626 2271 5693 τῆς
2303 5622 2515 5683 δικαίας
2538 5622 2789 5693 κρίσεως.

2023 5693 2135 5763 (Η)
2175 5692 2282 5744 ltuu
2306 5709 2433 5763 mss.
2459 5692 2683 5745 ἐδεῖσθε.

2023 5763 2133 5829 (69.)
2165 5762 2341 5837 (Iudex
2376 5762 2772 5837 Cntnheitégﬁg
2802 5765 2909 5817 τῶν
2941 5766 3140 5837 ῥητῶν.
3176 5766 3306 5835 Reg.
3339 5778 3524 5821 sextus

1953 5833 2075 5903 ἑξῆς
2108 5833 2198 5886 τοῦ
2230 5833 2386 5901 λόγου
2410 5833 2811 5903 ἐπανέλθωμεν.
