  <div class='ocr_page' id='page_1' title='image "/cluster/home/n/w/nwhite01/storage/ocr_20150623/29/ien.35556001660547/477.png"; bbox 0 0 4062 6448; ppageno 0'>
   <div class='ocr_carea' id='block_1_1' title="bbox 301 381 410 439">
    <p class='ocr_par' dir='ltr' id='par_1_1' title="bbox 301 381 410 439">
     <span class='ocr_line' id='line_1_1' title="bbox 301 381 410 439; baseline -0.037 1"><span class='ocrx_word' id='word_1_1' title='bbox 301 381 410 439; x_wconf 73' lang='grc'><strong>137</strong></span> 
     </span>
    </p>
   </div>
   <div class='ocr_carea' id='block_1_2' title="bbox 1397 381 2430 442">
    <p class='ocr_par' dir='ltr' id='par_1_2' title="bbox 1397 381 2430 442">
     <span class='ocr_line' id='line_1_2' title="bbox 1397 381 2430 442; baseline 0 -4"><span class='ocrx_word' id='word_1_2' title='bbox 1397 382 1682 438; x_wconf 81' lang='lat' dir='ltr'><strong>HOMILIA</strong></span> <span class='ocrx_word' id='word_1_3' title='bbox 1723 381 1791 437; x_wconf 81' lang='lat' dir='ltr'><strong>Vl</strong></span> <span class='ocrx_word' id='word_1_4' title='bbox 1831 382 1897 438; x_wconf 87' lang='lat' dir='ltr'><strong>IN</strong></span> <span class='ocrx_word' id='word_1_5' title='bbox 1935 382 2430 442; x_wconf 76' lang='lat' dir='ltr'><strong>HEXAEMERON.</strong></span> 
     </span>
    </p>
   </div>
   <div class='ocr_carea' id='block_1_3' title="bbox 3454 388 3552 443">
    <p class='ocr_par' dir='ltr' id='par_1_3' title="bbox 3454 388 3552 443">
     <span class='ocr_line' id='line_1_3' title="bbox 3454 388 3552 443; baseline -0.01 0"><span class='ocrx_word' id='word_1_6' title='bbox 3454 388 3552 443; x_wconf 69' lang='grc'><strong>158</strong></span> 
     </span>
    </p>
   </div>
   <div class='ocr_carea' id='block_1_4' title="bbox 300 502 1875 578">
    <p class='ocr_par' dir='ltr' id='par_1_4' title="bbox 300 502 1875 577">
     <span class='ocr_line' id='line_1_4' title="bbox 300 502 1875 577; baseline -0.004 -15"><span class='ocrx_word' id='word_1_7' title='bbox 300 508 660 577; x_wconf 64' lang='grc' dir='ltr'>ἐγγινομένην</span> <span class='ocrx_word' id='word_1_8' title='bbox 699 504 942 577; x_wconf 85' lang='grc' dir='ltr'><strong>πύρωσιν</strong></span> <span class='ocrx_word' id='word_1_9' title='bbox 977 503 1054 576; x_wconf 87' lang='grc' dir='ltr'>τῷ</span> <span class='ocrx_word' id='word_1_10' title='bbox 1083 504 1224 576; x_wconf 84' lang='grc' dir='ltr'><strong>ἀέρι,</strong></span> <span class='ocrx_word' id='word_1_11' title='bbox 1251 504 1348 574; x_wconf 79' lang='grc' dir='ltr'>ὅση</span> <span class='ocrx_word' id='word_1_12' title='bbox 1377 502 1459 567; x_wconf 90' lang='grc' dir='ltr'><strong>τίς</strong></span> <span class='ocrx_word' id='word_1_13' title='bbox 1487 517 1624 570; x_wconf 88' lang='grc' dir='ltr'>εστι,</span> <span class='ocrx_word' id='word_1_14' title='bbox 1663 504 1756 558; x_wconf 77' lang='grc' dir='ltr'>καὶ</span> <span class='ocrx_word' id='word_1_15' title='bbox 1788 521 1875 556; x_wconf 88' lang='grc' dir='ltr'>πο-</span> 
     </span>
    </p>
   </div>
   <div class='ocr_carea' id='block_1_5' title="bbox 1982 502 3550 578">
    <p class='ocr_par' dir='ltr' id='par_1_5' title="bbox 1982 505 3550 578">
     <span class='ocr_line' id='line_1_5' title="bbox 1982 505 3550 578; baseline 0.005 -20"><span class='ocrx_word' id='word_1_16' title='bbox 1982 505 2407 561; x_wconf 85' lang='lat' dir='ltr'><strong>mediocritatem</strong></span> <span class='ocrx_word' id='word_1_17' title='bbox 2441 505 2508 561; x_wconf 83' lang='lat' dir='ltr'><strong>ad</strong></span> <span class='ocrx_word' id='word_1_18' title='bbox 2534 505 2768 560; x_wconf 84' lang='lat' dir='ltr'><strong>hiemem</strong></span> <span class='ocrx_word' id='word_1_19' title='bbox 2799 521 2896 563; x_wconf 88' lang='lat' dir='ltr'><strong>nos</strong></span> <span class='ocrx_word' id='word_1_20' title='bbox 2918 508 3054 564; x_wconf 88' lang='lat' dir='ltr'><strong>citra</strong></span> <span class='ocrx_word' id='word_1_21' title='bbox 3087 524 3280 564; x_wconf 82' lang='lat' dir='ltr'><strong>noxam</strong></span> <span class='ocrx_word' id='word_1_22' title='bbox 3310 511 3550 578; x_wconf 94' lang='lat' dir='ltr'><strong>deducit,</strong></span> 
     </span>
    </p>
   </div>
   <div class='ocr_carea' id='block_1_6' title="bbox 300 592 1877 667">
    <p class='ocr_par' dir='ltr' id='par_1_6' title="bbox 300 592 1877 667">
     <span class='ocr_line' id='line_1_6' title="bbox 300 592 1877 667; baseline -0.005 -15"><span class='ocrx_word' id='word_1_23' title='bbox 300 597 490 652; x_wconf 84' lang='grc' dir='ltr'>ταπῶν</span> <span class='ocrx_word' id='word_1_24' title='bbox 515 597 902 667; x_wconf 83' lang='grc' dir='ltr'>ἀποτελεστικὴ</span> <span class='ocrx_word' id='word_1_25' title='bbox 941 594 1054 666; x_wconf 78' lang='grc'><strong>(47)</strong></span> <span class='ocrx_word' id='word_1_26' title='bbox 1101 592 1539 665; x_wconf 85' lang='grc' dir='ltr'><strong>συμπτωμάτων.</strong></span> <span class='ocrx_word' id='word_1_27' title='bbox 1602 592 1877 646; x_wconf 82' lang='grc' dir='ltr'><strong>Ἐντεῦθεν</strong></span> 
     </span>
    </p>
   </div>
   <div class='ocr_carea' id='block_1_7' title="bbox 300 683 1874 763">
    <p class='ocr_par' dir='ltr' id='par_1_7' title="bbox 300 683 1874 763">
     <span class='ocr_line' id='line_1_7' title="bbox 300 683 1874 763; baseline -0.007 -16"><span class='ocrx_word' id='word_1_28' title='bbox 300 692 657 763; x_wconf 77' lang='grc' dir='ltr'><strong>διαδεξαμένη</strong></span> <span class='ocrx_word' id='word_1_29' title='bbox 683 694 833 763; x_wconf 79' lang='grc' dir='ltr'>ἡμᾶς</span> <span class='ocrx_word' id='word_1_30' title='bbox 851 690 945 744; x_wconf 85' lang='grc' dir='ltr'><strong>τοῦ</strong></span> <span class='ocrx_word' id='word_1_31' title='bbox 988 687 1300 761; x_wconf 82' lang='grc' dir='ltr'><strong>μετοπώρου</strong></span> <span class='ocrx_word' id='word_1_32' title='bbox 1334 688 1366 757; x_wconf 82' lang='grc' dir='ltr'><strong>ἡ</strong></span> <span class='ocrx_word' id='word_1_33' title='bbox 1412 685 1551 758; x_wconf 84' lang='grc' dir='ltr'>ὥρα,</span> <span class='ocrx_word' id='word_1_34' title='bbox 1583 683 1874 756; x_wconf 88' lang='grc' dir='ltr'>ὑποθραύει</span> 
     </span>
    </p>
   </div>
   <div class='ocr_carea' id='block_1_8' title="bbox 305 774 1878 857">
    <p class='ocr_par' dir='ltr' id='par_1_8' title="bbox 305 774 1878 857">
     <span class='ocr_line' id='line_1_8' title="bbox 305 774 1878 857; baseline -0.007 -19"><span class='ocrx_word' id='word_1_35' title='bbox 305 786 405 857; x_wconf 76' lang='grc' dir='ltr'><strong>μὲν</strong></span> <span class='ocrx_word' id='word_1_36' title='bbox 437 785 531 838; x_wconf 84' lang='grc' dir='ltr'><strong>τοῦ</strong></span> <span class='ocrx_word' id='word_1_37' title='bbox 546 785 770 854; x_wconf 76' lang='grc' dir='ltr'><strong>πνίγους</strong></span> <span class='ocrx_word' id='word_1_38' title='bbox 798 783 909 856; x_wconf 60' lang='grc'><strong>(48)</strong></span> <span class='ocrx_word' id='word_1_39' title='bbox 930 783 991 837; x_wconf 82' lang='grc' dir='ltr'><strong>τὸ</strong></span> <span class='ocrx_word' id='word_1_40' title='bbox 1013 779 1367 851; x_wconf 84' lang='grc' dir='ltr'>ὑπερϐάλλον,</span> <span class='ocrx_word' id='word_1_41' title='bbox 1403 777 1542 832; x_wconf 88' lang='grc' dir='ltr'><strong>κατά</strong></span> <span class='ocrx_word' id='word_1_42' title='bbox 1581 776 1774 848; x_wconf 84' lang='grc' dir='ltr'>μικρὸν</span> <span class='ocrx_word' id='word_1_43' title='bbox 1821 774 1878 827; x_wconf 87' lang='grc' dir='ltr'>δὲ</span> 
     </span>
    </p>
   </div>
   <div class='ocr_carea' id='block_1_9' title="bbox 302 867 1878 948">
    <p class='ocr_par' dir='ltr' id='par_1_9' title="bbox 302 867 1878 948">
     <span class='ocr_line' id='line_1_9' title="bbox 302 867 1878 948; baseline -0.006 -19"><span class='ocrx_word' id='word_1_44' title='bbox 302 879 524 946; x_wconf 80' lang='grc' dir='ltr'>ὑφιεῖσα</span> <span class='ocrx_word' id='word_1_45' title='bbox 548 877 647 948; x_wconf 85' lang='grc' dir='ltr'>τῆς</span> <span class='ocrx_word' id='word_1_46' title='bbox 678 877 909 948; x_wconf 83' lang='grc' dir='ltr'>θέρμης,</span> <span class='ocrx_word' id='word_1_47' title='bbox 952 874 1040 928; x_wconf 85' lang='grc' dir='ltr'>διὰ</span> <span class='ocrx_word' id='word_1_48' title='bbox 1065 874 1163 944; x_wconf 81' lang='grc' dir='ltr'>τῆς</span> <span class='ocrx_word' id='word_1_49' title='bbox 1193 872 1336 926; x_wconf 85' lang='grc' dir='ltr'>κατὰ</span> <span class='ocrx_word' id='word_1_50' title='bbox 1361 871 1459 942; x_wconf 86' lang='grc' dir='ltr'>τὴν</span> <span class='ocrx_word' id='word_1_51' title='bbox 1487 872 1679 941; x_wconf 80' lang='grc' dir='ltr'>κρᾶσιν</span> <span class='ocrx_word' id='word_1_52' title='bbox 1721 867 1878 939; x_wconf 90' lang='grc' dir='ltr'>μεσό-</span> 
     </span>
    </p>
   </div>
   <div class='ocr_carea' id='block_1_10' title="bbox 301 961 1875 1041">
    <p class='ocr_par' dir='ltr' id='par_1_10' title="bbox 301 961 1875 1041">
     <span class='ocr_line' id='line_1_10' title="bbox 301 961 1875 1041; baseline -0.007 -18"><span class='ocrx_word' id='word_1_53' title='bbox 301 988 464 1040; x_wconf 90' lang='grc' dir='ltr'>τητος</span> <span class='ocrx_word' id='word_1_54' title='bbox 480 969 732 1034; x_wconf 86' lang='grc' dir='ltr'>ἀϐλαϐῶς</span> <span class='ocrx_word' id='word_1_55' title='bbox 758 971 908 1041; x_wconf 81' lang='grc' dir='ltr'>ἡμᾶς</span> <span class='ocrx_word' id='word_1_56' title='bbox 928 967 994 1020; x_wconf 85' lang='grc' dir='ltr'>δι’</span> <span class='ocrx_word' id='word_1_57' title='bbox 1022 965 1218 1036; x_wconf 78' lang='grc' dir='ltr'>ἑαυτῆς</span> <span class='ocrx_word' id='word_1_58' title='bbox 1240 965 1319 1035; x_wconf 80' lang='grc' dir='ltr'>τῷ</span> <span class='ocrx_word' id='word_1_59' title='bbox 1339 963 1566 1036; x_wconf 86' lang='grc' dir='ltr'>χειμῶνι</span> <span class='ocrx_word' id='word_1_60' title='bbox 1592 961 1875 1033; x_wconf 81' lang='grc' dir='ltr'>προσάγει·</span> 
     </span>
    </p>
   </div>
   <div class='ocr_carea' id='block_1_11' title="bbox 300 1050 1879 1136">
    <p class='ocr_par' dir='ltr' id='par_1_11' title="bbox 300 1050 1879 1136">
     <span class='ocr_line' id='line_1_11' title="bbox 300 1050 1879 1136; baseline -0.009 -19"><span class='ocrx_word' id='word_1_61' title='bbox 300 1063 545 1136; x_wconf 84' lang='grc' dir='ltr'>δηλονότι</span> <span class='ocrx_word' id='word_1_62' title='bbox 573 1061 666 1116; x_wconf 79' lang='grc' dir='ltr'><strong>τοῦ</strong></span> <span class='ocrx_word' id='word_1_63' title='bbox 694 1062 846 1134; x_wconf 81' lang='grc' dir='ltr'>ἡλίου</span> <span class='ocrx_word' id='word_1_64' title='bbox 881 1059 1042 1113; x_wconf 88' lang='grc' dir='ltr'>πάλιν</span> <span class='ocrx_word' id='word_1_65' title='bbox 1078 1058 1187 1111; x_wconf 82' lang='grc' dir='ltr'><strong>ἀπὸ</strong></span> <span class='ocrx_word' id='word_1_66' title='bbox 1210 1059 1319 1110; x_wconf 84' lang='grc' dir='ltr'>τῶν</span> <span class='ocrx_word' id='word_1_67' title='bbox 1345 1053 1728 1126; x_wconf 82' lang='grc' dir='ltr'><strong>προσαρκτίων</strong></span> <span class='ocrx_word' id='word_1_68' title='bbox 1786 1050 1879 1104; x_wconf 70' lang='grc' dir='ltr'><strong>ἐπὶ</strong></span> 
     </span>
    </p>
   </div>
   <div class='ocr_carea' id='block_1_12' title="bbox 299 1143 1881 1225">
    <p class='ocr_par' dir='ltr' id='par_1_12' title="bbox 299 1143 1881 1225">
     <span class='ocr_line' id='line_1_12' title="bbox 299 1143 1881 1225; baseline -0.009 -17"><span class='ocrx_word' id='word_1_69' title='bbox 299 1155 372 1208; x_wconf 76' lang='grc' dir='ltr'><strong>τὰ</strong></span> <span class='ocrx_word' id='word_1_70' title='bbox 396 1155 547 1210; x_wconf 85' lang='grc' dir='ltr'>νότια</span> <span class='ocrx_word' id='word_1_71' title='bbox 577 1143 1207 1225; x_wconf 77' lang='grc' dir='ltr'>ὑποστρέφοντος.Δῦται</span> <span class='ocrx_word' id='word_1_72' title='bbox 1227 1148 1335 1201; x_wconf 84' lang='grc' dir='ltr'><strong>τῶν</strong></span> <span class='ocrx_word' id='word_1_73' title='bbox 1363 1146 1519 1216; x_wconf 85' lang='grc' dir='ltr'>ὡρῶν</span> <span class='ocrx_word' id='word_1_74' title='bbox 1550 1144 1606 1197; x_wconf 89' lang='grc' dir='ltr'><strong>αί</strong></span> <span class='ocrx_word' id='word_1_75' title='bbox 1636 1159 1881 1213; x_wconf 89' lang='grc' dir='ltr'>περιτρο-</span> 
     </span>
    </p>
   </div>
   <div class='ocr_carea' id='block_1_13' title="bbox 303 1236 1879 1316">
    <p class='ocr_par' dir='ltr' id='par_1_13' title="bbox 303 1236 1879 1316">
     <span class='ocr_line' id='line_1_13' title="bbox 303 1236 1879 1316; baseline -0.01 -14"><span class='ocrx_word' id='word_1_76' title='bbox 303 1249 425 1313; x_wconf 75' lang='grc' dir='ltr'>παὶ,</span> <span class='ocrx_word' id='word_1_77' title='bbox 475 1250 596 1314; x_wconf 87' lang='grc' dir='ltr'>ταῖς</span> <span class='ocrx_word' id='word_1_78' title='bbox 643 1246 919 1316; x_wconf 82' lang='grc' dir='ltr'><strong>κινήσεσιν</strong></span> <span class='ocrx_word' id='word_1_79' title='bbox 961 1243 1226 1313; x_wconf 78' lang='grc' dir='ltr'>ἑπόμεναι</span> <span class='ocrx_word' id='word_1_80' title='bbox 1285 1239 1376 1292; x_wconf 81' lang='grc' dir='ltr'>τοῦ</span> <span class='ocrx_word' id='word_1_81' title='bbox 1420 1238 1593 1308; x_wconf 75' lang='grc' dir='ltr'>ἡλίου,</span> <span class='ocrx_word' id='word_1_82' title='bbox 1635 1237 1726 1289; x_wconf 86' lang='grc' dir='ltr'><strong>τὸν</strong></span> <span class='ocrx_word' id='word_1_83' title='bbox 1768 1236 1879 1305; x_wconf 85' lang='grc' dir='ltr'>βίον</span> 
     </span>
    </p>
   </div>
   <div class='ocr_carea' id='block_1_14' title="bbox 301 1325 1878 1410">
    <p class='ocr_par' dir='ltr' id='par_1_14' title="bbox 301 1325 1878 1410">
     <span class='ocr_line' id='line_1_14' title="bbox 301 1325 1878 1410; baseline -0.011 -16"><span class='ocrx_word' id='word_1_84' title='bbox 301 1341 437 1410; x_wconf 77' lang='grc' dir='ltr'>ἡμῖν</span> <span class='ocrx_word' id='word_1_85' title='bbox 483 1335 876 1406; x_wconf 84' lang='grc' dir='ltr'>οίκονομοῦσιν.</span> <span class='ocrx_word' id='word_1_86' title='bbox 940 1335 1259 1388; x_wconf 83' lang='grc' dir='ltr'>Ἔστωσαν</span> <span class='ocrx_word' id='word_1_87' title='bbox 1303 1329 1380 1392; x_wconf 86' lang='grc' dir='ltr'><strong>δέ,</strong></span> <span class='ocrx_word' id='word_1_88' title='bbox 1429 1327 1594 1398; x_wconf 78' lang='grc' dir='ltr'>φησὶ,</span> <span class='ocrx_word' id='word_1_89' title='bbox 1651 1325 1750 1378; x_wconf 80' lang='grc' dir='ltr'>καὶ</span> <span class='ocrx_word' id='word_1_90' title='bbox 1795 1327 1878 1389; x_wconf 89' lang='grc' dir='ltr'><strong>είς</strong></span> 
     </span>
    </p>
   </div>
   <div class='ocr_carea' id='block_1_15' title="bbox 299 1417 1880 1500">
    <p class='ocr_par' dir='ltr' id='par_1_15' title="bbox 299 1417 1880 1500">
     <span class='ocr_line' id='line_1_15' title="bbox 299 1417 1880 1500; baseline -0.01 -17"><span class='ocrx_word' id='word_1_91' title='bbox 299 1429 545 1500; x_wconf 77' lang='grc' dir='ltr'>ἡμέρας·</span> <span class='ocrx_word' id='word_1_92' title='bbox 577 1428 674 1498; x_wconf 88' lang='grc' dir='ltr'><strong>οὐχ</strong></span> <span class='ocrx_word' id='word_1_93' title='bbox 699 1425 839 1479; x_wconf 83' lang='grc' dir='ltr'>ὥστε</span> <span class='ocrx_word' id='word_1_94' title='bbox 885 1425 1096 1497; x_wconf 77' lang='grc' dir='ltr'>ἡμέρας</span> <span class='ocrx_word' id='word_1_95' title='bbox 1138 1423 1331 1485; x_wconf 82' lang='grc' dir='ltr'>ποιεῖν,</span> <span class='ocrx_word' id='word_1_96' title='bbox 1374 1419 1489 1473; x_wconf 86' lang='grc' dir='ltr'>ἀλλ’</span> <span class='ocrx_word' id='word_1_97' title='bbox 1515 1417 1654 1471; x_wconf 84' lang='grc' dir='ltr'>ὥστε</span> <span class='ocrx_word' id='word_1_98' title='bbox 1677 1417 1880 1486; x_wconf 90' lang='grc' dir='ltr'>κατάρ-</span> 
     </span>
    </p>
   </div>
   <div class='ocr_carea' id='block_1_16' title="bbox 301 1508 1879 1593">
    <p class='ocr_par' dir='ltr' id='par_1_16' title="bbox 301 1508 1879 1593">
     <span class='ocr_line' id='line_1_16' title="bbox 301 1508 1879 1593; baseline -0.01 -18"><span class='ocrx_word' id='word_1_99' title='bbox 301 1539 419 1593; x_wconf 88' lang='grc' dir='ltr'>χειν</span> <span class='ocrx_word' id='word_1_100' title='bbox 450 1520 558 1574; x_wconf 86' lang='grc' dir='ltr'>τῶν</span> <span class='ocrx_word' id='word_1_101' title='bbox 585 1517 828 1590; x_wconf 77' lang='grc' dir='ltr'>ἡμερῶν.</span> <span class='ocrx_word' id='word_1_102' title='bbox 867 1517 1078 1588; x_wconf 80' lang='grc' dir='ltr'>Ἡμέρα</span> <span class='ocrx_word' id='word_1_103' title='bbox 1129 1513 1237 1585; x_wconf 79' lang='grc' dir='ltr'><strong>γάρ</strong></span> <span class='ocrx_word' id='word_1_104' title='bbox 1269 1512 1364 1566; x_wconf 73' lang='grc' dir='ltr'>καὶ</span> <span class='ocrx_word' id='word_1_105' title='bbox 1401 1510 1496 1577; x_wconf 79' lang='grc' dir='ltr'><strong>νὺξ</strong></span> <span class='ocrx_word' id='word_1_106' title='bbox 1535 1508 1879 1582; x_wconf 88' lang='grc' dir='ltr'>πρεσϐύτερα</span> 
     </span>
    </p>
   </div>
   <div class='ocr_carea' id='block_1_17' title="bbox 299 1601 1880 1685">
    <p class='ocr_par' dir='ltr' id='par_1_17' title="bbox 299 1601 1880 1685">
     <span class='ocr_line' id='line_1_17' title="bbox 299 1601 1880 1685; baseline -0.016 -9"><span class='ocrx_word' id='word_1_107' title='bbox 299 1615 401 1685; x_wconf 81' lang='grc' dir='ltr'><strong>τῆς</strong></span> <span class='ocrx_word' id='word_1_108' title='bbox 431 1612 538 1666; x_wconf 83' lang='grc' dir='ltr'>τῶν</span> <span class='ocrx_word' id='word_1_109' title='bbox 566 1613 867 1682; x_wconf 77' lang='grc' dir='ltr'>φωστήρων</span> <span class='ocrx_word' id='word_1_110' title='bbox 901 1607 1185 1677; x_wconf 86' lang='grc' dir='ltr'>γενέσεως.</span> <span class='ocrx_word' id='word_1_111' title='bbox 1223 1605 1393 1660; x_wconf 84' lang='grc' dir='ltr'>Τοῦτο</span> <span class='ocrx_word' id='word_1_112' title='bbox 1425 1603 1532 1674; x_wconf 75' lang='grc' dir='ltr'><strong>γὰρ</strong></span> <span class='ocrx_word' id='word_1_113' title='bbox 1553 1601 1880 1655; x_wconf 76' lang='grc' dir='ltr'>ἐνδείκνυται</span> 
     </span>
    </p>
   </div>
   <div class='ocr_carea' id='block_1_18' title="bbox 300 1692 1881 1778">
    <p class='ocr_par' dir='ltr' id='par_1_18' title="bbox 300 1692 1881 1778">
     <span class='ocr_line' id='line_1_18' title="bbox 300 1692 1881 1778; baseline -0.011 -17"><span class='ocrx_word' id='word_1_114' title='bbox 300 1709 436 1778; x_wconf 78' lang='grc' dir='ltr'>ἡμῖν</span> <span class='ocrx_word' id='word_1_115' title='bbox 469 1707 561 1759; x_wconf 77' lang='grc' dir='ltr'><strong>καὶ</strong></span> <span class='ocrx_word' id='word_1_116' title='bbox 598 1708 625 1759; x_wconf 90' lang='lat'><strong>6</strong></span> <span class='ocrx_word' id='word_1_117' title='bbox 660 1704 871 1776; x_wconf 79' lang='grc' dir='ltr'>ψαλμὸς</span> <span class='ocrx_word' id='word_1_118' title='bbox 921 1702 1114 1770; x_wconf 85' lang='grc' dir='ltr'>λέγων·</span> <span class='ocrx_word' id='word_1_119' title='bbox 1153 1702 1362 1754; x_wconf 86' lang='grc' dir='ltr'>Ἔθετο</span> <span class='ocrx_word' id='word_1_120' title='bbox 1391 1697 1569 1764; x_wconf 71' lang='grc' dir='ltr'>ἥλιον</span> <span class='ocrx_word' id='word_1_121' title='bbox 1600 1697 1686 1758; x_wconf 84' lang='grc' dir='ltr'><strong>είς</strong></span> <span class='ocrx_word' id='word_1_122' title='bbox 1716 1692 1881 1757; x_wconf 78' lang='grc' dir='ltr'><strong>ἐξου-</strong></span> 
     </span>
    </p>
   </div>
   <div class='ocr_carea' id='block_1_19' title="bbox 298 1785 1878 1868">
    <p class='ocr_par' dir='ltr' id='par_1_19' title="bbox 298 1785 1878 1868">
     <span class='ocr_line' id='line_1_19' title="bbox 298 1785 1878 1868; baseline -0.01 -15"><span class='ocrx_word' id='word_1_123' title='bbox 298 1800 446 1853; x_wconf 83' lang='grc' dir='ltr'>σία-ν</span> <span class='ocrx_word' id='word_1_124' title='bbox 488 1798 599 1868; x_wconf 84' lang='grc' dir='ltr'>τῆς</span> <span class='ocrx_word' id='word_1_125' title='bbox 632 1798 880 1867; x_wconf 77' lang='grc' dir='ltr'>ἡμέρας,</span> <span class='ocrx_word' id='word_1_126' title='bbox 927 1793 1205 1861; x_wconf 74' lang='grc' dir='ltr'>σελήνην</span> <span class='ocrx_word' id='word_1_127' title='bbox 1241 1790 1338 1844; x_wconf 79' lang='grc' dir='ltr'><strong>καί</strong></span> <span class='ocrx_word' id='word_1_128' title='bbox 1372 1788 1632 1855; x_wconf 81' lang='grc' dir='ltr'>ἀστέρας</span> <span class='ocrx_word' id='word_1_129' title='bbox 1673 1789 1760 1851; x_wconf 83' lang='grc' dir='ltr'><strong>εις</strong></span> <span class='ocrx_word' id='word_1_130' title='bbox 1780 1785 1878 1849; x_wconf 68' lang='grc' dir='ltr'><strong>ἐξα</strong></span> 
     </span>
    </p>
   </div>
   <div class='ocr_carea' id='block_1_20' title="bbox 301 1876 1882 1956">
    <p class='ocr_par' dir='ltr' id='par_1_20' title="bbox 301 1876 1882 1956">
     <span class='ocr_line' id='line_1_20' title="bbox 301 1876 1882 1956; baseline -0.01 -12"><span class='ocrx_word' id='word_1_131' title='bbox 301 1891 528 1944; x_wconf 81' lang='grc' dir='ltr'>ουσίαν</span> <span class='ocrx_word' id='word_1_132' title='bbox 547 1888 657 1956; x_wconf 84' lang='grc' dir='ltr'>τῆς</span> <span class='ocrx_word' id='word_1_133' title='bbox 680 1887 919 1953; x_wconf 81' lang='grc' dir='ltr'>νυκτός.</span> <span class='ocrx_word' id='word_1_134' title='bbox 976 1885 1097 1948; x_wconf 84' lang='grc' dir='ltr'>Πῶς</span> <span class='ocrx_word' id='word_1_135' title='bbox 1126 1879 1218 1936; x_wconf 76' lang='grc' dir='ltr'><strong>οὖν</strong></span> <span class='ocrx_word' id='word_1_136' title='bbox 1247 1880 1359 1950; x_wconf 72' lang='grc' dir='ltr'>ἔχει</span> <span class='ocrx_word' id='word_1_137' title='bbox 1387 1878 1485 1949; x_wconf 76' lang='grc' dir='ltr'><strong>τὴν</strong></span> <span class='ocrx_word' id='word_1_138' title='bbox 1507 1877 1755 1942; x_wconf 75' lang='grc' dir='ltr'>ἐξουσίαν</span> <span class='ocrx_word' id='word_1_139' title='bbox 1784 1876 1882 1945; x_wconf 80' lang='grc' dir='ltr'><strong>τῆς</strong></span> 
     </span>
    </p>
   </div>
   <div class='ocr_carea' id='block_1_21' title="bbox 1987 598 3552 672">
    <p class='ocr_par' dir='ltr' id='par_1_21' title="bbox 1987 598 3552 672">
     <span class='ocr_line' id='line_1_21' title="bbox 1987 598 3552 672; baseline 0.004 -20"><span class='ocrx_word' id='word_1_140' title='bbox 1987 599 2100 654; x_wconf 88' lang='lat' dir='ltr'><strong>sole</strong></span> <span class='ocrx_word' id='word_1_141' title='bbox 2144 598 2397 654; x_wconf 80' lang='lat' dir='ltr'><strong>videlicet</strong></span> <span class='ocrx_word' id='word_1_142' title='bbox 2443 613 2631 654; x_wconf 81' lang='lat' dir='ltr'><strong>rursus</strong></span> <span class='ocrx_word' id='word_1_143' title='bbox 2675 598 2743 654; x_wconf 89' lang='lat' dir='ltr'><strong>ab</strong></span> <span class='ocrx_word' id='word_1_144' title='bbox 2791 601 3080 669; x_wconf 87' lang='lat' dir='ltr'><strong>aquiloniis</strong></span> <span class='ocrx_word' id='word_1_145' title='bbox 3125 604 3432 672; x_wconf 77' lang='lat' dir='ltr'><strong>regionibus</strong></span> <span class='ocrx_word' id='word_1_146' title='bbox 3486 605 3552 659; x_wconf 88' lang='lat' dir='ltr'><strong>ad</strong></span> 
     </span>
    </p>
   </div>
   <div class='ocr_carea' id='block_1_22' title="bbox 1983 689 3550 764">
    <p class='ocr_par' dir='ltr' id='par_1_22' title="bbox 1983 689 3550 764">
     <span class='ocr_line' id='line_1_22' title="bbox 1983 689 3550 764; baseline 0.005 -20"><span class='ocrx_word' id='word_1_147' title='bbox 1983 692 2258 747; x_wconf 86' lang='lat' dir='ltr'><strong>austrinas</strong></span> <span class='ocrx_word' id='word_1_148' title='bbox 2287 700 2580 746; x_wconf 76' lang='lat' dir='ltr'><strong>remeante.</strong></span> <span class='ocrx_word' id='word_1_149' title='bbox 2619 689 2712 746; x_wconf 74' lang='lat' dir='ltr'><strong>Has</strong></span> <span class='ocrx_word' id='word_1_150' title='bbox 2748 692 2902 762; x_wconf 67' lang='lat' dir='ltr'><strong>ipsas,</strong></span> <span class='ocrx_word' id='word_1_151' title='bbox 2927 708 3047 764; x_wconf 65' lang='lat' dir='ltr'><strong>quae</strong></span> <span class='ocrx_word' id='word_1_152' title='bbox 3079 695 3206 750; x_wconf 87' lang='lat' dir='ltr'><strong>solis</strong></span> <span class='ocrx_word' id='word_1_153' title='bbox 3239 706 3442 752; x_wconf 90' lang='lat' dir='ltr'><strong>motum</strong></span> <span class='ocrx_word' id='word_1_154' title='bbox 3467 712 3550 752; x_wconf 85' lang='lat' dir='ltr'><strong>se-</strong></span> 
     </span>
    </p>
   </div>
   <div class='ocr_carea' id='block_1_23' title="bbox 1984 781 3552 852">
    <p class='ocr_par' dir='ltr' id='par_1_23' title="bbox 1984 781 3552 852">
     <span class='ocr_line' id='line_1_23' title="bbox 1984 781 3552 852; baseline 0.004 -17"><span class='ocrx_word' id='word_1_155' title='bbox 1984 791 2248 852; x_wconf 91' lang='lat' dir='ltr'><strong>quuntur,</strong></span> <span class='ocrx_word' id='word_1_156' title='bbox 2297 789 2600 850; x_wconf 85' lang='lat' dir='ltr'><strong>temporum</strong></span> <span class='ocrx_word' id='word_1_157' title='bbox 2644 781 3068 851; x_wconf 76' lang='lat' dir='ltr'><strong>vicissitudines,</strong></span> <span class='ocrx_word' id='word_1_158' title='bbox 3100 785 3262 839; x_wconf 80' lang='lat' dir='ltr'><strong>vitam</strong></span> <span class='ocrx_word' id='word_1_159' title='bbox 3309 791 3552 841; x_wconf 83' lang='lat' dir='ltr'><strong>nostram</strong></span> 
     </span>
    </p>
   </div>
   <div class='ocr_carea' id='block_1_24' title="bbox 1983 871 3555 943">
    <p class='ocr_par' dir='ltr' id='par_1_24' title="bbox 1983 871 3555 943">
     <span class='ocr_line' id='line_1_24' title="bbox 1983 871 3555 943; baseline 0.004 -16"><span class='ocrx_word' id='word_1_160' title='bbox 1983 873 2355 928; x_wconf 74' lang='lat' dir='ltr'><strong>moderantur.</strong></span> <span class='ocrx_word' id='word_1_161' title='bbox 2387 871 2529 939; x_wconf 84' lang='lat' dir='ltr'><strong>Sint,</strong></span> <span class='ocrx_word' id='word_1_162' title='bbox 2553 874 2750 943; x_wconf 86' lang='lat' dir='ltr'><strong>inquit,</strong></span> <span class='ocrx_word' id='word_1_163' title='bbox 2775 885 2823 928; x_wconf 83' lang='lat' dir='ltr'><strong>et</strong></span> <span class='ocrx_word' id='word_1_164' title='bbox 2847 876 2902 928; x_wconf 83' lang='lat' dir='ltr'><strong>in</strong></span> <span class='ocrx_word' id='word_1_165' title='bbox 2925 876 3060 942; x_wconf 79' lang='lat' dir='ltr'><strong>dies,</strong></span> <span class='ocrx_word' id='word_1_166' title='bbox 3083 892 3186 932; x_wconf 85' lang='lat' dir='ltr'><strong>non</strong></span> <span class='ocrx_word' id='word_1_167' title='bbox 3214 885 3272 932; x_wconf 91' lang='lat' dir='ltr'><strong>ut</strong></span> <span class='ocrx_word' id='word_1_168' title='bbox 3293 878 3410 934; x_wconf 87' lang='lat' dir='ltr'><strong>dies</strong></span> <span class='ocrx_word' id='word_1_169' title='bbox 3431 891 3555 934; x_wconf 81' lang='lat' dir='ltr'><strong>cen-</strong></span> 
     </span>
    </p>
   </div>
   <div class='ocr_carea' id='block_1_25' title="bbox 1985 965 3554 1036">
    <p class='ocr_par' dir='ltr' id='par_1_25' title="bbox 1985 965 3554 1036">
     <span class='ocr_line' id='line_1_25' title="bbox 1985 965 3554 1036; baseline 0.004 -17"><span class='ocrx_word' id='word_1_170' title='bbox 1985 965 2190 1029; x_wconf 89' lang='lat' dir='ltr'><strong>ficiant,</strong></span> <span class='ocrx_word' id='word_1_171' title='bbox 2222 967 2318 1021; x_wconf 92' lang='lat' dir='ltr'><strong>sed</strong></span> <span class='ocrx_word' id='word_1_172' title='bbox 2350 973 2411 1019; x_wconf 92' lang='lat' dir='ltr'><strong>ut</strong></span> <span class='ocrx_word' id='word_1_173' title='bbox 2433 965 2624 1020; x_wconf 87' lang='lat' dir='ltr'><strong>diebus</strong></span> <span class='ocrx_word' id='word_1_174' title='bbox 2649 967 2891 1036; x_wconf 61' lang='lat' dir='ltr'><strong>prasini.</strong></span> <span class='ocrx_word' id='word_1_175' title='bbox 2926 967 3052 1023; x_wconf 84' lang='lat' dir='ltr'><strong>Dies</strong></span> <span class='ocrx_word' id='word_1_176' title='bbox 3079 971 3222 1024; x_wconf 91' lang='lat' dir='ltr'><strong>enim</strong></span> <span class='ocrx_word' id='word_1_177' title='bbox 3262 980 3317 1025; x_wconf 92' lang='lat' dir='ltr'><strong>et</strong></span> <span class='ocrx_word' id='word_1_178' title='bbox 3341 986 3442 1026; x_wconf 77' lang='lat' dir='ltr'><strong>nox</strong></span> <span class='ocrx_word' id='word_1_179' title='bbox 3471 972 3554 1026; x_wconf 82' lang='lat' dir='ltr'><strong>lu-</strong></span> 
     </span>
    </p>
   </div>
   <div class='ocr_carea' id='block_1_26' title="bbox 1983 1057 3554 1130">
    <p class='ocr_par' dir='ltr' id='par_1_26' title="bbox 1983 1057 3554 1130">
     <span class='ocr_line' id='line_1_26' title="bbox 1983 1057 3554 1130; baseline 0.004 -19"><span class='ocrx_word' id='word_1_180' title='bbox 1983 1057 2279 1112; x_wconf 88' lang='lat' dir='ltr'><strong>minarium</strong></span> <span class='ocrx_word' id='word_1_181' title='bbox 2301 1067 2478 1112; x_wconf 91' lang='lat' dir='ltr'><strong>ortum</strong></span> <span class='ocrx_word' id='word_1_182' title='bbox 2507 1067 2937 1114; x_wconf 87' lang='lat' dir='ltr'><strong>antecesserunt.</strong></span> <span class='ocrx_word' id='word_1_183' title='bbox 2965 1059 3198 1130; x_wconf 82' lang='lat' dir='ltr'><strong>ldipsum</strong></span> <span class='ocrx_word' id='word_1_184' title='bbox 3230 1064 3374 1118; x_wconf 88' lang='lat' dir='ltr'><strong>enim</strong></span> <span class='ocrx_word' id='word_1_185' title='bbox 3399 1064 3554 1118; x_wconf 90' lang='lat' dir='ltr'><strong>nobis</strong></span> 
     </span>
    </p>
   </div>
   <div class='ocr_carea' id='block_1_27' title="bbox 1981 1149 3554 1220">
    <p class='ocr_par' dir='ltr' id='par_1_27' title="bbox 1981 1149 3554 1220">
     <span class='ocr_line' id='line_1_27' title="bbox 1981 1149 3554 1220; baseline 0.004 -18"><span class='ocrx_word' id='word_1_186' title='bbox 1981 1149 2222 1218; x_wconf 81' lang='lat' dir='ltr'><strong>psalmus</strong></span> <span class='ocrx_word' id='word_1_187' title='bbox 2257 1150 2528 1214; x_wconf 80' lang='lat' dir='ltr'><strong>declarat,</strong></span> <span class='ocrx_word' id='word_1_188' title='bbox 2577 1150 2629 1204; x_wconf 93' lang='lat' dir='ltr'><strong>in</strong></span> <span class='ocrx_word' id='word_1_189' title='bbox 2665 1166 2774 1220; x_wconf 91' lang='lat' dir='ltr'><strong>quo</strong></span> <span class='ocrx_word' id='word_1_190' title='bbox 2801 1152 3036 1206; x_wconf 89' lang='lat' dir='ltr'><strong>dicitur:</strong></span> <span class='ocrx_word' id='word_1_191' title='bbox 3082 1153 3266 1207; x_wconf 82' lang='lat' dir='ltr'><strong>Posuit</strong></span> <span class='ocrx_word' id='word_1_192' title='bbox 3305 1155 3466 1208; x_wconf 81' lang='lat' dir='ltr'><strong>solem</strong></span> <span class='ocrx_word' id='word_1_193' title='bbox 3499 1157 3554 1209; x_wconf 83' lang='lat' dir='ltr'><strong>in</strong></span> 
     </span>
    </p>
   </div>
   <div class='ocr_carea' id='block_1_28' title="bbox 1981 1241 3556 1314">
    <p class='ocr_par' dir='ltr' id='par_1_28' title="bbox 1981 1241 3556 1314">
     <span class='ocr_line' id='line_1_28' title="bbox 1981 1241 3556 1314; baseline 0.004 -21"><span class='ocrx_word' id='word_1_194' title='bbox 1981 1251 2286 1308; x_wconf 80' lang='lat' dir='ltr'><strong>potestatem</strong></span> <span class='ocrx_word' id='word_1_195' title='bbox 2327 1241 2454 1307; x_wconf 85' lang='lat' dir='ltr'><strong>diei,</strong></span> <span class='ocrx_word' id='word_1_196' title='bbox 2505 1241 2686 1296; x_wconf 80' lang='lat' dir='ltr'><strong>lunam</strong></span> <span class='ocrx_word' id='word_1_197' title='bbox 2725 1252 2772 1296; x_wconf 85' lang='lat' dir='ltr'><strong>et</strong></span> <span class='ocrx_word' id='word_1_198' title='bbox 2817 1243 2994 1296; x_wconf 76' lang='lat' dir='ltr'><strong>stellas</strong></span> <span class='ocrx_word' id='word_1_199' title='bbox 3030 1245 3085 1297; x_wconf 87' lang='lat' dir='ltr'><strong>in</strong></span> <span class='ocrx_word' id='word_1_200' title='bbox 3116 1255 3419 1314; x_wconf 82' lang='lat' dir='ltr'><strong>potestatem</strong></span> <span class='ocrx_word' id='word_1_201' title='bbox 3459 1265 3556 1300; x_wconf 82' lang='lat' dir='ltr'><strong>no-</strong></span> 
     </span>
    </p>
   </div>
   <div class='ocr_carea' id='block_1_29' title="bbox 1981 1334 3555 1410">
    <p class='ocr_par' dir='ltr' id='par_1_29' title="bbox 1981 1334 3555 1410">
     <span class='ocr_line' id='line_1_29' title="bbox 1981 1334 3555 1410; baseline 0.006 -24"><span class='ocrx_word' id='word_1_202' title='bbox 1981 1335 2077 1388; x_wconf 81' lang='lat' dir='ltr'><strong>ctis</strong></span> <span class='ocrx_word' id='word_1_203' title='bbox 2100 1334 2186 1389; x_wconf 62' lang='lat'><strong>5&quot;.</strong></span> <span class='ocrx_word' id='word_1_204' title='bbox 2222 1335 2502 1402; x_wconf 87' lang='lat' dir='ltr'><strong>Quomodo</strong></span> <span class='ocrx_word' id='word_1_205' title='bbox 2524 1337 2689 1407; x_wconf 82' lang='lat' dir='ltr'><strong>igitur</strong></span> <span class='ocrx_word' id='word_1_206' title='bbox 2716 1337 2796 1393; x_wconf 88' lang='lat' dir='ltr'><strong>sol</strong></span> <span class='ocrx_word' id='word_1_207' title='bbox 2827 1340 2932 1393; x_wconf 91' lang='lat' dir='ltr'><strong>diei</strong></span> <span class='ocrx_word' id='word_1_208' title='bbox 2965 1340 3170 1394; x_wconf 76' lang='lat' dir='ltr'><strong>obtinet</strong></span> <span class='ocrx_word' id='word_1_209' title='bbox 3196 1343 3555 1410; x_wconf 86' lang='lat' dir='ltr'><strong>potestatem?</strong></span> 
     </span>
    </p>
   </div>
   <div class='ocr_carea' id='block_1_30' title="bbox 1982 1427 3554 1498">
    <p class='ocr_par' dir='ltr' id='par_1_30' title="bbox 1982 1427 3554 1498">
     <span class='ocr_line' id='line_1_30' title="bbox 1982 1427 3554 1498; baseline 0.006 -19"><span class='ocrx_word' id='word_1_210' title='bbox 1982 1427 2114 1492; x_wconf 85' lang='lat' dir='ltr'><strong>Quia</strong></span> <span class='ocrx_word' id='word_1_211' title='bbox 2147 1427 2320 1482; x_wconf 88' lang='lat' dir='ltr'><strong>lucem</strong></span> <span class='ocrx_word' id='word_1_212' title='bbox 2353 1429 2403 1481; x_wconf 93' lang='lat' dir='ltr'><strong>in</strong></span> <span class='ocrx_word' id='word_1_213' title='bbox 2431 1428 2611 1498; x_wconf 85' lang='lat' dir='ltr'><strong>seipse</strong></span> <span class='ocrx_word' id='word_1_214' title='bbox 2640 1429 3029 1486; x_wconf 80' lang='lat' dir='ltr'><strong>circumferens</strong></span> <span class='ocrx_word' id='word_1_215' title='bbox 3050 1473 3064 1496; x_wconf 93' lang='lat'><strong>,</strong></span> <span class='ocrx_word' id='word_1_216' title='bbox 3092 1433 3182 1487; x_wconf 91' lang='lat' dir='ltr'><strong>ubi</strong></span> <span class='ocrx_word' id='word_1_217' title='bbox 3213 1435 3426 1487; x_wconf 88' lang='lat' dir='ltr'><strong>tandem</strong></span> <span class='ocrx_word' id='word_1_218' title='bbox 3458 1435 3554 1488; x_wconf 77' lang='lat' dir='ltr'><strong>ho-</strong></span> 
     </span>
    </p>
   </div>
   <div class='ocr_carea' id='block_1_31' title="bbox 1984 1520 3552 1592">
    <p class='ocr_par' dir='ltr' id='par_1_31' title="bbox 1984 1520 3552 1592">
     <span class='ocr_line' id='line_1_31' title="bbox 1984 1520 3552 1592; baseline 0.006 -21"><span class='ocrx_word' id='word_1_219' title='bbox 1984 1520 2242 1573; x_wconf 87' lang='lat' dir='ltr'><strong>rizontcm</strong></span> <span class='ocrx_word' id='word_1_220' title='bbox 2289 1528 2533 1575; x_wconf 88' lang='lat' dir='ltr'><strong>nostrum</strong></span> <span class='ocrx_word' id='word_1_221' title='bbox 2578 1520 2742 1575; x_wconf 90' lang='lat' dir='ltr'><strong>fuerit</strong></span> <span class='ocrx_word' id='word_1_222' title='bbox 2779 1531 3230 1592; x_wconf 66' lang='lat' dir='ltr'><strong>prtetergressus,</strong></span> <span class='ocrx_word' id='word_1_223' title='bbox 3274 1525 3552 1580; x_wconf 88' lang='lat' dir='ltr'><strong>dissolutis</strong></span> 
     </span>
    </p>
   </div>
   <div class='ocr_carea' id='block_1_32' title="bbox 1985 1611 3551 1682">
    <p class='ocr_par' dir='ltr' id='par_1_32' title="bbox 1985 1611 3551 1682">
     <span class='ocr_line' id='line_1_32' title="bbox 1985 1611 3551 1682; baseline 0.004 -20"><span class='ocrx_word' id='word_1_224' title='bbox 1985 1611 2291 1680; x_wconf 78' lang='lat' dir='ltr'><strong>fugatisque</strong></span> <span class='ocrx_word' id='word_1_225' title='bbox 2328 1612 2569 1668; x_wconf 84' lang='lat' dir='ltr'><strong>tenebris</strong></span> <span class='ocrx_word' id='word_1_226' title='bbox 2612 1613 2751 1668; x_wconf 88' lang='lat' dir='ltr'><strong>diem</strong></span> <span class='ocrx_word' id='word_1_227' title='bbox 2803 1613 2980 1670; x_wconf 78' lang='lat' dir='ltr'><strong>aﬂert.</strong></span> <span class='ocrx_word' id='word_1_228' title='bbox 3029 1618 3391 1682; x_wconf 81' lang='lat' dir='ltr'><strong>Quamobrem</strong></span> <span class='ocrx_word' id='word_1_229' title='bbox 3447 1635 3551 1672; x_wconf 90' lang='lat' dir='ltr'><strong>non</strong></span> 
     </span>
    </p>
   </div>
   <div class='ocr_carea' id='block_1_33' title="bbox 1981 1705 3554 1773">
    <p class='ocr_par' dir='ltr' id='par_1_33' title="bbox 1981 1705 3554 1773">
     <span class='ocr_line' id='line_1_33' title="bbox 1981 1705 3554 1773; baseline 0.004 -19"><span class='ocrx_word' id='word_1_230' title='bbox 1981 1705 2268 1765; x_wconf 83' lang='lat' dir='ltr'><strong>erraverit,</strong></span> <span class='ocrx_word' id='word_1_231' title='bbox 2301 1705 2391 1772; x_wconf 88' lang='lat' dir='ltr'><strong>qui</strong></span> <span class='ocrx_word' id='word_1_232' title='bbox 2422 1705 2563 1759; x_wconf 90' lang='lat' dir='ltr'><strong>diem</strong></span> <span class='ocrx_word' id='word_1_233' title='bbox 2598 1707 2667 1759; x_wconf 90' lang='lat' dir='ltr'><strong>ita</strong></span> <span class='ocrx_word' id='word_1_234' title='bbox 2703 1706 2941 1773; x_wconf 86' lang='lat' dir='ltr'><strong>deliniet,</strong></span> <span class='ocrx_word' id='word_1_235' title='bbox 2976 1716 3032 1761; x_wconf 95' lang='lat' dir='ltr'><strong>ut</strong></span> <span class='ocrx_word' id='word_1_236' title='bbox 3065 1722 3241 1762; x_wconf 85' lang='lat' dir='ltr'><strong>aerem</strong></span> <span class='ocrx_word' id='word_1_237' title='bbox 3271 1722 3389 1763; x_wconf 86' lang='lat' dir='ltr'><strong>esse</strong></span> <span class='ocrx_word' id='word_1_238' title='bbox 3411 1709 3554 1761; x_wconf 86' lang='lat' dir='ltr'><strong>dieat</strong></span> 
     </span>
    </p>
   </div>
   <div class='ocr_carea' id='block_1_34' title="bbox 1983 1792 3556 1866">
    <p class='ocr_par' dir='ltr' id='par_1_34' title="bbox 1983 1792 3556 1866">
     <span class='ocr_line' id='line_1_34' title="bbox 1983 1792 3556 1866; baseline 0.004 -21"><span class='ocrx_word' id='word_1_239' title='bbox 1983 1808 2009 1843; x_wconf 90' lang='lat' dir='ltr'><strong>a</strong></span> <span class='ocrx_word' id='word_1_240' title='bbox 2041 1792 2152 1846; x_wconf 90' lang='lat' dir='ltr'><strong>sole</strong></span> <span class='ocrx_word' id='word_1_241' title='bbox 2196 1792 2557 1847; x_wconf 88' lang='lat' dir='ltr'><strong>illuminatum</strong></span> <span class='ocrx_word' id='word_1_242' title='bbox 2579 1834 2594 1856; x_wconf 86' lang='lat'><strong>,</strong></span> <span class='ocrx_word' id='word_1_243' title='bbox 2627 1805 2719 1848; x_wconf 88' lang='lat' dir='ltr'><strong>aut</strong></span> <span class='ocrx_word' id='word_1_244' title='bbox 2755 1797 3015 1864; x_wconf 90' lang='lat' dir='ltr'><strong>temporis</strong></span> <span class='ocrx_word' id='word_1_245' title='bbox 3057 1810 3395 1862; x_wconf 87' lang='lat' dir='ltr'><strong>mensuram,</strong></span> <span class='ocrx_word' id='word_1_246' title='bbox 3447 1813 3556 1866; x_wconf 83' lang='lat' dir='ltr'><strong>quo</strong></span> 
     </span>
    </p>
   </div>
   <div class='ocr_carea' id='block_1_35' title="bbox 1985 1883 3553 1954">
    <p class='ocr_par' dir='ltr' id='par_1_35' title="bbox 1985 1883 3553 1954">
     <span class='ocr_line' id='line_1_35' title="bbox 1985 1883 3553 1954; baseline 0.003 -17"><span class='ocrx_word' id='word_1_247' title='bbox 1985 1883 2064 1937; x_wconf 80' lang='lat' dir='ltr'><strong>sol</strong></span> <span class='ocrx_word' id='word_1_248' title='bbox 2095 1898 2258 1953; x_wconf 82' lang='lat' dir='ltr'><strong>super</strong></span> <span class='ocrx_word' id='word_1_249' title='bbox 2293 1894 2493 1938; x_wconf 83' lang='lat' dir='ltr'><strong>terram</strong></span> <span class='ocrx_word' id='word_1_250' title='bbox 2527 1886 2577 1939; x_wconf 89' lang='lat' dir='ltr'><strong>in</strong></span> <span class='ocrx_word' id='word_1_251' title='bbox 2611 1895 2800 1940; x_wconf 88' lang='lat' dir='ltr'><strong>nostro</strong></span> <span class='ocrx_word' id='word_1_252' title='bbox 2839 1885 3222 1954; x_wconf 63' lang='lat' dir='ltr'><strong>hemisphaerio</strong></span> <span class='ocrx_word' id='word_1_253' title='bbox 3248 1904 3553 1944; x_wconf 79' lang='lat' dir='ltr'><strong>conmtora-</strong></span> 
     </span>
    </p>
   </div>
   <div class='ocr_carea' id='block_1_36' title="bbox 300 1969 1875 2054">
    <p class='ocr_par' dir='ltr' id='par_1_36' title="bbox 300 1970 1875 2054">
     <span class='ocr_line' id='line_1_36' title="bbox 300 1970 1875 2054; baseline -0.011 -16"><span class='ocrx_word' id='word_1_254' title='bbox 300 1983 514 2054; x_wconf 79' lang='grc' dir='ltr'>ἡμέρας</span> <span class='ocrx_word' id='word_1_255' title='bbox 539 1983 568 2035; x_wconf 76' lang='lat'><strong>6</strong></span> <span class='ocrx_word' id='word_1_256' title='bbox 591 1982 774 2052; x_wconf 74' lang='grc' dir='ltr'>ἦλιοςς</span> <span class='ocrx_word' id='word_1_257' title='bbox 809 1979 931 2032; x_wconf 86' lang='grc' dir='ltr'>Ὅτι</span> <span class='ocrx_word' id='word_1_258' title='bbox 961 1978 1021 2030; x_wconf 87' lang='grc' dir='ltr'><strong>τδ</strong></span> <span class='ocrx_word' id='word_1_259' title='bbox 1059 1975 1174 2045; x_wconf 80' lang='grc' dir='ltr'>φῶς</span> <span class='ocrx_word' id='word_1_260' title='bbox 1216 1975 1273 2026; x_wconf 87' lang='grc' dir='ltr'><strong>ἐν</strong></span> <span class='ocrx_word' id='word_1_261' title='bbox 1317 1971 1494 2043; x_wconf 78' lang='grc' dir='ltr'>ἑαυτῷ</span> <span class='ocrx_word' id='word_1_262' title='bbox 1545 1970 1875 2042; x_wconf 77' lang='grc' dir='ltr'>περιφέρων,</span> 
     </span>
    </p>
   </div>
   <div class='ocr_carea' id='block_1_37' title="bbox 1982 1969 3559 2054">
    <p class='ocr_par' dir='ltr' id='par_1_37' title="bbox 1982 1976 3559 2037">
     <span class='ocr_line' id='line_1_37' title="bbox 1982 1976 3559 2037; baseline 0.006 -10"><span class='ocrx_word' id='word_1_263' title='bbox 1982 1986 2090 2030; x_wconf 89' lang='lat' dir='ltr'><strong>tur.</strong></span> <span class='ocrx_word' id='word_1_264' title='bbox 2127 1976 2231 2030; x_wconf 88' lang='lat' dir='ltr'><strong>Sed</strong></span> <span class='ocrx_word' id='word_1_265' title='bbox 2257 1986 2311 2030; x_wconf 92' lang='lat' dir='ltr'><strong>et</strong></span> <span class='ocrx_word' id='word_1_266' title='bbox 2343 1977 2393 2030; x_wconf 91' lang='lat' dir='ltr'><strong>in</strong></span> <span class='ocrx_word' id='word_1_267' title='bbox 2423 1991 2595 2031; x_wconf 89' lang='lat' dir='ltr'><strong>annos</strong></span> <span class='ocrx_word' id='word_1_268' title='bbox 2627 1978 2706 2032; x_wconf 91' lang='lat' dir='ltr'><strong>sol</strong></span> <span class='ocrx_word' id='word_1_269' title='bbox 2732 1987 2786 2030; x_wconf 93' lang='lat' dir='ltr'><strong>et</strong></span> <span class='ocrx_word' id='word_1_270' title='bbox 2811 1977 2932 2032; x_wconf 83' lang='lat' dir='ltr'><strong>luna</strong></span> <span class='ocrx_word' id='word_1_271' title='bbox 2959 1979 3192 2034; x_wconf 89' lang='lat' dir='ltr'><strong>ordinati</strong></span> <span class='ocrx_word' id='word_1_272' title='bbox 3220 1990 3369 2034; x_wconf 89' lang='lat' dir='ltr'><strong>sunt.</strong></span> <span class='ocrx_word' id='word_1_273' title='bbox 3403 1979 3559 2037; x_wconf 85' lang='lat' dir='ltr'><strong>Luna</strong></span> 
     </span>
    </p>
   </div>
   <div class='ocr_carea' id='block_1_38' title="bbox 299 2064 1882 2142">
    <p class='ocr_par' dir='ltr' id='par_1_38' title="bbox 299 2064 1882 2142">
     <span class='ocr_line' id='line_1_38' title="bbox 299 2064 1882 2142; baseline -0.009 -11"><span class='ocrx_word' id='word_1_274' title='bbox 299 2076 523 2130; x_wconf 83' lang='grc' dir='ltr'>ἐπειδάν</span> <span class='ocrx_word' id='word_1_275' title='bbox 554 2092 683 2128; x_wconf 88' lang='grc' dir='ltr'>ποτε</span> <span class='ocrx_word' id='word_1_276' title='bbox 714 2075 804 2127; x_wconf 83' lang='grc' dir='ltr'><strong>τὸν</strong></span> <span class='ocrx_word' id='word_1_277' title='bbox 834 2072 953 2126; x_wconf 85' lang='grc' dir='ltr'>καθ’</span> <span class='ocrx_word' id='word_1_278' title='bbox 981 2071 1126 2142; x_wconf 77' lang='grc' dir='ltr'>ἡμᾶς</span> <span class='ocrx_word' id='word_1_279' title='bbox 1160 2067 1412 2140; x_wconf 77' lang='grc' dir='ltr'>ὁρίζοντα</span> <span class='ocrx_word' id='word_1_280' title='bbox 1436 2067 1706 2138; x_wconf 84' lang='grc' dir='ltr'>ὑπεράρῃ,</span> <span class='ocrx_word' id='word_1_281' title='bbox 1748 2064 1882 2136; x_wconf 82' lang='grc' dir='ltr'>ἡμέ-</span> 
     </span>
    </p>
   </div>
   <div class='ocr_carea' id='block_1_39' title="bbox 303 2157 1881 2241">
    <p class='ocr_par' dir='ltr' id='par_1_39' title="bbox 303 2157 1881 2241">
     <span class='ocr_line' id='line_1_39' title="bbox 303 2157 1881 2241; baseline -0.009 -18"><span class='ocrx_word' id='word_1_282' title='bbox 303 2187 403 2241; x_wconf 89' lang='grc' dir='ltr'><strong>ραν</strong></span> <span class='ocrx_word' id='word_1_283' title='bbox 437 2170 662 2239; x_wconf 86' lang='grc' dir='ltr'>παρέχει</span> <span class='ocrx_word' id='word_1_284' title='bbox 712 2165 970 2227; x_wconf 82' lang='grc' dir='ltr'>διαλύσας</span> <span class='ocrx_word' id='word_1_285' title='bbox 1010 2163 1071 2215; x_wconf 83' lang='grc' dir='ltr'>τὸ</span> <span class='ocrx_word' id='word_1_286' title='bbox 1109 2161 1316 2223; x_wconf 81' lang='grc' dir='ltr'>σκότος.</span> <span class='ocrx_word' id='word_1_287' title='bbox 1365 2160 1527 2212; x_wconf 83' lang='grc' dir='ltr'>Ὥστε</span> <span class='ocrx_word' id='word_1_288' title='bbox 1555 2157 1657 2212; x_wconf 88' lang='grc' dir='ltr'><strong>ούκ</strong></span> <span class='ocrx_word' id='word_1_289' title='bbox 1691 2157 1757 2211; x_wconf 86' lang='grc' dir='ltr'><strong>άν</strong></span> <span class='ocrx_word' id='word_1_290' title='bbox 1798 2174 1881 2218; x_wconf 91' lang='grc' dir='ltr'><strong>τις</strong></span> 
     </span>
    </p>
   </div>
   <div class='ocr_carea' id='block_1_40' title="bbox 297 2247 1880 2330">
    <p class='ocr_par' dir='ltr' id='par_1_40' title="bbox 297 2247 1880 2330">
     <span class='ocr_line' id='line_1_40' title="bbox 297 2247 1880 2330; baseline -0.009 -19"><span class='ocrx_word' id='word_1_291' title='bbox 297 2258 558 2330; x_wconf 83' lang='grc' dir='ltr'>ἁμάρτοι,</span> <span class='ocrx_word' id='word_1_292' title='bbox 588 2257 800 2329; x_wconf 78' lang='grc' dir='ltr'>ἡμέραν</span> <span class='ocrx_word' id='word_1_293' title='bbox 827 2256 1153 2328; x_wconf 83' lang='grc' dir='ltr'>ὁρισάμενος</span> <span class='ocrx_word' id='word_1_294' title='bbox 1185 2250 1325 2307; x_wconf 80' lang='grc' dir='ltr'>εἶναι</span> <span class='ocrx_word' id='word_1_295' title='bbox 1346 2254 1435 2306; x_wconf 81' lang='grc' dir='ltr'><strong>τὸν</strong></span> <span class='ocrx_word' id='word_1_296' title='bbox 1467 2250 1572 2302; x_wconf 83' lang='grc' dir='ltr'><strong>ὑπὸ</strong></span> <span class='ocrx_word' id='word_1_297' title='bbox 1596 2247 1688 2300; x_wconf 84' lang='grc' dir='ltr'><strong>τοῦ</strong></span> <span class='ocrx_word' id='word_1_298' title='bbox 1729 2247 1880 2317; x_wconf 79' lang='grc' dir='ltr'>ἡλίου</span> 
     </span>
    </p>
   </div>
   <div class='ocr_carea' id='block_1_41' title="bbox 298 2340 1882 2422">
    <p class='ocr_par' dir='ltr' id='par_1_41' title="bbox 298 2340 1882 2422">
     <span class='ocr_line' id='line_1_41' title="bbox 298 2340 1882 2422; baseline -0.009 -19"><span class='ocrx_word' id='word_1_299' title='bbox 298 2350 710 2422; x_wconf 76' lang='grc' dir='ltr'>πεφωτισμένον</span> <span class='ocrx_word' id='word_1_300' title='bbox 741 2350 898 2421; x_wconf 87' lang='grc' dir='ltr'>ἀέρα·</span> <span class='ocrx_word' id='word_1_301' title='bbox 947 2349 1003 2420; x_wconf 84' lang='grc' dir='ltr'><strong>ἢ,</strong></span> <span class='ocrx_word' id='word_1_302' title='bbox 1037 2346 1245 2419; x_wconf 79' lang='grc' dir='ltr'>ἡμέραν</span> <span class='ocrx_word' id='word_1_303' title='bbox 1272 2342 1409 2398; x_wconf 82' lang='grc' dir='ltr'>εἶναι</span> <span class='ocrx_word' id='word_1_304' title='bbox 1458 2344 1649 2414; x_wconf 89' lang='grc' dir='ltr'>χρόνου</span> <span class='ocrx_word' id='word_1_305' title='bbox 1687 2340 1882 2410; x_wconf 82' lang='grc' dir='ltr'>μέτρον</span> 
     </span>
    </p>
   </div>
   <div class='ocr_carea' id='block_1_42' title="bbox 299 2431 1875 2514">
    <p class='ocr_par' dir='ltr' id='par_1_42' title="bbox 299 2431 1875 2514">
     <span class='ocr_line' id='line_1_42' title="bbox 299 2431 1875 2514; baseline -0.007 -21"><span class='ocrx_word' id='word_1_306' title='bbox 299 2443 358 2494; x_wconf 83' lang='grc' dir='ltr'><strong>ἐν</strong></span> <span class='ocrx_word' id='word_1_307' title='bbox 382 2433 427 2509; x_wconf 84' lang='grc' dir='ltr'>ᾧ</span> <span class='ocrx_word' id='word_1_308' title='bbox 458 2443 516 2495; x_wconf 85' lang='grc' dir='ltr'><strong>ἐν</strong></span> <span class='ocrx_word' id='word_1_309' title='bbox 565 2442 641 2513; x_wconf 82' lang='grc' dir='ltr'><strong>τῷ</strong></span> <span class='ocrx_word' id='word_1_310' title='bbox 676 2443 817 2514; x_wconf 83' lang='grc' dir='ltr'>ὑπὲρ</span> <span class='ocrx_word' id='word_1_311' title='bbox 843 2441 947 2512; x_wconf 81' lang='grc' dir='ltr'>γῆν</span> <span class='ocrx_word' id='word_1_312' title='bbox 969 2438 1313 2510; x_wconf 73' lang='grc' dir='ltr'>ἡμισφαιρίῳ</span> <span class='ocrx_word' id='word_1_313' title='bbox 1354 2434 1550 2504; x_wconf 77' lang='grc' dir='ltr'>όῆλιος</span> <span class='ocrx_word' id='word_1_314' title='bbox 1589 2431 1875 2502; x_wconf 83' lang='grc' dir='ltr'>διατρίϐει.</span> 
     </span>
    </p>
   </div>
   <div class='ocr_carea' id='block_1_43' title="bbox 311 2523 1878 2599">
    <p class='ocr_par' dir='ltr' id='par_1_43' title="bbox 311 2523 1878 2599">
     <span class='ocr_line' id='line_1_43' title="bbox 311 2523 1878 2599; baseline 0.004 -14"><span class='ocrx_word' id='word_1_315' title='bbox 311 2533 472 2587; x_wconf 85' lang='grc' dir='ltr'>Ἀλλά</span> <span class='ocrx_word' id='word_1_316' title='bbox 503 2537 596 2588; x_wconf 62' lang='grc' dir='ltr'><strong>καὶ¹</strong></span> <span class='ocrx_word' id='word_1_317' title='bbox 627 2537 705 2597; x_wconf 83' lang='grc' dir='ltr'><strong>είς</strong></span> <span class='ocrx_word' id='word_1_318' title='bbox 739 2533 1016 2595; x_wconf 83' lang='grc' dir='ltr'>ἐνιαυτοὺς</span> <span class='ocrx_word' id='word_1_319' title='bbox 1062 2529 1366 2599; x_wconf 77' lang='grc' dir='ltr'>ἐτάχθησαν</span> <span class='ocrx_word' id='word_1_320' title='bbox 1415 2527 1566 2596; x_wconf 73' lang='grc' dir='ltr'>ἥλιος</span> <span class='ocrx_word' id='word_1_321' title='bbox 1593 2525 1684 2578; x_wconf 64' lang='grc' dir='ltr'><strong>καὶ</strong></span> <span class='ocrx_word' id='word_1_322' title='bbox 1722 2523 1878 2594; x_wconf 66' lang='grc' dir='ltr'>σελή-</span> 
     </span>
    </p>
   </div>
   <div class='ocr_carea' id='block_1_44' title="bbox 297 2616 1877 2696">
    <p class='ocr_par' dir='ltr' id='par_1_44' title="bbox 297 2616 1877 2696">
     <span class='ocr_line' id='line_1_44' title="bbox 297 2616 1877 2696; baseline -0.009 -16"><span class='ocrx_word' id='word_1_323' title='bbox 297 2642 385 2695; x_wconf 87' lang='grc' dir='ltr'><strong>νη.</strong></span> <span class='ocrx_word' id='word_1_324' title='bbox 420 2627 622 2696; x_wconf 78' lang='grc' dir='ltr'>Σελήνη</span> <span class='ocrx_word' id='word_1_325' title='bbox 669 2626 788 2694; x_wconf 87' lang='grc' dir='ltr'>μὲν,</span> <span class='ocrx_word' id='word_1_326' title='bbox 845 2621 1061 2675; x_wconf 75' lang='grc' dir='ltr'>ἐπειδάν</span> <span class='ocrx_word' id='word_1_327' title='bbox 1096 2618 1393 2681; x_wconf 85' lang='grc' dir='ltr'>δωδεκάκις</span> <span class='ocrx_word' id='word_1_328' title='bbox 1428 2617 1519 2669; x_wconf 73' lang='grc' dir='ltr'><strong>τὸν</strong></span> <span class='ocrx_word' id='word_1_329' title='bbox 1556 2616 1752 2684; x_wconf 77' lang='grc' dir='ltr'>ἑαυτῆς</span> <span class='ocrx_word' id='word_1_330' title='bbox 1789 2618 1877 2666; x_wconf 85' lang='grc' dir='ltr'><strong>ὲκ-</strong></span> 
     </span>
    </p>
   </div>
   <div class='ocr_carea' id='block_1_45' title="bbox 1981 2067 3556 2140">
    <p class='ocr_par' dir='ltr' id='par_1_45' title="bbox 1981 2067 3556 2140">
     <span class='ocr_line' id='line_1_45' title="bbox 1981 2067 3556 2140; baseline 0.003 -20"><span class='ocrx_word' id='word_1_331' title='bbox 1981 2067 2199 2136; x_wconf 87' lang='lat' dir='ltr'><strong>quidem</strong></span> <span class='ocrx_word' id='word_1_332' title='bbox 2232 2078 2514 2138; x_wconf 81' lang='lat' dir='ltr'><strong>postquam</strong></span> <span class='ocrx_word' id='word_1_333' title='bbox 2544 2069 2837 2125; x_wconf 88' lang='lat' dir='ltr'><strong>duodecies</strong></span> <span class='ocrx_word' id='word_1_334' title='bbox 2868 2078 3022 2124; x_wconf 68' lang='lat' dir='ltr'><strong>Suum</strong></span> <span class='ocrx_word' id='word_1_335' title='bbox 3054 2069 3280 2140; x_wconf 79' lang='lat' dir='ltr'><strong>perfecit</strong></span> <span class='ocrx_word' id='word_1_336' title='bbox 3309 2086 3556 2136; x_wconf 75' lang='lat' dir='ltr'><strong>cursum,</strong></span> 
     </span>
    </p>
   </div>
   <div class='ocr_carea' id='block_1_46' title="bbox 1985 2163 3558 2232">
    <p class='ocr_par' dir='ltr' id='par_1_46' title="bbox 1985 2163 3558 2232">
     <span class='ocr_line' id='line_1_46' title="bbox 1985 2163 3558 2232; baseline 0.003 -19"><span class='ocrx_word' id='word_1_337' title='bbox 1985 2175 2183 2216; x_wconf 89' lang='lat' dir='ltr'><strong>annum</strong></span> <span class='ocrx_word' id='word_1_338' title='bbox 2231 2164 2484 2232; x_wconf 87' lang='lat' dir='ltr'><strong>peragit:</strong></span> <span class='ocrx_word' id='word_1_339' title='bbox 2528 2163 2632 2217; x_wconf 91' lang='lat' dir='ltr'><strong>nisi</strong></span> <span class='ocrx_word' id='word_1_340' title='bbox 2668 2165 2811 2231; x_wconf 91' lang='lat' dir='ltr'><strong>quod</strong></span> <span class='ocrx_word' id='word_1_341' title='bbox 2846 2178 3032 2218; x_wconf 83' lang='lat' dir='ltr'><strong>mense</strong></span> <span class='ocrx_word' id='word_1_342' title='bbox 3067 2163 3375 2219; x_wconf 84' lang='lat' dir='ltr'><strong>intercalari</strong></span> <span class='ocrx_word' id='word_1_343' title='bbox 3413 2179 3558 2232; x_wconf 58' lang='lat' dir='ltr'><strong>stupe</strong></span> 
     </span>
    </p>
   </div>
   <div class='ocr_carea' id='block_1_47' title="bbox 1985 2255 3564 2323">
    <p class='ocr_par' dir='ltr' id='par_1_47' title="bbox 1985 2255 3564 2323">
     <span class='ocr_line' id='line_1_47' title="bbox 1985 2255 3564 2323; baseline 0.002 -18"><span class='ocrx_word' id='word_1_344' title='bbox 1985 2265 2121 2321; x_wconf 83' lang='lat' dir='ltr'><strong>Opus</strong></span> <span class='ocrx_word' id='word_1_345' title='bbox 2160 2263 2243 2307; x_wconf 86' lang='lat' dir='ltr'><strong>est</strong></span> <span class='ocrx_word' id='word_1_346' title='bbox 2289 2255 2355 2307; x_wconf 89' lang='lat' dir='ltr'><strong>ad</strong></span> <span class='ocrx_word' id='word_1_347' title='bbox 2409 2264 2722 2308; x_wconf 91' lang='lat' dir='ltr'><strong>accuratum</strong></span> <span class='ocrx_word' id='word_1_348' title='bbox 2770 2265 3148 2323; x_wconf 75' lang='lat' dir='ltr'><strong>tempestatum</strong></span> <span class='ocrx_word' id='word_1_349' title='bbox 3202 2271 3564 2321; x_wconf 81' lang='lat' dir='ltr'><strong>concursum,</strong></span> 
     </span>
    </p>
   </div>
   <div class='ocr_carea' id='block_1_48' title="bbox 1987 2342 3558 2412">
    <p class='ocr_par' dir='ltr' id='par_1_48' title="bbox 1987 2342 3558 2412">
     <span class='ocr_line' id='line_1_48' title="bbox 1987 2342 3558 2412; baseline 0.004 -19"><span class='ocrx_word' id='word_1_350' title='bbox 1987 2342 2131 2397; x_wconf 76' lang='lat' dir='ltr'><strong>velut</strong></span> <span class='ocrx_word' id='word_1_351' title='bbox 2164 2344 2462 2412; x_wconf 87' lang='lat' dir='ltr'><strong>antiquitus</strong></span> <span class='ocrx_word' id='word_1_352' title='bbox 2497 2346 2729 2410; x_wconf 68' lang='lat' dir='ltr'><strong>Hebraei,</strong></span> <span class='ocrx_word' id='word_1_353' title='bbox 2769 2359 2822 2400; x_wconf 84' lang='lat' dir='ltr'><strong>et</strong></span> <span class='ocrx_word' id='word_1_354' title='bbox 2857 2347 3170 2402; x_wconf 74' lang='lat' dir='ltr'><strong>Grzecnrum</strong></span> <span class='ocrx_word' id='word_1_355' title='bbox 3205 2349 3558 2402; x_wconf 83' lang='lat' dir='ltr'><strong>vetustissimi</strong></span> 
     </span>
    </p>
   </div>
   <div class='ocr_carea' id='block_1_49' title="bbox 1987 2435 3558 2502">
    <p class='ocr_par' dir='ltr' id='par_1_49' title="bbox 1987 2435 3558 2502">
     <span class='ocr_line' id='line_1_49' title="bbox 1987 2435 3558 2502; baseline 0.004 -18"><span class='ocrx_word' id='word_1_356' title='bbox 1987 2447 2186 2489; x_wconf 87' lang='lat' dir='ltr'><strong>annum</strong></span> <span class='ocrx_word' id='word_1_357' title='bbox 2233 2435 2617 2491; x_wconf 86' lang='lat' dir='ltr'><strong>metiebantur.</strong></span> <span class='ocrx_word' id='word_1_358' title='bbox 2657 2438 2846 2492; x_wconf 79' lang='lat' dir='ltr'><strong>Annus</strong></span> <span class='ocrx_word' id='word_1_359' title='bbox 2882 2448 3062 2492; x_wconf 87' lang='lat' dir='ltr'><strong>autem</strong></span> <span class='ocrx_word' id='word_1_360' title='bbox 3097 2437 3313 2502; x_wconf 88' lang='lat' dir='ltr'><strong>solaris,</strong></span> <span class='ocrx_word' id='word_1_361' title='bbox 3352 2438 3558 2491; x_wconf 84' lang='lat' dir='ltr'><strong>reditus</strong></span> 
     </span>
    </p>
   </div>
   <div class='ocr_carea' id='block_1_50' title="bbox 1986 2527 3560 2601">
    <p class='ocr_par' dir='ltr' id='par_1_50' title="bbox 1986 2527 3560 2601">
     <span class='ocr_line' id='line_1_50' title="bbox 1986 2527 3560 2601; baseline 0.001 -19"><span class='ocrx_word' id='word_1_362' title='bbox 1986 2537 2066 2582; x_wconf 80' lang='lat' dir='ltr'><strong>est</strong></span> <span class='ocrx_word' id='word_1_363' title='bbox 2098 2527 2230 2583; x_wconf 90' lang='lat' dir='ltr'><strong>solis</strong></span> <span class='ocrx_word' id='word_1_364' title='bbox 2259 2543 2324 2582; x_wconf 82' lang='lat' dir='ltr'><strong>ex</strong></span> <span class='ocrx_word' id='word_1_365' title='bbox 2367 2529 2556 2584; x_wconf 90' lang='lat' dir='ltr'><strong>eodem</strong></span> <span class='ocrx_word' id='word_1_366' title='bbox 2598 2531 2754 2601; x_wconf 89' lang='lat' dir='ltr'><strong>signo</strong></span> <span class='ocrx_word' id='word_1_367' title='bbox 2796 2531 2848 2584; x_wconf 92' lang='lat' dir='ltr'><strong>in</strong></span> <span class='ocrx_word' id='word_1_368' title='bbox 2891 2531 3031 2586; x_wconf 86' lang='lat' dir='ltr'><strong>idem</strong></span> <span class='ocrx_word' id='word_1_369' title='bbox 3069 2533 3280 2601; x_wconf 87' lang='lat' dir='ltr'><strong>signum</strong></span> <span class='ocrx_word' id='word_1_370' title='bbox 3311 2545 3407 2600; x_wconf 91' lang='lat' dir='ltr'><strong>per</strong></span> <span class='ocrx_word' id='word_1_371' title='bbox 3434 2544 3560 2600; x_wconf 86' lang='lat' dir='ltr'><strong>pro-</strong></span> 
     </span>
    </p>
   </div>
   <div class='ocr_carea' id='block_1_51' title="bbox 1987 2616 2420 2683">
    <p class='ocr_par' dir='ltr' id='par_1_51' title="bbox 1987 2616 2420 2683">
     <span class='ocr_line' id='line_1_51' title="bbox 1987 2616 2420 2683; baseline 0.009 -15"><span class='ocrx_word' id='word_1_372' title='bbox 1987 2616 2162 2683; x_wconf 89' lang='lat' dir='ltr'><strong>prium</strong></span> <span class='ocrx_word' id='word_1_373' title='bbox 2191 2627 2420 2672; x_wconf 92' lang='lat' dir='ltr'><strong>motum.</strong></span> 
     </span>
    </p>
   </div>
   <div class='ocr_carea' id='block_1_52' title="bbox 296 2707 3561 2789">
    <p class='ocr_par' dir='ltr' id='par_1_52' title="bbox 296 2707 3561 2789">
     <span class='ocr_line' id='line_1_52' title="bbox 296 2707 3561 2789; baseline -0.001 -20"><span class='ocrx_word' id='word_1_374' title='bbox 296 2718 491 2789; x_wconf 79' lang='grc' dir='ltr'>τελέσῃ</span> <span class='ocrx_word' id='word_1_375' title='bbox 545 2717 763 2787; x_wconf 79' lang='grc' dir='ltr'>δρόμον,</span> <span class='ocrx_word' id='word_1_376' title='bbox 826 2711 1074 2767; x_wconf 78' lang='grc' dir='ltr'>ἐνιαυτοῦ</span> <span class='ocrx_word' id='word_1_377' title='bbox 1119 2714 1233 2764; x_wconf 74' lang='grc' dir='ltr'>ἐστι</span> <span class='ocrx_word' id='word_1_378' title='bbox 1278 2711 1555 2780; x_wconf 86' lang='grc' dir='ltr'>ποιητική·</span> <span class='ocrx_word' id='word_1_379' title='bbox 1611 2707 1748 2777; x_wconf 81' lang='grc' dir='ltr'>πλὴν</span> <span class='ocrx_word' id='word_1_380' title='bbox 1799 2708 1877 2759; x_wconf 78' lang='grc' dir='ltr'><strong>ὅτι</strong></span> <span class='ocrx_word' id='word_1_381' title='bbox 1921 2707 2085 2777; x_wconf 78' lang='grc' dir='ltr'>μηνὸς</span> <span class='ocrx_word' id='word_1_382' title='bbox 2134 2707 2430 2779; x_wconf 87' lang='grc' dir='ltr'>ἐμϐολίμου</span> <span class='ocrx_word' id='word_1_383' title='bbox 2463 2710 2632 2764; x_wconf 81' lang='grc' dir='ltr'>δεῖται</span> <span class='ocrx_word' id='word_1_384' title='bbox 2695 2713 2953 2778; x_wconf 84' lang='grc' dir='ltr'>πολλάκις</span> <span class='ocrx_word' id='word_1_385' title='bbox 2999 2716 3129 2784; x_wconf 80' lang='grc' dir='ltr'>πρὸς</span> <span class='ocrx_word' id='word_1_386' title='bbox 3191 2715 3289 2787; x_wconf 83' lang='grc' dir='ltr'><strong>τὴν</strong></span> <span class='ocrx_word' id='word_1_387' title='bbox 3357 2714 3561 2787; x_wconf 79' lang='grc' dir='ltr'>ἀκριϐῆ</span> 
     </span>
    </p>
   </div>
   <div class='ocr_carea' id='block_1_53' title="bbox 296 2797 3560 2881">
    <p class='ocr_par' dir='ltr' id='par_1_53' title="bbox 296 2797 3560 2881">
     <span class='ocr_line' id='line_1_53' title="bbox 296 2797 3560 2881; baseline 0 -22"><span class='ocrx_word' id='word_1_388' title='bbox 296 2809 411 2863; x_wconf 75' lang='grc' dir='ltr'><strong>τῶν</strong></span> <span class='ocrx_word' id='word_1_389' title='bbox 442 2808 600 2880; x_wconf 81' lang='grc' dir='ltr'>ὡρῶν</span> <span class='ocrx_word' id='word_1_390' title='bbox 644 2807 966 2879; x_wconf 82' lang='grc' dir='ltr'>συνδρομὴν,</span> <span class='ocrx_word' id='word_1_391' title='bbox 1000 2806 1074 2868; x_wconf 87' lang='grc' dir='ltr'>ὡς</span> <span class='ocrx_word' id='word_1_392' title='bbox 1115 2804 1351 2874; x_wconf 83' lang='grc' dir='ltr'>Ἑϐραῖοι</span> <span class='ocrx_word' id='word_1_393' title='bbox 1384 2802 1445 2854; x_wconf 83' lang='grc' dir='ltr'><strong>τὸ</strong></span> <span class='ocrx_word' id='word_1_394' title='bbox 1492 2800 1718 2852; x_wconf 83' lang='grc' dir='ltr'>παλαιὸν</span> <span class='ocrx_word' id='word_1_395' title='bbox 1763 2800 1872 2869; x_wconf 68' lang='grc'><strong>(49)</strong></span> <span class='ocrx_word' id='word_1_396' title='bbox 1913 2800 2004 2851; x_wconf 81' lang='grc' dir='ltr'><strong>τὸν</strong></span> <span class='ocrx_word' id='word_1_397' title='bbox 2045 2800 2290 2855; x_wconf 85' lang='grc' dir='ltr'>ἐνιαυτὸν</span> <span class='ocrx_word' id='word_1_398' title='bbox 2322 2797 2455 2874; x_wconf 80' lang='grc' dir='ltr'>ἦγον</span> <span class='ocrx_word' id='word_1_399' title='bbox 2485 2805 2715 2859; x_wconf 76' lang='grc' dir='ltr'>καὶτῶν</span> <span class='ocrx_word' id='word_1_400' title='bbox 2759 2807 3023 2880; x_wconf 79' lang='grc' dir='ltr'>Ἑλλήνων</span> <span class='ocrx_word' id='word_1_401' title='bbox 3089 2810 3135 2860; x_wconf 90' lang='grc' dir='ltr'>οί</span> <span class='ocrx_word' id='word_1_402' title='bbox 3193 2809 3560 2881; x_wconf 82' lang='grc' dir='ltr'>ἀρχαιότατοι.</span> 
     </span>
    </p>
   </div>
   <div class='ocr_carea' id='block_1_54' title="bbox 309 2891 3563 2972">
    <p class='ocr_par' dir='ltr' id='par_1_54' title="bbox 309 2891 3563 2972">
     <span class='ocr_line' id='line_1_54' title="bbox 309 2891 3563 2972; baseline 0.001 -18"><span class='ocrx_word' id='word_1_403' title='bbox 309 2902 562 2965; x_wconf 80' lang='grc' dir='ltr'>Ἠλιακὸς</span> <span class='ocrx_word' id='word_1_404' title='bbox 591 2901 647 2954; x_wconf 87' lang='grc' dir='ltr'><strong>δέ</strong></span> <span class='ocrx_word' id='word_1_405' title='bbox 669 2902 815 2953; x_wconf 86' lang='grc' dir='ltr'>ἐστιν</span> <span class='ocrx_word' id='word_1_406' title='bbox 854 2896 1095 2960; x_wconf 78' lang='grc' dir='ltr'>ἐνιαυτὸς</span> <span class='ocrx_word' id='word_1_407' title='bbox 1136 2898 1166 2965; x_wconf 83' lang='grc' dir='ltr'>ἡ</span> <span class='ocrx_word' id='word_1_408' title='bbox 1202 2895 1309 2948; x_wconf 86' lang='grc' dir='ltr'>ἀπὸ</span> <span class='ocrx_word' id='word_1_409' title='bbox 1336 2893 1428 2944; x_wconf 79' lang='grc' dir='ltr'><strong>τοῦ</strong></span> <span class='ocrx_word' id='word_1_410' title='bbox 1454 2891 1616 2944; x_wconf 82' lang='grc' dir='ltr'>αὐτοῦ</span> <span class='ocrx_word' id='word_1_411' title='bbox 1647 2892 1870 2960; x_wconf 79' lang='grc' dir='ltr'>σημείου</span> <span class='ocrx_word' id='word_1_412' title='bbox 1910 2892 2002 2942; x_wconf 74' lang='grc' dir='ltr'><strong>ἐπὶ</strong></span> <span class='ocrx_word' id='word_1_413' title='bbox 2022 2892 2082 2943; x_wconf 88' lang='grc' dir='ltr'><strong>τὸ</strong></span> <span class='ocrx_word' id='word_1_414' title='bbox 2105 2894 2236 2946; x_wconf 82' lang='grc' dir='ltr'>αὐτὸ</span> <span class='ocrx_word' id='word_1_415' title='bbox 2257 2899 2480 2965; x_wconf 87' lang='grc' dir='ltr'>σημεῖον</span> <span class='ocrx_word' id='word_1_416' title='bbox 2503 2899 2643 2950; x_wconf 88' lang='grc' dir='ltr'><strong>κατά</strong></span> <span class='ocrx_word' id='word_1_417' title='bbox 2666 2900 2764 2969; x_wconf 84' lang='grc' dir='ltr'>τὴν</span> <span class='ocrx_word' id='word_1_418' title='bbox 2787 2902 2990 2954; x_wconf 82' lang='grc' dir='ltr'>οἰκείαν</span> <span class='ocrx_word' id='word_1_419' title='bbox 3026 2902 3236 2970; x_wconf 87' lang='grc' dir='ltr'>κίνησιν</span> <span class='ocrx_word' id='word_1_420' title='bbox 3281 2901 3371 2954; x_wconf 83' lang='grc' dir='ltr'><strong>τοῦ</strong></span> <span class='ocrx_word' id='word_1_421' title='bbox 3412 2903 3563 2972; x_wconf 79' lang='grc' dir='ltr'>ἡλίου</span> 
     </span>
    </p>
   </div>
   <div class='ocr_carea' id='block_1_55' title="bbox 296 2996 762 3058">
    <p class='ocr_par' dir='ltr' id='par_1_55' title="bbox 296 2996 762 3058">
     <span class='ocr_line' id='line_1_55' title="bbox 296 2996 762 3058; baseline -0.009 -8"><span class='ocrx_word' id='word_1_422' title='bbox 296 2996 762 3058; x_wconf 77' lang='grc' dir='ltr'>ἀποκατάστασις.</span> 
     </span>
    </p>
   </div>
   <div class='ocr_carea' id='block_1_56' title="bbox 370 3075 1875 3156">
    <p class='ocr_par' dir='ltr' id='par_1_56' title="bbox 370 3075 1875 3152">
     <span class='ocr_line' id='line_1_56' title="bbox 370 3075 1875 3152; baseline -0.009 -9"><span class='ocrx_word' id='word_1_423' title='bbox 370 3089 424 3143; x_wconf 89' lang='grc'><strong>9.</strong></span> <span class='ocrx_word' id='word_1_424' title='bbox 452 3089 558 3141; x_wconf 79' lang='grc' dir='ltr'><strong>Καὶ</strong></span> <span class='ocrx_word' id='word_1_425' title='bbox 587 3088 876 3152; x_wconf 75' lang='grc' dir='ltr'>ἐποίησεν</span> <span class='ocrx_word' id='word_1_426' title='bbox 891 3088 924 3138; x_wconf 81' lang='grc' dir='ltr'><em>ὁ</em></span> <span class='ocrx_word' id='word_1_427' title='bbox 942 3084 1086 3150; x_wconf 75' lang='grc' dir='ltr'>θεὸς</span> <span class='ocrx_word' id='word_1_428' title='bbox 1115 3081 1257 3146; x_wconf 78' lang='grc' dir='ltr'>τοὺς</span> <span class='ocrx_word' id='word_1_429' title='bbox 1277 3081 1385 3136; x_wconf 84' lang='grc' dir='ltr'><strong>δύο</strong></span> <span class='ocrx_word' id='word_1_430' title='bbox 1406 3077 1726 3148; x_wconf 68' lang='grc' dir='ltr'>φωστῆρας</span> <span class='ocrx_word' id='word_1_431' title='bbox 1747 3075 1875 3141; x_wconf 80' lang='grc' dir='ltr'>τοὺς</span> 
     </span>
    </p>
   </div>
   <div class='ocr_carea' id='block_1_57' title="bbox 1982 3075 3562 3156">
    <p class='ocr_par' dir='ltr' id='par_1_57' title="bbox 2060 3075 3562 3156">
     <span class='ocr_line' id='line_1_57' title="bbox 2060 3075 3562 3156; baseline 0.009 -25"><span class='ocrx_word' id='word_1_432' title='bbox 2060 3076 2113 3131; x_wconf 88' lang='lat'><strong>9.</strong></span> <span class='ocrx_word' id='word_1_433' title='bbox 2142 3075 2213 3131; x_wconf 89' lang='lat' dir='ltr'><strong>Et</strong></span> <span class='ocrx_word' id='word_1_434' title='bbox 2241 3078 2360 3148; x_wconf 76' lang='lat' dir='ltr'><strong>fecit</strong></span> <span class='ocrx_word' id='word_1_435' title='bbox 2387 3080 2524 3135; x_wconf 77' lang='lat' dir='ltr'><strong>Deus</strong></span> <span class='ocrx_word' id='word_1_436' title='bbox 2550 3085 2654 3136; x_wconf 86' lang='lat' dir='ltr'><strong>duo</strong></span> <span class='ocrx_word' id='word_1_437' title='bbox 2679 3084 2964 3137; x_wconf 79' lang='lat' dir='ltr'><strong>luniinariu</strong></span> <span class='ocrx_word' id='word_1_438' title='bbox 2989 3103 3174 3156; x_wconf 80' lang='lat' dir='ltr'><strong>magna</strong></span> <span class='ocrx_word' id='word_1_439' title='bbox 3192 3087 3257 3141; x_wconf 78' lang='grc'>⁸⁷.</span> <span class='ocrx_word' id='word_1_440' title='bbox 3283 3089 3414 3142; x_wconf 87' lang='lat' dir='ltr'><strong>Cum</strong></span> <span class='ocrx_word' id='word_1_441' title='bbox 3448 3105 3562 3145; x_wconf 76' lang='lat' dir='ltr'><strong>ma-</strong></span> 
     </span>
    </p>
   </div>
   <div class='ocr_carea' id='block_1_58' title="bbox 294 3168 1875 3251">
    <p class='ocr_par' dir='ltr' id='par_1_58' title="bbox 294 3168 1875 3251">
     <span class='ocr_line' id='line_1_58' title="bbox 294 3168 1875 3251; baseline -0.009 -16"><span class='ocrx_word' id='word_1_442' title='bbox 294 3179 620 3251; x_wconf 76' lang='grc' dir='ltr'>μετάλους.</span> <span class='ocrx_word' id='word_1_443' title='bbox 657 3177 876 3248; x_wconf 83' lang='grc' dir='ltr'>Ἐπειδὴ</span> <span class='ocrx_word' id='word_1_444' title='bbox 918 3177 980 3230; x_wconf 83' lang='grc' dir='ltr'><strong>τὸ</strong></span> <span class='ocrx_word' id='word_1_445' title='bbox 1042 3176 1184 3248; x_wconf 83' lang='grc' dir='ltr'>μέγα</span> <span class='ocrx_word' id='word_1_446' title='bbox 1230 3174 1292 3228; x_wconf 81' lang='grc' dir='ltr'>τὸ</span> <span class='ocrx_word' id='word_1_447' title='bbox 1339 3175 1436 3245; x_wconf 85' lang='grc' dir='ltr'>μὲν</span> <span class='ocrx_word' id='word_1_448' title='bbox 1468 3171 1731 3226; x_wconf 89' lang='grc' dir='ltr'>ἀπόλυτον</span> <span class='ocrx_word' id='word_1_449' title='bbox 1774 3168 1875 3240; x_wconf 75' lang='grc' dir='ltr'>ἔχει</span> 
     </span>
    </p>
   </div>
   <div class='ocr_carea' id='block_1_59' title="bbox 1982 3168 3561 3251">
    <p class='ocr_par' dir='ltr' id='par_1_59' title="bbox 1987 3175 3561 3249">
     <span class='ocr_line' id='line_1_59' title="bbox 1987 3175 3561 3249; baseline 0.009 -26"><span class='ocrx_word' id='word_1_450' title='bbox 1987 3186 2154 3241; x_wconf 75' lang='lat' dir='ltr'><strong>gnum</strong></span> <span class='ocrx_word' id='word_1_451' title='bbox 2187 3175 2347 3228; x_wconf 90' lang='lat' dir='ltr'><strong>modo</strong></span> <span class='ocrx_word' id='word_1_452' title='bbox 2375 3175 2678 3229; x_wconf 85' lang='lat' dir='ltr'><strong>absolutam</strong></span> <span class='ocrx_word' id='word_1_453' title='bbox 2706 3176 2905 3231; x_wconf 86' lang='lat' dir='ltr'><strong>habeat</strong></span> <span class='ocrx_word' id='word_1_454' title='bbox 2932 3178 3363 3249; x_wconf 84' lang='lat' dir='ltr'><strong>intelligentiam,</strong></span> <span class='ocrx_word' id='word_1_455' title='bbox 3394 3183 3561 3238; x_wconf 79' lang='lat' dir='ltr'><strong>veluti</strong></span> 
     </span>
    </p>
   </div>
   <div class='ocr_carea' id='block_1_60' title="bbox 299 3264 1875 3346">
    <p class='ocr_par' dir='ltr' id='par_1_60' title="bbox 299 3264 1875 3346">
     <span class='ocr_line' id='line_1_60' title="bbox 299 3264 1875 3346; baseline -0.007 -19"><span class='ocrx_word' id='word_1_456' title='bbox 299 3277 401 3346; x_wconf 79' lang='grc' dir='ltr'>τὴν</span> <span class='ocrx_word' id='word_1_457' title='bbox 424 3274 651 3327; x_wconf 73' lang='grc' dir='ltr'>ἔννοιαν·</span> <span class='ocrx_word' id='word_1_458' title='bbox 690 3273 766 3336; x_wconf 89' lang='grc' dir='ltr'>ὼς</span> <span class='ocrx_word' id='word_1_459' title='bbox 802 3273 976 3343; x_wconf 89' lang='grc' dir='ltr'>μέγας</span> <span class='ocrx_word' id='word_1_460' title='bbox 1009 3273 1037 3324; x_wconf 94' lang='lat'><strong>6</strong></span> <span class='ocrx_word' id='word_1_461' title='bbox 1072 3267 1322 3340; x_wconf 76' lang='grc' dir='ltr'>οὐρανὸς,</span> <span class='ocrx_word' id='word_1_462' title='bbox 1363 3268 1458 3320; x_wconf 75' lang='grc' dir='ltr'>καὶ</span> <span class='ocrx_word' id='word_1_463' title='bbox 1499 3265 1708 3336; x_wconf 82' lang='grc' dir='ltr'>μεγάλη</span> <span class='ocrx_word' id='word_1_464' title='bbox 1730 3265 1763 3333; x_wconf 82' lang='grc' dir='ltr'>ή</span> <span class='ocrx_word' id='word_1_465' title='bbox 1789 3264 1875 3334; x_wconf 79' lang='grc' dir='ltr'>γῆ,</span> 
     </span>
    </p>
   </div>
   <div class='ocr_carea' id='block_1_61' title="bbox 1982 3264 3560 3346">
    <p class='ocr_par' dir='ltr' id='par_1_61' title="bbox 1989 3268 3560 3342">
     <span class='ocr_line' id='line_1_61' title="bbox 1989 3268 3560 3342; baseline 0.008 -25"><span class='ocrx_word' id='word_1_466' title='bbox 1989 3280 2240 3334; x_wconf 87' lang='lat' dir='ltr'><strong>magnum</strong></span> <span class='ocrx_word' id='word_1_467' title='bbox 2267 3277 2345 3322; x_wconf 84' lang='lat' dir='ltr'><strong>est</strong></span> <span class='ocrx_word' id='word_1_468' title='bbox 2378 3268 2598 3334; x_wconf 72' lang='lat' dir='ltr'><strong>cmlum,</strong></span> <span class='ocrx_word' id='word_1_469' title='bbox 2637 3284 2830 3340; x_wconf 85' lang='lat' dir='ltr'><strong>magna</strong></span> <span class='ocrx_word' id='word_1_470' title='bbox 2870 3281 2953 3324; x_wconf 87' lang='lat' dir='ltr'><strong>est</strong></span> <span class='ocrx_word' id='word_1_471' title='bbox 2981 3282 3145 3335; x_wconf 87' lang='lat' dir='ltr'><strong>terra,</strong></span> <span class='ocrx_word' id='word_1_472' title='bbox 3186 3287 3438 3342; x_wconf 79' lang='lat' dir='ltr'><strong>magnum</strong></span> <span class='ocrx_word' id='word_1_473' title='bbox 3474 3285 3560 3330; x_wconf 90' lang='lat' dir='ltr'><strong>est</strong></span> 
     </span>
    </p>
   </div>
   <div class='ocr_carea' id='block_1_62' title="bbox 299 3356 1875 3436">
    <p class='ocr_par' dir='ltr' id='par_1_62' title="bbox 299 3356 1875 3436">
     <span class='ocr_line' id='line_1_62' title="bbox 299 3356 1875 3436; baseline -0.008 -16"><span class='ocrx_word' id='word_1_474' title='bbox 299 3367 397 3420; x_wconf 67' lang='grc' dir='ltr'><strong>καὶ</strong></span> <span class='ocrx_word' id='word_1_475' title='bbox 447 3367 654 3436; x_wconf 85' lang='grc' dir='ltr'>μεγάλη</span> <span class='ocrx_word' id='word_1_476' title='bbox 715 3364 825 3434; x_wconf 86' lang='grc'><strong>(50)</strong></span> <span class='ocrx_word' id='word_1_477' title='bbox 868 3366 900 3433; x_wconf 83' lang='grc' dir='ltr'>ἡ</span> <span class='ocrx_word' id='word_1_478' title='bbox 960 3363 1220 3415; x_wconf 89' lang='grc' dir='ltr'>θάλασσα·</span> <span class='ocrx_word' id='word_1_479' title='bbox 1257 3361 1325 3412; x_wconf 89' lang='grc' dir='ltr'><strong>τά</strong></span> <span class='ocrx_word' id='word_1_480' title='bbox 1378 3359 1437 3411; x_wconf 82' lang='grc' dir='ltr'><strong>δὲ</strong></span> <span class='ocrx_word' id='word_1_481' title='bbox 1491 3359 1566 3421; x_wconf 88' lang='grc' dir='ltr'>ὡς</span> <span class='ocrx_word' id='word_1_482' title='bbox 1607 3356 1678 3409; x_wconf 89' lang='grc' dir='ltr'><strong>τά</strong></span> <span class='ocrx_word' id='word_1_483' title='bbox 1715 3356 1875 3408; x_wconf 85' lang='grc' dir='ltr'>πολλά</span> 
     </span>
    </p>
   </div>
   <div class='ocr_carea' id='block_1_63' title="bbox 1982 3356 3562 3436">
    <p class='ocr_par' dir='ltr' id='par_1_63' title="bbox 1988 3361 3562 3434">
     <span class='ocr_line' id='line_1_63' title="bbox 1988 3361 3562 3434; baseline 0.006 -23"><span class='ocrx_word' id='word_1_484' title='bbox 1988 3374 2140 3414; x_wconf 89' lang='lat' dir='ltr'><strong>mare</strong></span> <span class='ocrx_word' id='word_1_485' title='bbox 2177 3378 2191 3415; x_wconf 88' lang='lat'><strong>:</strong></span> <span class='ocrx_word' id='word_1_486' title='bbox 2228 3361 2387 3416; x_wconf 92' lang='lat' dir='ltr'><strong>modo</strong></span> <span class='ocrx_word' id='word_1_487' title='bbox 2421 3375 2572 3426; x_wconf 84' lang='lat' dir='ltr'><strong>vero,</strong></span> <span class='ocrx_word' id='word_1_488' title='bbox 2606 3364 2746 3431; x_wconf 91' lang='lat' dir='ltr'><strong>quod</strong></span> <span class='ocrx_word' id='word_1_489' title='bbox 2787 3364 2946 3434; x_wconf 81' lang='lat' dir='ltr'><strong>vulgo</strong></span> <span class='ocrx_word' id='word_1_490' title='bbox 2983 3365 3060 3428; x_wconf 89' lang='lat' dir='ltr'><strong>lit,</strong></span> <span class='ocrx_word' id='word_1_491' title='bbox 3093 3367 3160 3418; x_wconf 91' lang='lat' dir='ltr'><strong>ad</strong></span> <span class='ocrx_word' id='word_1_492' title='bbox 3206 3366 3433 3420; x_wconf 88' lang='lat' dir='ltr'><strong>alterum</strong></span> <span class='ocrx_word' id='word_1_493' title='bbox 3477 3383 3562 3421; x_wconf 91' lang='lat' dir='ltr'><strong>re-</strong></span> 
     </span>
    </p>
   </div>
   <div class='ocr_carea' id='block_1_64' title="bbox 299 3449 1875 3527">
    <p class='ocr_par' dir='ltr' id='par_1_64' title="bbox 299 3449 1875 3527">
     <span class='ocr_line' id='line_1_64' title="bbox 299 3449 1875 3527; baseline -0.007 -16"><span class='ocrx_word' id='word_1_494' title='bbox 299 3458 513 3526; x_wconf 81' lang='grc' dir='ltr'>πέφυκε</span> <span class='ocrx_word' id='word_1_495' title='bbox 553 3457 690 3527; x_wconf 82' lang='grc' dir='ltr'>πρὸς</span> <span class='ocrx_word' id='word_1_496' title='bbox 717 3456 900 3527; x_wconf 71' lang='grc' dir='ltr'>ἕτερον</span> <span class='ocrx_word' id='word_1_497' title='bbox 927 3453 1314 3526; x_wconf 81' lang='grc' dir='ltr'>ἀναφέρεσθαι,</span> <span class='ocrx_word' id='word_1_498' title='bbox 1339 3452 1413 3514; x_wconf 87' lang='grc' dir='ltr'>ὼς</span> <span class='ocrx_word' id='word_1_499' title='bbox 1450 3449 1622 3521; x_wconf 85' lang='grc' dir='ltr'>μέγας</span> <span class='ocrx_word' id='word_1_500' title='bbox 1644 3451 1672 3502; x_wconf 91' lang='lat'><strong>6</strong></span> <span class='ocrx_word' id='word_1_501' title='bbox 1697 3449 1875 3514; x_wconf 69' lang='grc' dir='ltr'>ἵππος,</span> 
     </span>
    </p>
   </div>
   <div class='ocr_carea' id='block_1_65' title="bbox 1982 3449 3562 3527">
    <p class='ocr_par' dir='ltr' id='par_1_65' title="bbox 1987 3452 3562 3527">
     <span class='ocr_line' id='line_1_65' title="bbox 1987 3452 3562 3527; baseline 0.004 -22"><span class='ocrx_word' id='word_1_502' title='bbox 1987 3452 2115 3506; x_wconf 89' lang='lat' dir='ltr'><strong>ferri</strong></span> <span class='ocrx_word' id='word_1_503' title='bbox 2163 3454 2374 3508; x_wconf 91' lang='lat' dir='ltr'><strong>soleat:</strong></span> <span class='ocrx_word' id='word_1_504' title='bbox 2412 3455 2643 3525; x_wconf 83' lang='lat' dir='ltr'><strong>exempli</strong></span> <span class='ocrx_word' id='word_1_505' title='bbox 2696 3469 2881 3522; x_wconf 88' lang='lat' dir='ltr'><strong>causa,</strong></span> <span class='ocrx_word' id='word_1_506' title='bbox 2932 3472 3161 3526; x_wconf 87' lang='lat' dir='ltr'><strong>magnus</strong></span> <span class='ocrx_word' id='word_1_507' title='bbox 3209 3472 3415 3527; x_wconf 90' lang='lat' dir='ltr'><strong>equus,</strong></span> <span class='ocrx_word' id='word_1_508' title='bbox 3467 3470 3562 3512; x_wconf 85' lang='lat' dir='ltr'><strong>aut</strong></span> 
     </span>
    </p>
   </div>
   <div class='ocr_carea' id='block_1_66' title="bbox 300 3538 1875 3619">
    <p class='ocr_par' dir='ltr' id='par_1_66' title="bbox 300 3538 1875 3619">
     <span class='ocr_line' id='line_1_66' title="bbox 300 3538 1875 3619; baseline -0.006 -17"><span class='ocrx_word' id='word_1_509' title='bbox 300 3551 398 3604; x_wconf 71' lang='grc' dir='ltr'>καὶ</span> <span class='ocrx_word' id='word_1_510' title='bbox 425 3551 453 3602; x_wconf 98' lang='lat'><strong>6</strong></span> <span class='ocrx_word' id='word_1_511' title='bbox 481 3547 606 3619; x_wconf 83' lang='grc' dir='ltr'><strong>βοῦς</strong></span> <span class='ocrx_word' id='word_1_512' title='bbox 631 3550 660 3600; x_wconf 91' lang='grc' dir='ltr'><strong>ό</strong></span> <span class='ocrx_word' id='word_1_513' title='bbox 693 3549 866 3618; x_wconf 85' lang='grc' dir='ltr'>μέγας</span> <span class='ocrx_word' id='word_1_514' title='bbox 916 3546 995 3618; x_wconf 83' lang='grc' dir='ltr'><strong>(οὐ</strong></span> <span class='ocrx_word' id='word_1_515' title='bbox 1029 3546 1138 3618; x_wconf 83' lang='grc' dir='ltr'>γὰρ</span> <span class='ocrx_word' id='word_1_516' title='bbox 1167 3546 1224 3598; x_wconf 82' lang='grc' dir='ltr'>ὲν</span> <span class='ocrx_word' id='word_1_517' title='bbox 1251 3547 1317 3614; x_wconf 83' lang='grc' dir='ltr'>τῇ</span> <span class='ocrx_word' id='word_1_518' title='bbox 1348 3542 1618 3614; x_wconf 83' lang='grc' dir='ltr'>ὑπερϐολῇ</span> <span class='ocrx_word' id='word_1_519' title='bbox 1653 3540 1759 3595; x_wconf 87' lang='grc' dir='ltr'><strong>τῶν</strong></span> <span class='ocrx_word' id='word_1_520' title='bbox 1785 3538 1875 3593; x_wconf 84' lang='grc' dir='ltr'><strong>τοῦ</strong></span> 
     </span>
    </p>
   </div>
   <div class='ocr_carea' id='block_1_67' title="bbox 1982 3538 3561 3619">
    <p class='ocr_par' dir='ltr' id='par_1_67' title="bbox 1984 3545 3561 3617">
     <span class='ocr_line' id='line_1_67' title="bbox 1984 3545 3561 3617; baseline 0.004 -20"><span class='ocrx_word' id='word_1_521' title='bbox 1984 3559 2211 3614; x_wconf 85' lang='lat' dir='ltr'><strong>magnus</strong></span> <span class='ocrx_word' id='word_1_522' title='bbox 2241 3545 2376 3600; x_wconf 84' lang='lat' dir='ltr'><strong>bos:</strong></span> <span class='ocrx_word' id='word_1_523' title='bbox 2412 3561 2517 3600; x_wconf 91' lang='lat' dir='ltr'><strong>non</strong></span> <span class='ocrx_word' id='word_1_524' title='bbox 2548 3548 2691 3602; x_wconf 90' lang='lat' dir='ltr'><strong>enim</strong></span> <span class='ocrx_word' id='word_1_525' title='bbox 2720 3547 2788 3601; x_wconf 91' lang='lat' dir='ltr'><strong>ob</strong></span> <span class='ocrx_word' id='word_1_526' title='bbox 2821 3547 3054 3617; x_wconf 83' lang='lat' dir='ltr'><strong>amplam</strong></span> <span class='ocrx_word' id='word_1_527' title='bbox 3081 3563 3359 3617; x_wconf 73' lang='lat' dir='ltr'><strong>corporea:</strong></span> <span class='ocrx_word' id='word_1_528' title='bbox 3401 3552 3561 3606; x_wconf 89' lang='lat' dir='ltr'><strong>molis</strong></span> 
     </span>
    </p>
   </div>
   <div class='ocr_carea' id='block_1_68' title="bbox 301 3632 1875 3711">
    <p class='ocr_par' dir='ltr' id='par_1_68' title="bbox 301 3632 1875 3711">
     <span class='ocr_line' id='line_1_68' title="bbox 301 3632 1875 3711; baseline -0.007 -17"><span class='ocrx_word' id='word_1_529' title='bbox 301 3641 554 3711; x_wconf 83' lang='grc' dir='ltr'>σώματος</span> <span class='ocrx_word' id='word_1_530' title='bbox 579 3640 779 3708; x_wconf 78' lang='grc' dir='ltr'>ὄγκων,</span> <span class='ocrx_word' id='word_1_531' title='bbox 804 3639 916 3693; x_wconf 88' lang='grc' dir='ltr'>ἀλλ’</span> <span class='ocrx_word' id='word_1_532' title='bbox 948 3641 1004 3694; x_wconf 86' lang='grc' dir='ltr'><strong>ἐν</strong></span> <span class='ocrx_word' id='word_1_533' title='bbox 1028 3641 1094 3709; x_wconf 79' lang='grc' dir='ltr'>τῇ</span> <span class='ocrx_word' id='word_1_534' title='bbox 1120 3636 1253 3709; x_wconf 81' lang='grc' dir='ltr'>πρὸς</span> <span class='ocrx_word' id='word_1_535' title='bbox 1291 3636 1360 3689; x_wconf 73' lang='grc' dir='ltr'><strong>τά</strong></span> <span class='ocrx_word' id='word_1_536' title='bbox 1387 3636 1546 3705; x_wconf 83' lang='grc' dir='ltr'>ὃμοια</span> <span class='ocrx_word' id='word_1_537' title='bbox 1585 3632 1875 3704; x_wconf 86' lang='grc' dir='ltr'>παραθέσει</span> 
     </span>
    </p>
   </div>
   <div class='ocr_carea' id='block_1_69' title="bbox 1982 3632 3560 3711">
    <p class='ocr_par' dir='ltr' id='par_1_69' title="bbox 1983 3639 3560 3709">
     <span class='ocr_line' id='line_1_69' title="bbox 1983 3639 3560 3709; baseline 0.003 -18"><span class='ocrx_word' id='word_1_538' title='bbox 1983 3639 2361 3709; x_wconf 83' lang='lat' dir='ltr'><strong>quantitatem,</strong></span> <span class='ocrx_word' id='word_1_539' title='bbox 2403 3639 2498 3695; x_wconf 88' lang='lat' dir='ltr'><strong>sed</strong></span> <span class='ocrx_word' id='word_1_540' title='bbox 2525 3640 2596 3695; x_wconf 89' lang='lat' dir='ltr'><strong>ob</strong></span> <span class='ocrx_word' id='word_1_541' title='bbox 2626 3641 2930 3695; x_wconf 86' lang='lat' dir='ltr'><strong>institutam</strong></span> <span class='ocrx_word' id='word_1_542' title='bbox 2962 3655 3085 3696; x_wconf 89' lang='lat' dir='ltr'><strong>eum</strong></span> <span class='ocrx_word' id='word_1_543' title='bbox 3117 3642 3382 3697; x_wconf 87' lang='lat' dir='ltr'><strong>similibus</strong></span> <span class='ocrx_word' id='word_1_544' title='bbox 3413 3658 3560 3697; x_wconf 86' lang='lat' dir='ltr'><strong>eom-</strong></span> 
     </span>
    </p>
   </div>
   <div class='ocr_carea' id='block_1_70' title="bbox 297 3729 1875 3806">
    <p class='ocr_par' dir='ltr' id='par_1_70' title="bbox 297 3729 1875 3806">
     <span class='ocr_line' id='line_1_70' title="bbox 297 3729 1875 3806; baseline -0.004 -21"><span class='ocrx_word' id='word_1_545' title='bbox 297 3731 399 3803; x_wconf 83' lang='grc' dir='ltr'>τὴν</span> <span class='ocrx_word' id='word_1_546' title='bbox 435 3733 738 3806; x_wconf 86' lang='grc' dir='ltr'>μαρτυρίαν</span> <span class='ocrx_word' id='word_1_547' title='bbox 768 3733 859 3785; x_wconf 86' lang='grc' dir='ltr'>τοῦ</span> <span class='ocrx_word' id='word_1_548' title='bbox 905 3733 1167 3803; x_wconf 86' lang='grc' dir='ltr'>μεγέθους</span> <span class='ocrx_word' id='word_1_549' title='bbox 1211 3733 1278 3785; x_wconf 88' lang='grc' dir='ltr'><strong>τά</strong></span> <span class='ocrx_word' id='word_1_550' title='bbox 1310 3730 1534 3784; x_wconf 84' lang='grc' dir='ltr'>τοιαῦτα</span> <span class='ocrx_word' id='word_1_551' title='bbox 1567 3729 1875 3799; x_wconf 84' lang='grc' dir='ltr'>λαμϐάνει)-</span> 
     </span>
    </p>
   </div>
   <div class='ocr_carea' id='block_1_71' title="bbox 297 3817 1875 3893">
    <p class='ocr_par' dir='ltr' id='par_1_71' title="bbox 297 3817 1875 3893">
     <span class='ocr_line' id='line_1_71' title="bbox 297 3817 1875 3893; baseline -0.004 -17"><span class='ocrx_word' id='word_1_552' title='bbox 297 3824 419 3888; x_wconf 80' lang='grc' dir='ltr'><strong>πῶς</strong></span> <span class='ocrx_word' id='word_1_553' title='bbox 446 3825 621 3877; x_wconf 87' lang='grc' dir='ltr'>τοίνυν</span> <span class='ocrx_word' id='word_1_554' title='bbox 657 3823 766 3892; x_wconf 76' lang='grc'><strong>(51)</strong></span> <span class='ocrx_word' id='word_1_555' title='bbox 797 3823 892 3876; x_wconf 82' lang='grc' dir='ltr'><strong>τοῦ</strong></span> <span class='ocrx_word' id='word_1_556' title='bbox 917 3823 1150 3893; x_wconf 88' lang='grc' dir='ltr'>μεγάλου</span> <span class='ocrx_word' id='word_1_557' title='bbox 1173 3821 1269 3891; x_wconf 81' lang='grc' dir='ltr'><strong>τὴν</strong></span> <span class='ocrx_word' id='word_1_558' title='bbox 1300 3821 1506 3873; x_wconf 75' lang='grc' dir='ltr'>ἔννοιαν</span> <span class='ocrx_word' id='word_1_559' title='bbox 1521 3817 1875 3887; x_wconf 73' lang='grc' dir='ltr'>ἐκδεξάμεοας</span> 
     </span>
    </p>
   </div>
   <div class='ocr_carea' id='block_1_72' title="bbox 299 3909 1874 3986">
    <p class='ocr_par' dir='ltr' id='par_1_72' title="bbox 299 3909 1874 3986">
     <span class='ocr_line' id='line_1_72' title="bbox 299 3909 1874 3986; baseline -0.006 -18"><span class='ocrx_word' id='word_1_560' title='bbox 299 3917 534 3986; x_wconf 86' lang='grc' dir='ltr'>Πότερον</span> <span class='ocrx_word' id='word_1_561' title='bbox 559 3915 634 3976; x_wconf 84' lang='grc' dir='ltr'><strong>ὡς</strong></span> <span class='ocrx_word' id='word_1_562' title='bbox 658 3915 748 3967; x_wconf 83' lang='grc' dir='ltr'><strong>τὸν</strong></span> <span class='ocrx_word' id='word_1_563' title='bbox 772 3914 1057 3984; x_wconf 79' lang='grc' dir='ltr'>μύρμηκα,</span> <span class='ocrx_word' id='word_1_564' title='bbox 1078 3913 1110 3983; x_wconf 80' lang='grc' dir='ltr'>ἢ</span> <span class='ocrx_word' id='word_1_565' title='bbox 1128 3912 1253 3967; x_wconf 84' lang='grc' dir='ltr'>ἀλλο</span> <span class='ocrx_word' id='word_1_566' title='bbox 1273 3930 1324 3964; x_wconf 93' lang='grc' dir='ltr'><strong>τι</strong></span> <span class='ocrx_word' id='word_1_567' title='bbox 1345 3911 1453 3965; x_wconf 84' lang='grc' dir='ltr'><strong>τῶν</strong></span> <span class='ocrx_word' id='word_1_568' title='bbox 1471 3910 1627 3980; x_wconf 78' lang='grc' dir='ltr'>φύσει</span> <span class='ocrx_word' id='word_1_569' title='bbox 1647 3909 1874 3980; x_wconf 84' lang='grc' dir='ltr'>μικρῶν,</span> 
     </span>
    </p>
   </div>
   <div class='ocr_carea' id='block_1_73' title="bbox 303 4000 1878 4077">
    <p class='ocr_par' dir='ltr' id='par_1_73' title="bbox 303 4000 1878 4077">
     <span class='ocr_line' id='line_1_73' title="bbox 303 4000 1878 4077; baseline 0.011 -26"><span class='ocrx_word' id='word_1_570' title='bbox 303 4007 446 4077; x_wconf 80' lang='grc' dir='ltr'>μέγα</span> <span class='ocrx_word' id='word_1_571' title='bbox 481 4004 958 4077; x_wconf 80' lang='grc' dir='ltr'>προσαγορεύομεν</span> <span class='ocrx_word' id='word_1_572' title='bbox 982 4004 1072 4058; x_wconf 84' lang='grc' dir='ltr'><strong>διὰ</strong></span> <span class='ocrx_word' id='word_1_573' title='bbox 1103 4005 1203 4076; x_wconf 75' lang='grc' dir='ltr'>τὴν</span> <span class='ocrx_word' id='word_1_574' title='bbox 1237 4005 1372 4076; x_wconf 74' lang='grc' dir='ltr'>πρὸς</span> <span class='ocrx_word' id='word_1_575' title='bbox 1398 4004 1464 4056; x_wconf 89' lang='grc' dir='ltr'><strong>τά</strong></span> <span class='ocrx_word' id='word_1_576' title='bbox 1484 4005 1716 4073; x_wconf 76' lang='grc' dir='ltr'>ὁμογενῆ</span> <span class='ocrx_word' id='word_1_577' title='bbox 1753 4000 1878 4068; x_wconf 66' lang='grc' dir='ltr'><strong>σύγ·</strong></span> 
     </span>
    </p>
   </div>
   <div class='ocr_carea' id='block_1_74' title="bbox 298 4093 1877 4170">
    <p class='ocr_par' dir='ltr' id='par_1_74' title="bbox 298 4093 1877 4170">
     <span class='ocr_line' id='line_1_74' title="bbox 298 4093 1877 4170; baseline -0.003 -20"><span class='ocrx_word' id='word_1_578' title='bbox 298 4115 481 4169; x_wconf 87' lang='grc' dir='ltr'>κρισιν</span> <span class='ocrx_word' id='word_1_579' title='bbox 508 4097 605 4169; x_wconf 79' lang='grc' dir='ltr'><strong>τὴν</strong></span> <span class='ocrx_word' id='word_1_580' title='bbox 637 4097 907 4170; x_wconf 81' lang='grc' dir='ltr'>ὑπεροχὴν</span> <span class='ocrx_word' id='word_1_581' title='bbox 952 4098 1383 4169; x_wconf 77' lang='grc' dir='ltr'>μαρτυροῦντες;</span> <span class='ocrx_word' id='word_1_582' title='bbox 1425 4097 1457 4167; x_wconf 85' lang='grc' dir='ltr'>ἢ</span> <span class='ocrx_word' id='word_1_583' title='bbox 1498 4095 1558 4148; x_wconf 82' lang='grc' dir='ltr'><strong>τὸ</strong></span> <span class='ocrx_word' id='word_1_584' title='bbox 1602 4097 1740 4164; x_wconf 83' lang='grc' dir='ltr'>μέγα</span> <span class='ocrx_word' id='word_1_585' title='bbox 1783 4093 1877 4147; x_wconf 72' lang='grc' dir='ltr'>νῦν</span> 
     </span>
    </p>
   </div>
   <div class='ocr_carea' id='block_1_75' title="bbox 296 4189 1874 4264">
    <p class='ocr_par' dir='ltr' id='par_1_75' title="bbox 296 4189 1874 4264">
     <span class='ocr_line' id='line_1_75' title="bbox 296 4189 1874 4264; baseline -0.004 -20"><span class='ocrx_word' id='word_1_586' title='bbox 296 4190 493 4257; x_wconf 78' lang='grc' dir='ltr'>οὕτως,</span> <span class='ocrx_word' id='word_1_587' title='bbox 520 4191 595 4256; x_wconf 78' lang='grc' dir='ltr'>ὡς</span> <span class='ocrx_word' id='word_1_588' title='bbox 646 4191 704 4245; x_wconf 88' lang='grc' dir='ltr'><strong>ἐν</strong></span> <span class='ocrx_word' id='word_1_589' title='bbox 748 4195 816 4264; x_wconf 78' lang='grc' dir='ltr'><strong>τῇ</strong></span> <span class='ocrx_word' id='word_1_590' title='bbox 864 4191 1042 4263; x_wconf 78' lang='grc' dir='ltr'>οἰκείᾳ</span> <span class='ocrx_word' id='word_1_591' title='bbox 1070 4191 1175 4243; x_wconf 85' lang='grc' dir='ltr'><strong>τῶν</strong></span> <span class='ocrx_word' id='word_1_592' title='bbox 1226 4192 1526 4260; x_wconf 84' lang='grc' dir='ltr'>φωστήρων</span> <span class='ocrx_word' id='word_1_593' title='bbox 1564 4189 1874 4256; x_wconf 79' lang='grc' dir='ltr'>κατασκευῇ</span> 
     </span>
    </p>
   </div>
   <div class='ocr_carea' id='block_1_76' title="bbox 297 4276 1871 4356">
    <p class='ocr_par' dir='ltr' id='par_1_76' title="bbox 297 4276 1871 4356">
     <span class='ocr_line' id='line_1_76' title="bbox 297 4276 1871 4356; baseline -0.005 -19"><span class='ocrx_word' id='word_1_594' title='bbox 297 4283 394 4343; x_wconf 71' lang='grc' dir='ltr'><strong>τοῦ</strong></span> <span class='ocrx_word' id='word_1_595' title='bbox 427 4284 688 4354; x_wconf 82' lang='grc' dir='ltr'>μεγέθους</span> <span class='ocrx_word' id='word_1_596' title='bbox 720 4284 1157 4356; x_wconf 75' lang='grc' dir='ltr'>ἐμφαινομένου;</span> <span class='ocrx_word' id='word_1_597' title='bbox 1205 4283 1346 4351; x_wconf 87' lang='grc' dir='ltr'><strong>Ἐγὼ</strong></span> <span class='ocrx_word' id='word_1_598' title='bbox 1378 4281 1475 4352; x_wconf 82' lang='grc' dir='ltr'><strong>μὲν</strong></span> <span class='ocrx_word' id='word_1_599' title='bbox 1504 4276 1653 4349; x_wconf 77' lang='grc' dir='ltr'>οἶμαι</span> <span class='ocrx_word' id='word_1_600' title='bbox 1697 4278 1871 4330; x_wconf 76' lang='grc' dir='ltr'>τοῦτο.</span> 
     </span>
    </p>
   </div>
   <div class='ocr_carea' id='block_1_77' title="bbox 296 4370 1875 4448">
    <p class='ocr_par' dir='ltr' id='par_1_77' title="bbox 296 4370 1875 4448">
     <span class='ocr_line' id='line_1_77' title="bbox 296 4370 1875 4448; baseline -0.005 -17"><span class='ocrx_word' id='word_1_601' title='bbox 296 4381 377 4431; x_wconf 80' lang='grc' dir='ltr'><strong>Οὐ</strong></span> <span class='ocrx_word' id='word_1_602' title='bbox 402 4379 510 4447; x_wconf 84' lang='grc' dir='ltr'><strong>γάρ</strong></span> <span class='ocrx_word' id='word_1_603' title='bbox 539 4377 722 4448; x_wconf 82' lang='grc' dir='ltr'>ἐπειδὴ</span> <span class='ocrx_word' id='word_1_604' title='bbox 755 4377 970 4446; x_wconf 71' lang='grc' dir='ltr'>μείζους</span> <span class='ocrx_word' id='word_1_605' title='bbox 1000 4377 1109 4428; x_wconf 82' lang='grc' dir='ltr'><strong>τῶν</strong></span> <span class='ocrx_word' id='word_1_606' title='bbox 1136 4375 1469 4445; x_wconf 82' lang='grc' dir='ltr'>μικροτέρων</span> <span class='ocrx_word' id='word_1_607' title='bbox 1495 4372 1757 4443; x_wconf 84' lang='grc' dir='ltr'>ἀστέρων,</span> <span class='ocrx_word' id='word_1_608' title='bbox 1791 4370 1875 4423; x_wconf 79' lang='grc' dir='ltr'>διὰ</span> 
     </span>
    </p>
   </div>
   <div class='ocr_carea' id='block_1_78' title="bbox 297 4463 1870 4538">
    <p class='ocr_par' dir='ltr' id='par_1_78' title="bbox 297 4463 1870 4538">
     <span class='ocr_line' id='line_1_78' title="bbox 297 4463 1870 4538; baseline 0.003 -18"><span class='ocrx_word' id='word_1_609' title='bbox 297 4469 454 4522; x_wconf 71' lang='grc' dir='ltr'>τοῦτο</span> <span class='ocrx_word' id='word_1_610' title='bbox 489 4471 726 4538; x_wconf 71' lang='grc' dir='ltr'>μεγάλοιο</span> <span class='ocrx_word' id='word_1_611' title='bbox 764 4467 877 4522; x_wconf 86' lang='grc' dir='ltr'>ἀλλ’</span> <span class='ocrx_word' id='word_1_612' title='bbox 906 4466 1091 4536; x_wconf 81' lang='grc' dir='ltr'>ἐπειδὴ</span> <span class='ocrx_word' id='word_1_613' title='bbox 1115 4467 1358 4518; x_wconf 80' lang='grc' dir='ltr'>τοσοῦτοι</span> <span class='ocrx_word' id='word_1_614' title='bbox 1392 4467 1490 4536; x_wconf 82' lang='grc' dir='ltr'>τὴν</span> <span class='ocrx_word' id='word_1_615' title='bbox 1507 4463 1870 4536; x_wconf 72' lang='grc' dir='ltr'>περιγραφὴν,</span> 
     </span>
    </p>
   </div>
   <div class='ocr_carea' id='block_1_79' title="bbox 296 4559 1874 4635">
    <p class='ocr_par' dir='ltr' id='par_1_79' title="bbox 296 4559 1874 4635">
     <span class='ocr_line' id='line_1_79' title="bbox 296 4559 1874 4635; baseline -0.005 -18"><span class='ocrx_word' id='word_1_616' title='bbox 296 4564 437 4617; x_wconf 75' lang='grc' dir='ltr'>ὥστε</span> <span class='ocrx_word' id='word_1_617' title='bbox 482 4563 730 4632; x_wconf 83' lang='grc' dir='ltr'>ἐξαρκεῖν</span> <span class='ocrx_word' id='word_1_618' title='bbox 779 4562 876 4635; x_wconf 76' lang='grc' dir='ltr'>τὴν</span> <span class='ocrx_word' id='word_1_619' title='bbox 931 4562 1024 4616; x_wconf 82' lang='grc' dir='ltr'><strong>ἀπ’</strong></span> <span class='ocrx_word' id='word_1_620' title='bbox 1058 4559 1237 4615; x_wconf 83' lang='grc' dir='ltr'>αὐτῶν</span> <span class='ocrx_word' id='word_1_621' title='bbox 1278 4560 1644 4630; x_wconf 82' lang='grc' dir='ltr'>ἀναχεομένην</span> <span class='ocrx_word' id='word_1_622' title='bbox 1700 4559 1874 4629; x_wconf 81' lang='grc' dir='ltr'>αὐγὴν</span> 
     </span>
    </p>
   </div>
   <div class='ocr_carea' id='block_1_80' title="bbox 297 4649 1874 4726">
    <p class='ocr_par' dir='ltr' id='par_1_80' title="bbox 297 4649 1874 4726">
     <span class='ocr_line' id='line_1_80' title="bbox 297 4649 1874 4726; baseline -0.006 -16"><span class='ocrx_word' id='word_1_623' title='bbox 297 4656 392 4710; x_wconf 78' lang='grc' dir='ltr'><strong>καὶ</strong></span> <span class='ocrx_word' id='word_1_624' title='bbox 419 4655 646 4726; x_wconf 65' lang='grc' dir='ltr'>οὖρανὺν</span> <span class='ocrx_word' id='word_1_625' title='bbox 672 4655 1034 4725; x_wconf 82' lang='grc' dir='ltr'>περιλάμπειν</span> <span class='ocrx_word' id='word_1_626' title='bbox 1066 4653 1160 4708; x_wconf 75' lang='grc' dir='ltr'><strong>καὶ</strong></span> <span class='ocrx_word' id='word_1_627' title='bbox 1185 4651 1274 4704; x_wconf 80' lang='grc' dir='ltr'><strong>τὸν</strong></span> <span class='ocrx_word' id='word_1_628' title='bbox 1303 4650 1460 4723; x_wconf 85' lang='grc' dir='ltr'>ἀέρα,</span> <span class='ocrx_word' id='word_1_629' title='bbox 1489 4653 1582 4706; x_wconf 49' lang='grc' dir='ltr'><strong>καί¹</strong></span> <span class='ocrx_word' id='word_1_630' title='bbox 1607 4649 1741 4721; x_wconf 79' lang='grc' dir='ltr'>ὁμοῦ</span> <span class='ocrx_word' id='word_1_631' title='bbox 1771 4650 1874 4702; x_wconf 87' lang='grc' dir='ltr'>πά-</span> 
     </span>
    </p>
   </div>
   <div class='ocr_carea' id='block_1_81' title="bbox 287 4743 1873 4820">
    <p class='ocr_par' dir='ltr' id='par_1_81' title="bbox 287 4743 1873 4820">
     <span class='ocr_line' id='line_1_81' title="bbox 287 4743 1873 4820; baseline -0.005 -18"><span class='ocrx_word' id='word_1_632' title='bbox 287 4765 370 4820; x_wconf 84' lang='grc' dir='ltr'>,σῃ</span> <span class='ocrx_word' id='word_1_633' title='bbox 407 4752 471 4820; x_wconf 81' lang='grc' dir='ltr'>τῇ</span> <span class='ocrx_word' id='word_1_634' title='bbox 508 4751 576 4819; x_wconf 79' lang='grc' dir='ltr'>γῇ</span> <span class='ocrx_word' id='word_1_635' title='bbox 609 4747 702 4800; x_wconf 78' lang='grc' dir='ltr'><strong>καὶ</strong></span> <span class='ocrx_word' id='word_1_636' title='bbox 737 4749 802 4818; x_wconf 85' lang='grc' dir='ltr'>τῇ</span> <span class='ocrx_word' id='word_1_637' title='bbox 834 4747 1079 4818; x_wconf 77' lang='grc' dir='ltr'>θαλάσσῃ</span> <span class='ocrx_word' id='word_1_638' title='bbox 1112 4743 1698 4816; x_wconf 87' lang='grc' dir='ltr'>συμπαρεκτείνεσθαι.</span> <span class='ocrx_word' id='word_1_639' title='bbox 1726 4745 1793 4797; x_wconf 77' lang='grc' dir='ltr'><strong>Οἵ</strong></span> <span class='ocrx_word' id='word_1_640' title='bbox 1809 4759 1873 4811; x_wconf 90' lang='grc' dir='ltr'><strong>γε</strong></span> 
     </span>
    </p>
   </div>
   <div class='ocr_carea' id='block_1_82' title="bbox 297 4837 1872 4912">
    <p class='ocr_par' dir='ltr' id='par_1_82' title="bbox 297 4837 1872 4912">
     <span class='ocr_line' id='line_1_82' title="bbox 297 4837 1872 4912; baseline -0.005 -16"><span class='ocrx_word' id='word_1_641' title='bbox 297 4842 439 4896; x_wconf 85' lang='grc' dir='ltr'><strong>κατά</strong></span> <span class='ocrx_word' id='word_1_642' title='bbox 466 4845 570 4895; x_wconf 85' lang='grc' dir='ltr'>πᾶν</span> <span class='ocrx_word' id='word_1_643' title='bbox 603 4841 767 4912; x_wconf 85' lang='grc' dir='ltr'>μέρος</span> <span class='ocrx_word' id='word_1_644' title='bbox 803 4839 898 4891; x_wconf 81' lang='grc' dir='ltr'>τοῦ</span> <span class='ocrx_word' id='word_1_645' title='bbox 938 4839 1169 4910; x_wconf 77' lang='grc' dir='ltr'>ούρανοῦ</span> <span class='ocrx_word' id='word_1_646' title='bbox 1200 4839 1491 4908; x_wconf 84' lang='grc' dir='ltr'>γινόμενοι,</span> <span class='ocrx_word' id='word_1_647' title='bbox 1529 4837 1623 4889; x_wconf 68' lang='grc' dir='ltr'>καὶ</span> <span class='ocrx_word' id='word_1_648' title='bbox 1648 4837 1872 4890; x_wconf 82' lang='grc' dir='ltr'>ἀνατέλ-</span> 
     </span>
    </p>
   </div>
   <div class='ocr_carea' id='block_1_83' title="bbox 295 4929 1872 5004">
    <p class='ocr_par' dir='ltr' id='par_1_83' title="bbox 295 4929 1872 5004">
     <span class='ocr_line' id='line_1_83' title="bbox 295 4929 1872 5004; baseline -0.005 -17"><span class='ocrx_word' id='word_1_649' title='bbox 295 4936 480 4996; x_wconf 76' lang='grc' dir='ltr'>λοντες</span> <span class='ocrx_word' id='word_1_650' title='bbox 536 4936 628 4987; x_wconf 76' lang='grc' dir='ltr'><strong>καὶ</strong></span> <span class='ocrx_word' id='word_1_651' title='bbox 662 4934 908 5004; x_wconf 79' lang='grc' dir='ltr'>δυόμενοι</span> <span class='ocrx_word' id='word_1_652' title='bbox 956 4929 1146 4984; x_wconf 75' lang='grc' dir='ltr'>καὶτὸ</span> <span class='ocrx_word' id='word_1_653' title='bbox 1201 4931 1363 5000; x_wconf 83' lang='grc' dir='ltr'>μέσον</span> <span class='ocrx_word' id='word_1_654' title='bbox 1407 4929 1712 4998; x_wconf 82' lang='grc' dir='ltr'>ἐπέχοντες,</span> <span class='ocrx_word' id='word_1_655' title='bbox 1770 4929 1872 4980; x_wconf 77' lang='grc' dir='ltr'>ἴσοι</span> 
     </span>
    </p>
   </div>
   <div class='ocr_carea' id='block_1_84' title="bbox 295 5020 1877 5094">
    <p class='ocr_par' dir='ltr' id='par_1_84' title="bbox 295 5020 1877 5094">
     <span class='ocr_line' id='line_1_84' title="bbox 295 5020 1877 5094; baseline -0.004 -15"><span class='ocrx_word' id='word_1_656' title='bbox 295 5023 633 5094; x_wconf 81' lang='grc' dir='ltr'>πανταχόθεν</span> <span class='ocrx_word' id='word_1_657' title='bbox 663 5029 774 5089; x_wconf 83' lang='grc' dir='ltr'>τοῖς</span> <span class='ocrx_word' id='word_1_658' title='bbox 813 5023 1120 5094; x_wconf 83' lang='grc' dir='ltr'>ἀνθρώποις</span> <span class='ocrx_word' id='word_1_659' title='bbox 1160 5023 1566 5092; x_wconf 69' lang='grc' dir='ltr'>προφαίνονται,</span> <span class='ocrx_word' id='word_1_660' title='bbox 1590 5020 1723 5092; x_wconf 74' lang='grc' dir='ltr'>ὅπερ</span> <span class='ocrx_word' id='word_1_661' title='bbox 1747 5020 1877 5073; x_wconf 79' lang='grc' dir='ltr'>ἀπύ-</span> 
     </span>
    </p>
   </div>
   <div class='ocr_carea' id='block_1_85' title="bbox 366 5208 1486 5278">
    <p class='ocr_par' dir='ltr' id='par_1_85' title="bbox 366 5208 1486 5278">
     <span class='ocr_line' id='line_1_85' title="bbox 366 5208 1486 5278; baseline 0.013 -16"><span class='ocrx_word' id='word_1_662' title='bbox 366 5210 433 5241; x_wconf 80' lang='grc'>⁸⁸⁶</span> <span class='ocrx_word' id='word_1_663' title='bbox 471 5208 614 5266; x_wconf 88' lang='lat' dir='ltr'><strong>Psal.</strong></span> <span class='ocrx_word' id='word_1_664' title='bbox 641 5225 836 5278; x_wconf 73' lang='lat' dir='ltr'><strong>cxxxv,</strong></span> <span class='ocrx_word' id='word_1_665' title='bbox 861 5209 914 5274; x_wconf 87' lang='lat'><strong>8,</strong></span> <span class='ocrx_word' id='word_1_666' title='bbox 944 5209 996 5265; x_wconf 85' lang='lat'><strong>9.</strong></span> <span class='ocrx_word' id='word_1_667' title='bbox 1073 5211 1115 5242; x_wconf 79' lang='grc'><strong>⁸⁷</strong></span> <span class='ocrx_word' id='word_1_668' title='bbox 1157 5209 1287 5265; x_wconf 77' lang='lat' dir='ltr'><strong>Ccn-</strong></span> <span class='ocrx_word' id='word_1_669' title='bbox 1333 5223 1368 5272; x_wconf 76' lang='grc' dir='ltr'><strong>ιι</strong></span> <span class='ocrx_word' id='word_1_670' title='bbox 1403 5210 1486 5263; x_wconf 72' lang='grc'><strong>16-</strong></span> 
     </span>
    </p>
   </div>
   <div class='ocr_carea' id='block_1_86' title="bbox 367 5345 1692 5420">
    <p class='ocr_par' dir='ltr' id='par_1_86' title="bbox 367 5345 1692 5420">
     <span class='ocr_line' id='line_1_86' title="bbox 367 5345 1692 5420; baseline -0.001 -18"><span class='ocrx_word' id='word_1_671' title='bbox 367 5348 481 5420; x_wconf 75' lang='grc'><strong>(47)</strong></span> <span class='ocrx_word' id='word_1_672' title='bbox 518 5350 652 5412; x_wconf 77' lang='lat' dir='ltr'><strong>Reg.</strong></span> <span class='ocrx_word' id='word_1_673' title='bbox 694 5358 878 5403; x_wconf 80' lang='lat' dir='ltr'><strong>sextus</strong></span> <span class='ocrx_word' id='word_1_674' title='bbox 903 5349 1163 5402; x_wconf 83' lang='grc' dir='ltr'>ποταπῶν</span> <span class='ocrx_word' id='word_1_675' title='bbox 1197 5345 1692 5417; x_wconf 76' lang='grc' dir='ltr'>ἀποτελεσματικὴ.</span> 
     </span>
    </p>
   </div>
   <div class='ocr_carea' id='block_1_87' title="bbox 371 5419 1870 5491">
    <p class='ocr_par' dir='ltr' id='par_1_87' title="bbox 371 5419 1870 5491">
     <span class='ocr_line' id='line_1_87' title="bbox 371 5419 1870 5491; baseline -0.001 -19"><span class='ocrx_word' id='word_1_676' title='bbox 371 5419 481 5489; x_wconf 67' lang='grc'><strong>(48)</strong></span> <span class='ocrx_word' id='word_1_677' title='bbox 523 5421 923 5491; x_wconf 76' lang='grc' dir='ltr'>Τοῦπνίγους.</span> <span class='ocrx_word' id='word_1_678' title='bbox 959 5421 1023 5474; x_wconf 85' lang='lat' dir='ltr'><strong>Et</strong></span> <span class='ocrx_word' id='word_1_679' title='bbox 1057 5422 1142 5473; x_wconf 89' lang='lat' dir='ltr'><strong>hic</strong></span> <span class='ocrx_word' id='word_1_680' title='bbox 1168 5422 1218 5473; x_wconf 91' lang='lat' dir='ltr'><strong>in</strong></span> <span class='ocrx_word' id='word_1_681' title='bbox 1257 5420 1502 5491; x_wconf 60' lang='lat' dir='ltr'><strong>margine</strong></span> <span class='ocrx_word' id='word_1_682' title='bbox 1535 5421 1683 5488; x_wconf 75' lang='lat' dir='ltr'><strong>ltegii</strong></span> <span class='ocrx_word' id='word_1_683' title='bbox 1713 5419 1870 5491; x_wconf 81' lang='lat' dir='ltr'><strong>primi</strong></span> 
     </span>
    </p>
   </div>
   <div class='ocr_carea' id='block_1_88' title="bbox 297 5489 1872 5560">
    <p class='ocr_par' dir='ltr' id='par_1_88' title="bbox 297 5489 1872 5560">
     <span class='ocr_line' id='line_1_88' title="bbox 297 5489 1872 5560; baseline -0.003 -16"><span class='ocrx_word' id='word_1_684' title='bbox 297 5490 644 5560; x_wconf 81' lang='lat' dir='ltr'><strong>inveniuntur</strong></span> <span class='ocrx_word' id='word_1_685' title='bbox 675 5489 785 5553; x_wconf 70' lang='lat' dir='ltr'><strong>illa,</strong></span> <span class='ocrx_word' id='word_1_686' title='bbox 815 5489 908 5542; x_wconf 72' lang='grc' dir='ltr'><strong>τοῦ</strong></span> <span class='ocrx_word' id='word_1_687' title='bbox 935 5491 1162 5560; x_wconf 87' lang='grc' dir='ltr'>πνίγους</span> <span class='ocrx_word' id='word_1_688' title='bbox 1187 5489 1280 5543; x_wconf 80' lang='grc' dir='ltr'><strong>τοῦ</strong></span> <span class='ocrx_word' id='word_1_689' title='bbox 1311 5489 1609 5560; x_wconf 81' lang='grc' dir='ltr'>καύματος.</span> <span class='ocrx_word' id='word_1_690' title='bbox 1643 5490 1872 5556; x_wconf 79' lang='grc' dir='ltr'>ῐινιγεὺς</span> 
     </span>
    </p>
   </div>
   <div class='ocr_carea' id='block_1_89' title="bbox 295 5558 1866 5629">
    <p class='ocr_par' dir='ltr' id='par_1_89' title="bbox 295 5558 1866 5629">
     <span class='ocr_line' id='line_1_89' title="bbox 295 5558 1866 5629; baseline 0 -18"><span class='ocrx_word' id='word_1_691' title='bbox 295 5559 408 5628; x_wconf 84' lang='grc' dir='ltr'>γὰρ</span> <span class='ocrx_word' id='word_1_692' title='bbox 431 5561 459 5612; x_wconf 93' lang='lat'><strong>6</strong></span> <span class='ocrx_word' id='word_1_693' title='bbox 483 5559 754 5624; x_wconf 86' lang='grc' dir='ltr'>κλίϐανος.</span> <span class='ocrx_word' id='word_1_694' title='bbox 801 5558 1077 5615; x_wconf 78' lang='grc' dir='ltr'>Ἐντεῦθεν</span> <span class='ocrx_word' id='word_1_695' title='bbox 1117 5561 1212 5613; x_wconf 72' lang='grc' dir='ltr'><strong>καὶ</strong></span> <span class='ocrx_word' id='word_1_696' title='bbox 1255 5558 1598 5628; x_wconf 85' lang='grc' dir='ltr'>πεπνιγμένη</span> <span class='ocrx_word' id='word_1_697' title='bbox 1636 5561 1804 5629; x_wconf 76' lang='grc' dir='ltr'>ὅρνις,</span> <span class='ocrx_word' id='word_1_698' title='bbox 1835 5562 1866 5627; x_wconf 82' lang='grc' dir='ltr'>ἡ</span> 
     </span>
    </p>
   </div>
   <div class='ocr_carea' id='block_1_90' title="bbox 295 5630 1868 5703">
    <p class='ocr_par' dir='ltr' id='par_1_90' title="bbox 295 5630 1868 5703">
     <span class='ocr_line' id='line_1_90' title="bbox 295 5630 1868 5703; baseline -0.005 -17"><span class='ocrx_word' id='word_1_699' title='bbox 295 5634 355 5686; x_wconf 74' lang='grc' dir='ltr'>ὲν</span> <span class='ocrx_word' id='word_1_700' title='bbox 385 5630 619 5702; x_wconf 81' lang='grc' dir='ltr'>κλιϐάνῳ</span> <span class='ocrx_word' id='word_1_701' title='bbox 651 5631 980 5703; x_wconf 35' lang='grc' dir='ltr'>ὀπτηθεῖσα..-</span> <span class='ocrx_word' id='word_1_702' title='bbox 1002 5631 1253 5699; x_wconf 81' lang='grc' dir='ltr'>Πνίγους,</span> <span class='ocrx_word' id='word_1_703' title='bbox 1308 5633 1355 5683; x_wconf 91' lang='lat' dir='ltr'><strong>id</strong></span> <span class='ocrx_word' id='word_1_704' title='bbox 1386 5641 1486 5685; x_wconf 81' lang='lat' dir='ltr'><strong>est.</strong></span> <span class='ocrx_word' id='word_1_705' title='bbox 1506 5630 1868 5703; x_wconf 27' lang='grc' dir='ltr'>ιωξιηδκιναηι</span> 
     </span>
    </p>
   </div>
   <div class='ocr_carea' id='block_1_91' title="bbox 296 5700 1864 5771">
    <p class='ocr_par' dir='ltr' id='par_1_91' title="bbox 296 5700 1864 5771">
     <span class='ocr_line' id='line_1_91' title="bbox 296 5700 1864 5771; baseline -0.004 -15"><span class='ocrx_word' id='word_1_706' title='bbox 296 5702 535 5756; x_wconf 74' lang='lat' dir='ltr'><strong>clibanus</strong></span> <span class='ocrx_word' id='word_1_707' title='bbox 558 5700 632 5756; x_wconf 74' lang='lat' dir='ltr'><strong>est</strong></span> <span class='ocrx_word' id='word_1_708' title='bbox 661 5700 896 5770; x_wconf 66' lang='lat' dir='ltr'><strong>pnigeus.</strong></span> <span class='ocrx_word' id='word_1_709' title='bbox 932 5701 1068 5755; x_wconf 83' lang='lat' dir='ltr'><strong>Hinc</strong></span> <span class='ocrx_word' id='word_1_710' title='bbox 1095 5705 1250 5755; x_wconf 78' lang='lat' dir='ltr'><strong>etiam</strong></span> <span class='ocrx_word' id='word_1_711' title='bbox 1272 5704 1402 5765; x_wconf 75' lang='lat' dir='ltr'><strong>«vis,</strong></span> <span class='ocrx_word' id='word_1_712' title='bbox 1430 5717 1546 5771; x_wconf 72' lang='lat' dir='ltr'><strong>qum</strong></span> <span class='ocrx_word' id='word_1_713' title='bbox 1572 5700 1622 5750; x_wconf 81' lang='lat' dir='ltr'><strong>in</strong></span> <span class='ocrx_word' id='word_1_714' title='bbox 1659 5700 1864 5751; x_wconf 77' lang='lat' dir='ltr'><strong>clibano</strong></span> 
     </span>
    </p>
   </div>
   <div class='ocr_carea' id='block_1_92' title="bbox 296 5773 1071 5830">
    <p class='ocr_par' dir='ltr' id='par_1_92' title="bbox 296 5773 1071 5830">
     <span class='ocr_line' id='line_1_92' title="bbox 296 5773 1071 5830; baseline -0.001 -4"><span class='ocrx_word' id='word_1_715' title='bbox 296 5783 433 5826; x_wconf 82' lang='lat' dir='ltr'><strong>tosta</strong></span> <span class='ocrx_word' id='word_1_716' title='bbox 456 5783 552 5830; x_wconf 83' lang='lat' dir='ltr'><strong>est.</strong></span> <span class='ocrx_word' id='word_1_717' title='bbox 586 5785 833 5825; x_wconf 74' lang='lat' dir='ltr'><strong>wstuasse</strong></span> <span class='ocrx_word' id='word_1_718' title='bbox 857 5773 1071 5825; x_wconf 76' lang='lat' dir='ltr'><strong>dicitur.</strong></span> 
     </span>
    </p>
   </div>
   <div class='ocr_carea' id='block_1_93' title="bbox 368 5840 1864 5915">
    <p class='ocr_par' dir='ltr' id='par_1_93' title="bbox 368 5840 1864 5915">
     <span class='ocr_line' id='line_1_93' title="bbox 368 5840 1864 5915; baseline -0.014 -2"><span class='ocrx_word' id='word_1_719' title='bbox 368 5845 478 5913; x_wconf 66' lang='grc' dir='ltr'><strong>(ίθ)</strong></span> <span class='ocrx_word' id='word_1_720' title='bbox 512 5844 606 5911; x_wconf 81' lang='grc' dir='ltr'><em>Ὧς</em></span> <span class='ocrx_word' id='word_1_721' title='bbox 631 5842 876 5910; x_wconf 55' lang='grc' dir='ltr'><strong>ἙδΓαΤΟΙ</strong></span> <span class='ocrx_word' id='word_1_722' title='bbox 898 5844 954 5895; x_wconf 69' lang='lat' dir='ltr'><strong>Ti&quot;</strong></span> <span class='ocrx_word' id='word_1_723' title='bbox 981 5853 1060 5896; x_wconf 70' lang='lat' dir='ltr'><strong>rr‘tt</strong></span> <span class='ocrx_word' id='word_1_724' title='bbox 1084 5849 1253 5900; x_wconf 78' lang='lat' dir='ltr'><strong>lat:&#39;t&#39;.</strong></span> <span class='ocrx_word' id='word_1_725' title='bbox 1274 5845 1412 5915; x_wconf 75' lang='lat' dir='ltr'><strong>Lege</strong></span> <span class='ocrx_word' id='word_1_726' title='bbox 1431 5853 1582 5899; x_wconf 67' lang='lat' dir='ltr'><strong>notas</strong></span> <span class='ocrx_word' id='word_1_727' title='bbox 1615 5840 1788 5893; x_wconf 67' lang='grc' dir='ltr'>ΠιμἝὶ</span> <span class='ocrx_word' id='word_1_728' title='bbox 1816 5852 1864 5893; x_wconf 81' lang='lat' dir='ltr'><strong>Ct</strong></span> 
     </span>
    </p>
   </div>
   <div class='ocr_carea' id='block_1_94' title="bbox 1984 3732 3560 3802">
    <p class='ocr_par' dir='ltr' id='par_1_94' title="bbox 1984 3732 3560 3802">
     <span class='ocr_line' id='line_1_94' title="bbox 1984 3732 3560 3802; baseline 0.001 -17"><span class='ocrx_word' id='word_1_729' title='bbox 1984 3735 2339 3801; x_wconf 85' lang='lat' dir='ltr'><strong>parationem,</strong></span> <span class='ocrx_word' id='word_1_730' title='bbox 2386 3732 2757 3786; x_wconf 79' lang='lat' dir='ltr'><strong>testimonium</strong></span> <span class='ocrx_word' id='word_1_731' title='bbox 2799 3733 3188 3800; x_wconf 83' lang='lat' dir='ltr'><strong>magnitudinis</strong></span> <span class='ocrx_word' id='word_1_732' title='bbox 3213 3748 3560 3802; x_wconf 87' lang='lat' dir='ltr'><strong>consequun-</strong></span> 
     </span>
    </p>
   </div>
   <div class='ocr_carea' id='block_1_95' title="bbox 1987 3823 3559 3893">
    <p class='ocr_par' dir='ltr' id='par_1_95' title="bbox 1987 3823 3559 3893">
     <span class='ocr_line' id='line_1_95' title="bbox 1987 3823 3559 3893; baseline 0 -14"><span class='ocrx_word' id='word_1_733' title='bbox 1987 3835 2070 3879; x_wconf 91' lang='lat' dir='ltr'><strong>tur</strong></span> <span class='ocrx_word' id='word_1_734' title='bbox 2097 3843 2108 3876; x_wconf 92' lang='lat'>:</span> <span class='ocrx_word' id='word_1_735' title='bbox 2143 3824 2412 3892; x_wconf 89' lang='lat' dir='ltr'><strong>quomodo</strong></span> <span class='ocrx_word' id='word_1_736' title='bbox 2436 3823 2597 3891; x_wconf 85' lang='lat' dir='ltr'><strong>igitur</strong></span> <span class='ocrx_word' id='word_1_737' title='bbox 2629 3824 2809 3893; x_wconf 82' lang='lat' dir='ltr'><strong>magni</strong></span> <span class='ocrx_word' id='word_1_738' title='bbox 2838 3825 3291 3893; x_wconf 86' lang='lat' dir='ltr'><strong>significationem</strong></span> <span class='ocrx_word' id='word_1_739' title='bbox 3326 3825 3559 3892; x_wconf 78' lang='lat' dir='ltr'><strong>accipie-</strong></span> 
     </span>
    </p>
   </div>
   <div class='ocr_carea' id='block_1_96' title="bbox 1985 3908 3556 3980">
    <p class='ocr_par' dir='ltr' id='par_1_96' title="bbox 1985 3908 3556 3980">
     <span class='ocr_line' id='line_1_96' title="bbox 1985 3908 3556 3980; baseline 0.003 -14"><span class='ocrx_word' id='word_1_740' title='bbox 1985 3914 2141 3967; x_wconf 90' lang='lat' dir='ltr'><strong>mus?</strong></span> <span class='ocrx_word' id='word_1_741' title='bbox 2189 3911 2378 3967; x_wconf 88' lang='lat' dir='ltr'><strong>Utrum</strong></span> <span class='ocrx_word' id='word_1_742' title='bbox 2432 3913 2888 3980; x_wconf 84' lang='lat' dir='ltr'><strong>quemadmodum</strong></span> <span class='ocrx_word' id='word_1_743' title='bbox 2941 3908 3225 3970; x_wconf 69' lang='lat' dir='ltr'><strong>fbrmicam</strong></span> <span class='ocrx_word' id='word_1_744' title='bbox 3273 3927 3365 3970; x_wconf 89' lang='lat' dir='ltr'><strong>aut</strong></span> <span class='ocrx_word' id='word_1_745' title='bbox 3414 3918 3556 3970; x_wconf 86' lang='lat' dir='ltr'><strong>aliud</strong></span> 
     </span>
    </p>
   </div>
   <div class='ocr_carea' id='block_1_97' title="bbox 1981 4004 3554 4076">
    <p class='ocr_par' dir='ltr' id='par_1_97' title="bbox 1981 4004 3554 4076">
     <span class='ocr_line' id='line_1_97' title="bbox 1981 4004 3554 4076; baseline 0.004 -22"><span class='ocrx_word' id='word_1_746' title='bbox 1981 4004 2210 4073; x_wconf 79' lang='lat' dir='ltr'><strong>quodvis</strong></span> <span class='ocrx_word' id='word_1_747' title='bbox 2233 4004 2435 4062; x_wconf 82' lang='lat' dir='ltr'><strong>animal</strong></span> <span class='ocrx_word' id='word_1_748' title='bbox 2461 4012 2652 4074; x_wconf 83' lang='lat' dir='ltr'><strong>suapte</strong></span> <span class='ocrx_word' id='word_1_749' title='bbox 2683 4013 2874 4059; x_wconf 87' lang='lat' dir='ltr'><strong>natura</strong></span> <span class='ocrx_word' id='word_1_750' title='bbox 2901 4020 3152 4074; x_wconf 86' lang='lat' dir='ltr'><strong>parvum,</strong></span> <span class='ocrx_word' id='word_1_751' title='bbox 3184 4022 3433 4076; x_wconf 83' lang='lat' dir='ltr'><strong>maguum</strong></span> <span class='ocrx_word' id='word_1_752' title='bbox 3463 4025 3554 4076; x_wconf 78' lang='lat' dir='ltr'><strong>ap-</strong></span> 
     </span>
    </p>
   </div>
   <div class='ocr_carea' id='block_1_98' title="bbox 1981 4095 3559 4166">
    <p class='ocr_par' dir='ltr' id='par_1_98' title="bbox 1981 4095 3559 4166">
     <span class='ocr_line' id='line_1_98' title="bbox 1981 4095 3559 4166; baseline 0 -15"><span class='ocrx_word' id='word_1_753' title='bbox 1981 4095 2268 4166; x_wconf 86' lang='lat' dir='ltr'><strong>pellamus,</strong></span> <span class='ocrx_word' id='word_1_754' title='bbox 2295 4097 2364 4151; x_wconf 91' lang='lat' dir='ltr'><strong>ob</strong></span> <span class='ocrx_word' id='word_1_755' title='bbox 2388 4095 2589 4152; x_wconf 86' lang='lat' dir='ltr'><strong>factam</strong></span> <span class='ocrx_word' id='word_1_756' title='bbox 2614 4110 2735 4148; x_wconf 89' lang='lat' dir='ltr'><strong>cum</strong></span> <span class='ocrx_word' id='word_1_757' title='bbox 2771 4095 2893 4149; x_wconf 87' lang='lat' dir='ltr'><strong>aliis</strong></span> <span class='ocrx_word' id='word_1_758' title='bbox 2914 4096 3152 4165; x_wconf 89' lang='lat' dir='ltr'><strong>ejusdem</strong></span> <span class='ocrx_word' id='word_1_759' title='bbox 3181 4099 3394 4166; x_wconf 76' lang='lat' dir='ltr'><strong>generis</strong></span> <span class='ocrx_word' id='word_1_760' title='bbox 3417 4113 3559 4152; x_wconf 77' lang='lat' dir='ltr'><strong>com-</strong></span> 
     </span>
    </p>
   </div>
   <div class='ocr_carea' id='block_1_99' title="bbox 1982 4185 3558 4259">
    <p class='ocr_par' dir='ltr' id='par_1_99' title="bbox 1982 4185 3558 4259">
     <span class='ocr_line' id='line_1_99' title="bbox 1982 4185 3558 4259; baseline 0.001 -17"><span class='ocrx_word' id='word_1_761' title='bbox 1982 4190 2356 4259; x_wconf 87' lang='lat' dir='ltr'><strong>parationem,</strong></span> <span class='ocrx_word' id='word_1_762' title='bbox 2405 4186 2599 4240; x_wconf 88' lang='lat' dir='ltr'><strong>molem</strong></span> <span class='ocrx_word' id='word_1_763' title='bbox 2647 4185 2808 4241; x_wconf 87' lang='lat' dir='ltr'><strong>solito</strong></span> <span class='ocrx_word' id='word_1_764' title='bbox 2857 4187 3114 4257; x_wconf 85' lang='lat' dir='ltr'><strong>majorem</strong></span> <span class='ocrx_word' id='word_1_765' title='bbox 3167 4191 3558 4245; x_wconf 81' lang='lat' dir='ltr'><strong>testiﬁcantes?</strong></span> 
     </span>
    </p>
   </div>
   <div class='ocr_carea' id='block_1_100' title="bbox 1982 4276 3556 4348">
    <p class='ocr_par' dir='ltr' id='par_1_100' title="bbox 1982 4276 3556 4348">
     <span class='ocr_line' id='line_1_100' title="bbox 1982 4276 3556 4348; baseline 0.001 -16"><span class='ocrx_word' id='word_1_766' title='bbox 1982 4295 2050 4332; x_wconf 89' lang='lat' dir='ltr'><strong>an</strong></span> <span class='ocrx_word' id='word_1_767' title='bbox 2079 4293 2222 4332; x_wconf 89' lang='lat' dir='ltr'><strong>nunc</strong></span> <span class='ocrx_word' id='word_1_768' title='bbox 2251 4291 2502 4346; x_wconf 82' lang='lat' dir='ltr'><strong>magnum</strong></span> <span class='ocrx_word' id='word_1_769' title='bbox 2535 4276 2908 4346; x_wconf 86' lang='lat' dir='ltr'><strong>accipiendum</strong></span> <span class='ocrx_word' id='word_1_770' title='bbox 2940 4287 3041 4339; x_wconf 80' lang='lat' dir='ltr'><strong>est,</strong></span> <span class='ocrx_word' id='word_1_771' title='bbox 3072 4278 3142 4331; x_wconf 87' lang='lat' dir='ltr'><strong>ita</strong></span> <span class='ocrx_word' id='word_1_772' title='bbox 3168 4289 3224 4330; x_wconf 88' lang='lat' dir='ltr'><strong>ut</strong></span> <span class='ocrx_word' id='word_1_773' title='bbox 3251 4280 3303 4332; x_wconf 88' lang='lat' dir='ltr'><strong>in</strong></span> <span class='ocrx_word' id='word_1_774' title='bbox 3337 4282 3556 4348; x_wconf 87' lang='lat' dir='ltr'><strong>propria</strong></span> 
     </span>
    </p>
   </div>
   <div class='ocr_carea' id='block_1_101' title="bbox 1982 4369 3553 4443">
    <p class='ocr_par' dir='ltr' id='par_1_101' title="bbox 1982 4369 3553 4443">
     <span class='ocr_line' id='line_1_101' title="bbox 1982 4369 3553 4443; baseline 0.003 -21"><span class='ocrx_word' id='word_1_775' title='bbox 1982 4371 2030 4423; x_wconf 91' lang='lat' dir='ltr'><strong>lu</strong></span> <span class='ocrx_word' id='word_1_776' title='bbox 2041 4370 2148 4424; x_wconf 92' lang='lat' dir='ltr'><strong>min</strong></span> <span class='ocrx_word' id='word_1_777' title='bbox 2159 4369 2330 4424; x_wconf 89' lang='lat' dir='ltr'><strong>arium</strong></span> <span class='ocrx_word' id='word_1_778' title='bbox 2351 4369 2740 4426; x_wconf 85' lang='lat' dir='ltr'><strong>constitutione</strong></span> <span class='ocrx_word' id='word_1_779' title='bbox 2765 4385 2829 4424; x_wconf 87' lang='lat' dir='ltr'><strong>ac</strong></span> <span class='ocrx_word' id='word_1_780' title='bbox 2841 4379 3032 4423; x_wconf 87' lang='lat' dir='ltr'><strong>natura</strong></span> <span class='ocrx_word' id='word_1_781' title='bbox 3052 4371 3360 4440; x_wconf 81' lang='lat' dir='ltr'><strong>magnitudo</strong></span> <span class='ocrx_word' id='word_1_782' title='bbox 3379 4389 3513 4443; x_wconf 80' lang='lat' dir='ltr'><strong>appa</strong></span> <span class='ocrx_word' id='word_1_783' title='bbox 3527 4403 3553 4414; x_wconf 85' lang='lat'><strong>-</strong></span> 
     </span>
    </p>
   </div>
   <div class='ocr_carea' id='block_1_102' title="bbox 1985 4459 3561 4534">
    <p class='ocr_par' dir='ltr' id='par_1_102' title="bbox 1985 4459 3561 4534">
     <span class='ocr_line' id='line_1_102' title="bbox 1985 4459 3561 4534; baseline 0.004 -20"><span class='ocrx_word' id='word_1_784' title='bbox 1985 4463 2106 4517; x_wconf 88' lang='lat' dir='ltr'><strong>ret?</strong></span> <span class='ocrx_word' id='word_1_785' title='bbox 2125 4462 2236 4533; x_wconf 81' lang='lat' dir='ltr'><strong>Ego</strong></span> <span class='ocrx_word' id='word_1_786' title='bbox 2254 4463 2504 4532; x_wconf 87' lang='lat' dir='ltr'><strong>equidem</strong></span> <span class='ocrx_word' id='word_1_787' title='bbox 2529 4463 2608 4517; x_wconf 91' lang='lat' dir='ltr'><strong>sic</strong></span> <span class='ocrx_word' id='word_1_788' title='bbox 2636 4462 2830 4518; x_wconf 86' lang='lat' dir='ltr'><strong>sentio.</strong></span> <span class='ocrx_word' id='word_1_789' title='bbox 2858 4459 2975 4516; x_wconf 83' lang='lat' dir='ltr'><strong>Non</strong></span> <span class='ocrx_word' id='word_1_790' title='bbox 3005 4460 3115 4534; x_wconf 79' lang='lat'><strong>59</strong></span> <span class='ocrx_word' id='word_1_791' title='bbox 3133 4465 3276 4519; x_wconf 91' lang='lat' dir='ltr'><strong>enim</strong></span> <span class='ocrx_word' id='word_1_792' title='bbox 3297 4466 3419 4533; x_wconf 90' lang='lat' dir='ltr'><strong>quia</strong></span> <span class='ocrx_word' id='word_1_793' title='bbox 3441 4467 3561 4522; x_wconf 66' lang='lat' dir='ltr'><strong>hate</strong></span> 
     </span>
    </p>
   </div>
   <div class='ocr_carea' id='block_1_103' title="bbox 1983 4554 3557 4624">
    <p class='ocr_par' dir='ltr' id='par_1_103' title="bbox 1983 4554 3557 4624">
     <span class='ocr_line' id='line_1_103' title="bbox 1983 4554 3557 4624; baseline 0.001 -16"><span class='ocrx_word' id='word_1_794' title='bbox 1983 4555 2272 4610; x_wconf 86' lang='lat' dir='ltr'><strong>luminaria</strong></span> <span class='ocrx_word' id='word_1_795' title='bbox 2306 4556 2508 4624; x_wconf 84' lang='lat' dir='ltr'><strong>majora</strong></span> <span class='ocrx_word' id='word_1_796' title='bbox 2539 4561 2665 4608; x_wconf 92' lang='lat' dir='ltr'><strong>sunt</strong></span> <span class='ocrx_word' id='word_1_797' title='bbox 2693 4554 2996 4609; x_wconf 91' lang='lat' dir='ltr'><strong>minoribus</strong></span> <span class='ocrx_word' id='word_1_798' title='bbox 3026 4556 3216 4620; x_wconf 87' lang='lat' dir='ltr'><strong>stellis,</strong></span> <span class='ocrx_word' id='word_1_799' title='bbox 3245 4558 3314 4612; x_wconf 92' lang='lat' dir='ltr'><strong>ob</strong></span> <span class='ocrx_word' id='word_1_800' title='bbox 3349 4558 3398 4612; x_wconf 91' lang='lat' dir='ltr'><strong>id</strong></span> <span class='ocrx_word' id='word_1_801' title='bbox 3437 4575 3557 4612; x_wconf 89' lang='lat' dir='ltr'><strong>ma-</strong></span> 
     </span>
    </p>
   </div>
   <div class='ocr_carea' id='block_1_104' title="bbox 1981 4645 3557 4717">
    <p class='ocr_par' dir='ltr' id='par_1_104' title="bbox 1981 4645 3557 4717">
     <span class='ocr_line' id='line_1_104' title="bbox 1981 4645 3557 4717; baseline 0.003 -17"><span class='ocrx_word' id='word_1_802' title='bbox 1981 4663 2086 4717; x_wconf 81' lang='lat' dir='ltr'><strong>gna</strong></span> <span class='ocrx_word' id='word_1_803' title='bbox 2113 4658 2237 4702; x_wconf 87' lang='lat' dir='ltr'><strong>sunt</strong></span> <span class='ocrx_word' id='word_1_804' title='bbox 2261 4663 2274 4699; x_wconf 88' lang='lat'><strong>:</strong></span> <span class='ocrx_word' id='word_1_805' title='bbox 2307 4647 2400 4700; x_wconf 89' lang='lat' dir='ltr'><strong>sed</strong></span> <span class='ocrx_word' id='word_1_806' title='bbox 2426 4645 2553 4715; x_wconf 87' lang='lat' dir='ltr'><strong>quia</strong></span> <span class='ocrx_word' id='word_1_807' title='bbox 2585 4655 2793 4701; x_wconf 91' lang='lat' dir='ltr'><strong>tantum</strong></span> <span class='ocrx_word' id='word_1_808' title='bbox 2819 4646 3018 4701; x_wconf 89' lang='lat' dir='ltr'><strong>habent</strong></span> <span class='ocrx_word' id='word_1_809' title='bbox 3045 4649 3328 4713; x_wconf 88' lang='lat' dir='ltr'><strong>ambitum,</strong></span> <span class='ocrx_word' id='word_1_810' title='bbox 3364 4660 3423 4703; x_wconf 90' lang='lat' dir='ltr'><strong>ut</strong></span> <span class='ocrx_word' id='word_1_811' title='bbox 3449 4651 3557 4706; x_wconf 83' lang='lat' dir='ltr'><strong>dif-</strong></span> 
     </span>
    </p>
   </div>
   <div class='ocr_carea' id='block_1_105' title="bbox 1985 4737 3558 4808">
    <p class='ocr_par' dir='ltr' id='par_1_105' title="bbox 1985 4737 3558 4808">
     <span class='ocr_line' id='line_1_105' title="bbox 1985 4737 3558 4808; baseline 0.004 -17"><span class='ocrx_word' id='word_1_812' title='bbox 1985 4741 2134 4793; x_wconf 85' lang='lat' dir='ltr'><strong>fusus</strong></span> <span class='ocrx_word' id='word_1_813' title='bbox 2159 4737 2226 4791; x_wconf 90' lang='lat' dir='ltr'><strong>ab</strong></span> <span class='ocrx_word' id='word_1_814' title='bbox 2256 4738 2384 4808; x_wconf 89' lang='lat' dir='ltr'><strong>ipsis</strong></span> <span class='ocrx_word' id='word_1_815' title='bbox 2414 4737 2669 4808; x_wconf 88' lang='lat' dir='ltr'><strong>splendor</strong></span> <span class='ocrx_word' id='word_1_816' title='bbox 2697 4737 2832 4792; x_wconf 75' lang='lat' dir='ltr'><strong>coelo</strong></span> <span class='ocrx_word' id='word_1_817' title='bbox 2856 4746 2912 4791; x_wconf 90' lang='lat' dir='ltr'><strong>et</strong></span> <span class='ocrx_word' id='word_1_818' title='bbox 2941 4739 3056 4792; x_wconf 86' lang='lat' dir='ltr'><strong>aeri</strong></span> <span class='ocrx_word' id='word_1_819' title='bbox 3083 4737 3398 4795; x_wconf 86' lang='lat' dir='ltr'><strong>illustraudo</strong></span> <span class='ocrx_word' id='word_1_820' title='bbox 3423 4743 3558 4797; x_wconf 84' lang='lat' dir='ltr'><strong>satis</strong></span> 
     </span>
    </p>
   </div>
   <div class='ocr_carea' id='block_1_106' title="bbox 1981 4830 3558 4900">
    <p class='ocr_par' dir='ltr' id='par_1_106' title="bbox 1981 4830 3558 4900">
     <span class='ocr_line' id='line_1_106' title="bbox 1981 4830 3558 4900; baseline 0.002 -17"><span class='ocrx_word' id='word_1_821' title='bbox 1981 4831 2072 4896; x_wconf 88' lang='lat' dir='ltr'><strong>sit,</strong></span> <span class='ocrx_word' id='word_1_822' title='bbox 2117 4845 2284 4900; x_wconf 88' lang='lat' dir='ltr'><strong>seque</strong></span> <span class='ocrx_word' id='word_1_823' title='bbox 2323 4830 2484 4885; x_wconf 89' lang='lat' dir='ltr'><strong>simul</strong></span> <span class='ocrx_word' id='word_1_824' title='bbox 2512 4830 2579 4883; x_wconf 85' lang='lat' dir='ltr'><strong>ad</strong></span> <span class='ocrx_word' id='word_1_825' title='bbox 2618 4844 2833 4883; x_wconf 90' lang='lat' dir='ltr'><strong>omnem</strong></span> <span class='ocrx_word' id='word_1_826' title='bbox 2867 4837 3066 4885; x_wconf 86' lang='lat' dir='ltr'><strong>terram</strong></span> <span class='ocrx_word' id='word_1_827' title='bbox 3106 4842 3161 4885; x_wconf 87' lang='lat' dir='ltr'><strong>et</strong></span> <span class='ocrx_word' id='word_1_828' title='bbox 3192 4847 3339 4886; x_wconf 86' lang='lat' dir='ltr'><strong>mare</strong></span> <span class='ocrx_word' id='word_1_829' title='bbox 3371 4843 3558 4889; x_wconf 73' lang='lat' dir='ltr'><strong>exten-</strong></span> 
     </span>
    </p>
   </div>
   <div class='ocr_carea' id='block_1_107' title="bbox 1981 4923 3556 4991">
    <p class='ocr_par' dir='ltr' id='par_1_107' title="bbox 1981 4923 3556 4991">
     <span class='ocr_line' id='line_1_107' title="bbox 1981 4923 3556 4991; baseline 0.001 -13"><span class='ocrx_word' id='word_1_830' title='bbox 1981 4925 2093 4978; x_wconf 89' lang='lat' dir='ltr'><strong>dat.</strong></span> <span class='ocrx_word' id='word_1_831' title='bbox 2119 4923 2249 4990; x_wconf 76' lang='lat' dir='ltr'><strong>Qum</strong></span> <span class='ocrx_word' id='word_1_832' title='bbox 2277 4937 2406 4978; x_wconf 86' lang='lat' dir='ltr'><strong>sane</strong></span> <span class='ocrx_word' id='word_1_833' title='bbox 2432 4923 2484 4976; x_wconf 93' lang='lat' dir='ltr'><strong>in</strong></span> <span class='ocrx_word' id='word_1_834' title='bbox 2507 4937 2831 4991; x_wconf 89' lang='lat' dir='ltr'><strong>quacunque</strong></span> <span class='ocrx_word' id='word_1_835' title='bbox 2852 4923 2972 4977; x_wconf 75' lang='grc' dir='ltr'><strong>οωΙί</strong></span> <span class='ocrx_word' id='word_1_836' title='bbox 2998 4933 3151 4991; x_wconf 87' lang='lat' dir='ltr'><strong>parte</strong></span> <span class='ocrx_word' id='word_1_837' title='bbox 3183 4925 3403 4990; x_wconf 88' lang='lat' dir='ltr'><strong>fuerint,</strong></span> <span class='ocrx_word' id='word_1_838' title='bbox 3431 4928 3556 4980; x_wconf 88' lang='lat' dir='ltr'><strong>dum</strong></span> 
     </span>
    </p>
   </div>
   <div class='ocr_carea' id='block_1_108' title="bbox 1985 5015 3559 5086">
    <p class='ocr_par' dir='ltr' id='par_1_108' title="bbox 1985 5015 3559 5086">
     <span class='ocr_line' id='line_1_108' title="bbox 1985 5015 3559 5086; baseline -0.001 -11"><span class='ocrx_word' id='word_1_839' title='bbox 1985 5031 2040 5075; x_wconf 90' lang='lat' dir='ltr'><strong>et</strong></span> <span class='ocrx_word' id='word_1_840' title='bbox 2069 5020 2343 5081; x_wconf 92' lang='lat' dir='ltr'><strong>oriuntur,</strong></span> <span class='ocrx_word' id='word_1_841' title='bbox 2381 5025 2436 5070; x_wconf 94' lang='lat' dir='ltr'><strong>ct</strong></span> <span class='ocrx_word' id='word_1_842' title='bbox 2467 5015 2742 5081; x_wconf 85' lang='lat' dir='ltr'><strong>occidunt,</strong></span> <span class='ocrx_word' id='word_1_843' title='bbox 2786 5021 2838 5068; x_wconf 89' lang='lat' dir='ltr'><strong>et</strong></span> <span class='ocrx_word' id='word_1_844' title='bbox 2879 5015 3113 5069; x_wconf 88' lang='lat' dir='ltr'><strong>medium</strong></span> <span class='ocrx_word' id='word_1_845' title='bbox 3141 5026 3428 5086; x_wconf 82' lang='lat' dir='ltr'><strong>occupant,</strong></span> <span class='ocrx_word' id='word_1_846' title='bbox 3460 5034 3559 5073; x_wconf 87' lang='lat' dir='ltr'><strong>un-</strong></span> 
     </span>
    </p>
   </div>
   <div class='ocr_carea' id='block_1_109' title="bbox 1978 5343 2204 5399">
    <p class='ocr_par' dir='ltr' id='par_1_109' title="bbox 1978 5343 2204 5399">
     <span class='ocr_line' id='line_1_109' title="bbox 1978 5343 2204 5399; baseline -0.018 -1"><span class='ocrx_word' id='word_1_847' title='bbox 1978 5343 2204 5399; x_wconf 78' lang='lat' dir='ltr'><strong>Morelli.</strong></span> 
     </span>
    </p>
   </div>
   <div class='ocr_carea' id='block_1_110' title="bbox 2047 5408 3558 5483">
    <p class='ocr_par' dir='ltr' id='par_1_110' title="bbox 2047 5408 3558 5483">
     <span class='ocr_line' id='line_1_110' title="bbox 2047 5408 3558 5483; baseline -0.003 -19"><span class='ocrx_word' id='word_1_848' title='bbox 2047 5413 2160 5483; x_wconf 71' lang='lat'><strong>(50)</strong></span> <span class='ocrx_word' id='word_1_849' title='bbox 2195 5413 2268 5465; x_wconf 84' lang='lat' dir='ltr'><strong>Ita</strong></span> <span class='ocrx_word' id='word_1_850' title='bbox 2299 5411 2451 5483; x_wconf 78' lang='lat' dir='ltr'><strong>Regii</strong></span> <span class='ocrx_word' id='word_1_851' title='bbox 2478 5410 2699 5483; x_wconf 86' lang='lat' dir='ltr'><strong>quintus</strong></span> <span class='ocrx_word' id='word_1_852' title='bbox 2729 5421 2786 5483; x_wconf 83' lang='lat' dir='ltr'><strong>et</strong></span> <span class='ocrx_word' id='word_1_853' title='bbox 2808 5421 3011 5483; x_wconf 77' lang='lat' dir='ltr'><strong>sextus.</strong></span> <span class='ocrx_word' id='word_1_854' title='bbox 3032 5408 3457 5483; x_wconf 30' lang='lat' dir='ltr'><strong>_Ab_CSCHp.EYﬂ’q</strong></span> <span class='ocrx_word' id='word_1_855' title='bbox 3491 5409 3558 5462; x_wconf 82' lang='lat' dir='ltr'><strong>ab</strong></span> 
     </span>
    </p>
   </div>
   <div class='ocr_carea' id='block_1_111' title="bbox 1974 5479 3555 5540">
    <p class='ocr_par' dir='ltr' id='par_1_111' title="bbox 1974 5479 3555 5540">
     <span class='ocr_line' id='line_1_111' title="bbox 1974 5479 3555 5540; baseline -0.006 0"><span class='ocrx_word' id='word_1_856' title='bbox 1974 5479 2137 5540; x_wconf 83' lang='lat' dir='ltr'><strong>editis</strong></span> <span class='ocrx_word' id='word_1_857' title='bbox 2167 5493 2220 5535; x_wconf 93' lang='lat' dir='ltr'><strong>et</strong></span> <span class='ocrx_word' id='word_1_858' title='bbox 2242 5498 2271 5534; x_wconf 85' lang='lat' dir='ltr'><strong>a</strong></span> <span class='ocrx_word' id='word_1_859' title='bbox 2304 5479 2647 5537; x_wconf 82' lang='lat' dir='ltr'><strong>multismss.</strong></span> <span class='ocrx_word' id='word_1_860' title='bbox 2681 5481 2881 5533; x_wconf 86' lang='lat' dir='ltr'><strong>Ibidem</strong></span> <span class='ocrx_word' id='word_1_861' title='bbox 2913 5481 3080 5533; x_wconf 86' lang='lat' dir='ltr'><strong>editio</strong></span> <span class='ocrx_word' id='word_1_862' title='bbox 3108 5479 3274 5535; x_wconf 85' lang='lat' dir='ltr'><strong>Basil.</strong></span> <span class='ocrx_word' id='word_1_863' title='bbox 3300 5496 3424 5534; x_wconf 92' lang='lat' dir='ltr'><strong>eum</strong></span> <span class='ocrx_word' id='word_1_864' title='bbox 3449 5479 3555 5534; x_wconf 78' lang='lat' dir='ltr'><strong>sex</strong></span> 
     </span>
    </p>
   </div>
   <div class='ocr_carea' id='block_1_112' title="bbox 1976 5548 3559 5619">
    <p class='ocr_par' dir='ltr' id='par_1_112' title="bbox 1976 5548 3559 5619">
     <span class='ocr_line' id='line_1_112' title="bbox 1976 5548 3559 5619; baseline -0.002 -13"><span class='ocrx_word' id='word_1_865' title='bbox 1976 5571 2105 5611; x_wconf 85' lang='lat' dir='ltr'><strong>mss.</strong></span> <span class='ocrx_word' id='word_1_866' title='bbox 2135 5552 2202 5605; x_wconf 87' lang='grc' dir='ltr'>τὰ</span> <span class='ocrx_word' id='word_1_867' title='bbox 2233 5553 2311 5607; x_wconf 90' lang='grc' dir='ltr'><strong>δέ.</strong></span> <span class='ocrx_word' id='word_1_868' title='bbox 2348 5551 2524 5606; x_wconf 85' lang='lat' dir='ltr'><strong>Editio</strong></span> <span class='ocrx_word' id='word_1_869' title='bbox 2555 5552 2724 5605; x_wconf 87' lang='lat' dir='ltr'><strong>Paris.</strong></span> <span class='ocrx_word' id='word_1_870' title='bbox 2750 5551 2810 5603; x_wconf 86' lang='grc' dir='ltr'><strong>τὸ</strong></span> <span class='ocrx_word' id='word_1_871' title='bbox 2829 5552 2904 5603; x_wconf 82' lang='grc' dir='ltr'><strong>δέ.</strong></span> <span class='ocrx_word' id='word_1_872' title='bbox 2932 5548 3126 5604; x_wconf 88' lang='lat' dir='ltr'><strong>Statim</strong></span> <span class='ocrx_word' id='word_1_873' title='bbox 3155 5564 3287 5603; x_wconf 84' lang='lat' dir='ltr'><strong>mss.</strong></span> <span class='ocrx_word' id='word_1_874' title='bbox 3315 5551 3559 5619; x_wconf 76' lang='lat' dir='ltr'><strong>plerique</strong></span> 
     </span>
    </p>
   </div>
   <div class='ocr_carea' id='block_1_113' title="bbox 1974 5621 3215 5693">
    <p class='ocr_par' dir='ltr' id='par_1_113' title="bbox 1974 5621 3215 5693">
     <span class='ocr_line' id='line_1_113' title="bbox 1974 5621 3215 5693; baseline -0.005 -15"><span class='ocrx_word' id='word_1_875' title='bbox 1974 5639 2162 5678; x_wconf 85' lang='lat' dir='ltr'><strong>omnes</strong></span> <span class='ocrx_word' id='word_1_876' title='bbox 2195 5626 2222 5673; x_wconf 84' lang='lat'><strong>6</strong></span> <span class='ocrx_word' id='word_1_877' title='bbox 2250 5623 2377 5692; x_wconf 82' lang='grc' dir='ltr'>βοῦς</span> <span class='ocrx_word' id='word_1_878' title='bbox 2409 5621 2600 5693; x_wconf 86' lang='grc' dir='ltr'>μέγας.</span> <span class='ocrx_word' id='word_1_879' title='bbox 2639 5622 2775 5676; x_wconf 84' lang='lat' dir='ltr'><strong>Editi</strong></span> <span class='ocrx_word' id='word_1_880' title='bbox 2808 5621 2932 5692; x_wconf 77' lang='grc' dir='ltr'><strong>βοῦς</strong></span> <span class='ocrx_word' id='word_1_881' title='bbox 2959 5624 2986 5693; x_wconf 84' lang='lat'><strong>6</strong></span> <span class='ocrx_word' id='word_1_882' title='bbox 3023 5623 3215 5693; x_wconf 60' lang='lat' dir='ltr'><strong>pit-575:4.</strong></span> 
     </span>
    </p>
   </div>
   <div class='ocr_carea' id='block_1_114' title="bbox 2047 5690 3556 5766">
    <p class='ocr_par' dir='ltr' id='par_1_114' title="bbox 2047 5690 3556 5766">
     <span class='ocr_line' id='line_1_114' title="bbox 2047 5690 3556 5766; baseline -0.007 -17"><span class='ocrx_word' id='word_1_883' title='bbox 2047 5695 2157 5766; x_wconf 73' lang='lat'>(5|)</span> <span class='ocrx_word' id='word_1_884' title='bbox 2195 5690 2657 5766; x_wconf 44' lang='lat' dir='ltr'><strong>(lodicespliquot</strong></span> <span class='ocrx_word' id='word_1_885' title='bbox 2688 5690 3023 5766; x_wconf 24' lang='lat' dir='ltr'><strong>_eu_nigedit_is</strong></span> <span class='ocrx_word' id='word_1_886' title='bbox 3062 5690 3556 5766; x_wconf 57' lang='lat' dir='ltr'><strong>13t6g_roiyuv._i)ttn</strong></span> 
     </span>
    </p>
   </div>
   <div class='ocr_carea' id='block_1_115' title="bbox 1977 5759 3549 5832">
    <p class='ocr_par' dir='ltr' id='par_1_115' title="bbox 1977 5759 3549 5832">
     <span class='ocr_line' id='line_1_115' title="bbox 1977 5759 3549 5832; baseline -0.003 -14"><span class='ocrx_word' id='word_1_887' title='bbox 1977 5759 2106 5820; x_wconf 75' lang='lat' dir='ltr'><strong>mss.</strong></span> <span class='ocrx_word' id='word_1_888' title='bbox 2139 5759 2254 5828; x_wconf 76' lang='grc' dir='ltr'>πῶς</span> <span class='ocrx_word' id='word_1_889' title='bbox 2277 5765 2388 5817; x_wconf 82' lang='grc' dir='ltr'>νῦν.</span> <span class='ocrx_word' id='word_1_890' title='bbox 2421 5759 2769 5832; x_wconf 63' lang='grc' dir='ltr'>[ζοςξιθτιίιιε</span> <span class='ocrx_word' id='word_1_891' title='bbox 2793 5763 2905 5826; x_wconf 78' lang='grc' dir='ltr'><strong>πῶς</strong></span> <span class='ocrx_word' id='word_1_892' title='bbox 2926 5759 3016 5815; x_wconf 72' lang='grc' dir='ltr'>οὖν</span> <span class='ocrx_word' id='word_1_893' title='bbox 3040 5762 3154 5815; x_wconf 76' lang='grc' dir='ltr'>νῦν.</span> <span class='ocrx_word' id='word_1_894' title='bbox 3188 5761 3384 5816; x_wconf 81' lang='lat' dir='ltr'><strong>Ibidem</strong></span> <span class='ocrx_word' id='word_1_895' title='bbox 3419 5759 3549 5830; x_wconf 49' lang='lat' dir='ltr'><strong>Reg.</strong></span> 
     </span>
    </p>
   </div>
   <div class='ocr_carea' id='block_1_116' title="bbox 1977 5833 2788 5905">
    <p class='ocr_par' dir='ltr' id='par_1_116' title="bbox 1977 5833 2788 5905">
     <span class='ocr_line' id='line_1_116' title="bbox 1977 5833 2788 5905; baseline -0.009 -13"><span class='ocrx_word' id='word_1_896' title='bbox 1977 5846 2159 5893; x_wconf 73' lang='lat' dir='ltr'><strong>sextus</strong></span> <span class='ocrx_word' id='word_1_897' title='bbox 2186 5835 2392 5892; x_wconf 79' lang='grc' dir='ltr'>ἔννοιαν</span> <span class='ocrx_word' id='word_1_898' title='bbox 2421 5833 2788 5905; x_wconf 70' lang='grc' dir='ltr'>ἐκληψόμεθα.</span> 
     </span>
    </p>
   </div>
  </div>
