4062 6466
535 363 640 421 159

1874 368 1932 426 8.
1977 371 2221 426 BASILII
2263 371 2475 427 MAGM

3681 377 3800 432 160

534 487 696 554 dique
733 485 799 538 ab
831 485 1139 540 hominibus
1171 485 1397 554 aequalia
1432 489 1858 560 conspiciuntur,
1885 491 1936 544 id
1964 492 2101 560 quod

2212 494 2372 556 δειζιν
2401 491 2511 561 ἔχει
2549 491 2692 561 σαφῆ
2733 492 2830 560 τῆς
2876 489 2970 544 τοῦ
3012 492 3270 562 μεγέθους
3308 493 3650 562 περιουσίας,
3703 493 3798 562 τῷ

536 582 854 632 immensam
904 591 1092 633 eorum
1143 578 1565 648 magnitudinem
1617 591 1800 651 aperte
1840 583 2099 648 ostendit,

533 670 973 739 quandoquidem
1005 681 1160 724 terra:
1183 669 1408 724 latitudo
1439 672 1572 726 nihil
1593 673 1820 739 confert,
1858 689 1966 743 quo
1990 674 2101 742 ipsa

535 773 626 814 aut
654 763 856 831 majora
887 774 982 817 aut.
1006 763 1215 817 minora
1239 763 1542 818 videantur.
1569 762 1701 817 Nam
1727 779 1790 820 ea
1809 780 1927 834 quae
1948 765 2104 836 longe

534 855 758 921 distant,
795 856 1010 910 minora
1034 855 1434 923 quodammodo
1464 856 1737 911 cernimus
1768 875 1780 910 :
1812 859 1876 912 ad
1905 873 2026 925 quae
2056 859 2100 911 si

535 948 756 1015 propius
784 947 1116 1010 accedimus,
1148 948 1344 1002 melius
1376 961 1564 1001 eorum
1595 948 1957 1017 comperimus
1986 964 2099 1003 ma-

535 1039 901 1108 gnitudinem.
936 1040 1005 1093 At
1052 1038 1153 1093 εοὶὶ
1191 1038 1542 1109 propinquior
1588 1047 1673 1093 est
1711 1052 1891 1104 nemo,
1932 1038 2000 1094 ab
2039 1055 2104 1095 eo

534 1143 698 1185 nemo
729 1132 987 1185 remotior
1012 1141 1029 1185 :
1053 1129 1150 1185 sed
1179 1143 1246 1184 ex
1276 1130 1469 1198 aequali
1502 1129 1788 1186 intervallo
1820 1131 2105 1200 quibusvis

531 1234 907 1290 quamcunque
973 1221 1208 1275 volueris
1271 1229 1431 1276 terra:
1482 1231 1687 1290 partem
1738 1221 2105 1276 habitantibus

530 1314 749 1368 obvium
797 1330 856 1369 se
893 1314 1076 1370 oll'ert.
1116 1317 1452 1384 Argumenta
1485 1315 1538 1369 id
1573 1315 1760 1381 fuerit,
1794 1315 1941 1385 quod
1991 1314 2103 1369 ludi

526 1408 676 1477 juxta
706 1422 770 1463 ac
795 1407 1040 1463 Britanni
1065 1409 1240 1478 ipsum
1263 1408 1522 1477 aqualem
1541 1417 1886 1464 contuentnr.
1916 1409 2106 1478 Neque

532 1497 677 1550 enim
704 1497 806 1563 sul,
831 1499 957 1551 dum
981 1498 1204 1561 occidit,
1235 1496 1658 1567 magnitudinem
1677 1513 1828 1552 suam
1859 1513 1988 1568 erga
2013 1515 2105 1554 eos

533 1591 625 1659 qui
661 1591 956 1645 orientales
995 1590 1244 1660 regiones
1281 1589 1544 1657 incolunt,
1577 1589 1847 1646 imminuit
1882 1610 1895 1645 :
1930 1606 2105 1660 neque

534 1678 714 1732 oriens
767 1679 1064 1733 occidentis
1113 1679 1509 1735 habitatoribus
1555 1680 1731 1736 minor
1764 1692 2046 1751 comparet
2087 1699 2101 1736 :

533 1787 708 1842 neque
739 1787 863 1827 vero
890 1788 1010 1827 cum
1047 1774 1280 1828 medium
1316 1773 1516 1829 cmlum
1545 1775 1767 1845 attingit
1789 1816 1803 1839 ,
1841 1775 1893 1828 in
1939 1776 2104 1829 alter-

2210 580 2377 651 μηδὲν
2424 581 2605 643 αὐτοῖς
2631 580 3012 650 ἐπισημαίνειν
3044 580 3104 633 τὸ
3143 581 3339 645 πλάτος
3365 582 3467 652 τῆς
3510 584 3615 652 γῆς
3647 583 3794 652 tngo;

2204 673 2264 724 τὸ
2299 673 2550 743 μείζονας
2595 672 2766 725 δοκεῖν
2810 672 2842 743 ἦ
2897 672 3184 736 ἐλάττονας
3216 668 3372 727 εἶναι.
3414 673 3495 726 Τὰ
3536 673 3639 743 μὲν
3675 674 3796 744 γὰρ

2207 762 2488 834 πόρρωθεν
2503 763 2788 832 ἀφεστῶτα
2819 764 3114 834 μικρότερά
3135 781 3250 824 πως
3269 764 3501 835 ὁρῶμενο
3529 760 3611 828 οἷς
3642 764 3686 816 δ’
3718 763 3796 816 ἂν

2211 855 2407 925 μᾶλλον
2447 854 2773 924 ὲγγίσωμεν,
2815 855 3012 925 μᾶλλον
3053 855 3233 908 αὐτῶν
3270 856 3330 908 τὸ
3372 855 3597 925 μέγεθος
3627 855 3790 922 ἐξευ-

2210 947 2484 1016 ρίσκομεν.
2522 945 2612 1015 Τῷ
2640 946 2697 998 δὲ
2721 946 2854 1016 ἡλίῳ
2875 946 3048 1010 οὐδείς
3077 949 3224 1000 ἐστιν
3257 948 3536 1018 ἐγγυτέρω
3556 949 3653 1000 καὶ
3687 947 3791 999 οὐ·

2204 1036 2314 1100 δεῖς
2341 1038 2693 1109 πορρωτέρω,
2722 1037 2856 1092 ἀλλὰ
2881 1039 2972 1091 ἀπ’
3013 1038 3127 1091 ῖσου
3154 1037 3246 1091 τοῦ
3273 1038 3637 1108 διαστήματος
3667 1040 3793 1101 τοῖς

2206 1129 2348 1182 κατὰ
2373 1132 2482 1183 πᾶν
2518 1131 2685 1200 μέρος
2719 1131 2814 1201 τῆς
2843 1131 2946 1199 γῆς
2971 1129 3401 1201 κατῳκισμένοις
3429 1129 3788 1199 προσϐάλλει.

2209 1221 2282 1290 Ση
2293 1224 2443 1290 μεῖον
2468 1220 2545 1284 δὲ,
2579 1222 2661 1274 ὅτι
2687 1221 2782 1274 καὶ
2808 1220 2958 1274 Ἰνδοὶ
2990 1222 3084 1274 καὶ
3111 1221 3401 1292 Βρεττανοὶ
3426 1219 3516 1272 τὸν
3533 1219 3647 1273 ἴσον
3665 1220 3789 1290 (52)

2211 1313 2513 1382 βλέπουσιν.
2544 1314 2679 1368 Οὓτε
2723 1313 2830 1386 γὰρ
2854 1317 2966 1377 τοῖς
2993 1314 3092 1384 τὴν
3117 1313 3255 1383 ἑῴαν
3281 1314 3488 1367 οἰκοῦσι
3515 1313 3789 1366 καταδυό-

2210 1420 2366 1474 μενος
2395 1404 2486 1457 τοῦ
2519 1405 2780 1474 μεγέθους
2825 1406 3067 1475 ὑφίησιν,
3103 1403 3225 1459 οὔτε
3251 1409 3363 1468 τοῖς
3395 1405 3530 1476 πρὸς
3551 1403 3792 1474 δυσμαῖς

2206 1495 2635 1566 κατῳκισμένοις
2689 1496 2990 1551 ἀνατέλλων
3040 1497 3276 1551 ἐλάττων
3334 1497 3601 1566 φαίνεται·
3656 1493 3794 1548 οὔτε

2210 1590 2315 1660 μὴν
2346 1592 2403 1641 ὲν
2433 1588 2511 1659 τῷ
2544 1590 2985 1660 μεσουρανήματι
3010 1591 3312 1660 γινόμενος,
3345 1591 3443 1659 τῆς
3473 1591 3556 1657 ἐφ’
3587 1586 3756 1641 ἑκάτε
3775 1615 3794 1627 -

2208 1697 2276 1751 ρα
2313 1680 2422 1750 (55)
2453 1679 2627 1749 ὂψεως
2659 1677 3044 1750 παραλλάττει.
3096 1682 3186 1750 Μὴ
3239 1680 3565 1746 ἐξαπατάτω
3622 1696 3682 1731 σε
3723 1678 3797 1730 τὸ

2206 1771 2544 1843 φαινόμενον·
2593 1770 2712 1842 μηδ’
2737 1771 2819 1823 ὅτι
2849 1772 3114 1840 πηχυαῖος
3147 1773 3256 1832 τοῖς
3288 1770 3454 1840 ὁρῶσι
3499 1771 3668 1834 δοκεῖ,
3697 1787 3797 1822 το·-

531 1875 705 1919 utram
733 1874 941 1934 partem
974 1867 1228 1920 immutat
1267 1878 1562 1935 aspectum.
1599 1867 1743 1922 Cave
1773 1876 1826 1922 te
1874 1868 2105 1936 decipiat

2212 1865 2396 1918 σοῦτον
2437 1866 2600 1920 αὑτὸν
2629 1876 2767 1918 ειναι
2796 1863 3005 1933 λογίση.
3045 1863 3418 1933 Συναιρεῖσθαι
3464 1862 3574 1934 γὰρ
3611 1864 3796 1930 πέφυ-

529 1957 742 2024 species
775 1957 942 2020 solis;
972 1971 1147 2024 neque
1175 1957 1300 2025 quia
1332 1957 1583 2014 cubitalis
1606 1959 1959 2014 cernentibus
1985 1973 2105 2014 esse

532 2045 763 2111 videtur,
796 2046 934 2099 hanc
963 2045 1061 2115 ipsi
1097 2046 1277 2101 inesse
1302 2048 1731 2118 magnitudinem
1759 2059 1935 2118 putes.
1969 2049 2105 2104 Cou-

532 2137 671 2190 trahi
721 2151 954 2205 namque
1008 2138 1061 2190 iu
1109 2138 1360 2192 maximis
1395 2139 1675 2193 distantiis
1730 2139 1868 2194 solet
1915 2155 2102 2194 eorum

531 2209 650 2296 qua:
678 2237 975 2281 cernuntur
1003 2229 1337 2297 magnitudo,
1367 2231 1586 2296 quando
1627 2231 1846 2299 quidem
1881 2232 1960 2286 vis
1989 2233 2103 2300 ipsa

528 2318 787 2372 cernendi
819 2333 924 2371 non
957 2330 1131 2386 potest
1154 2317 1270 2372 loca
1302 2319 1618 2387 interposita
1645 2332 1928 2388 penetrare
1960 2340 1975 2378 :
2009 2323 2102 2376 sed

528 2408 678 2463 velut
700 2409 753 2462 in
776 2410 950 2463 medio
975 2411 1149 2476 spatio
1170 2411 1493 2474 absumitur,
1520 2420 1610 2462 aut
1636 2426 1798 2477 parva
1824 2412 1906 2464 sui
1937 2411 2105 2478 ipsius

531 2507 708 2567 parte,
754 2513 814 2551 ea
849 2513 968 2567 quae
1016 2500 1426 2568 conspiciuntur
1470 2500 1711 2569 attingit.
1759 2499 1891 2552 Cum
1943 2501 2106 2570 igitur

533 2592 679 2645 visus
707 2599 891 2645 uoster
914 2606 1111 2662 parvus
1139 2593 1216 2653 fit,
1244 2601 1354 2644 tum
1390 2593 1440 2645 in
1478 2608 1636 2646 causa
1664 2601 1747 2647 est
1769 2607 1866 2647 cur
1889 2607 1953 2646 ea
1979 2607 2098 2660 qua:

530 2684 889 2753 aspiciuntur,
919 2695 1238 2754 reputentur
1267 2700 1455 2755 parva,
1489 2701 1586 2739 sua
1618 2687 1787 2755 ipsius
1817 2685 2107 2741 affectione

531 2779 586 2830 in
620 2793 706 2832 res
737 2786 1056 2848 conspectas
1089 2778 1369 2833 translata.
1401 2779 1601 2845 Quare,
1636 2781 1681 2834 si
1707 2779 1916 2833 fallitur
1933 2779 2102 2843 visus,

533 2869 667 2924 fides
698 2870 1072 2939 nullajudicio
1116 2871 1257 2926 illius
1295 2882 1378 2926 est
1424 2872 1750 2927 adhibenda.
1796 2871 2105 2927 Metnineris

531 2980 697 3032 porro
728 2975 941 3018 tuorum
982 2965 1148 3031 ipsius
1185 2963 1499 3027 affectuum,
1532 2975 1584 3018 et
1619 2983 1646 3016 a
1695 2977 1745 3018 te
1780 2966 1895 3033 ipso
1917 2979 2103 3019 eorum

532 3071 652 3120 qua:
684 3056 946 3109 dicuntur
988 3053 1213 3110 habebis
1238 3067 1614 3123 argumentum
1639 3064 1802 3123 atque
1829 3055 2105 3124 probatio-

535 3162 677 3201 nem.
721 3149 778 3200 δί
822 3163 1056 3218 unquam
1099 3162 1168 3202 ex
1215 3148 1392 3217 magni
1428 3148 1625 3201 montis
1651 3147 1933 3202 cacumine
1960 3162 2107 3201 cam-

537 3252 661 3303 pum
691 3237 959 3306 ingentem
985 3238 1144 3291 simul
1171 3248 1225 3290 et
1248 3239 1497 3305 supinum
1523 3239 1873 3307 conspexisti,
1904 3249 2104 3307 quanta

539 3327 633 3380 tibi
690 3327 802 3380 visa
858 3336 983 3380 sunt
1037 3328 1197 3380 boum
1254 3324 1426 3394 juga?
1489 3328 1673 3396 quanti
1735 3337 1789 3380 et
1839 3329 1937 3396 ipsi
1987 3344 2109 3381 ara-

539 3420 726 3474 tores?
751 3422 943 3474 Annon
974 3420 1262 3489 quamdam
1296 3417 1650 3473 formicarum
1685 3417 1971 3487 imaginem
2017 3419 2109 3471 tibi

537 3521 994 3581 repraesentaruut
1013 3513 1035 3567 ἲ
1055 3512 1112 3567 Si
1137 3527 1266 3567 vero
1290 3522 1346 3567 et
1375 3530 1403 3564 a
1429 3511 1647 3580 specula
1680 3512 1746 3564 ad
1779 3521 1990 3565 vastum
2017 3525 2110 3579 pe-

536 3605 692 3674 lagus
736 3617 1001 3657 conversa
1041 3603 1231 3657 oculos
1265 3605 1318 3657 in
1366 3619 1514 3658 mare
1561 3603 1862 3672 conjecisti,
1897 3613 2112 3673 quanta:

540 3693 638 3750 tibi
685 3694 818 3748 visre
856 3701 982 3747 sunt
1021 3691 1207 3746 insulae
1239 3693 1526 3746 maximae?
1557 3704 1754 3760 quanta
1789 3709 1974 3746 rursus
2016 3694 2109 3746 tibi

539 3786 797 3857 apparuit
829 3800 933 3839 una
981 3784 1136 3838 navis
1178 3784 1428 3838 oneraria
1475 3791 1526 3834 et
1576 3783 1931 3851 praegrandis,
1981 3783 2114 3836 albis

538 3880 673 3935 velis
711 3893 873 3948 super
901 3878 1186 3933 caeruleum
1221 3893 1372 3931 mare
1409 3875 1664 3930 invecta?
1698 3874 1885 3929 Nonne
1913 3875 2108 3944 imagi-

540 3988 664 4027 nem
699 3972 792 4024 tihi
824 3972 1071 4026 exhibuit
1094 3973 1284 4041 quavis
1318 3971 1569 4026 columba
1599 3969 1905 4025 minorem?
1941 3969 2076 4036 Quia
2097 4011 2111 4036 ,

542 4079 600 4120 ut
628 4065 737 4119 dixi
762 4107 776 4129 ,
808 4065 955 4120 visus
983 4067 1035 4120 in
1065 4081 1190 4121 aere
1231 4075 1614 4133 consumptus,
1659 4064 1815 4119 exilis
1840 4067 2076 4121 evadens
2098 4106 2111 4129 ,

543 4176 631 4215 res
661 4161 834 4214 oculis
865 4158 1132 4225 subiectas
1175 4168 1429 4215 accurate
1459 4157 1866 4224 apprehendere
1906 4160 2110 4226 nequit.

540 4252 680 4316 Quin
713 4259 765 4305 et
800 4260 1052 4320 aspectus
1095 4249 1361 4304 maximos
1394 4257 1604 4303 montes
1656 4249 1937 4316 profundis
1967 4249 2116 4302 valli-

541 4347 643 4399 bus
677 4345 937 4412 abruptos
958 4387 971 4410 ,
1005 4343 1267 4398 rotundos
1297 4351 1352 4395 et
1397 4341 1541 4395 leves
1575 4354 1695 4394 esse
1725 4340 1928 4408 judicat
1951 4383 1965 4406 ,
1993 4357 2114 4397 cum

543 4438 614 4487 sit
643 4436 708 4487 ad
741 4435 886 4488 solas
911 4435 1236 4488 etninentias
1264 4432 1526 4494 intentus,
1559 4446 1659 4486 nec
1683 4446 1920 4485 concava
1955 4433 2118 4486 inter-

543 4528 716 4583 media
769 4538 988 4597 propter
1037 4526 1464 4580 imbecillitatem
1517 4525 1726 4592 ingredi
1781 4534 1965 4594 queat.
2023 4524 2114 4578 Sic

2207 1973 2299 2010 κεν
2339 1961 2396 2010 ἐν
2425 1961 2535 2020 τοῖς
2581 1957 2856 2028 μεγίστοις
2905 1955 3235 2027 διαστήμασι
3285 1954 3355 2007 τὰ
3415 1956 3617 2026 μεγέθη
3678 1957 3794 2008 τῶν

2206 2048 2514 2117 ὁρωμένων,
2545 2049 2645 2119 τῆς
2675 2047 2938 2119 ὁρατικῆς
2989 2047 3270 2117 δυνάμεως
3324 2046 3424 2099 οὐκ
3471 2047 3797 2116 ἐξικνουμέ-

2207 2153 2303 2205 νης
2332 2138 2441 2206 (54.)
2471 2139 2560 2190 τὸν
2594 2139 2792 2208 μεταξὺ
2822 2139 2982 2192 τόπον
3027 2139 3308 2210 ὃιαπερᾷν,
3344 2138 3456 2193 ἀλλ’
3500 2138 3666 2190 οἱονεὶ
3700 2141 3792 2192 ὲν-

2205 2231 2601 2301 δαπανωμένης
2629 2232 2707 2301 τῷ
2740 2233 2906 2301 μέσῳ,
2935 2233 3030 2284 καὶ
3060 2233 3179 2285 κατ’
3205 2231 3384 2301 ὀλίγον
3419 2231 3588 2300 αὐτῆς
3617 2230 3791 2301 μέρος

2207 2322 2646 2395 προσϐαλλούσης
2677 2326 2787 2385 τοῖς
2814 2323 3047 2393 ὁρατοῖς.
3081 2323 3266 2393 Μικρά
3293 2318 3386 2376 οὖν
3412 2323 3444 2393 ἡ
3467 2322 3588 2390 ὄψις
3622 2319 3792 2390 ἡμῶν

2206 2416 2491 2486 γινομένη,
2525 2416 2697 2487 μικρὰ
2726 2414 2946 2485 ἐποίησε
2970 2413 3287 2484 νομίζεσθαι
3316 2415 3381 2468 τὰ
3419 2414 3693 2485 ὁρώμενα,
3723 2411 3797 2466 τδ

2207 2508 2405 2558 οἰκεῖον
2439 2506 2610 2569 πάθος
2646 2509 2756 2569 τοῖς
2772 2508 2985 2577 ὁρατοῖς
3009 2509 3361 2579 ἐπιφέρουσα.
3396 2507 3556 2560 Ὥστε
3581 2510 3630 2560 εἰ
3653 2506 3793 2576 ψεὺο

2208 2594 2357 2646 δεται
2393 2593 2504 2661 (55)
2540 2597 2573 2664 η
2607 2595 2747 2663 ὄψις,
2792 2595 3018 2650 ἄπιστον
3052 2598 3112 2650 τὸ
3150 2599 3448 2670 κριτήριον.
3515 2599 3794 2668 Ύπομνή-

2209 2685 2441 2754 σθητιδὲ
2460 2683 2568 2735 τῶν
2591 2684 2804 2738 οἰκείων
2835 2686 3040 2750 παθῶν,
3079 2689 3169 2740 καὶ
3203 2689 3351 2759 παρά
3384 2689 3610 2741 σεαυτοῦ
3642 2686 3790 2752 ἕξεις

2205 2774 2315 2828 τῶν
2346 2774 2653 2846 λεγομένων
2686 2773 2786 2842 τὴν
2831 2773 3032 2826 πίστιν.
3065 2777 3129 2828 Εἴ
3157 2795 3284 2828 ποτε
3321 2779 3427 2830 ἀπὸ
3472 2779 3789 2850 ἀκρωρείας

2211 2866 2450 2938 μεγάλης
2483 2865 2662 2919 πεδίον
2695 2865 2834 2929 εἶδες
2859 2864 2991 2918 πολύ
3040 2882 3100 2917 τε
3128 2867 3220 2918 καὶ
3252 2865 3460 2929 ὕπτιον,
3489 2868 3650 2937 ἡλίκα
3687 2871 3790 2938 μέν

2209 2975 2290 3012 σοι
2310 2959 2417 3012 τῶν
2453 2958 2588 3030 βοῶν
2623 2956 2734 3026 (56)
2766 2955 3041 3028 κατεφάνη
3080 2957 3150 3009 τὰ
3175 2955 3374 3025 ζεύγης
3418 2957 3634 3026 πηλίκοι
3659 2959 3716 3009 δὲ
3737 2960 3788 3010 οῖ

2210 3054 2474 3124 ἀροτῆρες
2503 3051 2682 3115 atii-cei;
2709 3052 2771 3103 Ei
2805 3051 2878 3120 μὴ
2908 3051 3212 3121 μυρμήκων
3241 3049 3362 3101 τινά
3392 3066 3472 3101 σοι
3513 3049 3790 3119 παρέσχον

2211 3147 2538 3216 φαντασίαν;
2567 3146 2628 3197 Ei
2662 3145 2718 3197 δὲ
2759 3146 2848 3197 καὶ
2875 3145 2983 3196 ἀπὸ
3010 3145 3238 3207 σκοπιᾶς
3263 3143 3354 3194 ἐπὶ
3377 3143 3518 3212 μέγα
3551 3142 3792 3208 πέλαγος

2209 3241 2591 3312 τετραμμένης
2628 3241 2693 3309 τῇ
2725 3236 2966 3308 θαλάσσῃ
2993 3237 3091 3301 τὰς
3107 3237 3257 3307 ὄψεις
3285 3236 3569 3299 ὲπέϐαλες,
3601 3235 3789 3307 ἡλίκαι

2216 3337 2310 3402 μέν
2344 3351 2422 3388 σοι
2439 3333 2622 3397 ἔδοξαν
2644 3329 2781 3387 εἶναι
2813 3331 2917 3385 τῶν
2948 3333 3123 3402 νήσων
3145 3334 3198 3384 αἱ
3235 3332 3486 3402 μέγισται
3512 3331 3656 3399 (57);
3686 3347 3789 3400 πη-

2212 3425 2334 3494 λίκη
2367 3426 2423 3477 δέ
2458 3443 2540 3478 σοι
2574 3426 2848 3496 κατεφάνη
2897 3426 2994 3495 μία
3018 3423 3125 3478 τῶν
3164 3425 3507 3496 μυριονεόρων
3546 3424 3791 3477 ὁλκάδων

2213 3515 2422 3579 λευκοῖς
2465 3516 2649 3578 ἱστίοις
2679 3517 2815 3584 ὑπὲρ
2860 3517 3061 3585 κυανῆς
3110 3514 3443 3586 κομιζομένη
3478 3515 3789 3584 οαλάσσης;

2215 3610 2276 3662 Εἰ
2300 3609 2373 3679 μὴ
2393 3609 2567 3678 πάσης
2581 3610 2903 3678 περιστερᾶς
2919 3609 3246 3678 μικροτέραν
3261 3626 3339 3661 σοι
3356 3609 3658 3678 παρέσχετο
3677 3607 3791 3678 (58)

2214 3700 2309 3771 τὴν
2330 3699 2657 3769 φαντασίαν;
2687 3696 2849 3760 Διότι,
2889 3697 3136 3767 καθάπερ
3174 3698 3330 3768 ἔφην,
3359 3699 3791 3770 ὲνόαπανηθεῖσα

2215 3793 2292 3863 τῷ
2325 3794 2445 3864 ἀέρι
2476 3795 2508 3862 ἡ
2535 3791 2675 3861 ὖψις,
2711 3788 2951 3860 ἐξίτηλος
2975 3789 3256 3859 γινομένη,
3288 3790 3420 3860 πρὸς
3449 3791 3546 3858 τὴν
3581 3792 3789 3862 ἀκριϐῆ

2219 3885 2517 3955 κατάληψιν
2545 3885 2651 3937 τῶν
2699 3884 2989 3954 ὁρωμένων
3017 3884 3116 3936 οὐκ
3143 3884 3384 3954 ἐξαρκεῖ.
3416 3883 3553 3952 Ἤδη
3586 3882 3642 3935 δέ
3687 3902 3792 3936 που

2221 3978 2312 4028 καὶ
2351 3975 2456 4028 των
2510 3975 2649 4046 ὁρῶν
2691 3974 2762 4026 τὰ
2816 3974 3065 4044 μέγιστα,
3120 3974 3364 4044 βαθείαις
3395 3973 3666 4045 φάραγξιν
3696 3976 3790 4027 ὲκ-

2216 4067 2530 4136 τετμημένα
2556 4063 2689 4135 (59),
2718 4065 2988 4135 περιφερῆ
3010 4066 3105 4118 καὶ
3132 4065 3248 4118 λεῖα
3284 4069 3316 4136 η
3341 4065 3460 4134 ὄψις
3475 4061 3614 4120 εἷναί
3637 4083 3790 4134 φησι,

2218 4161 2334 4219 ταῖς
2373 4157 2581 4225 ἐξοχαῖς
2629 4154 3040 4225 προσὸάλ).ουσα
3074 4155 3280 4224 μόναις,
3321 4159 3437 4217 ταῖς
3471 4156 3527 4207 δὲ
3586 4157 3791 4224 μεταξῦ

2220 4247 2520 4316 κοιλότησιν
2548 4246 2780 4315 έμῦἦναι
2809 4244 2875 4295 δι’
2910 4246 3126 4297 ἀτονίαν
3162 4246 3234 4316 μὴ
3273 4245 3566 4314 δυναμένη.
3607 4245 3794 4307 Οὕτως

2219 4339 2338 4392 οὐδὲ
2386 4337 2452 4390 τὰ
2509 4338 2759 4406 σχήματα
2788 4335 2896 4388 τῶν
2937 4337 3202 4406 σωμάτων
3243 4335 3401 4389 ὁποῖά
3438 4336 3554 4388 ἐστι
3595 4333 3794 4386 διασώσ

2221 4431 2301 4495 ζει
2334 4430 2465 4497 (60)·
2500 4427 2633 4480 ἀλλὰ
2663 4430 2978 4500 περιφερεῖς
3001 4426 3172 4480 οἴεται
3199 4423 3336 4480 εἶναι
3364 4427 3487 4490 τοὺς
3513 4425 3789 4497 τετραγώο

2220 4541 2341 4586 νους
2375 4521 2479 4571 τῶν
2513 4518 2754 4590 πύργων.
2798 4520 2961 4572 Ὥστε
3008 4519 3340 4589 πανταχόθεν
3387 4518 3563 4589 δῆλον,
3606 4519 3688 4570 ὃτι
3735 4518 3792 4568 ὲν

543 4637 714 4690 neque
767 4634 1055 4688 conporum
1103 4617 1306 4687 ﬁguras
1344 4617 1533 4684 quales
1578 4627 1705 4671 sunt
1749 4627 1968 4672 servat:
2020 4617 2107 4669 sed

2219 4618 2335 4678 ταῖς
2369 4611 2654 4683 μεγίσταις
2687 4613 3052 4666 ἀποστάσεσιν
3081 4611 3180 4663 οὐκ
3201 4609 3479 4681 ἔναρθρον.
3505 4609 3638 4661 ἀλλὰ
3663 4625 3792 4676 συγ-

540 4713 939 4781 qnadraugulas
966 4723 1140 4765 turres
1172 4721 1366 4765 teretes
1395 4724 1514 4764 esse
1540 4719 1710 4778 putat.
1741 4711 1917 4774 Quare
1939 4707 2102 4763 unde-

609 4892 721 4963 (52)
758 4890 897 4946 Etliti
948 4906 1068 4946 cum
1116 4891 1298 4963 Regiis
1333 4892 1609 4963 tertio‘et
1633 4895 1824 4961 quinto
1851 4893 1944 4944 τὸν
1977 4890 2108 4944 ἴσον.

541 4959 990 5017 (ζυιίιζεθοηιιιίιιε
1018 4962 1109 5015 τὸν
1140 4962 1276 5031 ἡλίῳ
1319 4962 1451 5013 ἴσον.
1487 4959 1853 5028 Βθεὶἱεοιιιιε
1879 4972 1933 5016 et
1967 4973 2113 5014 oeta-

543 5049 639 5083 tus
679 5035 738 5083 τὸ
762 5033 898 5094 ἴσον,
939 5033 1227 5095 aequaliter,
1264 5035 1402 5087 b0nn
1437 5032 1610 5084 lectio.

611 5102 724 5170 (5'5)
778 5101 893 5169 Τῆς
912 5102 1003 5171 ἐφ’
1035 5101 1306 5170 ἑκάτερα.
1363 5101 1566 5154 Ιὶιιτειιε
1608 5103 1853 5155 librarius
1885 5103 2024 5155 idem
2049 5103 2113 5153 ad

543 5173 840 5241 marginem
869 5174 1109 5242 ejusdem
1147 5172 1296 5242 Regii
1332 5171 1486 5239 primi
1513 5174 1712 5226 codicis
1736 5172 1871 5242 πρός
1901 5189 1959 5224 τε
1990 5172 2119 5223 ἁνα-

552 5241 709 5314 τολην
742 5242 836 5295 καὶ
878 5244 1012 5314 πρὸς
1047 5241 1239 5306 δύσιν,
1284 5254 1390 5296 tum
1430 5243 1496 5293 ad
1535 5241 1803 5314 orientem,
1849 5258 2015 5314 quant
2045 5245 2118 5314 ut!

543 5313 877 5383 occidentem.
925 5311 1131 5368 'lb'tdem
1198 5328 1292 5368 sex
1349 5328 1477 5364 mss.
1535 5311 1916 5383 παραλλάττει.
1978 5312 2116 5367 Ειίίιί

552 5380 865 5435 διαλλάττει.

616 5451 734 5522 (54)
764 5455 836 5506 lta
867 5453 1030 5508 editio
1057 5454 1220 5507 Basil.
1251 5470 1371 5507 cum
1408 5467 1500 5504 sex
1555 5469 1682 5506 mss.
1716 5461 1767 5506 et
1797 5469 1918 5505 cum
1965 5452 2114 5505 Bodl.

552 5521 724 5575 Editiu
755 5523 923 5578 Paris.
957 5525 1056 5577 οὐκ
1101 5523 1528 5594 ἐξαρκουμένης.
1579 5523 1744 5579 Cuisl.
1790 5529 1995 5592 primus
2037 5542 2116 5578 se-

554 5595 737 5665 cundis
775 5597 920 5665 euris
947 5596 1008 5648 οὺ
1042 5599 1466 5665 κατερχομένης.

615 5664 727 5733 (55)
769 5664 944 5718 Codex
971 5664 1213 5721 Combef.
1253 5664 1372 5719 cum
1405 5664 1522 5717 aliis
1552 5665 1786 5733 quinque
1818 5681 1946 5716 mss.
1977 5664 2115 5717 ὥστε

558 5732 816 5803 ψεύδεται.
845 5735 980 5788 Editi
1007 5752 1130 5791 cum
1167 5737 1314 5790 Cu“).
1344 5732 1578 5789 seeuudu
1601 5734 1739 5787 ὥστε
1769 5737 1816 5786 εί
1839 5735 2113 5803 ψεύδεται.

619 5805 727 5874 (56)
761 5807 834 5860 Ita
873 5823 961 5863 se:
996 5824 1121 5862 mss.
1164 5807 1311 5871 Illud,
1346 5807 1451 5858 τῶν
1484 5805 1641 5874 βοῶν,
1689 5807 1832 5862 deest
1884 5810 1931 5860 in
1972 5819 2087 5862 utra

2209 4726 2338 4778 κεχυ
2348 4707 2511 4778 μένην
2533 4705 2640 4758 τῶν
2659 4704 2922 4775 σωμάτων
2946 4703 3210 4775 λαμϐάνει
3239 4703 3335 4774 τὴν
3377 4702 3488 4771 (6i)
3519 4703 3769 4755 εἰκασίαν

2223 4907 2326 4958 que
2348 4888 2582 4942 editione
2606 4887 2768 4940 Basil.
2793 4894 2846 4938 et
2873 4885 3045 4940 Paris.
3076 4885 3364 4952 Aliquanto
3392 4892 3508 4950 post
3533 4883 3637 4934 duo
3662 4899 3790 4936 mss.

2225 4961 2305 5012 co".
2336 4959 2684 5029 παρέσχοντο.

2297 5023 2603 5099 (BD-Codex
2629 5027 2867 5080 Comth
2889 5044 3008 5080 cum
3034 5025 3152 5099 aliis
3175 5024 3488 5099 tribusmss.
3514 5023 3789 5099 μέγισται.

2229 5094 2363 5153 Editi
2388 5094 2510 5152 cum
2539 5099 2691 5152 Culh.
2715 5099 2952 5151 secundo
2981 5097 3227 5165 μέγιστα.
3278 5096 3473 5165 Ibidem
3504 5096 3668 5165 editio
3695 5094 3790 5144 l'a-

2230 5174 2318 5223 ris.
2349 5171 2542 5240 τηλίκη
2580 5167 2655 5221 δέ.
2687 5169 2866 5223 Etlilio
2895 5163 3073 5240 nostra
3101 5165 3264 5240 Basii.
3304 5164 3528 5234 πηλίκη,
3564 5163 3697 5240 bene

2297 5235 2414 5310 (5i8l
2443 5235 2573 5308 Reg.
2615 5241 2816 5310 primus
2861 5237 3152 5310 παρέσχεν.
3205 5236 3311 5310 l‘iee
3343 5249 3423 5310 tta
3474 5235 3640 5310 multo
3675 5244 3790 5304 post

2225 5303 2469 5380 quinque
2487 5303 2878 5379 ιιῖτςεξὲξίτηλος
2906 5303 3182 5378 γίνομ’ένη.
3214 5306 3352 5359 ΕιΙιιί
3377 5303 3659 5372 γενομένη.

2299 5384 2410 5450 (59)
2447 5379 2535 5433 Sic
2563 5381 2712 5449 Regii
2757 5381 3003 5450 primus,
3030 5381 3238 5440 tertius,
3271 5379 3488 5450 quintus
3520 5385 3571 5426 et
3606 5387 3786 5450 Sestus

2226 5445 2346 5502 t-nm
2379 5445 2584 5504 duobus
2606 5445 2952 5504 chum-unis.
2990 5449 3121 5516 lleg.
3149 5456 3370 5502 octavus
3394 5445 3784 5516 ἐντετμημένη.

2227 5524 2364 5574 Ιιληιῑ
2401 5524 2548 5586 gravi
2600 5523 2792 5574 mendo
2845 5515 3240 5588 ὲκτετηγμένα.
3293 5515 3455 5568 l’aulo
3507 5528 3624 5586 post
3658 5518 3785 5583 lleg.

2223 5594 2437 5660 quintus
2459 5591 2666 5660 ἐξοχαῖς
2710 5589 3102 5659 προϐάλλουσα.

2294 5662 2400 5728 (liti)
2429 5655 2580 5714 Colli;
2609 5655 2876 5715 secundus
2899 5664 2965 5732 τῇ
3002 5658 3248 5730 αὲσθήσει
3279 5655 3548 5722 διασώζει,
3579 5672 3658 5726 νει
3688 5671 3791 5710 δεη-

2222 5752 2331 5784 Mlm
2360 5745 2609 5785 (mset't'dl.

2298 5803 2406 5871 (till
2440 5803 2566 5855 lioll-
2628 5803 2828 5872 primus
2866 5804 3125 5871 τωμάτωλ
3157 5801 3265 5868 ἔχει
3297 5801 3411 5868 τήν.
