4062 6452
300 415 392 470 HI

1395 405 1681 461 HOMILIA
1719 405 1786 460 Vl
1827 404 1892 462 IN
1935 404 2426 463 ΗΕΧΛΕΜΕΠΟΝ.

3453 404 3551 458 ME!

290 531 482 601 Μέγας
507 523 601 582 οὖν
639 529 666 579 ὁ
698 528 943 600 φωστὴρ,
975 525 1118 580 κατά
1146 526 1243 594 τὴν
1274 525 1372 596 τῆς
1420 524 1640 595 Γραφῆς
1677 541 1870 595 μαρτυ.

1981 525 2110 578 libet
2141 532 2376 586 constat,
2408 524 2460 576 in
2491 523 2743 578 maximis
2773 521 3070 575 intervallis
3099 537 3204 574 non
3235 521 3552 591 perfecmm,

291 624 438 700 ρίαν,
474 621 567 674 καὶ
598 620 1042 692 ἀπειροπλασίων
1071 617 1164 670 τοῦ
1190 619 1533 688 φαινομένου.

366 899 451 953 10.
484 899 718 953 Κάκεῖνο
773 898 829 950 δέ
878 912 959 948 σοι
1013 896 1237 966 ἐναργὲς
1283 897 1420 962 ἔστω
1461 893 1556 944 τοῦ
1610 892 1869 962 μεγέθους

292 994 537 1061 σημεῖον.
588 992 854 1061 Ἀιπείρων
878 988 1045 1040 ὄντων
1068 987 1145 1059 τῷ
1167 989 1355 1060 πλήθει
1379 985 1484 1037 τῶν
1501 986 1620 1038 κατ’
1645 986 1869 1056 οὐρανὸν

289 1086 556 1156 ἀστέρων,
592 1087 653 1138 τὸ
687 1083 816 1153 παρ’
872 1081 1048 1134 αὑτῶν
1093 1080 1570 1154 συνερανιζόμενον
1614 1080 1728 1150 φῶς
1770 1081 1869 1132 οὑκ

289 1177 510 1246 ἐξαρκεῖ
539 1180 638 1247 τῆς
669 1173 861 1237 νυκτὸς
893 1174 989 1246 τὴν
1033 1179 1337 1246 κατήφειαν
1384 1172 1650 1227 διαλῦσαι.
1693 1174 1868 1232 Μόνος

288 1268 346 1320 δὲ
376 1263 553 1333 οὗτος,
588 1267 922 1337 ὑπερφανεὶς
954 1269 1046 1321 τοῦ
1099 1267 1392 1337 ὁρίζοντος,
1442 1265 1640 1335 μᾶλλον
1677 1265 1732 1317 δὲ
1789 1264 1864 1312 ἔτι

288 1365 384 1417 καὶ
436 1360 896 1434 προσδοκώμενος,
944 1363 1073 1432 πρὶν
1121 1361 1214 1412 καὶ
1263 1359 1550 1429 ὑπερσχεῖν
1585 1356 1694 1427 (62)
1730 1353 1866 1412 ὅλί-..τ

287 1455 387 1524 τῆς
419 1454 540 1522 γῆς,
573 1454 799 1522 ἠφάνισε
840 1456 936 1524 μὲν
961 1454 1022 1504 τὸ
1052 1451 1261 1515 σκότος,
1295 1452 1642 1523 ὑπερηύγασε
1664 1448 1721 1500 δὲ
1739 1449 1866 1509 τοὺς

287 1543 545 1612 ἀστέρας,
581 1545 674 1597 καὶ
728 1544 1015 1615 πεπηγότα
1065 1542 1200 1603 τέως
1246 1540 1338 1594 καὶ
1383 1537 1865 1612 συμπεπιλημένον

287 1636 379 1686 τὸν
413 1636 534 1706 περὶ
562 1638 666 1708 γῆν
708 1638 844 1708 ἀέρα
891 1634 1152 1704 κατέτηξε
1185 1635 1277 1687 καὶ
1305 1635 1532 1705 διέχεεν.
1571 1631 1732 1684 ’Ὀθεν
1772 1634 1865 1685 καὶ

287 1727 481 1798 ἄνεμοι
533 1731 744 1782 ὲωθινοὶ
787 1730 879 1782 καὶ
905 1728 1080 1797 δρόσοι
1123 1728 1178 1778 ὲν
1212 1727 1396 1796 αἰθρίᾳ
1418 1725 1515 1794 τὴν
1546 1727 1648 1793 γῆν
1671 1728 1865 1794 περιρ-

288 1821 493 1890 ιῖέουσι.
531 1822 810 1891 Τοσαύτην
842 1821 898 1873 δὲ
936 1817 1099 1876 οὖσαν
1124 1822 1221 1893 τὴν
1250 1822 1352 1889 γῆν
1379 1818 1493 1880 πῶς
1528 1818 1592 1870 ἂν
1623 1818 1862 1887 ἠδυνήθη

287 1912 348 1963 ὲν
371 1913 468 1980 μιᾷ
495 1909 686 1981 καιροῦ
724 1913 862 1981 ῥοπῇ
900 1912 996 1980 τὴν
1029 1913 1208 1964 πᾶσαν
1242 1909 1666 1977 καταφωτίζειν,
1705 1912 1752 1961 εί
1795 1909 1867 1980 μὴ

285 2003 395 2054 ἀπο
449 2001 684 2071 μεγάλου
731 2001 826 2055 τοῦ
867 2002 1065 2055 κύκλου
1121 2002 1230 2071 (6'5)
1270 2000 1366 2072 τὴν
1413 2002 1867 2072 αύγὴνὲπηφίει;

298 2094 566 2148 Ἐνταῦθα
599 2113 688 2166 μοι
719 2097 814 2165 τὴν
845 2095 1148 2164 σοφίαντοῦ
1167 2096 1408 2164 τεχνίτου
1434 2095 1869 2165 καταμαθε,πῶς

282 2184 363 2254 τῷ
395 2185 721 2255 διαστήματι
771 2185 945 2255 τούτῳ
987 2185 1298 2256 σύμμετρον
1347 2184 1545 2236 ἔδωκεν
1575 2184 1725 2253 αὑτῷ
1774 2185 1870 2255 τὴν

284 2275 615 2348 Θερμότητα.
650 2276 914 2330 Τοσοῦτον
949 2277 1058 2350 γάρ
1098 2279 1244 2329 ἐστιν
1282 2276 1448 2330 αὑτοῦ
1489 2278 1550 2330 τὸ
1604 2277 1868 2348 πυρῶδες.

283 2367 360 2428 ὼς
382 2369 518 2438 μήτε
545 2368 610 2420 δι’
645 2368 948 2440 ὑπερϐολὴν
978 2367 1310 2437 καταφλέξαι
1333 2368 1430 2438 τὴν
1457 2369 1582 2439 γῆν,
1617 2369 1753 2440 μήτε
1785 2368 1871 2421 διὰ

283 2456 384 2524 τὴν
414 2456 646 2522 ἔλλειψιν
689 2457 1108 2526 κατεψυγμένην
1139 2460 1307 2529 αὑτὴν
1338 2461 1430 2511 καὶ
1458 2460 1649 2527 ἄγονον
1679 2460 1868 2514 ἀπολι-

287 2549 429 2598 πεῖν.
469 2548 696 2617 Ἀδελφὰ
725 2549 782 2600 δὲ
803 2552 914 2612 τοῖς
951 2551 1260 2620 εἰρημένοις
1278 2552 1371 2604 καὶ⁹
1399 2552 1466 2603 τὰ
1497 2553 1624 2622 περὶ
1656 2554 1754 2622 τῆς
1791 2570 1870 2604 σε·

285 2639 455 2708 λήνης
495 2640 736 2694 νοείσθω.
769 2642 925 2709 Μέγα
957 2643 1066 2713 γὰρ
1103 2643 1194 2695 καὶ
1239 2643 1299 2694 τὸ
1325 2643 1528 2714 ταύτης
1551 2643 1731 2715 σῶμα,
1778 2648 1871 2698 καὶ

287 2734 589 2798 φανότατὸν
619 2751 682 2802 γε
716 2734 855 2804 μετά
883 2735 972 2788 τὸν
1005 2736 1176 2806 ἥλιον.
1208 2737 1319 2789 Ούκ
1354 2738 1442 2789 ἀεὶ
1476 2738 1656 2808 μέντοι
1677 2739 1869 2810 ὁρατὸν

285 2829 459 2897 αὐτῆς
484 2828 726 2899 διαμένει
759 2829 819 2882 τὸ
853 2828 1098 2899 μέγεθος·
1121 2830 1254 2883 ἀλλὰ
1287 2829 1380 2882 νῦν
1405 2831 1501 2900 μὲν
1533 2831 1872 2901 ἀπηρτισμέ-

286 2939 353 2991 νη
382 2921 459 2991 τῷ
492 2923 697 2993 κύκλῳ,
739 2922 833 2976 νῦν
865 2922 922 2976 δὲ
955 2922 1277 2976 ἐλλείπουσα
1311 2923 1420 2994 (64)
1452 2925 1543 2976 καὶ
1578 2925 1868 2995 μειουμένη

290 3012 560 3079 φαίνεται,
586 3013 707 3066 καθ’
749 3013 936 3084 ἓτερον
973 3014 1170 3083 ἑαυτῆς
1218 3013 1384 3084 μέρος
1427 3013 1784 3084 προδεικνῦσα
1810 3015 1871 3066 τὸ

288 3101 496 3156 λεῖπον.
552 3102 727 3172 Ἀλλῳ
765 3103 864 3172 μὲν
895 3104 1000 3175 γὰρ
1037 3105 1190 3175 μέρει
1248 3105 1526 3169 σκιάζεται
1574 3106 1867 3177 αὐξομένη,

289 3192 418 3247 ἄλλο
454 3193 509 3246 δὲ
562 3194 724 3264 μέρος
754 3195 921 3264 αὑτῆς
952 3196 1011 3247 ἐν
1042 3196 1118 3265 τῷ
1163 3196 1338 3266 καιρῷ
1367 3197 1465 3266 τῆς
1500 3196 1704 3265 λήξεως
1735 3199 1870 3251 ἀπο-

291 3287 616 3354 γρύπτεται.
649 3286 820 3354 Λόγος
843 3285 900 3338 δέ
929 3303 1011 3348 τις
1037 3286 1273 3357 ἄρῤητος
1295 3288 1384 3338 τοῦ
1421 3288 1583 3356 σοφοῦ
1607 3289 1871 3358 ,δημιουρ-

289 3380 390 3447 γοῦ
421 3380 520 3448 τῆς
549 3382 799 3452 ποικίλης
833 3382 1037 3450 ταύτης
1086 3380 1386 3450 ὲναλλαγῆς
1412 3379 1519 3432 τῶν
1551 3381 1867 3451 σῃμάτων.

293 3474 365 3524 Ἢ
399 3472 506 3542 γὰρ
539 3472 679 3525 ὥστε
711 3476 843 3543 ἡμῖν
876 3474 1180 3544 ὑπόδειγμα
1218 3473 1449 3544 ἐναργὲς
1482 3474 1741 3546 παρέχειν
1761 3474 1869 3544 (65)

291 3565 392 3632 τῆς
424 3563 696 3634 ἡμετέρας
725 3565 957 3633 φύσεως
985 3565 1066 3617 ὃτι
1090 3565 1240 3617 οὐδὲν
1272 3565 1496 3633 μόνιμον
1522 3565 1628 3618 τῶν
1661 3565 1870 3637 ἀνθρω-

293 3656 485 3719 πίνων,
515 3655 648 3708 ἀλλά
675 3655 744 3708 τά
770 3657 867 3726 μὲν
907 3658 970 3709 ὲκ
1002 3656 1094 3709 τοῦ
1131 3657 1203 3726 μὴ
1232 3657 1382 3720 ὄντος
1428 3661 1671 3730 πρόεισιν
1712 3663 1791 3724 είς
1812 3661 1872 3713 τὸ

292 3751 518 3811 τέλειον,
554 3749 623 3802 τὰ
646 3749 702 3802 δὲ
738 3749 873 3818 πρὸς
901 3749 999 3819 τὴν
1031 3749 1236 3801 οἰκείαν
1271 3750 1453 3820 ἀκμὴν
1479 3752 1757 3818 φθάσαντα
1781 3757 1872 3807 καὶ

293 3842 357 3892 τὸ
383 3842 677 3911 ἀκρότατον
710 3842 905 3912 μέτρον
935 3841 1140 3894 ἑαυτῶν
1180 3841 1503 3910 αὐξηθέντα,
1536 3843 1694 3897 πάλιν
1756 3848 1873 3905 ταῖς

297 3933 438 3985 κατά
473 3936 664 4004 μικρὸν
705 3934 1023 4005 ὑφαιρέσεσι
1041 3934 1216 4001 φθίνει
1245 3952 1302 3986 τε
1338 3936 1430 3987 καὶ
1469 3936 1754 4000 διόλλυται,
1781 3941 1874 3990 καὶ

299 4025 598 4093 μειούμενα
618 4027 980 4096 καθαιρεῖται.
1020 4027 1180 4078 Ὥστε
1212 4027 1274 4078 ἐκ
1297 4026 1390 4078 τοῦ
1423 4028 1564 4080 κατά
1590 4029 1686 4099 τὴν
1725 4029 1874 4098 σελη-

295 4135 396 4187 νην
425 4117 692 4187 θεάματος
725 4119 1071 4172 παιδεύεσθαι
1112 4121 1256 4190 ἡμᾶς
1278 4119 1346 4171 τὰ
1372 4120 1636 4190 ἡμέτερα,
1662 4123 1755 4174 καὶ
1779 4123 1874 4192 τῆς

295 4210 521 4279 ταχείας
577 4208 684 4261 τῶν
722 4210 1075 4279 ἀνθρωπίνων
1127 4212 1465 4283 περιτροπῆς
1502 4211 1875 4281 λαμϐάνοντας

298 4303 540 4365 ἔννοιαν,
598 4301 670 4372 μὴ
735 4302 875 4372 μέγα
939 4307 1152 4371 φρονεῖν
1216 4307 1335 4366 ταῖς
1400 4304 1722 4376 εὐημερίαις
1781 4306 1874 4358 τοῦ

301 4396 455 4466 βίου,
530 4396 602 4465 μὴ
679 4395 1078 4462 ἐπαγάλλεσθαι
1145 4396 1513 4459 δυναστείαις,
1585 4397 1657 4468 μὴ
1717 4397 1875 4450 ἐπαί-

303 4488 491 4557 ρεσθαι
539 4487 766 4540 πλούτου
821 4487 1127 4558 ἀδηλότητι,
1171 4494 1514 4560 περιφρονεῖν
1541 4491 1640 4560 τῆς
1676 4492 1876 4562 σαρκὸς

378 4625 387 4648 ι

299 4666 366 4739 ἧς
409 4672 468 4723 τὸ
522 4671 724 4739 ἀγαθόν
764 4672 912 4723 ἐστιν
970 4671 1244 4741 ἀκίνητον.
1306 4673 1368 4724 El
1399 4671 1453 4723 δὲ
1507 4672 1665 4725 λυπεῖ
1723 4691 1781 4726 σε
1839 4677 1870 4742 ἡ

303 4762 498 4832 σελήνη
556 4767 674 4827 ταῖς
735 4763 875 4816 κατὰ
930 4764 1121 4835 μικρὸν
1171 4765 1490 4834 ὑφαιρέσεσι
1551 4765 1610 4817 τὸ
1663 4767 1869 4834 φέγγος

301 4855 727 4919 ἐξαναλίσκουσα
761 4873 772 4884 ·
843 4857 1083 4909 λυπείτω
1139 4874 1196 4909 σε
1249 4857 1411 4910 πλέον
1472 4857 1615 4929 ψυχὴ
1675 4860 1872 4932 ἀρετὴν

301 4947 618 5018 κτησαμένη
657 4948 788 5018 (6’8),
821 4951 915 5003 καὶ
941 4949 1027 5003 διά
1051 4950 1377 5019 ἀπροσεξίας
1409 4951 1468 5003 τὸ
1502 4952 1663 5004 καλὸν
1679 4953 1868 5021 ἀφανί-

303 5038 506 5102 ζουσα,
543 5041 634 5092 καὶ
673 5042 940 5112 μηδέποτε
973 5043 1065 5095 ἐπὶ
1106 5042 1205 5113 τῆς
1239 5044 1408 5113 αὐτῆς
1447 5044 1739 5110 διαθέσεως
1776 5048 1869 5115 μέ-

300 5149 497 5196 νουσα,
539 5131 673 5186 ἀλλά
719 5133 897 5188 πυκνά
932 5135 1242 5207 τρεπομένη
1291 5136 1384 5187 καὶ
1430 5137 1868 5209 μεταὸαλλομένη

376 5335 488 5402 (6‘2)
525 5333 657 5407 Reg.
697 5335 918 5402 quintus
947 5337 1076 5407 πρὶν
1111 5337 1204 5390 καὶ
1247 5338 1549 5407 ὑπεροχεῖν.
1585 5338 1736 5392 Colh.
1769 5341 1872 5406 pri-

303 5423 423 5477 mus
472 5406 566 5457 καὶ
611 5406 890 5477 ὑποσχεῖν.
945 5406 1079 5459 Editi
1130 5425 1250 5460 cum
1299 5406 1564 5477 aliquibus
1611 5427 1738 5462 mss.
1785 5413 1876 5462 καὶ

303 5476 616 5600 Ξτόῖἓρσχεῖν.
652 5475 717 5530 Et
759 5476 916 5545 paulo
949 5486 1068 5546 post
1094 5478 1241 5531 Colb.
1288 5475 1557 5534 secundus
1585 5496 1874 5550 συμπεπη-

408 5564 459 5599 α.

303 5563 459 5617 γοντα.

379 5618 487 5688 (65)
520 5617 748 5672 Codices
797 5632 900 5670 non
939 5618 1102 5688 pauci
1138 5618 1230 5670 τοῦ
1269 5620 1484 5672 κύκλου.
1528 5620 1873 5673 Desideratur

309 5687 565 5760 articulus
593 5691 644 5741 in
669 5687 1078 5760 exeusisalnfrra
1104 5705 1228 5741 mss.
1261 5692 1408 5744 inulti
1436 5691 1532 5760 τὴν
1558 5693 1680 5759 γῆν.
1708 5693 1873 5746 Abest

311 5759 565 5813 articulus
592 5761 657 5812 ab
688 5759 866 5812 editis.
893 5759 1130 5812 Subinde
1164 5761 1375 5813 codices
1399 5759 1502 5814 duo
1529 5763 1847 5815 καταλιπεῖν

313 5830 502 5909 Statim
532 5829 782 5910 permulti
817 5844 944 5884 mss.
987 5829 1082 5898 τῆς
1130 5830 1373 5900 σελήνης.
1411 5832 1564 5887 Deest
1609 5835 1870 5889 articulus

315 5917 365 5954 ιιι
400 5915 628 5956 CXCUSIS.

302 4579 431 4648 ιπερὶ
463 4579 528 4650 ἣν
574 4580 607 4649 ἡ
661 4577 976 4643 ἀλλοίωσις,
1025 4579 1402 4649 ἐπιμελεῖσθαι
1450 4581 1503 4632 δὲ
1550 4582 1648 4650 τῆς
1696 4581 1876 4651 ψυχῆς
1910 4563 1951 4615 D

1981 617 2075 670 sed
2119 615 2401 670 confosam
2444 629 2731 684 corporum
2771 613 3001 683 eﬂigiem
3042 613 3392 681 apprehendi.
3445 612 3553 665 Ma-

1981 727 2146 779 gnum
2189 710 2351 780 igitur
2374 717 2456 761 est
2487 707 2768 770 luminare,
2799 707 2952 777 juxta
2993 703 3286 772 Scriptum
3313 704 3554 758 testimo~

1981 799 2156 861 nium,
2194 815 2258 854 ac
2299 796 2510 852 inﬁnito
2545 795 2720 861 majus
2763 813 2923 865 quam
2955 802 3197 864 apparet.

2048 891 2157 964 ϐο
2184 891 2267 946 10.
2314 890 2419 944 Sed
2444 897 2498 942 et
2531 887 2664 944 illud
2698 888 2790 942 tibi
2818 891 3036 943 evidens
3061 887 3131 943 sit
3169 884 3554 953 magnitudinis

1973 986 2208 1054 signum.
2242 981 2503 1049 Quamvis
2555 982 2840 1035 innumera
2872 981 2942 1031 sit
2984 981 3034 1032 in
3078 980 3217 1034 (telo
3268 977 3549 1031 Stellarum

1974 1077 2288 1140 multitudo;
2322 1073 2602 1127 collectum
2655 1073 2890 1139 ipsarum
2921 1070 3096 1122 lumen
3127 1072 3190 1125 ad
3233 1070 3407 1124 noctis
3452 1067 3548 1120 tri-

1971 1169 2175 1222 stitiam
2211 1166 2604 1222 dissolvendam
2635 1179 2738 1218 non
2767 1161 2981 1217 suﬂicit.
3010 1163 3078 1215 At
3108 1163 3276 1216 solum
3309 1164 3432 1217 illud
3472 1163 3552 1216 lu-

1972 1261 2199 1325 minare,
2241 1260 2402 1315 simul
2447 1271 2503 1312 ut
2552 1273 2717 1327 super
2763 1257 3103 1310 horizontem
3151 1265 3397 1320 apparet,
3441 1255 3549 1306 imo

1969 1355 2097 1407 dum
2139 1354 2316 1406 adhuc
2358 1362 2728 1420 exspectatur,
2774 1350 3094 1420 priusquam
3131 1347 3290 1400 etiam
3330 1346 3550 1399 omnino

1969 1460 2129 1513 Supra
2166 1454 2365 1496 terram
2392 1441 2649 1504 emineat,
2684 1449 2735 1490 et
2776 1438 3026 1492 tenebras
3058 1435 3306 1502 dissipat,
3336 1442 3387 1485 et
3420 1429 3547 1484 stel-

1969 1539 2046 1592 las
2087 1538 2371 1608 splendore
2435 1544 2676 1604 superat,
2742 1543 2795 1585 et
2841 1531 3322 1599 circumjacentem
3371 1523 3551 1578 telluri

1966 1647 2146 1686 aerem
2180 1639 2336 1684 antea
2374 1639 2686 1681 concretum
2730 1634 2784 1677 et
2828 1624 3116 1677 densatum
3152 1620 3437 1690 liquefacit
3479 1635 3542 1671 ac

1966 1723 2211 1778 eﬂundit.
2261 1719 2414 1775 Unde
2459 1731 2514 1772 et
2565 1717 2708 1771 venti
2763 1715 3012 1769 matutini
3063 1723 3118 1768 et
3167 1729 3255 1766 res
3305 1716 3356 1766 in
3412 1713 3550 1766 sudo

1972 1829 2171 1869 terram
2221 1813 2626 1870 circumﬂuunt.
2672 1811 2951 1877 Quomodo
2992 1818 3173 1862 autem
3228 1819 3427 1860 terram
3463 1815 3549 1857 to-

1977 1922 2104 1967 tam,
2142 1925 2262 1960 run:
2300 1919 2443 1962 tanta
2481 1908 2586 1969 sit,
2638 1922 2744 1958 uno
2796 1902 3054 1972 temporis
3110 1909 3381 1952 momento
3427 1899 3546 1950 illu-

1975 2018 2155 2056 S‘l':tt‘€.
2189 2012 2395 2071 posset,
2429 2002 2531 2054 nisi
2565 2016 2592 2052 a
2625 2015 2822 2066 magno
2858 1999 2990 2052 orhc
3029 1996 3208 2048 lumen
3241 1992 3550 2046 emitteret?

1976 2095 2070 2147 llic
2131 2095 2299 2157 tilSCC,
2341 2108 2548 2161 quzeso,
2594 2091 2804 2158 opificis
2863 2090 3220 2157 sapientiam,
3275 2085 3548 2154 quomodo

1974 2187 2208 2239 Calorem
2261 2185 2357 2251 ipsi
2404 2184 2633 2238 contulit
2675 2193 2820 2236 tanto
2869 2184 2953 2235 hic
3008 2181 3290 2234 intervallo
3347 2192 3547 2231 convc-

1975 2279 2226 2332 nientem.
2287 2276 2334 2333 Is
2373 2287 2455 2332 est
2500 2278 2642 2331 enim
2689 2276 2857 2346 ipsius
2904 2275 3074 2339 calor,
3119 2283 3174 2325 ut
3219 2287 3391 2339 neque
3421 2285 3547 2338 prn-

1974 2383 2093 2438 ptcr
2136 2371 2467 2424 nimietatem
2525 2369 2718 2421 adurat
2757 2366 3027 2429 tellurem,
3086 2377 3258 2432 neque
3303 2376 3400 2432 per
3457 2360 3549 2413 de-

1973 2465 2169 2518 fectum
2213 2462 2625 2531 perlrigeratam
2683 2460 2832 2512 illam
2880 2458 3334 2523 iuiecundamque
3383 2455 3545 2507 relin-

1971 2566 2118 2623 quat.
2171 2552 2288 2607 Jam
2336 2567 2651 2622 germanum
2695 2552 2948 2620 quiddam
2995 2566 3059 2602 ac
3096 2549 3269 2602 sinule
3313 2549 3395 2600 his
3431 2562 3548 2615 qum

1972 2649 2110 2700 dicta
2150 2657 2295 2707 sunt,
2325 2646 2391 2700 de
2432 2646 2554 2698 luna
2602 2645 2763 2698 etiam
2805 2644 3159 2712 intelligatur.
3190 2642 3283 2694 Est
3310 2641 3452 2694 enim
3492 2647 3544 2692 et

1972 2755 2166 2808 θυι-ρης
2195 2741 2360 2807 ipsius
2389 2755 2666 2810 magnum,
2697 2748 2750 2791 et
2788 2748 2908 2806 post
2947 2737 3117 2791 Solem
3149 2748 3278 2788 sane
3311 2733 3497 2799 Splend
3521 2759 3549 2770 -

1971 2832 2273 2885 dissimum.
2329 2833 2441 2886 Non
2500 2843 2676 2884 tamen
2729 2846 2943 2898 semper
2988 2826 3218 2882 visibilis
3269 2832 3549 2893 permanet

1973 2924 2140 2990 ipsius
2167 2924 2480 2992 magnitudo
2520 2937 2535 2975 :
2576 2923 2668 2976 sed
2719 2935 2860 2974 nunc
2899 2920 3110 2988 quidem
3141 2921 3191 2972 in
3221 2933 3321 2972 suo
3344 2915 3548 2970 circulo

1973 3016 2218 3071 absoluta
2291 3031 2434 3068 nunc
2464 3031 2590 3070 vero
2622 3012 2880 3066 delicieus
2915 3021 3074 3080 atque
3108 3011 3386 3064 imminuta
3415 3021 3542 3061 con-

1971 3112 2218 3180 spicitur,
2261 3121 2315 3164 et
2352 3108 2521 3163 altera
2563 3108 2642 3162 sui
2676 3117 2832 3174 parte
2857 3105 3124 3160 defectum
3157 3102 3413 3155 ostendit.
3455 3099 3543 3151 Et-

1899 3219 1940 3276 ο
1974 3206 2115 3259 cnim
2149 3206 2277 3257 dum
2310 3203 2527 3263 crescit,
2551 3203 2717 3254 altera
2751 3211 2904 3268 parte
2941 3197 3294 3252 obumbratur
3328 3212 3340 3246 :
3379 3193 3544 3247 altera

1972 3311 2105 3349 vero
2164 3294 2307 3347 illius
2367 3309 2491 3361 pars
2556 3303 2800 3361 tempore
2847 3289 3174 3344 decremcnti
3220 3287 3544 3341 occultatur.

1975 3386 2144 3440 Porro
2170 3385 2399 3454 sapienti
2427 3383 2604 3454 opiﬁci
2632 3385 2682 3436 in
2714 3385 2814 3436 hac
2841 3382 2988 3435 varia
3014 3381 3307 3450 ﬁgurarum
3340 3392 3548 3444 permu-

1956 3479 2181 3556 talione
2213 3494 2318 3531 non
2356 3478 2524 3531 defuit
2559 3492 2757 3530 arcana
2796 3476 3040 3544 quzcdam
3074 3470 3232 3525 ratio.
3262 3471 3369 3523 Aut
3402 3472 3543 3522 enim

1976 3573 2026 3627 id
2054 3575 2130 3638 fit,
2157 3583 2213 3626 ut
2235 3571 2388 3625 nobis
2416 3581 2612 3624 nostrzc
2634 3580 2841 3623 natura!
2863 3568 3208 3637 pchpicuum
3234 3565 3538 3630 exemplum

1976 3669 2231 3735 praebeat,
2265 3664 2468 3719 scilicet
2493 3662 2622 3715 nihil
2658 3661 2877 3715 huttmni
2903 3647 3098 3713 stabile
3124 3673 3240 3711 csse
3271 3681 3282 3711 -.
3314 3658 3408 3708 sed
3439 3656 3543 3708 alia

1975 3759 2192 3826 quidem
2217 3772 2338 3826 qua:
2373 3771 2474 3809 non
2510 3755 2866 3816 exsistebant,
2896 3755 2960 3805 ad
3001 3750 3390 3820 perfectionem
3417 3765 3543 3816 pcr-

1976 3850 2138 3901 duci:
2173 3851 2278 3901 alia
2322 3863 2452 3900 vero
2501 3846 2567 3899 ad
2611 3846 2890 3914 proprium
2933 3843 3170 3911 vigorem
3221 3854 3546 3908 progressa,

1977 3953 2358 4006 summumque
2376 3950 2641 3990 mensura:
2662 3936 2896 4002 ipsorum
2920 3934 3310 3986 incrementum
3334 3933 3544 3998 adepta,

1978 4034 2170 4084 iterum
2198 4030 2451 4098 paulatim
2476 4029 2837 4083 decrescendo
2861 4025 3158 4091 corrumpi,
3190 4023 3542 4090 dissolvique,

1977 4136 2026 4179 cl
2064 4125 2348 4179 imminuta
2390 4123 2612 4178 destrui.
2645 4122 2824 4188 Quare
2869 4136 2931 4175 ex
2987 4120 3126 4172 luna:
3178 4129 3398 4185 aspectu
3453 4132 3549 4169 nos

1977 4223 2159 4266 nostra
2205 4214 2521 4274 erudimur,
2571 4223 2629 4264 ut
2670 4211 2901 4265 celerem
2945 4225 3126 4263 rerum
3191 4208 3550 4260 humanarum

1981 4305 2329 4359 mutationem
2409 4305 2813 4373 pcreipientes,
2881 4303 2949 4356 ob
3032 4303 3154 4354 vita:
3232 4301 3549 4353 felicitatem

1980 4417 2084 4452 ttutl
2125 4398 2351 4451 nimium
2401 4398 2556 4451 nobis
2601 4411 2940 4465 arrogemus,
2991 4409 3164 4461 neque
3209 4395 3261 4446 in
3311 4392 3548 4458 potentia

1986 4494 2302 4560 gloriemur,
2350 4507 2524 4560 neque
2579 4489 2891 4543 divitiarum
2942 4490 3146 4542 incerto
3193 4487 3549 4549 attollamur,

1982 4586 2073 4639 sed
2111 4601 2330 4639 carnem
2379 4601 2496 4652 quite
2547 4594 2806 4646 mutatur,
2855 4597 3214 4651 aspernemur
3246 4622 3259 4645 ,
3311 4582 3549 4631 animam

1985 4693 2109 4730 vero
2161 4675 2315 4745 cujus
2356 4677 2634 4730 immotum
2683 4684 2766 4728 est
2813 4676 3034 4736 bonum,
3079 4687 3349 4727 Curemus.
3399 4669 3553 4736 Quod

1977 4771 2019 4822 si
2078 4768 2200 4821 luna
2257 4770 2380 4822 dum
2447 4768 2792 4837 splemlorem
2861 4766 3118 4835 paulatim
3186 4762 3553 4817 decrescendo

1976 4861 2233 4926 absumit,
2281 4859 2372 4912 tibi
2409 4861 2685 4912 tristitiam
2716 4868 2865 4912 creat
2901 4873 2914 4911 :
2949 4858 3131 4911 dolore
3158 4867 3208 4909 te
3240 4857 3443 4924 majore
3473 4858 3552 4907 al-

1979 4954 2122 5005 liciat
2156 4951 2357 5013 anima,
2391 4965 2532 5018 quae,
2563 4960 2848 5017 postquam
2878 4949 3128 5002 virtutem
3158 4958 3404 5001 assecuta
3445 4955 3551 5012 est,

1979 5046 2176 5095 hnnuut
2209 5043 2410 5095 amittit
2436 5043 2505 5096 ob
2545 5041 2948 5110 negligentiam,
2978 5053 3034 5095 et
3067 5055 3341 5109 nunquam
3379 5040 3431 5092 in
3465 5055 3556 5092 ca--

1980 5139 2098 5190 dem
2137 5137 2376 5206 persistit
2418 5136 2722 5202 atIectione,
2765 5137 2859 5192 sed
2913 5135 3229 5206 frequenter
3276 5134 3345 5188 ob
3389 5133 3553 5187 animi

2055 5342 2167 5408 (63)
2200 5342 2348 5396 Colb.
2398 5343 2604 5410 primus
2654 5340 2966 5394 ἐλλιποῦσα.
3021 5339 3216 5394 Statim
3265 5340 3374 5393 duo
3425 5355 3553 5394 mss.

1984 5413 2154 5482 αὐτῆς
2188 5415 2368 5482 μέρος.
2409 5413 2605 5465 lhidem
2637 5412 2769 5474 Reg.
2807 5413 3026 5477 quintus
3047 5427 3169 5464 cum
3201 5410 3320 5463 aliis
3348 5411 3558 5482 duobus

1988 5480 2119 5535 mss.
2156 5480 2598 5553 πρώεικνύουσα.
2643 5483 2782 5535 Editi
2816 5498 2934 5553 cum
2970 5483 3107 5553 Reg.
3132 5492 3248 5553 tert.
3274 5498 3304 5531 ο
3341 5480 3558 5549 προδει-

1985 5555 2174 5632 κνῦσα.
2203 5550 2328 5632 aiax
2363 5557 2492 5632 ltcg.
2532 5564 2717 5606 sextus
2749 5551 3030 5614 σκιάζεται
3053 5550 3414 5632 αὐξανομένη.

2057 5626 2167 5688 (65)
2207 5626 2355 5678 Coth.
2388 5621 2595 5687 primus
2633 5625 2954 5693 παρασχεῖν.
3004 5622 3143 5674 Infra
3179 5621 3310 5690 Reg.
3355 5622 3560 5686 primus

1980 5697 2292 5766 ἁφαιρέτεσι
2324 5696 2516 5764 φθίνει.

2054 5763 2162 5835 (οὐ)
2188 5763 2343 5820 Coll).
2376 5767 2644 5818 secundus
2670 5765 2742 5834 μὴ
2771 5763 3106 5833 κτησαμένη,
3143 5764 3246 5816 Aut
3278 5763 3406 5815 nihil
3467 5767 3559 5816 aut

1982 5855 2167 5906 parum
2199 5839 2382 5901 refert,
2418 5837 2584 5890 addas
2616 5853 2680 5888 an
2713 5842 2963 5891 detrahas
2988 5839 3345 5904 negationem.
