4062 6440
541 390 635 440 “3
1871 383 1906 430 5
1972 379 2075 430 BA!

2179 376 2217 428 ΙΙ
2263 374 2472 426 ΜΑίέΝΙ
3679 367 3792 418 HJ

530 491 943 544 inconstantiam
1000 493 1221 542 Vettilttt'
1281 507 1341 541 ac
1382 502 1638 544 mutatur.
1675 489 1810 543 Vere
1835 492 1996 550 cnim,
2037 506 2065 540 ιι

2197 486 2283 536 διὰ
2328 486 2387 536 τὸ
2434 487 2530 553 τῆς
2573 480 2792 548 γνώμης
2835 481 3133 548 ἀνίδρυτον.
3175 479 3262 550 Τῷ
3301 480 3413 530 ὄντι
3464 480 3603 548 γὰρ,
3641 482 3791 533 κατὰ

519 583 718 634 dictum
748 589 850 642 est,
879 579 1083 633 Stultus
1101 582 1230 630 sic-ut
1258 580 1384 634 lima
1410 589 1640 634 mutatur
1667 578 1731 633 ⁸⁸.
1763 582 1899 646 Quin
1928 580 2074 632 ctiatt

2199 576 2256 627 τὸ
2303 573 2588 644 εἰρημένον
2615 611 2628 634 ,
2674 573 2736 622 ’0
2779 572 2983 638 ἄφρων
3023 572 3101 634 ὡς
3143 568 3375 635 σελήνη
3406 571 3788 626 ἀλλοιοῦται.

518 673 582 722 ad
615 670 870 722 aiiimalia
905 671 1309 734 constituenda,
1358 687 1413 726 et
1443 673 1506 726 ad
1558 687 1644 725 res
1701 685 1926 728 caeteras
1970 687 2075 740 qua

2197 658 2364 732 Οἶμαι
2415 663 2471 715 δὲ
2513 663 2606 716 κα)⁸
2659 663 2724 730 τῇ
2769 662 2878 712 τῶν
2929 658 3083 724 ζώων
3131 663 3480 734 κατασκευῇ,
3531 665 3626 716 καὶ
3666 667 3792 729 τοῖς

513 775 576 813 ex
618 770 759 814 terra
799 773 1098 817 nascuntur
1126 764 1512 830 perliciendas,
1556 763 1697 818 luna-
1731 765 2075 820 mutationen‘

2195 760 2398 822 λοιποῖς
2441 762 2554 822 τοῖς
2589 758 2695 812 ἀπὸ
2737 756 2840 826 γῆς
2888 755 3196 826 φυομένοις,
3249 761 3324 831 μὴ
3369 757 3571 831 μικρὰν
3600 760 3791 831 ὑπάρ-

517 867 622 906 non
667 869 858 922 parum
887 855 1192 909 conducere
1223 857 1485 910 arbitror.
1516 855 1690 910 Aliter
1738 859 1881 910 enim
1909 870 1969 908 ea
1999 857 2094 910 de-

515 956 818 1002 crescente.
847 946 1004 997 aliter
1025 945 1214 998 eadem
1250 948 1592 1000 increscente
1626 947 1933 1002 aﬂiciuntur
1964 962 2087 1000 cor-

517 1050 666 1100 pora.
702 1035 857 1088 Nunc
886 1035 1128 1104 quidem,
1161 1053 1222 1090 ea
1249 1039 1551 1102 desinente,
1600 1053 1720 1091 rara
1756 1041 1887 1092 [inut
1912 1047 1964 1092 et
1997 1053 2089 1090 va-

516 1143 613 1179 t-ua
649 1148 662 1179 :
696 1141 840 1179 nunc
873 1141 1023 1194 vero,
1056 1139 1380 1198 augescente
1406 1138 1460 1182 et
1486 1130 1552 1183 ad
1587 1129 1971 1199 plenitudinem
2020 1128 2091 1183 fe-

514 1219 767 1281 stinante,
788 1218 952 1272 etiam
974 1219 1086 1288 ipsa
1103 1235 1292 1274 rursus
1314 1219 1624 1288 replentur;
1648 1231 1928 1289 propterea
1945 1223 2088 1288 quod

516 1303 796 1357 humorem
835 1309 1126 1375 quemdam
1158 1308 1326 1362 calori
1349 1308 1667 1370 immistum,
1699 1311 1790 1377 qui
1818 1312 1884 1365 ad
1905 1319 2087 1379 partes

515 1409 686 1462 usque
739 1397 1029 1451 interiores
1091 1399 1358 1464 pervenit,
1411 1398 1645 1454 latenter
1675 1401 1780 1472 οι
1819 1403 2082 1456 immittit.

511 1487 565 1537 ΙιΙ
592 1487 874 1541 declarant
903 1499 1015 1543 tum
1041 1490 1103 1554 ii,
1140 1490 1230 1558 qui
1260 1491 1362 1544 sub
1389 1492 1513 1547 luna
1544 1493 1839 1558 dormiunt,
1867 1495 2086 1564 copioso

509 1579 737 1634 humore
779 1583 977 1651 capitis
1011 1598 1201 1636 eorum
1243 1587 1577 1654 capacitates
1628 1587 1929 1654 implente:
1969 1597 2082 1641 tum

506 1688 701 1725 carnes
729 1688 919 1729 recens
951 1685 1177 1738 necatae,
1201 1678 1326 1730 dum
1360 1679 1469 1730 cito
1515 1687 1900 1744 permutantur
1939 1679 2084 1734 luna:

507 1765 778 1819 delluvio:
825 1777 934 1820 tum
967 1769 1281 1822 animalium
1319 1769 1629 1834 cerebrum,
1665 1780 1720 1824 et
1750 1775 2081 1826 marinorum

2200 868 2319 920 χειν
2358 852 2421 902 ἐκ
2449 852 2548 921 τῆς
2575 852 2714 905 κατὰ
2737 850 2834 921 τὴν
2859 850 3089 920 σελήνην
3123 852 3428 922 μεταϐολῆς
3457 852 3558 924 τὴν
3585 852 3786 903 συντέ-

2191 945 2358 996 λειαν.
2399 943 2608 1006 ’Ἄλλως
2637 942 2748 1014 γάρ
2780 940 3074 994 διατίθεται
3115 943 3442 1014 μειουμένης
3463 942 3655 1014 αὑτῆς,
3678 941 3784 992 καὶ

2191 1035 2366 1098 ἄλλως
2411 1035 2718 1106 αὐξομένης
2765 1037 2832 1089 τὰ
2874 1032 3140 1102 σώματα·
3199 1032 3292 1085 νῦν
3344 1037 3443 1104 μὲν
3500 1034 3784 1108 ληγούσης

2190 1129 2358 1202 ἀράιά
2397 1128 2694 1197 γιγνόμενα
2739 1130 2832 1182 καὶ
2878 1126 3038 1190 κενά,
3080 1124 3175 1178 νῦν
3227 1124 3285 1178 δὲ
3335 1126 3642 1201 αὐξομένης
3679 1127 3782 1181 καὶ

2193 1223 2324 1293 πρὸς
2371 1221 2430 1274 τὸ
2475 1219 2679 1290 πλῆρες
2732 1219 3094 1292 ἐπειγομένης
3144 1217 3240 1269 καὶ
3279 1216 3420 1270 αὑτά
3463 1221 3622 1275 πάλιν
3657 1217 3778 1290 (67)

2190 1311 2684 1382 ἀναπληρούμενα·
2717 1310 2854 1364 διὸτι
2886 1308 3163 1383 ὑγρότητα
3189 1324 3310 1361 τινα
3355 1307 3650 1384 θερμότητι
3683 1329 3781 1364 κε-

2189 1406 2466 1476 κραμένην
2494 1404 2587 1454 ἐπὶ
2617 1402 2678 1454 τὸ
2703 1400 2867 1470 βάθος
2896 1403 3206 1470 φθάνουσαν
3236 1397 3538 1470 λεληθότως
3570 1403 3772 1471 ἐνίησι.

2187 1496 2413 1569 Δηλοῦσι
2449 1495 2505 1547 δὲ
2543 1495 2592 1547 οἱ
2637 1492 2989 1558 καθεύδοντες
3031 1494 3136 1547 ὑπὸ
3179 1492 3432 1564 σελήνην,
3473 1491 3780 1565 ὑγρότητος

2187 1588 2448 1660 περισσῆς
2477 1586 2577 1649 τὰς
2601 1588 2697 1657 τῆς
2722 1585 2963 1654 κεφαλῆς
2993 1588 3336 1659 εὐρυχωρίας
3370 1583 3737 1656 πληρούμενοι
3757 1606 3773 1618 ·

2185 1683 2277 1734 καὶ
2322 1680 2390 1732 τά
2445 1677 2720 1748 νεοσφαγῆ
2775 1677 2882 1730 τῶν
2940 1679 3118 1749 κρεῶν
3164 1681 3301 1750 ταχὺ
3341 1677 3654 1750 τρεπόμενα
3699 1681 3773 1748 τῇ

2185 1769 2455 1841 προσϐολῇ
2485 1771 2584 1840 τῆς
2607 1770 2834 1840 σελήνης
2849 1786 2860 1797 ⁶
2901 1769 2995 1822 καὶ
3020 1769 3176 1833 ζώων
3197 1771 3514 1841 ἐγκέφαλοι,
3539 1768 3634 1822 καὶ
3659 1767 3774 1820 τῶν

509 1858 822 1911 animalium
868 1861 1262 1926 Itutnidissima,
1290 1870 1346 1914 et
1372 1861 1628 1915 arborum
1662 1863 1924 1918 lliCdtIlltB.
1953 1863 2075 1930 Qun:

2184 1862 2484 1916 θαλαττίων
2521 1863 2590 1915 τά
2619 1862 2912 1933 ὑγρότατα,
2940 1860 3035 1914 καλ⁸
3063 1863 3120 1914 αί
3142 1863 3250 1915 τῶν
3268 1863 3499 1934 δένδρων
3515 1860 3775 1932 ἑντεριῶ-

506 1963 636 2002 sane
667 1951 846 2002 omnia
879 1951 1176 2005 mutatione
1218 1967 1315 2006 sua
1355 1964 1690 2008 connnntare
1733 1968 1839 2008 non
1873 1969 2078 2023 posset,

507 2044 631 2105 nisi,
661 2045 813 2110 juxta
840 2043 1138 2112 Scriptura:
1169 2047 1557 2113 testimonium,
1585 2051 1635 2102 ei
1683 2049 1888 2107 inesset
1922 2056 2079 2123 quid-

507 2133 649 2193 piam
676 2134 889 2202 ingens,
924 2149 985 2188 ac
1023 2135 1228 2191 viribus
1254 2136 1597 2205 praepollens.

581 2225 666 2277 Η.
727 2225 831 2279 Sed
869 2237 921 2281 et
950 2243 1070 2296 quae
1101 2229 1214 2282 aeri
1266 2231 1521 2288 accidunt
1568 2233 1927 2302 aﬂ‘ectiones,
1956 2253 2075 2291 cum

501 2293 642 2369 iuna:
685 2319 1076 2374 mutationibus
1105 2323 1475 2393 consentiunt,
1507 2328 1652 2382 velut
1685 2338 1950 2384 testantur
1981 2346 2078 2382 no-

506 2407 586 2460 bis
621 2416 674 2461 et
702 2411 997 2476 repentina:
1032 2415 1496 2483 perturbationes,
1522 2433 1642 2486 qua:
1674 2418 1802 2470 dum
1835 2419 2078 2485 nascitur

503 2503 648 2561 tuna,
683 2503 914 2556 nubibus
945 2507 1240 2574 exagitatis
1279 2523 1342 2562 ac
1375 2510 1478 2563 sibi
1504 2508 1737 2564 invicem
1775 2525 2075 2565 occurren-

503 2591 664 2657 tibus,
699 2607 841 2662 saepe
868 2605 989 2662 post
1013 2599 1462 2666 tranquillitatem
1497 2611 1894 2671 ventoruque
1917 2602 2075 2656 silen-

504 2688 634 2739 tium
679 2687 1001 2741 exoriuntur
1037 2706 1051 2741 :
1095 2689 1246 2756 item,
1307 2692 1626 2761 euriporum
1663 2693 1951 2760 reﬂuxus;
2013 2712 2076 2750 ac

503 2780 690 2846 maris,
714 2783 855 2848 quod
876 2791 1099 2838 vocatur
1137 2782 1408 2851 Oceanus,
1447 2796 1613 2842 estus
1637 2789 1919 2858 reciproci,
1942 2805 2078 2859 quos

501 2885 819 2937 repererunt
866 2876 1065 2931 accola:
1118 2879 1570 2934 conversionibus
1635 2881 1776 2934 luna:
1825 2883 2076 2935 ordinate

502 2965 844 3023 respondere.
874 2966 1011 3021 Nam
1041 2970 1216 3036 euripi
1243 2971 1386 3022 inter
1417 2969 1658 3036 reliquas
1696 2972 1837 3025 luna:
1867 2974 2073 3041 lignras

499 3053 720 3111 ctilunnt
748 3058 802 3113 in
829 3068 1118 3128 utramque
1142 3070 1351 3131 partem
1379 3079 1393 3114 :
1429 3063 1521 3116 sed
1551 3073 1706 3117 ortus
1739 3063 1911 3132 ipsius
1937 3074 2071 3117 tem--

2184 1975 2288 2010 ναι.
2333 1957 2400 2008 Ἀ
2437 1955 2616 2007 πάντα
2645 1954 2746 2006 οὑκ
2769 1951 2834 2005 ἂν
2859 1950 3127 2023 ἐξήρκεσε
3154 1953 3220 2022 τῇ
3255 1953 3457 2023 ἑαυτῆς
3485 1950 3774 2006 ἀλλοιώσει

2184 2047 2582 2119 συμμεθιστςμ,
2633 2048 2682 2100 εἰ
2735 2046 2812 2118 μὴ
2846 2044 3124 2117 ὑπερφυές
3167 2060 3221 2097 τι
3259 2040 3327 2116 ἦν
3361 2046 3455 2099 καὶ
3500 2045 3774 2118 ὑπερέχον

2178 2142 2406 2212 δυνάμει
2436 2142 2576 2196 κατά
2604 2141 2703 2212 τὴν
2732 2140 2830 2212 τῆς
2866 2139 3092 2210 Γραφῆς
3121 2139 3446 2210 μαρτυρίαν.

2252 2235 2337 2290 Η.
2374 2236 2483 2288 Καὶ
2504 2232 2572 2286 τά
2599 2233 2726 2302 περὶ
2757 2231 2849 2285 τὸν
2874 2231 3012 2302 ἀέρα
3037 2231 3094 2284 δὲ
3117 2230 3265 2298 πάθη
3289 2233 3411 2292 ταῖς
3441 2229 3770 2300 μεταϐολαῖς

2178 2328 2382 2398 ταύτης
2426 2323 2856 2388 συνδιατίθεται,
2904 2323 2980 2384 ὡς
3017 2319 3388 2392 μαρτυροῦσιν
3421 2323 3553 2392 ἡμῖν
3595 2321 3657 2374 αῖ
3701 2339 3765 2374 τε

2180 2420 2319 2473 κατὰ
2343 2419 2441 2487 τὴν
2473 2415 2772 2487 νουμηνίαν
2809 2413 3068 2477 πολλάκις
3118 2413 3227 2467 άπὸ
3260 2413 3502 2485 γαλήνης
3531 2413 3626 2466 καὶ
3662 2431 3764 2486 νη-

2177 2514 2370 2583 νεμίας
2413 2510 2670 2580 αίφνίδιοι
2711 2511 2972 2584 ταραχαὶ,
3018 2508 3199 2578 νεφῶν
3246 2508 3621 2579 κλονουμένων
3667 2513 3770 2561 καί⁵

2179 2605 2600 2677 συμπιπτόντων
2630 2602 2904 2674 ἀλλήλοις,
2946 2601 3041 2655 καὶ
3081 2602 3140 2654 αἱ
3173 2601 3302 2673 περὶ
3331 2600 3459 2664 τοὺς
3501 2599 3765 2672 εὑρίπους

2177 2699 2514 2771 παλίρῤοιαι,
2562 2699 2655 2751 καὶ
2694 2699 2728 2768 ἡ
2770 2695 2899 2768 περὶ
2924 2696 3016 2749 τὸν
3051 2694 3164 2767 (68)
3197 2693 3488 2766 λεγόμενον
3516 2693 3766 2747 ὠκεανὸν

2177 2794 2451 2862 ἄμπωτις,
2501 2792 2568 2862 ἢν
2609 2793 2734 2852 ταῖς
2769 2788 3038 2859 περιόδοις
3073 2788 3173 2860 τῆς
3217 2787 3445 2858 σελήνης
3490 2784 3766 2855 τεταγμέ-

2176 2903 2280 2948 νως
2307 2885 2579 2956 ἑπομένην
2611 2881 2833 2949 ἐξεῦρον
2867 2884 2916 2935 oi
2959 2879 3398 2948 προσοικοῦντες.
3423 2880 3487 2932 Οἱ
3522 2879 3619 2949 μὲν
3651 2877 3765 2946 γάρ

2175 2977 2390 3046 εὔριποι
2444 2974 2835 3046 μεταρῤέουσιν
2883 2975 2966 3041 ἐφ’
3015 2973 3250 3042 ἑκάτερα
3302 2971 3441 3024 κατά
3484 2970 3553 3022 τά
3599 2969 3764 3022 λοιπὰ

2175 3075 2428 3142 σχήματα
2477 3070 2576 3140 τῆς
2621 3070 2878 3140 σελήνης·
2927 3071 2985 3121 ἐν
3029 3069 3086 3121 δὲ
3133 3066 3212 3138 τῷ
3257 3066 3436 3137 καιρῴ
3471 3067 3571 3138 τῆς
3604 3066 3764 3134 γενέ-

499 3163 650 3216 pore,
678 3164 744 3205 ne
773 3152 1096 3208 brevissimo
1127 3153 1348 3223 quidem
1395 3162 1666 3210 momento
1729 3155 2026 3225 quiescunt
2054 3195 2068 3219 ,

2180 3181 2315 3226 σεως
2355 3163 2464 3234 (69)
2506 3161 2628 3216 οὑδὲ
2673 3163 2735 3215 τὸ
2777 3161 3114 3233 βραχύτατον
3143 3159 3495 3232 ἀτρεμοῦσιν,
3544 3159 3661 3214 ἀλλ’
3701 3162 3763 3214 ἐν

500 3243 593 3298 sed
621 3245 674 3298 in
705 3246 1024 3316 agitatione,
1054 3256 1218 3317 atque
1249 3247 1303 3300 in
1330 3248 1588 3302 continua
1627 3247 1918 3303 libratione
1951 3264 2072 3319 per-

500 3353 771 3406 severant,
790 3343 961 3397 donec
996 3357 1186 3397 rursus
1210 3357 1479 3412 apparens
1516 3343 1640 3398 huic
1660 3344 2074 3414 reciprocationi

499 3433 750 3489 ordinem
797 3434 1031 3503 aliquem
1078 3436 1289 3490 dederit
1365 3425 1666 3490 Occiduum
1713 3447 1893 3491 autem
1928 3451 2078 3492 mare

499 3527 723 3580 aestibus
755 3529 1052 3597 reciprocis
1077 3529 1370 3583 obnoxium
1411 3540 1512 3595 est,
1545 3545 1688 3584 nunc
1735 3531 1954 3599 quidem
1991 3544 2076 3586 re-

504 3626 744 3681 vertens.
776 3635 921 3674 nunc
970 3635 1098 3675 vero
1152 3632 1519 3691 restagnans:
1577 3623 1732 3688 quasi
1778 3632 2074 3677 retrorsum

498 3708 916 3763 subtraheretur
940 3709 1080 3764 lunae
1105 3712 1576 3780 respirationibus,
1605 3727 1667 3764 ac
1688 3713 1883 3765 iterum
1910 3715 2076 3780 ipsius

497 3801 957 3871 exspirationibus
987 3804 1054 3858 ad
1095 3803 1370 3873 propriam
1423 3818 1734 3861 mensuram
1770 3804 2074 3873 impellere—

503 3907 606 3947 Ittl‘.
647 3894 775 3950 Haec
803 3912 833 3950 a
873 3911 959 3951 me
993 3897 1135 3951 dicta
1169 3905 1312 3956 sunt.
1355 3905 1414 3948 ut
1448 3895 1800 3949 Iuminarium
1848 3899 2072 3952 demon-

505 3997 776 4044 straretur
809 3991 1154 4059 magnitudo,
1191 4000 1356 4058 utque
1382 4000 1662 4044 constaret
1700 3991 1752 4044 in
1789 3993 1966 4046 verbis
1987 3993 2069 4046 di-

495 4079 700 4134 vinitus
745 4081 1026 4149 inspiratis
1063 4097 1132 4135 ne
1169 4081 1334 4135 ullam
1373 4082 1593 4151 quidem
1638 4083 1900 4152 syllabam
1952 4098 2074 4139 esse

493 4171 723 4226 otiosam
756 4191 769 4226 :
801 4188 1110 4242 quanquam
1145 4173 1260 4229 fere
1289 4175 1632 4228 nihileorum
1676 4191 1794 4243 qua:
1818 4180 2071 4232 momenti

493 4263 724 4334 alicujus
749 4275 876 4318 sunt
914 4280 978 4319 ac
1028 4265 1415 4335 principaliora
1442 4307 1458 4330 ,
1508 4268 1684 4322 oratio
1720 4279 1904 4322 nostra
1947 4270 2072 4323 atti-

493 4359 570 4426 git
605 4376 616 4410 :
656 4357 804 4425 plura
832 4372 1065 4427 namque
1092 4359 1159 4412 de
1183 4358 1579 4426 magnitudine,
1597 4359 1770 4428 deque
1799 4361 2070 4414 distantiis

495 4448 628 4503 solis
659 4462 723 4502 ac
753 4447 894 4502 luna:
922 4447 1300 4502 ratiocinando
1335 4448 1649 4515 excogitare
1689 4449 1912 4515 poterit,
1973 4450 2065 4515 qui

2182 3257 2327 3328 σάλῳ
2367 3257 2461 3310 καὶ
2511 3254 2849 3308 ταλαντώσει
2897 3253 3137 3325 διηνεκεῖ
3185 3251 3609 3324 καθεστήκασιν,
3655 3251 3762 3314 ἕως

2180 3349 2265 3415 ἂν,
2302 3351 2595 3419 ὲκφανεῖσα
2635 3346 2828 3412 πάλιν,
2862 3344 3184 3400 ἀκολουθίαν
3213 3344 3335 3400 τινά
3366 3347 3430 3416 τῇ
3468 3343 3762 3414 παλιρροία

2181 3442 2550 3514 παράσχηται.
2600 3440 2665 3493 Ἠ
2702 3439 2761 3493 δὲ
2803 3440 3044 3510 ἑσπερίαζ
3066 3439 3313 3494 θάλασσα
3343 3437 3442 3501 τάς
3475 3436 3760 3507 ἀμπώτεις

2183 3536 2492 3606 ὑφίσταται,
2526 3533 2620 3586 νῦν
2659 3534 2758 3604 μὲν
2787 3531 3160 3587 ὑτιονοστοῦσα
3194 3530 3329 3602 (70),
3366 3528 3525 3583 πάλιν
3550 3527 3608 3579 δὲ
3638 3529 3760 3578 επι-

2181 3627 2468 3692 κλύξουσα,
2493 3625 2681 3698 ὥσπερ
2707 3627 3002 3689 ἀναπνοαῖς
3029 3625 3131 3693 τῆς
3155 3624 3382 3693 σελήνης
3414 3618 3754 3689 ὑφελκομένη

2180 3720 2314 3789 πρὸς
2345 3720 2408 3772 τὸ
2428 3719 2622 3781 ὀπίσω,
2663 3719 2757 3771 καὶ
2783 3716 2944 3769 πάλιν
2972 3716 3092 3776 ταῖς
3123 3713 3217 3764 ἀπ’
3252 3711 3421 3781 αὐτῆς
3455 3708 3757 3771 ἓκπνοίαις,

2177 3809 2255 3867 είς
2275 3807 2334 3858 τὸ
2360 3807 2559 3857 οἰκεῖον
2593 3805 2792 3874 μέτρον
2823 3800 3236 3874 προωθουμένη.
3267 3799 3450 3854 Ταῦτά
3474 3817 3563 3870 μοι
3605 3800 3758 3870 εἴρη-

2175 3916 2261 3952 ται
2291 3897 2428 3970 πρὸς
2459 3895 2736 3960 ἀπόδειξιν
2774 3895 2869 3949 τοῦ
2913 3895 3056 3950 κατά
3087 3895 3214 3958 τοὺς
3249 3893 3542 3964 φωστῆρας
3591 3893 3755 3962 μεγέ-

2177 3991 2322 4056 θους,
2364 3989 2460 4043 καὶ
2494 3989 2755 4044 σύστασιν
2780 3987 2875 4042 τοῦ
2916 3988 3050 4060 μηδὲ
3085 3988 3249 4060 μέχρι
3283 3986 3550 4057 συλλαὸῆς
3583 3986 3757 4056 ἀργόν

2179 4102 2228 4137 τι
2257 4080 2396 4138 εἶναι
2419 4083 2528 4138 τῶν
2563 4082 2934 4137 θεοπνεύστων
2971 4082 3264 4153 ῥημάτων·
3309 4081 3487 4134 καίτοι
3511 4097 3575 4149 γε
3605 4080 3756 4133 οὑδε-

2181 4181 2264 4246 νὸς
2303 4179 2478 4252 ἥψατο
2515 4181 2698 4250 σχεδὸν
2734 4179 2844 4232 τῶν
2874 4179 3103 4249 καιρίων
3142 4180 3170 4231 ό
3199 4179 3386 4247 λόγος’
3430 4177 3603 4230 πολλά
3643 4177 3757 4248 γὰρ

2178 4274 2302 4346 περὶ
2341 4272 2586 4343 μεγεθῶν
2624 4273 2716 4326 καὶ
2753 4273 3156 4341 ἀποστημάτων
3198 4271 3349 4342 ήλίου
3394 4271 3487 4324 καὶ
3527 4269 3754 4340 σελήνης

2175 4368 2320 4418 ἔστιν
2361 4365 2601 4435 ἐξευρεῖν
2639 4367 2748 4426 τοῖς
2793 4363 3074 4432 λογισμοῖς
3099 4363 3190 4415 τὸν
3221 4361 3295 4433 μὴ
3327 4361 3622 4432 παρέργοις
3653 4359 3755 4421 τάς

2173 4457 2451 4530 ἐνεργείας
2497 4455 2675 4510 αὐτῶν
2729 4456 2822 4508 καὶ
2872 4456 2971 4519 τάς
3022 4455 3277 4526 δυνάμεις
3318 4452 3749 4522 ἐπεσκεμμένον.

495 4543 603 4595 vim
627 4550 683 4595 et
707 4541 962 4596 virtutem
994 4555 1184 4595 eorum
1212 4540 1353 4594 haud
1375 4539 1751 4609 perfunctorie
1795 4542 2068 4608 expende-

2179 4551 2546 4621 Εὑγνωμόνως
2571 4545 2664 4602 οὖν
2708 4549 2789 4602 δεῖ
2819 4551 3148 4620 κατηγορεῖν
3189 4550 3333 4618 ἡμᾶς
3368 4546 3480 4613 (Ἠ)
3510 4547 3611 4616 τῆς
3633 4545 3753 4598 ἑαυ-

498 4635 586 4688 rit.
616 4634 798 4704 Itaque
850 4636 1082 4702 ingenue
1117 4633 1429 4689 accusanda
1473 4641 1558 4687 est
1601 4642 1786 4688 nostra
1823 4633 2063 4702 ipsorum

2179 4641 2280 4695 τῶν
2297 4640 2598 4701 ἀσθενείας,
2632 4638 2718 4693 ἵνα
2736 4638 2808 4708 μὴ
2829 4637 2907 4708 τῷ
2925 4639 3178 4709 ἡμετέρῳ
3192 4637 3334 4705 λόγῳ
3357 4635 3619 4706 μετρῆται
3636 4632 3752 4706 (72)

495 4727 861 4792 imbecillitas,
892 4745 959 4785 ne
1011 4728 1138 4797 quis
1175 4726 1393 4796 opilicia
1434 4725 1672 4780 maxima
1714 4727 1912 4781 nostris
1947 4740 2066 4779 ver-

559 4863 604 4893 ⁸⁸
641 4861 804 4916 Eccli.
830 4877 995 4926 xxvii,
1039 4865 1126 4915 12.

563 4951 674 5022 (67)
705 4951 818 5005 Duo
847 4967 976 5007 mss.
1009 4956 1100 5006 καὶ
1127 4954 1300 5008 ταῦτα
1359 4955 1538 5008 πάλιν.
1579 4952 1724 5006 Infra
1754 4953 1886 5023 Reg.
1916 4957 2073 5022 quin-

490 5036 579 5096 tns
596 5023 937 5096 εὑρυχωρίας
965 5025 1068 5094 πλη
1078 5025 1385 5096 ρουμένης.⁹

561 5092 812 5165 (68))112,
839 5096 934 5145 καὶ
964 5096 997 5163 η
1023 5092 1148 5165 περὶ
1172 5092 1438 5159 τόν,ἐιε.,
1458 5095 1538 5150 sic
1555 5095 1792 5164 explicat
1812 5095 1950 5150 idem
1984 5097 2072 5150 ille

490 5163 643 5236 cujus
666 5163 782 5236 jam
815 5163 1141 5236 mentionem
1167 5165 1391 5236 iecimus
1412 5163 1669 5236 librarius
1699 5184 1712 5219 :
1743 5167 2071 5236 τικτομένης

489 5234 724 5306 γάρᾷτῆς
771 5231 1020 5306 σελήνης,
1050 5235 1114 5306 ἐν
1168 5235 1373 5306 ἐκείνῳ
1390 5234 1468 5304 τῷ
1509 5235 1658 5306 τόπῳ
1699 5237 1793 5289 τοῦ
1830 5231 2070 5290 ὠκεανοῦ

488 5303 868 5386 ἀποδιίσταται
898 5303 965 5356 τι
1007 5303 1387 5386 κῦμαηκαιή
1413 5303 1485 5386 γῇ
1527 5303 1746 5386 φαίνετε
1795 5308 1918 5386 (sic,
1960 5324 2070 5386 ‘pro

492 5373 786 5440 φαίνεται),
827 5366 959 5428 Cum
1007 5366 1145 5430 enim
1169 5366 1316 5430 ⁷ίιιιιίι
1345 5366 1505 5443 parii,
1530 5366 1584 5429 in
1609 5376 1701 5428 illo
1727 5366 1914 5431 oceani
1952 5366 2064 5430 loco

492 5455 693 5511 separat
714 5447 933 5508 undam,
959 5458 1003 5498 et
1021 5457 1160 5500 terra
1188 5458 1421 5512 apparet.

563 5512 673 5584 (69)
725 5514 904 5570 Editio
947 5516 1117 5585 Paris.
1179 5516 1443 5584 γενέσεως
1499 5517 1690 5585 αὑτῆς.
1752 5516 1910 5572 Deest
1963 5517 2060 5570 αὑ-

491 5585 588 5654 τῆς
645 5587 696 5636 in
743 5585 978 5658 editione
1019 5584 1182 5640 Basil.
1213 5597 1265 5642 et
1299 5589 1350 5640 in
1395 5587 1577 5658 nmltis
1607 5584 1738 5641 mss.
1775 5588 1890 5658 Mox
1930 5587 2056 5658 Reg.

491 5666 677 5708 sextus
703 5654 846 5723 σάλῳ
873 5656 966 5707 καὶ
991 5660 1198 5728 ταραχῇ
1235 5658 1490 5727 διηνεκεῖ.
1523 5657 1680 5721 Illud,
1711 5654 2059 5719 ταλαντώσεί,

492 5735 874 5808 interpretatur
921 5729 1166 5783 laudatus
1206 5733 1311 5797 jam
1348 5729 1596 5784 librarius
1639 5744 1723 5798 pet
1767 5745 1940 5784 '.(‘-'.‘Cm
1980 5749 2059 5782 γε·

489 5810 663 5866 νησει.

2176 4733 2283 4787 τῶν
2333 4729 2827 4802 δημιουργημάτων
2865 4729 2934 4781 τά
2988 4729 3238 4798 μέγιστα,
3287 4727 3422 4780 ἀλλὰ
3457 4726 3516 4794 ἐξ
3553 4726 3752 4795 ὀλίγων

2245 4953 2356 5024 (70)
2381 4953 2491 5005 Duo
2524 4969 2654 5024 mss.
2680 4951 3074 5024 dnovoaroﬁoa.
3090 4949 3284 5006 Statim
3308 4952 3523 5008 codices
3546 4953 3752 5024 aliquot

2172 5028 2360 5095 ὥσπερ
2413 5023 2754 5088 ἀναπνοίαις.
2793 5025 2896 5077 Alii
2951 5023 3175 5095 quidam
3228 5038 3357 5095 mss.
3421 5037 3542 5095 eum
3589 5023 3750 5077 editis

2172 5092 2490 5156 ἀναπνοαῖς.
2555 5096 2795 5148 Subinde
2830 5094 2996 5148 editio
3060 5093 3249 5156 Basil.,
3308 5092 3470 5148 Colsl.
3523 5103 3750 5156 uterque

2170 5180 2223 5221 et
2280 5167 2369 5218 alii
2410 5166 2650 5234 quinque
2702 5179 2828 5218 mss.
2863 5163 3170 5234 ὲμπνοίαις.
3227 5164 3404 5234 Editio
3452 5163 3622 5216 Paris.
3655 5165 3738 5216 ὲκ-

2171 5233 2437 5298 πνοίαιςζ
2471 5234 2595 5289 ΙΙωο
2641 5235 2778 5288 luna:
2845 5233 3129 5302 respiratio
3186 5233 3517 5303 philosOpltis
3578 5234 3744 5288 nostri

2171 5306 2428 5373 tmuporis
2463 5322 2565 5357 non
2595 5308 2788 5372 placet.
2821 5303 3019 5358 Putant
3053 5305 3267 5373 quidem
3310 5314 3475 5358 aestus
3506 5303 3746 5373 reciprns

2165 5371 2484 5431 cationetna
2523 5371 2642 5427 luna
2671 5386 2926 5441 tanquam
2958 5391 2986 5426 a
3015 5371 3177 5428 causa
3208 5374 3473 5442 pendere:
3509 5371 3602 5426 sed
3636 5387 3748 5425 rem

2168 5450 2324 5514 longe
2365 5446 2520 5498 aliter
2552 5446 2846 5512 expliczint.
2873 5445 3107 5499 Possunt
3140 5459 3326 5499 eorum
3358 5443 3477 5497 libri
3519 5458 3549 5495 a
3578 5444 3751 5496 curio-

2165 5522 2237 5572 sis
2261 5517 2379 5572 legi.

2239 5559 2551 5654 (:i’fl'Editio
2592 5585 2757 5639 Basil.
2802 5599 2925 5638 cum
2978 5583 3128 5654 Bodl.
3164 5592 3363 5636 etcum
3391 5581 3574 5635 multis
3623 5581 3747 5635 aliis

2171 5675 2299 5712 mss.
2332 5658 2650 5726 κατηγορεῖν
2683 5656 2849 5723 ἡμᾶς.
2879 5655 3052 5710 Editio
3077 5653 3246 5709 Paris.
3281 5667 3373 5721 per
3401 5655 3745 5707 oscitantiam

2174 5744 2214 5783 l\
2232 5731 2626 5791 nngraphorum
2663 5728 2824 5794 ὑμᾶς.

2255 5799 2356 5851 172)
2391 5797 2462 5851 ltzt
2515 5813 2636 5849 ntus,
2675 5792 2723 5850 rt
2750 5807 2974 5863 utraque
3013 5805 3190 5850 nostra
3222 5794 3402 5850 editio.
3431 5792 3607 5859 Quare
3641 5809 3744 5850 non
