4062 6452
320 394 427 447 145

1414 393 1701 449 HOMILIA
1751 394 1814 449 Vl
1856 393 1920 447 IN
1965 393 2459 450 IIEXAEMERON.

3478 398 3573 454 ut

312 506 428 559 τῶν
480 506 787 577 είρημένων
829 510 958 578 παρ’
996 507 1209 570 ἑαυτοῖς
1260 507 1700 576 ἀναλογίζεσθαι,
1764 510 1880 561 πόσι

2015 508 2098 563 bis
2139 510 2432 564 metiatur:
2470 512 2563 566 sed
2592 526 2653 567 ex
2698 512 2886 583 paucis
2936 525 3055 583 quae
3099 508 3415 575 retulimus,
3452 521 3581 581 quot

312 600 440 653 τινά
464 601 578 653 ἐστι
612 604 705 655 καὶ
730 601 937 670 πηλίκα
975 601 1042 652 τά
1078 601 1403 671 παρεθέντα.
1436 600 1527 671 Μὴ
1557 600 1737 653 τοίνυν
1764 601 1880 673 μηδὲ

2009 611 2063 655 et
2089 610 2291 671 quanta
2331 602 2440 654 sint
2465 616 2529 656 ea
2571 619 2689 673 qua:
2734 605 2936 658 omissa
2985 604 3165 670 l‘ucre,
3196 604 3336 672 apud
3366 619 3466 659 vos
3497 622 3583 658 re-

314 691 545 766 σελήνην
562 692 826 763 ὀφθαλμῷ
861 694 1158 765 μετρήσῃς,
1189 692 1325 747 ἀλλά
1353 691 1620 762 λογισμῷ.
1639 691 1697 755 ὃς
1724 692 1880 763 πολλῆ

2009 702 2202 761 putare
2227 692 2460 747 debetis.
2486 689 2566 747 Ne
2596 694 2760 764 igitur
2786 692 2945 750 oculo
2972 695 3153 749 lunam
3192 694 3440 757 metiare,
3485 694 3580 748 sed

312 783 424 837 τῶν
454 784 748 855 ὀφθαλμῶν
777 783 1164 856 ἀκριϐέστερός
1196 788 1313 838 ὲστι
1340 782 1475 853 πρὸς
1522 781 1777 851 ἀληθείας
1811 783 1900 836 εὖ·

2011 787 2244 851 ratione,
2276 800 2397 855 qua:
2418 786 2486 841 ad
2509 786 2884 843 inveniendam
2903 786 3188 841 veritatem
3222 787 3394 844 oculis
3423 786 3582 854 longe

314 893 486 949 ρεσιν.
517 874 693 929 Μῦθοί
722 893 866 941 τινες
905 878 1302 946 καταγέλαστοι
1350 874 1453 927 ὐπὸ
1490 873 1751 945 γραῖδίων
1799 893 1880 929 κω

2005 876 2316 931 accuratior
2348 884 2429 929 est
2465 890 2529 931 ac
2554 877 2778 930 certior.
2808 874 3070 932 Ridiculae
3108 877 3353 945 quadam
3382 876 3581 931 fabulae

312 967 691 1037 θωνιζομένων
731 967 1213 1041 παραληρούμὲνοι
1242 966 1517 1037 πανταχοῦ
1560 967 1894 1041 διεδόθησαν,

2006 968 2074 1021 ab
2112 966 2345 1021 aniculis
2383 965 2690 1022 temulentis
2722 966 3043 1035 insipienter
3070 964 3337 1029 confit-tte,
3376 967 3576 1031 ubique

310 1064 393 1115 ὅτι
428 1063 787 1130 μαγγανείαις
812 1064 924 1115 τισὶ
949 1062 1048 1131 τῆς
1085 1061 1293 1124 οίκείας
1320 1062 1483 1133 ἕδρας
1504 1063 1880 1133 ἀποκινηθεῖσε

2002 1056 2337 1126 pervulgata:
2369 1068 2518 1123 sunt,
2546 1056 2690 1127 quod
2714 1056 2840 1111 luna
2866 1055 3322 1112 incantationibus
3344 1055 3573 1124 quibus-

313 1150 511 1223 σελήνη
549 1154 685 1223 πρὸς
714 1153 817 1221 γῆν
848 1151 1240 1222 καταφέρεται.
1277 1152 1401 1217 Πῶς
1435 1155 1534 1225 μὲν
1561 1152 1653 1207 οὖν
1684 1154 1895 1223 κινήσει

313 1236 526 1313 γοήτων
561 1242 787 1313 ἐπαοιδὴ
808 1284 821 1307 ,
860 1242 923 1312 ἣν
960 1244 1123 1307 αὐτὸς
1149 1243 1511 1316 ὲθεμελίωσεν
1544 1249 1573 1298 ὁ
1597 1244 1891 1313 ”Υψιστος;

313 1334 473 1397 Ιιοῖος
510 1334 554 1385 δ’
584 1332 650 1386 ἂν
689 1334 781 1385 καὶ
825 1334 986 1399 τόπος
1039 1337 1517 1391 κατασπασοεῖσαν
1561 1334 1729 1407 αὐτὴν
1789 1336 1894 1387 ὐπ-

306 1428 577 1492 εδέξατολ
602 1426 789 1481 Βούλει
836 1430 944 1483 ἀπὸ
969 1430 1182 1503 μικρῶν
1214 1429 1529 1501 τεκμηρίων
1562 1428 1748 1483 λαϐεῖν
1797 1429 1892 1482 τοῦ

309 1517 575 1587 μεγέθους
607 1521 781 1591 αὐτῆς
815 1524 914 1595 τὴν
959 1523 1267 1585 ἀπόδειξιν;
1308 1524 1373 1574 Δί
1406 1524 1545 1575 κατὰ
1570 1524 1669 1595 τὴν
1710 1526 1891 1578 οίκου-

308 1610 476 1682 μένην
510 1613 692 1677 πόλεις
742 1615 992 1667 πλεῖστον
1032 1612 1279 1683 ἀλλήλων
1327 1615 1714 1688 ἀπῳκισμέναι
1769 1619 1891 1681 ταῖς

304 1703 448 1756 κατά
478 1706 575 1774 τὴν
603 1704 870 1772 ἀνατολὴν
892 1703 1294 1773 τετραμμέναις
1331 1706 1689 1777 ῥυμοτομίαις
1710 1708 1888 1774 ὲξίσου

304 1796 479 1848 πᾶσαι
517 1798 577 1848 τὸ
602 1796 884 1866 σεληναῖον
915 1796 1031 1866 φῶς
1066 1798 1431 1871 ὑποδέχονται.
1461 1795 1558 1861 Ai;
1588 1802 1637 1852 εἰ
1675 1801 1749 1869 μὴ
1781 1800 1887 1853 πά-

2004 1150 2125 1203 dant
2161 1163 2224 1201 ex
2262 1152 2479 1219 propria
2526 1150 2657 1204 sede
2700 1157 2902 1213 emota,
2938 1149 3004 1201 ad
3048 1156 3245 1202 terram
3274 1147 3571 1203 deferatur.

2002 1242 2283 1308 Quomodo
2314 1256 2444 1313 ergo
2476 1242 2932 1313 prmstigiatorum
2961 1242 3420 1295 incantamentum
3447 1256 3573 1297 eam

1998 1336 2290 1400 emovebit,
2322 1349 2483 1404 quam
2510 1336 2624 1406 ipse
2646 1334 2957 1391 Altissimus
2996 1332 3286 1388 fundavit?
3312 1335 3571 1401 Quisnam

1997 1443 2127 1483 vero
2181 1428 2332 1482 locus
2390 1428 2688 1483 detractam
2742 1428 2915 1497 ipsam
2947 1426 3222 1497 suscipere
3259 1426 3575 1496 potuisset?

1997 1519 2092 1575 Vis
2124 1536 2191 1573 ex
2226 1519 2437 1589 exiguis
2492 1520 2707 1574 indiciis
2768 1519 3193 1587 magnitudinem
3245 1519 3391 1575 illius
3426 1534 3572 1575 com-

1995 1622 2202 1683 pertam
2217 1610 2453 1669 habere?
2477 1610 2649 1668 Urbes
2669 1610 2818 1667 orbis
2840 1620 3128 1676 terrarum,
3157 1626 3319 1681 quam
3365 1611 3571 1682 longis-

1993 1708 2133 1760 simo
2195 1705 2321 1761 licet
2380 1706 2525 1761 inter
2566 1720 2626 1761 se
2676 1704 2882 1761 dissita
2937 1705 3250 1771 intervallo,
3297 1719 3567 1776 exaequo

1992 1813 2183 1854 omnes
2204 1799 2257 1853 in
2288 1799 2353 1852 iis
2390 1798 2481 1869 qui
2510 1798 2705 1851 orienti
2748 1799 2961 1853 obversi
2991 1807 3119 1852 sunt
3146 1799 3285 1854 vicis
3306 1838 3322 1864 ,
3373 1797 3568 1853 lunare

306 1908 428 1953 σαις
478 1890 892 1959 ἀντιπρόσωπος
939 1885 1028 1961 ἦν,
1072 1892 1197 1955 τοὺς
1256 1892 1354 1962 μὲν
1410 1892 1498 1943 ἐπ’
1533 1890 1749 1952 εὐθείας
1780 1890 1880 1943 τῶν

1995 1895 2174 1950 lumen
2198 1860 2500 1965 excipiunt.
2523 1892 2731 1960 Quibus
2756 1893 3011 1947 omnibus
3029 1892 3132 1946 nisi
3152 1860 3457 1962 Oppositam
3473 1892 3569 1962 la-

304 1981 595 2034 στενωπῶν
623 1983 838 2048 πάντως
864 1983 929 2037 ἂν
963 1985 1325 2053 κατεφώτισε,
1354 1984 1482 2044 τοὺς
1510 1982 1567 2034 δὲ
1600 1982 1665 2033 τὸ
1685 1981 1887 2043 πλάτος

300 2072 471 2143 αὐτῆς
505 2073 947 2146 ὐπερπίπτοντας
974 2075 1391 2144 ἐγκεκλιμέναις
1430 2074 1495 2127 ἂν
1534 2077 1655 2136 ταῖς
1692 2076 1887 2143 αὐγαῖς

303 2166 398 2218 ἐπὶ
433 2167 500 2220 τὰ
558 2168 766 2237 πλάγια
805 2167 1290 2238 παραφερομέναις
1342 2166 1709 2238 προσέϐαλλεν
1746 2168 1882 2238 (73).

303 2258 482 2329 Ὅπερ
524 2260 615 2311 καὶ
671 2261 764 2312 ἐπὶ
805 2259 913 2311 τῶν
952 2259 1159 2328 λύχνων
1204 2257 1351 2311 ἐστιν
1403 2258 1528 2311 ἰδεῖν
1572 2259 1711 2313 κατά
1760 2260 1885 2323 τοὺς

299 2350 483 2416 οἴκους
513 2354 815 2426 γινόμενον.
864 2352 1119 2407 Ἐπειδὰν
1154 2352 1372 2415 πλείους
1420 2352 1747 2423 περιστῶσιν
1788 2353 1885 2406 αὐς

298 2451 411 2515 τὸν,
457 2454 489 2521 ἡ
536 2453 634 2522 μὲν
676 2453 772 2506 τοῦ
810 2455 929 2506 κατ’
966 2452 1181 2505 εὐθεῖαν
1225 2453 1460 2514 ἑστῶτος
1491 2453 1619 2505 σκιά
1648 2453 1785 2523 πρὸς
1824 2452 1885 2504 τὸ

298 2546 480 2616 ὄρθιον
503 2547 866 2610 ἀποτείνεται,
896 2549 951 2601 αἱ
982 2547 1039 2598 δὲ
1060 2547 1244 2599 λοιπαὶ
1282 2547 1403 2599 καθ’
1428 2546 1687 2613 ἑκάτερον
1722 2542 1885 2613 μέρος

298 2638 637 2691 ἐκκλίνουσιν
674 2638 810 2707 (Ἠ).
854 2639 1040 2702 Ὥστε,
1076 2642 1125 2691 εί
1178 2639 1252 2709 μὴ
1305 2638 1536 2691 ἄπλετόν
1579 2654 1633 2689 τι
1677 2632 1746 2707 ἦν
1793 2636 1885 2688 καὶ

300 2729 566 2799 ὑπερέχον
596 2728 816 2799 μεγέθει
839 2728 900 2781 τὸ
931 2728 1250 2800 σεληνιακὸν
1270 2728 1448 2798 σῶμα,
1476 2729 1576 2781 οὐκ
1598 2728 1664 2781 ἂν
1684 2728 1884 2798 ὁμοίως

298 2823 777 2894 ἀντιπαρετείνετο
809 2822 995 2876 πᾶσιν.
1043 2823 1277 2892 Ὁμοίως
1306 2821 1415 2892 γὰρ
1444 2821 1615 2890 αὐτῆς
1646 2821 1754 2874 ἀπὸ
1775 2820 1883 2873 τῶν

302 2914 632 2985 ξσημερινῶν
662 2916 844 2967 τόπων
874 2913 1274 2983 ἀνατελλούσης
1298 2914 1353 2967 οῖ
1378 2931 1436 2965 τε
1470 2909 1884 2985 προσοικοῦντες

298 3008 365 3074 τῇ
399 3005 782 3074 κατεψυγμένη
820 3006 913 3056 καὶ
956 3005 1060 3056 ὐπὸ
1102 3004 1215 3073 (75)
1247 3005 1345 3067 τάς
1384 3003 1752 3078 περιστροφάς
1787 3004 1884 3075 τῆς

299 3099 503 3167 ἄρκτου
557 3097 800 3168 κείμενοι
844 3096 1352 3167 μεταλαμϐάνουσι,
1388 3096 1482 3149 καὶ
1528 3098 1577 3149 οί
1630 3096 1768 3149 κατά
1815 3096 1883 3150 τὰ

1993 1987 2132 2039 ciem
2158 1987 2406 2052 haberet,
2432 1990 2754 2056 angiportus
2780 1983 2998 2054 quidem
3031 1993 3179 2039 recta
3200 1984 3301 2053 ipsi
3327 1998 3564 2055 respon-

1990 2080 2183 2134 dentes
2198 2082 2423 2135 omnino
2454 2080 2786 2147 illustraret;
2819 2081 2873 2134 in
2901 2094 2996 2136 eos
3026 2093 3155 2135 vero
3182 2078 3291 2150 32
3319 2078 3411 2150 qui
3443 2078 3566 2133 lati-

1991 2173 2229 2228 tudinem
2258 2173 2429 2242 ipsius
2458 2172 2751 2235 excedunt,
2784 2171 3078 2226 inclinatos
3116 2172 3295 2225 radios
3327 2172 3379 2225 iu
3423 2171 3563 2225 obli-

1988 2282 2093 2337 qua
2127 2266 2381 2337 delapsos
2407 2266 2747 2320 immitteret.
2773 2263 2827 2319 Id
2856 2265 3001 2335 quod
3028 2264 3192 2320 etiam
3228 2279 3291 2320 ex
3317 2264 3564 2328 accensis

1989 2364 2039 2415 in
2073 2362 2325 2417 domibus
2352 2359 2590 2416 lucernis
2612 2360 2907 2416 observare
2928 2358 3077 2415 licet.
3112 2358 3242 2413 Nam
3280 2373 3405 2414 cum
3439 2358 3563 2428 plu-

1986 2469 2076 2509 res
2128 2456 2591 2509 circumsteterint
2644 2456 2815 2522 ipsam
2856 2453 3168 2517 lucernam,
3209 2452 3398 2505 umbra
3445 2453 3561 2518 ejus

1986 2547 2078 2616 qui
2103 2546 2314 2601 directo
2347 2554 2478 2610 stat,
2513 2546 2566 2600 in
2613 2545 2885 2599 directum
2930 2544 3232 2614 porrigitur
3261 2585 3278 2610 ,
3338 2542 3562 2613 reliquae

1986 2652 2114 2693 vero
2160 2636 2216 2693 in
2253 2646 2541 2707 utramque
2592 2636 2871 2693 declinant
2924 2648 3158 2707 partem.
3220 2637 3425 2706 Quare,
3454 2638 3557 2694 nisi

1984 2745 2179 2800 corpus
2234 2730 2425 2785 lunare
2463 2739 2612 2785 esset
2655 2728 2978 2786 immensum
3036 2730 3294 2799 quiddam
3334 2738 3389 2784 et
3422 2744 3560 2799 pra:-

1984 2823 2206 2891 grande,
2240 2837 2345 2876 non
2388 2822 2578 2889 utique
2624 2823 2691 2876 ad
2738 2836 2931 2876 omnes
2978 2821 3231 2875 similiter
3265 2821 3561 2876 extendere

1986 2928 2046 2967 se
2069 2921 2274 2983 posset.
2311 2912 2471 2965 Enim
2500 2924 2631 2967 vero
2656 2911 2765 2979 qui
2814 2919 2870 2965 et
2897 2925 3090 2965 zonam
3116 2912 3378 2982 rigentem
3408 2926 3561 2967 acco-

1988 3005 2123 3070 lunt,
2160 3014 2216 3060 et
2248 3004 2349 3059 sub
2374 3017 2515 3058 ursae
2554 3002 2645 3058 siti
2669 3011 2799 3058 sunt
2820 3003 3294 3070 conversionibus,
3320 3014 3376 3058 et
3403 3002 3558 3071 juxta

1988 3097 2237 3152 meridiei
2262 3110 2394 3151 cava
2426 3095 2591 3151 vicini
2628 3105 2755 3151 sunt
2786 3110 2937 3152 zonae
2962 3097 3203 3159 torridas,
3238 3096 3292 3149 bi
3333 3095 3457 3149 luna
3489 3095 3560 3150 ab

300 3188 455 3242 κοῖλα
482 3191 580 3260 τῆς
610 3190 958 3263 μεσημϐρίας
984 3190 1083 3262 τῆς
1116 3189 1555 3261 διακεκαυμένης
1602 3188 1841 3257 γείτονες
1863 3204 1875 3216 ο

1986 3188 2453 3259 :equinoctialibus
2499 3186 2632 3242 locis
2661 3187 2872 3243 oriente
2914 3187 3118 3255 pariter
3144 3185 3434 3241 fruuntur:
3490 3186 3559 3241 ad

297 3277 381 3345 οἷς
414 3284 546 3335 πᾶσι
583 3284 727 3336 κατὰ
751 3283 811 3335 τὸ
855 3284 1056 3346 πλάτος
1102 3279 1572 3354 ἀντιπαρήκουσα,
1610 3280 1879 3350 σαφεστά-

296 3392 405 3445 την
443 3376 746 3447 μαρτυρίαν
793 3375 886 3429 τοῦ
948 3374 1213 3445 μεγέθους
1270 3376 1590 3445 παρέχεται.
1642 3376 1739 3437 Τίς
1788 3371 1881 3428 οὖν

294 3470 515 3539 ἀντερεῖ
544 3468 618 3538 μὴ
644 3470 765 3538 οὐχὶ
796 3467 1151 3537 παμμέγεθες
1183 3468 1354 3537 αὐτῆς
1382 3462 1520 3519 εἶναι
1572 3466 1636 3518 τὸ
1686 3466 1845 3536 σῶμα
1864 3508 1877 3531 ,

294 3562 360 3615 τὸ
383 3560 722 3632 τηλικούτοις
754 3559 887 3630 ὁμοῦ
936 3561 1029 3613 καὶ
1069 3559 1346 3622 τοσούτοις
1387 3559 1749 3629 διαστήμασιν
1798 3558 1883 3623 ἐξ-

298 3653 415 3708 ισού
424 3671 581 3725 μενον
605 3671 619 3719 ;
649 3653 759 3707 Καὶ
778 3653 845 3705 τά
878 3652 976 3723 μὲν
1006 3654 1133 3723 περὶ
1163 3650 1411 3723 μεγεθῶν
1438 3651 1590 3722 ἡλίου
1613 3652 1705 3703 καὶ
1730 3650 1883 3723 σελή-

296 3766 396 3817 νης
413 3750 504 3801 ἐπὶ
534 3746 805 3801 τοσοῦτον.
850 3746 1010 3817 Ἡμῖν
1036 3746 1092 3798 δὲ
1113 3746 1141 3797 ὁ
1164 3747 1533 3818 χαρισάμενος
1552 3745 1793 3798 διάνοιαν
1817 3748 1880 3798 ὲκ

294 3839 407 3891 τῶν
439 3841 778 3910 μικροτάτων
802 3839 900 3909 τῆς
934 3840 1165 3901 κτίσεως
1192 3839 1291 3909 τὴν
1326 3839 1568 3909 μεγάλην
1581 3838 1675 3892 τοῦ
1706 3840 1881 3909 τεχνί-

293 3946 391 3981 του
408 3930 599 3998 σοφίαν
616 3928 728 3999 (76)
759 3929 1223 3999 καταμανθάνειν,
1253 3929 1528 4000 παράσχοι
1558 3931 1652 3982 καὶ
1678 3931 1742 3983 ὲκ
1766 3930 1879 3983 τῶν

297 4023 553 4093 μεγάλων
586 4023 838 4092 μείζονας
860 4021 1159 4091 λαμϐάνειν
1185 4022 1282 4085 τὰς
1308 4023 1519 4084 ἐννοίας
1535 4022 1630 4075 τοῦ
1665 4024 1878 4075 κτίσαν-

293 4133 407 4179 τος.
436 4116 697 4183 Καίτοιγε
727 4116 1011 4187 συγκρίσει
1028 4113 1120 4167 τοῦ
1148 4115 1373 4186 ποιητοῦ
1397 4115 1547 4184 ἥλιος
1568 4115 1662 4168 καὶ
1681 4114 1875 4185 σελήνη

294 4208 522 4278 ἐμπίδος
555 4207 649 4260 καὶ
692 4208 982 4278 μύρμηκος
1023 4209 1279 4278 ἐπέχουσι
1308 4207 1463 4276 λόγον
1503 4206 1637 4276 (77).
1668 4208 1741 4260 Οὐ
1769 4207 1877 4278 γάρ

294 4302 443 4353 ἔστιν
469 4300 626 4364 ἀξίαν
656 4301 750 4353 τοῦ
783 4299 1049 4371 μεγέθους
1075 4302 1168 4354 τοῦ
1197 4300 1332 4353 Θεοῦ
1360 4300 1468 4352 τῶν
1506 4301 1641 4353 ὅλων
1669 4301 1733 4352 ἐκ
1764 4298 1878 4352 τού-

293 4409 405 4445 των
431 4391 616 4444 λαϐεῖν
638 4391 738 4461 τὴν
772 4390 1025 4460 θεωρίαν,
1050 4390 1185 4444 ἀλλά
1216 4394 1438 4462 μικραῖς
1462 4408 1572 4443 τισι
1600 4390 1695 4444 καὶ
1735 4391 1877 4461 ἀμυ-

290 4486 447 4555 δραῖς
472 4483 743 4553 ἐμφάσεσι
764 4483 830 4536 δι’
847 4484 1025 4537 αὐτῶν
1062 4483 1495 4554 προϐιϐασθῆναι
1527 4482 1663 4553 (78),
1687 4482 1875 4552 ὥσπερ

1983 3295 2122 3351 quos
2164 3294 2353 3335 omnes
2401 3277 2700 3333 secundum
2744 3277 3084 3331 latitudinem
3115 3291 3179 3331 ex
3202 3277 3431 3332 adverso
3465 3291 3559 3332 ac-

1982 3375 2203 3439 cedens,
2242 3370 2631 3441 magnitudinis
2662 3384 2773 3424 sua:
2823 3370 3193 3425 teStimonium
3227 3368 3557 3427 manifestis-

1984 3468 2181 3521 simum
2212 3466 2437 3533 praebet.
2480 3461 2614 3528 Quis
2644 3462 2809 3530 igitur
2857 3460 3067 3517 inﬁcias
3099 3462 3225 3517 ierit
3259 3463 3557 3515 maximum

1983 3569 2105 3609 esse
2129 3554 2298 3624 ipsius
2332 3566 2550 3623 corpus,
2582 3566 2707 3607 cum
2734 3559 2814 3603 tot
2847 3563 2911 3604 ac
2940 3550 3105 3604 tantis
3151 3550 3315 3604 simul
3353 3550 3557 3604 distan-

1989 3648 2080 3703 tiis
2111 3646 2471 3717 adaquetur?
2500 3646 2565 3699 Et
2590 3645 2808 3714 quidem
2833 3645 2901 3699 de
2925 3643 3057 3699 solis
3087 3658 3150 3698 ac
3182 3642 3320 3697 luna
3350 3642 3557 3713 magni-

1986 3741 2172 3797 tudine
2195 3741 2479 3794 hactenus.
2507 3736 2777 3791 Caeterum
2824 3736 2916 3803 qui
2964 3749 3087 3789 eam
3142 3734 3556 3802 intelligentiam

1985 3836 2196 3898 tribuit,
2232 3842 2293 3889 ut
2317 3848 2385 3887 ex
2416 3830 2659 3886 minimis
2696 3831 2858 3883 rebus
2892 3828 3092 3882 creatis
3124 3841 3373 3895 magnam
3397 3825 3555 3896 opiﬁ—

1980 3928 2098 3983 licis
2125 3926 2443 3995 sapientiam
2470 3921 2934 3982 condisceremus,
2958 3918 3164 3971 tribuat
3196 3918 3361 3974 etiam
3390 3927 3449 3971 ut
3487 3931 3555 3973 ex

1981 4016 2193 4085 magnis
2217 4012 2425 4078 majora
2463 4012 2530 4063 de
2563 4018 2812 4062 creatore
2840 4009 3139 4062 sentiamus
3166 4008 3559 4078 concipiamus-

1979 4121 2105 4175 que.
2137 4104 2463 4170 Quanquam
2487 4099 2786 4155 conditoris
2803 4099 3229 4168 comparatione,
3251 4098 3331 4152 sol
3353 4108 3407 4153 et
3430 4097 3556 4154 luna

1980 4194 2169 4250 culicis
2196 4208 2259 4247 ac
2291 4191 2531 4245 formicae
2580 4191 2842 4244 rationem
2885 4190 3158 4244 obtinent.
3190 4188 3351 4244 Notio
3388 4189 3556 4258 siqui-

1978 4286 2099 4339 dem
2132 4298 2253 4353 quae
2289 4282 2384 4337 Dei
2430 4283 2810 4336 universorum
2843 4281 3213 4351 magnitudine
3259 4282 3419 4351 digna
3457 4283 3552 4349 sit,

1978 4393 2045 4431 ex
2077 4378 2142 4433 iis
2166 4377 2373 4430 desumi
2404 4389 2509 4429 non
2536 4383 2715 4444 pateat
2750 4392 2764 4428 :
2790 4373 2884 4429 sed
2918 4387 2985 4428 ex
3024 4375 3205 4443 parvis
3227 4375 3553 4443 quibusdam

1978 4479 2032 4526 et
2068 4470 2319 4525 tenuibus
2344 4468 2558 4523 indiciis
2590 4484 2687 4539 per
2728 4470 2845 4538 ipsa
2883 4468 3343 4537 quemadmodum
3371 4478 3428 4523 et
3458 4484 3555 4539 per

294 4550 392 4629 καὶ
418 4576 482 4629 δι’
508 4550 745 4631 ’ἑκάστου
774 4575 883 4627 τῶν
914 4550 1255 4647 μικροτάτων
1284 4577 1341 4630 ὲν
1371 4550 1588 4647 ζώοιςῆ
1622 4550 1681 4629 εν
1717 4550 1869 4647 βοπτάζ

1986 4563 2189 4635 singula
2223 4563 2586 4619 minutissima
2615 4560 2894 4623 animalia,
2943 4569 3037 4614 aut
3062 4560 3228 4613 etiam
3257 4576 3357 4631 per
3379 4562 3553 4616 minu-

294 4686 432 4731 ναις.
486 4668 869 4739 Ἀρκεσθῶμεν
895 4671 1008 4730 τοῖς
1046 4669 1383 4739 εἰρημένοιςο
1422 4667 1533 4737 ἐγὼ
1581 4667 1681 4738 μὲν
1708 4668 1870 4736 εὐχα-

297 4762 557 4829 ριστήσας
582 4759 661 4828 τῷ
684 4759 783 4830 τὴν
817 4758 1018 4828 μικράν
1068 4775 1158 4828 μοι
1205 4758 1408 4828 ταύτην
1453 4758 1726 4813 διακονίαν
1773 4758 1866 4812 τοῦ

294 4850 455 4917 λόγου
496 4852 878 4923 χαρισαμένῳ,
928 4852 1085 4921 ὑμεῖς
1132 4851 1189 4903 δὲ
1235 4850 1312 4920 τῷ
1355 4850 1693 4922 διατρέφοντι
1723 4851 1867 4921 ὑμᾶς

293 4943 418 5001 ταῖς
457 4944 855 5009 πνευματικαῖς
894 4943 1153 5011 τροφαῖς,
1205 4939 1264 5002 ὃς
1304 4942 1399 4993 καὶ
1450 4939 1544 4993 νῦν
1584 4943 1727 5011 ὑμᾶς
1757 4936 1865 4995 οἷον

295 5029 521 5099 κριθίνῳ
558 5031 665 5083 τινὶ
704 5032 855 5101 ἄρτῳ
892 5034 957 5101 τῇ
984 5030 1230 5100 εὐτελείᾳ
1256 5031 1355 5099 τῆς
1376 5032 1649 5101 ἡμετέρας
1686 5033 1868 5099 φωνῆς

289 5120 537 5191 ὃιέθρεψε
560 5138 572 5150 ·
608 5124 701 5174 καὶ
723 5122 999 5195 διατρέφοι
1037 5139 1099 5191 γε
1122 5124 1204 5185 είς
1241 5123 1350 5186 ἀεὶ,
1382 5122 1521 5174 κατά
1547 5122 1641 5193 τὴν
1681 5125 1869 5177 ἀναλο-

296 5364 462 5437 secuti
490 5378 679 5437 sumus
712 5363 987 5437 Dircaeum,
1013 5367 1101 5434 qni
1140 5367 1214 5420 ait
1238 5366 1340 5432 legi
1380 5378 1630 5433 oportere
1662 5366 1867 5437 μετρῆ-

292 5452 371 5505 τε.
402 5432 539 5505 γνιιίι
562 5448 746 5487 rursus
780 5436 872 5505 vir
895 5432 1244 5491 doctissimus
1268 5437 1369 5505 legi
1402 5432 1490 5490 liic
1512 5432 1710 5491 debere
1739 5432 1867 5489 ἀνα-

289 5502 602 5574 meamea.
624 5520 729 5557 non
758 5504 1168 5572 ἀναλογίσασθε,
1201 5519 1254 5560 ut
1282 5502 1343 5559 in'
1366 5507 1591 5574 vulgatis
1621 5508 1864 5560 habetur.

292 5574 597 5671 ξιτιίὶιὶυῗῑΐί
625 5590 991 5671 :ovemrniss.
1037 5592 1219 5671 nequi
1244 5574 1653 5671 ἀναληῖίσησθε,
1695 5592 1868 5645 neque

292 5642 683 5711 ἀναλογίσασθε
718 5645 1034 5712 ριάςΐιεηιηι,
1073 5642 1163 5700 sed
1187 5642 1614 5713 ἀναλογίζεσθαι.

367 5713 474 5786 (25)
504 5712 576 5786 Ita
594 5715 743 5768 multi
778 5730 905 5769 mss.
942 5718 1002 5767 At
1033 5717 1160 5769 editi
1193 5717 1541 5786 προσέϐαλεν.

332 5784 476 5853 _(75)
532 5784 633 5838 Sex
694 5802 823 5840 mss.
879 5784 1249 5838 ἐκκλίνουσιν(
1304 5788 1439 5839 I‘Julili
1500 5786 1853 5849 ἐγκλῖπιυσιν.

293 5852 417 5907 hic:
445 5866 643 5923 :cptcm
672 5870 1023 5925 tl'SS~pl'.’t‘lCi‘
1064 5858 1304 5913 Combtri.
1341 5855 1569 5910 ἄπλετόν
1594 5874 1639 5909 τι
1693 5863 1849 5913 Abest

1982 4660 2222 4714 tissimas
2248 4658 2447 4713 herbas
2484 4656 2801 4709 incitamur.
2849 4651 2945 4707 His
2989 4668 3119 4721 qua,
3142 4652 3285 4708 dicta
3347 4652 3501 4708 fuere
3537 4694 3552 4717 ,

1976 4755 2147 4808 simus
2177 4753 2439 4806 contenti.
2471 4749 2581 4817 Ego
2611 4748 2826 4815 quidem
2855 4746 3061 4815 gratias
3097 4761 3197 4815 ago
3223 4747 3293 4807 ei,
3326 4747 3417 4815 qui
3442 4749 3555 4803 exl-

1973 4858 2130 4914 guam
2159 4844 2299 4895 hanc
2328 4841 2479 4895 verbi
2503 4838 3030 4892 administrationem
3055 4836 3183 4890 milii
3212 4838 3508 4906 impertit-it
3533 4855 3551 4906 ;

1975 4954 2073 4992 vos
2109 4952 2238 4991 vero
2264 4943 2448 5005 gratcs
2478 4931 2800 5001 persolvatis
2832 4930 2882 4983 ei
2914 4930 3004 4999 qui
3044 4944 3137 4983 vos
3178 4932 3553 4998 spiritualibns

1980 5029 2151 5082 nutrit
2180 5024 2477 5089 alimentis,
2502 5024 2593 5089 qui
2625 5024 2788 5075 etiam
2814 5037 2955 5075 nunc
2987 5035 3080 5075 vos
3100 5020 3250 5074 vocis
3280 5036 3413 5075 mea:
3434 5025 3553 5074 cai-

1978 5123 2130 5175 litate
2184 5129 2439 5187 tanquam
2486 5118 2787 5171 hordeaceo
2835 5115 3068 5185 quodam
3136 5128 3275 5183 pane
3342 5116 3553 5170 enutri-

1970 5381 2023 5416 τι
2049 5366 2115 5415 ab
2146 5360 2326 5415 editis.

2046 5433 2158 5502 (75)
2182 5431 2359 5486 Editio
2382 5429 2545 5484 Basil.
2569 5443 2697 5502 cum
2720 5428 2961 5498 quinque
2990 5438 3119 5480 mss.
3152 5423 3249 5478 καὶ
3289 5422 3412 5477 ὑπό.
3435 5421 3555 5476 Edi-

1975 5500 2360 5573 tio’Parismat
2386 5504 2433 5553 οί
2476 5500 2599 5553 ὑπό.
2745 5569 2754 5573 _
3118 5564 3154 5573 η
3332 5562 3360 5573 _
3417 5561 3452 5573 η
3521 5559 3548 5573 ..

2042 5572 2154 5642 (76)
2200 5570 2274 5626 ita
2329 5587 2520 5627 novem
2567 5584 2699 5625 mss.
2730 5569 2801 5623 At
2832 5567 2960 5623 cditi
2997 5564 3239 5636 μεγάλην
3265 5562 3361 5619 τοῦ
3411 5561 3555 5617 Θεοῦ

1972 5644 2181 5696 σοφίαν.

2040 5662 2297 5782 ῗὲῗίὼω
2332 5728 2459 5766 II‘SS.
2487 5710 2664 5781 ἔχουσι
2700 5709 2876 5782 λόγον.

2040 5778 2151 5851 (⁷8)
2200 5778 2553 5860 (ἷυιηιηχδςῐ
2592 5778 3059 5860 προσϐιϐασθῆναι
3107 5781 3245 5836 Editi
3285 5797 3405 5837 cum
3432 5781 3550 5838 aliis

1968 5857 2135 5910 Itilius
2168 5870 2291 5907 tnss.
2325 5850 2772 5923 προϐιϐατθῆναι.
