4062 6466
545 380 648 437 M7

1855 376 1918 431 S.
1960 373 2205 429 BASILII
2248 372 2465 429 MAGNI

3693 381 3809 434 “8

540 496 639 551 vit.
669 494 734 548 Et
768 494 972 547 utinam
1008 494 1118 546 aiat
1162 472 1397 560 semper,
1431 491 1583 561 juxta
1645 488 1765 547 ﬁdei
1808 491 2110 558 portionem

2220 492 2340 560 γίαν
2373 494 2470 563 τῆς
2498 493 2733 556 πίστεως
2777 496 3135 569 χαριζόμενος
3170 495 3297 565 ὑμῖν
3344 498 3444 568 τὴν
3483 496 3806 569 φανέρωσιν

544 587 783 655 largiens
815 586 969 639 vobis
997 585 1234 653 Spiritus
1275 584 1768 640 manifestaliOueut
1796 584 1842 613 ⁸³
1877 584 1927 636 iu
1954 584 2110 637 (ibri-

541 687 626 732 sto
654 675 780 731 Jesu
814 675 1042 731 Domino
1081 685 1285 740 nostro,
1312 676 1396 732 cui
1429 674 1598 747 gloria
1649 687 1704 733 et
1735 674 2022 744 imperium
2054 678 2107 730 iu

541 769 737 824 sarcula
764 769 1107 824 saeculorum.
1140 770 1338 823 Amen.

1102 984 1379 1041 HOMILIA
1427 985 1534 1039 VII.

1120 1076 1199 1131 De
1223 1077 1516 1145 reptilibus.

600 1170 652 1224 1.
695 1170 763 1225 Et
786 1169 923 1225 dixit
956 1168 1131 1225 Deus:
1167 1168 1469 1223 Producant
1494 1184 1646 1240 aqua:
1669 1169 1879 1237 reptitia
1897 1167 2107 1224 anima-

543 1279 661 1317 rum
689 1263 970 1319 viventium
995 1262 1152 1331 juxta
1188 1276 1369 1331 genus,
1400 1271 1450 1315 et
1478 1261 1716 1316 volatilia
1762 1260 1989 1315 volantia
2021 1277 2105 1315 se-

542 1356 774 1410 cundum
801 1355 1192 1424 ﬁrmamentum
1230 1351 1347 1406 creti
1372 1354 1532 1422 juxta
1580 1368 1740 1424 genus
1767 1354 1834 1406 '°.
1872 1351 2001 1407 Post
2028 1353 2109 1406 lu-

546 1446 835 1500 minarium
864 1445 1195 1498 creationem
1255 1459 1383 1499 mox
1434 1459 1585 1514 aqua:
1634 1443 1796 1497 etiam
1834 1444 2110 1512 replentur

544 1536 931 1601 animantibus,
968 1545 1029 1591 ut
1072 1544 1126 1592 et
1160 1537 1276 1593 haec
1326 1539 1501 1607 portio
1535 1545 1913 1592 exornaretur.
1939 1533 2110 1591 Acce-

544 1640 697 1697 perat
727 1628 872 1683 enim
927 1637 1070 1684 terra
1104 1644 1169 1686 ex
1201 1629 1435 1699 propriis
1468 1628 1802 1698 germinibus
1830 1638 2107 1693 ornatum,

542 1718 739 1774 ctelum
760 1734 974 1791 quoque
996 1728 1284 1791 acceperat
1309 1718 1588 1775 stellarum
1613 1717 1772 1775 ﬂores
1798 1758 1814 1785 ,
1854 1735 1918 1777 ac
1944 1720 2110 1775 veluti

2216 583 2308 636 τοῦ
2344 585 2659 656 Πνεύματος
2693 585 2750 636 ἐν
2785 587 3005 660 Χριστῷ
3045 587 3216 661 Ἰησοῦ
3258 585 3335 655 τῷ
3378 590 3570 660 Κυρίῳ
3612 586 3802 660 ἡμῶν,

2212 668 2257 742 ᾧ
2286 676 2464 744 ήδόξα
2490 679 2583 732 καὶ
2600 676 2659 730 τὸ
2688 677 2887 748 κράτος
2919 680 2999 742 εἰς
3028 684 3154 745 τοὺς
3191 678 3389 743 αἰῶνας
3416 682 3525 734 τῶν
3554 681 3801 736 αἰώνων.

2227 767 2420 839 Ἀμήν.

2819 985 3078 1040 ὈΜΙΛῘΑ
3113 988 3189 1039 Z'.

2700 1080 2840 1149 Περὶ
2868 1075 3129 1148 ἑρπετῶν
3157 1077 3291 1148 (79).

2281 1169 2332 1223 1.
2351 1167 2459 1221 Καὶ
2474 1164 2643 1223 εἶπεν
2661 1171 2694 1222 ό
2718 1171 2882 1237 Θεόςυ
2901 1167 3259 1239 Ἐξαγαγέτω
3276 1170 3348 1223 τὰ
3366 1173 3551 1229 ὕδατα
3570 1169 3801 1240 ἑρπετὰ

2210 1259 2425 1333 ψυχῶν
2449 1258 2649 1321 ζωσὼν
2674 1262 2826 1313 κατὰ
2854 1262 3050 1331 γένος,
3078 1258 3177 1313 καὶ
3219 1264 3458 1317 πετεινὰ
3488 1262 3801 1332 πετόμενα

2214 1354 2361 1409 κατὰ
2386 1351 2452 1406 τὸ
2480 1350 2785 1421 στερέωμα
2808 1353 2914 1406 τοῦ
2940 1352 3196 1426 οὐρανοῦ
3219 1351 3370 1406 κατὰ
3399 1356 3591 1423 γένος.
3628 1354 3797 1410 Μετὰ

2211 1446 2310 1518 τὴν
2337 1443 2442 1498 τῶν
2476 1444 2662 1514 φωστή
2671 1461 2779 1513 ρων
2804 1442 3163 1518 δημιουργίαν
3189 1445 3283 1499 καὶ
3308 1444 3374 1496 τά
3403 1444 3569 1500 ὕδατα
3597 1446 3797 1501 λοιπὸν

2214 1534 2512 1606 πληροῦται
2536 1531 2709 1599 ζώων,
2737 1531 2877 1585 ὥστε
2903 1535 2997 1587 καὶ
3015 1537 3219 1608 ταύτην
3241 1534 3798 1608 διακοσμηθῆναιτὴν

2214 1625 2383 1696 λῆξιν.
2428 1623 2688 1677 Ἀπέλαῦε
2736 1623 2836 1696 μὲν
2880 1624 2990 1696 γὰρ
3025 1628 3059 1698 ἡ
3095 1628 3169 1699 γῆ
3209 1627 3299 1681 τὸν
3328 1628 3390 1679 ὲκ
3418 1626 3525 1678 τῶν
3567 1629 3796 1683 οἰκείων

2217 1713 2610 1784 βλαστημάτων
2654 1714 2889 1785 κόσμον·
2941 1715 3180 1772 ἀπέλαϐε
3227 1717 3283 1771 δὲ
3326 1718 3354 1771 ὁ
3406 1716 3631 1788 οὐρανὸς
3674 1720 3795 1771 τῶν

544 1814 885 1881 geminorum
919 1813 1198 1868 oculorum
1233 1811 1507 1880 conjectu,
1539 1826 1859 1882 magnorum
1903 1811 2109 1867 scilicet

2220 1807 2428 1876 ἄστρων
2473 1804 2585 1875 (80)
2618 1804 2687 1860 τὰ
2716 1804 2873 1877 ἄνθη,
2916 1806 3010 1859 καὶ
3034 1810 3196 1862 οἱονεὶ
3229 1809 3459 1881 διδύμων
3490 1806 3796 1878 ὀφθαλμῶν

546 1902 888 1958 liiininarium
912 1902 1325 1974 coniugatione,
1364 1902 1542 1957 fuerat
1574 1904 1918 1958 adornatum.
1965 1901 2106 1955 Reli-

544 2010 709 2065 quum
741 2004 880 2060 erat,
917 2004 975 2048 ut
1003 1996 1158 2063 aquis
1179 1995 1342 2049 etiam
1372 2010 1529 2051 suum
1574 1997 1903 2050 tribueretur
1948 2007 2109 2046 orna—

549 2097 813 2143 mentum.
847 2085 1009 2141 Venit
1041 2096 1368 2158 praeceptum
1390 2128 1407 2154 ,
1435 2098 1489 2141 et
1526 2086 1708 2141 statim
1732 2082 1880 2137 fluvii
1909 2083 2110 2137 donan-

550 2192 635 2235 tur
668 2182 716 2233 vi
763 2180 1115 2251 producendi,
1156 2189 1209 2235 ct
1255 2180 1464 2248 singula
1504 2188 1693 2247 stagna
1744 2177 1966 2246 pariunt
2014 2191 2107 2230 sua

548 2271 922 2340 nuturaliaque
942 2285 1162 2339 genera.
1197 2270 1335 2334 Quin
1370 2276 1426 2322 et
1449 2282 1599 2321 mare
1620 2266 1936 2323 omuimoda
1959 2276 2112 2319 nata-

549 2364 719 2415 tilium
751 2375 947 2431 genera
981 2360 1357 2429 parturtebat:
1408 2368 1463 2415 et
1521 2374 1589 2415 ne
1616 2374 1678 2414 ea
1715 2359 1931 2428 quidem
1974 2372 2109 2425 aqua

546 2465 667 2521 quas
713 2459 829 2505 erat
874 2449 928 2503 in
961 2448 1170 2503 limosis
1201 2463 1265 2502 ac
1284 2449 1524 2505 ctenosis
1559 2449 1714 2513 locis,
1766 2449 2114 2519 permanebat

546 2545 719 2599 otiosa
747 2564 759 2599 :
789 2557 965 2612 neque
984 2557 1015 2596 a
1050 2541 1155 2597 fine
1184 2542 1238 2596 iu
1272 2543 1553 2599 creatione
1589 2543 1863 2613 proposito
1887 2540 2109 2593 aberra-

549 2638 664 2691 bat.
693 2634 828 2689 Nam
855 2645 1006 2691 certe
1034 2649 1098 2689 ex
1132 2635 1265 2705 ipsis
1303 2635 1516 2690 abunde
1563 2633 1914 2702 emergebant
1948 2647 2111 2695 ranie,

550 2727 835 2788 muliones,
857 2727 1074 2780 culices.
1100 2727 1229 2793 Qum
1245 2726 1386 2779 enim
1403 2725 1510 2795 63
1533 2725 1828 2779 etiamnum
1843 2723 2110 2785 videntur,

547 2826 927 2885 argumentum
976 2828 1104 2869 sunt
1142 2816 1559 2881 praeteritorum.
1590 2814 1682 2869 Sic
1738 2828 1877 2883 aqua
1939 2813 2116 2869 omnis

548 2908 769 2975 exsequi
802 2906 1101 2961 conditoris
1127 2908 1208 2959 sui
1250 2908 1532 2975 imperium
1553 2905 1845 2961 festinabat
1871 2923 1883 2959 :
1910 2916 1965 2961 et
1987 2919 2118 2974 quo-

550 3013 667 3052 rttm
698 3012 763 3052 ne
801 3013 999 3067 genera
1034 2998 1248 3067 quidem
1292 2998 1432 3051 ullus
1459 3012 1780 3052 enumerare
1803 2998 1990 3067 possit,
2024 2998 2118 3049 ho-

2212 1897 2390 1967 βολαῖς
2460 1900 2527 1968 τῇ
2571 1898 2804 1968 συζυγίᾳ
2847 1896 2955 1949 τῶν
3012 1900 3262 1969 μεγάλων
3308 1903 3608 1972 φωστήρων
3650 1916 3795 1952 κατ-

2208 1988 2510 2060 εκοσμήθη.
2545 1990 2876 2059 Λειπόμενον
2913 1985 2980 2059 ἦν
3022 1991 3117 2042 καὶ
3141 1996 3254 2055 τοῖς
3289 1993 3443 2045 ὕδασι
3471 1994 3561 2046 τὸν
3584 1994 3794 2045 οἰκεῖον

2209 2080 2409 2151 κόσμον
2430 2079 2775 2150 ἀποδοθῆναι.
2805 2075 2977 2133 Ἦλθε
3005 2081 3356 2153 πρόσταγμα,
3384 2084 3480 2137 καὶ
3502 2083 3667 2147 εὐθὺς
3690 2082 3793 2135 καὶ

2210 2171 2443 2242 ποταμοὶ
2471 2172 2718 2242 ἐνεργοὶ,
2774 2172 2869 2225 καὶ
2917 2171 3103 2245 λίμναι
3153 2174 3369 2246 γόνιμοι
3410 2175 3520 2227 τῶν
3567 2175 3795 2227 οἰκείων

2211 2262 2438 2315 ἕκαστον
2465 2262 2645 2316 αὐτῶν
2664 2263 2915 2319 καὶκατὰ
2936 2265 3095 2334 φύσιν
3120 2265 3313 2334 γενῶν.
3340 2264 3448 2332 Καὶ
3477 2268 3510 2334 ἡ
3539 2265 3795 2315 θάλασσα.

2210 2356 2279 2409 τὰ
2321 2355 2642 2411 παντοδαπὰ
2686 2358 2821 2429 γένη
2868 2358 2975 2415 τῶν
3028 2359 3256 2412 πλωτῶν
3295 2358 3472 2419 ὢδινε,
3516 2355 3610 2407 κα)⁵
3662 2355 3791 2406 οὐδὲ

2212 2451 2333 2503 ὅσον
2364 2452 2421 2503 ὲν
2452 2448 2591 2503 ίλύσι
2624 2450 2718 2503 καὶ
2748 2450 2981 2521 τέλμασι
3012 2450 3103 2503 τοῦ
3140 2450 3330 2511 ὓδατος
3364 2443 3452 2517 ἦν,
3482 2446 3603 2498 οὐδὲ
3624 2445 3794 2497 τοῦτο

2212 2542 2400 2613 ἀργὸν,
2421 2542 2539 2595 οὐδὲ
2566 2541 2792 2612 ἄμοιρον
2829 2542 2929 2609 τῆς
2963 2540 3104 2593 κατὰ
3133 2539 3232 2609 τὴν
3260 2539 3436 2591 κτίσιν
3475 2535 3793 2598 συντελείας

2213 2634 2495 2704 ἀπέμεινε.
2550 2632 2819 2702 Βάτραχοι
2849 2632 2958 2701 γὰρ
2988 2633 3081 2685 καὶ
3127 2630 3352 2702 ὲμπίδες
3384 2630 3477 2682 κα).
3524 2626 3795 2692 κώνωπες

2213 2723 2272 2788 ἐξ
2303 2723 2481 2777 αὐτῶν
2519 2722 2878 2788 ἀπεζέννυντο
2907 2723 3017 2793 (81)
3040 2723 3300 2793 δηλονότι.
3338 2721 3419 2775 Τὰ
3440 2724 3545 2793 γὰρ
3581 2722 3663 2775 ἔτι
3692 2723 3793 2775 καὶ

2214 2815 2307 2871 νῦν
2331 2815 2583 2888 ὁρώμενα
2619 2815 2892 2881 ἀπόδειξίς
2920 2818 3036 2872 ἐστι
3058 2815 3166 2869 τῶν
3198 2814 3597 2888 παρελθόντων.
3627 2813 3793 2869 Οὕτω

2214 2907 2323 2961 πᾶν
2370 2905 2513 2979 ὕδωρ
2558 2907 2817 2977 ἠπείγετο
2864 2907 2942 2977 τῷ
2985 2906 3360 2979 δημιουργικῷ
3404 2907 3794 2978 προστάγματι

2216 2998 2542 3070 ὑπουργεῖνο
2591 3015 2686 3053 και.
2721 2994 2795 3051 ὧν
2835 2999 2944 3050 οὐδ’
2983 2999 3047 3053 ἂν
3078 2998 3149 3052 τὰ
3186 2999 3319 3068 γένη
3363 3015 3446 3060 τις
3494 2996 3797 3066 ἐξαριθμή-

553 3108 669 3143 rum
703 3090 887 3144 statim
919 3090 1082 3143 vitam
1122 3104 1311 3159 magna
1343 3103 1407 3143 ac
1432 3087 1720 3142 iueffabilis
1753 3088 1844 3141 Dei
1880 3087 2116 3157 potentia

2220 3088 2415 3141 σασθαι
2464 3088 2740 3159 δυνηθείη,
2787 3088 2992 3141 τούτων
3037 3089 3135 3158 τὴν
3175 3088 3318 3158 ζωὴν
3352 3088 3511 3149 εὐθὺς
3567 3087 3794 3156 ἐνεργὸν

552 3179 820 3235 eﬂicacem
845 3196 907 3234 ac
934 3191 1078 3234 motu
1115 3180 1395 3250 praeditam
1439 3179 1705 3241 reddidit,
1757 3179 1845 3232 ubi
1885 3179 2114 3248 primum

2220 3178 2312 3232 καὶ
2342 3178 2668 3250 κινουμένην
2692 3178 2971 3244 ἀπέδειξεν
3005 3178 3114 3248 (82)
3153 3180 3185 3248 ὴ
3218 3178 3428 3248 μεγάλη
3460 3182 3551 3230 καὶ
3585 3177 3797 3245 astato;

554 3291 707 3345 aqua:
724 3289 818 3343 per
842 3274 967 3329 illud
999 3275 1278 3344 imperium
1306 3273 1371 3327 ad
1395 3273 1757 3344 generandum
1777 3271 1972 3326 animal
2000 3272 2118 3325 ido-

2220 3271 2310 3326 τοῦ
2341 3271 2477 3325 Θεοῦ
2511 3270 2761 3342 δύναμις,
2803 3270 2937 3340 ὁμοῦ
2965 3270 3046 3341 τῷ
3073 3272 3455 3341 προστάγματι
3501 3270 3602 3340 τῆς
3653 3271 3795 3341 πρὸς

554 3383 671 3421 nea:
701 3368 906 3421 effectae
927 3378 1070 3421 sunt.
1108 3368 1412 3422 Producant
1439 3384 1586 3436 aqua
1604 3367 1811 3437 reptilia
1826 3368 2118 3420 animarum

2220 3364 2279 3418 τὸ
2294 3363 2574 3431 ζωογονεῖν
2598 3360 3026 3431 ἐπιτηδειότητος
3054 3361 3415 3432 ἐγγενομένης
3442 3364 3553 3423 τοῖς
3583 3360 3792 3416 ὕδασιν.

553 3454 853 3508 viventium.
884 3452 1036 3506 Nunc
1062 3455 1296 3522 primum
1323 3456 1620 3509 animatum
1653 3467 1708 3510 et
1738 3472 1928 3511 sensus
1952 3472 2013 3525 pa
2026 3457 2123 3510 rti-

553 3558 679 3610 ceps
701 3544 899 3596 animal
929 3553 1166 3597 creatur.
1199 3541 1335 3596 Nam
1362 3544 1558 3613 plantae
1581 3554 1638 3599 et
1666 3547 1887 3599 arbores
1908 3548 2118 3600 etiamsi

555 3635 737 3688 vivere
769 3634 1038 3698 dicantur,
1070 3645 1355 3705 propterea
1394 3638 1535 3706 quod
1560 3635 1872 3691 facultatem
1927 3651 2121 3705 quam-

558 3726 682 3780 dam
723 3741 827 3793 qua
860 3726 1175 3782 nutriuntur
1203 3736 1593 3798 augenturque,
1638 3728 1843 3796 pariter
1878 3727 2077 3781 habent
2106 3742 2121 3789 ;

555 3832 664 3873 non
696 3827 877 3873 tamen
908 3819 1161 3874 animalia
1192 3828 1339 3885 sunt,
1370 3834 1544 3890 neque
1567 3835 1655 3875 res
1682 3820 1955 3877 animatae.
1992 3817 2122 3873 Eam

557 3910 626 3965 ob
649 3926 891 3978 causam,
928 3912 1231 3967 Producant
1255 3930 1405 3984 aqua
1440 3914 1667 3983 reptilia.
1692 3911 1922 3968 Natatile
1950 3912 2125 3981 quod-

560 4003 715 4068 libet,
746 4004 862 4059 sive
894 4004 949 4058 in
984 4003 1270 4073 superficie
1299 4019 1451 4075 aqua:
1477 4006 1705 4068 innatet,
1737 4005 1852 4059 sive
1879 4005 1929 4058 in
1966 4003 2130 4058 fundo

559 4110 756 4165 aquam
782 4104 952 4161 secet,
985 4094 1050 4151 ad
1076 4098 1348 4167 rcptilium
1390 4097 1583 4152 attinet
1626 4110 1897 4164 naturam,
1934 4098 2131 4168 quippe

559 4192 703 4258 quod
729 4203 826 4256 per
871 4204 1025 4259 aqua;
1077 4204 1276 4257 corpus
1306 4204 1431 4244 sese
1461 4189 1661 4245 trahat.
1689 4188 2006 4258 Quanquam
2037 4205 2130 4242 au-

563 4287 668 4330 tem
701 4278 948 4345 quaedam
978 4291 1045 4330 ex
1074 4276 1426 4345 aquatilibus,
1458 4279 1625 4347 pedes
1660 4280 1881 4341 habent,
1908 4293 1972 4331 ac
2002 4292 2128 4347 gra-

563 4368 785 4423 diuntur
809 4368 1069 4440 (maxime
1100 4385 1224 4424 cum
1250 4370 1442 4425 horum
1484 4370 1744 4440 pleraque
1778 4370 1886 4425 sint
1921 4370 2131 4439 amphi-

2232 3454 2589 3525 Ἐξαγαγέτω
2618 3454 2690 3507 τὰ
2717 3452 2905 3506 ὕδατα
2936 3453 3153 3521 ἑρπετά
3182 3452 3401 3522 ψυχῶν
3422 3452 3647 3513 ζωσῶν.
3672 3454 3789 3507 Νῦν

2223 3547 2436 3617 πρῶτον
2476 3545 2714 3615 ἔμψυχον
2763 3544 2858 3597 καὶ
2902 3542 3207 3613 αἰσθήσεως
3250 3544 3476 3615 μετέχον
3509 3546 3625 3614 (85)
3654 3544 3797 3609 ζῶον

2219 3638 2647 3708 δημιουργεῖται.
2682 3635 2828 3689 Φυτὰ
2856 3634 2966 3707 γάρ
2989 3636 3085 3690 καὶ
3114 3635 3328 3708 δένδρα,
3360 3636 3461 3690 κᾶν
3498 3638 3596 3708 ζῇν
3628 3638 3795 3705 λέγη-

2220 3746 2308 3781 ται
2345 3727 2432 3781 διά
2460 3728 2520 3782 τὸ
2569 3727 2815 3798 μετέχειν
2860 3730 2960 3799 τῆς
3004 3727 3304 3801 θρεπικῆς
3354 3731 3450 3783 καὶ
3496 3729 3798 3798 αὐξητικῆς

2221 3821 2520 3893 δυνάμεως,
2553 3820 2666 3874 ἀλλ’
2701 3820 2822 3891 οὐχὶ
2864 3819 2959 3874 καὶ
2997 3820 3132 3885 ζῶα,
3168 3822 3288 3876 οὐδὲ
3321 3821 3557 3891 ἔμψυχα.
3591 3820 3795 3871 Τούτου

2225 3932 2288 3984 γε
2326 3915 2507 3979 ἕνεκα,
2549 3911 2917 3984 Ἐξαταγέτω
2946 3913 3019 3967 τὰ
3069 3912 3259 3967 ὕδατα
3291 3912 3524 3979 ἑρπετά.
3570 3912 3685 3963 Πᾶν
3732 3911 3794 3962 τὸ

2227 4008 2501 4080 νηκτικὸν,
2532 4006 2633 4061 κᾶν
2675 4010 2740 4078 τῇ
2782 4006 3069 4076 ἐπιφανείᾳ
3093 4006 3186 4057 τοῦ
3233 4005 3421 4066 ὓδατος
3448 4004 3790 4073 ἐπινήχηται,

2230 4100 2334 4154 κᾶν
2359 4099 2446 4152 διὰ
2479 4099 2676 4168 βάθους
2703 4098 2873 4169 τέμνῃ
2902 4097 2962 4149 τὸ
2984 4096 3146 4167 ὕδωρ,
3182 4096 3280 4166 τῆς
3316 4094 3421 4148 τῶν
3445 4096 3796 4166 έρπηστικῶν

2229 4192 2344 4243 ἐστι
2377 4188 2609 4257 φύσεως,
2658 4186 3049 4257 ὲπισυρόμενον
3078 4185 3156 4256 τῷ
3199 4186 3293 4240 τοῦ
3340 4186 3529 4249 ὓδατος
3561 4186 3792 4258 σώματι.

2228 4277 2344 4333 Κᾶν
2387 4278 2629 4331 ὑπόποδα
2673 4277 2730 4330 δὲ
2768 4276 2863 4330 καὶ
2912 4277 3216 4347 πορευτικὰ
3257 4276 3477 4349 ὑπάρχῃ
3518 4277 3639 4331 τινὰ
3689 4279 3798 4330 τῶν

2227 4366 2462 4438 ἐνύδρων
2515 4367 2774 4437 (μάλιστα
2822 4366 2920 4436 μὲν
2966 4367 3206 4436 ἀμφίϐια
3252 4367 3321 4422 τά
3377 4368 3547 4422 πολλὰ
3593 4369 3799 4421 τούτων

564 4459 688 4525 bia,
743 4457 886 4513 velut
912 4460 1120 4527 phoca‘,
1169 4460 1449 4524 crocodili,
1479 4460 1769 4515 ﬂuviatiles
1802 4459 1951 4529 equi,
1985 4474 2118 4513 rana

2230 4456 2374 4510 ἐστίν
2394 4473 2408 4487 ·
2451 4452 2560 4509 οἷον
2594 4457 2795 4526 φῶκαι,
2820 4458 2914 4510 καὶ
2954 4457 3306 4529 κροκόδειλοι,
3337 4460 3432 4511 καὶ
3462 4460 3510 4511 oi
3540 4459 3798 4527 ποτάμιοι

565 4563 618 4603 et
644 4550 873 4621 cancri),
914 4559 1151 4605 attamen
1187 4552 1411 4606 natatile
1443 4553 1619 4608 locum
1668 4553 1995 4621 prmeipuum
2025 4550 2118 4604 οἱ).

2232 4548 2407 4613 ἵπποι,
2457 4548 2550 4601 καὶ
2597 4549 2876 4619 βάτραχοι,
2927 4550 3019 4603 καὶ
3048 4550 3339 4623 καρκῖνοι),
3380 4551 3493 4604 ἀλλ’
3530 4546 3623 4602 οὖν
3663 4567 3797 4621 προ-

568 4640 722 4694 tinet.
774 4639 1065 4711 Propterea
1086 4680 1103 4708 ,
1160 4640 1465 4697 Producant
1495 4660 1647 4713 aqua:
1681 4642 1911 4710 reptilia.
1941 4639 2000 4694 lu
2050 4642 2118 4695 liis

2231 4638 2532 4709 ηγούμενον
2559 4641 2673 4710 ἔχει
2704 4640 2764 4693 τὺ
2793 4642 3067 4711 νηκτικόν.
3099 4644 3199 4698 Διὰ
3233 4644 3410 4703 τοῦτο.
3442 4643 3800 4711 Ἐξαγατέτω

564 4731 775 4800 exiguis
802 4732 982 4787 verbis
1016 4733 1287 4801 quodnam
1322 4734 1580 4789 omissum
1629 4744 1712 4788 est
1745 4733 1955 4804 genus?
2003 4733 2111 4801 (llllt

2231 4728 2305 4783 τὰ
2334 4728 2521 4783 ὒδατα
2557 4730 2794 4799 ἑρπετά.
2832 4733 2919 4787 Ἐν
2954 4733 3164 4798 τούτοις
3193 4738 3303 4797 τοῖς
3347 4738 3561 4804 μικροῖς
3592 4737 3799 4806 ῥήμασι

568 4839 674 4875 non
706 4825 1162 4895 comprehensum
1194 4835 1277 4881 est
1326 4826 1379 4879 in
1421 4826 1523 4881 hoc
1573 4826 1772 4896 opificii
1814 4825 2118 4895 praecepto'

2232 4820 2285 4873 τί
2335 4824 2587 4891 παρεῖται
2617 4823 2727 4893 (84)
2762 4823 2958 4892 γένος;
2996 4826 3049 4877 τί
3087 4828 3186 4879 οὐκ
3224 4825 3681 4896 ἐμπεριείληπται
3723 4827 3800 4897 τῷ

568 4913 758 4976 Nonne
808 4930 873 4973 ea
925 4930 1045 4986 qua;
1099 4917 1298 4971 animal
1364 4917 1622 4988 pariunt,
1676 4915 2135 4986 comprehendun-

642 5053 732 5108 “l
764 5053 890 5110 Cor.
924 5071 1019 5121 xu,
1046 5055 1099 5112 ’1.
1174 5057 1220 5090 ⁹⁰
1249 5054 1384 5111 Gen.
1429 5071 1469 5117 ι,
1492 5054 1581 5118 ΞΟ,
1614 5054 1705 5108 21.

642 5168 754 5307 (79)
781 5168 943 5223 Coisl.
988 5170 1191 5238 primus
1221 5169 1536 5238 simpliciter
1563 5170 1750 5238 ὁμιλία
1778 5169 1999 5240 ἑϐδόμη.

643 5237 732 5305 (80
804 5237 943 5291 Editi
992 5255 1113 5293 cum
1142 5240 1292 5293 Colb.
1320 5243 1558 5293 secundo
1585 5239 1855 5307 ἀστέρων.
1889 5246 1958 5294 At
1987 5258 1999 5294 t

643 5237 752 5307 (80)
804 5237 943 5311 Edjti
990 5237 1113 5293 cum
1142 5240 1292 5293 Colb.
1320 5237 1558 5293 secundo
1585 5237 1855 5309 ἀστέρων.
1889 5237 2140 5311 Atquin-

570 5322 691 5379 que_
704 5322 834 5379 mss.
864 5307 1099 5379 ἄστρων.

645 5376 756 5443 (Si)
787 5374 981 5431 Editio‘
1009 5378 1179 5432 Paris.
1212 5375 1559 5441 άπεξένυντο.
1597 5376 1773 5432 Editio
1832 5378 1994 5434 Basil.
2030 5374 2143 5433 άπὲ

574 5445 872 5511 εξέννυντο,
920 5459 1147 5518 utraque
1195 5448 1350 5501 male.
1385 5447 1545 5518 Regii
1570 5448 1778 5514 tertius,
1831 5452 2046 5518 quintus
2084 5461 2138 5503 et

578 5526 762 5585 Sestus
804 5532 922 5569 cum
969 5515 1137 5571 Coisl.
1178 5518 1350 5585 primo
1380 5515 1760 5579 ἁπεζέννυντο,
1791 5515 1861 5573 ad
1892 5524 2133 5582 verbum,

578 5584 864 5650 fervebant,
892 5588 990 5641 hoc
1012 5596 1112 5649 est,
1144 5584 1648 5651 statebaut,abunde
1674 5592 2017 5653 emergebant.
2044 5591 2137 5643 lie-

579 5656 648 5717 gii
681 5670 809 5725 vero
838 5668 1061 5725 quartus
1108 5669 1163 5711 et
1186 5668 1407 5711 octavus
1432 5672 1551 5710 cum
1589 5656 1740 5710 Colb.
1773 5662 2003 5713 secundo
2034 5664 2137 5714 ἀπ-

583 5723 870 5790 εςωοῦντο,
896 5726 1145 5778 animalia
1195 5727 1412 5794 ﬁebant,
1460 5726 1853 5782 animabamur.
1909 5728 2133 5786 Possunt

580 5794 699 5849 dure
730 5796 927 5851 ultima:
960 5796 1217 5853 lectiones
1240 5798 1303 5851 ad
1335 5795 1616 5851 arbitrium
1651 5796 1884 5854 admitti.

2237 4916 2622 4985 προστάγματι
2677 4915 2777 4986 τῆς
2842 4917 3249 4989 δημιουργίαςς
3327 4916 3406 4972 Οὐ
3479 4920 3549 4973 τά
3608 4920 3801 4984 ζωοτο-

2315 5168 2431 5241 (82),
2447 5168 2672 5225 Codices
2701 5171 2803 5225 duo
2836 5166 3129 5241 ἐπέδειξεν.
3171 5165 3423 5241 subinde
3447 5165 3583 5241 βάξις.
3623 5174 3802 5241 serius

2246 5236 2367 5293 cum
2403 5236 2556 5295 Colb.
2594 5243 2768 5309 primo
2798 5238 2891 5292 τοῦ
2920 5236 3054 5290 Θεοῦ
3091 5238 3251 5306 σοφία
3274 5239 3368 5290 καὶ
3401 5236 3647 5305 δύναμις.
3698 5236 3800 5285 hci:

2247 5310 2320 5363 ita
2351 5310 2515 5363 multo
2533 5308 2651 5378 po'st
2680 5326 2814 5363 unus
2849 5323 2945 5362 ms.
2977 5308 3331 5378 ἐγγινομένης
3355 5311 3484 5369 τοῖς.

2314 5380 2424 5448 (85)
2457 5371 2568 5433 Duo
2620 5396 2747 5433 mss.
2791 5371 3033 5447 μέτοχονζ
3056 5371 3251 5431 Statim
3288 5371 3517 5448 quatuor
3547 5387 3678 5448 mss.
3708 5371 3800 5448 ζῇν

2243 5442 2479 5516 λέγεται.
2516 5450 2675 5516 Edili__
2717 5442 2835 5500 cuiu
2884 5442 2992 5503 uno
3042 5463 3141 5501 ms.
3182 5442 3417 5514 λέγεται.
3454 5442 3614 5516 Paulo
3666 5442 3797 5516 infra

2242 5510 2408 5572 codex
2439 5520 2585 5573 Bodl.
2622 5514 2729 5571 οἷον
2762 5517 2940 5586 φῶκαι
2973 5519 3065 5571 καὶ
3085 5510 3326 5586 δελφῖνες
3358 5516 3449 5568 καὶ
3473 5514 3670 5582 νάρκαι
3714 5510 3801 5562 καὶ

2242 5590 2289 5641 οἱ
2314 5589 2587 5659 ποτάμιοι,
2615 5598 2716 5643 etc.

2315 5659 2428 5728 (84)
2459 5653 2608 5713 Coit).
2652 5660 2923 5713 secundus
2951 5659 3001 5711 τί
3030 5659 3092 5711 οὐ
3116 5662 3389 5730 παρεῖται,
3410 5653 3610 5730 invitis
3635 5666 3697 5730 ac
3725 5665 3800 5730 re-

2242 5724 2595 5800 clamantibus
2634 5742 2741 5781 tum
2786 5730 3010 5800 reliquis
3037 5746 3166 5785 mss.
3198 5724 3313 5784 ium
3358 5726 3515 5781 editis
3549 5724 3720 5784 libris,
3751 5724 3799 5773 iu

2240 5799 2431 5865 quibus
2453 5800 2595 5853 deest
2619 5800 2699 5852 οὐ.
