4062 6470
291 423 396 481 U9

1368 420 1656 477 liOMlLlA
1701 422 1788 477 \‘ll
1823 421 1888 477 IN
1922 420 2417 477 llEXAEMLRON.

3412 421 3515 478 150

285 539 506 603 κοῦντα,
540 533 648 595 οἷον
682 537 861 608 φῶκαι
890 538 985 592 καὶ
1010 537 1250 607 δελφῖνες
1283 539 1377 592 καὶ
1406 540 1626 610 νάρκαι,
1666 539 1762 592 καὶ
1783 538 1850 591 τὰ

1957 548 2083 602 tur,
2136 548 2194 591 ut
2248 538 2479 606 phocm,
2530 537 2850 604 delphines,
2918 534 3267 605 torpedines,
3323 543 3379 591 et
3431 536 3517 592 his

284 633 448 703 ὃμοια
485 630 722 695 τούτοις,
760 630 830 684 τὰ
860 630 1056 701 σελάχη
1087 628 1381 699 λεγόμενα;
1418 629 1480 681 ού
1509 629 1579 682 τὰ
1608 630 1850 692 ὡοτόκα,

285 719 435 793 ἅπερ
468 721 584 773 ἐστὶ
620 720 799 773 πάντα
841 719 1024 790 σχεδὸν
1064 718 1173 771 τῶν
1214 717 1409 788 ἰχθύων
1439 719 1506 771 τὰ
1542 719 1706 787 γένη;
1754 719 1853 790 ούχ

283 815 389 867 ὅσα
410 812 697 877 λεπιδωτὰ,
712 813 812 883 οὐχ
837 813 936 865 ὃσα
960 810 1222 881 φολιδωτὰ
1244 810 1375 881 (85),
1390 812 1488 882 ούχ
1503 806 1583 874 οἷς
1600 814 1714 864 ἐστι
1733 827 1855 864 πτε-

286 906 451 977 ρύγια
474 905 570 957 καὶ
600 900 680 969 οἷς
717 906 789 976 μή
822 906 1001 967 ὲστιν;
1043 903 1107 955 Ἦ
1142 902 1240 972 μὲν
1283 902 1435 974 φωνὴ
1481 901 1577 956 τοῦ
1612 903 1853 975 προστά-

283 1013 495 1067 γματος
553 997 743 1068 μικρὰ,
798 995 995 1067 μᾶλλον
1043 994 1099 1047 δὲ
1142 995 1264 1048 οὐδὲ
1298 994 1469 1065 φωνὴ,
1520 994 1658 1049 ἀλλὰ
1711 995 1850 1068 ῥοπὴ

288 1090 450 1161 μόνον
488 1090 580 1143 καί
614 1090 756 1162 ὁρμὴ
797 1086 890 1140 τοῦ
930 1086 1261 1157 θελήματος·
1314 1088 1376 1141 τὸ
1422 1088 1479 1141 δὲ
1523 1089 1623 1160 τῆς
1667 1090 1726 1141 ὲν
1772 1086 1851 1158 τῷ

284 1181 672 1253 προστάγματι
699 1179 937 1243 διανοίας
965 1177 1229 1249 πολύχουν
1256 1178 1509 1233 τοσοῦτόν
1535 1180 1700 1242 ἐστιν,
1729 1178 1850 1230 ὅσαι

284 1274 382 1326 καὶ
425 1272 534 1339 (86)
580 1275 634 1325 αἰ
681 1270 787 1324 τῶν
843 1268 1037 1341 ἰχθύων
1075 1270 1328 1342 διαφοραὶ
1374 1270 1468 1323 καὶ
1521 1268 1848 1338 κοινότητες,

284 1357 368 1428 οἷς
401 1366 534 1417 πᾶσι
570 1364 634 1416 δι’
664 1361 945 1433 ἀκριὸεἰας
992 1360 1299 1427 ἐπεξελθεῖν
1331 1361 1443 1414 ἴσον
1474 1362 1590 1413 ἐστί
1628 1361 1723 1413 καὶ
1754 1358 1852 1414 κύ-

289 1472 436 1525 ματα
474 1454 739 1521 πελάγους
766 1452 1216 1524 ἀπαριθμεῖσθαι,
1251 1451 1283 1522 ἢ
1312 1454 1432 1516 ταῖς
1455 1451 1706 1515 κοτύλαις
1732 1469 1852 1505 πει-

291 1544 490 1616 ρᾶσθαι
520 1545 580 1596 τὸ
605 1542 748 1614 ὕδωρ
776 1543 875 1614 τῆς
904 1543 1173 1613 θαλάσσης
1215 1543 1563 1614 ἀπομετρεω.
1608 1544 1851 1613 Ἑξαγα-

287 1636 434 1708 γέτω
456 1636 527 1689 τὰ
555 1635 743 1688 ὕδατα
766 1634 1001 1704 ἑρπετά.
1036 1635 1123 1687 Ἐν
1143 1634 1352 1699 τούτοις
1379 1635 1455 1689 ἔνι
1480 1635 1551 1688 τὰ
1574 1634 1847 1703 πελάγια,

285 1729 354 1782 τὰ
382 1725 695 1797 αἱγιαλώδη,
718 1726 786 1781 τὰ
822 1726 1000 1796 βύθια,
1023 1727 1092 1780 τὰ
1124 1726 1392 1800 πετρώδη,
1418 1727 1485 1780 τὰ
1514 1726 1757 1794 ἀγελαῖα,
1782 1726 1850 1781 τὰ

286 1818 606 1889 σποραδικὰ,
640 1819 707 1873 τὰ
760 1821 922 1890 κήτη,
965 1818 1032 1872 τὰ
1079 1820 1389 1891 ὑπέρογκα,
1436 1817 1504 1871 τὰ
1546 1817 1849 1871 λεπτότατα

1953 629 2150 683 similia
2183 669 2198 694 ,
2246 644 2366 698 quas
2428 629 2681 682 dicuntur
2742 627 3176 695 cartilaginosa?
3229 642 3410 683 annon
3453 643 3516 682 ea

1951 724 2337 790 comprehensa
2387 730 2511 775 sunt
2564 736 2685 792 qure
2743 734 2844 775 ora
2902 721 3103 786 edunt,
3158 721 3335 790 qualia
3390 733 3521 777 sunt

1950 817 2125 871 omnia
2155 817 2269 871 fere
2320 817 2543 885 piscium
2600 814 2847 885 genera?
2879 829 3054 868 nonne
3079 829 3365 884 squamosa
3394 829 3514 870 om-

1952 909 2036 962 nia
2058 909 2082 960 ?
2105 923 2281 963 nonne
2310 909 2487 964 omnia
2535 908 2799 962 corticosa
2827 906 2852 959 τ
2879 922 3052 961 nonne
3085 906 3280 975 quibus
3337 908 3520 963 insunt

1948 1000 2147 1069 pinum,
2173 1009 2228 1054 et
2258 1001 2451 1067 quibus
2495 1013 2597 1052 non
2655 1008 2781 1052 sunt
2804 998 2829 1051 2
2852 997 2969 1053 Vox
3017 998 3233 1067 quidem
3264 999 3517 1069 praecepti

1948 1103 2136 1157 parva,
2172 1091 2283 1143 imo
2311 1104 2378 1142 ne
2415 1103 2517 1143 vox
2549 1088 2788 1156 quidem,
2820 1089 2913 1142 scd
2941 1087 3111 1142 solum
3146 1096 3307 1143 nutus
3339 1097 3394 1143 et
3421 1104 3518 1144 vo-

1950 1177 2172 1233 luntatis
2206 1179 2473 1246 impetus:
2508 1186 2562 1231 at
2597 1193 2725 1231 vero
2767 1179 3071 1243 sementim,
3094 1192 3210 1243 quas
3232 1180 3285 1232 in
3312 1193 3517 1249 praece-

1950 1280 2041 1339 pto
2062 1269 2347 1333 delitescit,
2381 1278 2526 1323 tanta
2550 1280 2637 1324 est
2687 1269 2941 1330 varietas,
2973 1280 3175 1339 quanta
3213 1279 3267 1323 et
3296 1269 3410 1339 ipsa
3438 1270 3520 1337 pi-

1950 1362 2120 1414 scium
2148 1360 2469 1425 diti‘erentia,
2499 1369 2590 1414 aut
2616 1360 2869 1415 societas.
2903 1360 3033 1428 Quae
3052 1361 3232 1416 omnia
3267 1372 3517 1416 accurate

1952 1467 2252 1519 recensere,
2277 1453 2496 1521 perinde
2519 1460 2600 1506 est
2632 1464 2793 1522 atque
2827 1452 2872 1506 si
2907 1453 3176 1522 quispiam
3205 1452 3399 1507 ﬂuctus
3428 1466 3521 1522 pe-

1951 1537 2051 1603 lagi
2085 1552 2427 1603 enumerare,
2465 1547 2558 1592 aut
2608 1554 2798 1595 manus
2839 1540 2955 1594 vola
2987 1557 3180 1611 aquam
3235 1542 3398 1595 maris
3425 1546 3519 1595 ad-

1952 1629 2126 1682 tuetiri
2185 1642 2490 1684 conaretur.
2534 1630 2839 1685 Producant
2888 1648 3037 1701 aqua:
3090 1632 3311 1697 reptilia.
3341 1633 3397 1687 l'n
3437 1634 3520 1689 bis

1950 1730 2077 1774 sunt
2097 1720 2323 1789 pelagio,
2356 1722 2593 1788 littorea,
2622 1723 2725 1778 alia
2754 1725 2806 1779 in
2838 1724 3100 1795 profundo
3123 1725 3387 1795 degentia,
3415 1727 3518 1781 alia

1952 1812 2119 1882 petris
2154 1813 2479 1866 adhaerentia
2521 1831 2535 1865 :
2571 1825 2697 1868 sunt
2752 1817 3012 1886 gregalia,
3067 1818 3340 1886 solivaga,
3379 1830 3519 1884 cete,

283 1910 391 1963 τῶν
438 1910 651 1981 ἰχθύων.
713 1912 789 1983 Τῇ
834 1911 944 1983 γὰρ
989 1913 1125 1982 αὐτῇ
1176 1910 1421 1981 δυνάμει,
1483 1911 1577 1964 καὶ
1630 1908 1708 1979 τῷ
1753 1909 1851 1981 ἴσῳ

1953 1906 2169 1960 maximi
2200 1916 2256 1961 et
2290 1907 2634 1961 minutissimi
2660 1907 2855 1977 pisces.
2887 1909 3173 1964 Enimvero
3201 1914 3400 1968 virtute
3430 1928 3523 1968 ea-

285 2003 685 2073 προστὰγματι,
719 2005 779 2056 τό
804 2020 861 2056 τε
900 2003 1040 2075 μέγα
1072 2003 1253 2056 καὶτὸ
1284 2003 1479 2073 μικρὸν
1515 2001 1853 2073 μεταλαγχά-

282 2110 364 2145 νει
386 2092 476 2146 τοῦ
502 2089 659 2148 εἶναι.
699 2092 1062 2162 Ἐξιιγαγέτω
1084 2094 1154 2147 τὰ
1180 2093 1381 2147 ὕδατα.
1415 2094 1621 2161 Ἐδειξέ
1651 2110 1731 2147 σοι
1751 2094 1851 2163 τὴν

284 2185 519 2255 φυσικὴν
574 2185 683 2238 τῶν
728 2185 937 2254 νηκτῶν
994 2185 1129 2255 πρὸς
1181 2186 1241 2238 τὸ
1294 2185 1439 2256 ὕδωρ
1501 2184 1844 2253 συγγένειαν·

281 2276 363 2329 διὸ
407 2276 518 2347 (87)
560 2277 749 2348 μικρὸν
785 2278 833 2328 οἰ
884 2275 1063 2347 ἰχθύες
1112 2276 1469 2348 χωρισθέντες
1514 2275 1605 2328 τοῦ
1661 2276 1851 2338 ὓδατος

282 2368 700 2438 διαφθείρονται.
753 2367 886 2420 Οὐδὲ.
932 2369 1042 2440 γὰρ
1098 2370 1309 2439 ἔχουσιν
1358 2369 1647 2437 ἀναπνοὴν,
1708 2366 1849 2419 ὥστε

284 2460 462 2513 ’ἐλκειν
505 2458 592 2510 τὸν
634 2458 770 2529 ἀέρα
805 2459 1028 2513 τοῦτον·
1081 2460 1193 2514 ἀλλ’
1238 2462 1373 2530 ὅπερ
1420 2462 1529 2521 τοῖς
1577 2458 1849 2536 χερσαίοις

285 2554 433 2605 ἐστὶν
467 2552 593 2621 ἀὴρ,
628 2551 788 2605 τοῦτο
834 2552 913 2624 τῷ
959 2551 1157 2621 πλωτῷ
1187 2552 1331 2621 γένει
1363 2552 1424 2604 τὸ
1456 2550 1616 2621 ὕδωρ.
1653 2552 1764 2604 Καὶ
1815 2552 1849 2623 ἡ

286 2640 436 2693 αἰτία
488 2639 640 2711 δήλη.
692 2642 813 2694 Ὅτι
874 2643 1003 2712 ἡμῖν
1061 2641 1156 2710 μὲν
1203 2641 1230 2692 ὁ
1275 2639 1529 2711 πνεύμων
1585 2639 1847 2709 ἔγκειται,

284 2730 475 2800 ἀραιὸν
509 2731 600 2784 καὶ
633 2731 937 2803 πολύπορον
967 2730 1287 2801 σπλάγχνον,
1315 2731 1344 2784 ὃ
1375 2731 1462 2784 διὰ
1497 2733 1596 2801 τῆς
1625 2731 1717 2784 τού
1748 2729 1853 2784 θώ-

289 2840 450 2893 ρακος
482 2825 763 2894 διαστολῆς
794 2824 883 2876 τὸν
913 2824 1052 2894 ἀέρα
1086 2825 1392 2895 δεχόμενον,
1426 2823 1488 2877 τὸ
1517 2823 1662 2877 ἔνδον
1693 2827 1724 2895 ἡ
1735 2824 1850 2895 μῶν

286 2915 488 2985 θερμὸν
512 2914 840 2986 διαρριπίζει
880 2916 973 2967 καὶ
1005 2915 1266 2986 ἀναψύχει
1290 2932 1302 2946 ·
1329 2916 1556 2980 ἐκείνοις
1591 2916 1648 2969 δὲ
1679 2918 1712 2987 ἡ
1742 2916 1852 2969 τῶν

288 3004 562 3075 βραγχίων
615 3003 865 3076 διαστολὴ
922 3005 1013 3058 καὶ
1067 3004 1369 3069 ἐπίπτύξις,
1430 3004 1731 3074 δεχομένων
1792 3003 1852 3057 τὸ

288 3097 434 3169 ὕδωρ
459 3098 553 3152 καὶ
581 3098 842 3161 διιέντων,
877 3098 963 3150 τὸν
995 3098 1091 3166 τῆς
1138 3097 1411 3165 ἀναπνοῆς
1434 3096 1587 3166 λόγον
1614 3096 1853 3168 ἀποπλη-

1951 1997 2071 2049 dctn
2105 2005 2161 2050 ct
2187 1998 2377 2065 aequali
2410 2007 2678 2067 praecepto
2712 1999 2914 2052 animal
2963 2008 3075 2053 tum
3122 2015 3373 2069 magnum
3407 2012 3518 2055 tum

1951 2104 2171 2159 parvum
2201 2090 2253 2142 in
2284 2089 2457 2143 lucem
2491 2088 2691 2143 editur.
2730 2088 3044 2145 Producant
3074 2109 3244 2162 aqua.
3277 2091 3524 2149 Ostendit

1950 2182 2048 2237 tibi
2077 2198 2193 2236 eam
2226 2198 2385 2251 quam
2419 2183 2660 2238 natatilia
2719 2198 2842 2239 cum
2882 2185 3035 2254 aquis
3070 2185 3270 2239 habent
3293 2184 3524 2239 aliinita-

1950 2287 2056 2329 tem
2084 2291 2098 2341 ;
2135 2290 2306 2343 eoque
2330 2277 2505 2344 pisces
2533 2276 2802 2346 paululum
2830 2278 2898 2331 ab
2942 2292 3082 2347 aqua
3119 2278 3334 2343 semoti,
3359 2277 3525 2331 inter-

1948 2377 2099 2423 eunt.
2142 2367 2328 2437 Neque
2376 2368 2518 2423 enim
2565 2368 2697 2437 ipsis
2748 2369 2889 2423 inest
2933 2370 3251 2438 respiratio,
3281 2378 3339 2422 ut
3385 2370 3525 2425 hunc

1952 2458 2159 2529 possint
2213 2459 2429 2513 trahere
2460 2475 2639 2514 aerem
2670 2477 2685 2512 :
2720 2460 2815 2514 sed
2866 2461 3009 2529 quod
3068 2460 3419 2514 terrestribus
3442 2468 3523 2515 est

1949 2564 2062 2611 aer.
2100 2551 2153 2605 id
2182 2564 2320 2619 aqua
2358 2561 2440 2605 est
2492 2551 2617 2605 huic
2672 2552 2976 2605 natatilium
3030 2551 3236 2619 generi.
3269 2551 3331 2606 Et
3359 2566 3518 2605 causa

1952 2642 2094 2694 clara
2117 2650 2203 2696 est
2234 2651 2288 2694 ct
2310 2642 2619 2697 manifesta.
2644 2640 2908 2696 Nimirum
2936 2641 2990 2696 in
3019 2643 3171 2696 nobis
3205 2651 3289 2696 est
3318 2641 3522 2710 pulmo,

1950 2733 2128 2787 viscus
2154 2748 2335 2787 rarum
2377 2746 2441 2787 ac
2480 2733 2662 2789 multis
2698 2734 2966 2788 meatibus
2994 2745 3207 2802 patens,
3243 2734 3385 2801 quod
3431 2747 3527 2801 per

1953 2822 2194 2877 thoracis
2242 2822 2627 2878 distensionem
2688 2837 2867 2878 aerem
2924 2824 3209 2891 recipiens,
3254 2825 3523 2878 internum

1954 2922 2198 2969 nostrum
2249 2912 2480 2967 calorem
2540 2914 2762 2968 ventilat
2814 2913 3200 2982 refrigeratque
3236 2928 3251 2944 ο
3319 2915 3369 2967 in
3423 2914 3526 2967 illis

1953 3018 2082 3061 vero
2130 3006 2514 3063 branchiarum
2579 3008 2840 3062 distensio
2903 3017 2958 3061 ct
3013 3008 3352 3072 contractio,
3406 3022 3524 3077 qua:

1955 3112 2147 3165 aquam
2172 3100 2474 3166 suscipiunt
2509 3109 2562 3152 et
2584 3100 2860 3161 emittunt,
2886 3114 3081 3152 munus
3114 3113 3180 3153 ac
3213 3100 3382 3153 vicem
3428 3114 3527 3153 ex-

287 3195 394 3263 ροί.
444 3192 601 3256 Ἴδιος
652 3192 849 3261 κλῆρος
901 3190 1007 3242 τῶν
1062 3189 1275 3259 ἰχθύων,
1319 3189 1423 3243 ἰδία
1455 3189 1635 3258 φύσις,
1675 3189 1851 3243 δίαιτα

1954 3190 2100 3261 plent
2124 3190 2516 3259 respirationis.
2557 3189 2776 3258 Propria
2809 3190 3033 3259 piscium
3059 3200 3140 3244 est
3165 3204 3303 3250 sors,
3335 3201 3522 3242 natura

288 3282 689 3351 κεχωρισμένη,
730 3281 1025 3352 ἰδιότροπος
1060 3282 1093 3352 ὴ
1130 3279 1260 3353 ζωή.
1304 3282 1400 3336 Διὰ
1438 3282 1583 3334 τοῦτο
1620 3281 1738 3335 οὐδὲ
1774 3297 1851 3334 τι-

1953 3280 2192 3349 propria,
2225 3280 2399 3334 victus
2429 3290 2727 3349 separatus,
2779 3280 3063 3348 peculiaris
3097 3281 3221 3332 vita.
3264 3278 3384 3332 Ideo
3434 3294 3527 3332 ne-

288 3372 646 3427 θασσεύεσθαί
676 3389 729 3425 τι
755 3372 865 3426 τῶν
903 3372 1116 3444 νηκτῶν
1156 3373 1530 3445 καταδέχεται,
1564 3373 1683 3427 οὐδὲ
1720 3372 1855 3437 ὅλως

288 3463 549 3535 ὑπομένει
583 3464 763 3537 χειρὸς
787 3466 1133 3539 ἀνθρωπίνης
1157 3465 1433 3537 ἐπιϐολήν.

359 3554 413 3611 2.
467 3554 829 3625 Ἐξαγιιγέτω
856 3555 929 3608 τὰ
949 3554 1136 3608 ὕδατα
1164 3554 1379 3624 ἑρπετὰ
1406 3554 1624 3624 ψυχῶν
1655 3553 1856 3616 ζωσῶν

286 3647 440 3700 κατὰ
483 3645 673 3715 γένος.
733 3644 991 3698 Έκάστου
1045 3644 1235 3713 γένους
1280 3646 1380 3709 τὰς
1428 3645 1679 3715 ἀπαρχὰς
1735 3644 1851 3708 νῦν,

285 3738 453 3791 οἱονεί
482 3736 772 3809 σπέρματά
800 3754 919 3791 τινα
951 3740 1050 3809 τῆς
1082 3737 1314 3806 φύσεως,
1358 3735 1725 3808 προϐληθῆναι
1766 3752 1854 3788 κε-

284 3826 433 3880 λεύει
473 3826 617 3898 (88)’
652 3828 713 3881 τὸ
743 3828 799 3882 δὲ
834 3827 1034 3898 πλῆθος
1079 3828 1255 3881 αὐτῶν
1299 3832 1355 3880 ὲν
1400 3831 1466 3900 τῇ
1502 3828 1637 3899 μετὰ
1685 3828 1854 3883 ταῦτα

285 3919 502 3991 διαδοχῇ
535 3920 886 3989 ταμιεύεται,
920 3922 1046 3973 ὅταν
1075 3920 1396 3986 αὐξάνεσθαι
1420 3922 1558 3974 αὐτὰ
1590 3924 1684 3976 καὶ
1715 3923 1854 3995 πλη-

285 4007 542 4060 θύνεσθαι
580 4008 695 4078 δέῃ.
739 4009 932 4061 Ἀλλου
968 4010 1156 4079 γένους
1194 4011 1309 4063 ἐστὶ
1340 4008 1406 4063 τὰ
1446 4010 1856 4084 ὀστρακόδερμα

286 4099 833 4170 προσαγορευόμενα’
865 4095 975 4154 οἷον
1004 4101 1228 4171 κόγχαι,
1261 4104 1353 4156 καὶ
1379 4103 1599 4168 κτένες,
1636 4105 1729 4158 καί
1767 4122 1855 4157 κο-

285 4190 434 4263 χλίαι
476 4190 775 4259 θαλάσσιοι,
816 4194 910 4247 καί
956 4194 1237 4266 στρόμϐοι,
1283 4196 1377 4248 καὶ
1416 4196 1469 4248 αἰ
1513 4195 1703 4267 μυρίαι
1745 4196 1855 4249 τῶν

284 4284 524 4353 ὀστρέων
548 4284 817 4356 διαφοραί.
850 4286 1012 4339 ’Λλλο
1032 4287 1191 4340 πάλιν
1221 4286 1369 4357 παρά
1391 4286 1559 4341 ταῦτα
1582 4288 1756 4357 γένος,
1786 4287 1855 4340 τὰ

290 4375 713 4447 μαλακόστρακα
736 4394 999 4449 προσειρη
1010 4378 1163 4448 μένα,
1191 4379 1442 4451 κάραϐοι,
1465 4381 1558 4433 καί
1585 4383 1851 4451 καρκῖνοι,

284 4468 468 4521 καὶτὰ
497 4468 851 4540 παραπλήσια
880 4469 1108 4533 τούτοις.
1144 4472 1368 4543 Ἕτερον
1396 4473 1543 4542 παρὰ
1565 4472 1733 4526 ταῦτα
1760 4472 1852 4541 γέ-

1954 3384 2058 3437 que
2087 3370 2318 3425 cicurari
2355 3371 2648 3439 quidquam
2686 3386 2749 3424 ex
2784 3369 3097 3424 nat-utilibus
3125 3379 3322 3438 potest,
3358 3382 3528 3438 neque

1957 3460 2064 3514 ullo
2105 3463 2263 3516 modo
2294 3464 2544 3516 humanae
2576 3476 2770 3515 manus
2799 3470 3105 3515 contactum
3141 3461 3362 3530 patitur.

2023 3553 2077 3607 2.
2107 3552 2417 3607 Producaut
2441 3568 2589 3621 aqum
2631 3553 2840 3616 reptilia
2886 3555 3178 3607 animarum
3216 3549 3525 3623 “vicen-

1954 3644 2083 3696 tium
2104 3644 2387 3696 secundum
2410 3659 2591 3711 genus.
2630 3644 3067 3714 Uniuscujusquc
3091 3644 3303 3712 generis
3338 3642 3526 3710 primi-

1958 3730 2059 3786 tias
2088 3746 2250 3793 nunc.
2287 3732 2441 3802 quasi
2488 3733 2731 3801 quzedatn
2776 3744 2982 3788 naturte
3026 3734 3267 3796 semina,
3305 3736 3525 3805 produci

1949 3822 2104 3893 jubet
2135 3841 2147 3877 :
2177 3838 2364 3881 eorum
2422 3835 2602 3880 autem
2646 3825 2932 3881 multitudo
2967 3826 3020 3880 in
3056 3836 3361 3880 secuturam
3413 3842 3530 3881 suc-

1955 3919 2253 3973 cessionem
2290 3919 2614 3983 rcmittitur,
2655 3935 2774 3974 cum
2825 3934 2887 3972 ea
2938 3930 3091 3973 aucta
3130 3919 3429 3986 oportuerit
3464 3933 3527 3981 ac

1963 4010 2333 4078 multiplicata.
2380 4011 2620 4065 Alterius
2670 4012 2881 4078 generis
2928 4017 3053 4064 sunt
3102 4024 3164 4064 ea
3207 4024 3325 4079 quas
3374 4011 3527 4064 testis

1954 4110 2139 4169 aperta
2202 4100 2485 4164 dicuntur,
2539 4116 2638 4155 ceu
2682 4103 2921 4164 conchae,
2976 4102 3248 4170 pectines,
3292 4101 3527 4158 cochlea:

1955 4192 2196 4258 marium,
2232 4195 2481 4260 strombi,
2513 4203 2568 4249 et
2601 4193 2900 4249 innumera:
2944 4206 3247 4251 ostreorum
3276 4194 3528 4250 diti‘eren-

1956 4285 2062 4339 tiae.
2100 4283 2304 4339 Praeter
2337 4286 2450 4340 haec
2476 4285 2622 4339 aliud
2660 4301 2849 4341 rursus
2876 4300 3044 4353 genus
3076 4296 3202 4341 sunt
3241 4302 3361 4356 qua
3398 4302 3527 4340 cru-

1956 4387 2134 4432 stac-ea
2192 4390 2494 4432 vocantur:
2526 4379 2778 4432 nimirum
2822 4378 3043 4441 carabi,
3084 4378 3289 4441 cancri,
3338 4386 3391 4431 et
3440 4378 3525 4432 his

1956 4469 2173 4523 similia.
2216 4468 2373 4523 Aliud
2419 4480 2615 4538 praeter
2668 4471 2779 4523 lucc
2828 4485 2995 4538 genus
3037 4478 3122 4523 est
3172 4482 3357 4524 eorum
3400 4484 3521 4538 quae

284 4581 376 4628 νος
411 4564 527 4618 ἐστί
559 4563 628 4617 τὰ
662 4562 901 4635 μαλάκια
938 4564 1079 4617 οὕτω
1117 4565 1625 4636 προσαγορευθέντα
1646 4605 1661 4629 ,
1713 4566 1851 4620 ὅσων

1959 4565 2134 4619 mollia
2166 4564 2434 4633 appellant
2468 4580 2482 4616 :
2517 4578 2747 4633 quorum
2785 4579 2914 4619 caro
2956 4576 3142 4620 tenera
3171 4574 3257 4620 est
3293 4574 3347 4621 et
3375 4566 3513 4632 laxa,

285 4661 321 4726 ἡ
372 4659 506 4730 σὰρξ
548 4659 731 4731 ἁπαλὴ
763 4660 856 4712 καὶ
905 4659 1111 4729 χαύνη·
1146 4658 1475 4724 πολύποδες,
1511 4660 1603 4711 καὶ
1638 4658 1850 4728 σηπίαι,

285 4750 380 4803 καὶ
410 4752 478 4803 τὰ
514 4750 673 4819 ὅμοια
697 4751 927 4812 τούτοις.
960 4752 1071 4803 Καὶ
1100 4752 1156 4803 ὲν
1180 4751 1388 4815 τούτοις
1410 4751 1572 4805 πάλιν
1597 4751 1854 4822 διαφοραὶ

288 4841 497 4913 μυρίαι.
529 4842 831 4911 Δράκοντες
868 4842 976 4913 γὰρ
1006 4843 1101 4895 καὶ
1138 4843 1396 4913 μύραιναι
1428 4844 1540 4913 (89)
1577 4845 1671 4896 mi.
1701 4844 1856 4914 ἐγχέ-

284 4937 428 4999 λυες,
457 4937 512 4988 αἱ
538 4932 680 4988 κατὰ
708 4937 831 4997 τοὺς
862 4934 1101 4997 ἰλυώδεις
1131 4938 1406 5004 ποταμοὺς
1431 4936 1523 4988 καὶ
1547 4936 1742 5005 λίμνας
1766 4951 1849 5003 γι-

282 5025 524 5095 νόμεναι,
557 5026 671 5088 τοῖς
711 5024 933 5088 ἰοθόλοις
979 5024 1178 5095 μᾶλλον
1221 5024 1328 5076 τῶν
1362 5026 1625 5097 ἑρπετῶν,
1664 5025 1698 5096 ἢ
1736 5026 1850 5088 τοῖς

285 5119 462 5189 ἰχθύσι
504 5118 644 5173 κατὰ
682 5118 779 5189 τὴν
821 5120 1115 5190 ὁμοιότητα
1152 5118 1251 5189 τῆς
1295 5118 1507 5186 φύσεως
1559 5116 1849 5193 προσεγγί-

282 5213 486 5273 ζούσιν.
538 5210 699 5263 Ἀλλο
728 5211 883 5279 γένος
910 5212 971 5263 τὸ
998 5212 1106 5264 τῶν
1150 5211 1545 5274 ὼοτοκούντων,
1591 5211 1685 5263 καὶ
1722 5208 1853 5263 ἄλλο

281 5302 343 5353 τὸ
368 5301 477 5355 τῶν
512 5301 938 5368 ζωοτοκούντων.
980 5304 1246 5356 Ζωοτοκεῖ
1269 5302 1323 5356 δὲ
1363 5301 1430 5355 τὰ
1468 5300 1710 5372 γαλεὼδη
1756 5299 1850 5353 καὶ

354 5573 466 5647 (85)
496 5572 587 5625 Sic
621 5575 751 5629 Dnc.
797 5584 1023 5643 uterque
1060 5584 1127 5647 et
1145 5573 1389 5647 (Jouibcl‘.
1424 5589 1541 5647 cum
1564 5571 1701 5647 aliis
1733 5574 1849 5643 qui-

282 5644 503 5701 b‘tsdatn
532 5660 655 5699 mss.
693 5647 879 5699 Nusu'a
909 5648 1073 5697 editio
1102 5645 1272 5697 Paris.
1300 5644 1600 5710 φωλιδωτὰ.

354 5718 464 5777 (86)
496 5715 565 5767 Ita
598 5730 724 5767 mss.
760 5717 933 5768 tnulti.
972 5716 1131 5769 Abest
1170 5713 1261 5768 καί
1290 5718 1356 5765 ab
1387 5718 1567 5769 editis.

355 5785 464 5850 (37)
498 5784 643 5840 Unus
694 5801 792 5836 ius.
845 5786 911 5837 δι’
965 5787 1067 5838 ὅτι.
1117 5788 1403 5851 Aliquanto
1452 5797 1568 5853 post
1612 5784 1845 5852 quinque

284 5869 413 5910 nisi.
444 5856 523 5909 ὅτι
574 5857 704 5925 ἡμῖν
763 5856 859 5923 μὲν
910 5859 953 5909 ὁ.
1008 5857 1159 5910 Deest
1211 5854 1307 5924 μέν
1350 5854 1399 5908 in
1471 5865 1695 5923 utraque
1732 5855 1837 5907 edi-

1952 4656 2030 4708 uti
2054 4655 2249 4725 polypi,
2282 4664 2335 4707 et
2363 4654 2545 4724 scpim,
2578 4664 2877 4725 caeteraqtie
2920 4657 3201 4725 ejusmodi.
3232 4656 3298 4710 Et
3328 4658 3381 4709 in
3414 4656 3515 4711 illis

1954 4749 2147 4800 iterum
2205 4746 2429 4801 infinitae
2478 4749 2821 4817 reperiuntur
2886 4747 3192 4801 varietates.
3250 4746 3521 4801 Dracones

1952 4841 2116 4906 enim,
2149 4855 2424 4904 muraenae,
2455 4851 2509 4895 et
2542 4841 2789 4912 anguilla!
2815 4840 2867 4893 in
2897 4841 3104 4895 limosis
3128 4838 3438 4895 ﬂuminibus
3467 4849 3523 4895 et

1955 4934 2006 4987 in
2063 4933 2270 5003 stagnis
2321 4944 2640 4999 nascentes,
2678 4933 2960 4999 reptilibus
3013 4932 3297 4987 venenatis
3352 4932 3524 5000 magis

1954 5039 2113 5093 quam
2140 5022 2538 5093 piscibusjuxta
2566 5034 2775 5077 natura:
2798 5022 3205 5077 similitudinem
3235 5026 3523 5079 accedunt.

1954 5113 2231 5171 Pertinent
2259 5117 2324 5168 ad
2384 5116 2528 5170 aliud
2581 5130 2751 5185 genus
2802 5130 2865 5170 ea
2917 5130 3037 5185 quae
3074 5128 3258 5179 ovum,
3289 5115 3355 5167 ad
3381 5114 3523 5169 aliud

1957 5223 2082 5262 vero
2105 5223 2164 5261 ea
2196 5224 2314 5275 qum
2351 5207 2552 5261 animal
2594 5208 2829 5277 pariunt.
2861 5205 3157 5261 i'rocreant
3200 5215 3380 5261 autem
3406 5208 3526 5261 ani-

1956 5299 2150 5355 malea
2184 5314 2302 5370 qua:
2342 5299 2618 5355 mustelini
2660 5300 2874 5371 generis
2912 5307 3116 5355 suntet
3134 5297 3356 5369 cynisci,
3389 5307 3443 5352 et
3470 5298 3523 5352 in

1954 5572 2116 5626 tione.

2025 5645 2137 5713 (88)
2193 5645 2325 5714 Reg.
2371 5651 2556 5697 sextus
2598 5658 2719 5695 eum
2765 5642 2934 5714 (Iulli.
2966 5638 3520 5714 printuﬁuﬂqOﬁvat

1952 5709 2177 5767 κελεύει.
2223 5709 2419 5768 Ibidem
2466 5724 2695 5781 quatuor
2737 5730 2864 5765 tnss.
2892 5713 2952 5766 τὸ
2979 5710 3032 5764 δὲ
3088 5709 3307 5781 πλῆθος.
3358 5712 3521 5765 Abest

1949 5782 2003 5836 δέ
2026 5787 2093 5834 ali
2123 5789 2354 5839 excusis.

2021 5858 2130 5923 (Sil)
2163 5855 2308 5909 Multi
2343 5870 2470 5908 IiieS.
2508 5854 2598 5906 καὶ
2628 5850 2939 5923 σμύραιναι.
