4062 6482
513 394 617 453 151

1859 400 1917 454 S.
1962 398 2210 454 BASILII
2252 399 2464 455 MAGNI

3672 401 3798 456 152

508 529 742 579 summa,
777 529 840 569 ea
867 529 984 585 qua:
1027 516 1411 587 cartilaginosa
1455 526 1731 571 vocantur.
1759 517 1896 583 Quin
1928 519 2094 572 etiam

2212 518 2247 570 3i
2299 518 2544 571 κυνίσκοι
2588 517 2722 589 (90),
2765 517 2858 571 καὶ
2895 517 3230 582 ἁπαξαπλῶς
3266 519 3333 572 τά
3376 517 3576 588 σελάχη
3629 517 3794 586 λεγό-

511 605 656 664 inter
683 614 836 673 cete,
868 607 1098 677 plurima
1133 616 1263 663 sunt
1313 620 1432 676 qute
1476 607 1677 660 animal
1710 608 1953 678 gignunt,
1981 607 2095 662 del—

515 695 712 764 phines
740 703 797 750 et
819 696 1032 765 phocae,
1059 711 1182 765 quae
1215 709 1341 751 suos
1379 695 1587 751 catulos
1628 705 1876 751 recentes
1921 698 2099 752 adhuc

512 799 575 838 ac
608 798 847 850 teneros,
879 784 1057 855 aliqua
1089 801 1157 842 ex
1190 801 1354 841 causa
1396 788 1741 857 perterritos,
1773 788 1827 842 in
1858 798 2097 842 ventrem

514 879 692 931 denuo
724 877 1012 943 admissos,
1044 877 1099 933 in
1140 876 1363 932 tutelam
1409 893 1563 932 suam
1588 878 1831 947 recipere
1864 893 2096 933 narran-

518 976 624 1021 tur.
666 966 972 1023 Producant
995 985 1145 1039 aqua:
1164 970 1321 1038 juxta
1343 985 1524 1040 genus.
1543 968 1703 1024 Aliud
1736 981 1978 1024 cetorum
2010 984 2099 1038 ge-

518 1074 641 1122 nus,
666 1059 812 1115 aliud
833 1060 1150 1132 exiguorum
1181 1061 1430 1130 piscium.
1456 1061 1660 1118 Rursus
1678 1061 1732 1115 in
1760 1062 1999 1130 piscibus
2024 1063 2103 1116 iu-

520 1165 758 1206 numerae
791 1161 917 1207 sunt
946 1151 1269 1207 din‘erentie
1307 1154 1601 1208 secundum
1634 1169 1833 1223 genera
1867 1154 2055 1209 divisae
2085 1169 2100 1208 :

514 1259 740 1314 quarum
771 1254 828 1301 et
856 1246 1072 1300 nomina
1099 1246 1334 1314 propria,
1367 1255 1422 1301 et
1449 1246 1764 1301 alimentum
1797 1249 2098 1314 diversum,

512 1345 569 1390 et
617 1334 822 1406 figura,
875 1344 932 1390 et
961 1337 1293 1406 magnitudo,
1345 1345 1400 1391 et
1457 1337 1702 1392 carnium
1759 1338 2095 1407 qualitates:

513 1429 698 1482 omnia
749 1427 1001 1482 maximis
1045 1428 1187 1483 inter
1239 1443 1298 1484 se
1343 1428 1664 1485 diﬂ‘erentiis
1719 1431 1992 1494 distincta,
2048 1429 2100 1483 in

519 1521 642 1574 aliis
671 1529 834 1590 atque
880 1520 1004 1575 aliis
1042 1521 1328 1590 speciebus
1368 1523 1788 1576 constituuntur.
1825 1522 1926 1587 Qui
1975 1530 2100 1574 sunt

517 1611 684 1681 igitur
746 1612 1077 1667 thunnorum
1107 1610 1503 1681 exploratores,
1533 1612 1627 1681 qui
1657 1613 1866 1667 diversa
1917 1625 2102 1666 eorum

519 1718 717 1773 genera
778 1705 936 1759 nobis
985 1716 1308 1757 enumerare
1364 1703 1576 1772 possint
1619 1703 1642 1756 Ἰ
1680 1702 1996 1770 Quanquam
2049 1701 2103 1754 in

521 1795 733 1862 magnis
790 1795 1022 1864 piscium
1077 1793 1332 1863 gregibus
1376 1794 1639 1848 dicuntur
1682 1793 1846 1846 etiam
1888 1791 2102 1846 illorum

2203 624 2362 679 μενα.
2394 610 2504 662 Καὶ
2532 610 2638 662 τῶν
2669 609 2850 682 κητῶν
2880 609 2947 662 τά
2976 610 3203 664 πλεῖστα
3233 608 3473 673 ζωοτόκα
3494 629 3505 639 ·
3535 611 3795 680 δελφῖνες

2199 700 2297 752 καὶ
2327 698 2543 768 φῶκαι,
2575 699 2611 753 ἃ
2645 701 2749 776 καὶ.
2781 703 3009 772 νεαροὺς
3039 701 3119 753 ἔτι
3149 702 3276 765 τοὺς
3311 701 3585 772 σκύμνους
3605 743 3620 765 ,
3664 701 3796 756 δια-

2199 788 2536 859 πτοηθέντας
2561 789 2663 842 ὑπὸ
2684 791 2863 853 αίτίας
2882 791 3048 856 τινὸς,
3072 792 3289 860 λέγεται
3313 793 3468 848 πάλιν
3483 797 3549 866 τῇ
3581 795 3796 865 γαστρὶ

2200 880 2571 951 ύποδεχόμενα
2620 882 3009 952 περιστέλλειν.
3058 883 3423 954 Ἐξαγαγέτω
3467 886 3538 938 τὰ
3590 884 3802 939 ὕδατα

2200 975 2352 1028 κατὰ
2386 973 2499 1044 (91)
2533 973 2727 1044 γένος.
2773 975 2997 1047 Ἕτερον
3036 976 3196 1044 γένος
3221 976 3283 1029 τὸ
3309 976 3565 1045 κητῶδες,
3602 979 3699 1032 καὶ
3731 977 3802 1029 τὸ

2201 1064 2308 1117 τῶν
2336 1063 2553 1117 λεπτῶν
2589 1062 2784 1132 ίχθύων
2811 1064 3015 1135 ἕτερον.
3050 1066 3220 1120 Πάλιν
3252 1067 3309 1118 έν
3333 1068 3446 1129 τοῖς
3466 1068 3656 1144 κίχθύσι
3689 1086 3802 1138 μυ-

2205 1158 2316 1228 ρίαι
2342 1159 2597 1229 διαφοραὶ
2618 1157 2758 1212 κατά
2781 1157 2910 1228 γένη
2935 1158 3259 1231 διῃρημέναι
3279 1175 3292 1189 ⁸
3315 1151 3392 1211 ὧν
3422 1159 3516 1211 καὶ
3539 1161 3802 1231 ὀνόματα

2203 1250 2330 1310 ῐδια,
2366 1251 2459 1302 καὶ
2490 1249 2662 1321 τροφὴ
2684 1249 3133 1321 παρηλλαγμένη,
3168 1252 3263 1304 καὶ
3302 1252 3509 1322 σχῆμα,
3548 1252 3647 1304 καὶ
3681 1254 3796 1322 μέ-

2203 1342 2385 1410 γεθος,
2417 1345 2510 1396 καὶ
2539 1341 2758 1414 σαρκῶν
2785 1341 3084 1411 ποιότητες,
3109 1343 3285 1398 πάντα
3304 1345 3588 1414 μεγίσταις
3600 1344 3801 1414 διαφο-

2206 1439 2324 1506 ραῖς
2356 1435 2601 1506 ἀλλήλων
2631 1435 3048 1506 κεχωρισμένα,
3084 1437 3178 1488 καὶ
3207 1439 3264 1490 ὲν
3298 1437 3505 1508 ἑτέροις
3543 1437 3637 1489 καί
3673 1437 3799 1490 ἑτέ-

2206 1546 2321 1600 ροις
2351 1529 2515 1582 εἴδεσι
2554 1528 2892 1582 καθεστῶτα.
2944 1529 3093 1582 Ποῖοι
3143 1528 3240 1598 μὲν
3283 1526 3376 1584 οὖν
3427 1529 3800 1585 θυννοσκόποι

2203 1621 2311 1674 τῶν
2345 1622 2516 1690 γενῶν
2561 1624 2660 1687 τὰς
2697 1623 2962 1694 διαφοράς
2996 1625 3130 1693 ἡμῖν
3165 1624 3658 1697 ἀπαριθμήσασθαι
3697 1623 3801 1677 δύ-

2206 1730 2426 1780 νανται;
2473 1714 2666 1768 Καίτοι
2711 1720 2871 1784 φασὶν
2910 1717 3107 1781 αὐτοὺς
3145 1719 3203 1768 έν
3263 1717 3521 1786 μεγάλαις
3559 1716 3800 1784 ἀγέλαις

2210 1802 2407 1874 ίχθύων
2431 1806 2524 1858 καὶ
2541 1806 2632 1858 τὸν
2654 1807 2882 1877 ἀριθμὸν
2907 1807 3290 1877 ἀπαγγέλλειν.
3318 1807 3412 1870 Τίς
3437 1807 3494 1860 δὲ
3522 1807 3632 1860 τῶν
3656 1808 3800 1877 περὶ

521 1901 806 1940 numerum
824 1885 1120 1942 declarare.
1136 1885 1268 1953 Quis
1295 1900 1426 1941 vero
1448 1900 1514 1941 ex
1545 1886 1611 1939 iis
1636 1886 1726 1953 qui
1750 1884 1894 1939 circa
1917 1883 2098 1937 littora

2212 1894 2486 1962 αἰγιαλοὺς
2520 1894 2612 1948 καὶ
2645 1895 2818 1958 άκτάς
2860 1896 3356 1967 καταγηρασάντων
3388 1895 3608 1950 δύναται
3652 1898 3800 1969 ἡμῖν

521 1991 587 2031 ac
616 1976 767 2046 ripas
794 1990 1151 2042 consenuere,
1190 1977 1438 2030 Omnium
1495 1977 1650 2030 nobis
1693 1975 1975 2030 historiam
2014 1991 2104 2029 ac-

2212 1986 2303 2056 τὴν
2346 1987 2586 2058 ἱστορίαν
2623 1987 2839 2042 πάντων
2866 1989 2934 2040 δι’
2964 1963 3245 2059 ἀκριϐείας
3277 1991 3580 2062 γνωρίσαι;

519 2078 710 2122 curate
752 2067 1062 2136 patefacere
1095 2080 1161 2121 ac
1197 2067 1440 2123 indicare
1483 2065 1700 2120 valeat?
1735 2065 1853 2119 Alia
1909 2079 2102 2134 genera

519 2170 848 2232 cognoscunt
888 2161 979 2230 qui
1015 2161 1070 2214 in
1104 2159 1291 2216 Indico
1321 2158 1454 2214 mari
1498 2158 1778 2227 piscamur
1809 2173 1822 2208 :
1857 2156 1982 2221 alia,
2013 2158 2106 2226 qui

520 2254 577 2307 in
626 2251 883 2324 Egyptio
935 2252 1103 2308 sinu:
1153 2252 1287 2318 alia,
1348 2251 1617 2308 insulares
1658 2267 1673 2302 :
1721 2249 1852 2316 alia,
1886 2248 2109 2303 Mauru-

519 2347 607 2400 sii.
634 2343 826 2402 Omnia
873 2358 1056 2401 autem
1100 2346 1380 2416 mqualiter
1416 2354 1526 2398 tum
1561 2359 1726 2412 parva
1771 2353 1882 2396 tum
1913 2357 2107 2413 magna

521 2441 754 2508 primum
791 2438 919 2492 illud
967 2440 1308 2501 mandatum,
1345 2448 1400 2490 et
1459 2435 1840 2490 inenarrabilis
1874 2436 1961 2488 illa
2019 2452 2110 2506 po-

524 2532 693 2584 tentia
741 2531 1072 2598 procreavit.
1120 2529 1283 2583 Multa
1317 2529 1529 2582 vivendi
1587 2528 1875 2581 diversitas
1918 2544 1932 2579 :
1971 2528 2111 2581 mul-

522 2633 636 2678 tum
698 2625 848 2679 circa
935 2621 1358 2691 uniuscuiusque
1434 2621 1652 2689 generis
1711 2619 2108 2675 successionem

520 2717 836 2772 discrimen.
897 2713 1012 2769 Non
1064 2723 1123 2768 ut
1181 2729 1343 2779 aves,
1384 2715 1502 2769 ovis
1570 2714 1830 2769 incubant
1881 2711 2109 2782 piscium

523 2807 740 2879 plurimi
771 2822 917 2864 :non
967 2812 1291 2862 construunt
1342 2807 1519 2872 nidos,
1549 2821 1734 2876 neque
1759 2821 1881 2860 cum
1928 2803 2111 2858 labore

520 2919 650 2958 suos
680 2903 958 2958 enutriunt
984 2902 1126 2957 fetus
1152 2919 1170 2958 :
1199 2901 1294 2956 sed
1329 2915 1471 2969 aqua
1516 2899 1763 2968 elapsum
1805 2914 1965 2952 ovum
1998 2914 2111 2953 sus-

521 2996 745 3064 cipiens,
769 2994 970 3048 animal
998 2993 1182 3049 edicit.
1223 2992 1362 3058 Quin
1395 3001 1449 3045 et
1502 2992 1856 3047 immutabilis
1905 3004 1959 3048 et
1989 3010 2110 3046 cum

525 3087 698 3139 altera
756 3093 948 3138 natura
1001 3084 1337 3140 insociabilis
1393 3085 1674 3141 successio
1732 3085 1872 3140 inest
1930 3084 2112 3152 generi

529 3177 842 3244 unicuique.
895 3175 1011 3232 Non
1070 3177 1216 3233 velut
1253 3177 1519 3233 mulorum
1556 3178 1611 3232 in
1660 3187 1827 3241 terra,
1863 3186 2116 3245 antqua-

2209 2077 2569 2149 γνωρίζουσιν
2600 2080 2649 2132 οί
2691 2081 2789 2151 τὴν
2848 2079 3072 2152 Ἰνδικὴν
3122 2081 3427 2144 ἁλιεύοντες
3476 2081 3799 2136 θάλασσαν’

2207 2170 2338 2223 ἄλλα
2366 2171 2414 2223 oi
2451 2171 2541 2224 τὸν
2571 2172 2868 2240 Αίγύπτιον
2895 2172 3224 2243 ἀγρεύοντες
3255 2172 3484 2226 κόλπον·
3519 2173 3656 2228 ἄλλα
3689 2193 3800 2245 νη-

2210 2263 2431 2316 σιῶται·
2473 2264 2567 2316 καὶ
2596 2263 2729 2317 ἄλλα
2768 2264 3127 2336 Μαυρούσιοι.
3168 2265 3349 2318 Πάντα
3384 2264 3441 2317 δὲ
3469 2265 3672 2336 ὁμοίως
3701 2283 3805 2336 μι-

2208 2355 2317 2425 κρά
2345 2371 2404 2406 τε
2427 2355 2521 2408 καὶ
2548 2353 2757 2425 μεγάλα
2785 2354 2846 2407 τὸ
2880 2354 3094 2423 πρῶτον
3128 2357 3305 2408 έκεῖνο
3335 2357 3669 2426 πρόσταγμα
3697 2357 3802 2409 καὶ

2209 2447 2243 2515 ἡ
2269 2446 2471 2514 άφατος
2496 2445 2675 2515 εκείνη
2707 2446 2996 2516 παρήγαγε
3021 2445 3270 2517 δύναμις.
3301 2446 3495 2499 Πολλαὶ
3517 2447 3628 2502 τῶν
3657 2447 3801 2517 βίων

2211 2537 2267 2590 αἱ
2321 2535 2690 2604 παραλλαγαί·
2735 2536 2925 2589 πολλαὶ
2972 2535 3067 2590 καὶ
3114 2539 3171 2590 ai
3207 2536 3336 2608 περὶ
3385 2537 3485 2601 τὰς
3535 2537 3800 2609 διαδοχὰς

2211 2628 2441 2680 ἑκάστου
2468 2627 2658 2694 γένους
2701 2627 2972 2697 διαφοραί.
3009 2629 3121 2680 Οὐκ
3156 2627 3495 2691 ὲπωάζουσιν
3540 2631 3590 2682 οἱ
3639 2630 3797 2682 πλεῖ-

2213 2735 2327 2772 στοι
2369 2718 2478 2770 τῶν
2513 2716 2709 2787 ίχθύων
2736 2717 2923 2788 ῶσπερ
2957 2720 3012 2770 ai
3038 2719 3270 2787 ὄρνιθες,
3302 2720 3426 2773 οὔτε
3458 2721 3651 2785 καλιάς
3684 2724 3799 2793 πή-

2209 2828 2468 2881 γνυνται,
2499 2809 2624 2863 οὔτε
2674 2809 2812 2880 μετὰ
2857 2809 3033 2863 πόνων
3074 2813 3432 2881 ὲκτρέφουσιν
3479 2814 3690 2866 ἑαυτῶν
3723 2816 3799 2868 τὰ

2211 2904 2409 2974 ἔκγονα
2433 2921 2447 2934 ⁸
2499 2903 2635 2958 ἀλλά
2683 2903 2744 2956 τὸ
2795 2901 2958 2972 ὔδωρ,
2995 2901 3394 2973 ὑποδεξάμενον
3447 2905 3683 2959 ἐκπεσὸν
3730 2909 3800 2960 τὸ

2210 2997 2338 3061 ὠὸν,
2390 2996 2529 3062 ζῶον
2577 2996 2852 3067 ἐποίησεν.
2889 2995 2997 3049 Καὶ
3039 2995 3253 3065 ἑκάστῳ
3296 2995 3441 3064 γένει
3493 2997 3527 3066 ἡ
3575 2995 3800 3069 διαδοχὴ

2213 3087 2632 3158 ἀπαράλλακτος
2669 3087 2764 3143 καὶ
2795 3087 3151 3158 ἀνεπίμικτος
3186 3086 3323 3158 πρὸς
3357 3086 3551 3156 ἑτέραν
3591 3088 3757 3155 φύσιν
3780 3106 3794 3117 ·

2213 3178 2312 3248 οὔχ
2342 3172 2450 3232 οἷαι
2488 3179 2594 3232 τῶν
2631 3182 2866 3250 ἡμιόνων
2896 3180 2987 3233 ἐπὶ
3016 3180 3113 3250 τῆς
3141 3181 3361 3250 χέρσου,
3416 3180 3449 3250 ἡ
3495 3179 3587 3232 καί
3631 3197 3799 3233 τινων

525 3269 776 3324 rumdam
823 3268 1102 3325 volucrum
1142 3271 1546 3339 permistiones,
1569 3270 1768 3340 quibus
1799 3270 2110 3324 adulteran-

2216 3266 2446 3338 ὀρνίθων
2470 3268 2764 3321 ὲπιπλοκαὶ
2787 3268 3318 3337 παραχαρασσόντων
3343 3266 3413 3320 τά
3442 3266 3598 3338 γένη.
3626 3267 3800 3318 υῦδὲν

529 3369 617 3415 tur
642 3375 864 3430 genera.
905 3360 1122 3416 Nullum
1157 3362 1384 3432 piscium
1416 3376 1586 3431 genus
1615 3360 1840 3416 dimidia
1863 3375 1928 3415 ex
1961 3367 2115 3430 parte

528 3446 859 3502 instructum
883 3457 967 3502 est
997 3449 1273 3513 dentibus,
1306 3460 1364 3504 ut
1404 3451 1500 3504 bos
1526 3459 1582 3506 et
1620 3451 1740 3505 ovis
1789 3451 1931 3519 apud
1964 3464 2064 3505 nos
2096 3466 2110 3503 :

530 3553 709 3607 neque
734 3541 878 3593 enim
914 3540 1152 3608 ipsorum
1180 3543 1468 3610 quisquam
1503 3543 1761 3608 ruminat,
1795 3543 1898 3598 nisi
1929 3558 2116 3598 scarus

529 3634 678 3687 solus
707 3634 1004 3698 secundum
1047 3635 1406 3704 quorumdam
1449 3635 1839 3691 narrationem.
1875 3636 1944 3688 At
1988 3650 2115 3689 vero

530 3739 724 3779 omnes
783 3725 963 3794 pisces
998 3725 1313 3779 acutissima
1361 3723 1815 3778 contlensatorum
1874 3725 2112 3780 dentium

532 3817 652 3870 acie
677 3819 1132 3885 communiuntur,
1178 3833 1244 3871 ne
1275 3833 1398 3872 esca
1443 3816 1571 3871 dum
1606 3815 1808 3871 diutius
1843 3819 2118 3871 manditur

531 3905 739 3960 dillluat
785 3929 797 3962 :
841 3909 944 3962 nisi
989 3910 1135 3963 enim
1176 3909 1432 3964 celeriter
1494 3910 1729 3964 dissecta
1776 3910 1828 3962 in
1875 3920 2115 3964 ventrem

533 3999 933 4064 detruderetnr,
964 4008 1253 4054 extenuata
1304 4015 1400 4069 per
1433 4017 1631 4070 aquam
1661 4002 2044 4072 dissiparetnr.

601 4089 709 4162 65
733 4091 767 4146 ’5
820 4092 980 4145 Aliud
1026 4102 1204 4146 autem
1235 4091 1358 4146 aliis
1395 4093 1632 4161 piscibus
1674 4096 2003 4148 destinatum
2039 4103 2122 4149 cst

533 4182 853 4238 alimentum
874 4187 1171 4238 secundum
1199 4199 1392 4254 genus.
1411 4184 1640 4250 Quidam
1665 4189 1807 4241 enim
1829 4187 1980 4253 limo,
2002 4187 2120 4257 qui-

536 4277 658 4330 dam
690 4291 820 4332 vero
869 4277 987 4348 alga
1032 4277 1472 4344 vescuntur;alii
1523 4277 1705 4332 herbis
1748 4279 1800 4332 in
1850 4295 1990 4349 aqua
2025 4294 2113 4333 na-

536 4371 817 4425 scentibus
867 4381 996 4425 sunt
1051 4373 1320 4426 contenti.
1359 4372 1584 4437 Contra,
1632 4371 1859 4440 piscium
1911 4373 2119 4443 plurimi

539 4467 732 4512 vorant.
759 4473 820 4513 se
853 4459 1105 4526 invicem,
1146 4461 1431 4530 minorque
1472 4463 1612 4534 apud
1657 4462 1777 4516 illos
1805 4460 2119 4518 alimentum

538 4560 622 4606 est
656 4549 897 4618 majoris.
927 4551 994 4604 Et
1025 4553 1067 4605 si
1099 4566 1332 4620 unquam
1377 4554 1687 4623 contigerit,
1731 4563 1788 4608 ut
1823 4554 1866 4608 is
1892 4555 1984 4623 qui
2016 4557 2122 4609 mi-

2216 3357 2369 3431 παρά
2396 3358 2510 3420 τοῖς
2536 3355 2744 3427 ίχθύσιν
2778 3356 2837 3419 ἐξ
2858 3357 3112 3426 ἡμισείας
3139 3355 3404 3410 ὥπλισται
3428 3361 3540 3420 τοῖς
3563 3357 3797 3421 ὀδοῦσιν,

2214 3452 2290 3515 ὡς
2318 3449 2446 3522 βοῦς
2478 3449 2610 3519 παρ’
2637 3449 2769 3519 ἡμῖν
2797 3448 2892 3500 καὶ
2933 3446 3206 3518 πρόϐατον
3228 3464 3240 3477 ·
3268 3447 3389 3499 οὐδὲ
3423 3449 3531 3519 γὰρ
3562 3453 3799 3520 μηρυχί..

2217 3543 2296 3605 ζει
2322 3559 2374 3594 τι
2402 3540 2529 3612 παρ’
2561 3539 2764 3602 αὐτοῖς,
2794 3539 2842 3591 εί
2874 3537 2948 3609 μὴ
2975 3536 3067 3589 τὸν
3097 3537 3298 3608 σκάρον
3331 3537 3491 3607 μόνον
3523 3539 3798 3610 ἱστοροῦσί

2215 3652 2375 3698 τινες.
2417 3634 2603 3688 Πάντα
2633 3632 2690 3686 δὲ
2722 3630 3010 3698 ὀξυτάταις
3047 3632 3255 3701 ακμαῖς
3294 3629 3521 3682 ὀδόντων
3552 3647 3799 3683 καταπ-

2218 3724 2518 3790 πύκνωται,
2557 3723 2644 3775 ἵνα
2675 3721 2750 3792 μὴ
2788 3723 2852 3791 τῇ
2887 3719 3078 3791 χρονίᾳ
3109 3719 3346 3790 μασὴσει
3372 3719 3405 3788 ἡ
3435 3718 3608 3788 τροφὴ
3643 3716 3798 3788 διαρ-

2220 3818 2350 3888 ρέῃ·
2385 3814 2576 3887 ἔμελλε
2628 3813 2755 3883 γάρ,
2793 3814 2841 3864 εί
2900 3812 2975 3882 μὴ
3015 3811 3180 3875 ὀξέως
3228 3808 3680 3880 κατατεμνομένη
3728 3811 3798 3881 τῇ

2217 3908 2414 3979 γαστρὶ
2450 3905 2863 3978 παρεπέμπετο.
2909 3905 2967 3955 ὲν
2999 3906 3065 3974 τῇ
3106 3903 3488 3975 λεπτοποιήσει
3518 3901 3800 3973 διαφορεῖ-

2221 4000 2342 4053 σθαι
2368 4000 2518 4072 παρὰ
2552 3999 2662 4070 (92)
2689 3999 2783 4051 τοῦ
2816 3997 3024 4060 ὓδατος.

2290 4090 2342 4142 5.
2384 4089 2569 4159 Τροφὴ
2595 4089 2650 4141 δὲ
2697 4087 2906 4158 ίχθύσιν
2951 4086 3131 4149 ἄλλοις
3162 4087 3293 4157 άλλη
3337 4087 3480 4141 κατὰ
3510 4088 3667 4156 γένος
3721 4087 3800 4141 δι-

2221 4181 2518 4254 ωρισμένη.
2551 4181 2614 4232 Ui
2651 4180 2748 4249 μὲν
2773 4178 2882 4248 γὰρ
2914 4177 3020 4229 ίλύῖ
3043 4179 3352 4247 τρέφονται,
3382 4181 3431 4229 οἱ
3457 4179 3514 4231 δὲ
3539 4181 3654 4242 τοῖς
3695 4198 3789 4248 φυ-

2222 4275 2389 4335 κίοις’
2435 4272 2582 4327 ἄλλοι
2630 4271 2740 4341 (93)
2783 4272 2904 4333 ταῖς
2943 4269 3193 4340 βοτάναις
3232 4272 3350 4331 ταῖς
3379 4271 3800 4340 ἐντρεφομὲναις

2223 4367 2300 4438 τῷ
2330 4367 2483 4420 ὕδατι
2509 4364 2829 4436 ἀρκοῦνται.
2882 4363 3270 4436 Ἀλληλοφάγοι
3299 4361 3355 4416 δὲ
3381 4362 3488 4415 τῶν
3528 4361 3725 4432 ἰχθύων
3750 4366 3801 4416 oi

2224 4463 2484 4524 πλεῖστοι,
2519 4460 2613 4513 καὶ⁸
2635 4461 2663 4513 ό
2696 4458 3014 4531 μικρότερος
3042 4458 3171 4530 παρ’
3202 4457 3431 4519 ἐκείνοις
3460 4455 3656 4528 βρῶμά
3686 4458 3800 4509 ὲστι

2222 4553 2317 4606 τοῦ
2365 4550 2623 4620 μείζονος.
2670 4551 2787 4604 Κᾶν
2836 4567 2966 4602 ποτε
3021 4549 3199 4620 συμϐῇ
3247 4551 3336 4601 τὸν
3377 4549 3472 4601 τοῦ
3523 4550 3801 4612 ἐλάττονος

539 4657 725 4699 norem
784 4652 1158 4714 superaverat,
1194 4645 1418 4699 alterius
1459 4647 1554 4699 liat
1591 4645 1775 4716 praeda
1811 4663 1826 4700 :
1870 4648 2030 4701 ambo
2062 4649 2110 4702 in

2225 4645 2570 4717 κρατήσαντα
2607 4644 2791 4712 ἐτέρου
2822 4641 3074 4707 γενέσθαι
3120 4642 3364 4711 θήραμα,
3403 4641 3507 4692 ὑπὸ
3538 4639 3638 4709 τὴν
3673 4641 3800 4710 μίαν

541 4752 704 4791 unum
727 4747 781 4791 et
809 4738 1056 4792 eumdem
1086 4735 1405 4807 posterioris
1437 4747 1679 4792 ventrem
1724 4739 2121 4808 ingrediuntur.

541 4830 678 4895 Quid
703 4831 865 4900 igitur
911 4831 1054 4884 aliud
1083 4845 1182 4884 nos
1224 4828 1472 4883 homines
1502 4830 1732 4898 agimus,
1774 4834 1900 4887 dum
1942 4841 2124 4903 tyran-

545 4923 667 4976 nide
723 4930 777 4975 et
832 4922 1070 4990 potentia
1117 4920 1476 4990 opprimimus
1536 4921 1821 4976 inferiores
1860 4924 1882 4974 ’ἔ
1922 4923 2050 4991 quid
2092 4939 2120 4975 a

546 5026 817 5083 pnstreuto
848 5015 998 5084 pisce
1029 5013 1207 5067 differt
1233 5015 1300 5075 is,
1337 5015 1428 5084 qui
1470 5028 1579 5082 pra:
1607 5017 1783 5067 voraci
1809 5015 2121 5068 divitiarum

546 5109 839 5179 cupiditate
888 5109 942 5163 in
981 5107 1401 5178 inexplebiiibus
1465 5107 1707 5161 avaritia:
1762 5123 1872 5162 suac
1918 5109 2115 5163 linibus

619 5286 731 5356 (90)
756 5285 859 5339 Καὶ
886 5287 940 5338 οι
969 5289 1268 5343 κυνίσκοι.
1300 5287 1471 5343 Piscis
1492 5288 1579 5342 ille
1603 5287 1686 5340 cui
1716 5285 1904 5340 Graece
1920 5299 2113 5340 nomen

547 5369 631 5410 cst
671 5355 946 5420 κυνίσκος,
982 5356 1171 5412 Latine
1211 5362 1409 5422 dicitur
1458 5362 1524 5412 ab
1566 5357 1848 5412 Enstathio
1903 5358 2112 5408 asellus.

555 5430 679 5488 lljus
704 5432 815 5481 haec
838 5438 964 5480 sunt
995 5429 1157 5481 verba
1191 5430 1386 5485 :Facit
1418 5439 1588 5482 autem
1623 5427 1826 5481 catulos
1856 5426 2119 5486 mustella,

552 5506 602 5568 ει
635 5497 849 5568 milia.
871 5508 926 5568 νει
957 5498 1135 5552 omnia
1179 5518 1293 5568 qua:
1316 5502 1428 5554 sine
1457 5502 1686 5566 squamis
1720 5507 1866 5559 sunt,
1895 5513 2009 5565 qua:
2032 5513 2121 5548 sa-

554 5564 878 5639 lntiaiﬂrgtjci
907 5564 1203 5622 nominant:
1241 5572 1344 5625 Sed
1367 5585 1463 5639 pro
1496 5564 1686 5621 inlatt’a
1711 5564 1990 5639 legendum
2025 5581 2090 5639 nu

559 5645 612 5689 in
637 5634 887 5710 uincitis,
912 5640 982 5693 ob
1002 5639 1130 5693 illud
1161 5634 1472 5710 Βεεὶίὶἰίτὰ
1505 5639 1725 5710 σελάχη.
1792 5636 1996 5710 Plinius
2024 5635 2116 5689 lib.

562 5722 639 5767 ιι,
666 5722 786 5774 cap.
807 5705 900 5769 24,
933 5711 1010 5762 sic
1033 5710 1268 5777 loquitur
1301 5730 1313 5764 :
1352 5705 1489 5764 illam
1513 5705 1703 5762 erce'
1729 5711 1781 5761 in
1823 5708 2117 5777 tmivcrsum

561 5777 764 5830 “(urbe
785 5778 1062 5848 appellavit
1091 5781 1395 5836 Aristoteles
1419 5781 1641 5847 primus.
1693 5780 1786 5832 hac
1819 5776 2020 5829 uoueiue
2045 5777 2120 5827 eis

564 5849 824 5914 έυινοδὶιο.
856 5847 978 5903 Nos
994 5851 1310 5922 distinguere
1341 5868 1440 5907 non
1461 5867 1757 5921 possumus,
1779 5848 1877 5902 nisi
1910 5850 2122 5900 cartila-

2221 4737 2445 4805 ἄγονται
2497 4734 2742 4802 γαστέρα
2787 4730 2880 4784 τοῦ
2927 4731 3256 4785 τελευταίου.
3308 4730 3374 4781 Τί
3411 4724 3507 4782 οὖν
3545 4731 3706 4800 ἡμεῖς
3751 4732 3798 4782 οἱ

2222 4828 2500 4898 ἄνθρωποι
2532 4825 2660 4880 ἄλλο
2686 4841 2740 4876 τι
2766 4823 3026 4894 ποιοῦμεν
3055 4825 3113 4876 ὲν
3141 4826 3208 4892 τῇ
3239 4821 3668 4892 καταδυναστείᾳ
3693 4823 3798 4874 τῶν

2224 4917 2659 4989 ὑποδεεστέρων;
2706 4915 2758 4966 τί
2795 4914 3038 4986 διαφέρει
3081 4913 3174 4966 τοῦ
3208 4912 3515 4967 τελευταίου
3560 4911 3738 4981 ἰχθύος
3770 4916 3797 4965 ὀ

2221 5012 2287 5079 τῇ
2309 5008 2601 5080 λαιμάργῳ
2623 5005 2971 5076 φιλοπλουτίᾳ
2994 5007 3110 5065 τοῖς
3129 5004 3273 5074 άπλη
3284 5003 3472 5075 ρὼτοις
3492 5004 3590 5072 τῆς
3614 5003 3789 5055 πλεον-

2220 5105 2369 5171 εξίας
2414 5099 2575 5155 αὑτοῦ
2608 5097 2828 5162 κόλποις
2869 5097 3295 5167 ἐναποκρύπτων
3338 5096 3464 5157 τοὺς
3518 5094 3788 5160 άσθενείςς

2221 5283 2372 5351 ginea
2398 5278 2663 5351 appellare
2689 5276 2863 5329 libeat.

2295 5341 2614 5420 (91)’(Σοιι).
2675 5347 2947 5420 secundus
3003 5344 3169 5399 ὕδατα
3223 5341 3444 5420 ὲρ-πετά-
3482 5343 3642 5420 κατά.
3682 5343 3789 5420 Mox

2229 5412 2359 5490 ltt-g.
2389 5412 2598 5476 'scxtus
2642 5434 2763 5473 cum
2813 5417 2964 5472 Colb.
3023 5420 3198 5486 primo
3247 5412 3310 5468 τὸ
3376 5413 3484 5466 τῶν
3535 5412 3790 5468 λεπτοτάη

2223 5509 2352 5544 των.

2299 5562 2409 5632 (99.)
2444 5559 2514 5613 Ita
2562 5555 3024 5632 codex__(iom_hef_.
3066 5571 3186 5610 cum
3232 5555 3357 5632 alus
3394 5551 3629 5622 quinque
3670 5569 3786 5632 ψεὲ

2231 5622 2403 5686 nam
2430 5631 2580 5699 παρὰ
2611 5632 2661 5684 in
2693 5629 2874 5699 editis.
2909 5626 3108 5699 Ibidem
3144 5627 3360 5699 codices
3387 5637 3510 5678 octo
3539 5622 3714 5694 τροφὴ
3741 5622 3792 5676 δδ

2232 5694 2584 5774 ίχθύσινζςίυι
2613 5704 2722 5774 τοῖς
2749 5698 2977 5768 ἰχθύσιν.
3193 5694 3410 5774 ίχθύων.

2304 5773 2411 5841 ι95)
2450 5762 2548 5823 Sic
2602 5762 3017 5841 quinqiieituss.
3079 5762 3419 5841 Ειῇιΐᾶλλοι
3481 5763 3556 5841 δέ.
3605 5762 3788 5816 Stalint

2233 5834 2360 5914 [ις-ς.
2391 5834 2573 5898 Sextus
2605 5834 2722 5896 cum
2755 5834 2910 5895 Colb.
2944 5840 3116 5906 primo
3142 5835 3292 5890 ὖδατι
3326 5834 3695 5905 διαρκοῦνται.
