4062 6466
354 417 454 467 155
1448 418 1731 471 ιιοδιιωΑ
1774 420 1859 473 νιι
1900 420 1965 472 ΙΝ
2007 419 2502 480 ΙΙΕΧΛΕΜΕΒΟΝ.
3496 436 3598 490 ιεῑι

362 550 599 607 Ἐκεῖνος
627 544 740 617 εἶχε
776 547 844 600 τά
875 546 966 600 τοῦ
1000 548 1223 619 πένητος
1292 551 1353 601 σὺ
1387 550 1570 603 τοῦτον
1601 553 1712 617 (94)
1743 553 1908 606 λαϐὼι

2030 534 2323 589 imbecilles
2349 540 2629 593 abscondit
2654 540 2674 591 ἲ
2703 540 2791 593 Ille
2822 542 3130 607 possidebat
3154 545 3407 611 pauperis
3428 546 3562 599 bona
3586 566 3598 599 :

351 638 514 708 μέρος
544 638 782 709 ἐποιήσω
808 639 903 708 τῆς
930 639 1242 708 περιουσίας
1272 639 1519 693 σεαυτοῦ.
1560 640 1783 693 ’Λδίκων
1808 644 1921 695 ἀδι-

349 727 585 797 κώτερος
639 729 946 797 ἀνεφάνης,
1006 731 1099 783 καὶ
1158 728 1677 800 πλεονεκτικώτερος
1730 730 1918 785 πλεον-

347 822 527 876 έκτου.
568 824 706 891 Ὅρα
730 821 803 889 μὴ
850 819 911 872 τὸ
941 823 1073 875 αὑτό
1106 839 1166 873 σε
1193 821 1361 891 πέρας
1400 823 1505 876 τῶν
1542 822 1740 893 ἰχθύων
1770 826 1921 879 ἐκδέ-

348 912 525 983 ξηται,
554 912 846 982 άγκιστρόν
880 932 1003 980 που,
1033 915 1064 984 ἢ
1102 912 1320 983 κύρτος,
1365 916 1660 986 ἢνδίκτυον.
1696 915 1918 981 Πάντως

344 1008 453 1077 γὰρ
491 1006 581 1057 καὶ
614 1006 775 1076 ἡμεῖς
808 1007 977 1060 πολλὰ
1013 1006 1118 1058 τῶν
1151 1006 1348 1062 ἀδίκων
1395 1006 1750 1071 διεξελθόντες
1774 1010 1915 1079 (95),

343 1100 442 1167 τὴν
465 1099 775 1153 τελευταίαν
802 1099 1074 1170 τιμωρίαν
1099 1100 1197 1153 οὐκ
1227 1099 1659 1170 ἀποδρασόμεθα.
1695 1102 1829 1172 Ἤδη
1861 1101 1918 1153 δέ

345 1192 440 1243 καὶ
465 1193 521 1245 ἐν
545 1193 760 1247 ἀσθενεῖ
784 1193 906 1261 ζώῳ
936 1191 1070 1245 πολὺ
1102 1193 1161 1247 τὸ
1184 1194 1487 1263 πανοῦργον
1514 1192 1606 1245 καὶ
1636 1194 1917 1247 ἐπίϐουλον

342 1285 695 1355 καταμαθὼν,
726 1283 985 1353 βούλομαί
1018 1301 1076 1337 σε
1112 1289 1303 1356 φυγεῖν
1332 1282 1439 1335 τῶν
1470 1285 1791 1356 κακούργων
1819 1284 1916 1355 τὴν

344 1372 595 1441 μίμησιν.
667 1372 726 1423 Ὀ
788 1376 1041 1443 καρκίνος
1094 1376 1191 1446 τῆς
1252 1373 1451 1445 σαρκὸς
1503 1373 1762 1443 ἐπιθυμεῖ
1818 1372 1914 1427 τοῦ

340 1464 563 1534 ὀστρέου
584 1480 598 1494 ⁸
640 1464 776 1517 ἀλλά
818 1465 1123 1531 δυσάλωτος
1156 1470 1188 1537 ἡ
1217 1466 1363 1537 άγρα
1395 1467 1541 1537 αὐτῷ
1575 1464 1662 1517 διὰ
1689 1466 1785 1537 τὴν
1815 1483 1912 1518 πε-

346 1555 559 1628 ριὸολὴν
590 1556 681 1611 τοῦ
712 1558 978 1631 ὀστράκου
1019 1562 1249 1628 γίνεται.
1292 1559 1549 1631 Ἀρραγεῖ
1591 1556 1700 1628 γάρ
1745 1559 1914 1628 έρκίῳ

340 1648 403 1701 τὸ
440 1648 645 1702 ἁπαλὸν
684 1651 782 1721 τῆς
812 1654 1011 1723 σαρκὸς
1050 1655 1082 1721 ἡ
1120 1650 1278 1719 φύσις
1326 1649 1787 1722 κατησφαλίσατο.
1824 1652 1915 1703 Διὸ

340 1741 435 1795 καὶ
468 1744 944 1814 ὀστρακόδερμον
976 1743 1425 1815 προσηγόρευται.
1463 1744 1573 1798 Καὶ
1602 1742 1786 1812 ἐπειδὴ
1820 1742 1913 1794 δύο

341 1833 645 1903 κοιλότητες
693 1835 935 1904 ἀκριϐῶς
1000 1833 1253 1905 ἀλλήλαις
1315 1834 1800 1907 προσηρμοσμέναι
1851 1834 1911 1886 τὸ
1945 1878 1983 1931 Β

338 1923 561 1993 ὄστρεον
603 1923 1085 1994 περιπτύσσονται,
1122 1920 1430 1995 ἀναγκαίως
1475 1924 1745 1995 άπρακτοί
1773 1927 1909 1978 είσιν

338 2015 396 2065 αί
423 2014 585 2085 χηλαὶ
631 2015 725 2067 τοῦ
756 2016 1037 2088 καρκίνου.
1076 2019 1139 2071 Τί
1180 2014 1271 2072 οὖν
1301 2018 1475 2081 ποιεῖ;
1506 2016 1673 2069 Ὅταν
1723 2016 1808 2090 ίδῃ
1850 2019 1909 2070 ἐν

339 2107 638 2179 ἀπηνέμοις
676 2111 895 2181 χωρίοις
943 2112 1060 2181 μεθ’
1088 2112 1280 2183 ἡδονῆς
1308 2108 1767 2181 διαθαλπόμενον,
1816 2110 1907 2163 καὶ

338 2201 475 2273 πρὸς
508 2202 603 2274 τὴν
636 2204 827 2256 ἀκτῖνα
876 2203 968 2255 τοῦ
1002 2203 1153 2272 ἡλίου
1199 2205 1297 2265 τὰς
1339 2200 1547 2269 πτύχας
1580 2198 1774 2253 ἐαυτοῦ
1827 2200 1906 2253 δι-

338 2292 685 2357 απλὼσαντα,
716 2294 836 2346 τότε
863 2292 950 2362 δὴ,
969 2292 1143 2363 λάθρα
1170 2294 1373 2363 ψηφῖδα
1392 2293 1907 2363 παρεμϐαλὼνβια-

337 2384 538 2437 κωλύει
590 2384 688 2455 τὴν
739 2383 1074 2453 σύμπτυξιν·
1130 2385 1224 2436 καὶ
1274 2384 1588 2455 εὑρίσκεται
1628 2385 1690 2436 τὸ
1743 2384 1909 2437 ἐλλεῖ-

337 2494 437 2529 nov
482 2476 593 2547 (96)
632 2477 728 2547 τῆς
781 2475 1061 2547 δυνάμεως
1105 2476 1193 2529 διά
1239 2477 1335 2546 τῆς
1374 2475 1612 2539 ἐπινοίας
1652 2478 1904 2547 περιεχό-

337 2586 515 2640 μενος.
563 2568 771 2641 Αὖτηὴ
813 2570 981 2622 κακία
1022 2568 1129 2622 τῶν
1167 2569 1301 2640 μήτε
1334 2567 1491 2637 λόγου
1538 2568 1671 2639 μήτε
1722 2568 1905 2639 φωνῆς

338 2661 691 2730 μετεχόντων.
732 2662 871 2730 Ἐγὼ
892 2662 949 2715 δέ
980 2678 1040 2713 σε
1072 2660 1352 2732 βούλομαι,
1380 2660 1441 2714 τὸ
1473 2662 1785 2732 ποριστικὸν
1814 2661 1906 2712 καὶ

333 2750 640 2819 εὐμήχανον
667 2751 774 2804 τῶν
813 2751 1089 2820 καρκίνων
1125 2751 1407 2820 ζηλοῦντα,
1441 2752 1539 2819 τῆς
1573 2749 1773 2818 βλάϐης
1798 2749 1905 2802 τῶν

334 2837 560 2909 πλησίον
599 2839 919 2908 ἀπέχεσθαι.
956 2838 1207 2902 Τοιοῦτός
1234 2842 1380 2892 ἐστιν
1419 2840 1447 2891 ό
1475 2838 1610 2908 πρὸς
1634 2838 1723 2889 τὸν
1755 2838 1906 2890 ἀδελ-

334 2928 435 3000 φὺν
464 2930 824 3001 πορευόμενος
850 2929 1009 3000 δόλῳ,
1039 2930 1133 2982 καὶ
1168 2932 1287 2993 ταῖς
1326 2928 1434 2983 τῶν
1479 2929 1704 3000 πλησίον
1745 2929 1906 2982 ἀκαι-

336 3019 479 3091 ρίαις
527 3021 917 3091 ἐπιτιθέμενος,
963 3021 1057 3075 κα)⁵
1096 3023 1217 3085 ταῖς
1248 3021 1556 3093 ἀλλοτρίαις
1600 3024 1904 3092 συμφοραῖς

332 3114 630 3183 ἐντρυφῶν.
668 3114 837 3183 Φεῦγε
867 3115 963 3178 τὰς
989 3116 1247 3185 μιμήσεις
1281 3114 1387 3168 τῶν
1418 3114 1901 3185 κατεγνωσμένων.

2027 634 2079 678 tu
2103 626 2277 695 ipsum
2314 631 2708 694 apprehensum
2757 632 2930 685 fecisti
2973 642 3077 685 tum
3112 632 3282 700 ipsius
3317 636 3605 705 0pulentize

2021 728 2250 784 partem.
2295 717 2515 785 lnjustis
2572 721 2949 789 iniustiorem,
2987 732 3042 777 et
3088 738 3256 777 avaro
3303 728 3601 781 avariorem

2020 817 2073 863 te
2101 806 2408 865 ostendisti.
2441 810 2583 865 Cave
2631 816 2867 885 excipiat
2898 824 2949 869 te
2998 816 3137 870 idem
3193 816 3351 883 finis,
3386 822 3477 887 qui
3519 822 3599 891 pi-

2017 917 2135 958 sces
2164 922 2177 958 :
2212 903 2405 957 hamus
2439 902 2709 969 videlicet,
2738 918 2830 960 aut
2861 921 3044 971 nassa,
3077 916 3171 960 aut
3202 920 3334 963 rete.
3372 909 3603 965 Omnino

2017 994 2157 1049 enim
2183 1005 2238 1050 et
2270 1008 2392 1058 nos,
2421 995 2465 1049 si
2495 994 2721 1049 multum
2746 1000 3129 1055 admiserimus
3163 1000 3487 1070 iniquitatis.
3516 1003 3599 1055 ul-

2020 1086 2200 1141 timam
2254 1102 2360 1141 non
2390 1085 2709 1156 effugiemus
2750 1102 2985 1156 paruam.
3018 1092 3137 1147 Jam
3168 1106 3297 1147 vero
3335 1092 3501 1146 etiam
3546 1094 3599 1145 in

2018 1179 2231 1235 infirmo
2288 1179 2509 1235 animali
2567 1180 2797 1235 astutias
2852 1182 3045 1238 multas
3101 1195 3157 1239 et
3198 1184 3430 1241 insidias
3476 1200 3599 1238 cum

2016 1273 2300 1341 perspicis,
2327 1272 2717 1328 maleficiorum
2757 1273 3115 1328 imitationem
3157 1276 3345 1347 fugere
3375 1286 3427 1332 te
3454 1275 3600 1331 volo.

2014 1363 2228 1434 Appetit
2253 1374 2447 1420 ostrea:
2484 1379 2705 1419 carnem
2758 1380 2958 1421 cancer
2992 1383 3005 1419 :
3044 1367 3138 1420 sed
3168 1367 3399 1424 diﬂicilis
3435 1378 3597 1439 captu

2016 1469 2099 1514 est
2128 1458 2177 1513 ei
2217 1458 2332 1512 hac
2361 1460 2561 1526 praeda,
2587 1466 2809 1528 propter
2840 1468 2988 1514 testa:
3024 1459 3438 1515 munimentum.
3462 1462 3593 1517 Nam

2015 1552 2247 1621 infragili
2279 1561 2431 1620 septo
2460 1554 2642 1608 carnis
2686 1552 3102 1606 teneritudinem
3129 1561 3321 1606 natura
3351 1567 3593 1607 commu-

2014 1646 2167 1700 nivit.
2186 1644 2524 1713 Quapropter
2554 1652 2609 1698 et
2638 1646 2738 1699 hoc
2770 1642 2969 1698 animal
2992 1643 3415 1698 ostracodermon
3436 1658 3596 1699 voca-

2015 1746 2119 1792 tnr.
2152 1737 2218 1790 Et
2246 1736 2499 1804 quoniam
2529 1734 2635 1789 duo
2652 1750 2781 1789 cava
2801 1744 3053 1791 accurate
3084 1735 3184 1792 sibi
3214 1733 3441 1789 invicem
3463 1748 3595 1791 con-

2011 1831 2219 1899 juncta,
2244 1837 2483 1883 ostream
2510 1826 2757 1881 ambiunt
2779 1834 2833 1879 et
2862 1827 3396 1898 circumplectuntur,
3432 1826 3596 1881 forci-

2018 1937 2113 1991 pes
2153 1919 2334 1975 cancri
2382 1918 2691 1974 necessario
2724 1917 3027 1973 ineﬂicaces
3055 1928 3205 1972 sunt.
3247 1917 3386 1984 Quid
3430 1918 3598 1987 igitur

2015 2014 2235 2067 molitur
2265 2012 2444 2068 ?Cum
2475 2011 2673 2065 viderit
2713 2018 2948 2064 ostream
2995 2010 3047 2064 in
3094 2009 3401 2080 tranquillis
3458 2008 3593 2065 locis

2012 2121 2118 2159 non
2170 2107 2287 2159 sine
2342 2106 2618 2174 voluptate
2675 2103 3050 2173 apricantem,
3087 2110 3142 2158 et
3201 2104 3265 2158 ad
3323 2101 3452 2157 solis
3502 2117 3591 2156 ra-

2010 2198 2127 2253 dios
2159 2198 2340 2253 valvas
2386 2214 2514 2253 suas
2556 2196 2914 2267 explicantem
2946 2215 2958 2250 :
2993 2204 3121 2249 tunc
3171 2194 3472 2249 clanculum
3509 2194 3594 2248 inc

2003 2281 2148 2350 jecto
2181 2282 2411 2345 calculo,
2457 2284 2777 2350 plicaturam
2812 2284 3067 2353 impedit;
3097 2294 3261 2353 atque
3289 2284 3432 2353 quod
3458 2282 3591 2337 viri-

2009 2378 2110 2433 bus
2143 2376 2350 2439 deerat,
2383 2374 2434 2428 id
2468 2384 2588 2429 astu
2631 2382 2686 2429 et
2721 2373 2844 2429 dolo
2873 2374 3119 2429 obtinere
3145 2374 3587 2445 deprehenditur.

2009 2469 2133 2524 ch
2161 2477 2244 2524 est
2275 2482 2459 2523 eorum
2489 2481 2608 2538 qua:
2632 2482 2807 2538 neque
2832 2467 3061 2535 ratione,
3081 2482 3255 2539 neque
3289 2483 3420 2524 voce
3449 2483 3586 2539 prae—

2006 2561 2114 2617 dita
2144 2573 2287 2626 sunt,
2326 2560 2549 2615 malitia.
2573 2561 2682 2630 Ego
2710 2571 2889 2616 autem
2921 2563 3060 2625 volo.
3090 2572 3149 2617 ut
3179 2572 3235 2617 tu
3263 2577 3585 2617 cancrorum

2009 2655 2062 2707 in
2093 2654 2235 2707 victu
2264 2655 2635 2721 comparando
2670 2663 2839 2707 artem
2876 2669 2939 2708 ac
2972 2654 3292 2708 industriam
3322 2655 3585 2717 imitatus,

2006 2758 2034 2797 a
2079 2746 2443 2813 proximorum
2476 2760 2613 2799 noxa
2659 2746 3123 2815 incommodisque
3161 2747 3255 2801 tibi
3292 2758 3574 2817 temperes.

2005 2834 2149 2890 Talis
2208 2843 2293 2891 est
2359 2834 2451 2905 qui
2509 2835 2576 2889 ad
2642 2834 2863 2888 fratrem
2911 2834 3281 2892 fraudulenter
3340 2836 3582 2901 accedit,

2005 2928 2395 2998 adversamque
2445 2927 2678 2998 proximi
2725 2925 2993 2983 fortunam
3040 2929 3298 2986 insidiose
3345 2930 3583 3001 impetit,

2004 3029 2057 3074 et
2081 3020 2269 3074 alienis
2293 3020 2517 3075 insultat
2540 3020 2958 3077 calamitatibus.
2994 3020 3137 3077 Cave
3176 3024 3446 3078 atnuleris
3486 3024 3580 3077 lio-

2005 3109 2174 3165 mines
2202 3108 2548 3180 improbatus.
2569 3111 2700 3167 Tuis
2725 3112 2801 3167 sis
2829 3121 3117 3167 contentus
3142 3111 3320 3167 rebus.
3348 3113 3583 3184 Pauper-

329 3204 457 3267 Τοῖς
492 3206 712 3268 οἰκείοις
756 3205 947 3277 ἀρκοῦ.
998 3207 1165 3260 Πενία
1214 3208 1351 3275 μετά
1389 3208 1722 3279 αὐταρκείας
1771 3208 1902 3277 ἀλη-

2008 3214 2109 3271 tas,
2134 3221 2255 3261 cum
2296 3220 2474 3260 rerum
2503 3206 2933 3261 necessariarum
2971 3207 3127 3276 c0pia
3156 3223 3283 3263 vere
3313 3211 3579 3281 suppetit.

329 3295 456 3359 ϐοῦς
496 3297 672 3369 πάσης
708 3295 1055 3361 ἀπολαύσεως
1100 3300 1210 3360 τοῖς
1262 3297 1597 3369 σωφρονοῦσι
1646 3316 1906 3369 προτιμο-

326 3385 481 3458 τέρα.
524 3390 637 3442 υύκ
671 3388 736 3443 ἂν
770 3389 1091 3462 παρέλθοιμι
1125 3389 1186 3443 τὸ
1228 3386 1322 3443 τοῦ
1364 3389 1662 3452 πολύποδος
1690 3389 1903 3459 δολερὸν

328 3479 424 3533 καὶ
450 3480 758 3547 ἐπίκλοπον,
786 3480 843 3545 ὃς
869 3482 1029 3553 ὁποίᾳ
1067 3482 1182 3535 ποτ’
1208 3481 1275 3536 ἂν
1306 3480 1563 3535 ἑκάστοτε
1603 3480 1777 3553 πέτρᾳ
1809 3496 1905 3532 πε-

329 3570 565 3643 ριπλακῇ
610 3573 742 3641 (97),
781 3574 880 3645 τὴν
916 3574 1133 3644 ἐκείνης
1174 3575 1474 3646 ὑπέρχεται
1514 3573 1684 3646 χρόαν
1711 3590 1724 3603 ·
1759 3572 1900 3626 ὥστε

324 3665 455 3729 τοὺς
494 3664 719 3728 πολλοὺς
746 3664 853 3719 τῶν
890 3667 1086 3735 ἰχθύων
1116 3666 1440 3736 ἀπροόπτως
1471 3666 1800 3737 νηχομένους
1823 3665 1901 3737 τῷ

327 3754 585 3807 πολύποδι
619 3754 989 3826 περιπίπτειν,
1022 3754 1094 3817 ὼς
1134 3758 1199 3825 τῇ
1229 3754 1404 3825 πέτρᾳ
1432 3754 1611 3822 δῆθεν,
1644 3755 1736 3807 καὶ
1763 3755 1901 3807 ἐτοι-

327 3860 430 3915 μον
456 3843 700 3913 γίνεσθαι
733 3843 957 3919 θήραμα
980 3842 1058 3914 τῷ
1092 3842 1403 3914 πανούργῳ.
1433 3842 1672 3895 Τοιοῦτοί
1708 3844 1812 3895 είσι
1838 3844 1900 3896 τὸ

320 3930 455 4006 ἦθος
492 3938 538 3990 οἱ
577 3938 673 4000 τὰς
702 3937 788 3990 ἀεὶ
818 3934 1127 4007 κρατούσας
1166 3935 1483 3999 δυναστείας
1517 3935 1896 4006 ὑπερχόμενοι,

323 4024 586 4097 καὶπρὸς
624 4026 719 4089 τὰς
755 4026 1010 4081 ἑκάστοτε
1053 4023 1239 4095 χρείας
1291 4022 1776 4095 μεθαρμοζόμενοι,
1822 4025 1896 4097 μή

322 4113 419 4167 ἐπὶ
443 4115 541 4183 τῆς
568 4116 735 4186 αὐτῆς
758 4116 846 4169 ἀεὶ
872 4116 1240 4187 προαιρέσεως
1265 4115 1575 4186 βεϐηκότες,
1606 4116 1721 4169 ἀλλ’
1747 4115 1895 4170 άλλοι

321 4204 420 4258 καὶ
463 4204 611 4258 ἄλλοι
644 4206 841 4276 ῥᾳδίως
886 4207 1183 4277 γινόμενοι,
1239 4207 1591 4278 σωφροσύνην
1630 4208 1896 4279 τιμῶντες

322 4296 462 4369 μετά
502 4298 812 4369 σωφρόνων,
852 4298 1140 4351 ἀκόλαστοι
1189 4298 1246 4351 δὲ
1284 4300 1341 4351 ἐν
1387 4299 1725 4363 ἀκολάστοις,
1760 4300 1895 4371 πρὸς

316 4390 420 4461 τὴν
457 4390 685 4443 ἑκάστου
729 4390 1023 4461 ἀρέσκειαν
1062 4390 1161 4454 τάς
1200 4389 1422 4461 γνώμας
1462 4391 1889 4462 μετατιθέμενοι.

318 4483 429 4547 Οὓς
456 4482 576 4535 ούδέ
612 4482 792 4553 ῥᾴδιον
821 4483 1087 4550 ἐκκλῖναι,
1122 4484 1243 4537 οὐδὲ
1273 4484 1372 4553 τὴν
1400 4484 1494 4535 ἀπ’
1517 4482 1693 4537 αὐτῶν
1722 4484 1892 4553 φυλά-

2005 3296 2259 3365 voluptati
2280 3296 2425 3350 omni
2456 3310 2486 3349 a
2505 3296 2837 3366 sapientibus
2864 3298 3225 3366 auteponitur.
3261 3297 3377 3353 Non
3403 3301 3581 3371 polypi

2004 3386 2353 3455 praeterierim
2394 3387 2573 3441 dolum
2604 3401 2667 3441 ac
2698 3387 3036 3442 furacitatem
3057 3428 3071 3453 ,
3102 3391 3189 3457 qui
3218 3390 3580 3461 qualicunque

2007 3478 2217 3533 tandem
2238 3493 2368 3533 saxo
2396 3479 2699 3545 adhaeserit,
2725 3479 2865 3534 illius
2898 3480 3069 3534 induit
3099 3480 3355 3540 colorem.
3379 3482 3582 3550 Quam-

2000 3571 2187 3627 obretn
2220 3571 2459 3641 plerique
2499 3571 2675 3642 pisces
2710 3571 3006 3641 improvide
3050 3580 3297 3627 natantes
3326 3572 3381 3626 in
3424 3574 3579 3642 poly-

2000 3676 2124 3732 pum
2159 3662 2234 3715 uti
2267 3662 2321 3715 in
2352 3670 2555 3730 petram
2588 3662 2851 3726 incidunt,
2878 3670 3233 3732 paratamque
3258 3675 3475 3720 versuto
3502 3666 3580 3721 illi

2000 3757 2233 3823 praedam
2260 3768 2379 3808 sese
2408 3752 2658 3809 offerunt.
2684 3752 2901 3809 Talibus
2932 3754 3170 3809 moribus
3192 3763 3319 3809 sunt
3347 3754 3576 3826 praediti,

2000 3846 2089 3914 qui
2120 3861 2333 3915 semper
2372 3847 2725 3915 potestatibus
2770 3846 3167 3903 dominantibus
3210 3859 3575 3915 assentantur,

1998 3951 2224 4006 seseque
2251 3938 2316 3991 ad
2356 3937 2621 4007 quoslibet
2654 3938 2841 3993 modos
2886 3952 3121 4008 ususque
3145 3941 3571 4007 accommodant,

1998 4041 2098 4082 nec
2137 4027 2190 4081 in
2236 4028 2422 4084 eadem
2474 4028 2635 4081 animi
2697 4029 2965 4082 sententia
3008 4043 3222 4099 semper
3257 4032 3573 4099 persistuni,

1995 4122 2091 4178 sed
2132 4122 2223 4175 alii
2256 4132 2415 4189 atque
2447 4122 2535 4175 alii
2573 4119 2734 4175 facile
2770 4119 2977 4187 eﬂ'ectl,
3006 4126 3412 4193 temperantiam
3451 4142 3574 4180 cum

1998 4212 2421 4281 temperantibus
2460 4220 2800 4278 venerantes,
2834 4213 3087 4282 impudici
3113 4230 3235 4268 cum
3269 4216 3572 4285 impudicis,

1996 4303 2326 4359 sententiam
2358 4312 2569 4357 mutant
2594 4304 2659 4357 ad
2695 4304 3114 4372 uniuscujusque
3137 4306 3360 4375 gratiam
3392 4309 3572 4361 conci-

1996 4396 2246 4450 liandam.
2276 4394 2421 4461 Quos
2451 4394 2662 4447 dillicile
2692 4404 2774 4449 est
2821 4394 3045 4459 evitare,
3077 4394 3286 4464 sibique
3320 4397 3389 4451 ab
3428 4396 3562 4466 ipso.

1996 4502 2111 4541 rum
2134 4487 2471 4541 nocumentis
2492 4501 2702 4551 cavere,
2736 4496 3017 4556 propterea
3042 4487 3185 4557 quod
3220 4502 3408 4543 eorum
3440 4502 3571 4543 can-

317 4574 513 4639 ξασθαι
552 4574 774 4644 βλάόην,
817 4574 906 4627 διὰ
945 4574 1007 4627 τὸ
1050 4576 1108 4627 ἐν
1156 4575 1234 4645 τῷ
1278 4575 1626 4645 προσχήματι
1663 4575 1761 4645 τῆς
1800 4592 1890 4644 φι-

2008 4578 2212 4632 cinnata
2248 4577 2491 4647 pravitas
2514 4577 2613 4631 sub
2644 4578 2893 4632 amicitia:
2912 4578 3091 4647 specie
3111 4576 3216 4632 alta
3246 4579 3568 4649 contegitur.

316 4666 437 4730 λίας
494 4666 603 4735 (98)
648 4666 856 4736 βαθέως
916 4668 1430 4737 κατεσκευασμένην
1481 4667 1579 4738 τὴν
1634 4668 1896 4738 πονηρίαν

2000 4668 2172 4723 Mores
2206 4669 2507 4739 huiusmodi
2540 4667 2771 4739 appellat
2827 4669 3085 4723 Dominus
3124 4684 3344 4738 rapaces
3389 4670 3568 4742 lupos,

318 4758 786 4829 κατακεκρύφθαι.
839 4759 918 4812 Τά
964 4759 1189 4812 τοιαῦτα
1244 4760 1349 4830 non
1404 4760 1599 4823 λύκους
1641 4761 1897 4833 ἅρπαγας

2008 4768 2049 4815 in
2073 4762 2251 4817 ovium
2286 4764 2610 4817 indumentis
2642 4776 2764 4815 sese
2798 4761 3375 4833 ostentantes".Fuge
3404 4764 3568 4820 hosce

314 4848 570 4918 ὀνομάζει
597 4852 624 4903 ὁ
646 4850 870 4921 Κύριος,
899 4850 956 4902 ἐν
983 4848 1242 4919 ἐνδύμασι
1284 4850 1569 4921 προϐάτων
1604 4870 1894 4923 προφαινο-

2008 4866 2172 4906 mores
2193 4851 2371 4907 varios
2401 4866 2463 4905 ac
2498 4850 2819 4919 multiplices
2843 4868 2855 4903 :
2884 4850 2992 4904 imo
3016 4857 3228 4906 sectare
3258 4853 3564 4916 veritatem,

318 4942 529 5013 μένους.
577 4942 747 5011 Φεῦγε
785 4944 845 4995 τὸ
897 4942 1237 4995 παντοδαπὸν
1286 4941 1377 4994 καὶ
1424 4942 1762 4997 πολλαπλοῦν
1798 4944 1891 4998 τοῦ

2008 4946 2384 5008 sinceritatem,
2414 4942 2837 5012 simplicitatem.
2856 4940 3403 5013 Variusestserpens,
3421 4954 3473 5000 et
3497 4947 3567 4999 ob

309 5033 515 5103 τρόπου
540 5050 553 5063 ο
600 5033 759 5087 δίωκε
792 5034 849 5087 δὲ
881 5032 1156 5103 ἀλήθειαν,
1189 5032 1557 5103 είλικρίνειαν,
1588 5034 1880 5106 ἁπλότητα.

2016 5039 2044 5091 d
2065 5038 2130 5090 ad
2152 5037 2263 5108 σε
2281 5036 2595 5106 reptandum
2628 5034 3014 5091 condemnatus
3044 5048 3147 5093 est.
3180 5036 3365 5093 Justus
3389 5036 3563 5091 fictio-

324 5124 384 5178 '0
412 5125 533 5193 δφις
566 5126 833 5189 ποικίλος·
871 5124 961 5178 διὰ
987 5124 1145 5179 τοῦτο
1171 5125 1262 5178 καὶ
1290 5125 1477 5197 ’ἐρπειν
1500 5126 1881 5199 κατεδικάσθη.

2008 5142 2057 5182 te
2090 5136 2261 5191 caret,
2286 5123 2462 5194 qualis
2500 5122 2603 5177 fuit
2645 5121 2811 5178 Jacob
2840 5126 2905 5178 ".
2942 5124 3281 5194 Quapropter
3312 5124 3564 5180 Dominus

382 5309 426 5341 "
468 5307 653 5363 Matth.
688 5322 783 5371 vn,
822 5306 909 5360 15.
983 5307 1028 5339 ”
1062 5307 1197 5363 Gen.
1254 5319 1378 5370 xxv,
1404 5305 1493 5359 27.

385 5443 495 5515 (94)
523 5444 599 5498 Ita
645 5440 813 5494 editio
866 5439 1057 5515 Ba_si_l._
1079 5458 1199 5515 cu_nt
1234 5442 1463 5515 duobus
1491 5443 1731 5515 iDucxet
1759 5458 1880 5515 cum
2214 5436 2288 5515 [ta
2319 5451 2412 5491 sex
2449 5450 2576 5491 mss.
2614 5435 2792 5515 Editito
2822 5447 3052 5515 utraque
3078 5434 3138 5487 τὸ
3162 5435 3370 5515 λεῖπον.

313 5503 438 5568 aliis
472 5503 709 5583 quinque
748 5525 875 5583 mss.
923 5511 1099 5583 Editio
1127 5512 1298 5565 Paris.
1336 5514 1399 5564 σὺ
1423 5514 1599 5567 τοῦτο.
1644 5512 1884 5566 Subinde

2066 5503 2340 5583 (9?)_Reg.
2367 5516 2561 5583 sextus
2582 5521 2705 5560 cum
2741 5505 3285 5583 Colb._primorr_é-rp_s_
3312 5503 3565 5583 superla-

309 5576 543 5652 quatuor
575 5576 704 5635 ntss.
760 5581 983 5652 ἐφάνης.
1015 5581 1153 5635 Editi
1185 5597 1304 5635 cum
1339 5599 1444 5636 uno
1474 5584 1753 5639 :utaltero
1781 5598 1879 5636 ms.

2008 5576 2086 5650 ιῇ.
2127 5576 2264 5632 Infra
2289 5578 2522 5647 quinque
2554 5592 2684 5652 mss.
2723 5576 3073 5652 περιπίπτειν
3249 5576 3389 5629 Editi
3438 5590 3563 5630 cum

310 5646 602 5720 ἀνεφάνης.
805 5646 815 5650 ’
923 5646 932 5652 ’

2008 5646 2128 5713 lleg.
2164 5646 2352 5720 octavo
2380 5646 2953 5720 περιπίπτειν-ὦςντῇ,
2987 5647 3209 5720 rectius.

386 5696 498 5794 (θὸ)
529 5696 659 5783 lli-.51.
694 5733 875 5775 sextus
901 5736 1019 5774 cum
1044 5720 1195 5774 Coll).
1227 5720 1398 5788 primo
1431 5722 1625 5781 ἀδίκων
1654 5722 1879 5788 ὑπεξελ-

2008 5696 2282 5794 "Restiti;
2306 5696 2678 5794 sestertia...
2720 5696 2856 5794 stitit
2877 5696 2953 5771 Eii
2977 5696 3431 5788 easeas-[mu
3462 5718 3558 5782 τῆς

310 5789 513 5857 Θόντες.
548 5795 831 5857 Aliquanto
866 5801 981 5857 pust
1021 5794 1154 5843 idem
1199 5805 1299 5843 tus.
1337 5808 1455 5843 cunt
1490 5796 1670 5848 eodem
1724 5797 1873 5849 (ῖιιιξι,

2008 5790 2291 5854 εὐλαϐείας,
2325 5790 2415 5842 sub
2443 5789 2652 5856 pictatis
2674 5789 2857 5855 specie.

310 5882 485 5936 primo
514 5867 700 5931 φυγεῖν
734 5863 837 5915 τῶν
866 5861 1045 5913 κακῶν
1074 5863 1171 5933 τὴν
1209 5859 1455 5931 μίμησιν.
