  <div class='ocr_page' id='page_1' title='image "/cluster/home/n/w/nwhite01/storage/ocr_20150623/29/ien.35556001660547/486.png"; bbox 0 0 4062 6502; ppageno 0'>
   <div class='ocr_carea' id='block_1_1' title="bbox 521 418 3769 484">
    <p class='ocr_par' dir='ltr' id='par_1_1' title="bbox 521 418 3769 484">
     <span class='ocr_line' id='line_1_1' title="bbox 521 418 3769 484; baseline -0.009 0"><span class='ocrx_word' id='word_1_1' title='bbox 521 433 620 484; x_wconf 74' lang='lat' dir='ltr'><strong>iss</strong></span> <span class='ocrx_word' id='word_1_2' title='bbox 1859 422 1915 474; x_wconf 85' lang='lat' dir='ltr'><strong>s.</strong></span> <span class='ocrx_word' id='word_1_3' title='bbox 1961 418 2200 472; x_wconf 78' lang='lat' dir='ltr'><strong>BASILII</strong></span> <span class='ocrx_word' id='word_1_4' title='bbox 2235 418 2443 471; x_wconf 75' lang='lat' dir='ltr'><strong>MAGM</strong></span> <span class='ocrx_word' id='word_1_5' title='bbox 3655 419 3769 471; x_wconf 63' lang='grc' dir='ltr'>με</span> 
     </span>
    </p>
   </div>
   <div class='ocr_carea' id='block_1_2' title="bbox 509 529 2105 606">
    <p class='ocr_par' dir='ltr' id='par_1_2' title="bbox 509 534 2089 606">
     <span class='ocr_line' id='line_1_2' title="bbox 509 534 2089 606; baseline -0.007 -9"><span class='ocrx_word' id='word_1_6' title='bbox 509 545 808 598; x_wconf 78' lang='lat' dir='ltr'><strong>inhabitare</strong></span> <span class='ocrx_word' id='word_1_7' title='bbox 838 540 965 606; x_wconf 75' lang='lat' dir='ltr'><strong>facit</strong></span> <span class='ocrx_word' id='word_1_8' title='bbox 1020 538 1175 590; x_wconf 80' lang='lat' dir='ltr'><strong>unius</strong></span> <span class='ocrx_word' id='word_1_9' title='bbox 1211 539 1369 589; x_wconf 77' lang='lat' dir='ltr'><strong>moris</strong></span> <span class='ocrx_word' id='word_1_10' title='bbox 1406 539 1459 588; x_wconf 83' lang='lat' dir='ltr'><strong>iu</strong></span> <span class='ocrx_word' id='word_1_11' title='bbox 1505 536 1656 586; x_wconf 78' lang='lat' dir='ltr'><strong>domo</strong></span> <span class='ocrx_word' id='word_1_12' title='bbox 1687 534 1751 587; x_wconf 77' lang='lat'><strong>”.</strong></span> <span class='ocrx_word' id='word_1_13' title='bbox 1793 536 1906 590; x_wconf 83' lang='lat' dir='ltr'><strong>Hoc</strong></span> <span class='ocrx_word' id='word_1_14' title='bbox 1948 550 2089 586; x_wconf 72' lang='lat' dir='ltr'><strong>mare</strong></span> 
     </span>
    </p>
   </div>
   <div class='ocr_carea' id='block_1_3' title="bbox 2207 529 3773 606">
    <p class='ocr_par' dir='ltr' id='par_1_3' title="bbox 2207 529 3773 600">
     <span class='ocr_line' id='line_1_3' title="bbox 2207 529 3773 600; baseline -0.002 -17"><span class='ocrx_word' id='word_1_15' title='bbox 2207 533 2259 583; x_wconf 89' lang='lat'><strong>&#39;0</strong></span> <span class='ocrx_word' id='word_1_16' title='bbox 2281 535 2483 593; x_wconf 86' lang='grc' dir='ltr'>δίκαιος</span> <span class='ocrx_word' id='word_1_17' title='bbox 2509 530 2799 593; x_wconf 76' lang='grc' dir='ltr'><strong>ἄπλαστος,</strong></span> <span class='ocrx_word' id='word_1_18' title='bbox 2832 530 3011 590; x_wconf 79' lang='grc' dir='ltr'>ὁποῖος</span> <span class='ocrx_word' id='word_1_19' title='bbox 3035 533 3062 581; x_wconf 88' lang='grc' dir='ltr'>ὁ</span> <span class='ocrx_word' id='word_1_20' title='bbox 3100 529 3290 583; x_wconf 78' lang='grc' dir='ltr'>Ἰακώϐ</span> <span class='ocrx_word' id='word_1_21' title='bbox 3321 530 3450 600; x_wconf 67' lang='lat'><strong>($9).</strong></span> <span class='ocrx_word' id='word_1_22' title='bbox 3480 531 3578 582; x_wconf 78' lang='grc' dir='ltr'>Διά</span> <span class='ocrx_word' id='word_1_23' title='bbox 3605 531 3773 582; x_wconf 78' lang='grc' dir='ltr'>τοῦτο</span> 
     </span>
    </p>
   </div>
   <div class='ocr_carea' id='block_1_4' title="bbox 509 621 2105 702">
    <p class='ocr_par' dir='ltr' id='par_1_4' title="bbox 509 625 2086 702">
     <span class='ocr_line' id='line_1_4' title="bbox 509 625 2086 702; baseline -0.006 -17"><span class='ocrx_word' id='word_1_24' title='bbox 509 648 753 702; x_wconf 83' lang='lat' dir='ltr'><strong>magnum</strong></span> <span class='ocrx_word' id='word_1_25' title='bbox 805 639 853 683; x_wconf 83' lang='lat' dir='ltr'><strong>et</strong></span> <span class='ocrx_word' id='word_1_26' title='bbox 905 629 1244 696; x_wconf 78' lang='lat' dir='ltr'><strong>spatiosum:</strong></span> <span class='ocrx_word' id='word_1_27' title='bbox 1282 627 1392 681; x_wconf 79' lang='lat' dir='ltr'><strong>illic</strong></span> <span class='ocrx_word' id='word_1_28' title='bbox 1434 625 1670 691; x_wconf 75' lang='lat' dir='ltr'><strong>replilia,</strong></span> <span class='ocrx_word' id='word_1_29' title='bbox 1715 642 1934 695; x_wconf 83' lang='lat' dir='ltr'><strong>quorum</strong></span> <span class='ocrx_word' id='word_1_30' title='bbox 1984 640 2086 679; x_wconf 83' lang='lat' dir='ltr'><strong>non</strong></span> 
     </span>
    </p>
   </div>
   <div class='ocr_carea' id='block_1_5' title="bbox 2207 621 3769 702">
    <p class='ocr_par' dir='ltr' id='par_1_5' title="bbox 2207 621 3769 691">
     <span class='ocr_line' id='line_1_5' title="bbox 2207 621 3769 691; baseline -0.001 -17"><span class='ocrx_word' id='word_1_31' title='bbox 2207 623 2503 683; x_wconf 69' lang='grc' dir='ltr'>ϊατοικίζει</span> <span class='ocrx_word' id='word_1_32' title='bbox 2545 623 2757 688; x_wconf 72' lang='grc' dir='ltr'>Κύριος</span> <span class='ocrx_word' id='word_1_33' title='bbox 2786 622 3200 691; x_wconf 75' lang='grc' dir='ltr'><strong>μονοτρόπους</strong></span> <span class='ocrx_word' id='word_1_34' title='bbox 3228 621 3296 675; x_wconf 85' lang='grc' dir='ltr'><strong>ὲν</strong></span> <span class='ocrx_word' id='word_1_35' title='bbox 3328 621 3491 684; x_wconf 82' lang='grc' dir='ltr'><strong>οἴκῳ.</strong></span> <span class='ocrx_word' id='word_1_36' title='bbox 3527 621 3694 688; x_wconf 75' lang='grc' dir='ltr'>Αὕτη</span> <span class='ocrx_word' id='word_1_37' title='bbox 3730 622 3769 687; x_wconf 78' lang='grc' dir='ltr'><em>ἠ</em></span> 
     </span>
    </p>
   </div>
   <div class='ocr_carea' id='block_1_6' title="bbox 507 711 2105 786">
    <p class='ocr_par' dir='ltr' id='par_1_6' title="bbox 507 714 2088 786">
     <span class='ocr_line' id='line_1_6' title="bbox 507 714 2088 786; baseline -0.004 -12"><span class='ocrx_word' id='word_1_38' title='bbox 507 730 583 775; x_wconf 78' lang='lat' dir='ltr'><strong>est</strong></span> <span class='ocrx_word' id='word_1_39' title='bbox 629 733 874 772; x_wconf 79' lang='lat' dir='ltr'><strong>numerus</strong></span> <span class='ocrx_word' id='word_1_40' title='bbox 915 731 933 770; x_wconf 92' lang='lat'><strong><em>:</em></strong></span> <span class='ocrx_word' id='word_1_41' title='bbox 982 717 1237 769; x_wconf 79' lang='lat' dir='ltr'><strong>animalia</strong></span> <span class='ocrx_word' id='word_1_42' title='bbox 1285 717 1476 783; x_wconf 81' lang='lat' dir='ltr'><strong>pusilla</strong></span> <span class='ocrx_word' id='word_1_43' title='bbox 1503 730 1618 767; x_wconf 83' lang='lat' dir='ltr'><strong>cum</strong></span> <span class='ocrx_word' id='word_1_44' title='bbox 1660 719 1864 786; x_wconf 80' lang='lat' dir='ltr'><strong>magnis</strong></span> <span class='ocrx_word' id='word_1_45' title='bbox 1891 716 1957 770; x_wconf 72' lang='lat'><strong>&quot;.</strong></span> <span class='ocrx_word' id='word_1_46' title='bbox 1984 714 2088 769; x_wconf 87' lang='lat' dir='ltr'><strong>Sed</strong></span> 
     </span>
    </p>
   </div>
   <div class='ocr_carea' id='block_1_7' title="bbox 2207 711 3770 786">
    <p class='ocr_par' dir='ltr' id='par_1_7' title="bbox 2207 711 3770 784">
     <span class='ocr_line' id='line_1_7' title="bbox 2207 711 3770 784; baseline 0.001 -20"><span class='ocrx_word' id='word_1_47' title='bbox 2207 712 2470 768; x_wconf 69' lang='grc' dir='ltr'>ἰὰλασσα</span> <span class='ocrx_word' id='word_1_48' title='bbox 2504 714 2540 771; x_wconf 73' lang='lat' dir='ltr'><strong>1i</strong></span> <span class='ocrx_word' id='word_1_49' title='bbox 2574 711 2809 781; x_wconf 66' lang='grc' dir='ltr'>μεγίίίη</span> <span class='ocrx_word' id='word_1_50' title='bbox 2837 712 2932 766; x_wconf 80' lang='grc' dir='ltr'>καὶ</span> <span class='ocrx_word' id='word_1_51' title='bbox 2960 713 3295 784; x_wconf 75' lang='grc' dir='ltr'>εὐρύχιο)ρος</span> <span class='ocrx_word' id='word_1_52' title='bbox 3314 729 3329 744; x_wconf 81' lang='lat'><strong><em>°</em></strong></span> <span class='ocrx_word' id='word_1_53' title='bbox 3363 712 3493 764; x_wconf 74' lang='grc' dir='ltr'>ἐκεῖ</span> <span class='ocrx_word' id='word_1_54' title='bbox 3522 713 3770 781; x_wconf 74' lang='grc' dir='ltr'>ἑρπετὰ,</span> 
     </span>
    </p>
   </div>
   <div class='ocr_carea' id='block_1_8' title="bbox 514 797 2105 878">
    <p class='ocr_par' dir='ltr' id='par_1_8' title="bbox 514 808 2087 878">
     <span class='ocr_line' id='line_1_8' title="bbox 514 808 2087 878; baseline -0.004 -12"><span class='ocrx_word' id='word_1_55' title='bbox 514 825 691 866; x_wconf 83' lang='lat' dir='ltr'><strong>tamen</strong></span> <span class='ocrx_word' id='word_1_56' title='bbox 712 819 796 866; x_wconf 88' lang='lat' dir='ltr'><strong>est</strong></span> <span class='ocrx_word' id='word_1_57' title='bbox 824 811 876 864; x_wconf 91' lang='lat' dir='ltr'><strong>in</strong></span> <span class='ocrx_word' id='word_1_58' title='bbox 906 809 1014 864; x_wconf 86' lang='lat' dir='ltr'><strong>illis</strong></span> <span class='ocrx_word' id='word_1_59' title='bbox 1050 809 1262 876; x_wconf 80' lang='lat' dir='ltr'><strong>sapiens</strong></span> <span class='ocrx_word' id='word_1_60' title='bbox 1291 808 1530 878; x_wconf 58' lang='lat' dir='ltr'><strong>quaedam</strong></span> <span class='ocrx_word' id='word_1_61' title='bbox 1559 817 1614 859; x_wconf 90' lang='lat' dir='ltr'><strong>et</strong></span> <span class='ocrx_word' id='word_1_62' title='bbox 1643 810 1810 876; x_wconf 84' lang='lat' dir='ltr'><strong>probe</strong></span> <span class='ocrx_word' id='word_1_63' title='bbox 1842 808 2087 862; x_wconf 87' lang='lat' dir='ltr'><strong>ordinata</strong></span> 
     </span>
    </p>
   </div>
   <div class='ocr_carea' id='block_1_9' title="bbox 2207 797 3770 878">
    <p class='ocr_par' dir='ltr' id='par_1_9' title="bbox 2207 797 3770 877">
     <span class='ocr_line' id='line_1_9' title="bbox 2207 797 3770 877; baseline 0.001 -21"><span class='ocrx_word' id='word_1_64' title='bbox 2207 797 2273 856; x_wconf 72' lang='grc' dir='ltr'><strong>ὒν</strong></span> <span class='ocrx_word' id='word_1_65' title='bbox 2297 807 2408 858; x_wconf 79' lang='grc' dir='ltr'><strong>οὐκ</strong></span> <span class='ocrx_word' id='word_1_66' title='bbox 2439 807 2610 859; x_wconf 76' lang='grc' dir='ltr'>ἐστιν</span> <span class='ocrx_word' id='word_1_67' title='bbox 2632 804 2894 873; x_wconf 77' lang='grc' dir='ltr'>ἀριθμός·</span> <span class='ocrx_word' id='word_1_68' title='bbox 2932 803 3041 865; x_wconf 80' lang='grc' dir='ltr'><strong>ζῶα</strong></span> <span class='ocrx_word' id='word_1_69' title='bbox 3062 810 3245 874; x_wconf 73' lang='grc' dir='ltr'>μικρὰ</span> <span class='ocrx_word' id='word_1_70' title='bbox 3285 805 3433 877; x_wconf 79' lang='grc' dir='ltr'>μετὰ</span> <span class='ocrx_word' id='word_1_71' title='bbox 3460 805 3770 873; x_wconf 52' lang='grc' dir='ltr'>μεγάλων.</span> 
     </span>
    </p>
   </div>
   <div class='ocr_carea' id='block_1_10' title="bbox 513 900 2092 971">
    <p class='ocr_par' dir='ltr' id='par_1_10' title="bbox 513 900 2092 971">
     <span class='ocr_line' id='line_1_10' title="bbox 513 900 2092 971; baseline -0.002 -14"><span class='ocrx_word' id='word_1_72' title='bbox 513 903 815 971; x_wconf 78' lang='lat' dir='ltr'><strong>dispositio.</strong></span> <span class='ocrx_word' id='word_1_73' title='bbox 842 901 958 956; x_wconf 79' lang='lat' dir='ltr'><strong>Non</strong></span> <span class='ocrx_word' id='word_1_74' title='bbox 996 901 1138 955; x_wconf 88' lang='lat' dir='ltr'><strong>enim</strong></span> <span class='ocrx_word' id='word_1_75' title='bbox 1193 900 1362 955; x_wconf 88' lang='lat' dir='ltr'><strong>solum</strong></span> <span class='ocrx_word' id='word_1_76' title='bbox 1398 913 1652 953; x_wconf 84' lang='lat' dir='ltr'><strong>accusare</strong></span> <span class='ocrx_word' id='word_1_77' title='bbox 1685 901 1858 970; x_wconf 90' lang='lat' dir='ltr'><strong>pisces</strong></span> <span class='ocrx_word' id='word_1_78' title='bbox 1899 914 2092 969; x_wconf 85' lang='lat' dir='ltr'><strong>possu-</strong></span> 
     </span>
    </p>
   </div>
   <div class='ocr_carea' id='block_1_11' title="bbox 515 988 2087 1059">
    <p class='ocr_par' dir='ltr' id='par_1_11' title="bbox 515 988 2087 1059">
     <span class='ocr_line' id='line_1_11' title="bbox 515 988 2087 1059; baseline -0.003 -12"><span class='ocrx_word' id='word_1_79' title='bbox 515 1007 670 1056; x_wconf 86' lang='lat' dir='ltr'><strong>mus;</strong></span> <span class='ocrx_word' id='word_1_80' title='bbox 698 992 792 1046; x_wconf 87' lang='lat' dir='ltr'><strong>sed</strong></span> <span class='ocrx_word' id='word_1_81' title='bbox 822 1000 946 1046; x_wconf 90' lang='lat' dir='ltr'><strong>sunt</strong></span> <span class='ocrx_word' id='word_1_82' title='bbox 967 990 1129 1043; x_wconf 83' lang='lat' dir='ltr'><strong>etiam</strong></span> <span class='ocrx_word' id='word_1_83' title='bbox 1161 1005 1282 1059; x_wconf 70' lang='lat' dir='ltr'><strong>qua:</strong></span> <span class='ocrx_word' id='word_1_84' title='bbox 1305 1003 1479 1058; x_wconf 65' lang='lat' dir='ltr'><strong>operte</strong></span> <span class='ocrx_word' id='word_1_85' title='bbox 1501 990 1726 1056; x_wconf 90' lang='lat' dir='ltr'><strong>pretium</strong></span> <span class='ocrx_word' id='word_1_86' title='bbox 1759 997 1844 1044; x_wconf 89' lang='lat' dir='ltr'><strong>est</strong></span> <span class='ocrx_word' id='word_1_87' title='bbox 1869 988 2087 1043; x_wconf 86' lang='lat' dir='ltr'><strong>imitari.</strong></span> 
     </span>
    </p>
   </div>
   <div class='ocr_carea' id='block_1_12' title="bbox 511 1079 2091 1153">
    <p class='ocr_par' dir='ltr' id='par_1_12' title="bbox 511 1079 2091 1153">
     <span class='ocr_line' id='line_1_12' title="bbox 511 1079 2091 1153; baseline -0.003 -14"><span class='ocrx_word' id='word_1_88' title='bbox 511 1083 795 1153; x_wconf 86' lang='lat' dir='ltr'><strong>Quomodo</strong></span> <span class='ocrx_word' id='word_1_89' title='bbox 815 1082 1020 1152; x_wconf 87' lang='lat' dir='ltr'><strong>singula</strong></span> <span class='ocrx_word' id='word_1_90' title='bbox 1044 1079 1273 1150; x_wconf 88' lang='lat' dir='ltr'><strong>piscium</strong></span> <span class='ocrx_word' id='word_1_91' title='bbox 1302 1094 1492 1151; x_wconf 81' lang='lat' dir='ltr'><strong>genera</strong></span> <span class='ocrx_word' id='word_1_92' title='bbox 1527 1081 1798 1149; x_wconf 79' lang='lat' dir='ltr'><strong>regionem</strong></span> <span class='ocrx_word' id='word_1_93' title='bbox 1827 1081 1927 1135; x_wconf 90' lang='lat' dir='ltr'><strong>sibi</strong></span> <span class='ocrx_word' id='word_1_94' title='bbox 1960 1081 2091 1150; x_wconf 86' lang='lat' dir='ltr'><strong>ipsis</strong></span> 
     </span>
    </p>
   </div>
   <div class='ocr_carea' id='block_1_13' title="bbox 515 1172 2089 1243">
    <p class='ocr_par' dir='ltr' id='par_1_13' title="bbox 515 1172 2089 1243">
     <span class='ocr_line' id='line_1_13' title="bbox 515 1172 2089 1243; baseline -0.003 -13"><span class='ocrx_word' id='word_1_95' title='bbox 515 1175 762 1230; x_wconf 77' lang='lat' dir='ltr'><strong>idoneam</strong></span> <span class='ocrx_word' id='word_1_96' title='bbox 785 1173 1003 1243; x_wconf 87' lang='lat' dir='ltr'><strong>partita,</strong></span> <span class='ocrx_word' id='word_1_97' title='bbox 1021 1173 1125 1229; x_wconf 88' lang='lat' dir='ltr'><strong>alia</strong></span> <span class='ocrx_word' id='word_1_98' title='bbox 1143 1174 1197 1228; x_wconf 87' lang='lat' dir='ltr'><strong>in</strong></span> <span class='ocrx_word' id='word_1_99' title='bbox 1227 1175 1451 1227; x_wconf 91' lang='lat' dir='ltr'><strong>aliorum</strong></span> <span class='ocrx_word' id='word_1_100' title='bbox 1478 1172 1633 1226; x_wconf 88' lang='lat' dir='ltr'><strong>sedes</strong></span> <span class='ocrx_word' id='word_1_101' title='bbox 1657 1186 1761 1226; x_wconf 90' lang='lat' dir='ltr'><strong>non</strong></span> <span class='ocrx_word' id='word_1_102' title='bbox 1787 1181 2089 1237; x_wconf 90' lang='lat' dir='ltr'><strong>transeunt,</strong></span> 
     </span>
    </p>
   </div>
   <div class='ocr_carea' id='block_1_14' title="bbox 515 1263 2094 1337">
    <p class='ocr_par' dir='ltr' id='par_1_14' title="bbox 515 1263 2094 1337">
     <span class='ocr_line' id='line_1_14' title="bbox 515 1263 2094 1337; baseline -0.001 -15"><span class='ocrx_word' id='word_1_103' title='bbox 515 1267 612 1322; x_wconf 85' lang='lat' dir='ltr'><strong>sed</strong></span> <span class='ocrx_word' id='word_1_104' title='bbox 643 1269 786 1321; x_wconf 89' lang='lat' dir='ltr'><strong>intra</strong></span> <span class='ocrx_word' id='word_1_105' title='bbox 809 1265 1060 1337; x_wconf 87' lang='lat' dir='ltr'><strong>proprios</strong></span> <span class='ocrx_word' id='word_1_106' title='bbox 1089 1267 1222 1321; x_wconf 80' lang='lat' dir='ltr'><strong>lines</strong></span> <span class='ocrx_word' id='word_1_107' title='bbox 1247 1266 1585 1320; x_wconf 88' lang='lat' dir='ltr'><strong>diversantur</strong></span> <span class='ocrx_word' id='word_1_108' title='bbox 1609 1263 1632 1318; x_wconf 77' lang='grc' dir='ltr'>τ</span> <span class='ocrx_word' id='word_1_109' title='bbox 1662 1263 1950 1320; x_wconf 87' lang='lat' dir='ltr'><strong>Geometra</strong></span> <span class='ocrx_word' id='word_1_110' title='bbox 1976 1266 2094 1320; x_wconf 92' lang='lat' dir='ltr'><strong>nul-</strong></span> 
     </span>
    </p>
   </div>
   <div class='ocr_carea' id='block_1_15' title="bbox 519 1357 2092 1428">
    <p class='ocr_par' dir='ltr' id='par_1_15' title="bbox 519 1357 2092 1428">
     <span class='ocr_line' id='line_1_15' title="bbox 519 1357 2092 1428; baseline -0.001 -15"><span class='ocrx_word' id='word_1_111' title='bbox 519 1359 601 1414; x_wconf 89' lang='lat' dir='ltr'><strong>lus</strong></span> <span class='ocrx_word' id='word_1_112' title='bbox 623 1359 984 1416; x_wconf 74' lang='lat' dir='ltr'><strong>habitationes</strong></span> <span class='ocrx_word' id='word_1_113' title='bbox 1008 1360 1143 1428; x_wconf 90' lang='lat' dir='ltr'><strong>apud</strong></span> <span class='ocrx_word' id='word_1_114' title='bbox 1167 1360 1282 1413; x_wconf 65' lang='lat' dir='ltr'><strong>haec</strong></span> <span class='ocrx_word' id='word_1_115' title='bbox 1316 1360 1539 1428; x_wconf 89' lang='lat' dir='ltr'><strong>piscium</strong></span> <span class='ocrx_word' id='word_1_116' title='bbox 1569 1371 1764 1427; x_wconf 89' lang='lat' dir='ltr'><strong>genera</strong></span> <span class='ocrx_word' id='word_1_117' title='bbox 1793 1357 2092 1425; x_wconf 75' lang='lat' dir='ltr'><strong>distribuit;</strong></span> 
     </span>
    </p>
   </div>
   <div class='ocr_carea' id='block_1_16' title="bbox 2200 895 3774 966">
    <p class='ocr_par' dir='ltr' id='par_1_16' title="bbox 2200 895 3774 966">
     <span class='ocr_line' id='line_1_16' title="bbox 2200 895 3774 966; baseline 0.001 -18"><span class='ocrx_word' id='word_1_118' title='bbox 2200 895 2339 948; x_wconf 85' lang='grc' dir='ltr'>Ἀλλ’</span> <span class='ocrx_word' id='word_1_119' title='bbox 2364 897 2514 966; x_wconf 84' lang='grc' dir='ltr'>ὅμως</span> <span class='ocrx_word' id='word_1_120' title='bbox 2548 897 2683 966; x_wconf 77' lang='grc' dir='ltr'>σοφή</span> <span class='ocrx_word' id='word_1_121' title='bbox 2717 896 2800 959; x_wconf 86' lang='grc' dir='ltr'><strong>τίς</strong></span> <span class='ocrx_word' id='word_1_122' title='bbox 2847 900 2962 950; x_wconf 83' lang='grc' dir='ltr'>ἐστι</span> <span class='ocrx_word' id='word_1_123' title='bbox 2991 897 3119 966; x_wconf 81' lang='grc' dir='ltr'>παρ’</span> <span class='ocrx_word' id='word_1_124' title='bbox 3151 899 3334 962; x_wconf 82' lang='grc' dir='ltr'>αὐτοῖς</span> <span class='ocrx_word' id='word_1_125' title='bbox 3377 900 3470 953; x_wconf 64' lang='grc' dir='ltr'><strong>καλ⁵</strong></span> <span class='ocrx_word' id='word_1_126' title='bbox 3504 896 3774 959; x_wconf 73' lang='grc' dir='ltr'>εῧτακτος</span> 
     </span>
    </p>
   </div>
   <div class='ocr_carea' id='block_1_17' title="bbox 2185 987 3778 1064">
    <p class='ocr_par' dir='ltr' id='par_1_17' title="bbox 2185 987 3778 1064">
     <span class='ocr_line' id='line_1_17' title="bbox 2185 987 3778 1064; baseline -0.002 -21"><span class='ocrx_word' id='word_1_127' title='bbox 2185 989 2560 1059; x_wconf 68' lang='grc' dir='ltr'>διακόσμησις.</span> <span class='ocrx_word' id='word_1_128' title='bbox 2604 989 2676 1044; x_wconf 82' lang='grc' dir='ltr'>Ού</span> <span class='ocrx_word' id='word_1_129' title='bbox 2719 987 2828 1058; x_wconf 76' lang='grc' dir='ltr'>γὰρ</span> <span class='ocrx_word' id='word_1_130' title='bbox 2863 991 3021 1059; x_wconf 89' lang='grc' dir='ltr'>μόνον</span> <span class='ocrx_word' id='word_1_131' title='bbox 3059 995 3384 1059; x_wconf 74' lang='grc' dir='ltr'>κατηγορεῖν</span> <span class='ocrx_word' id='word_1_132' title='bbox 3426 992 3619 1064; x_wconf 76' lang='grc' dir='ltr'>ἔχομεν</span> <span class='ocrx_word' id='word_1_133' title='bbox 3655 989 3778 1041; x_wconf 76' lang='grc' dir='ltr'><strong>τῶν</strong></span> 
     </span>
    </p>
   </div>
   <div class='ocr_carea' id='block_1_18' title="bbox 2191 1079 3775 1154">
    <p class='ocr_par' dir='ltr' id='par_1_18' title="bbox 2191 1079 3775 1154">
     <span class='ocr_line' id='line_1_18' title="bbox 2191 1079 3775 1154; baseline 0.006 -21"><span class='ocrx_word' id='word_1_134' title='bbox 2191 1079 2390 1150; x_wconf 79' lang='grc' dir='ltr'><strong>ἰχθύων</strong></span> <span class='ocrx_word' id='word_1_135' title='bbox 2414 1081 2513 1150; x_wconf 80' lang='grc'><strong>(1),</strong></span> <span class='ocrx_word' id='word_1_136' title='bbox 2548 1082 2662 1135; x_wconf 84' lang='grc' dir='ltr'>ἀλλ’</span> <span class='ocrx_word' id='word_1_137' title='bbox 2705 1080 2850 1134; x_wconf 74' lang='grc' dir='ltr'>ἔστιν</span> <span class='ocrx_word' id='word_1_138' title='bbox 2875 1081 2909 1134; x_wconf 77' lang='grc' dir='ltr'>ἃ</span> <span class='ocrx_word' id='word_1_139' title='bbox 2939 1084 3033 1137; x_wconf 80' lang='grc' dir='ltr'>καὶ</span> <span class='ocrx_word' id='word_1_140' title='bbox 3071 1082 3415 1154; x_wconf 86' lang='grc' dir='ltr'>μιμήσασθαι</span> <span class='ocrx_word' id='word_1_141' title='bbox 3440 1084 3609 1151; x_wconf 78' lang='grc' dir='ltr'>ἀξιον.</span> <span class='ocrx_word' id='word_1_142' title='bbox 3640 1082 3775 1143; x_wconf 74' lang='grc' dir='ltr'><strong>Πῶς</strong></span> 
     </span>
    </p>
   </div>
   <div class='ocr_carea' id='block_1_19' title="bbox 2189 1172 3777 1246">
    <p class='ocr_par' dir='ltr' id='par_1_19' title="bbox 2189 1172 3777 1246">
     <span class='ocr_line' id='line_1_19' title="bbox 2189 1172 3777 1246; baseline 0.001 -19"><span class='ocrx_word' id='word_1_143' title='bbox 2189 1172 2256 1227; x_wconf 76' lang='grc' dir='ltr'>τὰ</span> <span class='ocrx_word' id='word_1_144' title='bbox 2280 1172 2412 1242; x_wconf 90' lang='grc' dir='ltr'>γένη</span> <span class='ocrx_word' id='word_1_145' title='bbox 2451 1172 2562 1225; x_wconf 82' lang='grc' dir='ltr'><strong>τῶν</strong></span> <span class='ocrx_word' id='word_1_146' title='bbox 2607 1175 2802 1245; x_wconf 87' lang='grc' dir='ltr'>ἰχθύων</span> <span class='ocrx_word' id='word_1_147' title='bbox 2839 1172 3045 1227; x_wconf 73' lang='grc' dir='ltr'>ἕκαστα</span> <span class='ocrx_word' id='word_1_148' title='bbox 3083 1176 3181 1246; x_wconf 81' lang='grc' dir='ltr'>τὴν</span> <span class='ocrx_word' id='word_1_149' title='bbox 3211 1175 3519 1245; x_wconf 76' lang='grc' dir='ltr'><strong>ἐπιτηδείαν</strong></span> <span class='ocrx_word' id='word_1_150' title='bbox 3555 1176 3777 1238; x_wconf 74' lang='grc' dir='ltr'>ἑαυτοῖς</span> 
     </span>
    </p>
   </div>
   <div class='ocr_carea' id='block_1_20' title="bbox 2190 1264 3781 1340">
    <p class='ocr_par' dir='ltr' id='par_1_20' title="bbox 2190 1264 3781 1340">
     <span class='ocr_line' id='line_1_20' title="bbox 2190 1264 3781 1340; baseline 0.004 -23"><span class='ocrx_word' id='word_1_151' title='bbox 2190 1264 2583 1336; x_wconf 85' lang='grc' dir='ltr'>διανειμάμενα</span> <span class='ocrx_word' id='word_1_152' title='bbox 2611 1268 2816 1340; x_wconf 87' lang='grc' dir='ltr'>χώραν,</span> <span class='ocrx_word' id='word_1_153' title='bbox 2847 1266 2946 1318; x_wconf 71' lang='grc' dir='ltr'>οὐκ</span> <span class='ocrx_word' id='word_1_154' title='bbox 2972 1268 3065 1318; x_wconf 85' lang='grc' dir='ltr'><strong>ἐπε</strong></span> <span class='ocrx_word' id='word_1_155' title='bbox 3077 1268 3288 1338; x_wconf 75' lang='grc' dir='ltr'>μδαίνει</span> <span class='ocrx_word' id='word_1_156' title='bbox 3319 1267 3588 1339; x_wconf 77' lang='grc' dir='ltr'>ἀλλήλοις,</span> <span class='ocrx_word' id='word_1_157' title='bbox 3632 1269 3781 1325; x_wconf 78' lang='grc' dir='ltr'>ἀλλὰ</span> 
     </span>
    </p>
   </div>
   <div class='ocr_carea' id='block_1_21' title="bbox 2192 1359 3779 1436">
    <p class='ocr_par' dir='ltr' id='par_1_21' title="bbox 2192 1359 3779 1436">
     <span class='ocr_line' id='line_1_21' title="bbox 2192 1359 3779 1436; baseline 0.003 -22"><span class='ocrx_word' id='word_1_158' title='bbox 2192 1361 2302 1422; x_wconf 89' lang='grc' dir='ltr'>τοῖς</span> <span class='ocrx_word' id='word_1_159' title='bbox 2351 1359 2571 1423; x_wconf 85' lang='grc' dir='ltr'><strong>οἰκείοις</strong></span> <span class='ocrx_word' id='word_1_160' title='bbox 2620 1363 2765 1428; x_wconf 81' lang='grc' dir='ltr'>ὅροις</span> <span class='ocrx_word' id='word_1_161' title='bbox 2802 1360 3160 1429; x_wconf 72' lang='grc' dir='ltr'>ἐνδιατρίϐεις</span> <span class='ocrx_word' id='word_1_162' title='bbox 3209 1360 3398 1422; x_wconf 67' lang='grc' dir='ltr'>Οὐδεὶς</span> <span class='ocrx_word' id='word_1_163' title='bbox 3447 1365 3779 1436; x_wconf 78' lang='grc' dir='ltr'><strong>γεωμέτρης</strong></span> 
     </span>
    </p>
   </div>
   <div class='ocr_carea' id='block_1_22' title="bbox 518 1447 2105 1523">
    <p class='ocr_par' dir='ltr' id='par_1_22' title="bbox 518 1447 2094 1518">
     <span class='ocr_line' id='line_1_22' title="bbox 518 1447 2094 1518; baseline -0.001 -15"><span class='ocrx_word' id='word_1_164' title='bbox 518 1463 626 1504; x_wconf 90' lang='lat' dir='ltr'><strong>non</strong></span> <span class='ocrx_word' id='word_1_165' title='bbox 679 1448 1086 1518; x_wconf 90' lang='lat' dir='ltr'><strong>circumscripta</strong></span> <span class='ocrx_word' id='word_1_166' title='bbox 1132 1457 1260 1503; x_wconf 89' lang='lat' dir='ltr'><strong>sunt</strong></span> <span class='ocrx_word' id='word_1_167' title='bbox 1296 1450 1484 1511; x_wconf 89' lang='lat' dir='ltr'><strong>muris,</strong></span> <span class='ocrx_word' id='word_1_168' title='bbox 1516 1463 1621 1502; x_wconf 90' lang='lat' dir='ltr'><strong>non</strong></span> <span class='ocrx_word' id='word_1_169' title='bbox 1657 1449 1854 1503; x_wconf 81' lang='lat' dir='ltr'><strong>ﬁnibus</strong></span> <span class='ocrx_word' id='word_1_170' title='bbox 1901 1447 2094 1514; x_wconf 79' lang='lat' dir='ltr'><strong>divisa,</strong></span> 
     </span>
    </p>
   </div>
   <div class='ocr_carea' id='block_1_23' title="bbox 2207 1447 3782 1523">
    <p class='ocr_par' dir='ltr' id='par_1_23' title="bbox 2207 1450 3782 1523">
     <span class='ocr_line' id='line_1_23' title="bbox 2207 1450 3782 1523; baseline 0.003 -19"><span class='ocrx_word' id='word_1_171' title='bbox 2207 1467 2306 1522; x_wconf 81' lang='grc' dir='ltr'><strong>παρ</strong></span> <span class='ocrx_word' id='word_1_172' title='bbox 2366 1451 2547 1513; x_wconf 73' lang='grc' dir='ltr'>αὐτοῖς</span> <span class='ocrx_word' id='word_1_173' title='bbox 2587 1453 2871 1523; x_wconf 80' lang='grc' dir='ltr'>κατένειμε</span> <span class='ocrx_word' id='word_1_174' title='bbox 2903 1450 3001 1513; x_wconf 82' lang='grc' dir='ltr'><strong>τὰς</strong></span> <span class='ocrx_word' id='word_1_175' title='bbox 3030 1452 3302 1522; x_wconf 79' lang='grc' dir='ltr'>οἰκήσεις·</span> <span class='ocrx_word' id='word_1_176' title='bbox 3344 1453 3403 1504; x_wconf 78' lang='grc' dir='ltr'>οὐ</span> <span class='ocrx_word' id='word_1_177' title='bbox 3437 1456 3642 1522; x_wconf 75' lang='grc' dir='ltr'><strong>τείχεσι</strong></span> <span class='ocrx_word' id='word_1_178' title='bbox 3675 1473 3782 1508; x_wconf 88' lang='grc' dir='ltr'>πε-</span> 
     </span>
    </p>
   </div>
   <div class='ocr_carea' id='block_1_24' title="bbox 517 1541 2105 1615">
    <p class='ocr_par' dir='ltr' id='par_1_24' title="bbox 517 1541 2098 1614">
     <span class='ocr_line' id='line_1_24' title="bbox 517 1541 2098 1614; baseline -0.001 -16"><span class='ocrx_word' id='word_1_179' title='bbox 517 1554 576 1599; x_wconf 87' lang='lat' dir='ltr'><strong>et</strong></span> <span class='ocrx_word' id='word_1_180' title='bbox 609 1546 749 1614; x_wconf 88' lang='lat' dir='ltr'><strong>quod</strong></span> <span class='ocrx_word' id='word_1_181' title='bbox 798 1541 991 1610; x_wconf 89' lang='lat' dir='ltr'><strong>cuique</strong></span> <span class='ocrx_word' id='word_1_182' title='bbox 1031 1544 1272 1614; x_wconf 87' lang='lat' dir='ltr'><strong>prodest,</strong></span> <span class='ocrx_word' id='word_1_183' title='bbox 1314 1543 1366 1596; x_wconf 90' lang='lat' dir='ltr'><strong>id</strong></span> <span class='ocrx_word' id='word_1_184' title='bbox 1421 1542 1614 1611; x_wconf 84' lang='lat' dir='ltr'><strong>cuique</strong></span> <span class='ocrx_word' id='word_1_185' title='bbox 1652 1548 1839 1611; x_wconf 84' lang='lat' dir='ltr'><strong>sponte</strong></span> <span class='ocrx_word' id='word_1_186' title='bbox 1893 1551 2098 1596; x_wconf 69' lang='lat' dir='ltr'><strong>naturae</strong></span> 
     </span>
    </p>
   </div>
   <div class='ocr_carea' id='block_1_25' title="bbox 2207 1541 3778 1615">
    <p class='ocr_par' dir='ltr' id='par_1_25' title="bbox 2207 1541 3778 1615">
     <span class='ocr_line' id='line_1_25' title="bbox 2207 1541 3778 1615; baseline 0.003 -21"><span class='ocrx_word' id='word_1_187' title='bbox 2207 1541 2558 1614; x_wconf 79' lang='grc' dir='ltr'>ριγέγραπται</span> <span class='ocrx_word' id='word_1_188' title='bbox 2587 1559 2599 1573; x_wconf 89' lang='grc'><strong>·</strong></span> <span class='ocrx_word' id='word_1_189' title='bbox 2649 1545 2746 1613; x_wconf 84' lang='grc' dir='ltr'>οὐχ</span> <span class='ocrx_word' id='word_1_190' title='bbox 2802 1541 3092 1615; x_wconf 83' lang='grc' dir='ltr'>όροΟεσίοις</span> <span class='ocrx_word' id='word_1_191' title='bbox 3139 1542 3429 1614; x_wconf 78' lang='grc' dir='ltr'>διῄρηται·</span> <span class='ocrx_word' id='word_1_192' title='bbox 3467 1545 3562 1596; x_wconf 71' lang='grc' dir='ltr'><strong>καὶ</strong></span> <span class='ocrx_word' id='word_1_193' title='bbox 3608 1549 3778 1600; x_wconf 86' lang='grc' dir='ltr'>αύτο-</span> 
     </span>
    </p>
   </div>
   <div class='ocr_carea' id='block_1_26' title="bbox 519 1629 2105 1708">
    <p class='ocr_par' dir='ltr' id='par_1_26' title="bbox 519 1633 2096 1703">
     <span class='ocr_line' id='line_1_26' title="bbox 519 1633 2096 1703; baseline -0.002 -12"><span class='ocrx_word' id='word_1_194' title='bbox 519 1637 842 1691; x_wconf 81' lang='lat' dir='ltr'><strong>destinatum</strong></span> <span class='ocrx_word' id='word_1_195' title='bbox 905 1645 1008 1691; x_wconf 89' lang='lat' dir='ltr'><strong>est.</strong></span> <span class='ocrx_word' id='word_1_196' title='bbox 1065 1636 1162 1691; x_wconf 83' lang='lat' dir='ltr'><strong>llic</strong></span> <span class='ocrx_word' id='word_1_197' title='bbox 1215 1636 1356 1690; x_wconf 89' lang='lat' dir='ltr'><strong>enim</strong></span> <span class='ocrx_word' id='word_1_198' title='bbox 1393 1635 1543 1690; x_wconf 85' lang='lat' dir='ltr'><strong>sinus</strong></span> <span class='ocrx_word' id='word_1_199' title='bbox 1582 1635 1824 1703; x_wconf 67' lang='lat' dir='ltr'><strong>quaedam</strong></span> <span class='ocrx_word' id='word_1_200' title='bbox 1872 1633 2096 1702; x_wconf 85' lang='lat' dir='ltr'><strong>piscium</strong></span> 
     </span>
    </p>
   </div>
   <div class='ocr_carea' id='block_1_27' title="bbox 2207 1629 3783 1708">
    <p class='ocr_par' dir='ltr' id='par_1_27' title="bbox 2207 1629 3783 1708">
     <span class='ocr_line' id='line_1_27' title="bbox 2207 1629 3783 1708; baseline 0 -20"><span class='ocrx_word' id='word_1_201' title='bbox 2207 1635 2384 1706; x_wconf 85' lang='grc' dir='ltr'>μάτως</span> <span class='ocrx_word' id='word_1_202' title='bbox 2421 1635 2633 1705; x_wconf 73' lang='grc' dir='ltr'>ἑκάστῳ</span> <span class='ocrx_word' id='word_1_203' title='bbox 2658 1637 2715 1687; x_wconf 74' lang='grc' dir='ltr'>τὸ</span> <span class='ocrx_word' id='word_1_204' title='bbox 2747 1639 3012 1708; x_wconf 84' lang='grc' dir='ltr'>χρήσιμον</span> <span class='ocrx_word' id='word_1_205' title='bbox 3045 1635 3429 1692; x_wconf 82' lang='grc' dir='ltr'>ἀποτέτακται.</span> <span class='ocrx_word' id='word_1_206' title='bbox 3463 1629 3632 1699; x_wconf 77' lang='grc' dir='ltr'>Οὗτος</span> <span class='ocrx_word' id='word_1_207' title='bbox 3672 1639 3783 1706; x_wconf 80' lang='grc' dir='ltr'><strong>μὲν</strong></span> 
     </span>
    </p>
   </div>
   <div class='ocr_carea' id='block_1_28' title="bbox 521 1724 2105 1798">
    <p class='ocr_par' dir='ltr' id='par_1_28' title="bbox 521 1725 2098 1796">
     <span class='ocr_line' id='line_1_28' title="bbox 521 1725 2098 1796; baseline 0.001 -16"><span class='ocrx_word' id='word_1_208' title='bbox 521 1741 714 1795; x_wconf 80' lang='lat' dir='ltr'><strong>genera</strong></span> <span class='ocrx_word' id='word_1_209' title='bbox 775 1726 970 1794; x_wconf 89' lang='lat' dir='ltr'><strong>pascit,</strong></span> <span class='ocrx_word' id='word_1_210' title='bbox 1007 1726 1095 1782; x_wconf 77' lang='lat' dir='ltr'><strong>illo</strong></span> <span class='ocrx_word' id='word_1_211' title='bbox 1150 1726 1254 1782; x_wconf 90' lang='lat' dir='ltr'><strong>alia</strong></span> <span class='ocrx_word' id='word_1_212' title='bbox 1289 1735 1381 1781; x_wconf 86' lang='lat' dir='ltr'><strong>:et</strong></span> <span class='ocrx_word' id='word_1_213' title='bbox 1429 1742 1545 1796; x_wconf 74' lang='lat' dir='ltr'><strong>qua:</strong></span> <span class='ocrx_word' id='word_1_214' title='bbox 1579 1725 1666 1779; x_wconf 91' lang='lat' dir='ltr'><strong>hic</strong></span> <span class='ocrx_word' id='word_1_215' title='bbox 1717 1725 2010 1787; x_wconf 88' lang='lat' dir='ltr'><strong>abundant,</strong></span> <span class='ocrx_word' id='word_1_216' title='bbox 2035 1741 2098 1781; x_wconf 88' lang='lat' dir='ltr'><strong>ea</strong></span> 
     </span>
    </p>
   </div>
   <div class='ocr_carea' id='block_1_29' title="bbox 2207 1724 3780 1798">
    <p class='ocr_par' dir='ltr' id='par_1_29' title="bbox 2207 1724 3780 1798">
     <span class='ocr_line' id='line_1_29' title="bbox 2207 1724 3780 1798; baseline 0.001 -21"><span class='ocrx_word' id='word_1_217' title='bbox 2207 1724 2306 1796; x_wconf 78' lang='grc' dir='ltr'>γὰρ</span> <span class='ocrx_word' id='word_1_218' title='bbox 2346 1725 2374 1777; x_wconf 87' lang='grc' dir='ltr'>ὁ</span> <span class='ocrx_word' id='word_1_219' title='bbox 2409 1724 2604 1787; x_wconf 81' lang='grc' dir='ltr'>κόλπος</span> <span class='ocrx_word' id='word_1_220' title='bbox 2628 1725 2753 1778; x_wconf 80' lang='grc' dir='ltr'>τάδε</span> <span class='ocrx_word' id='word_1_221' title='bbox 2775 1728 2897 1780; x_wconf 85' lang='grc' dir='ltr'>τινὰ</span> <span class='ocrx_word' id='word_1_222' title='bbox 2929 1728 3003 1798; x_wconf 74' lang='grc'><strong>(2)</strong></span> <span class='ocrx_word' id='word_1_223' title='bbox 3027 1727 3159 1797; x_wconf 85' lang='grc' dir='ltr'>γένη</span> <span class='ocrx_word' id='word_1_224' title='bbox 3183 1725 3290 1779; x_wconf 79' lang='grc' dir='ltr'>τῶν</span> <span class='ocrx_word' id='word_1_225' title='bbox 3335 1724 3530 1796; x_wconf 79' lang='grc' dir='ltr'>ἰχθύων</span> <span class='ocrx_word' id='word_1_226' title='bbox 3565 1725 3780 1794; x_wconf 82' lang='grc' dir='ltr'>βόσκει,</span> 
     </span>
    </p>
   </div>
   <div class='ocr_carea' id='block_1_30' title="bbox 523 1813 2105 1891">
    <p class='ocr_par' dir='ltr' id='par_1_30' title="bbox 523 1813 2102 1872">
     <span class='ocr_line' id='line_1_30' title="bbox 523 1813 2102 1872; baseline -0.001 -1"><span class='ocrx_word' id='word_1_227' title='bbox 523 1816 652 1872; x_wconf 87' lang='lat' dir='ltr'><strong>alibi</strong></span> <span class='ocrx_word' id='word_1_228' title='bbox 699 1818 790 1871; x_wconf 79' lang='lat' dir='ltr'><strong>vix</strong></span> <span class='ocrx_word' id='word_1_229' title='bbox 851 1818 1114 1872; x_wconf 81' lang='lat' dir='ltr'><strong>invenias.</strong></span> <span class='ocrx_word' id='word_1_230' title='bbox 1165 1817 1354 1871; x_wconf 82' lang='lat' dir='ltr'><strong>Nullus</strong></span> <span class='ocrx_word' id='word_1_231' title='bbox 1407 1829 1557 1868; x_wconf 87' lang='lat' dir='ltr'><strong>mons</strong></span> <span class='ocrx_word' id='word_1_232' title='bbox 1601 1813 1772 1868; x_wconf 85' lang='lat' dir='ltr'><strong>acutis</strong></span> <span class='ocrx_word' id='word_1_233' title='bbox 1813 1813 2102 1869; x_wconf 86' lang='lat' dir='ltr'><strong>verticibus</strong></span> 
     </span>
    </p>
   </div>
   <div class='ocr_carea' id='block_1_31' title="bbox 2207 1813 3782 1891">
    <p class='ocr_par' dir='ltr' id='par_1_31' title="bbox 2207 1814 3782 1891">
     <span class='ocr_line' id='line_1_31' title="bbox 2207 1814 3782 1891; baseline -0.001 -18"><span class='ocrx_word' id='word_1_234' title='bbox 2207 1819 2450 1880; x_wconf 83' lang='grc' dir='ltr'>κάκεῖνος</span> <span class='ocrx_word' id='word_1_235' title='bbox 2488 1817 2647 1888; x_wconf 78' lang='grc' dir='ltr'>’ἑτερο</span> <span class='ocrx_word' id='word_1_236' title='bbox 2671 1834 2683 1846; x_wconf 91' lang='grc'><strong>·</strong></span> <span class='ocrx_word' id='word_1_237' title='bbox 2715 1819 2808 1870; x_wconf 75' lang='grc' dir='ltr'>καὶ</span> <span class='ocrx_word' id='word_1_238' title='bbox 2828 1819 2896 1872; x_wconf 87' lang='grc' dir='ltr'><strong>τά</strong></span> <span class='ocrx_word' id='word_1_239' title='bbox 2923 1814 3024 1874; x_wconf 81' lang='grc' dir='ltr'>ὦδε</span> <span class='ocrx_word' id='word_1_240' title='bbox 3059 1818 3394 1891; x_wconf 69' lang='grc' dir='ltr'>πληθύνοντα</span> <span class='ocrx_word' id='word_1_241' title='bbox 3424 1819 3607 1888; x_wconf 82' lang='grc' dir='ltr'>ἄπορα</span> <span class='ocrx_word' id='word_1_242' title='bbox 3642 1822 3782 1890; x_wconf 80' lang='grc' dir='ltr'>παρ’</span> 
     </span>
    </p>
   </div>
   <div class='ocr_carea' id='block_1_32' title="bbox 523 1904 2105 1981">
    <p class='ocr_par' dir='ltr' id='par_1_32' title="bbox 523 1904 2103 1978">
     <span class='ocr_line' id='line_1_32' title="bbox 523 1904 2103 1978; baseline -0.002 -15"><span class='ocrx_word' id='word_1_243' title='bbox 523 1921 826 1978; x_wconf 87' lang='lat' dir='ltr'><strong>porrectus,</strong></span> <span class='ocrx_word' id='word_1_244' title='bbox 863 1925 928 1963; x_wconf 88' lang='lat' dir='ltr'><strong>ea</strong></span> <span class='ocrx_word' id='word_1_245' title='bbox 960 1909 1224 1978; x_wconf 74' lang='lat' dir='ltr'><strong>seiungit;</strong></span> <span class='ocrx_word' id='word_1_246' title='bbox 1255 1923 1359 1960; x_wconf 91' lang='lat' dir='ltr'><strong>non</strong></span> <span class='ocrx_word' id='word_1_247' title='bbox 1398 1906 1683 1959; x_wconf 89' lang='lat' dir='ltr'><strong>transitum</strong></span> <span class='ocrx_word' id='word_1_248' title='bbox 1729 1905 1979 1959; x_wconf 88' lang='lat' dir='ltr'><strong>discindit</strong></span> <span class='ocrx_word' id='word_1_249' title='bbox 2007 1904 2103 1960; x_wconf 77' lang='lat' dir='ltr'><strong>llu-</strong></span> 
     </span>
    </p>
   </div>
   <div class='ocr_carea' id='block_1_33' title="bbox 2207 1904 3784 1981">
    <p class='ocr_par' dir='ltr' id='par_1_33' title="bbox 2207 1907 3784 1981">
     <span class='ocr_line' id='line_1_33' title="bbox 2207 1907 3784 1981; baseline -0.001 -16"><span class='ocrx_word' id='word_1_250' title='bbox 2207 1911 2428 1981; x_wconf 78' lang='grc' dir='ltr'>ἑτέροις.</span> <span class='ocrx_word' id='word_1_251' title='bbox 2465 1907 2628 1960; x_wconf 81' lang='grc' dir='ltr'>Οὐδὲν</span> <span class='ocrx_word' id='word_1_252' title='bbox 2665 1907 2788 1979; x_wconf 77' lang='grc' dir='ltr'>ὅρος</span> <span class='ocrx_word' id='word_1_253' title='bbox 2827 1909 3029 1974; x_wconf 77' lang='grc' dir='ltr'>ὀξείαις</span> <span class='ocrx_word' id='word_1_254' title='bbox 3068 1914 3333 1981; x_wconf 80' lang='grc' dir='ltr'>κορυφαῖς</span> <span class='ocrx_word' id='word_1_255' title='bbox 3372 1910 3784 1980; x_wconf 81' lang='grc' dir='ltr'>ἀνατεταμένον</span> 
     </span>
    </p>
   </div>
   <div class='ocr_carea' id='block_1_34' title="bbox 523 1997 2105 2074">
    <p class='ocr_par' dir='ltr' id='par_1_34' title="bbox 523 1997 2099 2070">
     <span class='ocr_line' id='line_1_34' title="bbox 523 1997 2099 2070; baseline 0 -16"><span class='ocrx_word' id='word_1_256' title='bbox 523 2003 644 2054; x_wconf 81' lang='lat' dir='ltr'><strong>vius</strong></span> <span class='ocrx_word' id='word_1_257' title='bbox 675 2020 690 2055; x_wconf 90' lang='lat'><strong>:</strong></span> <span class='ocrx_word' id='word_1_258' title='bbox 721 2000 813 2054; x_wconf 86' lang='lat' dir='ltr'><strong>sed</strong></span> <span class='ocrx_word' id='word_1_259' title='bbox 843 1998 1086 2070; x_wconf 68' lang='lat' dir='ltr'><strong>quaedam</strong></span> <span class='ocrx_word' id='word_1_260' title='bbox 1111 2009 1193 2053; x_wconf 88' lang='lat' dir='ltr'><strong>est</strong></span> <span class='ocrx_word' id='word_1_261' title='bbox 1222 2010 1427 2052; x_wconf 58' lang='lat' dir='ltr'><strong>natura:</strong></span> <span class='ocrx_word' id='word_1_262' title='bbox 1457 1998 1571 2057; x_wconf 84' lang='lat' dir='ltr'><strong>lex,</strong></span> <span class='ocrx_word' id='word_1_263' title='bbox 1605 2012 1722 2066; x_wconf 73' lang='lat' dir='ltr'><strong>qua:</strong></span> <span class='ocrx_word' id='word_1_264' title='bbox 1747 2011 1900 2068; x_wconf 63' lang='lat' dir='ltr'><strong>atque</strong></span> <span class='ocrx_word' id='word_1_265' title='bbox 1931 1997 2099 2068; x_wconf 81' lang='lat' dir='ltr'><strong>juste-</strong></span> 
     </span>
    </p>
   </div>
   <div class='ocr_carea' id='block_1_35' title="bbox 2207 1997 3781 2074">
    <p class='ocr_par' dir='ltr' id='par_1_35' title="bbox 2207 1999 3781 2074">
     <span class='ocr_line' id='line_1_35' title="bbox 2207 1999 3781 2074; baseline 0.001 -18"><span class='ocrx_word' id='word_1_266' title='bbox 2207 2003 2489 2074; x_wconf 71' lang='grc' dir='ltr'>διίστησιν,</span> <span class='ocrx_word' id='word_1_267' title='bbox 2539 1999 2600 2052; x_wconf 80' lang='grc' dir='ltr'>οὐ</span> <span class='ocrx_word' id='word_1_268' title='bbox 2648 2000 2888 2070; x_wconf 84' lang='grc' dir='ltr'>ποταμὸς</span> <span class='ocrx_word' id='word_1_269' title='bbox 2929 2003 3028 2072; x_wconf 83' lang='grc' dir='ltr'><strong>τὴν</strong></span> <span class='ocrx_word' id='word_1_270' title='bbox 3083 2003 3328 2057; x_wconf 78' lang='grc' dir='ltr'>διάϐασιν</span> <span class='ocrx_word' id='word_1_271' title='bbox 3375 2004 3781 2074; x_wconf 79' lang='grc' dir='ltr'>ἀποτέμνεται·</span> 
     </span>
    </p>
   </div>
   <div class='ocr_carea' id='block_1_36' title="bbox 523 2090 2098 2162">
    <p class='ocr_par' dir='ltr' id='par_1_36' title="bbox 523 2090 2098 2162">
     <span class='ocr_line' id='line_1_36' title="bbox 523 2090 2098 2162; baseline -0.001 -17"><span class='ocrx_word' id='word_1_272' title='bbox 523 2107 628 2162; x_wconf 90' lang='lat' dir='ltr'><strong>que</strong></span> <span class='ocrx_word' id='word_1_273' title='bbox 654 2106 752 2160; x_wconf 92' lang='lat' dir='ltr'><strong>pro</strong></span> <span class='ocrx_word' id='word_1_274' title='bbox 797 2092 1217 2162; x_wconf 79' lang='lat' dir='ltr'><strong>uniuscujusque</strong></span> <span class='ocrx_word' id='word_1_275' title='bbox 1263 2092 1546 2148; x_wconf 87' lang='lat' dir='ltr'><strong>commodo</strong></span> <span class='ocrx_word' id='word_1_276' title='bbox 1589 2090 1799 2146; x_wconf 84' lang='lat' dir='ltr'><strong>vivendi</strong></span> <span class='ocrx_word' id='word_1_277' title='bbox 1839 2094 2098 2147; x_wconf 88' lang='lat' dir='ltr'><strong>rationem</strong></span> 
     </span>
    </p>
   </div>
   <div class='ocr_carea' id='block_1_37' title="bbox 526 2181 1514 2255">
    <p class='ocr_par' dir='ltr' id='par_1_37' title="bbox 526 2181 1514 2255">
     <span class='ocr_line' id='line_1_37' title="bbox 526 2181 1514 2255; baseline 0.001 -20"><span class='ocrx_word' id='word_1_278' title='bbox 526 2184 684 2254; x_wconf 84' lang='lat' dir='ltr'><strong>quasi</strong></span> <span class='ocrx_word' id='word_1_279' title='bbox 717 2185 910 2240; x_wconf 90' lang='lat' dir='ltr'><strong>sortito</strong></span> <span class='ocrx_word' id='word_1_280' title='bbox 942 2184 1166 2255; x_wconf 78' lang='lat' dir='ltr'><strong>singulis</strong></span> <span class='ocrx_word' id='word_1_281' title='bbox 1197 2181 1514 2254; x_wconf 76' lang='lat' dir='ltr'><strong>praescribit.</strong></span> 
     </span>
    </p>
   </div>
   <div class='ocr_carea' id='block_1_38' title="bbox 598 2380 2101 2452">
    <p class='ocr_par' dir='ltr' id='par_1_38' title="bbox 598 2380 2101 2452">
     <span class='ocr_line' id='line_1_38' title="bbox 598 2380 2101 2452; baseline 0.001 -17"><span class='ocrx_word' id='word_1_282' title='bbox 598 2381 650 2435; x_wconf 72' lang='grc'><strong>4.</strong></span> <span class='ocrx_word' id='word_1_283' title='bbox 680 2380 788 2437; x_wconf 81' lang='lat' dir='ltr'><strong>Nos</strong></span> <span class='ocrx_word' id='word_1_284' title='bbox 824 2397 953 2436; x_wconf 88' lang='lat' dir='ltr'><strong>vero</strong></span> <span class='ocrx_word' id='word_1_285' title='bbox 972 2399 1310 2452; x_wconf 79' lang='lat' dir='ltr'><strong>nequaquam</strong></span> <span class='ocrx_word' id='word_1_286' title='bbox 1342 2384 1478 2439; x_wconf 82' lang='lat' dir='ltr'><strong>tales</strong></span> <span class='ocrx_word' id='word_1_287' title='bbox 1501 2399 1704 2438; x_wconf 90' lang='lat' dir='ltr'><strong>sumus.</strong></span> <span class='ocrx_word' id='word_1_288' title='bbox 1737 2381 1925 2437; x_wconf 83' lang='lat' dir='ltr'><strong>Unde?</strong></span> <span class='ocrx_word' id='word_1_289' title='bbox 1947 2381 2101 2448; x_wconf 84' lang='lat' dir='ltr'><strong>Quod</strong></span> 
     </span>
    </p>
   </div>
   <div class='ocr_carea' id='block_1_39' title="bbox 529 2472 2100 2543">
    <p class='ocr_par' dir='ltr' id='par_1_39' title="bbox 529 2472 2100 2543">
     <span class='ocr_line' id='line_1_39' title="bbox 529 2472 2100 2543; baseline 0.001 -17"><span class='ocrx_word' id='word_1_290' title='bbox 529 2472 629 2543; x_wconf 82' lang='lat' dir='ltr'><strong>ipsi</strong></span> <span class='ocrx_word' id='word_1_291' title='bbox 653 2474 911 2528; x_wconf 85' lang='lat' dir='ltr'><strong>terminos</strong></span> <span class='ocrx_word' id='word_1_292' title='bbox 942 2484 1172 2527; x_wconf 66' lang='lat' dir='ltr'><strong>aeternos</strong></span> <span class='ocrx_word' id='word_1_293' title='bbox 1227 2475 1621 2535; x_wconf 74' lang='lat' dir='ltr'><strong>transierimus,</strong></span> <span class='ocrx_word' id='word_1_294' title='bbox 1655 2489 1786 2541; x_wconf 86' lang='lat' dir='ltr'><strong>quos</strong></span> <span class='ocrx_word' id='word_1_295' title='bbox 1833 2474 1878 2505; x_wconf 83' lang='lat'>&quot;</span> <span class='ocrx_word' id='word_1_296' title='bbox 1921 2483 2100 2542; x_wconf 86' lang='lat' dir='ltr'><strong>patres</strong></span> 
     </span>
    </p>
   </div>
   <div class='ocr_carea' id='block_1_40' title="bbox 532 2561 2098 2631">
    <p class='ocr_par' dir='ltr' id='par_1_40' title="bbox 532 2561 2098 2631">
     <span class='ocr_line' id='line_1_40' title="bbox 532 2561 2098 2631; baseline -0.001 -15"><span class='ocrx_word' id='word_1_297' title='bbox 532 2565 698 2617; x_wconf 82' lang='lat' dir='ltr'><strong>nostri</strong></span> <span class='ocrx_word' id='word_1_298' title='bbox 765 2571 1076 2631; x_wconf 83' lang='lat' dir='ltr'><strong>posuerunt.</strong></span> <span class='ocrx_word' id='word_1_299' title='bbox 1132 2562 1416 2630; x_wconf 82' lang='lat' dir='ltr'><strong>Perperatn</strong></span> <span class='ocrx_word' id='word_1_300' title='bbox 1474 2561 1769 2615; x_wconf 87' lang='lat' dir='ltr'><strong>scindimus</strong></span> <span class='ocrx_word' id='word_1_301' title='bbox 1818 2561 2098 2628; x_wconf 84' lang='lat' dir='ltr'><strong>tellurem;</strong></span> 
     </span>
    </p>
   </div>
   <div class='ocr_carea' id='block_1_41' title="bbox 533 2653 2103 2725">
    <p class='ocr_par' dir='ltr' id='par_1_41' title="bbox 533 2653 2103 2725">
     <span class='ocr_line' id='line_1_41' title="bbox 533 2653 2103 2725; baseline 0.001 -18"><span class='ocrx_word' id='word_1_302' title='bbox 533 2656 752 2709; x_wconf 87' lang='lat' dir='ltr'><strong>domum</strong></span> <span class='ocrx_word' id='word_1_303' title='bbox 787 2654 991 2716; x_wconf 86' lang='lat' dir='ltr'><strong>domui,</strong></span> <span class='ocrx_word' id='word_1_304' title='bbox 1024 2671 1205 2725; x_wconf 86' lang='lat' dir='ltr'><strong>agrum</strong></span> <span class='ocrx_word' id='word_1_305' title='bbox 1238 2669 1368 2723; x_wconf 85' lang='lat' dir='ltr'><strong>agro</strong></span> <span class='ocrx_word' id='word_1_306' title='bbox 1393 2653 1754 2723; x_wconf 76' lang='lat' dir='ltr'><strong>adjungitnus,</strong></span> <span class='ocrx_word' id='word_1_307' title='bbox 1786 2662 1893 2709; x_wconf 90' lang='lat' dir='ltr'><strong>uta</strong></span> <span class='ocrx_word' id='word_1_308' title='bbox 1918 2655 2103 2724; x_wconf 79' lang='lat' dir='ltr'><strong>proxi-</strong></span> 
     </span>
    </p>
   </div>
   <div class='ocr_carea' id='block_1_42' title="bbox 534 2742 2104 2814">
    <p class='ocr_par' dir='ltr' id='par_1_42' title="bbox 534 2742 2104 2814">
     <span class='ocr_line' id='line_1_42' title="bbox 534 2742 2104 2814; baseline 0.004 -22"><span class='ocrx_word' id='word_1_309' title='bbox 534 2757 622 2794; x_wconf 93' lang='lat' dir='ltr'><strong>mo</strong></span> <span class='ocrx_word' id='word_1_310' title='bbox 656 2742 856 2810; x_wconf 81' lang='lat' dir='ltr'><strong>aliquid</strong></span> <span class='ocrx_word' id='word_1_311' title='bbox 907 2743 1234 2797; x_wconf 83' lang='lat' dir='ltr'><strong>auferamus.</strong></span> <span class='ocrx_word' id='word_1_312' title='bbox 1282 2744 1490 2799; x_wconf 84' lang='lat' dir='ltr'><strong>Norunt</strong></span> <span class='ocrx_word' id='word_1_313' title='bbox 1525 2754 1644 2798; x_wconf 89' lang='lat' dir='ltr'><strong>cete</strong></span> <span class='ocrx_word' id='word_1_314' title='bbox 1693 2744 1903 2798; x_wconf 83' lang='lat' dir='ltr'><strong>vivendi</strong></span> <span class='ocrx_word' id='word_1_315' title='bbox 1935 2758 2104 2814; x_wconf 89' lang='lat' dir='ltr'><strong>genus</strong></span> 
     </span>
    </p>
   </div>
   <div class='ocr_carea' id='block_1_43' title="bbox 532 2833 2106 2905">
    <p class='ocr_par' dir='ltr' id='par_1_43' title="bbox 532 2833 2106 2905">
     <span class='ocr_line' id='line_1_43' title="bbox 532 2833 2106 2905; baseline 0.003 -19"><span class='ocrx_word' id='word_1_316' title='bbox 532 2833 631 2887; x_wconf 90' lang='lat' dir='ltr'><strong>sibi</strong></span> <span class='ocrx_word' id='word_1_317' title='bbox 664 2849 692 2885; x_wconf 87' lang='lat' dir='ltr'><strong>a</strong></span> <span class='ocrx_word' id='word_1_318' title='bbox 729 2843 921 2886; x_wconf 89' lang='lat' dir='ltr'><strong>natura</strong></span> <span class='ocrx_word' id='word_1_319' title='bbox 955 2837 1326 2890; x_wconf 86' lang='lat' dir='ltr'><strong>constitutum.</strong></span> <span class='ocrx_word' id='word_1_320' title='bbox 1361 2835 1639 2905; x_wconf 82' lang='lat' dir='ltr'><strong>Occupant</strong></span> <span class='ocrx_word' id='word_1_321' title='bbox 1682 2837 1730 2889; x_wconf 84' lang='lat' dir='ltr'><strong>id</strong></span> <span class='ocrx_word' id='word_1_322' title='bbox 1757 2852 1928 2899; x_wconf 89' lang='lat' dir='ltr'><strong>mare,</strong></span> <span class='ocrx_word' id='word_1_323' title='bbox 1963 2837 2106 2905; x_wconf 90' lang='lat' dir='ltr'><strong>quod</strong></span> 
     </span>
    </p>
   </div>
   <div class='ocr_carea' id='block_1_44' title="bbox 533 2924 2105 2995">
    <p class='ocr_par' dir='ltr' id='par_1_44' title="bbox 533 2924 2105 2995">
     <span class='ocr_line' id='line_1_44' title="bbox 533 2924 2105 2995; baseline 0.001 -17"><span class='ocrx_word' id='word_1_324' title='bbox 533 2924 671 2978; x_wconf 78' lang='lat' dir='ltr'><strong>ultra</strong></span> <span class='ocrx_word' id='word_1_325' title='bbox 725 2925 1041 2980; x_wconf 81' lang='lat' dir='ltr'><strong>habitabiles</strong></span> <span class='ocrx_word' id='word_1_326' title='bbox 1079 2927 1261 2995; x_wconf 83' lang='lat' dir='ltr'><strong>plagas</strong></span> <span class='ocrx_word' id='word_1_327' title='bbox 1316 2929 1500 2990; x_wconf 84' lang='lat' dir='ltr'><strong>situm,</strong></span> <span class='ocrx_word' id='word_1_328' title='bbox 1543 2928 1731 2982; x_wconf 86' lang='lat' dir='ltr'><strong>insulis</strong></span> <span class='ocrx_word' id='word_1_329' title='bbox 1781 2936 1966 2994; x_wconf 83' lang='lat' dir='ltr'><strong>caret,</strong></span> <span class='ocrx_word' id='word_1_330' title='bbox 2020 2927 2105 2981; x_wconf 89' lang='lat' dir='ltr'><strong>cui</strong></span> 
     </span>
    </p>
   </div>
   <div class='ocr_carea' id='block_1_45' title="bbox 533 3015 2106 3094">
    <p class='ocr_par' dir='ltr' id='par_1_45' title="bbox 533 3015 2106 3094">
     <span class='ocr_line' id='line_1_45' title="bbox 533 3015 2106 3094; baseline -0.002 -25"><span class='ocrx_word' id='word_1_331' title='bbox 533 3016 812 3069; x_wconf 73' lang='lat' dir='ltr'><strong>continens</strong></span> <span class='ocrx_word' id='word_1_332' title='bbox 843 3015 983 3068; x_wconf 85' lang='lat' dir='ltr'><strong>nulla</strong></span> <span class='ocrx_word' id='word_1_333' title='bbox 1030 3024 1170 3068; x_wconf 88' lang='lat' dir='ltr'><strong>terra</strong></span> <span class='ocrx_word' id='word_1_334' title='bbox 1213 3031 1242 3068; x_wconf 91' lang='lat' dir='ltr'><strong>e</strong></span> <span class='ocrx_word' id='word_1_335' title='bbox 1289 3017 1505 3086; x_wconf 81' lang='lat' dir='ltr'><strong>regione</strong></span> <span class='ocrx_word' id='word_1_336' title='bbox 1546 3016 1852 3084; x_wconf 86' lang='lat' dir='ltr'><strong>opponitur.</strong></span> <span class='ocrx_word' id='word_1_337' title='bbox 1908 3015 2106 3094; x_wconf 79' lang='lat' dir='ltr'><strong>Quam-</strong></span> 
     </span>
    </p>
   </div>
   <div class='ocr_carea' id='block_1_46' title="bbox 533 3096 2109 3178">
    <p class='ocr_par' dir='ltr' id='par_1_46' title="bbox 533 3096 2109 3178">
     <span class='ocr_line' id='line_1_46' title="bbox 533 3096 2109 3178; baseline -0.003 -15"><span class='ocrx_word' id='word_1_338' title='bbox 533 3107 717 3164; x_wconf 88' lang='lat' dir='ltr'><strong>obrem</strong></span> <span class='ocrx_word' id='word_1_339' title='bbox 753 3096 1110 3178; x_wconf 77' lang='lat' dir='ltr'><strong>innavigabile</strong></span> <span class='ocrx_word' id='word_1_340' title='bbox 1142 3117 1246 3170; x_wconf 79' lang='lat' dir='ltr'><strong>est,</strong></span> <span class='ocrx_word' id='word_1_341' title='bbox 1290 3122 1387 3161; x_wconf 90' lang='lat' dir='ltr'><strong>nec</strong></span> <span class='ocrx_word' id='word_1_342' title='bbox 1412 3107 1576 3160; x_wconf 89' lang='lat' dir='ltr'><strong>ullum</strong></span> <span class='ocrx_word' id='word_1_343' title='bbox 1601 3107 1953 3175; x_wconf 79' lang='lat' dir='ltr'><strong>cognoscendi</strong></span> <span class='ocrx_word' id='word_1_344' title='bbox 1995 3115 2109 3159; x_wconf 81' lang='lat' dir='ltr'><strong>slu-</strong></span> 
     </span>
    </p>
   </div>
   <div class='ocr_carea' id='block_1_47' title="bbox 537 3201 2104 3270">
    <p class='ocr_par' dir='ltr' id='par_1_47' title="bbox 537 3201 2104 3270">
     <span class='ocr_line' id='line_1_47' title="bbox 537 3201 2104 3270; baseline -0.001 -17"><span class='ocrx_word' id='word_1_345' title='bbox 537 3201 724 3265; x_wconf 90' lang='lat' dir='ltr'><strong>dium,</strong></span> <span class='ocrx_word' id='word_1_346' title='bbox 775 3217 875 3255; x_wconf 78' lang='lat' dir='ltr'><strong>nec</strong></span> <span class='ocrx_word' id='word_1_347' title='bbox 923 3201 1026 3255; x_wconf 80' lang='lat' dir='ltr'><strong>ulla</strong></span> <span class='ocrx_word' id='word_1_348' title='bbox 1080 3202 1380 3256; x_wconf 70' lang='lat' dir='ltr'><strong>necessitas</strong></span> <span class='ocrx_word' id='word_1_349' title='bbox 1429 3201 1560 3255; x_wconf 88' lang='lat' dir='ltr'><strong>illud</strong></span> <span class='ocrx_word' id='word_1_350' title='bbox 1618 3209 1824 3256; x_wconf 89' lang='lat' dir='ltr'><strong>tentare</strong></span> <span class='ocrx_word' id='word_1_351' title='bbox 1869 3213 2104 3270; x_wconf 86' lang='lat' dir='ltr'><strong>unquam</strong></span> 
     </span>
    </p>
   </div>
   <div class='ocr_carea' id='block_1_48' title="bbox 2199 2092 3784 2165">
    <p class='ocr_par' dir='ltr' id='par_1_48' title="bbox 2199 2092 3784 2165">
     <span class='ocr_line' id='line_1_48' title="bbox 2199 2092 3784 2165; baseline 0.001 -16"><span class='ocrx_word' id='word_1_352' title='bbox 2199 2095 2333 2149; x_wconf 82' lang='grc' dir='ltr'><strong>ἀλλά</strong></span> <span class='ocrx_word' id='word_1_353' title='bbox 2368 2095 2529 2165; x_wconf 87' lang='grc' dir='ltr'>νόμος</span> <span class='ocrx_word' id='word_1_354' title='bbox 2564 2092 2645 2155; x_wconf 89' lang='grc' dir='ltr'><strong>τίς</strong></span> <span class='ocrx_word' id='word_1_355' title='bbox 2684 2093 2798 2145; x_wconf 79' lang='grc' dir='ltr'>ἐστι</span> <span class='ocrx_word' id='word_1_356' title='bbox 2829 2092 3041 2162; x_wconf 81' lang='grc' dir='ltr'>φύσεως</span> <span class='ocrx_word' id='word_1_357' title='bbox 3085 2094 3215 2157; x_wconf 78' lang='grc' dir='ltr'>ἴσως</span> <span class='ocrx_word' id='word_1_358' title='bbox 3241 2097 3334 2146; x_wconf 71' lang='grc' dir='ltr'><strong>καὶ</strong></span> <span class='ocrx_word' id='word_1_359' title='bbox 3373 2097 3598 2159; x_wconf 78' lang='grc' dir='ltr'>δικαίως</span> <span class='ocrx_word' id='word_1_360' title='bbox 3632 2097 3784 2150; x_wconf 87' lang='grc' dir='ltr'><strong>κατά</strong></span> 
     </span>
    </p>
   </div>
   <div class='ocr_carea' id='block_1_49' title="bbox 2199 2184 3786 2258">
    <p class='ocr_par' dir='ltr' id='par_1_49' title="bbox 2199 2184 3786 2258">
     <span class='ocr_line' id='line_1_49' title="bbox 2199 2184 3786 2258; baseline -0.001 -18"><span class='ocrx_word' id='word_1_361' title='bbox 2199 2187 2259 2240; x_wconf 82' lang='grc' dir='ltr'><strong>τὸ</strong></span> <span class='ocrx_word' id='word_1_362' title='bbox 2298 2188 2526 2240; x_wconf 77' lang='grc' dir='ltr'>ἑκάστου</span> <span class='ocrx_word' id='word_1_363' title='bbox 2569 2184 2826 2258; x_wconf 84' lang='grc' dir='ltr'>χρειῶδες</span> <span class='ocrx_word' id='word_1_364' title='bbox 2871 2184 2969 2256; x_wconf 81' lang='grc' dir='ltr'>τὴν</span> <span class='ocrx_word' id='word_1_365' title='bbox 3007 2185 3212 2239; x_wconf 88' lang='grc' dir='ltr'>δίαιταν</span> <span class='ocrx_word' id='word_1_366' title='bbox 3252 2186 3500 2249; x_wconf 80' lang='grc' dir='ltr'>ἑκάστοις</span> <span class='ocrx_word' id='word_1_367' title='bbox 3529 2188 3786 2256; x_wconf 83' lang='grc' dir='ltr'>ἀποκλη-</span> 
     </span>
    </p>
   </div>
   <div class='ocr_carea' id='block_1_50' title="bbox 2203 2275 2442 2347">
    <p class='ocr_par' dir='ltr' id='par_1_50' title="bbox 2203 2275 2442 2347">
     <span class='ocr_line' id='line_1_50' title="bbox 2203 2275 2442 2347; baseline 0.004 -19"><span class='ocrx_word' id='word_1_368' title='bbox 2203 2275 2312 2347; x_wconf 88' lang='grc' dir='ltr'>ρῶν</span> <span class='ocrx_word' id='word_1_369' title='bbox 2343 2276 2442 2346; x_wconf 72' lang='grc' dir='ltr'><strong>(δ).</strong></span> 
     </span>
    </p>
   </div>
   <div class='ocr_carea' id='block_1_51' title="bbox 2267 2367 3789 2441">
    <p class='ocr_par' dir='ltr' id='par_1_51' title="bbox 2267 2367 3789 2441">
     <span class='ocr_line' id='line_1_51' title="bbox 2267 2367 3789 2441; baseline 0.002 -20"><span class='ocrx_word' id='word_1_370' title='bbox 2267 2367 2323 2422; x_wconf 74' lang='grc'><strong>4.</strong></span> <span class='ocrx_word' id='word_1_371' title='bbox 2375 2367 2513 2419; x_wconf 85' lang='grc' dir='ltr'>Ἀλλ’</span> <span class='ocrx_word' id='word_1_372' title='bbox 2536 2370 2634 2439; x_wconf 82' lang='grc' dir='ltr'><strong>οὐχ</strong></span> <span class='ocrx_word' id='word_1_373' title='bbox 2664 2371 2826 2440; x_wconf 82' lang='grc' dir='ltr'>ἡμεῖς</span> <span class='ocrx_word' id='word_1_374' title='bbox 2870 2369 3118 2424; x_wconf 76' lang='grc' dir='ltr'>τοιοῦτοι.</span> <span class='ocrx_word' id='word_1_375' title='bbox 3170 2370 3373 2436; x_wconf 84' lang='grc' dir='ltr'>Πόθεν;</span> <span class='ocrx_word' id='word_1_376' title='bbox 3410 2371 3539 2440; x_wconf 81' lang='grc' dir='ltr'>Οἵγε</span> <span class='ocrx_word' id='word_1_377' title='bbox 3589 2372 3789 2441; x_wconf 80' lang='grc' dir='ltr'>μεταί-</span> 
     </span>
    </p>
   </div>
   <div class='ocr_carea' id='block_1_52' title="bbox 2205 2461 3785 2535">
    <p class='ocr_par' dir='ltr' id='par_1_52' title="bbox 2205 2461 3785 2535">
     <span class='ocr_line' id='line_1_52' title="bbox 2205 2461 3785 2535; baseline 0.003 -22"><span class='ocrx_word' id='word_1_378' title='bbox 2205 2478 2370 2532; x_wconf 89' lang='grc' dir='ltr'>ρομεν</span> <span class='ocrx_word' id='word_1_379' title='bbox 2436 2461 2558 2531; x_wconf 84' lang='grc' dir='ltr'>ὅρια</span> <span class='ocrx_word' id='word_1_380' title='bbox 2608 2461 2838 2520; x_wconf 81' lang='grc' dir='ltr'>αἰώνια,</span> <span class='ocrx_word' id='word_1_381' title='bbox 2891 2462 2926 2516; x_wconf 76' lang='grc' dir='ltr'><strong>ἃ</strong></span> <span class='ocrx_word' id='word_1_382' title='bbox 2968 2462 3146 2515; x_wconf 73' lang='grc' dir='ltr'>ἔθεντο</span> <span class='ocrx_word' id='word_1_383' title='bbox 3195 2465 3245 2515; x_wconf 91' lang='grc' dir='ltr'><strong>οί</strong></span> <span class='ocrx_word' id='word_1_384' title='bbox 3302 2465 3536 2535; x_wconf 81' lang='grc' dir='ltr'>πατέρες</span> <span class='ocrx_word' id='word_1_385' title='bbox 3595 2464 3785 2535; x_wconf 78' lang='grc' dir='ltr'>ἡμῶν.</span> 
     </span>
    </p>
   </div>
   <div class='ocr_carea' id='block_1_53' title="bbox 2201 2551 3788 2626">
    <p class='ocr_par' dir='ltr' id='par_1_53' title="bbox 2201 2551 3788 2626">
     <span class='ocr_line' id='line_1_53' title="bbox 2201 2551 3788 2626; baseline 0.001 -20"><span class='ocrx_word' id='word_1_386' title='bbox 2201 2551 2668 2624; x_wconf 84' lang='grc' dir='ltr'>Παρατεμνόμεθα</span> <span class='ocrx_word' id='word_1_387' title='bbox 2709 2553 2786 2623; x_wconf 68' lang='grc'><strong>(4)</strong></span> <span class='ocrx_word' id='word_1_388' title='bbox 2835 2555 2960 2623; x_wconf 83' lang='grc' dir='ltr'>γῆν,</span> <span class='ocrx_word' id='word_1_389' title='bbox 3018 2555 3359 2624; x_wconf 77' lang='grc' dir='ltr'>συνάπτομεν</span> <span class='ocrx_word' id='word_1_390' title='bbox 3412 2555 3589 2608; x_wconf 88' lang='grc' dir='ltr'>οἰκίαν</span> <span class='ocrx_word' id='word_1_391' title='bbox 3641 2555 3788 2626; x_wconf 81' lang='grc' dir='ltr'>πρὸς</span> 
     </span>
    </p>
   </div>
   <div class='ocr_carea' id='block_1_54' title="bbox 2202 2644 3785 2718">
    <p class='ocr_par' dir='ltr' id='par_1_54' title="bbox 2202 2644 3785 2718">
     <span class='ocr_line' id='line_1_54' title="bbox 2202 2644 3785 2718; baseline 0.001 -20"><span class='ocrx_word' id='word_1_392' title='bbox 2202 2645 2374 2698; x_wconf 82' lang='grc' dir='ltr'>οἰκίαν</span> <span class='ocrx_word' id='word_1_393' title='bbox 2405 2645 2496 2698; x_wconf 74' lang='grc' dir='ltr'>καὶ</span> <span class='ocrx_word' id='word_1_394' title='bbox 2535 2644 2703 2713; x_wconf 80' lang='grc' dir='ltr'>ἀγρὸν</span> <span class='ocrx_word' id='word_1_395' title='bbox 2737 2646 2872 2713; x_wconf 76' lang='grc' dir='ltr'>πρὸς</span> <span class='ocrx_word' id='word_1_396' title='bbox 2917 2645 3104 2716; x_wconf 85' lang='grc' dir='ltr'>ἀγρὸν,</span> <span class='ocrx_word' id='word_1_397' title='bbox 3133 2645 3221 2699; x_wconf 81' lang='grc' dir='ltr'><strong>ἵνα</strong></span> <span class='ocrx_word' id='word_1_398' title='bbox 3251 2646 3344 2698; x_wconf 75' lang='grc' dir='ltr'>τοῦ</span> <span class='ocrx_word' id='word_1_399' title='bbox 3401 2646 3632 2718; x_wconf 77' lang='grc' dir='ltr'>πλησίον</span> <span class='ocrx_word' id='word_1_400' title='bbox 3667 2647 3785 2716; x_wconf 86' lang='grc' dir='ltr'><strong>ἀφ-</strong></span> 
     </span>
    </p>
   </div>
   <div class='ocr_carea' id='block_1_55' title="bbox 2205 2732 3788 2810">
    <p class='ocr_par' dir='ltr' id='par_1_55' title="bbox 2205 2732 3788 2810">
     <span class='ocr_line' id='line_1_55' title="bbox 2205 2732 3788 2810; baseline 0.002 -21"><span class='ocrx_word' id='word_1_401' title='bbox 2205 2735 2451 2808; x_wconf 83' lang='grc' dir='ltr'>ελώμεθά</span> <span class='ocrx_word' id='word_1_402' title='bbox 2483 2753 2554 2788; x_wconf 84' lang='grc' dir='ltr'>τι.</span> <span class='ocrx_word' id='word_1_403' title='bbox 2584 2732 2704 2789; x_wconf 82' lang='grc' dir='ltr'>Οἶδε</span> <span class='ocrx_word' id='word_1_404' title='bbox 2747 2735 2814 2788; x_wconf 84' lang='grc' dir='ltr'><strong>τά</strong></span> <span class='ocrx_word' id='word_1_405' title='bbox 2861 2737 2998 2808; x_wconf 86' lang='grc' dir='ltr'>κήτη</span> <span class='ocrx_word' id='word_1_406' title='bbox 3021 2737 3119 2808; x_wconf 84' lang='grc' dir='ltr'>τὴν</span> <span class='ocrx_word' id='word_1_407' title='bbox 3163 2737 3552 2810; x_wconf 80' lang='grc' dir='ltr'>ἀφωρισμένην</span> <span class='ocrx_word' id='word_1_408' title='bbox 3595 2739 3788 2803; x_wconf 81' lang='grc' dir='ltr'>αὐτοῖς</span> 
     </span>
    </p>
   </div>
   <div class='ocr_carea' id='block_1_56' title="bbox 2208 2829 3792 2904">
    <p class='ocr_par' dir='ltr' id='par_1_56' title="bbox 2208 2829 3792 2904">
     <span class='ocr_line' id='line_1_56' title="bbox 2208 2829 3792 2904; baseline 0.001 -21"><span class='ocrx_word' id='word_1_409' title='bbox 2208 2833 2359 2902; x_wconf 82' lang='grc' dir='ltr'><strong>παρά</strong></span> <span class='ocrx_word' id='word_1_410' title='bbox 2385 2830 2484 2902; x_wconf 84' lang='grc' dir='ltr'>τῆς</span> <span class='ocrx_word' id='word_1_411' title='bbox 2518 2830 2729 2899; x_wconf 86' lang='grc' dir='ltr'>φύσεως</span> <span class='ocrx_word' id='word_1_412' title='bbox 2759 2829 2986 2894; x_wconf 85' lang='grc' dir='ltr'>δίαιταν,</span> <span class='ocrx_word' id='word_1_413' title='bbox 3026 2831 3122 2903; x_wconf 84' lang='grc' dir='ltr'><strong>τὴν</strong></span> <span class='ocrx_word' id='word_1_414' title='bbox 3171 2831 3275 2896; x_wconf 78' lang='grc' dir='ltr'>ἔξω</span> <span class='ocrx_word' id='word_1_415' title='bbox 3305 2832 3413 2887; x_wconf 85' lang='grc' dir='ltr'><strong>τῶν</strong></span> <span class='ocrx_word' id='word_1_416' title='bbox 3447 2833 3792 2904; x_wconf 84' lang='grc' dir='ltr'>οἰκουμένων</span> 
     </span>
    </p>
   </div>
   <div class='ocr_carea' id='block_1_57' title="bbox 2207 2919 3788 2996">
    <p class='ocr_par' dir='ltr' id='par_1_57' title="bbox 2207 2919 3788 2996">
     <span class='ocr_line' id='line_1_57' title="bbox 2207 2919 3788 2996; baseline 0 -20"><span class='ocrx_word' id='word_1_417' title='bbox 2207 2925 2418 2994; x_wconf 79' lang='grc' dir='ltr'>χωρίων</span> <span class='ocrx_word' id='word_1_418' title='bbox 2462 2925 2754 2994; x_wconf 72' lang='grc' dir='ltr'>κατείληφε</span> <span class='ocrx_word' id='word_1_419' title='bbox 2788 2925 3079 2987; x_wconf 81' lang='grc' dir='ltr'>θάλασσαν,</span> <span class='ocrx_word' id='word_1_420' title='bbox 3123 2925 3220 2994; x_wconf 83' lang='grc' dir='ltr'><strong>τὴν</strong></span> <span class='ocrx_word' id='word_1_421' title='bbox 3262 2927 3476 2996; x_wconf 77' lang='grc' dir='ltr'>ἐρήμην</span> <span class='ocrx_word' id='word_1_422' title='bbox 3508 2927 3711 2996; x_wconf 78' lang='grc' dir='ltr'>νήσων,</span> 
     </span>
    </p>
   </div>
   <div class='ocr_carea' id='block_1_58' title="bbox 2214 3015 3788 3087">
    <p class='ocr_par' dir='ltr' id='par_1_58' title="bbox 2214 3015 3788 3087">
     <span class='ocr_line' id='line_1_58' title="bbox 2214 3015 3788 3087; baseline 0.001 -21"><span class='ocrx_word' id='word_1_423' title='bbox 2214 3016 2450 3083; x_wconf 82' lang='grc' dir='ltr'>μηδεμία</span> <span class='ocrx_word' id='word_1_424' title='bbox 2483 3016 2619 3084; x_wconf 72' lang='grc' dir='ltr'>πρὸς</span> <span class='ocrx_word' id='word_1_425' title='bbox 2639 3017 2700 3067; x_wconf 80' lang='grc' dir='ltr'><strong>τὸ</strong></span> <span class='ocrx_word' id='word_1_426' title='bbox 2726 3015 3019 3084; x_wconf 82' lang='grc' dir='ltr'>ἀντιπέρας</span> <span class='ocrx_word' id='word_1_427' title='bbox 3052 3016 3507 3087; x_wconf 82' lang='grc' dir='ltr'>ἀντικαθέστηκεν</span> <span class='ocrx_word' id='word_1_428' title='bbox 3533 3017 3788 3086; x_wconf 75' lang='grc' dir='ltr'>ήπειρος.</span> 
     </span>
    </p>
   </div>
   <div class='ocr_carea' id='block_1_59' title="bbox 2210 3103 3789 3177">
    <p class='ocr_par' dir='ltr' id='par_1_59' title="bbox 2210 3103 3789 3177">
     <span class='ocr_line' id='line_1_59' title="bbox 2210 3103 3789 3177; baseline 0.001 -22"><span class='ocrx_word' id='word_1_429' title='bbox 2210 3104 2407 3174; x_wconf 86' lang='grc' dir='ltr'>Διόπερ</span> <span class='ocrx_word' id='word_1_430' title='bbox 2437 3103 2638 3166; x_wconf 77' lang='grc' dir='ltr'>ἄπλους</span> <span class='ocrx_word' id='word_1_431' title='bbox 2659 3105 2827 3166; x_wconf 73' lang='grc' dir='ltr'>ἐστὶν,</span> <span class='ocrx_word' id='word_1_432' title='bbox 2855 3103 2978 3156; x_wconf 73' lang='grc' dir='ltr'>οὔτε</span> <span class='ocrx_word' id='word_1_433' title='bbox 3010 3106 3248 3176; x_wconf 87' lang='grc' dir='ltr'>ἱστορίας</span> <span class='ocrx_word' id='word_1_434' title='bbox 3271 3105 3393 3158; x_wconf 72' lang='grc' dir='ltr'>οὔτε</span> <span class='ocrx_word' id='word_1_435' title='bbox 3419 3106 3564 3167; x_wconf 84' lang='grc' dir='ltr'>τινὸς</span> <span class='ocrx_word' id='word_1_436' title='bbox 3591 3106 3789 3177; x_wconf 75' lang='grc' dir='ltr'>χρείας</span> 
     </span>
    </p>
   </div>
   <div class='ocr_carea' id='block_1_60' title="bbox 2158 3194 3786 3278">
    <p class='ocr_par' dir='ltr' id='par_1_60' title="bbox 2158 3194 3786 3278">
     <span class='ocr_line' id='line_1_60' title="bbox 2158 3194 3786 3278; baseline 0.003 -31"><span class='ocrx_word' id='word_1_437' title='bbox 2158 3259 2175 3278; x_wconf 37' lang='grc' dir='ltr'><strong>ν</strong></span> <span class='ocrx_word' id='word_1_438' title='bbox 2211 3194 2553 3266; x_wconf 78' lang='grc' dir='ltr'>κατατολμᾷν</span> <span class='ocrx_word' id='word_1_439' title='bbox 2608 3196 2775 3268; x_wconf 77' lang='grc' dir='ltr'>αὐτῆς</span> <span class='ocrx_word' id='word_1_440' title='bbox 2837 3196 2964 3260; x_wconf 80' lang='grc' dir='ltr'>τοὺς</span> <span class='ocrx_word' id='word_1_441' title='bbox 3018 3196 3309 3266; x_wconf 79' lang='grc' dir='ltr'>πλωτῆρας</span> <span class='ocrx_word' id='word_1_442' title='bbox 3363 3197 3786 3270; x_wconf 83' lang='grc' dir='ltr'>ἀναπειθούσης.</span> 
     </span>
    </p>
   </div>
   <div class='ocr_carea' id='block_1_61' title="bbox 539 3260 2105 3360">
    <p class='ocr_par' dir='ltr' id='par_1_61' title="bbox 539 3285 2105 3359">
     <span class='ocr_line' id='line_1_61' title="bbox 539 3285 2105 3359; baseline 0 -19"><span class='ocrx_word' id='word_1_443' title='bbox 539 3289 719 3342; x_wconf 87' lang='lat' dir='ltr'><strong>nautis</strong></span> <span class='ocrx_word' id='word_1_444' title='bbox 745 3290 1030 3359; x_wconf 81' lang='lat' dir='ltr'><strong>persuasit.</strong></span> <span class='ocrx_word' id='word_1_445' title='bbox 1060 3287 1169 3342; x_wconf 88' lang='lat' dir='ltr'><strong>Hoc</strong></span> <span class='ocrx_word' id='word_1_446' title='bbox 1200 3304 1350 3344; x_wconf 87' lang='lat' dir='ltr'><strong>mare</strong></span> <span class='ocrx_word' id='word_1_447' title='bbox 1389 3299 1655 3358; x_wconf 90' lang='lat' dir='ltr'><strong>occupant</strong></span> <span class='ocrx_word' id='word_1_448' title='bbox 1683 3300 1820 3354; x_wconf 87' lang='lat' dir='ltr'><strong>cete,</strong></span> <span class='ocrx_word' id='word_1_449' title='bbox 1856 3285 2105 3342; x_wconf 76' lang='lat' dir='ltr'><strong>maximis</strong></span> 
     </span>
    </p>
   </div>
   <div class='ocr_carea' id='block_1_62' title="bbox 2207 3260 3793 3360">
    <p class='ocr_par' dir='ltr' id='par_1_62' title="bbox 2221 3260 3793 3360">
     <span class='ocr_line' id='line_1_62' title="bbox 2221 3260 3793 3360; baseline 0.003 -20"><span class='ocrx_word' id='word_1_450' title='bbox 2221 3260 2463 3358; x_wconf 79' lang='grc' dir='ltr'>Ἐκείνην</span> <span class='ocrx_word' id='word_1_451' title='bbox 2499 3260 2880 3343; x_wconf 30' lang='grc' dir='ltr'>*καταλαόόντα</span> <span class='ocrx_word' id='word_1_452' title='bbox 2909 3288 2976 3342; x_wconf 88' lang='grc' dir='ltr'><strong>τά</strong></span> <span class='ocrx_word' id='word_1_453' title='bbox 3012 3290 3171 3360; x_wconf 80' lang='grc' dir='ltr'>κήτη,</span> <span class='ocrx_word' id='word_1_454' title='bbox 3194 3260 3328 3353; x_wconf 43' lang='lat' dir='ltr'><strong>an;</strong></span> <span class='ocrx_word' id='word_1_455' title='bbox 3374 3290 3648 3360; x_wconf 82' lang='grc' dir='ltr'>μεγίστοις</span> <span class='ocrx_word' id='word_1_456' title='bbox 3677 3260 3793 3344; x_wconf 58' lang='grc' dir='ltr'>τίῖἰν</span> 
     </span>
    </p>
   </div>
   <div class='ocr_carea' id='block_1_63' title="bbox 537 3379 2109 3449">
    <p class='ocr_par' dir='ltr' id='par_1_63' title="bbox 537 3379 2109 3449">
     <span class='ocr_line' id='line_1_63' title="bbox 537 3379 2109 3449; baseline 0.002 -19"><span class='ocrx_word' id='word_1_457' title='bbox 537 3379 809 3432; x_wconf 78' lang='lat' dir='ltr'><strong>montibus</strong></span> <span class='ocrx_word' id='word_1_458' title='bbox 833 3381 1200 3448; x_wconf 84' lang='lat' dir='ltr'><strong>magnitudine</strong></span> <span class='ocrx_word' id='word_1_459' title='bbox 1227 3381 1444 3444; x_wconf 86' lang='lat' dir='ltr'><strong>similia,</strong></span> <span class='ocrx_word' id='word_1_460' title='bbox 1478 3382 1621 3435; x_wconf 84' lang='lat' dir='ltr'><strong>velut</strong></span> <span class='ocrx_word' id='word_1_461' title='bbox 1652 3380 1704 3434; x_wconf 88' lang='lat' dir='ltr'><strong>lti</strong></span> <span class='ocrx_word' id='word_1_462' title='bbox 1728 3381 1818 3449; x_wconf 90' lang='lat' dir='ltr'><strong>qui</strong></span> <span class='ocrx_word' id='word_1_463' title='bbox 1862 3381 2109 3434; x_wconf 88' lang='lat' dir='ltr'><strong>viderunt</strong></span> 
     </span>
    </p>
   </div>
   <div class='ocr_carea' id='block_1_64' title="bbox 536 3469 2108 3537">
    <p class='ocr_par' dir='ltr' id='par_1_64' title="bbox 536 3469 2108 3537">
     <span class='ocr_line' id='line_1_64' title="bbox 536 3469 2108 3537; baseline 0.001 -16"><span class='ocrx_word' id='word_1_464' title='bbox 536 3475 802 3521; x_wconf 85' lang='lat' dir='ltr'><strong>narrant:</strong></span> <span class='ocrx_word' id='word_1_465' title='bbox 835 3477 1055 3521; x_wconf 86' lang='lat' dir='ltr'><strong>manent</strong></span> <span class='ocrx_word' id='word_1_466' title='bbox 1087 3470 1225 3522; x_wconf 89' lang='lat' dir='ltr'><strong>intra</strong></span> <span class='ocrx_word' id='word_1_467' title='bbox 1263 3471 1510 3537; x_wconf 90' lang='lat' dir='ltr'><strong>proprios</strong></span> <span class='ocrx_word' id='word_1_468' title='bbox 1558 3469 1840 3534; x_wconf 83' lang='lat' dir='ltr'><strong>terminos,</strong></span> <span class='ocrx_word' id='word_1_469' title='bbox 1884 3485 1982 3524; x_wconf 89' lang='lat' dir='ltr'><strong>nec</strong></span> <span class='ocrx_word' id='word_1_470' title='bbox 2027 3470 2108 3524; x_wconf 88' lang='lat' dir='ltr'><strong>in-</strong></span> 
     </span>
    </p>
   </div>
   <div class='ocr_carea' id='block_1_65' title="bbox 536 3564 2110 3637">
    <p class='ocr_par' dir='ltr' id='par_1_65' title="bbox 536 3564 2110 3637">
     <span class='ocr_line' id='line_1_65' title="bbox 536 3564 2110 3637; baseline 0.003 -19"><span class='ocrx_word' id='word_1_471' title='bbox 536 3564 682 3620; x_wconf 84' lang='lat' dir='ltr'><strong>sulas</strong></span> <span class='ocrx_word' id='word_1_472' title='bbox 721 3579 894 3633; x_wconf 88' lang='lat' dir='ltr'><strong>neque</strong></span> <span class='ocrx_word' id='word_1_473' title='bbox 927 3567 1088 3620; x_wconf 87' lang='lat' dir='ltr'><strong>urbes</strong></span> <span class='ocrx_word' id='word_1_474' title='bbox 1124 3568 1422 3621; x_wconf 89' lang='lat' dir='ltr'><strong>maritimas</strong></span> <span class='ocrx_word' id='word_1_475' title='bbox 1468 3568 1741 3621; x_wconf 83' lang='lat' dir='ltr'><strong>infestant.</strong></span> <span class='ocrx_word' id='word_1_476' title='bbox 1799 3568 1888 3624; x_wconf 93' lang='lat' dir='ltr'><strong>Sic</strong></span> <span class='ocrx_word' id='word_1_477' title='bbox 1948 3569 2110 3637; x_wconf 86' lang='lat' dir='ltr'><strong>igitur</strong></span> 
     </span>
    </p>
   </div>
   <div class='ocr_carea' id='block_1_66' title="bbox 537 3659 2105 3732">
    <p class='ocr_par' dir='ltr' id='par_1_66' title="bbox 537 3659 2105 3732">
     <span class='ocr_line' id='line_1_66' title="bbox 537 3659 2105 3732; baseline 0.004 -21"><span class='ocrx_word' id='word_1_478' title='bbox 537 3659 955 3727; x_wconf 86' lang='lat' dir='ltr'><strong>unumquodque</strong></span> <span class='ocrx_word' id='word_1_479' title='bbox 979 3675 1145 3729; x_wconf 90' lang='lat' dir='ltr'><strong>genus</strong></span> <span class='ocrx_word' id='word_1_480' title='bbox 1184 3660 1236 3714; x_wconf 91' lang='lat' dir='ltr'><strong>in</strong></span> <span class='ocrx_word' id='word_1_481' title='bbox 1260 3660 1495 3716; x_wconf 83' lang='lat' dir='ltr'><strong>definitis</strong></span> <span class='ocrx_word' id='word_1_482' title='bbox 1521 3660 1622 3716; x_wconf 89' lang='lat' dir='ltr'><strong>sibi</strong></span> <span class='ocrx_word' id='word_1_483' title='bbox 1655 3662 1818 3716; x_wconf 90' lang='lat' dir='ltr'><strong>maris</strong></span> <span class='ocrx_word' id='word_1_484' title='bbox 1845 3663 2105 3732; x_wconf 86' lang='lat' dir='ltr'><strong>partibus,</strong></span> 
     </span>
    </p>
   </div>
   <div class='ocr_carea' id='block_1_67' title="bbox 534 3748 2105 3822">
    <p class='ocr_par' dir='ltr' id='par_1_67' title="bbox 534 3748 2105 3822">
     <span class='ocr_line' id='line_1_67' title="bbox 534 3748 2105 3822; baseline 0.004 -21"><span class='ocrx_word' id='word_1_485' title='bbox 534 3748 758 3817; x_wconf 83' lang='lat' dir='ltr'><strong>perinde</strong></span> <span class='ocrx_word' id='word_1_486' title='bbox 782 3760 944 3820; x_wconf 89' lang='lat' dir='ltr'><strong>atque</strong></span> <span class='ocrx_word' id='word_1_487' title='bbox 971 3750 1024 3805; x_wconf 89' lang='lat' dir='ltr'><strong>itt</strong></span> <span class='ocrx_word' id='word_1_488' title='bbox 1085 3752 1412 3815; x_wconf 89' lang='lat' dir='ltr'><strong>civitatibus,</strong></span> <span class='ocrx_word' id='word_1_489' title='bbox 1465 3762 1557 3806; x_wconf 88' lang='lat' dir='ltr'><strong>aut</strong></span> <span class='ocrx_word' id='word_1_490' title='bbox 1596 3753 1731 3807; x_wconf 85' lang='lat' dir='ltr'><strong>vicis</strong></span> <span class='ocrx_word' id='word_1_491' title='bbox 1760 3752 2105 3822; x_wconf 84' lang='lat' dir='ltr'><strong>quibusdam.</strong></span> 
     </span>
    </p>
   </div>
   <div class='ocr_carea' id='block_1_68' title="bbox 538 3841 2108 3914">
    <p class='ocr_par' dir='ltr' id='par_1_68' title="bbox 538 3841 2108 3914">
     <span class='ocr_line' id='line_1_68' title="bbox 538 3841 2108 3914; baseline 0.001 -19"><span class='ocrx_word' id='word_1_492' title='bbox 538 3851 630 3895; x_wconf 89' lang='lat' dir='ltr'><strong>aut</strong></span> <span class='ocrx_word' id='word_1_493' title='bbox 658 3842 893 3911; x_wconf 87' lang='lat' dir='ltr'><strong>antiquis</strong></span> <span class='ocrx_word' id='word_1_494' title='bbox 927 3843 1135 3911; x_wconf 81' lang='lat' dir='ltr'><strong>patriis,</strong></span> <span class='ocrx_word' id='word_1_495' title='bbox 1183 3842 1527 3897; x_wconf 81' lang='lat' dir='ltr'><strong>immoratur.</strong></span> <span class='ocrx_word' id='word_1_496' title='bbox 1574 3841 1690 3897; x_wconf 86' lang='lat' dir='ltr'><strong>Jam</strong></span> <span class='ocrx_word' id='word_1_497' title='bbox 1723 3858 1851 3899; x_wconf 80' lang='lat' dir='ltr'><strong>vero</strong></span> <span class='ocrx_word' id='word_1_498' title='bbox 1888 3844 2108 3914; x_wconf 88' lang='lat' dir='ltr'><strong>quidam</strong></span> 
     </span>
    </p>
   </div>
   <div class='ocr_carea' id='block_1_69' title="bbox 538 3934 2111 4006">
    <p class='ocr_par' dir='ltr' id='par_1_69' title="bbox 538 3934 2111 4006">
     <span class='ocr_line' id='line_1_69' title="bbox 538 3934 2111 4006; baseline 0.001 -18"><span class='ocrx_word' id='word_1_499' title='bbox 538 3947 604 3988; x_wconf 75' lang='lat' dir='ltr'><strong>ex</strong></span> <span class='ocrx_word' id='word_1_500' title='bbox 627 3934 862 4004; x_wconf 85' lang='lat' dir='ltr'><strong>piscibus</strong></span> <span class='ocrx_word' id='word_1_501' title='bbox 895 3935 1323 4006; x_wconf 87' lang='lat' dir='ltr'><strong>peregrinantes,</strong></span> <span class='ocrx_word' id='word_1_502' title='bbox 1345 3936 1492 3991; x_wconf 80' lang='lat' dir='ltr'><strong>velut</strong></span> <span class='ocrx_word' id='word_1_503' title='bbox 1529 3950 1557 3989; x_wconf 87' lang='lat' dir='ltr'><strong>a</strong></span> <span class='ocrx_word' id='word_1_504' title='bbox 1591 3936 1861 3991; x_wconf 90' lang='lat' dir='ltr'><strong>communi</strong></span> <span class='ocrx_word' id='word_1_505' title='bbox 1883 3936 2028 3991; x_wconf 90' lang='lat' dir='ltr'><strong>curia</strong></span> <span class='ocrx_word' id='word_1_506' title='bbox 2059 3935 2111 3990; x_wconf 93' lang='lat' dir='ltr'><strong>in</strong></span> 
     </span>
    </p>
   </div>
   <div class='ocr_carea' id='block_1_70' title="bbox 540 4028 2114 4101">
    <p class='ocr_par' dir='ltr' id='par_1_70' title="bbox 540 4028 2114 4101">
     <span class='ocr_line' id='line_1_70' title="bbox 540 4028 2114 4101; baseline 0.002 -20"><span class='ocrx_word' id='word_1_507' title='bbox 540 4035 792 4083; x_wconf 77' lang='lat' dir='ltr'><strong>externas</strong></span> <span class='ocrx_word' id='word_1_508' title='bbox 828 4029 1074 4101; x_wconf 87' lang='lat' dir='ltr'><strong>regiones</strong></span> <span class='ocrx_word' id='word_1_509' title='bbox 1113 4029 1383 4100; x_wconf 85' lang='lat' dir='ltr'><strong>ablegati,</strong></span> <span class='ocrx_word' id='word_1_510' title='bbox 1419 4043 1610 4084; x_wconf 83' lang='lat' dir='ltr'><strong>omnes</strong></span> <span class='ocrx_word' id='word_1_511' title='bbox 1660 4030 1757 4085; x_wconf 91' lang='lat' dir='ltr'><strong>sub</strong></span> <span class='ocrx_word' id='word_1_512' title='bbox 1809 4044 1914 4084; x_wconf 91' lang='lat' dir='ltr'><strong>uno</strong></span> <span class='ocrx_word' id='word_1_513' title='bbox 1959 4028 2114 4099; x_wconf 88' lang='lat' dir='ltr'><strong>signo</strong></span> 
     </span>
    </p>
   </div>
   <div class='ocr_carea' id='block_1_71' title="bbox 542 4118 2114 4190">
    <p class='ocr_par' dir='ltr' id='par_1_71' title="bbox 542 4118 2114 4190">
     <span class='ocr_line' id='line_1_71' title="bbox 542 4118 2114 4190; baseline 0.003 -19"><span class='ocrx_word' id='word_1_514' title='bbox 542 4118 979 4185; x_wconf 81' lang='lat' dir='ltr'><strong>proficiscuntur.</strong></span> <span class='ocrx_word' id='word_1_515' title='bbox 1003 4121 1138 4176; x_wconf 85' lang='lat' dir='ltr'><strong>Cum</strong></span> <span class='ocrx_word' id='word_1_516' title='bbox 1175 4123 1319 4175; x_wconf 82' lang='lat' dir='ltr'><strong>enim</strong></span> <span class='ocrx_word' id='word_1_517' title='bbox 1345 4123 1717 4190; x_wconf 59' lang='lat' dir='ltr'><strong>praescriptum</strong></span> <span class='ocrx_word' id='word_1_518' title='bbox 1747 4120 1945 4176; x_wconf 83' lang='lat' dir='ltr'><strong>fetandi</strong></span> <span class='ocrx_word' id='word_1_519' title='bbox 1976 4131 2114 4176; x_wconf 85' lang='lat' dir='ltr'><strong>tem-</strong></span> 
     </span>
    </p>
   </div>
   <div class='ocr_carea' id='block_1_72' title="bbox 541 4209 2112 4280">
    <p class='ocr_par' dir='ltr' id='par_1_72' title="bbox 541 4209 2112 4280">
     <span class='ocr_line' id='line_1_72' title="bbox 541 4209 2112 4280; baseline 0.003 -19"><span class='ocrx_word' id='word_1_520' title='bbox 541 4222 638 4277; x_wconf 85' lang='lat' dir='ltr'><strong>pus</strong></span> <span class='ocrx_word' id='word_1_521' title='bbox 665 4209 939 4274; x_wconf 90' lang='lat' dir='ltr'><strong>institerit,</strong></span> <span class='ocrx_word' id='word_1_522' title='bbox 966 4211 1052 4266; x_wconf 87' lang='lat' dir='ltr'><strong>alii</strong></span> <span class='ocrx_word' id='word_1_523' title='bbox 1079 4213 1146 4266; x_wconf 91' lang='lat' dir='ltr'><strong>ab</strong></span> <span class='ocrx_word' id='word_1_524' title='bbox 1175 4211 1296 4267; x_wconf 89' lang='lat' dir='ltr'><strong>aliis</strong></span> <span class='ocrx_word' id='word_1_525' title='bbox 1322 4214 1651 4280; x_wconf 83' lang='lat' dir='ltr'><strong>ernigrantes</strong></span> <span class='ocrx_word' id='word_1_526' title='bbox 1683 4212 1911 4275; x_wconf 78' lang='lat' dir='ltr'><strong>sinibus,</strong></span> <span class='ocrx_word' id='word_1_527' title='bbox 1961 4227 2112 4267; x_wconf 92' lang='lat' dir='ltr'><strong>com-</strong></span> 
     </span>
    </p>
   </div>
   <div class='ocr_carea' id='block_1_73' title="bbox 543 4299 2113 4373">
    <p class='ocr_par' dir='ltr' id='par_1_73' title="bbox 543 4299 2113 4373">
     <span class='ocr_line' id='line_1_73' title="bbox 543 4299 2113 4373; baseline 0.005 -24"><span class='ocrx_word' id='word_1_528' title='bbox 543 4299 690 4353; x_wconf 88' lang='lat' dir='ltr'><strong>muni</strong></span> <span class='ocrx_word' id='word_1_529' title='bbox 718 4314 924 4356; x_wconf 64' lang='lat' dir='ltr'><strong>natura!</strong></span> <span class='ocrx_word' id='word_1_530' title='bbox 983 4303 1096 4373; x_wconf 85' lang='lat' dir='ltr'><strong>lege</strong></span> <span class='ocrx_word' id='word_1_531' title='bbox 1130 4304 1406 4369; x_wconf 88' lang='lat' dir='ltr'><strong>concitati,</strong></span> <span class='ocrx_word' id='word_1_532' title='bbox 1460 4303 1526 4356; x_wconf 89' lang='lat' dir='ltr'><strong>ad</strong></span> <span class='ocrx_word' id='word_1_533' title='bbox 1576 4319 1725 4358; x_wconf 90' lang='lat' dir='ltr'><strong>mare</strong></span> <span class='ocrx_word' id='word_1_534' title='bbox 1780 4304 2113 4373; x_wconf 84' lang='lat' dir='ltr'><strong>aquilonium</strong></span> 
     </span>
    </p>
   </div>
   <div class='ocr_carea' id='block_1_74' title="bbox 543 4387 2115 4465">
    <p class='ocr_par' dir='ltr' id='par_1_74' title="bbox 543 4387 2115 4465">
     <span class='ocr_line' id='line_1_74' title="bbox 543 4387 2115 4465; baseline 0.003 -21"><span class='ocrx_word' id='word_1_535' title='bbox 543 4387 818 4446; x_wconf 86' lang='lat' dir='ltr'><strong>festinant.</strong></span> <span class='ocrx_word' id='word_1_536' title='bbox 845 4391 910 4446; x_wconf 90' lang='lat' dir='ltr'><strong>Et</strong></span> <span class='ocrx_word' id='word_1_537' title='bbox 937 4394 1153 4458; x_wconf 88' lang='lat' dir='ltr'><strong>quidem</strong></span> <span class='ocrx_word' id='word_1_538' title='bbox 1190 4394 1307 4462; x_wconf 89' lang='lat' dir='ltr'><strong>ipso</strong></span> <span class='ocrx_word' id='word_1_539' title='bbox 1354 4408 1616 4450; x_wconf 86' lang='lat' dir='ltr'><strong>ascensus</strong></span> <span class='ocrx_word' id='word_1_540' title='bbox 1643 4403 1881 4464; x_wconf 89' lang='lat' dir='ltr'><strong>tempore</strong></span> <span class='ocrx_word' id='word_1_541' title='bbox 1937 4396 2115 4465; x_wconf 89' lang='lat' dir='ltr'><strong>pisces</strong></span> 
     </span>
    </p>
   </div>
   <div class='ocr_carea' id='block_1_75' title="bbox 544 4483 2115 4553">
    <p class='ocr_par' dir='ltr' id='par_1_75' title="bbox 544 4483 2115 4553">
     <span class='ocr_line' id='line_1_75' title="bbox 544 4483 2115 4553; baseline 0.004 -18"><span class='ocrx_word' id='word_1_542' title='bbox 544 4490 766 4538; x_wconf 84' lang='lat' dir='ltr'><strong>coactos</strong></span> <span class='ocrx_word' id='word_1_543' title='bbox 800 4497 896 4553; x_wconf 87' lang='lat' dir='ltr'><strong>per</strong></span> <span class='ocrx_word' id='word_1_544' title='bbox 934 4483 1316 4553; x_wconf 86' lang='lat' dir='ltr'><strong>Propontidem</strong></span> <span class='ocrx_word' id='word_1_545' title='bbox 1360 4486 1412 4539; x_wconf 88' lang='lat' dir='ltr'><strong>in</strong></span> <span class='ocrx_word' id='word_1_546' title='bbox 1465 4485 1730 4540; x_wconf 77' lang='lat' dir='ltr'><strong>Euxinum</strong></span> <span class='ocrx_word' id='word_1_547' title='bbox 1767 4486 1996 4541; x_wconf 89' lang='lat' dir='ltr'><strong>Pontum</strong></span> <span class='ocrx_word' id='word_1_548' title='bbox 2033 4488 2115 4541; x_wconf 83' lang='lat' dir='ltr'><strong>in-</strong></span> 
     </span>
    </p>
   </div>
   <div class='ocr_carea' id='block_1_76' title="bbox 2209 3379 3790 3455">
    <p class='ocr_par' dir='ltr' id='par_1_76' title="bbox 2209 3379 3790 3455">
     <span class='ocr_line' id='line_1_76' title="bbox 2209 3379 3790 3455; baseline 0.003 -23"><span class='ocrx_word' id='word_1_549' title='bbox 2209 3380 2350 3450; x_wconf 84' lang='grc' dir='ltr'>ὀρῶν</span> <span class='ocrx_word' id='word_1_550' title='bbox 2398 3382 2539 3434; x_wconf 74' lang='grc' dir='ltr'>κατὰ</span> <span class='ocrx_word' id='word_1_551' title='bbox 2592 3381 2654 3434; x_wconf 79' lang='grc' dir='ltr'>τὸ</span> <span class='ocrx_word' id='word_1_552' title='bbox 2703 3379 2928 3450; x_wconf 84' lang='grc' dir='ltr'>μέγεθος</span> <span class='ocrx_word' id='word_1_553' title='bbox 2960 3381 3200 3446; x_wconf 81' lang='grc' dir='ltr'>ἐοικότα,</span> <span class='ocrx_word' id='word_1_554' title='bbox 3248 3382 3325 3445; x_wconf 87' lang='grc' dir='ltr'>ὡς</span> <span class='ocrx_word' id='word_1_555' title='bbox 3367 3384 3417 3435; x_wconf 89' lang='grc' dir='ltr'><strong>οἰ</strong></span> <span class='ocrx_word' id='word_1_556' title='bbox 3465 3382 3790 3455; x_wconf 82' lang='grc' dir='ltr'>τεθεαμένοι</span> 
     </span>
    </p>
   </div>
   <div class='ocr_carea' id='block_1_77' title="bbox 2211 3469 3792 3544">
    <p class='ocr_par' dir='ltr' id='par_1_77' title="bbox 2211 3469 3792 3544">
     <span class='ocr_line' id='line_1_77' title="bbox 2211 3469 3792 3544; baseline 0.002 -20"><span class='ocrx_word' id='word_1_557' title='bbox 2211 3472 2362 3541; x_wconf 74' lang='grc' dir='ltr'>φασὶ,</span> <span class='ocrx_word' id='word_1_558' title='bbox 2407 3471 2554 3541; x_wconf 83' lang='grc' dir='ltr'>μένει</span> <span class='ocrx_word' id='word_1_559' title='bbox 2585 3472 2641 3522; x_wconf 83' lang='grc' dir='ltr'><strong>ἐν</strong></span> <span class='ocrx_word' id='word_1_560' title='bbox 2675 3471 2786 3532; x_wconf 86' lang='grc' dir='ltr'>τοῖς</span> <span class='ocrx_word' id='word_1_561' title='bbox 2820 3469 3038 3534; x_wconf 84' lang='grc' dir='ltr'>οἰκείοις</span> <span class='ocrx_word' id='word_1_562' title='bbox 3065 3472 3232 3542; x_wconf 85' lang='grc' dir='ltr'>ὅροις,</span> <span class='ocrx_word' id='word_1_563' title='bbox 3276 3474 3412 3544; x_wconf 85' lang='grc' dir='ltr'>μήτε</span> <span class='ocrx_word' id='word_1_564' title='bbox 3438 3476 3556 3537; x_wconf 83' lang='grc' dir='ltr'>ταῖς</span> <span class='ocrx_word' id='word_1_565' title='bbox 3578 3476 3792 3544; x_wconf 79' lang='grc' dir='ltr'>νήσοις,</span> 
     </span>
    </p>
   </div>
   <div class='ocr_carea' id='block_1_78' title="bbox 2213 3562 3792 3638">
    <p class='ocr_par' dir='ltr' id='par_1_78' title="bbox 2213 3562 3792 3638">
     <span class='ocr_line' id='line_1_78' title="bbox 2213 3562 3792 3638; baseline 0.003 -22"><span class='ocrx_word' id='word_1_566' title='bbox 2213 3566 2349 3636; x_wconf 82' lang='grc' dir='ltr'>μήτε</span> <span class='ocrx_word' id='word_1_567' title='bbox 2389 3567 2504 3628; x_wconf 85' lang='grc' dir='ltr'>ταῖς</span> <span class='ocrx_word' id='word_1_568' title='bbox 2531 3563 2814 3634; x_wconf 86' lang='grc' dir='ltr'>παραλίοις</span> <span class='ocrx_word' id='word_1_569' title='bbox 2857 3562 2932 3634; x_wconf 84' lang='grc'><strong>(5)</strong></span> <span class='ocrx_word' id='word_1_570' title='bbox 2961 3563 3148 3619; x_wconf 77' lang='grc' dir='ltr'>πόλεσι</span> <span class='ocrx_word' id='word_1_571' title='bbox 3191 3567 3582 3638; x_wconf 83' lang='grc' dir='ltr'>λυμαινόμενα.</span> <span class='ocrx_word' id='word_1_572' title='bbox 3627 3567 3792 3620; x_wconf 77' lang='grc' dir='ltr'>Οὕτω</span> 
     </span>
    </p>
   </div>
   <div class='ocr_carea' id='block_1_79' title="bbox 2214 3653 3791 3732">
    <p class='ocr_par' dir='ltr' id='par_1_79' title="bbox 2214 3653 3791 3732">
     <span class='ocr_line' id='line_1_79' title="bbox 2214 3653 3791 3732; baseline -0.001 -21"><span class='ocrx_word' id='word_1_573' title='bbox 2214 3659 2310 3729; x_wconf 82' lang='grc' dir='ltr'><strong>μὲν</strong></span> <span class='ocrx_word' id='word_1_574' title='bbox 2350 3653 2441 3712; x_wconf 75' lang='grc' dir='ltr'>οὖν</span> <span class='ocrx_word' id='word_1_575' title='bbox 2489 3658 2718 3711; x_wconf 76' lang='grc' dir='ltr'>ἕκαστον</span> <span class='ocrx_word' id='word_1_576' title='bbox 2753 3657 2943 3726; x_wconf 86' lang='grc' dir='ltr'>γένος,</span> <span class='ocrx_word' id='word_1_577' title='bbox 2977 3660 3162 3732; x_wconf 82' lang='grc' dir='ltr'>ὥσπερ</span> <span class='ocrx_word' id='word_1_578' title='bbox 3203 3661 3440 3726; x_wconf 84' lang='grc' dir='ltr'>πόλεσιν,</span> <span class='ocrx_word' id='word_1_579' title='bbox 3491 3661 3522 3730; x_wconf 80' lang='grc' dir='ltr'>ἢ</span> <span class='ocrx_word' id='word_1_580' title='bbox 3569 3659 3791 3726; x_wconf 80' lang='grc' dir='ltr'>κώμαις</span> 
     </span>
    </p>
   </div>
   <div class='ocr_carea' id='block_1_80' title="bbox 2211 3749 3794 3823">
    <p class='ocr_par' dir='ltr' id='par_1_80' title="bbox 2211 3749 3794 3823">
     <span class='ocr_line' id='line_1_80' title="bbox 2211 3749 3794 3823; baseline 0 -20"><span class='ocrx_word' id='word_1_581' title='bbox 2211 3751 2374 3817; x_wconf 74' lang='grc' dir='ltr'>τισὶν,</span> <span class='ocrx_word' id='word_1_582' title='bbox 2405 3751 2438 3822; x_wconf 84' lang='grc' dir='ltr'>ἢ</span> <span class='ocrx_word' id='word_1_583' title='bbox 2470 3750 2725 3821; x_wconf 86' lang='grc' dir='ltr'>πατρίσιν</span> <span class='ocrx_word' id='word_1_584' title='bbox 2753 3751 3030 3823; x_wconf 86' lang='grc' dir='ltr'>ἀρχαίαις,</span> <span class='ocrx_word' id='word_1_585' title='bbox 3052 3756 3160 3816; x_wconf 84' lang='grc' dir='ltr'><strong>τοίς</strong></span> <span class='ocrx_word' id='word_1_586' title='bbox 3195 3749 3653 3821; x_wconf 84' lang='grc' dir='ltr'>ἀποτεταγμένοις</span> <span class='ocrx_word' id='word_1_587' title='bbox 3691 3752 3794 3803; x_wconf 75' lang='grc' dir='ltr'><strong>αὖ·-</strong></span> 
     </span>
    </p>
   </div>
   <div class='ocr_carea' id='block_1_81' title="bbox 2211 3841 3791 3917">
    <p class='ocr_par' dir='ltr' id='par_1_81' title="bbox 2211 3841 3791 3917">
     <span class='ocr_line' id='line_1_81' title="bbox 2211 3841 3791 3917; baseline 0.001 -20"><span class='ocrx_word' id='word_1_588' title='bbox 2211 3845 2324 3907; x_wconf 85' lang='grc' dir='ltr'>τοῖς</span> <span class='ocrx_word' id='word_1_589' title='bbox 2372 3844 2470 3915; x_wconf 81' lang='grc' dir='ltr'><strong>τῆς</strong></span> <span class='ocrx_word' id='word_1_590' title='bbox 2535 3843 2809 3917; x_wconf 84' lang='grc' dir='ltr'>θαλάσσης</span> <span class='ocrx_word' id='word_1_591' title='bbox 2863 3845 3084 3916; x_wconf 80' lang='grc' dir='ltr'>μέρεσιν</span> <span class='ocrx_word' id='word_1_592' title='bbox 3138 3841 3493 3906; x_wconf 74' lang='grc' dir='ltr'>ἐναυλίζεται.</span> <span class='ocrx_word' id='word_1_593' title='bbox 3541 3843 3683 3914; x_wconf 86' lang='grc' dir='ltr'><strong>Ἤδη</strong></span> <span class='ocrx_word' id='word_1_594' title='bbox 3727 3844 3791 3899; x_wconf 84' lang='grc' dir='ltr'><strong>δέ</strong></span> 
     </span>
    </p>
   </div>
   <div class='ocr_carea' id='block_1_82' title="bbox 2212 3932 3795 4007">
    <p class='ocr_par' dir='ltr' id='par_1_82' title="bbox 2212 3932 3795 4007">
     <span class='ocr_line' id='line_1_82' title="bbox 2212 3932 3795 4007; baseline 0.001 -18"><span class='ocrx_word' id='word_1_595' title='bbox 2212 3952 2357 3999; x_wconf 89' lang='grc' dir='ltr'>τινες</span> <span class='ocrx_word' id='word_1_596' title='bbox 2414 3937 2509 3990; x_wconf 72' lang='grc' dir='ltr'>καὶ</span> <span class='ocrx_word' id='word_1_597' title='bbox 2566 3935 2960 4007; x_wconf 86' lang='grc' dir='ltr'>ἀποδημητικοί</span> <span class='ocrx_word' id='word_1_598' title='bbox 3013 3934 3120 3985; x_wconf 84' lang='grc' dir='ltr'><strong>τῶν</strong></span> <span class='ocrx_word' id='word_1_599' title='bbox 3183 3932 3399 4001; x_wconf 87' lang='grc' dir='ltr'>ἰχθύων,</span> <span class='ocrx_word' id='word_1_600' title='bbox 3443 3933 3632 4006; x_wconf 83' lang='grc' dir='ltr'>ὥσπερ</span> <span class='ocrx_word' id='word_1_601' title='bbox 3678 3936 3795 3990; x_wconf 76' lang='grc' dir='ltr'>ἀπὸ</span> 
     </span>
    </p>
   </div>
   <div class='ocr_carea' id='block_1_83' title="bbox 2214 4026 3794 4100">
    <p class='ocr_par' dir='ltr' id='par_1_83' title="bbox 2214 4026 3794 4100">
     <span class='ocr_line' id='line_1_83' title="bbox 2214 4026 3794 4100; baseline -0.001 -17"><span class='ocrx_word' id='word_1_602' title='bbox 2214 4029 2394 4083; x_wconf 78' lang='grc' dir='ltr'>κοινοῦ</span> <span class='ocrx_word' id='word_1_603' title='bbox 2441 4029 2817 4100; x_wconf 83' lang='grc' dir='ltr'>βουλευτηρίου</span> <span class='ocrx_word' id='word_1_604' title='bbox 2863 4027 3002 4097; x_wconf 78' lang='grc' dir='ltr'>πρὸς</span> <span class='ocrx_word' id='word_1_605' title='bbox 3045 4026 3142 4096; x_wconf 83' lang='grc' dir='ltr'><strong>τὴν</strong></span> <span class='ocrx_word' id='word_1_606' title='bbox 3177 4027 3474 4099; x_wconf 78' lang='grc' dir='ltr'>ὑπερορίαν</span> <span class='ocrx_word' id='word_1_607' title='bbox 3510 4029 3794 4100; x_wconf 80' lang='grc' dir='ltr'>στελλόμε-</span> 
     </span>
    </p>
   </div>
   <div class='ocr_carea' id='block_1_84' title="bbox 2223 4119 3792 4191">
    <p class='ocr_par' dir='ltr' id='par_1_84' title="bbox 2223 4119 3792 4191">
     <span class='ocr_line' id='line_1_84' title="bbox 2223 4119 3792 4191; baseline -0.003 -16"><span class='ocrx_word' id='word_1_608' title='bbox 2223 4139 2326 4187; x_wconf 90' lang='grc' dir='ltr'>νοι,</span> <span class='ocrx_word' id='word_1_609' title='bbox 2353 4123 2441 4191; x_wconf 78' lang='grc' dir='ltr'><strong>ὑφ’</strong></span> <span class='ocrx_word' id='word_1_610' title='bbox 2471 4123 2551 4175; x_wconf 72' lang='grc' dir='ltr'>ἑνὶ</span> <span class='ocrx_word' id='word_1_611' title='bbox 2587 4120 2885 4191; x_wconf 84' lang='grc' dir='ltr'>συνθήματι</span> <span class='ocrx_word' id='word_1_612' title='bbox 2927 4119 3126 4182; x_wconf 81' lang='grc' dir='ltr'>πάντες</span> <span class='ocrx_word' id='word_1_613' title='bbox 3155 4119 3500 4189; x_wconf 85' lang='grc' dir='ltr'>ἀπαίρουσιν.</span> <span class='ocrx_word' id='word_1_614' title='bbox 3537 4121 3792 4174; x_wconf 75' lang='grc' dir='ltr'>Ἐπειδὰν</span> 
     </span>
    </p>
   </div>
   <div class='ocr_carea' id='block_1_85' title="bbox 2214 4196 3787 4286">
    <p class='ocr_par' dir='ltr' id='par_1_85' title="bbox 2214 4196 3787 4286">
     <span class='ocr_line' id='line_1_85' title="bbox 2214 4196 3787 4286; baseline -0.004 -20"><span class='ocrx_word' id='word_1_615' title='bbox 2214 4212 2322 4286; x_wconf 84' lang='grc' dir='ltr'><strong>γάρ</strong></span> <span class='ocrx_word' id='word_1_616' title='bbox 2344 4196 2381 4266; x_wconf 79' lang='grc' dir='ltr'><strong>¹ὁ</strong></span> <span class='ocrx_word' id='word_1_617' title='bbox 2403 4209 2731 4281; x_wconf 84' lang='grc' dir='ltr'>τεταγμένος</span> <span class='ocrx_word' id='word_1_618' title='bbox 2754 4210 2944 4281; x_wconf 82' lang='grc' dir='ltr'>καιρὸς</span> <span class='ocrx_word' id='word_1_619' title='bbox 2983 4210 3080 4279; x_wconf 80' lang='grc' dir='ltr'>τῆς</span> <span class='ocrx_word' id='word_1_620' title='bbox 3103 4210 3353 4280; x_wconf 86' lang='grc' dir='ltr'>κυήσεως</span> <span class='ocrx_word' id='word_1_621' title='bbox 3376 4209 3452 4280; x_wconf 85' lang='grc'><strong>(6)</strong></span> <span class='ocrx_word' id='word_1_622' title='bbox 3478 4209 3787 4279; x_wconf 72' lang='grc' dir='ltr'>καταλάϐῃ,</span> 
     </span>
    </p>
   </div>
   <div class='ocr_carea' id='block_1_86' title="bbox 2213 4301 3792 4372">
    <p class='ocr_par' dir='ltr' id='par_1_86' title="bbox 2213 4301 3792 4372">
     <span class='ocr_line' id='line_1_86' title="bbox 2213 4301 3792 4372; baseline -0.004 -13"><span class='ocrx_word' id='word_1_623' title='bbox 2213 4305 2361 4359; x_wconf 78' lang='grc' dir='ltr'>ἄλλοι</span> <span class='ocrx_word' id='word_1_624' title='bbox 2393 4302 2487 4356; x_wconf 87' lang='grc' dir='ltr'>ἀπ’</span> <span class='ocrx_word' id='word_1_625' title='bbox 2539 4301 2710 4356; x_wconf 74' lang='grc' dir='ltr'>ἄλλων</span> <span class='ocrx_word' id='word_1_626' title='bbox 2743 4301 2958 4354; x_wconf 84' lang='grc' dir='ltr'>κόλπων</span> <span class='ocrx_word' id='word_1_627' title='bbox 2993 4303 3454 4372; x_wconf 66' lang='grc' dir='ltr'>μεταναστάντες,</span> <span class='ocrx_word' id='word_1_628' title='bbox 3497 4301 3573 4371; x_wconf 79' lang='grc' dir='ltr'>τῷ</span> <span class='ocrx_word' id='word_1_629' title='bbox 3622 4301 3792 4370; x_wconf 84' lang='grc' dir='ltr'>κοινῷ</span> 
     </span>
    </p>
   </div>
   <div class='ocr_carea' id='block_1_87' title="bbox 2213 4393 3792 4467">
    <p class='ocr_par' dir='ltr' id='par_1_87' title="bbox 2213 4393 3792 4467">
     <span class='ocr_line' id='line_1_87' title="bbox 2213 4393 3792 4467; baseline -0.003 -17"><span class='ocrx_word' id='word_1_630' title='bbox 2213 4398 2312 4467; x_wconf 76' lang='grc' dir='ltr'>τῆς</span> <span class='ocrx_word' id='word_1_631' title='bbox 2363 4395 2578 4464; x_wconf 77' lang='grc' dir='ltr'>φύσεως</span> <span class='ocrx_word' id='word_1_632' title='bbox 2626 4394 2774 4466; x_wconf 85' lang='grc' dir='ltr'>νόμῳ</span> <span class='ocrx_word' id='word_1_633' title='bbox 2816 4395 3214 4466; x_wconf 83' lang='grc' dir='ltr'>διεγερθέντες,</span> <span class='ocrx_word' id='word_1_634' title='bbox 3250 4394 3343 4448; x_wconf 68' lang='grc' dir='ltr'><strong>ἐπὶ</strong></span> <span class='ocrx_word' id='word_1_635' title='bbox 3390 4394 3488 4464; x_wconf 80' lang='grc' dir='ltr'>τὴν</span> <span class='ocrx_word' id='word_1_636' title='bbox 3542 4393 3792 4464; x_wconf 77' lang='grc' dir='ltr'>βορεινὴν</span> 
     </span>
    </p>
   </div>
   <div class='ocr_carea' id='block_1_88' title="bbox 2214 4486 3793 4561">
    <p class='ocr_par' dir='ltr' id='par_1_88' title="bbox 2214 4486 3793 4561">
     <span class='ocr_line' id='line_1_88' title="bbox 2214 4486 3793 4561; baseline 0 -21"><span class='ocrx_word' id='word_1_637' title='bbox 2214 4487 2521 4556; x_wconf 77' lang='grc' dir='ltr'>ἐπείγονται</span> <span class='ocrx_word' id='word_1_638' title='bbox 2560 4487 2854 4546; x_wconf 85' lang='grc' dir='ltr'>θάλασσαν.</span> <span class='ocrx_word' id='word_1_639' title='bbox 2884 4489 2992 4543; x_wconf 73' lang='grc' dir='ltr'><strong>Καὶ</strong></span> <span class='ocrx_word' id='word_1_640' title='bbox 3025 4489 3154 4552; x_wconf 71' lang='grc' dir='ltr'>ἴδοις</span> <span class='ocrx_word' id='word_1_641' title='bbox 3187 4488 3253 4542; x_wconf 81' lang='grc' dir='ltr'><strong>ἂν</strong></span> <span class='ocrx_word' id='word_1_642' title='bbox 3281 4486 3423 4541; x_wconf 78' lang='grc' dir='ltr'>κατὰ</span> <span class='ocrx_word' id='word_1_643' title='bbox 3459 4487 3551 4539; x_wconf 73' lang='grc' dir='ltr'><strong>τὸν</strong></span> <span class='ocrx_word' id='word_1_644' title='bbox 3595 4487 3793 4561; x_wconf 70' lang='grc' dir='ltr'>καιρὸν</span> 
     </span>
    </p>
   </div>
   <div class='ocr_carea' id='block_1_89' title="bbox 543 4570 2105 4653">
    <p class='ocr_par' dir='ltr' id='par_1_89' title="bbox 543 4570 2105 4646">
     <span class='ocr_line' id='line_1_89' title="bbox 543 4570 2105 4646; baseline 0.003 -20"><span class='ocrx_word' id='word_1_645' title='bbox 543 4570 807 4638; x_wconf 85' lang='lat' dir='ltr'><strong>fluentes,</strong></span> <span class='ocrx_word' id='word_1_646' title='bbox 853 4575 928 4629; x_wconf 88' lang='lat' dir='ltr'><strong>uti</strong></span> <span class='ocrx_word' id='word_1_647' title='bbox 986 4583 1278 4632; x_wconf 89' lang='lat' dir='ltr'><strong>torrentem</strong></span> <span class='ocrx_word' id='word_1_648' title='bbox 1327 4577 1618 4646; x_wconf 84' lang='lat' dir='ltr'><strong>quemdam</strong></span> <span class='ocrx_word' id='word_1_649' title='bbox 1677 4577 1860 4631; x_wconf 85' lang='lat' dir='ltr'><strong>videre</strong></span> <span class='ocrx_word' id='word_1_650' title='bbox 1916 4579 2105 4646; x_wconf 86' lang='lat' dir='ltr'><strong>possis.</strong></span> 
     </span>
    </p>
   </div>
   <div class='ocr_carea' id='block_1_90' title="bbox 2207 4570 3791 4653">
    <p class='ocr_par' dir='ltr' id='par_1_90' title="bbox 2216 4577 3791 4653">
     <span class='ocr_line' id='line_1_90' title="bbox 2216 4577 3791 4653; baseline -0.002 -19"><span class='ocrx_word' id='word_1_651' title='bbox 2216 4580 2315 4652; x_wconf 84' lang='grc' dir='ltr'>τῆς</span> <span class='ocrx_word' id='word_1_652' title='bbox 2365 4581 2550 4635; x_wconf 82' lang='grc' dir='ltr'>ἀνόδου</span> <span class='ocrx_word' id='word_1_653' title='bbox 2597 4579 2787 4653; x_wconf 83' lang='grc' dir='ltr'>ὥσπερ</span> <span class='ocrx_word' id='word_1_654' title='bbox 2834 4599 2887 4635; x_wconf 90' lang='grc' dir='ltr'><strong>τι</strong></span> <span class='ocrx_word' id='word_1_655' title='bbox 2943 4580 3119 4653; x_wconf 79' lang='grc' dir='ltr'>ῥεῦμα</span> <span class='ocrx_word' id='word_1_656' title='bbox 3176 4580 3301 4643; x_wconf 77' lang='grc' dir='ltr'>τοὺς</span> <span class='ocrx_word' id='word_1_657' title='bbox 3358 4577 3511 4650; x_wconf 82' lang='grc' dir='ltr'>ἰχθῦς</span> <span class='ocrx_word' id='word_1_658' title='bbox 3570 4577 3791 4651; x_wconf 77' lang='grc' dir='ltr'>ἡνωμέ-</span> 
     </span>
    </p>
   </div>
   <div class='ocr_carea' id='block_1_91' title="bbox 605 4681 1804 4754">
    <p class='ocr_par' dir='ltr' id='par_1_91' title="bbox 605 4681 1804 4754">
     <span class='ocr_line' id='line_1_91' title="bbox 605 4681 1804 4754; baseline 0.006 -18"><span class='ocrx_word' id='word_1_659' title='bbox 605 4681 654 4716; x_wconf 75' lang='grc'><strong>’³</strong></span> <span class='ocrx_word' id='word_1_660' title='bbox 691 4683 835 4741; x_wconf 86' lang='lat' dir='ltr'><strong>Psal.</strong></span> <span class='ocrx_word' id='word_1_661' title='bbox 867 4701 1032 4752; x_wconf 78' lang='lat' dir='ltr'><strong>vatt,</strong></span> <span class='ocrx_word' id='word_1_662' title='bbox 1064 4689 1117 4742; x_wconf 90' lang='lat'><strong>7.</strong></span> <span class='ocrx_word' id='word_1_663' title='bbox 1189 4689 1234 4720; x_wconf 76' lang='lat'><strong>&quot;</strong></span> <span class='ocrx_word' id='word_1_664' title='bbox 1270 4689 1410 4744; x_wconf 87' lang='lat' dir='ltr'><strong>Psal.</strong></span> <span class='ocrx_word' id='word_1_665' title='bbox 1447 4704 1563 4754; x_wconf 89' lang='lat' dir='ltr'><strong>cut,</strong></span> <span class='ocrx_word' id='word_1_666' title='bbox 1595 4688 1666 4744; x_wconf 73' lang='lat'><strong>25</strong></span> <span class='ocrx_word' id='word_1_667' title='bbox 1713 4689 1804 4743; x_wconf 73' lang='lat'><strong>26.</strong></span> 
     </span>
    </p>
   </div>
   <div class='ocr_carea' id='block_1_92' title="bbox 609 4795 2107 4866">
    <p class='ocr_par' dir='ltr' id='par_1_92' title="bbox 609 4795 2107 4866">
     <span class='ocr_line' id='line_1_92' title="bbox 609 4795 2107 4866; baseline 0.006 -15"><span class='ocrx_word' id='word_1_668' title='bbox 609 4795 724 4866; x_wconf 89' lang='lat'><strong>(99)</strong></span> <span class='ocrx_word' id='word_1_669' title='bbox 752 4795 826 4849; x_wconf 88' lang='lat' dir='ltr'><strong>Ita</strong></span> <span class='ocrx_word' id='word_1_670' title='bbox 855 4808 1087 4864; x_wconf 84' lang='lat' dir='ltr'><strong>quatuor</strong></span> <span class='ocrx_word' id='word_1_671' title='bbox 1113 4815 1242 4855; x_wconf 89' lang='lat' dir='ltr'><strong>mss.</strong></span> <span class='ocrx_word' id='word_1_672' title='bbox 1281 4801 1439 4856; x_wconf 68' lang='lat' dir='ltr'><strong>Deest</strong></span> <span class='ocrx_word' id='word_1_673' title='bbox 1473 4802 1727 4857; x_wconf 84' lang='lat' dir='ltr'><strong>articulus</strong></span> <span class='ocrx_word' id='word_1_674' title='bbox 1770 4803 1821 4856; x_wconf 89' lang='lat' dir='ltr'><strong>itt</strong></span> <span class='ocrx_word' id='word_1_675' title='bbox 1842 4804 2018 4859; x_wconf 88' lang='lat' dir='ltr'><strong>editis.</strong></span> <span class='ocrx_word' id='word_1_676' title='bbox 2053 4805 2107 4860; x_wconf 91' lang='lat' dir='ltr'><strong>In</strong></span> 
     </span>
    </p>
   </div>
   <div class='ocr_carea' id='block_1_93' title="bbox 541 4867 2111 4943">
    <p class='ocr_par' dir='ltr' id='par_1_93' title="bbox 541 4867 2111 4943">
     <span class='ocr_line' id='line_1_93' title="bbox 541 4867 2111 4943; baseline 0.007 -25"><span class='ocrx_word' id='word_1_677' title='bbox 541 4867 860 4943; x_wconf 30' lang='lat' dir='ltr'><strong>aliis-tribus</strong></span> <span class='ocrx_word' id='word_1_678' title='bbox 890 4883 1020 4943; x_wconf 66' lang='lat' dir='ltr'><strong>mss.</strong></span> <span class='ocrx_word' id='word_1_679' title='bbox 1053 4869 1249 4943; x_wconf 82' lang='lat' dir='ltr'><strong>legitur</strong></span> <span class='ocrx_word' id='word_1_680' title='bbox 1282 4873 1374 4925; x_wconf 73' lang='grc' dir='ltr'><strong>καὶ</strong></span> <span class='ocrx_word' id='word_1_681' title='bbox 1395 4875 1423 4925; x_wconf 87' lang='grc' dir='ltr'>ὁ</span> <span class='ocrx_word' id='word_1_682' title='bbox 1470 4871 1679 4926; x_wconf 78' lang='grc' dir='ltr'><strong>Ἰακώϐ.</strong></span> <span class='ocrx_word' id='word_1_683' title='bbox 1707 4872 1863 4927; x_wconf 80' lang='lat' dir='ltr'><strong>Colb.</strong></span> <span class='ocrx_word' id='word_1_684' title='bbox 1905 4876 2111 4943; x_wconf 82' lang='lat' dir='ltr'><strong>primus</strong></span> 
     </span>
    </p>
   </div>
   <div class='ocr_carea' id='block_1_94' title="bbox 543 4934 2112 5019">
    <p class='ocr_par' dir='ltr' id='par_1_94' title="bbox 543 4934 2112 5019">
     <span class='ocr_line' id='line_1_94' title="bbox 543 4934 2112 5019; baseline 0.005 -27"><span class='ocrx_word' id='word_1_685' title='bbox 543 4934 856 5019; x_wconf 19' lang='lat' dir='ltr'><strong>sat‘bA&#39;ltbﬁ.</strong></span> <span class='ocrx_word' id='word_1_686' title='bbox 882 4935 997 5019; x_wconf 51' lang='lat' dir='ltr'><strong>.Ncc</strong></span> <span class='ocrx_word' id='word_1_687' title='bbox 1023 4934 1336 5019; x_wconf 42' lang='lat' dir='ltr'><strong>aliter-legit</strong></span> <span class='ocrx_word' id='word_1_688' title='bbox 1360 4944 1692 5019; x_wconf 72' lang='lat' dir='ltr'><strong>Eustathius,</strong></span> <span class='ocrx_word' id='word_1_689' title='bbox 1721 4946 1808 5019; x_wconf 90' lang='lat' dir='ltr'><strong>qu_i</strong></span> <span class='ocrx_word' id='word_1_690' title='bbox 1839 4934 2112 5019; x_wconf 67' lang='lat' dir='ltr'><strong>sicjnter-</strong></span> 
     </span>
    </p>
   </div>
   <div class='ocr_carea' id='block_1_95' title="bbox 543 5005 2115 5152">
    <p class='ocr_par' dir='ltr' id='par_1_95' title="bbox 543 5005 2115 5152">
     <span class='ocr_line' id='line_1_95' title="bbox 545 5005 2115 5083; baseline 0.004 -21"><span class='ocrx_word' id='word_1_691' title='bbox 545 5016 782 5077; x_wconf 81' lang='lat' dir='ltr'><strong>pretatur</strong></span> <span class='ocrx_word' id='word_1_692' title='bbox 816 5025 831 5059; x_wconf 90' lang='lat'><strong>:</strong></span> <span class='ocrx_word' id='word_1_693' title='bbox 865 5005 1052 5060; x_wconf 74' lang='lat' dir='ltr'><strong>Justus</strong></span> <span class='ocrx_word' id='word_1_694' title='bbox 1072 5009 1201 5061; x_wconf 76' lang='lat' dir='ltr'><strong>nihil</strong></span> <span class='ocrx_word' id='word_1_695' title='bbox 1225 5005 1375 5062; x_wconf 65' lang='lat' dir='ltr'><strong>habet</strong></span> <span class='ocrx_word' id='word_1_696' title='bbox 1395 5012 1573 5078; x_wconf 80' lang='lat' dir='ltr'><strong>ﬁctum</strong></span> <span class='ocrx_word' id='word_1_697' title='bbox 1613 5005 1890 5067; x_wconf 76' lang='lat' dir='ltr'><strong>sicuiJob.</strong></span> <span class='ocrx_word' id='word_1_698' title='bbox 1925 5015 2115 5083; x_wconf 74' lang='lat' dir='ltr'><strong>Respi-</strong></span> 
     </span>
     <span class='ocr_line' id='line_1_96' title="bbox 543 5075 2109 5152; baseline 0.005 -22"><span class='ocrx_word' id='word_1_699' title='bbox 543 5079 617 5152; x_wconf 79' lang='lat' dir='ltr'><strong>cit</strong></span> <span class='ocrx_word' id='word_1_700' title='bbox 639 5075 866 5152; x_wconf 55' lang='lat' dir='ltr'><strong>insilias</strong></span> <span class='ocrx_word' id='word_1_701' title='bbox 891 5078 957 5131; x_wconf 89' lang='lat' dir='ltr'><strong>ad</strong></span> <span class='ocrx_word' id='word_1_702' title='bbox 979 5079 1134 5152; x_wconf 69' lang='lat' dir='ltr'><strong>illud,</strong></span> <span class='ocrx_word' id='word_1_703' title='bbox 1177 5079 1370 5132; x_wconf 79' lang='grc' dir='ltr'>Ἰακὼϐ</span> <span class='ocrx_word' id='word_1_704' title='bbox 1393 5081 1472 5142; x_wconf 69' lang='grc' dir='ltr'><strong>δὲ,</strong></span> <span class='ocrx_word' id='word_1_705' title='bbox 1506 5082 1786 5152; x_wconf 72' lang='grc' dir='ltr'>ἄνθρωπος</span> <span class='ocrx_word' id='word_1_706' title='bbox 1811 5083 2109 5149; x_wconf 74' lang='grc' dir='ltr'>ἄπλαστος,</span> 
     </span>
    </p>
   </div>
   <div class='ocr_carea' id='block_1_96' title="bbox 541 5145 2104 5219">
    <p class='ocr_par' dir='ltr' id='par_1_96' title="bbox 541 5145 2104 5219">
     <span class='ocr_line' id='line_1_97' title="bbox 541 5145 2104 5219; baseline 0.006 -21"><span class='ocrx_word' id='word_1_707' title='bbox 541 5146 705 5219; x_wconf 82' lang='grc' dir='ltr'>οἰκῶν</span> <span class='ocrx_word' id='word_1_708' title='bbox 731 5145 923 5219; x_wconf 63' lang='grc' dir='ltr'>οἰκίαν,</span> <span class='ocrx_word' id='word_1_709' title='bbox 961 5148 1345 5219; x_wconf 27' lang='lat' dir='ltr'><strong>Jacoohautem</strong></span> <span class='ocrx_word' id='word_1_710' title='bbox 1396 5155 1548 5204; x_wconf 65' lang='lat' dir='ltr'><strong>hoino</strong></span> <span class='ocrx_word' id='word_1_711' title='bbox 1590 5145 1828 5219; x_wconf 62' lang='grc' dir='ltr'>ι’ἰηιρίεξε,</span> <span class='ocrx_word' id='word_1_712' title='bbox 1862 5145 2104 5208; x_wconf 68' lang='lat' dir='ltr'><strong>habitatis</strong></span> 
     </span>
    </p>
   </div>
   <div class='ocr_carea' id='block_1_97' title="bbox 541 5216 2107 5289">
    <p class='ocr_par' dir='ltr' id='par_1_97' title="bbox 541 5216 2107 5289">
     <span class='ocr_line' id='line_1_98' title="bbox 541 5216 2107 5289; baseline 0.005 -21"><span class='ocrx_word' id='word_1_713' title='bbox 541 5218 755 5289; x_wconf 77' lang='lat' dir='ltr'><strong>domum</strong></span> <span class='ocrx_word' id='word_1_714' title='bbox 772 5216 1076 5289; x_wconf 43' lang='grc' dir='ltr'>(θείνων,</span> <span class='ocrx_word' id='word_1_715' title='bbox 1102 5217 1212 5286; x_wconf 72' lang='lat'><strong>27).</strong></span> <span class='ocrx_word' id='word_1_716' title='bbox 1247 5217 1515 5272; x_wconf 86' lang='lat' dir='ltr'><strong>Particula</strong></span> <span class='ocrx_word' id='word_1_717' title='bbox 1543 5219 1657 5283; x_wconf 88' lang='grc' dir='ltr'>καί,</span> <span class='ocrx_word' id='word_1_718' title='bbox 1691 5216 1836 5289; x_wconf 69' lang='lat' dir='ltr'><strong>quae,</strong></span> <span class='ocrx_word' id='word_1_719' title='bbox 1863 5233 1919 5277; x_wconf 93' lang='lat' dir='ltr'><strong>ut</strong></span> <span class='ocrx_word' id='word_1_720' title='bbox 1955 5234 2107 5278; x_wconf 88' lang='lat' dir='ltr'><strong>uota-</strong></span> 
     </span>
    </p>
   </div>
   <div class='ocr_carea' id='block_1_98' title="bbox 544 5287 2106 5357">
    <p class='ocr_par' dir='ltr' id='par_1_98' title="bbox 544 5287 2106 5357">
     <span class='ocr_line' id='line_1_99' title="bbox 544 5287 2106 5357; baseline 0.006 -20"><span class='ocrx_word' id='word_1_721' title='bbox 544 5287 743 5357; x_wconf 83' lang='lat' dir='ltr'><strong>vituus,</strong></span> <span class='ocrx_word' id='word_1_722' title='bbox 770 5288 820 5338; x_wconf 91' lang='lat' dir='ltr'><strong>in</strong></span> <span class='ocrx_word' id='word_1_723' title='bbox 852 5287 1056 5354; x_wconf 85' lang='lat' dir='ltr'><strong>aliquot</strong></span> <span class='ocrx_word' id='word_1_724' title='bbox 1092 5303 1221 5342; x_wconf 88' lang='lat' dir='ltr'><strong>mss.</strong></span> <span class='ocrx_word' id='word_1_725' title='bbox 1265 5290 1550 5357; x_wconf 82' lang='lat' dir='ltr'><strong>reperitur,</strong></span> <span class='ocrx_word' id='word_1_726' title='bbox 1585 5287 1723 5343; x_wconf 76' lang='lat' dir='ltr'><strong>fere</strong></span> <span class='ocrx_word' id='word_1_727' title='bbox 1750 5287 1879 5346; x_wconf 80' lang='lat' dir='ltr'><strong>facit</strong></span> <span class='ocrx_word' id='word_1_728' title='bbox 1921 5303 1980 5348; x_wconf 88' lang='lat' dir='ltr'><strong>ut</strong></span> <span class='ocrx_word' id='word_1_729' title='bbox 2027 5294 2106 5347; x_wconf 87' lang='lat' dir='ltr'><strong>le-</strong></span> 
     </span>
    </p>
   </div>
   <div class='ocr_carea' id='block_1_99' title="bbox 542 5356 1889 5425">
    <p class='ocr_par' dir='ltr' id='par_1_99' title="bbox 542 5356 1889 5425">
     <span class='ocr_line' id='line_1_100' title="bbox 542 5356 1889 5425; baseline 0.007 -18"><span class='ocrx_word' id='word_1_730' title='bbox 542 5356 771 5425; x_wconf 67' lang='lat' dir='ltr'><strong>gendum</strong></span> <span class='ocrx_word' id='word_1_731' title='bbox 801 5359 1043 5425; x_wconf 86' lang='lat' dir='ltr'><strong>suspicer</strong></span> <span class='ocrx_word' id='word_1_732' title='bbox 1063 5357 1244 5421; x_wconf 81' lang='grc' dir='ltr'>ὁποῖος</span> <span class='ocrx_word' id='word_1_733' title='bbox 1275 5360 1302 5411; x_wconf 85' lang='grc' dir='ltr'><strong>ό</strong></span> <span class='ocrx_word' id='word_1_734' title='bbox 1330 5356 1541 5410; x_wconf 73' lang='grc' dir='ltr'>Ἰακὼϐ</span> <span class='ocrx_word' id='word_1_735' title='bbox 1565 5360 1659 5412; x_wconf 75' lang='grc' dir='ltr'><strong>καὶ</strong></span> <span class='ocrx_word' id='word_1_736' title='bbox 1681 5361 1709 5414; x_wconf 86' lang='grc' dir='ltr'><strong>ό</strong></span> <span class='ocrx_word' id='word_1_737' title='bbox 1751 5362 1889 5417; x_wconf 79' lang='grc' dir='ltr'><strong>Ἰώὸ.</strong></span> 
     </span>
    </p>
   </div>
   <div class='ocr_carea' id='block_1_100' title="bbox 616 5423 2117 5499">
    <p class='ocr_par' dir='ltr' id='par_1_100' title="bbox 616 5423 2117 5499">
     <span class='ocr_line' id='line_1_101' title="bbox 616 5423 2117 5499; baseline 0.008 -23"><span class='ocrx_word' id='word_1_738' title='bbox 616 5423 858 5499; x_wconf 65' lang='grc'><strong>(1)(1911).</strong></span> <span class='ocrx_word' id='word_1_739' title='bbox 889 5423 1154 5499; x_wconf 72' lang='lat' dir='ltr'><strong>secundus</strong></span> <span class='ocrx_word' id='word_1_740' title='bbox 1174 5428 1280 5481; x_wconf 85' lang='grc' dir='ltr'><strong>τῶν</strong></span> <span class='ocrx_word' id='word_1_741' title='bbox 1307 5426 1558 5482; x_wconf 90' lang='grc' dir='ltr'>τοιούτων</span> <span class='ocrx_word' id='word_1_742' title='bbox 1583 5428 1802 5499; x_wconf 80' lang='grc' dir='ltr'>ἰχθύων.</span> <span class='ocrx_word' id='word_1_743' title='bbox 1834 5432 1954 5487; x_wconf 70' lang='lat' dir='ltr'><strong>Mox</strong></span> <span class='ocrx_word' id='word_1_744' title='bbox 1977 5433 2117 5489; x_wconf 82' lang='lat' dir='ltr'><strong>idem</strong></span> 
     </span>
    </p>
   </div>
   <div class='ocr_carea' id='block_1_101' title="bbox 547 5495 1114 5565">
    <p class='ocr_par' dir='ltr' id='par_1_101' title="bbox 547 5495 1114 5565">
     <span class='ocr_line' id='line_1_102' title="bbox 547 5495 1114 5565; baseline 0.002 -16"><span class='ocrx_word' id='word_1_745' title='bbox 547 5510 649 5549; x_wconf 88' lang='lat' dir='ltr'><strong>ms.</strong></span> <span class='ocrx_word' id='word_1_746' title='bbox 684 5496 775 5548; x_wconf 76' lang='grc' dir='ltr'><strong>καὶ</strong></span> <span class='ocrx_word' id='word_1_747' title='bbox 811 5495 1114 5565; x_wconf 85' lang='grc' dir='ltr'>μιμεῖσθαι.</span> 
     </span>
    </p>
   </div>
   <div class='ocr_carea' id='block_1_102' title="bbox 619 5565 2112 5636">
    <p class='ocr_par' dir='ltr' id='par_1_102' title="bbox 619 5565 2112 5636">
     <span class='ocr_line' id='line_1_103' title="bbox 619 5565 2112 5636; baseline 0.007 -18"><span class='ocrx_word' id='word_1_748' title='bbox 619 5565 696 5636; x_wconf 68' lang='grc'><strong>(2)</strong></span> <span class='ocrx_word' id='word_1_749' title='bbox 733 5565 829 5636; x_wconf 87' lang='lat' dir='ltr'><strong>Sic</strong></span> <span class='ocrx_word' id='word_1_750' title='bbox 857 5577 1090 5634; x_wconf 88' lang='lat' dir='ltr'><strong>quatuor</strong></span> <span class='ocrx_word' id='word_1_751' title='bbox 1120 5582 1246 5621; x_wconf 90' lang='lat' dir='ltr'><strong>mss.</strong></span> <span class='ocrx_word' id='word_1_752' title='bbox 1293 5566 1429 5621; x_wconf 86' lang='lat' dir='ltr'><strong>Editi</strong></span> <span class='ocrx_word' id='word_1_753' title='bbox 1457 5583 1578 5622; x_wconf 92' lang='lat' dir='ltr'><strong>cum</strong></span> <span class='ocrx_word' id='word_1_754' title='bbox 1619 5569 1825 5626; x_wconf 87' lang='lat' dir='ltr'><strong>duobus</strong></span> <span class='ocrx_word' id='word_1_755' title='bbox 1859 5587 1988 5628; x_wconf 89' lang='lat' dir='ltr'><strong>mss.</strong></span> <span class='ocrx_word' id='word_1_756' title='bbox 2044 5574 2112 5628; x_wconf 75' lang='grc' dir='ltr'>τὰ</span> 
     </span>
    </p>
   </div>
   <div class='ocr_carea' id='block_1_103' title="bbox 547 5633 2110 5710">
    <p class='ocr_par' dir='ltr' id='par_1_103' title="bbox 547 5633 2110 5710">
     <span class='ocr_line' id='line_1_104' title="bbox 547 5633 2110 5710; baseline 0.007 -22"><span class='ocrx_word' id='word_1_757' title='bbox 547 5633 604 5688; x_wconf 86' lang='grc' dir='ltr'><strong>δέ</strong></span> <span class='ocrx_word' id='word_1_758' title='bbox 627 5633 745 5687; x_wconf 58' lang='grc' dir='ltr'>τινα</span> <span class='ocrx_word' id='word_1_759' title='bbox 777 5633 1076 5710; x_wconf 43' lang='lat' dir='ltr'><strong>14.:Statittt</strong></span> <span class='ocrx_word' id='word_1_760' title='bbox 1108 5641 1236 5710; x_wconf 76' lang='lat' dir='ltr'><strong>editi</strong></span> <span class='ocrx_word' id='word_1_761' title='bbox 1266 5638 1445 5708; x_wconf 77' lang='grc' dir='ltr'>ἄπορα</span> <span class='ocrx_word' id='word_1_762' title='bbox 1479 5641 1607 5710; x_wconf 76' lang='grc' dir='ltr'>παρ’</span> <span class='ocrx_word' id='word_1_763' title='bbox 1647 5640 1894 5704; x_wconf 79' lang='grc' dir='ltr'>ἐκείνοις.</span> <span class='ocrx_word' id='word_1_764' title='bbox 1931 5645 1993 5697; x_wconf 78' lang='lat' dir='ltr'><strong>At</strong></span> <span class='ocrx_word' id='word_1_765' title='bbox 2016 5660 2110 5698; x_wconf 77' lang='lat' dir='ltr'><strong>sex</strong></span> 
     </span>
    </p>
   </div>
   <div class='ocr_carea' id='block_1_104' title="bbox 552 5707 2111 5775">
    <p class='ocr_par' dir='ltr' id='par_1_104' title="bbox 552 5707 2111 5775">
     <span class='ocr_line' id='line_1_105' title="bbox 552 5707 2111 5775; baseline 0.006 -19"><span class='ocrx_word' id='word_1_766' title='bbox 552 5720 684 5758; x_wconf 88' lang='lat' dir='ltr'><strong>mss.</strong></span> <span class='ocrx_word' id='word_1_767' title='bbox 726 5707 851 5775; x_wconf 79' lang='grc' dir='ltr'>παρ’</span> <span class='ocrx_word' id='word_1_768' title='bbox 876 5707 1097 5775; x_wconf 76' lang='grc' dir='ltr'>ἑτέροις.</span> <span class='ocrx_word' id='word_1_769' title='bbox 1131 5707 1326 5761; x_wconf 91' lang='lat' dir='ltr'><strong>Ibidetn</strong></span> <span class='ocrx_word' id='word_1_770' title='bbox 1363 5707 1526 5763; x_wconf 79' lang='lat' dir='ltr'><strong>editio</strong></span> <span class='ocrx_word' id='word_1_771' title='bbox 1551 5707 1712 5762; x_wconf 84' lang='lat' dir='ltr'><strong>Basil.</strong></span> <span class='ocrx_word' id='word_1_772' title='bbox 1738 5725 1860 5763; x_wconf 87' lang='lat' dir='ltr'><strong>cum</strong></span> <span class='ocrx_word' id='word_1_773' title='bbox 1881 5714 2026 5766; x_wconf 89' lang='lat' dir='ltr'><strong>Bodl.</strong></span> <span class='ocrx_word' id='word_1_774' title='bbox 2056 5725 2111 5766; x_wconf 87' lang='lat' dir='ltr'><strong>et</strong></span> 
     </span>
    </p>
   </div>
   <div class='ocr_carea' id='block_1_105' title="bbox 551 5777 2108 5894">
    <p class='ocr_par' dir='ltr' id='par_1_105' title="bbox 551 5777 2108 5894">
     <span class='ocr_line' id='line_1_106' title="bbox 551 5777 2108 5894; baseline 0.006 -70"><span class='ocrx_word' id='word_1_775' title='bbox 551 5789 676 5894; x_wconf 58' lang='lat' dir='ltr'><strong>gum</strong></span> <span class='ocrx_word' id='word_1_776' title='bbox 702 5789 900 5845; x_wconf 81' lang='lat' dir='ltr'><strong>septem</strong></span> <span class='ocrx_word' id='word_1_777' title='bbox 937 5777 1053 5831; x_wconf 85' lang='lat' dir='ltr'><strong>aliis</strong></span> <span class='ocrx_word' id='word_1_778' title='bbox 1080 5792 1208 5832; x_wconf 87' lang='lat' dir='ltr'><strong>mss.</strong></span> <span class='ocrx_word' id='word_1_779' title='bbox 1243 5778 1393 5830; x_wconf 73' lang='grc' dir='ltr'>οὐδὲν</span> <span class='ocrx_word' id='word_1_780' title='bbox 1427 5781 1571 5848; x_wconf 82' lang='grc' dir='ltr'>ὅρος.</span> <span class='ocrx_word' id='word_1_781' title='bbox 1598 5779 1771 5835; x_wconf 85' lang='lat' dir='ltr'><strong>Editio</strong></span> <span class='ocrx_word' id='word_1_782' title='bbox 1797 5781 1966 5839; x_wconf 78' lang='lat' dir='ltr'><strong>Paris.</strong></span> <span class='ocrx_word' id='word_1_783' title='bbox 1988 5783 2108 5838; x_wconf 74' lang='grc' dir='ltr'>οὐδὲ</span> 
     </span>
     <span class='ocr_line' id='line_1_107' title="bbox 591 5860 701 5894; baseline 0 0"><span class='ocrx_word' id='word_1_784' title='bbox 591 5860 701 5894; x_wconf 70' lang='grc' dir='ltr'>σος.</span> 
     </span>
    </p>
   </div>
   <div class='ocr_carea' id='block_1_106' title="bbox 1901 4690 2407 4758">
    <p class='ocr_par' dir='ltr' id='par_1_106' title="bbox 1901 4690 2407 4758">
     <span class='ocr_line' id='line_1_108' title="bbox 1901 4690 2407 4758; baseline 0.014 -16"><span class='ocrx_word' id='word_1_785' title='bbox 1901 4690 1947 4722; x_wconf 78' lang='grc'><strong>’⁵</strong></span> <span class='ocrx_word' id='word_1_786' title='bbox 1974 4691 2130 4748; x_wconf 89' lang='lat' dir='ltr'><strong>Prov.</strong></span> <span class='ocrx_word' id='word_1_787' title='bbox 2160 4709 2296 4758; x_wconf 78' lang='lat' dir='ltr'><strong>xxtt,</strong></span> <span class='ocrx_word' id='word_1_788' title='bbox 2314 4693 2407 4750; x_wconf 76' lang='lat'><strong>‘28.</strong></span> 
     </span>
    </p>
   </div>
   <div class='ocr_carea' id='block_1_107' title="bbox 2288 4805 3792 4878">
    <p class='ocr_par' dir='ltr' id='par_1_107' title="bbox 2288 4805 3792 4878">
     <span class='ocr_line' id='line_1_109' title="bbox 2288 4805 3792 4878; baseline 0.002 -19"><span class='ocrx_word' id='word_1_789' title='bbox 2288 4806 2365 4875; x_wconf 80' lang='grc'><strong>(5)</strong></span> <span class='ocrx_word' id='word_1_790' title='bbox 2403 4806 2546 4878; x_wconf 83' lang='lat' dir='ltr'><strong>Editi</strong></span> <span class='ocrx_word' id='word_1_791' title='bbox 2576 4823 2696 4861; x_wconf 91' lang='lat' dir='ltr'><strong>cum</strong></span> <span class='ocrx_word' id='word_1_792' title='bbox 2721 4809 2851 4878; x_wconf 84' lang='lat' dir='ltr'><strong>Reg.</strong></span> <span class='ocrx_word' id='word_1_793' title='bbox 2884 4805 3042 4878; x_wconf 81' lang='lat' dir='ltr'><strong>tertio</strong></span> <span class='ocrx_word' id='word_1_794' title='bbox 3064 4817 3255 4878; x_wconf 87' lang='lat' dir='ltr'><strong>etcum</strong></span> <span class='ocrx_word' id='word_1_795' title='bbox 3275 4805 3646 4878; x_wconf 55' lang='lat' dir='ltr'><strong>Collnprimo</strong></span> <span class='ocrx_word' id='word_1_796' title='bbox 3665 4809 3792 4862; x_wconf 77' lang='grc' dir='ltr'><strong>ἐκά-</strong></span> 
     </span>
    </p>
   </div>
   <div class='ocr_carea' id='block_1_108' title="bbox 2219 4875 3792 4948">
    <p class='ocr_par' dir='ltr' id='par_1_108' title="bbox 2219 4875 3792 4948">
     <span class='ocr_line' id='line_1_110' title="bbox 2219 4875 3792 4948; baseline 0.004 -20"><span class='ocrx_word' id='word_1_797' title='bbox 2219 4893 2363 4939; x_wconf 87' lang='grc' dir='ltr'>στοις</span> <span class='ocrx_word' id='word_1_798' title='bbox 2391 4877 2738 4948; x_wconf 86' lang='grc' dir='ltr'>ἀποκληρῶν.</span> <span class='ocrx_word' id='word_1_799' title='bbox 2765 4875 2944 4932; x_wconf 68' lang='lat' dir='ltr'><strong>Codex</strong></span> <span class='ocrx_word' id='word_1_800' title='bbox 2974 4875 3218 4932; x_wconf 81' lang='lat' dir='ltr'><strong>Combef.</strong></span> <span class='ocrx_word' id='word_1_801' title='bbox 3253 4892 3374 4931; x_wconf 88' lang='lat' dir='ltr'><strong>cum</strong></span> <span class='ocrx_word' id='word_1_802' title='bbox 3405 4877 3527 4931; x_wconf 81' lang='lat' dir='ltr'><strong>aliis</strong></span> <span class='ocrx_word' id='word_1_803' title='bbox 3555 4889 3792 4947; x_wconf 83' lang='lat' dir='ltr'><strong>quatuor</strong></span> 
     </span>
    </p>
   </div>
   <div class='ocr_carea' id='block_1_109' title="bbox 2221 4948 2728 5018">
    <p class='ocr_par' dir='ltr' id='par_1_109' title="bbox 2221 4948 2728 5018">
     <span class='ocr_line' id='line_1_111' title="bbox 2221 4948 2728 5018; baseline 0.008 -19"><span class='ocrx_word' id='word_1_804' title='bbox 2221 4961 2348 5000; x_wconf 86' lang='lat' dir='ltr'><strong>mss.</strong></span> <span class='ocrx_word' id='word_1_805' title='bbox 2375 4948 2590 5018; x_wconf 80' lang='grc' dir='ltr'>ἀποπλη</span> <span class='ocrx_word' id='word_1_806' title='bbox 2601 4948 2728 5018; x_wconf 79' lang='grc' dir='ltr'>ρῶν.</span> 
     </span>
    </p>
   </div>
   <div class='ocr_carea' id='block_1_110' title="bbox 2293 5014 3796 5086">
    <p class='ocr_par' dir='ltr' id='par_1_110' title="bbox 2293 5014 3796 5086">
     <span class='ocr_line' id='line_1_112' title="bbox 2293 5014 3796 5086; baseline 0.001 -16"><span class='ocrx_word' id='word_1_807' title='bbox 2293 5017 2372 5081; x_wconf 68' lang='grc'><strong>(4)</strong></span> <span class='ocrx_word' id='word_1_808' title='bbox 2399 5017 2562 5072; x_wconf 81' lang='lat' dir='ltr'><strong>Notat</strong></span> <span class='ocrx_word' id='word_1_809' title='bbox 2581 5014 2810 5071; x_wconf 60' lang='lat' dir='ltr'><strong>&#39;l&#39;tucatus</strong></span> <span class='ocrx_word' id='word_1_810' title='bbox 2832 5014 2931 5085; x_wconf 90' lang='lat' dir='ltr'><strong>legi</strong></span> <span class='ocrx_word' id='word_1_811' title='bbox 2964 5016 3015 5070; x_wconf 91' lang='lat' dir='ltr'><strong>in</strong></span> <span class='ocrx_word' id='word_1_812' title='bbox 3046 5016 3282 5071; x_wconf 85' lang='lat' dir='ltr'><strong>editione</strong></span> <span class='ocrx_word' id='word_1_813' title='bbox 3307 5015 3592 5072; x_wconf 82' lang='lat' dir='ltr'><strong>Basiliensi</strong></span> <span class='ocrx_word' id='word_1_814' title='bbox 3618 5029 3796 5086; x_wconf 84' lang='lat' dir='ltr'><strong>poste-</strong></span> 
     </span>
    </p>
   </div>
   <div class='ocr_carea' id='block_1_111' title="bbox 2222 5085 3793 5159">
    <p class='ocr_par' dir='ltr' id='par_1_111' title="bbox 2222 5085 3793 5159">
     <span class='ocr_line' id='line_1_113' title="bbox 2222 5085 3793 5159; baseline 0.001 -20"><span class='ocrx_word' id='word_1_815' title='bbox 2222 5085 2351 5159; x_wconf 82' lang='lat' dir='ltr'><strong>riori</strong></span> <span class='ocrx_word' id='word_1_816' title='bbox 2384 5087 2790 5159; x_wconf 85' lang='grc' dir='ltr'>παραπείνομεν</span> <span class='ocrx_word' id='word_1_817' title='bbox 2811 5127 2828 5152; x_wconf 90' lang='grc'><strong>,</strong></span> <span class='ocrx_word' id='word_1_818' title='bbox 2861 5091 3043 5159; x_wconf 75' lang='lat' dir='ltr'><strong>aitque</strong></span> <span class='ocrx_word' id='word_1_819' title='bbox 3072 5086 3394 5159; x_wconf 65' lang='lat' dir='ltr'><strong>Corum-ium</strong></span> <span class='ocrx_word' id='word_1_820' title='bbox 3427 5089 3564 5141; x_wconf 88' lang='lat' dir='ltr'><strong>male</strong></span> <span class='ocrx_word' id='word_1_821' title='bbox 3612 5103 3793 5141; x_wconf 86' lang='lat' dir='ltr'><strong>emen-</strong></span> 
     </span>
    </p>
   </div>
   <div class='ocr_carea' id='block_1_112' title="bbox 2222 5154 3790 5230">
    <p class='ocr_par' dir='ltr' id='par_1_112' title="bbox 2222 5154 3790 5230">
     <span class='ocr_line' id='line_1_114' title="bbox 2222 5154 3790 5230; baseline 0 -22"><span class='ocrx_word' id='word_1_822' title='bbox 2222 5157 2398 5222; x_wconf 84' lang='lat' dir='ltr'><strong>dasse,</strong></span> <span class='ocrx_word' id='word_1_823' title='bbox 2422 5154 2540 5211; x_wconf 79' lang='lat' dir='ltr'><strong>cunt</strong></span> <span class='ocrx_word' id='word_1_824' title='bbox 2572 5174 2634 5211; x_wconf 80' lang='lat' dir='ltr'><strong>ex</strong></span> <span class='ocrx_word' id='word_1_825' title='bbox 2688 5154 3095 5230; x_wconf 72' lang='grc' dir='ltr'>παραπείνομεν</span> <span class='ocrx_word' id='word_1_826' title='bbox 3135 5155 3337 5230; x_wconf 14' lang='grc' dir='ltr'>θίΐθείιᾲ</span> <span class='ocrx_word' id='word_1_827' title='bbox 3365 5159 3790 5230; x_wconf 77' lang='grc' dir='ltr'>παρατείνομεν,</span> 
     </span>
    </p>
   </div>
   <div class='ocr_carea' id='block_1_113' title="bbox 2215 5226 3789 5296">
    <p class='ocr_par' dir='ltr' id='par_1_113' title="bbox 2215 5226 3789 5296">
     <span class='ocr_line' id='line_1_115' title="bbox 2215 5226 3789 5296; baseline 0.004 -20"><span class='ocrx_word' id='word_1_828' title='bbox 2215 5231 2534 5294; x_wconf 75' lang='lat' dir='ltr'><strong>ampliam’us</strong></span> <span class='ocrx_word' id='word_1_829' title='bbox 2581 5226 2798 5280; x_wconf 55' lang='lat' dir='ltr'><strong>terram&quot;.</strong></span> <span class='ocrx_word' id='word_1_830' title='bbox 2849 5226 3115 5280; x_wconf 67' lang='lat' dir='ltr'><strong>Caeterum</strong></span> <span class='ocrx_word' id='word_1_831' title='bbox 3145 5227 3340 5296; x_wconf 12' lang='lat' dir='ltr'><strong>illucati</strong></span> <span class='ocrx_word' id='word_1_832' title='bbox 3375 5226 3601 5282; x_wconf 77' lang='lat' dir='ltr'><strong>Codices</strong></span> <span class='ocrx_word' id='word_1_833' title='bbox 3635 5242 3789 5296; x_wconf 65' lang='lat' dir='ltr'><strong>teque</strong></span> 
     </span>
    </p>
   </div>
   <div class='ocr_carea' id='block_1_114' title="bbox 2214 5295 3501 5368">
    <p class='ocr_par' dir='ltr' id='par_1_114' title="bbox 2214 5295 3501 5368">
     <span class='ocr_line' id='line_1_116' title="bbox 2214 5295 3501 5368; baseline 0.002 -22"><span class='ocrx_word' id='word_1_834' title='bbox 2214 5308 2278 5348; x_wconf 85' lang='lat' dir='ltr'><strong>ac</strong></span> <span class='ocrx_word' id='word_1_835' title='bbox 2298 5298 2478 5368; x_wconf 78' lang='lat' dir='ltr'><strong>nostri</strong></span> <span class='ocrx_word' id='word_1_836' title='bbox 2498 5299 2718 5368; x_wconf 77' lang='lat' dir='ltr'><strong>habent</strong></span> <span class='ocrx_word' id='word_1_837' title='bbox 2740 5295 3224 5368; x_wconf 81' lang='grc' dir='ltr'>παρατεμνόμεθα,</span> <span class='ocrx_word' id='word_1_838' title='bbox 3247 5313 3501 5368; x_wconf 55' lang='lat' dir='ltr'><strong>secantes.</strong></span> 
     </span>
    </p>
   </div>
   <div class='ocr_carea' id='block_1_115' title="bbox 2286 5365 3790 5438">
    <p class='ocr_par' dir='ltr' id='par_1_115' title="bbox 2286 5365 3790 5438">
     <span class='ocr_line' id='line_1_117' title="bbox 2286 5365 3790 5438; baseline 0.001 -20"><span class='ocrx_word' id='word_1_839' title='bbox 2286 5367 2364 5438; x_wconf 83' lang='grc'><strong>(5)</strong></span> <span class='ocrx_word' id='word_1_840' title='bbox 2395 5367 2624 5438; x_wconf 74' lang='lat' dir='ltr'><strong>codices</strong></span> <span class='ocrx_word' id='word_1_841' title='bbox 2661 5365 2882 5438; x_wconf 65' lang='lat' dir='ltr'><strong>aliquot</strong></span> <span class='ocrx_word' id='word_1_842' title='bbox 2951 5365 3093 5438; x_wconf 70' lang='lat' dir='ltr'><strong>cuni</strong></span> <span class='ocrx_word' id='word_1_843' title='bbox 3129 5369 3376 5438; x_wconf 84' lang='lat' dir='ltr'><strong>editione</strong></span> <span class='ocrx_word' id='word_1_844' title='bbox 3421 5365 3584 5420; x_wconf 87' lang='lat' dir='ltr'><strong>Basil.</strong></span> <span class='ocrx_word' id='word_1_845' title='bbox 3649 5384 3790 5438; x_wconf 87' lang='grc' dir='ltr'>παρ-</span> 
     </span>
    </p>
   </div>
   <div class='ocr_carea' id='block_1_116' title="bbox 2223 5436 3787 5559">
    <p class='ocr_par' dir='ltr' id='par_1_116' title="bbox 2223 5436 3787 5559">
     <span class='ocr_line' id='line_1_118' title="bbox 2223 5436 3787 5559; baseline 0.003 -71"><span class='ocrx_word' id='word_1_846' title='bbox 2223 5436 2417 5559; x_wconf 49' lang='grc' dir='ltr'>αέἑαις.</span> <span class='ocrx_word' id='word_1_847' title='bbox 2451 5437 2624 5491; x_wconf 78' lang='lat' dir='ltr'><strong>Editio</strong></span> <span class='ocrx_word' id='word_1_848' title='bbox 2658 5436 2825 5493; x_wconf 87' lang='lat' dir='ltr'><strong>Paris.</strong></span> <span class='ocrx_word' id='word_1_849' title='bbox 2853 5452 2977 5491; x_wconf 91' lang='lat' dir='ltr'><strong>cum</strong></span> <span class='ocrx_word' id='word_1_850' title='bbox 3008 5437 3127 5490; x_wconf 90' lang='lat' dir='ltr'><strong>aliis</strong></span> <span class='ocrx_word' id='word_1_851' title='bbox 3152 5437 3469 5505; x_wconf 85' lang='lat' dir='ltr'><strong>quibusdam</strong></span> <span class='ocrx_word' id='word_1_852' title='bbox 3488 5453 3614 5492; x_wconf 86' lang='lat' dir='ltr'><strong>mss.</strong></span> <span class='ocrx_word' id='word_1_853' title='bbox 3642 5436 3787 5510; x_wconf 87' lang='grc' dir='ltr'>παρ-</span> 
     </span>
     <span class='ocr_line' id='line_1_119' title="bbox 2223 5523 2409 5559; baseline 0 0"><span class='ocrx_word' id='word_1_854' title='bbox 2223 5523 2257 5559; x_wconf 89' lang='grc' dir='ltr'><strong>α</strong></span> <span class='ocrx_word' id='word_1_855' title='bbox 2311 5524 2409 5559; x_wconf 73' lang='lat' dir='ltr'><strong>occ.</strong></span> 
     </span>
    </p>
   </div>
   <div class='ocr_carea' id='block_1_117' title="bbox 2223 5508 2409 5569">
    <p class='ocr_par' dir='ltr' id='par_1_117' title="bbox 2223 5508 2409 5569">
     <span class='ocr_line' id='line_1_120' title="bbox 2223 5508 2409 5569; baseline 0.011 -9"><span class='ocrx_word' id='word_1_856' title='bbox 2223 5508 2409 5569; x_wconf 88' lang='grc' dir='ltr'>αλίοις.</span> 
     </span>
    </p>
   </div>
   <div class='ocr_carea' id='block_1_118' title="bbox 2295 5576 3789 5649">
    <p class='ocr_par' dir='ltr' id='par_1_118' title="bbox 2295 5576 3789 5649">
     <span class='ocr_line' id='line_1_121' title="bbox 2295 5576 3789 5649; baseline 0.001 -19"><span class='ocrx_word' id='word_1_857' title='bbox 2295 5577 2369 5646; x_wconf 87' lang='grc'><strong>(6)</strong></span> <span class='ocrx_word' id='word_1_858' title='bbox 2402 5576 2769 5649; x_wconf 70' lang='grc' dir='ltr'><strong>ΕάίιῑοΒοεὶἰ.</strong></span> <span class='ocrx_word' id='word_1_859' title='bbox 2799 5577 2990 5649; x_wconf 73' lang='grc' dir='ltr'>καιρὸς</span> <span class='ocrx_word' id='word_1_860' title='bbox 3023 5577 3120 5647; x_wconf 86' lang='grc' dir='ltr'>τῆς</span> <span class='ocrx_word' id='word_1_861' title='bbox 3149 5578 3438 5647; x_wconf 81' lang='grc' dir='ltr'>κινήσεως,</span> <span class='ocrx_word' id='word_1_862' title='bbox 3469 5587 3523 5649; x_wconf 86' lang='lat' dir='ltr'><strong>et</strong></span> <span class='ocrx_word' id='word_1_863' title='bbox 3551 5578 3624 5630; x_wconf 87' lang='lat' dir='ltr'><strong>ita</strong></span> <span class='ocrx_word' id='word_1_864' title='bbox 3654 5577 3789 5648; x_wconf 76' lang='lat' dir='ltr'><strong>legit</strong></span> 
     </span>
    </p>
   </div>
   <div class='ocr_carea' id='block_1_119' title="bbox 2222 5647 3789 5715">
    <p class='ocr_par' dir='ltr' id='par_1_119' title="bbox 2222 5647 3789 5715">
     <span class='ocr_line' id='line_1_122' title="bbox 2222 5647 3789 5715; baseline 0 -14"><span class='ocrx_word' id='word_1_865' title='bbox 2222 5647 2529 5701; x_wconf 87' lang='lat' dir='ltr'><strong>Corttarius.</strong></span> <span class='ocrx_word' id='word_1_866' title='bbox 2569 5648 2672 5700; x_wconf 87' lang='lat' dir='ltr'><strong>Sed</strong></span> <span class='ocrx_word' id='word_1_867' title='bbox 2732 5648 2861 5701; x_wconf 91' lang='lat' dir='ltr'><strong>Duc.</strong></span> <span class='ocrx_word' id='word_1_868' title='bbox 2895 5647 3123 5715; x_wconf 86' lang='lat' dir='ltr'><strong>uterque</strong></span> <span class='ocrx_word' id='word_1_869' title='bbox 3178 5659 3232 5700; x_wconf 84' lang='lat' dir='ltr'><strong>et</strong></span> <span class='ocrx_word' id='word_1_870' title='bbox 3273 5648 3482 5715; x_wconf 72' lang='lat' dir='ltr'><strong>Anglici</strong></span> <span class='ocrx_word' id='word_1_871' title='bbox 3541 5663 3672 5702; x_wconf 88' lang='lat' dir='ltr'><strong>mss.</strong></span> <span class='ocrx_word' id='word_1_872' title='bbox 3722 5647 3789 5701; x_wconf 27' lang='lat' dir='ltr'><strong>’ct</strong></span> 
     </span>
    </p>
   </div>
   <div class='ocr_carea' id='block_1_120' title="bbox 2222 5716 3788 5788">
    <p class='ocr_par' dir='ltr' id='par_1_120' title="bbox 2222 5716 3788 5788">
     <span class='ocr_line' id='line_1_123' title="bbox 2222 5716 3788 5788; baseline 0.002 -18"><span class='ocrx_word' id='word_1_873' title='bbox 2222 5716 2460 5788; x_wconf 75' lang='lat' dir='ltr'><strong>Combef.</strong></span> <span class='ocrx_word' id='word_1_874' title='bbox 2485 5732 2605 5770; x_wconf 92' lang='lat' dir='ltr'><strong>cum</strong></span> <span class='ocrx_word' id='word_1_875' title='bbox 2653 5733 2747 5771; x_wconf 72' lang='lat' dir='ltr'><strong>sex</strong></span> <span class='ocrx_word' id='word_1_876' title='bbox 2780 5719 2980 5770; x_wconf 87' lang='lat' dir='ltr'><strong>nostris</strong></span> <span class='ocrx_word' id='word_1_877' title='bbox 3007 5717 3198 5788; x_wconf 84' lang='grc' dir='ltr'>καιρὸς</span> <span class='ocrx_word' id='word_1_878' title='bbox 3246 5718 3342 5787; x_wconf 84' lang='grc' dir='ltr'><strong>τῆς</strong></span> <span class='ocrx_word' id='word_1_879' title='bbox 3376 5719 3639 5788; x_wconf 77' lang='grc' dir='ltr'>κυήσεως.</span> <span class='ocrx_word' id='word_1_880' title='bbox 3681 5718 3788 5774; x_wconf 78' lang='lat' dir='ltr'><strong>Nec</strong></span> 
     </span>
    </p>
   </div>
   <div class='ocr_carea' id='block_1_121' title="bbox 2225 5786 3434 5856">
    <p class='ocr_par' dir='ltr' id='par_1_121' title="bbox 2225 5786 3434 5856">
     <span class='ocr_line' id='line_1_124' title="bbox 2225 5786 3434 5856; baseline 0.002 -16"><span class='ocrx_word' id='word_1_881' title='bbox 2225 5788 2377 5840; x_wconf 90' lang='lat' dir='ltr'><strong>aliter</strong></span> <span class='ocrx_word' id='word_1_882' title='bbox 2403 5786 2645 5856; x_wconf 86' lang='lat' dir='ltr'><strong>legerunt</strong></span> <span class='ocrx_word' id='word_1_883' title='bbox 2674 5789 2985 5844; x_wconf 82' lang='lat' dir='ltr'><strong>Ambrosius</strong></span> <span class='ocrx_word' id='word_1_884' title='bbox 3010 5798 3064 5842; x_wconf 84' lang='lat' dir='ltr'><strong>et</strong></span> <span class='ocrx_word' id='word_1_885' title='bbox 3099 5786 3434 5842; x_wconf 72' lang='lat' dir='ltr'><strong>Eustathius.</strong></span> 
     </span>
    </p>
   </div>
  </div>
