4062 6456
287 393 394 447 157

1392 387 1680 444 HOMILIA
1720 386 1814 442 VII
1853 387 1918 441 IN
1959 386 2453 442 HEXAEMERON.

3453 394 3554 448 1338

277 521 410 567 ·νους
444 501 543 569 (7),
573 499 668 553 καὶ
697 499 784 552 διὰ
815 499 913 570 τῆς
956 500 1313 572 Προποντίδος
1351 500 1444 553 ἐπὶ
1483 499 1575 551 τὸν
1615 498 1861 564 Εὔξεινον

1971 496 2167 566 Ecquis
2197 500 2420 554 movet?
2444 499 2715 567 quodnam
2738 510 2824 557 est
2852 503 2992 571 regis
3025 504 3350 575 imperium?
3375 515 3553 581 qualia

287 596 528 667 ῥέοντας.
571 591 667 654 Τίς
703 592 732 643 6
766 592 962 656 κινῶν;
1000 595 1149 646 ποῖον
1195 592 1522 664 πρόσταγμα
1566 591 1860 661 βασιλέως;

283 690 416 742 ποῖα
447 685 840 756 διαγράμματα
872 685 994 737 κατ’
1029 685 1235 756 ἀγορὰν
1263 683 1567 754 ἡπλωμένα
1597 683 1695 753 τὴν
1738 700 1865 753 προ-

283 779 516 848 θεσμίαν
568 776 754 847 δηλοῖ;
811 777 860 829 οἱ
920 775 1270 844 ξεναγοῦντες
1324 775 1506 838 τίνεςς
1550 774 1712 844 Ὁρᾷς
1765 772 1863 842 τὴν

282 873 437 927 Θείαν
482 871 724 935 διάταξιν
770 871 947 924 πάντα
980 869 1314 941 πληροῦσαν,
1366 870 1458 923 κα)¹
1507 871 1593 923 διὰ
1634 869 1740 921 τῶν
1778 887 1864 939 μι-

282 962 566 1033 κροτάτων
600 961 913 1033 διήκουσαν.
975 960 1149 1030 ’ἰχθὺς
1215 962 1316 1013 οὐκ
1379 960 1646 1028 ἀντιλέγει
1711 960 1862 1031 νόμῳ

281 1056 442 1120 Θεοῦ,
478 1056 572 1108 καὶ
607 1054 879 1126 ἄνθρωποι
913 1052 1194 1124 σωτηρίων
1232 1053 1576 1124 διδαγμάτων
1622 1053 1722 1106 οὐκ
1771 1055 1865 1106 ἁνο

281 1148 541 1219 εχόμεθα.
580 1146 670 1218 Μὴ
704 1145 1034 1216 καταφρόνει
1060 1145 1168 1199 τῶν
1197 1145 1415 1216 ἰχθύων,
1444 1145 1629 1217 ἐπειδὴ
1675 1147 1864 1214 ἄφωνα

283 1241 380 1293 καὶ
423 1239 594 1308 ἄλογα
641 1237 946 1299 παντελῶςο
1000 1237 1137 1292 ἀλλά
1186 1237 1351 1307 φοϐοῦ
1402 1238 1477 1309 μὴ
1519 1238 1612 1290 καὶ
1661 1237 1864 1292 τούτων

282 1332 621 1403 ἀλογώτερος
648 1327 732 1401 ᾖς,
773 1333 840 1400 τῇ
872 1329 1100 1402 διαταγῇ
1145 1330 1239 1385 τοῦ
1279 1331 1565 1394 κτίσαντος
1608 1331 1864 1384 ἀνθιστά-

287 1443 468 1495 μενος.
496 1427 692 1476 Ἀκουε
729 1422 836 1475 τῶν
880 1423 1078 1493 ἰχθύων
1143 1424 1422 1494 μονονουχὶ
1464 1423 1646 1494 φωνὴν
1678 1423 1866 1492 ἀφιέν-

281 1535 393 1572 των
425 1517 490 1570 δι’
531 1509 604 1568 ὧν
653 1515 919 1580 ποιοῦσιν,
969 1517 1074 1568 ὃτι’
1118 1515 1212 1578 Εἰς
1260 1515 1518 1586 διαμονὴν
1552 1515 1646 1566 τοῦ
1675 1515 1865 1582 γένους

281 1611 383 1680 τὴν
450 1605 665 1678 μακρὰν
716 1607 922 1676 ταύτην
975 1606 1283 1677 ἀποδημίαν
1337 1604 1688 1677 στελλόμεθα.
1744 1605 1858 1658 υῦκ

281 1702 498 1771 ἔχουσιν
531 1699 658 1751 ἴδιον
691 1699 848 1766 λόγον
868 1715 882 1728 °
932 1698 1116 1769 ἔχουσι
1157 1698 1214 1751 δὲ
1257 1696 1348 1750 τὸν
1381 1698 1478 1766 τῆς
1529 1697 1742 1766 φύσεως
1774 1697 1862 1749 νό-

285 1807 388 1860 μον
421 1787 653 1860 ἰσχυρῶς
687 1789 1055 1860 ἐνιδρυμένον,
1098 1790 1192 1841 καὶ
1237 1788 1299 1840 τὸ
1330 1788 1600 1857 πρακτέον
1648 1787 1862 1839 ὑποδει-

282 1881 504 1935 κνύντα.
563 1882 896 1952 Βαδίσωμεν,
942 1883 1136 1950 φασὶν,
1195 1881 1288 1933 ἐπὶ
1340 1880 1402 1932 τὸ
1449 1879 1656 1950 βόρειον
1696 1879 1861 1932 πέλα-

279 1989 379 2041 γος
411 1972 510 2041 (8).
543 1972 878 2044 Γλυκύτερον
909 1972 1016 2044 γάρ
1047 1974 1143 2042 τῆς
1171 1972 1361 2042 λοιπῆς
1388 1971 1665 2044 θαλάσσης
1691 1975 1865 2028 ἐκεῖνο

278 2065 344 2119 τὸ
397 2066 562 2137 ὕδωρ,
615 2066 746 2118 διότι
803 2067 890 2117 ἐπ’
930 2066 1110 2133 ὀλίγον
1162 2065 1298 2136 αὐτῇ
1359 2065 1789 2138 προσδιατρίϐων
1837 2070 1865 2121 6

279 2157 463 2228 ἥλιος,
515 2160 614 2210 οὐκ
663 2157 844 2226 ἐξάγει
883 2156 1053 2226 αὐτῆς
1097 2156 1217 2209 ὅλον
1264 2157 1351 2210 διὰ
1399 2158 1500 2228 τῆς
1551 2159 1766 2222 ἀκτῖνος
1805 2158 1866 2211 τὸ

281 2252 536 2320 πότιμον.
577 2249 771 2320 Χαίρει
803 2248 859 2300 δὲ
886 2251 1000 2310 τοῖς
1036 2248 1260 2316 γλυκέσι
1315 2250 1409 2302 καὶ
1449 2251 1516 2304 τὰ
1563 2250 1859 2303 θαλάσσια·

279 2343 403 2397 ὅθεν
436 2343 530 2394 καὶ
561 2343 655 2394 ἐπὶ
703 2343 828 2404 τοὺς
879 2342 1160 2411 ποταμοὺς
1206 2344 1532 2413 ἀνανήχεται
1583 2342 1862 2408 πολλάκις,

282 2437 379 2489 καὶ
414 2436 604 2508 πόρρω
645 2435 923 2506 Θαλάσσης
961 2437 1205 2509 φέρεται.
1249 2438 1342 2488 Ἐκ
1380 2436 1571 2489 τούτου
1604 2439 1863 2508 προτιμό-

279 2545 439 2597 τερος
477 2529 661 2592 αὐτοῖς
695 2531 721 2581 6
751 2529 953 2590 Πόντος
983 2529 1092 2580 τῶν
1130 2528 1329 2580 λοιπῶν
1359 2529 1473 2580 ἐστι
1521 2528 1756 2592 κόλπων,
1787 2531 1862 2594 ὡς

281 2619 587 2689 ἐπιτήδειος
642 2621 1010 2689 ὲναποκυῆσαι
1063 2619 1156 2671 καὶ
1211 2619 1472 2692 ἐκθρέψαι
1528 2621 1595 2675 τά
1643 2621 1862 2689 ἔκγονα.

295 2707 541 2761 Ἐπειδὰν
601 2707 658 2760 δὲ
704 2708 766 2760 τὸ
816 2709 1245 2778 σπουδαζόμενον
1291 2712 1602 2782 ἀρκούντως
1659 2713 1864 2783 ἐκπλη-

284 2799 468 2872 ρωθῇ,
511 2801 671 2853 πάλιν
726 2801 1000 2873 πανδημεὶ
1055 2804 1255 2868 πάντες
1303 2806 1736 2874 ὑποστρέφουσιν
1787 2806 1863 2857 οἴ-

284 2893 434 2948 καδε.
467 2895 576 2947 Καὶ
630 2895 712 2955 τίς
754 2895 782 2947 6
828 2895 1004 2963 λόγος,
1053 2897 1376 2968 ἀκούσωμεν
1432 2897 1582 2968 παρά
1637 2897 1710 2967 (9)
1758 2897 1864 2950 τῶν

285 2985 631 3040 σιωπώντων.
673 2988 1040 3052 Ἐπιπόλαιος,
1074 2991 1255 3056 φασὶν,
1283 2992 1314 3059 ἡ
1351 2989 1562 3060 βορεινὴ
1597 2989 1860 3055 θάλασσα,

282 3080 377 3133 καὶ
412 3080 578 3132 ὑπτία
614 3079 950 3149 προκειμένη
983 3079 1092 3131 τῶν
1126 3081 1342 3148 ἀνέμων
1377 3083 1495 3143 ταῖς
1542 3080 1719 3150 βίαις,
1756 3081 1864 3133 όλί-

281 3191 386 3242 γας
433 3173 604 3233 ἀκτὰς
638 3171 730 3223 καὶ
774 3170 1084 3242 ὑποδρομὰς
1118 3171 1229 3242 (10)
1270 3171 1487 3242 ἔχουσα.
1535 3173 1624 3225 Διὸ
1672 3174 1764 3226 καὶ
1799 3176 1863 3226 ἐκ
1890 3205 1931 3260 C

283 3265 560 3335 πυθμένος
596 3264 644 3315 οἱ
693 3264 882 3334 ἄνεμοι
942 3264 1140 3337 ῥᾳδίως
1198 3265 1364 3337 αὐτὴν
1413 3267 1860 3338 ἀναστρέφουσιν,

281 3358 359 3419 ὡς
395 3356 488 3409 καὶ
511 3356 610 3426 τὴν
653 3355 840 3425 βυθίαν
884 3356 1109 3428 ψάμμον
1140 3361 1252 3422 τοῖς
1295 3357 1534 3428 κύμασιν
1565 3361 1865 3430 ἀναμίγνυ-

282 3447 429 3500 σθαι.
468 3446 626 3499 ’Λλλά
667 3447 760 3499 καὶ
793 3445 975 3516 ψυχρὰ
1009 3447 1274 3516 χειμῶνος
1314 3446 1466 3518 ὥρα,
1515 3448 1618 3499 ὑπὸ
1653 3448 1862 3500 πολλῶν

281 3539 378 3592 καὶ
413 3539 662 3608 μεγάλων
712 3538 974 3608 ποταμῶν
1027 3537 1399 3609 πληρουμένη.
1431 3538 1529 3591 Διά
1567 3538 1727 3591 τοῦτο
1775 3542 1862 3608 ἐφ’

278 3634 404 3684 ὅσον
449 3633 668 3701 μέτριον
711 3631 1113 3694 ἀπολαύσαντες
1154 3631 1324 3702 αὐτῆς
1364 3633 1421 3684 ὲν
1453 3631 1528 3702 τῷ
1561 3631 1731 3705 θέρει,
1766 3633 1864 3687 πά-

277 3723 364 3778 λιν
392 3724 657 3795 χειμῶνος
691 3724 781 3776 ἐπὶ
813 3724 912 3796 τὴν
944 3727 1000 3779 ὲν
1027 3724 1102 3795 τῷ
1133 3723 1278 3796 βυθῷ
1318 3724 1481 3778 ἀλέαν
1520 3726 1565 3795 (ἰ
1586 3726 1630 3796 ἰ)
1665 3729 1758 3779 καὶ¹
1797 3727 1865 3780 τά

278 3816 550 3888 προσήλια
580 3817 689 3870 τῶν
721 3818 934 3889 χωρίων
975 3817 1317 3885 ἐπείγονται,
1361 3818 1452 3870 καὶ
1496 3818 1760 3885 φυγόντες
1804 3819 1865 3871 τό

275 3909 582 3980 δυσήνεμον
607 3909 714 3962 τῶν
742 3908 1026 3979 ἀρκτῴων,
1050 3913 1160 3973 τοῖς
1187 3910 1272 3962 ἐπ’
1301 3907 1518 3960 ἔλαττον
1541 3910 1864 3980 τινασσομέ-

279 4017 395 4062 νοις
424 4000 646 4063 κόλποις
681 3999 1192 4071 ὲγκαθορμίζονται.

349 4092 404 4145 5.
445 4087 597 4144 Εἶδον
642 4091 814 4145 ταῦτα
859 4091 988 4161 ἐγὼ,
1029 4094 1122 4145 καὶ
1172 4093 1269 4165 τὴν
1302 4095 1360 4147 ἐν
1393 4095 1525 4148 πᾶσι
1574 4093 1667 4148 τοῦ
1724 4093 1859 4147 θεοῦ

276 4185 469 4253 σοφίαν
506 4183 811 4255 ἐθαύμασα.
857 4187 920 4239 Εἰ
954 4185 1022 4238 τὰ
1063 4185 1232 4254 ἄλογα
1272 4187 1591 4256 ἐπινοητικά
1623 4189 1718 4239 καὶ
1763 4205 1862 4256 φυ-

273 4274 513 4328 λακτικά
552 4276 651 4346 τῆς
686 4276 821 4340 ἰδίας
857 4276 1035 4330 αὐτῶν
1068 4277 1363 4348 σωτηρίας,
1400 4279 1495 4332 καὶ
1527 4273 1634 4330 οἶδε
1683 4278 1744 4331 τὸ
1773 4280 1859 4330 αἱ-

277 4367 432 4438 ρετὸν
474 4367 622 4437 αὐτῷ
675 4370 770 4422 καὶ
818 4371 877 4422 τὸ
929 4370 1161 4438 φευκτὸν
1209 4372 1237 4422 6
1284 4371 1464 4439 ιχθύς·
1513 4370 1567 4423 τί
1624 4371 1860 4442 ἐροῦμεν

271 4459 436 4527 ἡμεῖς
487 4459 537 4511 οἰ
569 4459 711 4530 λόγῳ
761 4460 1133 4531 τετιμημένοι,
1170 4463 1261 4514 καὶ
1294 4463 1443 4532 νόμῳ
1492 4463 1859 4532 πεπαιδευμέ-

1966 590 2146 644 edicta
2190 592 2240 644 in
2291 591 2406 646 foro
2441 591 2707 660 exposita,
2770 596 3092 663 prmﬁuitum
3154 607 3365 670 tempus
3418 604 3556 658 indi-

1965 682 2134 735 cant?
2185 686 2275 751 qui
2330 691 2454 735 sunt
2491 683 2756 750 hospitum
2793 689 3231 759 advenarumque
3262 694 3560 752 ductores?

1969 774 2131 828 Vides
2183 775 2421 828 divinam
2456 775 2854 839 ordinationem
2925 791 3116 834 cuncta
3169 785 3554 856 complentem,

1966 877 2128 936 atque
2162 883 2259 937 per
2288 870 2649 924 minutissima
2704 872 3110 940 pervadentem.
3157 875 3328 932 Piscis
3360 878 3558 935 divinae

1968 958 2072 1028 legi
2103 975 2209 1014 non
2249 960 2588 1028 adversatur,
2621 979 2716 1018 nos
2758 979 2884 1021 vero
2913 965 3242 1024 salutaribus
3272 976 3556 1043 praeceptis

1967 1070 2071 1108 non
2103 1055 2473 1123 obsequimur.
2507 1056 2648 1112 Cave
2681 1061 2856 1127 pisces
2886 1063 3215 1129 asperneris,
3241 1066 3385 1133 quod
3421 1066 3556 1121 muti

1967 1156 2110 1210 suut,
2134 1157 2186 1201 et
2215 1149 2434 1202 omnino
2473 1151 2698 1205 rationis
2732 1152 2840 1222 67
2872 1163 3158 1222 expertes:
3185 1157 3279 1209 sed
3305 1156 3456 1220 time,
3487 1173 3556 1212 ne

1965 1235 2127 1288 etiam
2157 1235 2240 1290 his
2269 1236 2496 1292 inferior
2528 1240 2604 1293 sis
2631 1243 2857 1304 ratione,
2902 1241 3227 1297 ordiuationi
3255 1245 3556 1300 conditoris

1966 1328 2251 1383 obsistens.
2283 1329 2417 1383 Audi
2444 1330 2644 1398 pisces,
2680 1333 2769 1401 qui
2801 1348 2896 1401 per
2921 1349 2982 1388 ea
3013 1350 3133 1403 quae
3163 1335 3386 1400 faciunt,
3435 1344 3557 1390 tan-

1970 1431 2083 1476 tum
2120 1437 2226 1476 non
2256 1423 2511 1476 emittunt
2541 1423 2680 1478 hanc
2705 1439 2889 1479 vocem
2929 1441 2942 1478 :
3002 1425 3113 1480 Nos
3144 1427 3210 1482 ad
3239 1438 3552 1499 perpetuam

1968 1516 2182 1587 generis
2231 1517 2702 1571 conservationem
2745 1519 2796 1570 in
2833 1517 3181 1587 longinquam
3234 1520 3374 1574 hanc
3403 1533 3558 1588 pere-

1967 1612 2331 1679 grinationem
2365 1609 2650 1663 mittimur.
2677 1608 2792 1664 Non
2814 1611 2946 1678 ipsis
2967 1611 3101 1665 inest
3127 1612 3342 1679 propria
3376 1613 3556 1680 ratio;

1968 1699 2060 1754 sed
2093 1710 2297 1753 natura:
2330 1699 2503 1770 legem
2553 1699 2752 1754 habent
2790 1701 2890 1755 sibi
2944 1700 3148 1755 forlitet
3203 1701 3552 1768 insidentem,

1968 1801 2021 1846 et
2043 1792 2184 1861 quod
2213 1793 2478 1859 agendum
2496 1801 2580 1846 est
2607 1802 3004 1862 suggerentem.
3030 1794 3250 1858 Eamus,
3276 1793 3551 1862 inquiunt,

1965 1881 2031 1934 ad
2084 1879 2400 1948 aquilonare
2457 1878 2700 1948 pelagus.
2734 1881 2952 1934 Dulcior
2983 1892 3064 1936 est
3115 1883 3258 1936 enim
3290 1882 3377 1937 illa
3413 1899 3552 1953 aqua

1965 1987 2125 2040 quam
2161 1970 2422 2038 reliquum
2453 1984 2621 2034 mare,
2653 1981 2936 2038 propterea
2964 1972 3104 2040 quod
3137 1972 3215 2026 sol
3244 1973 3391 2026 brevi
3417 1983 3547 2028 tem-

1965 2077 2094 2130 pore
2127 2063 2178 2114 in
2215 2077 2280 2116 eo
2329 2075 2697 2127 commorans,
2748 2079 2853 2115 non
2881 2077 2948 2116 ex
2979 2078 3042 2117 eo
3090 2079 3185 2132 per
3209 2077 3335 2119 suos
3373 2067 3555 2121 radios

1962 2154 2140 2208 educit
2165 2153 2424 2221 quidquid
2453 2153 2596 2221 potui
2629 2166 2810 2222 aptum
2840 2163 2941 2207 est.
2975 2153 3225 2208 Gaudent
3263 2166 3317 2210 et
3345 2159 3554 2212 marina

1963 2249 2120 2312 aquis
2154 2243 2438 2298 dulcibus:
2472 2244 2612 2298 unde
2646 2253 2700 2297 et
2732 2245 2798 2297 ad
2852 2243 3070 2297 ﬂumina
3108 2258 3250 2311 smpe
3308 2253 3551 2310 enatant,

1963 2335 2256 2402 proculque
2289 2350 2318 2386 a
2351 2335 2485 2388 mari
2519 2333 2820 2388 discedunt.
2871 2333 2982 2388 llac
3017 2336 3082 2389 dc
3136 2350 3304 2390 causa
3341 2336 3552 2390 ca-teris

1963 2429 2172 2482 sinibus
2207 2428 2275 2480 ab
2324 2427 2454 2496 ipsis
2509 2427 2797 2495 praefertur
2829 2427 3051 2491 Pontus,
3115 2427 3256 2479 velut
3305 2429 3370 2480 ad
3409 2425 3553 2482 fetus

1963 2519 2198 2574 edendos
2233 2529 2392 2586 atque
2416 2519 2771 2572 euutrieudos
2799 2517 3046 2571 idoneus.
3096 2517 3386 2586 Postquam
3419 2533 3552 2573 vero

1965 2611 2016 2664 id
2047 2611 2186 2678 quod
2213 2611 2264 2663 in
2301 2612 2436 2663 votis
2463 2618 2600 2670 erat,
2636 2609 2910 2676 expletum
2943 2609 3158 2663 abunde
3193 2607 3326 2674 fuit;
3363 2621 3552 2663 rursus

1963 2717 2153 2756 omnes
2203 2701 2517 2754 catervatim
2548 2701 2614 2752 ad
2655 2700 2870 2767 propria
2923 2710 3288 2752 revertuntur.
3341 2699 3395 2751 Et
3433 2715 3554 2767 qum

1964 2794 2033 2847 sit
2084 2791 2338 2845 redeundi
2373 2791 2530 2856 ratio,
2569 2806 2597 2843 a
2654 2791 2816 2842 mutis
2872 2789 3175 2842 audiamus.
3216 2789 3553 2856 Aquilonare

1964 2900 2168 2954 :equor,
2204 2885 2472 2953 inquiunt,
2534 2882 2858 2951 profundum
2909 2898 3012 2934 non
3051 2891 3156 2943 est,
3191 2896 3422 2951 cmuque
3457 2895 3552 2936 su-

1966 2979 2149 3044 pinum
2202 2977 2305 3042 sil,
2365 2976 2612 3029 violentis
2662 2976 2837 3028 ventis
2894 2975 3203 3043 exponitur,
3257 2990 3320 3028 ac
3370 2975 3553 3028 littora

1965 3083 2132 3136 pauca
2165 3079 2219 3121 ct
2256 3083 2460 3135 paucos
2493 3083 2738 3123 recessus
2795 3067 2972 3120 habet.
3009 3065 3348 3134 Quapropter
3383 3068 3549 3120 etiam

1966 3157 2033 3210 ab
2066 3157 2172 3210 imo
2209 3158 2322 3211 solo
2379 3159 2550 3225 ipsum
2586 3155 2740 3208 facile
2771 3155 3086 3208 concutiunt
3134 3158 3302 3218 venti,
3329 3157 3462 3210 adeo
3496 3165 3552 3210 ut

1966 3262 2127 3302 arena
2163 3263 2281 3317 qua:
2335 3251 2386 3300 in
2441 3246 2605 3300 fundo
2666 3247 3006 3311 subsidebat,
3067 3244 3318 3300 ﬂuctibus
3348 3247 3548 3315 permi-

1966 3348 2200 3394 scentur.
2230 3339 2368 3405 Quin
2395 3348 2444 3390 et
2472 3336 2724 3406 frigidum
2740 3347 2821 3390 est
2847 3335 3040 3390 hiemis
3066 3346 3330 3404 tempore,
3351 3337 3551 3405 quippe

1966 3431 2108 3500 quod
2134 3447 2161 3482 a
2195 3429 2376 3483 multis
2395 3428 2712 3496 magnisque
2740 3426 2913 3479 ﬂuviis
2943 3428 3233 3494 repleatur.
3257 3426 3550 3494 Propterea

1967 3522 2081 3592 ipso
2107 3524 2157 3574 in
2186 3529 2374 3574 testate
2419 3520 2696 3572 moderate
2748 3519 2927 3585 potiti,
2954 3532 3142 3571 rursus
3169 3517 3343 3570 hieme
3374 3529 3432 3570 ut
3482 3518 3550 3571 ad

1969 3617 2207 3677 teporem
2236 3605 2286 3657 iu
2318 3605 2582 3674 profundo
2612 3615 3019 3670 conservatum,
3079 3606 3150 3660 ita
3191 3615 3244 3659 et
3273 3608 3338 3658 ad
3367 3609 3550 3675 aprica

1967 3697 2079 3752 loca
2109 3704 2430 3765 properant,
2471 3705 2634 3764 atque
2659 3695 3107 3762 septentrionales
3143 3705 3328 3749 ventos
3359 3711 3553 3764 graves

1965 3799 2018 3844 et
2049 3787 2275 3843 infestos
2309 3786 2595 3857 fugientes.
2631 3787 2682 3840 in
2712 3787 2861 3841 sinus
2893 3787 3073 3842 minus
3100 3787 3402 3857 exagitatos
3439 3788 3550 3842 vel-

1966 3892 2023 3937 ut
2052 3884 2103 3937 in
2137 3891 2324 3951 portus
2345 3896 2467 3935 sese
2497 3881 2789 3951 recipiunt.

2034 4089 2090 4147 5.
2129 4087 2251 4144 Vidi
2287 4088 2474 4144 istbmc
2507 4103 2608 4161 ego
2662 4090 2798 4160 ipse,
2851 4100 2904 4145 et
2937 4088 3028 4144 Dei
3079 4091 3130 4144 in
3181 4084 3434 4147 omnibus
3465 4109 3552 4146 sa-

1964 4183 2220 4254 pientiam
2249 4181 2546 4237 admiratus
2575 4196 2714 4236 sum.
2767 4180 2929 4234 Bruta
2963 4181 3009 4236 si
3057 4181 3396 4252 prospiciunt
3420 4184 3546 4244 sibi,

1961 4293 2026 4330 ae
2053 4276 2322 4347 propriam
2360 4289 2512 4328 suam
2546 4273 2773 4328 salutem
2810 4283 3047 4337 servant,
3087 4275 3133 4327 si
3188 4275 3336 4326 novit
3381 4275 3548 4343 piscis

1963 4371 2091 4439 quid
2126 4370 2226 4424 sibi
2253 4367 2558 4438 eligendum
2604 4367 2676 4421 sit
2719 4374 2811 4418 aut
2856 4363 3215 4434 eﬂugieudum
3241 4382 3256 4419 :
3287 4366 3416 4436 quid
3449 4384 3548 4422 nos

1963 4479 2151 4518 simius
2188 4461 2414 4525 dicturi,
2446 4460 2535 4527 qui
2558 4461 2764 4512 ratione
2784 4459 3148 4524 cohonestati,
3179 4458 3294 4529 lege
3321 4460 3543 4526 eruditi,

272 4565 376 4611 νοι,
416 4551 769 4620 ἐπαγγελίαις
798 4554 1221 4624 προτραπέντες,
1259 4554 1539 4625 Πνεύματι
1576 4555 1858 4626 σοφισθέν-

1963 4553 2444 4626 pollicitationibus
2501 4551 2728 4614 invitati,
2759 4562 2814 4605 et
2855 4551 3058 4621 Spiritu
3113 4553 3311 4618 edocti,
3364 4551 3546 4605 adhuc

271 4661 385 4707 τες,
416 4641 537 4698 εἶτα
568 4645 676 4698 τῶν
732 4644 927 4716 ἰχθύων
962 4645 1299 4719 ἀλογώτερον
1345 4647 1414 4700 τά
1460 4649 1582 4702 καθ’
1624 4648 1854 4712 ἑαυτοὺς

271 4735 668 4807 διατιθέμενοι;
702 4738 860 4812 εἴπερ
890 4739 938 4792 οἱ
972 4740 1068 4811 μὲν
1106 4740 1253 4794 ἴσασι
1282 4739 1374 4793 τοῦ
1415 4741 1700 4812 μέλλοντός
1736 4759 1854 4794 τινα

271 4829 542 4884 ποιεῖσθαι
581 4831 853 4897 πρόνοιαν,
888 4835 1050 4904 ἡμεῖς
1076 4833 1132 4886 δὲ
1161 4836 1224 4888 ἐκ
1253 4834 1352 4903 τῆς
1384 4836 1520 4906 πρὸς
1555 4836 1616 4888 τὸ
1660 4834 1851 4905 μέλλον

270 4923 621 4987 ἀνελπιστίας
647 4925 712 4977 δι’
739 4927 931 4998 ἡδονῆς
957 4925 1416 4998 βοσκηματώδους
1438 4927 1536 4998 τὴν
1563 4925 1708 4998 ζωὴν
1736 4926 1850 4997 (ἰὲ)

271 5017 655 5087 ἀναλίσκομεν.
694 5018 865 5087 ’ἰχθὺς
899 5018 1136 5072 τοσαῦτα
1159 5018 1432 5090 διαμείϐει
1463 5021 1674 5092 πελάγη
1702 5021 1845 5092 ὑπὲρ

271 5109 366 5160 τοῦ
394 5109 654 5180 εὕρασθαί
682 5127 803 5164 τινα
833 5112 1100 5180 ὠφέλειαν
1121 5131 1134 5142 ·
1165 5114 1219 5167 τί
1249 5115 1393 5184 ἐρεῖς
1423 5115 1487 5167 σὺ
1519 5116 1546 5166 ό
1574 5116 1642 5185 τῇ
1679 5115 1850 5185 ἀργία

273 5199 484 5266 συζῶν;
529 5202 722 5273 Ἀργία
745 5203 802 5256 δὲ
830 5206 1165 5277 κακουργίας
1194 5207 1356 5277 ἀρχή.
1387 5207 1594 5278 Μηδεὶς
1621 5207 1844 5275 ἄγνοιαν

276 5293 710 5364 προψασιζέσθω.
759 5295 989 5359 Φυσικὺς
1037 5297 1192 5363 λόγος
1240 5295 1513 5350 οἰκείωσιν
1567 5297 1701 5368 ἡμῖν
1751 5298 1846 5351 τοῦ

272 5519 418 5638 ut?)
467 5515 692 5573 Codices
757 5527 993 5589 quatuor
1058 5517 1184 5577 τοὺς
1251 5515 1460 5587 ἰχθύας.
1521 5515 1661 5570 Editi
1719 5518 1846 5579 τοὺς

292 5605 323 5638 Ὶ
363 5606 445 5638 υς.

292 5587 592 5725 χῗὲῗίῖοιὺ.
620 5658 826 5730 primus
852 5658 1030 5712 ἐπὶτὸ
1081 5659 1287 5730 βόρειον
1327 5657 1490 5728 μέρος
1516 5697 1552 5730 ._
1581 5658 1648 5708 ad
1690 5657 1843 5722 aqui-

263 5728 501 5780 lanarem
531 5738 746 5795 partem.
775 5729 914 5782 Infra
953 5731 1058 5782 duo
1081 5726 1236 5784 iuiss.
1273 5726 1450 5798 χαίρει
1495 5726 1602 5796 γὰρ
1639 5730 1769 5790 τοῖς.

339 5798 414 5856 (9)
442 5800 622 5853 Codex
649 5799 895 5854 Combel.
925 5800 1157 5854 ἄκουσον
1191 5801 1360 5868 παρὰ.

340 5869 452 5936 (10)
479 5868 616 5923 Editi
662 5885 783 5925 cum
814 5870 944 5940 Reg.
995 5874 1153 5927 tertio
1197 5871 1554 5940 ύποδρόμους.
1603 5869 1705 5924 Alii
1748 5885 1836 5923 sex

1966 4660 2142 4701 tamen
2181 4659 2269 4698 res
2324 4653 2541 4698 nostras
2567 4643 2803 4712 ineptius
2831 4661 2992 4714 quam
3028 4648 3202 4713 pisces
3236 4645 3334 4713 ipsi
3365 4643 3537 4713 dispo-

1964 4736 2174 4792 nimus?
2207 4735 2286 4789 llli
2313 4736 2454 4789 enim
2483 4739 2658 4790 lutura
2695 4737 3090 4804 quodammodo
3137 4738 3425 4805 providere
3450 4754 3547 4790 no-

1962 4841 2086 4886 ruut
2109 4852 2120 4884 ;
2147 4844 2247 4884 nos
2278 4840 2456 4884 autem
2494 4845 2589 4898 spe
2622 4829 2784 4882 futuri
2817 4830 3025 4897 abjecta
3053 4829 3105 4883 in
3162 4830 3415 4885 belluiuis
3448 4847 3542 4882 vo-

1960 4922 2255 4992 luptatibus
2301 4923 2467 4976 vitam
2528 4932 2764 4976 nostram
2826 4924 3178 4977 absumimus.
3239 4922 3413 4978 Piscis
3464 4933 3543 4978 tot

1960 5027 2130 5072 mutat
2163 5019 2354 5082 maria,
2393 5029 2450 5070 ut
2484 5017 2683 5086 aliquid
2713 5017 2955 5071 inveniat
2987 5017 3338 5072 emolumenti
3365 5035 3378 5082 ;
3410 5020 3542 5089 quid

1961 5123 2014 5166 tu
2047 5113 2290 5167 dicturus
2337 5127 2417 5175 es,
2463 5112 2554 5180 qui
2586 5112 2636 5163 in
2663 5110 2773 5164 otio
2821 5124 2886 5162 ac
2921 5109 3121 5164 desidia
3154 5111 3318 5165 vitam
3345 5112 3491 5178 degis
3516 5109 3542 5163 τ

1959 5203 2140 5258 Otium
2174 5214 2378 5267 autem,
2442 5203 2566 5256 mali
2601 5201 2833 5257 faciendi
2857 5204 3032 5273 origo.
3085 5201 3254 5256 Nemo
3281 5203 3539 5271 ignorau-

1959 5291 2088 5344 tiam
2116 5299 2396 5359 praetexat.
2427 5289 2592 5345 Insita
2631 5300 2714 5346 est
2750 5291 2906 5346 nobis
2941 5291 3202 5346 naturalis
3239 5295 3399 5359 ratio,
3419 5308 3539 5362 quae

1947 5516 2617 5594 mss._i‘i_7_:o'o‘popdg._Puto
2649 5528 2831 5594 autem
2866 5533 2996 5574 voce
3038 5521 3320 5594 ὑποδρομή
3359 5523 3532 5592 signi-

1946 5589 2094 5642 ﬁcari
2125 5590 2212 5643 hic
2241 5589 2564 5658 profundum
2603 5590 2832 5659 aliquem
2867 5607 3148 5652 recessum.

2016 5659 2129 5726 (Η)
2161 5661 2232 5712 Ita
2270 5659 2420 5726 Regii
2463 5661 2688 5727 primus,
2717 5661 2928 5723 tertius,
2968 5665 3213 5730 quintus.
3251 5674 3440 5720 sextus
3479 5675 3536 5722 et

1942 5739 2190 5793 octavus,
2226 5747 2379 5798 atque
2428 5747 2487 5784 ac
2522 5729 2676 5783 Colb.
2710 5729 2999 5785 secundus
3031 5751 3155 5789 cum
3192 5734 3438 5791 Cuinbet.
3469 5741 3536 5790 At

1943 5801 2109 5854 editio
2149 5813 2377 5869 utraque
2410 5803 2466 5854 ὲν
2490 5801 2564 5871 τῷ
2589 5801 2748 5871 βυθῷ
2771 5802 2990 5867 ἀλαίαν,
3027 5807 3309 5861 mendose.

2013 5872 2124 5940 (1'2)
2151 5872 2296 5927 Colb.
2331 5870 2544 5940 primus
2562 5870 2705 5942 ζωὴν
2747 5873 2922 5943 ἡμῶν.
