4062 6444
592 354 697 411 159

1931 354 1990 409 S.
2032 350 2276 408 BASlLli
2318 344 2539 402 MAGNI

3763 347 3867 402 160

592 471 735 526 bona
796 470 949 527 nobis
982 468 1303 525 vindicanda
1348 482 1488 532 esse,
1544 482 1702 523 noata
1757 484 1884 527 vero
1925 470 2167 539 fugienda

2283 463 2471 527 καλοῦ,
2521 462 2613 516 καὶ
2663 461 3015 533 ἀλλοτρίωσιν
3066 463 3176 518 ἀπὸ
3212 463 3321 518 τῶν
3391 463 3671 537 βλαϐερῶν
3726 468 3853 519 ὑπο

592 565 904 619 submonet.
938 563 981 618 A
1014 564 1237 617 marinis
1256 562 1520 631 exemplis
1549 577 1884 633 nequaquam
1925 562 2171 621 discedo:

592 654 811 724 quando
843 655 1061 724 quidem
1091 654 1281 707 isthmc
1304 652 1459 709 nobis
1483 654 1834 724 expendenda
1864 668 2177 726 proponun-

594 752 701 797 tur.
729 743 925 797 Audivi
960 758 989 797 a
1010 741 1244 813 quodam
1278 745 1569 810 maritimo,
1596 746 1846 801 echinum
1878 747 2169 811 marinum,

590 847 819 904 parvum
847 850 1067 904 prorsus
1089 844 1144 889 et
1174 836 1519 904 aspernabile
1536 838 1757 901 animal.
1796 852 2171 909 saepenumero

591 926 1011 996 tranquillitatis
1044 936 1099 981 et
1127 929 1465 998 tempestatis
1508 929 1915 1000 navigatoribus
1940 931 2174 987 monito-

590 1032 708 1074 rem
746 1018 884 1075 fieri.
928 1019 1031 1087 Qui
1079 1034 1204 1074 cum
1237 1029 1517 1077 ventorum
1550 1024 1897 1091 pmsenserit
1924 1037 2169 1078 commo-

594 1108 816 1174 tionem,
841 1110 1079 1165 validum
1105 1109 1338 1180 aliquem
1362 1111 1627 1166 calculum
1656 1109 1823 1178 subit,
1859 1122 1916 1167 et
1956 1111 2011 1165 in
2056 1112 2170 1180 ipso

591 1211 846 1271 tanquam
872 1201 924 1256 in
959 1202 1201 1258 anchora
1233 1202 1461 1257 firmiter
1505 1200 1754 1267 fluctuat,
1795 1203 2017 1272 ejusque
2040 1216 2175 1270 pon-

586 1287 718 1345 dere
743 1289 1032 1357 detinetur,
1067 1306 1133 1346 ne
1160 1290 1317 1347 facile
1338 1307 1367 1345 a
1390 1290 1647 1346 ﬂuetibus
1675 1293 2042 1348 abstrahatur.
2058 1291 2172 1347 Hoc

587 1381 801 1452 signum
849 1384 940 1439 ubi
989 1384 1222 1440 viderint
1269 1383 1489 1445 nautici,
1542 1384 1835 1440 violentam
1888 1396 2171 1439 ventorum

589 1479 939 1547 agitationem
967 1480 1252 1535 imminere
1275 1480 1471 1536 sciunt.
1496 1481 1612 1554 σε
1636 1482 1945 1552 Astrologus
1968 1480 2170 1547 nullus,

588 1570 767 1626 nullus
792 1570 1098 1637 Chaldaeus,
1132 1586 1201 1627 ex
1250 1582 1519 1627 astrorum
1560 1583 1683 1630 ortu
1720 1574 1861 1628 aeris
1899 1573 2169 1628 turbatio-

586 1676 683 1717 nes
727 1661 1067 1731 coniectans,
1098 1665 1290 1719 istha'c
1331 1664 1583 1719 echinum
1624 1664 1843 1719 docuit:
1877 1664 1971 1719 sed
2006 1664 2172 1719 maris

584 1761 640 1808 et
662 1763 947 1809 ventorum
970 1754 1230 1811 Dominus
1276 1756 1359 1810 vel
1392 1771 1559 1825 parvo
1597 1755 1816 1809 animali
1869 1755 2092 1810 evidens
2114 1764 2171 1812 et

584 1856 838 1913 apertum
873 1861 1083 1916 magna:
1110 1862 1222 1901 sua:
1248 1848 1529 1916 sapientiae
1557 1846 1842 1917 vestigium
1874 1842 2165 1916 impressit.

585 1937 949 2010 improvidum
974 1937 1129 2001 nihil,
1160 1938 1293 1992 nihil
1318 1953 1346 1992 a
1376 1939 1485 1993 Deo
1513 1937 1615 1991 fuit
1675 1940 2001 2008 neglectum.
2033 1938 2171 2010 Spe-

585 2028 797 2085 culatur
826 2029 1009 2084 omnia
1045 2028 1236 2084 oculus
1270 2028 1361 2084 ille
1391 2029 1679 2098 iusopitus.
1701 2028 1969 2085 Omnibus
1994 2031 2167 2098 adest,

585 2120 875 2191 unicuique
897 2120 1085 2176 salutis
1129 2121 1524 2189 consequenda:
1558 2119 1868 2175 facultatem
1910 2122 2164 2192 largiens.

584 2213 730 2269 Deus
760 2212 807 2270 si
839 2214 1096 2268 echinum
1147 2226 1178 2267 a
1222 2228 1319 2267 sua
1374 2212 1711 2282 providentia
1771 2228 1875 2267 non
1906 2213 2163 2279 excludit,

582 2304 748 2360 rebus
790 2303 897 2358 tuis
942 2319 1048 2359 non
1108 2303 1408 2373 prospicit?
1463 2301 1595 2369 Viri,
1638 2304 1839 2375 diligite
1875 2320 2065 2360 uxores
2095 2304 2161 2360 “.

578 2392 843 2462 Quamvis
869 2394 1081 2451 externi
1114 2394 1255 2449 inter
1282 2409 1376 2449 vos
1428 2395 1570 2462 sitis,
1603 2406 1779 2450 tamen
1823 2396 1875 2449 in
1927 2394 2163 2466 coniugii

581 2489 907 2545 societatem
939 2486 1289 2542 convenistis.
1323 2485 1436 2544 Hoc
1484 2495 1691 2541 natura:
1747 2486 2041 2550 vinculum,
2065 2489 2167 2542 hoc

576 2578 766 2651 iugum
788 2592 885 2650 per
912 2578 1342 2633 benedictionem
1391 2578 1724 2646 impositum,
1752 2578 2066 2633 distantium
2096 2580 2168 2633 sit

580 2667 913 2739 conjunctio.
936 2665 1132 2739 Vipera
1153 2668 1423 2738 reptilium
1448 2668 1831 2725 esitiosissima
1855 2670 1922 2722 ad
1944 2671 2168 2725 marina:

582 2772 838 2814 mnrana
870 2760 1084 2828 nuptias
1104 2761 1377 2814 accurrit:
1403 2769 1460 2815 et
1488 2761 1578 2814 ubi
1632 2759 1790 2815 sibilo
1831 2776 1983 2815 suam
2028 2777 2166 2831 pra:-

582 2852 814 2906 sentiam
837 2851 1212 2914 denuntiavit,
1258 2851 1426 2919 ipsam
1463 2866 1491 2904 a
1525 2850 1691 2905 fundo
1752 2852 1819 2905 ad
1870 2853 2165 2921 nuptialem

582 2940 926 3008 complexum
976 2952 1187 2996 evocat.
1228 2941 1317 2995 Illa
1347 2950 1527 2995 autem
1561 2942 1922 3010 obtemperat,
1953 2952 2008 2997 et
2042 2958 2163 2997 cum

584 3043 846 3090 venenata
872 3032 1042 3088 bestia
1077 3032 1377 3102 copulatur.
1410 3030 1547 3098 Quid
1567 3030 1667 3087 sibi
1700 3032 1810 3086 vult
1834 3032 1920 3088 hic
1948 3034 2165 3089 sermo?

582 3123 846 3178 Nimirum
877 3137 1104 3178 necesse
1132 3137 1277 3187 esse,
1317 3132 1375 3176 ut
1406 3120 1600 3191 conjux
1622 3122 1871 3177 maritum
1903 3122 2159 3193 perferat,
2188 3156 2234 3216 ο

587 3216 713 3273 licet
738 3230 1017 3285 asperum,
1050 3216 1178 3271 licet
1230 3216 1471 3271 moribus
1528 3214 1726 3279 ferum,
1759 3233 1859 3273 nec
1901 3219 1970 3273 ob
2000 3218 2162 3273 ullam

582 3323 801 3365 causam
862 3307 1303 3375 conjunctionem
1364 3308 1623 3363 dirimere
1668 3309 1820 3363 velit.
1873 3307 2167 3367 Percussor

579 3401 719 3457 est?
770 3399 878 3455 Sed
940 3401 1025 3455 vir
1078 3409 1202 3455 tuus
1270 3408 1373 3456 est.
1427 3399 1892 3457 Temulentusne?
1948 3406 2019 3459 At
2070 3405 2163 3461 tibi

583 3502 668 3551 est
717 3502 911 3550 natura
963 3491 1303 3563 coniunctus.
1335 3492 1584 3548 Durusne
1612 3501 1667 3548 et
1697 3494 2053 3565 implacidas?
2092 3501 2163 3555 At

585 3584 886 3639 membrum
912 3582 1022 3653 jam
1052 3592 1203 3638 tuum
1240 3591 1349 3650 est,
1376 3592 1434 3639 et
1484 3584 1854 3641 membrorum
1900 3599 2160 3657 praestan-

584 3676 875 3732 tissimum.

652 3766 706 3822 δ.
729 3768 925 3821 Audiat
946 3775 1127 3821 autem
1154 3775 1209 3821 et
1236 3765 1313 3821 vit
1361 3767 1769 3821 convenientem
1800 3767 1900 3823 sibi
1925 3768 2167 3824 admoni-

585 3858 807 3914 tionem.
837 3856 1029 3927 Vipera
1081 3857 1291 3925 nuptias
1364 3858 1622 3922 reverita,
1661 3858 1811 3913 virus
1839 3859 2073 3914 evomit:
2112 3869 2164 3914 tn

585 3950 749 4005 animi
801 3950 1058 4005 duritiam
1104 3960 1160 4005 et
1207 3951 1655 4005 inhumanitatem
1682 3950 1752 4006 ob
1776 3951 2167 4021 coniunctionis

587 4039 948 4095 reverentiam
1007 4054 1114 4093 non
1150 4040 1429 4109 depones?
1476 4040 1586 4092 Aut
1632 4037 1881 4093 fortassis
1902 4038 2059 4094 nobis
2109 4047 2165 4092 et

583 4132 695 4188 alio
734 4134 894 4187 modo
926 4132 1165 4201 proderit
1193 4132 1389 4201 vipera:
1410 4130 1718 4199 exemplum
1743 4147 1758 4186 :
1789 4129 1934 4199 quod
1962 4137 2166 4185 natum

585 4223 909 4279 adulterium
941 4223 1210 4293 quoddam
1255 4232 1338 4277 est
1382 4223 1469 4279 hic
1496 4222 1585 4275 ille
1619 4222 1814 4290 viperae
1836 4230 1891 4275 et
1914 4234 2167 4275 murmnaa

584 4314 918 4383 complexus.
979 4313 1203 4370 Discant
1254 4315 1416 4385 igitur
1457 4314 1550 4384 qui
1610 4312 1801 4369 alienis
1847 4313 2167 4367 insidiantur

586 4397 809 4472 nuptiis,
830 4403 988 4473 .qttali
1020 4404 1195 4474 reptili
1227 4404 1336 4459 sint
1368 4403 1697 4459 consimiles.
1721 4402 2018 4459 Ecclesiam
2063 4417 2165 4457 un-

2280 556 2498 619 δεικνὺς
2525 556 2993 627 ὲγκατὲσπαρται.
3020 557 3135 610 Οὐκ
3166 558 3472 627 ἀφίσταμαι
3514 558 3623 611 τῶν
3654 558 3865 613 θαλασ-

2276 647 2406 701 σίων
2457 648 2893 719 ὑποδειγμάτων,
2943 648 3134 721 ἐπειδὴ
3184 648 3357 704 ταῦτα
3405 650 3536 719 ἡμῖν
3569 651 3869 720 πρόκειται

2273 741 2355 802 εἰς
2393 739 2640 804 ἐξέτασιν
2684 741 2816 811 (13).
2865 741 3112 794 Ἤκουσα
3151 742 3263 810 ἑγὼ
3294 742 3403 795 τῶν
3450 741 3743 813 παραλίων
3780 760 3833 795 τι

2273 832 2383 897 νὸς,
2415 834 2497 887 ὅτι
2531 835 2560 888 6
2588 832 2879 897 θαλάσσιος
2909 834 3105 905 ἑχίνος,
3132 835 3195 888 τὸ
3227 838 3423 907 μικρὸν
3456 834 3737 898 παντελῶς
3767 836 3868 889 καὶ

2271 925 2744 997 εὐκαταφρόνητον
2773 925 2929 991 ζῶον,
2954 925 3277 991 διδάσκαλος
3315 930 3573 995 πολλάκις
3613 930 3866 1001 γαλήνης

2272 1017 2367 1069 καὶ
2400 1015 2668 1081 κλύδωνος
2698 1021 2810 1083 τοῖς
2835 1018 3056 1100 πλέουσι
3095 1020 3326 1089 γίνεται.
3360 1025 3474 1089 Ὃς,
3503 1026 3632 1079 ὅταν
3662 1024 3867 1097 προῖδῃ

2270 1106 2514 1177 ταραχὴν
2541 1108 2602 1176 ἑξ
2631 1108 2872 1181 ἀνέμων,
2911 1110 3117 1183 ψηφῖδά
3144 1129 3266 1165 τινα
3294 1114 3539 1169 ὑπελθὼν
3576 1116 3863 1185 γενναίαν,

2272 1199 2359 1252 ἐπ’
2394 1199 2589 1271 αὐτῆς,
2641 1200 2829 1274 ὥσπερ
2879 1204 2965 1256 ἐπ’
3006 1204 3282 1276 ἀγκύρας,
3334 1204 3567 1275 βεὸαίως
3599 1207 3714 1279 (Η)
3759 1226 3867 1261 σα-

2272 1291 2437 1356 λεύει,
2466 1294 2829 1364 κατεχόμενος
2863 1294 2942 1365 τῷ
2968 1294 3124 1367 βάρει
3150 1297 3288 1367 πρὸς
3314 1297 3377 1351 τὸ
3403 1298 3478 1368 μὴ
3520 1299 3717 1371 ῥᾳδίως
3744 1302 3867 1364 τοῖς

2274 1383 2517 1455 κύμασιν
2553 1384 2939 1457 ὑποσύρεσθαι.
2972 1386 3143 1441 Τοῦτο
3170 1390 3299 1443 ὅταν
3328 1389 3509 1442 ίδωσιν
3536 1394 3585 1444 οἱ
3610 1394 3865 1447 ναυτικοὶ

2273 1475 2333 1528 τὸ
2362 1479 2604 1547 σημεῖον,
2637 1476 2780 1530 ίσασι
2810 1478 2908 1548 τὴν
2942 1479 3397 1551 προσδοκωμένην
3424 1481 3605 1551 βιαίαν
3640 1483 3863 1557 κίνησιν

2270 1568 2380 1622 τῶν
2434 1568 2670 1639 ἀνέμων.
2723 1569 2912 1634 Οὐδεὶς
2944 1571 3298 1642 ἀστρολόγος,
3349 1574 3521 1638 οὐδεὶς
3565 1575 3857 1640 Χαλδαῖος,

2272 1664 2393 1726 ταῖς
2427 1660 2704 1725 ὲπιτολαῖς
2735 1660 2844 1716 τῶν
2872 1664 3089 1735 ἄστρων
3119 1664 3219 1728 τὰς
3257 1665 3367 1718 τῶν
3397 1667 3577 1737 ἀέρων
3606 1670 3862 1739 ταραχάς

2272 1749 2733 1821 τεκμαιρόμενος,
2782 1752 2951 1805 ταῦτα
3003 1752 3096 1805 τὸν
3137 1753 3313 1823 ἐχῖνον
3362 1753 3619 1819 ἐδίδαξεν,
3667 1756 3785 1809 ἀλλ’
3826 1761 3861 1808 ὁ

2200 1813 2244 1868 Β
2273 1813 2552 1913 θαλάσσης.
2578 1813 2690 1897 καὶ⁷
2720 1813 2935 1915 ἀνέμων
2986 1813 3199 1915 Κύριος
3240 1848 3333 1901 καὶ
3370 1846 3449 1919 τῷ
3726 1847 3858 1919 ζώῳ

2271 1934 2368 2005 τῆς
2402 1935 2646 2007 μεγάλης
2671 1934 2865 1990 ἑαυτοῦ
2903 1936 3095 2005 σοφίας
3130 1938 3361 2007 ὲναργὲς
3393 1938 3537 2010 ἰχνος
3574 1941 3853 2011 ἐνέθηκεν.

2270 2024 2437 2077 Οὐδὲν
2458 2025 2812 2096 ἀπρονόητον,
2835 2025 2983 2078 οὐδὲν
3009 2026 3351 2097 ἠμελημένον
3384 2028 3537 2101 παρά
3554 2029 3689 2083 Θεοῦ
3715 2030 3852 2101 (15).

2270 2116 2456 2171 Πάντα
2501 2116 2755 2169 σκοπεύει
2784 2118 2813 2169 6
2846 2116 3146 2188 ἀκοίμητος
3184 2118 3483 2189 ὀφθαλμός.
3520 2122 3662 2174 [lth
3710 2123 3860 2193 πάρ-

2269 2222 2437 2272 εστιν,
2467 2207 2774 2279 ἐκπορίζων
2814 2209 3029 2279 ἑκάστῳ
3077 2211 3175 2281 τὴν
3224 2213 3517 2283 σωτηρίαν.
3564 2213 3626 2265 Εἰ
3675 2214 3859 2281 ἐχῖνον

2268 2298 2373 2364 ἑξω
2418 2299 2520 2369 τῆς
2565 2300 2759 2354 ἑαυτοῦ
2794 2302 3101 2371 ἑπισκοπῆς
3140 2305 3168 2357 6
3221 2304 3353 2368 Θεὸς
3394 2305 3494 2357 οὐκ
3543 2304 3749 2373 ἀφῆκε,
3785 2308 3857 2361 τὰ

2271 2392 2338 2446 σά
2367 2392 2467 2447 οὐκ
2505 2394 2829 2458 Mummi;
2868 2396 2935 2448 Oi
2963 2393 3202 2463 ἄνδρες.
3226 2393 3494 2463 ἀγαπᾶτε
3521 2396 3627 2462 τὰς
3642 2397 3858 2467 γυναῖ-

2268 2502 2401 2551 κας,
2436 2484 2538 2539 κᾶν
2567 2484 2846 2557 ὑπερόριοι
2874 2485 3120 2555 ἀλλήλοις
3164 2487 3299 2558 πρὸς
3346 2487 3629 2541 κοινωνίαν
3668 2488 3854 2559 γάμου

2271 2575 2577 2648 συνέλθητε.
2616 2578 2674 2630 '0
2712 2576 2809 2647 τῆς
2856 2578 3070 2646 φύσεως
3101 2578 3319 2647 δεσμὸς,
3364 2580 3394 2630 6
3424 2577 3515 2631 διὰ
3546 2579 3647 2647 τῆς
3694 2579 3855 2632 εὐλο-

2269 2668 2388 2737 γίας
2428 2668 2623 2736 ζυγὸς,
2666 2668 2857 2733 ἑνωσις
2901 2669 3041 2722 ἑστω
3084 2668 3197 2722 τῶν
3238 2667 3559 2722 διεστώτων.
3595 2669 3852 2740 Ἔχιδνα,

2267 2759 2329 2812 τὸ
2372 2758 2754 2829 χαλεπώτατον
2789 2760 2897 2814 τῶν
2935 2760 3197 2831 ἑρπετῶν,
3239 2760 3376 2833 πρὸς
3414 2762 3591 2830 γάμον
3635 2754 3852 2831 ἅπανῆ

2268 2850 2367 2919 τῆς
2412 2850 2710 2914 θαλασσίας
2761 2853 3045 2923 μυραίνηςῖ
3084 2851 3227 2921 (16).
3282 2853 3377 2907 καὶ
3439 2852 3693 2923 συριγμῷ
3750 2854 3855 2924 τὴν

2269 2943 2569 3013 παρουσίαν
2612 2944 2899 3013 σημήνασα
2946 2943 3255 2997 ἐκκαλεῖται
3302 2942 3471 3013 αὐτὴν
3502 2944 3568 2996 ἑκ
3606 2944 3714 2996 τῶν
3758 2943 3852 3012 βυ-

2267 3033 2376 3087 θῶν
2425 3035 2559 3105 πρὸς
2591 3034 2833 3105 γαμικὴν
2866 3034 3201 3105 συμπλοκήν.
3240 3034 3305 3087 Ἦ
3338 3034 3395 3088 δὲ
3428 3034 3710 3099 ὑπακούει,
3756 3038 3850 3089 καὶ

2265 3124 2479 3178 ἑνοῦται
2504 3124 2583 3195 τῷ
2615 3124 2823 3192 ίοὸὀλῳ.
2855 3125 2919 3177 Τί
2947 3124 3193 3195 βούλεταί
3231 3142 3321 3195 μοι
3360 3127 3389 3179 6
3416 3126 3606 3194 λόγος;
3637 3128 3717 3180 ὅτι
3745 3128 3849 3181 κᾶν

2264 3215 2470 3287 τραχὺς
2500 3212 2557 3290 ᾗ,
2589 3216 2691 3269 κᾶν
2736 3217 2927 3285 ἄγριος
2972 3216 3034 3272 τὸ
3068 3211 3200 3286 ἦθος
3242 3218 3270 3268 6
3306 3216 3582 3280 σύνοικος,
3630 3218 3848 3288 ἀνάγκη

2268 3308 2454 3379 φέρειν
2482 3310 2580 3380 τὴν
2602 3308 2867 3379 ὁμόζυγα,
2887 3309 2982 3362 καὶ
3002 3310 3067 3362 ἑκ
3091 3309 3362 3379 μηδεμιᾶς
3389 3310 3711 3380 προφάσεως
3733 3311 3847 3381 (i7)

2267 3400 2663 3472 καταδέχεσθαι
2710 3400 2808 3471 τὴν
2837 3400 3031 3454 ἑνωσιν
3080 3400 3339 3472 διασπᾷν.
3381 3401 3668 3473 Πλήκτης;
3705 3402 3848 3455 Ἀλλ’

2266 3494 2426 3567 ἀνήρ.
2473 3494 2769 3564 Πάροινος;
2835 3492 2972 3547 Ἀλλ’
3016 3494 3295 3565 ἡνωμένος
3344 3492 3487 3547 κατά
3531 3493 3629 3563 τὴν
3661 3493 3846 3563 φύσιν.

2266 3585 2482 3657 Τραχὺς
2518 3585 2612 3638 καὶ
2645 3582 3013 3653 δυσάρεστος;
3055 3582 3214 3635 Ἀλλά
3251 3581 3413 3652 μέλος
3446 3582 3545 3653 ήδη
3598 3582 3709 3647 σὺν,
3754 3586 3851 3637 καὶ

2269 3674 2446 3745 μελῶν
2479 3674 2541 3726 τὸ
2567 3670 2911 3743 τιμιώτατον.

2336 3766 2387 3819 6.
2433 3765 2702 3819 ’Δκουὲτω
2723 3763 2781 3817 δὲ
2815 3764 2911 3816 καὶ
2942 3763 2970 3815 6
2998 3762 3138 3833 ἀνὴρ
3167 3762 3264 3832 τῆς
3293 3762 3672 3834 προσηκούσης
3698 3763 3852 3834 αὐτῷ

2270 3855 2657 3925 παραινέσεως.
2711 3856 2773 3907 Ἡ
2820 3854 3004 3924 ἔχιδνα
3048 3854 3139 3906 τὸν
3188 3853 3263 3907 ίὸν
3302 3854 3522 3925 ἑξεμετ,
3558 3854 3850 3926 αἰδουμένη

2266 3946 2358 3999 τὸν
2392 3946 2565 4016 γάμον
2587 3961 2599 3974 ·
2636 3946 2700 3999 σὺ
2730 3945 2793 3998 τὸ
2816 3945 2914 4015 τῆς
2947 3944 3127 4016 ψυχῆς
3173 3945 3377 4015 ἀπηνὲς
3422 3946 3515 3999 καὶ
3548 3944 3847 4015 ἀπάνθρω-

2266 4054 2367 4090 πον
2398 4038 2499 4091 ούκ
2526 4036 2846 4091 ἀποτίθεσαι
2890 4037 3033 4091 αίδοί
3060 4037 3157 4106 τῆς
3198 4035 3483 4101 ἑνώσεωςς
3517 4038 3589 4090 Ἦ
3620 4036 3761 4107 τάχα
3787 4036 3851 4090 τὸ

2264 4130 2363 4199 τῆς
2416 4128 2627 4199 ἑχίδνης
2690 4129 2992 4199 omnia
3048 4130 3143 4182 καὶ
3196 4128 3399 4199 ἑτέρως
3463 4129 3593 4198 ἡμῖν
3652 4145 3848 4199 χρησι-

2270 4218 2459 4289 μεύσει
2492 4219 2625 4291 (i8),
2661 4219 2741 4273 ὅτι
2785 4220 2999 4290 μοιχεία
3026 4221 3110 4284 τίς
3143 4222 3259 4271 ἐστι
3305 4220 3405 4290 τῆς
3435 4219 3648 4289 φύσεως
3679 4221 3713 4290 ὴ
3748 4220 3849 4290 τῆς

2266 4311 2480 4382 ἐχίδνης
2526 4312 2620 4365 καὶ
2653 4311 2750 4383 τῆς
2788 4312 3058 4383 μυραίνης
3100 4310 3390 4381 ἑπιπλοκή.
3434 4311 3851 4382 Διδαχθήτωσσ.ν

2267 4398 2359 4457 οὖν
2396 4406 2509 4467 τοῖς
2551 4402 2852 4475 ἀλλοτρίοις
2885 4404 3329 4468 ἑπιδουλεύοντες
3361 4403 3583 4474 γάμοις,
3617 4407 3849 4474 ποταπῷ

587 4496 785 4552 delibet
823 4496 1091 4551 adiurare
1139 4510 1280 4550 unus
1330 4496 1459 4549 milii
1496 4508 1692 4563 scopns
1750 4504 1854 4548 est.
1899 4492 2167 4548 Scdenlur

2272 4496 2410 4549 είσιν
2441 4496 2659 4567 ἑρπετῷ
2700 4496 3092 4568 παραπλήσιοι.
3126 4492 3221 4559 Εἷς
3266 4513 3356 4567 μοι
3392 4496 3614 4559 σκοπὸς,
3644 4513 3848 4551 παντα-

588 4586 1039 4642 incontinentinm
1069 4586 1340 4647 libidines,
1374 4595 1485 4637 tum
1524 4584 1754 4639 terrenis
1783 4594 1893 4637 tum
1942 4583 2167 4639 marinis

590 4676 809 4731 frenatae
843 4676 1125 4745 exemplis.
1154 4675 1253 4729 ilic
1285 4686 1339 4730 et
1367 4675 1612 4741 corporis
1640 4675 1927 4729 infirmitas
1948 4686 2003 4730 et
2025 4683 2166 4729 tem-

587 4784 688 4839 pus
740 4770 1192 4838 advesperascens
1232 4767 1389 4823 linem
1422 4768 1675 4837 loquendi
1730 4768 1906 4823 facere
1936 4785 2021 4824 me
2068 4785 2162 4825 co-

587 4868 753 4931 gunt,
788 4861 889 4916 etsi
913 4860 998 4915 bis
1016 4860 1102 4929 qui
1133 4860 1362 4915 libenter
1387 4860 1630 4921 audiunt.
1655 4860 1931 4921 complura
1964 4861 2161 4928 adhuc,

658 4974 707 5008 “
737 4974 933 5030 Enhes.
957 4990 1014 5039 v,
1036 4974 1125 5030 25.

658 5107 773 5181 (i3)
801 5107 893 5162 Sic
918 5123 1052 5163 mss.
1078 5109 1151 5181 At
1190 5107 1319 5181 editi
1365 5110 1443 5172 είς
1478 5108 1575 5181 τὴν
1619 5107 1701 5173 ἑξ.
1731 5106 1841 5161 Nec
1875 5108 1951 5163 ita
2000 5107 2165 5163 multo

588 5188 711 5248 post
738 5179 845 5234 duo
879 5194 1011 5232 mss.
1042 5179 1102 5231 τὸ
1140 5180 1491 5249 μικρότατον.

661 5197 711 5235 st
738 5197 845 5234 auo
879 5197 1011 5232 mss.
1042 5197 1102 5231 το
1134 5197 1491 5300 Κικροτατον.

661 5250 777 5319 (Η)
826 5249 899 5302 Ita
935 5249 1101 5303 editio
1180 5250 1298 5303 asil.
1350 5265 1471 5303 cum
1522 5248 1761 5319 quinque
1808 5262 1938 5319 mss.
1983 5244 2163 5301 Editio

588 5314 767 5374 Paris;
783 5334 915 5391 euut
943 5320 1074 5391 Beg.
1100 5329 1294 5391 octavo
1324 5314 1575 5391 ἀγκύρας
1604 5314 1867 5391 βεϐαίαςζ
1885 5316 2162 5391 Tanquam

589 5393 643 5443 in
672 5388 903 5441 anchora
935 5386 1111 5455 ﬁnita.
1144 5386 1439 5457 Aliquanto
1467 5386 1588 5457 post
1606 5386 1785 5443 editio
1834 5386 2008 5441 Paris.
2036 5402 2161 5441 cum

591 5460 793 5531 aliquot
818 5473 948 5531 mss.
983 5458 1375 5531 ὑποσύρεσθαι.
1417 5458 1523 5514 Alii
1561 5459 1781 5527 quidam
1845 5472 1979 5513 mss.
2037 5471 2162 5510 cum

591 5526 740 5583 Bodl.
767 5526 944 5581 ἀποσύ
954 5530 1160 5599 ρεσθαι.

662 5599 775 5678 (_l5)
829 5597 964 5670 Reg.
1014 5602 1283 5656 secundus
1343 5615 1466 5656 cum
1518 5598 1671 5655 Colb.
1724 5598 1961 5654 secundo
2012 5597 2164 5668 παρὰ

805 5740 981 5815 codex
1030 5740 1271 5815 Contlicf.
1332 5745 1396 5813 τῇ
1451 5740 1710 5815 θαλαττίᾳ
1744 5738 2003 5815 μυραίνῃ.
2044 5737 2161 5815 Mox

590 5808 740 5865 Colb.
798 5813 999 5881 primus
1058 5808 1393 5881 amantium"
1422 5808 1787 5878 ἐγκαλεῖσθαι.
1826 5808 2033 5862 ⁷Μυιιοι
2085 5810 2161 5859 vir

2273 4588 2427 4659 χόθεν
2502 4587 2896 4659 οἰκοδομεῖσθαι
2952 4588 3052 4659 τὴν
3111 4587 3457 4658 Ἐκκλησίαν.
3529 4588 3849 4659 Καταστελ-

2272 4678 2446 4733 λέσθω
2483 4679 2597 4751 (i9)
2645 4679 2715 4733 τά
2747 4678 2895 4749 πάθη
2939 4677 3047 4732 τῶν
3091 4678 3429 4743 ἀκολάστων,
3471 4678 3565 4731 καὶ
3609 4665 3849 4747 ἑγγείοις

2273 4773 2366 4825 καὶ
2405 4772 2707 4834 θαλαττίοις
2742 4770 3101 4842 ὑποδείγμασι
3146 4771 3532 4841 παιδευόμενα.
3584 4771 3851 4827 Ἐνταῦθά

2275 4881 2343 4934 με
2389 4863 2579 4934 στῆναι
2631 4862 2727 4915 τοῦ
2774 4862 2928 4930 λόγου
2982 4865 3018 4932 ἦ
3064 4880 3125 4918 τι
3173 4860 3268 4916 τοῦ
3322 4860 3569 4933 σώματος
3586 4879 3859 4934 καταναγο

2274 5119 2624 5162 uocttsstmus
2653 5109 2897 5172 Ducarius,
2922 5117 3067 5178 quod
3097 5124 3183 5163 me
3214 5122 3279 5161 ue
3319 5104 3588 5178 murenis
3620 5103 3844 5178 dicitur.

2276 5179 2327 5231 id
2375 5179 2594 5246 quidem
2656 5195 2685 5230 a
2720 5174 3042 5247 quibusdam
3072 5177 3435 5247 scriptoribus
3458 5174 3716 5228 aﬂlrntari
3744 5215 3757 5236 ,
3785 5178 3852 5225 al.

2272 5247 2397 5302 aliis
2424 5263 2551 5301 vero
2586 5250 2795 5317 negari.
2868 5315 2878 5317 _
2939 5289 2944 5294 .

2346 5319 2458 5387 (i7)
2487 5314 2951 5388 Colbfsecundus
2988 5315 3427 5388 τὴνγόμόζυγον,
3466 5314 3561 5367 καὶ
3614 5314 3748 5384 μηδὲ
3789 5314 3853 5388 ἐκ

2277 5381 2406 5459 μιᾶς
2440 5381 2976 5459 ’προψάσεωςᾘιζθι
3037 5381 3707 5459 ὐιςξιιίυε-Ιιὲυοιψρυυιῄιιὲ
3751 5383 3851 5453 τὴν

2274 5454 2694 5527 δμόζυγόνζΛΙίἰ
2729 5472 2858 5511 mss.
2892 5454 3012 5511 cum
3036 5455 3194 5527 editis
3226 5454 3600 5527 ὴνρμόζυγα
3625 5494 3641 5517 ,
3670 5466 3777 5527 εις.

2348 5522 2707 5598 (i8)'Codiccs
2742 5543 2832 5579 sex
2890 5522 3291 5597 qustpsusst.'
3332 5522 3478 5579 Editi
3532 5540 3654 5579 cum
3717 5522 3846 5592 Reg.

2274 5601 2461 5669 quinto
2483 5598 2824 5669 χρησιμεύει.

2347 5668 2457 5738 (l9)
2485 5661 2663 5721 'Culb:
2690 5668 2957 5720 secundus
3020 5663 3588 5732 καταστελλέσθωσαν.
3654 5661 3847 5716 Statim

2274 5736 2414 5792 idem
2444 5755 2541 5791 ius.
2574 5738 2957 5807 παιδευόμενα.
