4062 6462
297 389 396 439 liii

1387 393 1666 447 "Ofillle
1710 397 1792 450 \'ll
1837 397 1898 450 ΙΝ
1941 398 2433 458 IIEXAEMERON.

3355 11 3514 19 —.—————--.—-.
3523 10 3740 18 ——-—-—-—--——
3755 11 3762 16 -
3771 9 3944 16 ...ι--ι-ι--ι-

3432 419 3535 473 162

291 499 456 563 κάζει
487 500 780 568 ἰάσθένεια,
821 503 913 556 καὶ
962 503 1022 554 τὸ
1065 504 1160 573 τῆς
1191 502 1336 576 ὧρας
1371 506 1469 574 ὀψέ
1493 526 1504 536 ·
1541 512 1662 562 ἐπεὶ
1699 513 1857 566 πολλὰ

1969 528 2139 583 eaque
2163 517 2514 572 admiratione
2549 519 2730 587 digna,
2760 524 2822 574 de
2854 525 3012 578 rebus
3053 526 3103 578 in
3144 526 3274 581 mari
3304 543 3533 584 nascen-

297 591 379 645 έτι
425 593 736 666 προσθεῖναι
771 591 912 666 εἶχον
945 597 1056 658 τοῖς
1095 597 1368 669 φιληκόοις
1420 599 1693 670 θαύματος
1741 605 1865 671 ἄξια

294 685 428 755 περὶ
468 683 576 735 τῶν
610 687 891 757 φυομένων
935 688 991 738 ἐν
1023 690 1086 759 τῇ
1119 688 1386 762 θαλάσσῃ·
1425 693 1549 763 περὶ
1593 692 1866 766 θαλάσσης

295 776 489 844 αὐτῆς,
533 776 649 841 πῶς
689 782 766 842 εἰς
797 777 930 839 ἃλας
963 778 1021 830 τὸ
1055 780 1195 849 ὕδωρ
1230 783 1526 851 πήγνυταιο
1565 783 1680 844 πῶς
1707 786 1734 836 ό
1771 803 1864 840 πο-

296 866 587 935 λυτίμητος
632 868 774 927 λίθος
819 866 879 918 τὸ
912 871 1214 940 κουράλιεν,
1237 871 1362 944 χλόη
1401 875 1498 942 μέν
1536 876 1680 925 ἐστιν
1703 875 1757 925 ὲν
1798 881 1862 948 τῇ

296 958 568 1033 θαλάσσῃ,
612 959 830 1013 ἐπειδάν
868 961 923 1013 δὲ
968 965 1048 1024 εἰς
1088 963 1176 1013 τὸν
1217 965 1352 1034 ἀέρα
1397 966 1682 1036 ἐξενεχθῇ,
1731 969 1865 1036 πρὸς

293 1048 446 1104 λίθου
498 1052 828 1122 στερρότητα
880 1056 1326 1125 μεταπήγνυται·
1385 1058 1546 1113 πόθεν
1590 1061 1668 1131 τῷ
1713 1063 1864 1114 εὐτε-

293 1143 537 1217 λεστάτῳ
578 1145 702 1216 ξώῳ
754 1147 825 1218 τῷ
869 1148 1074 1219 ὀστρέῳ
1120 1151 1208 1202 τὸν
1255 1150 1549 1224 βαρύτιμον
1593 1156 1865 1227 μαργαρί-

291 1255 396 1310 την
431 1241 542 1308 (20)
655 1240 813 1307 φύσις
845 1240 1132 1311 ἐνέθηκεν·
1172 1242 1206 1295 ἃ
1257 1243 1362 1314 γὰρ
1399 1247 1720 1316 ἐπιθυμοῦσι
1771 1249 1864 1319 θη-

297 1335 488 1403 σαυροὶ
539 1331 819 1401 βασιλέων,
858 1334 1028 1386 ταῦτα
1064 1336 1189 1404 περὶ
1232 1338 1512 1406 αἰγιαλοὺς
1559 1341 1650 1392 καὶ
1695 1342 1866 1405 ἀκτάς

292 1428 391 1480 καὶ
429 1425 684 1496 τραχείας
730 1428 936 1496 πέτρας
978 1427 1303 1498 διέρριπται,
1331 1432 1442 1491 τοῖς
1473 1429 1713 1500 ἐλύτροις
1755 1435 1863 1489 τῶν

293 1518 534 1587 ὀστρέων
561 1519 851 1590 ἐγκείμενα
871 1535 883 1547 ’
920 1519 1080 1571 πόθεν
1111 1521 1171 1573 τὸ
1199 1522 1429 1591 χρυσοῦν
1464 1522 1606 1593 ἔριον
1648 1528 1702 1577 αἱ
1749 1528 1862 1580 πίν-

295 1627 383 1661 ναι
439 1609 745 1679 τρέφουσιν,
792 1611 926 1681 ὅπερ
962 1613 1136 1676 οὐδεὶς
1187 1614 1294 1666 τῶν
1347 1614 1664 1684 ἁνθοϐάφων
1701 1617 1862 1688 μέχρι

294 1699 392 1752 νῦν
426 1701 534 1771 (21)
581 1705 919 1774 ἐμιμήσατο·
953 1705 1112 1757 πόθεν
1143 1708 1200 1758 αἱ
1231 1707 1406 1778 κόχλοι
1438 1711 1549 1772 τοῖς
1587 1710 1863 1780 βασιλεῦσι

292 1792 392 1856 τὰς
422 1794 741 1867 ἁλουργίδας
769 1795 1098 1866 χαρίζονται,
1128 1799 1182 1852 αἳ
1213 1803 1306 1854 καὶ
1350 1800 1417 1854 τά
1450 1802 1582 1876 ἄνθη
1617 1805 1724 1858 τῶν
1765 1807 1864 1860 λει⁹

296 1886 490 1954 μώνων
542 1892 607 1957 τῇ
679 1889 899 1958 εὑχροία
966 1893 1332 1963 παρέδραμον.
1374 1894 1732 1966 Ἐξαγαγέτω
1788 1901 1860 1953 τὰ

292 1979 482 2031 ὕδατα
517 1980 648 2049 (22).
688 1981 796 2032 Καὶ
829 1982 880 2034 τί
915 1984 974 2036 οὐ
1019 1985 1208 2052 γέγονε
1257 1985 1364 2038 τῶν
1410 1988 1759 2055 ἀναγκαίων;
1807 1987 1864 2043 τί

289 2071 350 2122 δὲ
382 2071 500 2139 οὐχὶ
532 2072 638 2124 τῶν
673 2072 977 2128 πολυτελῶν
1027 2075 1288 2147 ἐχαρίσθη
1333 2076 1409 2147 τῷ
1462 2078 1594 2148 Bia);
1645 2081 1712 2133 τὰ
1765 2084 1861 2151 μὲν

289 2165 375 2225 εἰς
418 2165 718 2235 ὑπηρεσίαν
772 2168 1092 2239 ἀνθρώπων,
1138 2167 1207 2219 τὰ
1253 2168 1309 2220 δὲ
1352 2171 1431 2233 είς
1484 2170 1715 2242 θεωρίαν
1765 2173 1858 2226 τοῦ

289 2261 421 2332 περὶ
448 2260 544 2333 τὴν
578 2264 754 2315 κτίσιν
798 2264 1091 2332 θαύματος.
1121 2262 1288 2315 Ἀλλα
1321 2264 1547 2338 φοϐερὰ,
1591 2269 1863 2336 παιδαγω-

288 2352 492 2420 γοῦν-ια
536 2355 692 2425 ἡμῶν
725 2357 784 2408 τὸ
825 2355 1062 2426 ῥᾴθυμον
1116 2357 1246 2425 (25).
1295 2357 1606 2427 Ἐποίησεν
1639 2365 1671 2415 ὀ
1719 2362 1860 2429 Θεὸς

291 2447 364 2500 τὰ
419 2448 569 2514 κήτη
636 2451 706 2502 τὰ
759 2448 1011 2518 μεγάλα.
1062 2451 1175 2503 Οὐκ
1235 2452 1419 2524 ἐπειδὴ
1496 2455 1710 2526 καρίδος
1769 2458 1861 2508 καὶ

292 2538 536 2609 μαινίδος
587 2541 826 2610 μείζονα,
868 2541 955 2594 διὰ
995 2542 1152 2595 τοῦτο
1203 2544 1412 2614 μεγάλα
1457 2545 1702 2616 εἴρηται·
1746 2548 1860 2600 ἀλλ’

287 2629 475 2701 ἐπειδὴ
523 2634 632 2695 τοῖς
667 2633 940 2702 μεγίστοις
979 2633 1127 2705 ὄρεσι
1160 2635 1235 2706 τῷ
1275 2638 1420 2708 ὄγκῳ
1466 2637 1561 2691 τοῦ
1612 2637 1862 2709 σώματος

287 2723 682 2793 Μρισὰζεται·
718 2725 753 2779 ἆ
801 2743 863 2794 γε
910 2726 1000 2779 καὶ
1046 2729 1222 2799 νήσων
1272 2731 1529 2795 πολλάκις
1563 2733 1862 2801 φαντασίαν

288 2816 619 2885 παρέχεται,
668 2819 884 2872 ἐπειδάν
952 2838 1081 2873 ποτε
1138 2822 1228 2873 ἐπὶ
1275 2823 1372 2890 τὴν
1415 2823 1587 2894 ἄκραν
1661 2827 1860 2896 emes.

291 2923 440 2959 νειαν
490 2908 581 2960 τοῦ
625 2908 812 2973 ὕδατος
853 2913 1200 2982 άνανήξηται.
1253 2913 1436 2966 Ταῦτα
1494 2916 1673 2985 μέντοι
1713 2920 1863 2988 τηλι-

290 2999 466 3054 καῦτα
515 3001 641 3054 ὂντα
695 3004 755 3054 οὐ
811 3005 940 3074 περὶ
992 3004 1192 3067 ἀκτὰς,
1231 3006 1350 3058 οὐδὲ
1408 3007 1684 3074 αἰγιαλοὺς
1734 3003 1858 3081 (24)

287 3091 582 3162 διατρίϐει,
631 3095 765 3147 ἀλλὰ
805 3097 865 3148 τὸ
912 3097 1249 3150 Ἀτλαντικὸν
1293 3099 1579 3170 λεγόμενον
1628 3103 1860 3173 πέλαγος

288 3186 504 3238 ἐνοικεῖ.
538 3187 774 3242 Τοιαῦτόι
815 3191 930 3240 ἐστι
972 3190 1040 3242 τὰ
1090 3190 1224 3260 πρὸς
1282 3190 1443 3258 φόϐον
1477 3193 1570 3246 καὶ
1599 3193 1858 3264 ἔκπληξιν

287 3277 561 3351 ἡμετέραν
615 3281 1082 3353 δημιουργηθέντα
1123 3282 1254 3346 ζῶα.
1305 3283 1428 3336 Ἐὰν
1474 3287 1529 3337 δὲ
1582 3286 1853 3355 ἀκούσῃς,

286 3368 369 3422 ὅτι
402 3371 469 3425 τὰ
503 3372 736 3442 μέγιστα
771 3374 880 3427 τῶν
935 3373 1129 3429 πλοίων
1179 3377 1515 3446 ὴπλωμένοις
1570 3378 1754 3440 ίστίοις
1799 3380 1856 3446 ἐξ

285 3461 475 3530 οὐρίας
514 3466 784 3535 φερόμενα
812 3467 871 3518 τὸ
926 3468 1249 3538 μικρότατον
1312 3467 1600 3539 ίχθύδιονὴ
1644 3469 1858 3540 ἑχενηῒς

283 3552 429 3606 οὕτω
469 3557 662 3626 ῥᾳδίως
704 3558 933 3627 ἵστησιν,
966 3558 1104 3610 ὥστε
1162 3560 1414 3629 ἀκίνητον
1469 3562 1560 3612 ἐπὶ
1609 3560 1856 3613 πλεῖστον

287 3646 579 3716 φυλάσσειν
631 3648 728 3719 τὴν
775 3650 906 3702 ναῦν
953 3649 1141 3720 ὥσπερ
1195 3650 1691 3723 καταρριζωθεῖσαν
1743 3653 1854 3724 (25)

283 3743 344 3794 ὲν
377 3743 523 3813 αὐτῷ
544 3743 621 3812 τῷ
650 3745 892 3814 πελάγει,
922 3743 1010 3817 ἆρ’
1035 3747 1153 3816 οὐχὶ
1176 3749 1266 3800 καὶ
1295 3751 1350 3799 ἐν
1377 3749 1452 3818 τῷ
1482 3748 1661 3819 μικρῷ
1684 3749 1856 3819 τούτῳ

281 3834 383 3904 τὴν
429 3835 598 3906 αὐτὴν
657 3837 754 3907 τῆς
792 3836 884 3890 τοῦ
918 3838 1199 3901 κτίσαντος
1230 3839 1509 3909 δυνάμεως
1560 3840 1855 3910 λαμϐάνεις

284 3926 558 3993 ἀπόδειξιν
579 3944 592 3992 ;
611 3928 685 3981 Οὐ
712 3929 820 4000 γὰρ
849 3930 995 4000 μόνοι
1015 3930 1124 4001 (26)
1158 3931 1349 3998 ξιφίαι,
1380 3934 1472 3985 καὶ
1499 3933 1735 4003 πρίονες,
1761 3935 1854 3987 καὶ

284 4015 468 4080 κύνες,
499 4021 592 4071 καὶ
625 4019 880 4089 φάλαιναι
910 4023 1001 4076 καὶ
1035 4022 1304 4092 ζύγαιναι,
1336 4023 1560 4095 φοϐερὰ,
1596 4024 1730 4077 ἀλλὰ
1760 4025 1856 4078 καὶ

281 4110 542 4180 τρυγόνος
573 4113 794 4182 κέντρον
817 4114 916 4184 τῆς
947 4114 1262 4180 θαλασσίας,
1283 4118 1374 4170 καὶ
1399 4116 1601 4185 ταύτης
1633 4120 1851 4185 νεκρᾶς,

285 4200 381 4251 καὶ
406 4201 613 4268 λαγωὸς
641 4203 668 4252 ό
692 4203 999 4266 θαλάσσιος,
1036 4207 1133 4274 οὐχ
1166 4201 1324 4275 ἧττόν
1356 4208 1470 4257 ἐστι
1503 4205 1725 4275 φοϐερὰ,
1757 4223 1854 4259 τα-

286 4291 437 4361 χεῖαν
453 4291 545 4343 καὶ
568 4292 935 4364 ἀπαραίτητον
972 4293 1066 4365 τὴν
1097 4294 1296 4365 φθορὰν
1327 4295 1670 4365 ἐπιφέροντα.
1702 4295 1854 4347 Οὕτω

285 4396 345 4434 σε
383 4382 468 4436 διὰ
521 4388 733 4438 πάντων
765 4386 1122 4457 ἐγρηγορέναι
1152 4389 1180 4440 ὁ
1220 4388 1442 4459 κτίστης
1492 4387 1758 4457 βούλεται,
1787 4388 1852 4441 ἵν’

282 4475 342 4526 ὲν
375 4477 437 4545 τῇ
472 4476 606 4547 πρὸς
631 4477 761 4532 Θεὸν
791 4478 961 4530 ἐλπίδι
989 4477 1084 4543 τὰς
1126 4480 1220 4532 ἀπ’
1258 4479 1435 4532 αὐτῶν
1470 4479 1671 4549 βλάϐας
1719 4481 1852 4533 ἀπο-

1970 610 2110 663 tilms
2154 624 2423 679 apponere
2470 623 2731 681 poteram.
2791 613 3051 672 Nimirum
3093 619 3159 674 de
3204 621 3320 688 ipso
3359 626 3535 680 mari:

1968 704 2234 770 quomodo
2274 705 2325 756 iu
2351 704 2514 758 salem
2542 712 2844 763 concrescit
2892 725 3029 779 aqua
3059 731 3070 763 :
3103 717 3371 783 quomodo
3411 734 3537 788 pre-

1969 793 2289 848 tiosissimus
2335 795 2466 864 lapis
2527 802 2827 866 corallium,
2859 804 2910 857 in
2939 807 3073 858 mari
3117 810 3329 873 quidem
3369 811 3535 866 herba

1966 896 2070 950 est,
2099 895 2380 954 postquam
2425 904 2551 943 vero
2579 893 2629 943 in
2662 908 2839 947 aerem
2891 899 3113 951 eductus
3148 898 3327 966 fuerit,
3364 905 3418 959 in
3459 907 3538 962 la-

1968 975 2102 1039 pidis
2138 976 2460 1032 soliditatem
2519 983 2881 1053 compingitur
2926 1005 2940 1040 :
3003 992 3141 1045 unde
3194 993 3244 1046 in
3277 996 3535 1058 vilissima

1969 1065 2136 1120 bestia
2173 1083 2349 1127 ostrea
2405 1078 2752 1145 margaritam
2818 1095 3074 1150 perquam
3117 1089 3405 1155 pretiosam
3439 1111 3536 1152 na-

1970 1168 2086 1211 tura
2122 1160 2356 1218 inclusit.
2390 1168 2518 1232 Quae
2560 1169 2704 1223 enim
2752 1176 3138 1243 concupiscunt
3192 1198 3376 1254 regum
3420 1190 3537 1244 the-

1967 1252 2133 1320 sauri,
2189 1268 2249 1306 ea
2280 1257 2419 1310 circa
2470 1260 2646 1315 littora
2697 1263 2946 1334 ripasque
2996 1279 3049 1323 et
3086 1252 3305 1342 asperas
3352 1290 3537 1348 petras

1967 1344 2188 1414 disjecta
2217 1357 2358 1413 sunt,
2394 1349 2446 1402 in
2505 1364 2804 1412 ostreorum
2843 1362 2995 1415 testis
3038 1369 3312 1423 recondita
3337 1344 3364 1438 ;‘
3397 1375 3537 1430 unde

1967 1439 2140 1507 pinna:
2179 1455 2398 1494 auream
2453 1443 2627 1498 lanam
2666 1455 2948 1519 nutriunt,
3000 1473 3160 1526 quam
3214 1463 3534 1525 infectorum

1968 1533 2143 1588 nullus
2171 1535 2432 1590 hactenus
2461 1548 2543 1592 est
2578 1541 2846 1611 imitatus;
2887 1551 3025 1605 unde
3051 1554 3283 1610 cochleas
3319 1563 3536 1627 regibus

1967 1620 2266 1688 largiuntur
2323 1643 2634 1698 purpuram,
2671 1648 2791 1703 quae
2853 1652 3126 1706 pratorum
3176 1648 3337 1702 etiam
3374 1651 3536 1707 ﬂores

1967 1713 2161 1768 coloris
2193 1721 2497 1786 praestantia
2552 1736 2826 1794 superant.
2868 1729 3174 1790 Producant
3231 1757 3400 1812 aqum.
3438 1744 3536 1800 Ec.

1967 1809 2092 1876 quid
2124 1816 2546 1870 necessariorum
2573 1816 2771 1873 factum
2815 1837 2917 1875 non
2969 1827 3089 1878 est?
3124 1832 3246 1888 quid
3273 1809 3536 1900 pretioso-

1968 1915 2082 1952 rum
2113 1903 2291 1956 datum
2324 1923 2423 1961 non
2452 1919 2535 1964 est
2563 1909 2719 1963 vitm?
2767 1913 2887 1969 llaec
2930 1919 3142 1987 quidem
3168 1925 3232 1976 ad
3260 1924 3532 1986 hominum

1965 1993 2358 2058 ministerium,
2412 1999 2498 2053 illa
2539 2017 2666 2058 vero
2714 2005 2779 2056 ad
2831 2012 3377 2078 contemplationem:
3429 2036 3536 2091 qua

1965 2085 2253 2139 creationis
2309 2088 2627 2150 miraculum
2696 2101 3145 2169 contemplamur.
3221 2109 3338 2165 Alia
3407 2085 3535 2171 sunt

1963 2172 2265 2238 horribilia,
2284 2179 2542 2235 desidiam
2564 2199 2800 2243 nostram
2820 2194 3142 2249 erudientia.
3169 2198 3371 2257 Creavit
3394 2204 3534 2263 Deus

1961 2273 2068 2318 cete
2096 2268 2317 2335 grandia
2335 2269 2400 2322 ’7.
2441 2270 2555 2326 Non
2590 2278 2711 2342 quia
2739 2282 2939 2350 majora
2992 2297 3299 2358 suntquam
3342 2278 3535 2366 siquilla

1961 2366 2015 2410 et
2047 2359 2460 2418 maena,idcirco
2491 2368 2710 2432 grandia
2738 2372 2876 2424 dicta
2905 2388 3054 2431 sunt:
3092 2382 3184 2434 sed
3213 2384 3336 2452 quia
3363 2359 3536 2442 mm-

1962 2451 2063 2505 mis
2082 2454 2354 2509 montibus
2372 2456 2511 2510 mole
2531 2462 2769 2526 corporis
2787 2465 3133 2536 adarquantur
3154 2491 3164 2526 :
3185 2451 3303 2542 quae
3326 2494 3471 2534 certe
3489 2480 3537 2537 si

1964 2557 2197 2609 unquam
2217 2551 2280 2599 ad
2300 2563 2564 2603 summam
2584 2568 2735 2619 aqua:
2749 2559 3086 2624 superﬁciem
3108 2564 3219 2635 69
3238 2581 3392 2623 enata
3404 2572 3532 2638 rint,

1963 2645 2328 2698 saepenumero
2363 2641 2594 2706 speciem
2629 2643 2870 2701 referunt
2897 2647 3217 2708 insularum.
3249 2656 3373 2712 Ηιιιο
3416 2665 3537 2730 qui-

1963 2723 2082 2776 dem
2109 2735 2278 2789 certe,
2327 2739 2512 2798 utpote
2539 2743 2828 2800 tanta,non
2860 2741 3002 2796 circa
3029 2745 3171 2813 ripas
3195 2762 3366 2818 neque
3388 2723 3534 2809 circa

1963 2815 2146 2872 littora
2175 2820 2551 2880 diversantur:
2589 2830 2682 2882 sed
2717 2831 2767 2884 in
2794 2848 2857 2887 eo
2883 2837 3016 2890 mari
3036 2841 3175 2907 quod
3204 2815 3535 2901 Atlanticum

1963 2921 2207 2978 vocatur,
2243 2915 2565 2976 inhabitant.
2603 2921 2749 2976 Talia
2781 2937 2908 2981 sunt
2962 2932 3276 2998 animantia,
3309 2951 3431 3006 quae
3463 2939 3532 2995 ad

1963 3015 2225 3061 terrorem
2263 3011 2664 3081 {stuporemque
2715 3015 2866 3071 nobis
2929 3019 3295 3080 incutiendum
3350 3042 3533 3086 creata

1959 3107 2104 3154 sunt.
2139 3099 2209 3152 At
2241 3100 2282 3154 si
2309 3102 2622 3170 pisciculum
2665 3107 2968 3174 minimum,
3002 3127 3271 3168 remoram
3304 3119 3530 3187 scilicet,

1963 3192 2191 3246 maxima
2223 3194 2455 3264 navigia,
2481 3199 2722 3266 expassis
2762 3200 2891 3255 velis
2931 3213 3089 3258 vento
3111 3210 3349 3261 secundo
3375 3219 3534 3266 uten-

1965 3282 2057 3342 tia,
2085 3283 2240 3337 facile
2273 3284 2463 3340 sistere
2493 3290 2759 3357 audieris;
2797 3292 2869 3345 ita
2920 3307 2977 3349 ut
3015 3295 3192 3348 navim
3227 3297 3535 3356 diutissime

1965 3373 2199 3429 detineat
2246 3377 2556 3442 immotam,
2625 3385 2776 3450 quasi
2837 3386 2888 3436 iu
2959 3387 3075 3453 ipso
3133 3391 3269 3443 mari
3322 3393 3535 3450 radices

1965 3465 2200 3532 egisset,
2255 3482 2431 3523 nonne
2471 3470 2634 3524 etiam
2675 3473 2725 3525 in
2782 3474 2881 3528 hoc
2932 3479 3124 3548 exiguo
3167 3483 3312 3550 pisce
3344 3488 3533 3540 eadem

1963 3555 2238 3612 Creatoris
2286 3561 2521 3628 polentia
2560 3563 2651 3618 tibi
2690 3566 3021 3635 signiﬁcatur
3074 3588 3138 3628 ac
3186 3579 3537 3633 ostenditur?

1965 3646 2079 3702 Non
2114 3651 2257 3705 enim
2307 3652 2475 3707 solum
2511 3655 2702 3725 gladii,
2755 3672 2954 3727 serrae,
2993 3677 3191 3731 canes,
3229 3666 3446 3722 halama:
3481 3677 3536 3724 et

1964 3757 2196 3812 zygaanae
2228 3742 2563 3802 formidanda
2596 3760 2756 3815 sunt;
2793 3754 2884 3804 sed
2913 3765 2964 3805 et
2995 3755 3215 3809 aculeus
3245 3762 3536 3826 pastinaca:

1964 3837 2207 3902 marina},
2250 3839 2476 3907 ejusque
2499 3851 2745 3906 mortuae,
2775 3851 2829 3895 et
2855 3843 3005 3912 lepus
3034 3850 3275 3904 marinus
3309 3868 3410 3906 non
3435 3854 3534 3906 mi-

1963 3943 2064 3982 nus
2104 3945 2228 3984 sunt
2271 3931 2568 3994 metuendi,
2619 3949 2738 3987 cum
2788 3935 3015 3990 celerem
3063 3924 3537 4013 inevitabilemquc

1963 4017 2241 4072 interitum
2289 4019 2538 4075 afferant.
2575 4022 2649 4076 Ita
2702 4033 2751 4078 te
2795 4041 2890 4093 per
2935 4031 3117 4082 omnia
3156 4032 3377 4099 vigilare
3422 4034 3536 4088 vult

1961 4107 2240 4177 Conditor,
2263 4121 2340 4179 ut,
2372 4117 2599 4183 reposita
2629 4116 2681 4169 in
2709 4117 2813 4170 Deo
2832 4134 2944 4186 spe,
2965 4119 3286 4176 detrimenta
3312 4125 3378 4177 ab
3403 4125 3533 4194 ipsis

1964 4203 2325 4272 impendentia
2357 4207 2618 4264 declines.
2660 4208 2764 4262 Sed
2805 4212 2949 4262 enim
2984 4211 3051 4265 ab
3079 4213 3200 4266 imis
3231 4217 3531 4286 gurgitibus

1962 4310 2286 4362 remeantes,
2320 4300 2386 4354 ad
2423 4301 2790 4353 continentem
2825 4303 3126 4358 redeamus.
3159 4304 3290 4360 Nam
3325 4311 3528 4375 opilicii

1961 4388 2214 4443 miracula
2247 4390 2350 4444 alia
2376 4407 2438 4442 ex
2470 4391 2592 4444 aliis
2623 4392 2777 4445 nobis
2807 4397 3142 4449 occurrentia
3166 4438 3180 4460 ,
3221 4402 3365 4453 velut
3396 4402 3522 4467 qui-

1958 4482 2079 4535 dam
2112 4481 2336 4548 ﬂuctus,
2367 4483 2575 4536 crebris
2618 4483 2947 4555 alternisque
2977 4488 3388 4542 excursionibus
3436 4505 3534 4546 no-

281 4565 592 4642 διδράσκῃς.
634 4571 793 4624 Ἀλλά
827 4571 934 4642 γὰρ
976 4572 1374 4642 ἀναδραμόντες
1410 4574 1473 4625 ὲκ
1508 4573 1616 4625 τῶν
1653 4573 1848 4642 βυθῶν,

1961 4584 2128 4627 strum
2170 4576 2512 4629 submersere
2558 4591 2882 4631 sermonem.
2936 4579 3257 4648 Quanquam
3301 4580 3353 4634 id
3398 4585 3530 4639 mihi

280 4657 376 4710 ἐπὶ
400 4661 498 4729 τὴν
542 4661 768 4731 ἤπειρον
819 4662 1239 4732 καταφύγωμεν.
1286 4664 1394 4716 Καὶ
1424 4664 1532 4734 γάρ
1567 4682 1683 4726 πως
1722 4664 1856 4717 ἄλλα.

347 4776 390 4808 ⁸⁷
421 4776 556 4833 Gen.
581 4793 619 4840 ι,
641 4777 730 4832 21.

360 4890 474 4961 (20)
531 4891 785 4948 Nonnulli
850 4909 981 4950 mss.
1040 4894 1132 4948 τὸν
1187 4893 1484 4965 πολύτιμον
1567 4895 1840 4967 μαργαρί-

272 4977 396 5014 την.

331 5001 460 5103 ⁸(ἐι)
493 5031 585 5106 sic
611 5049 743 5106 mss.
775 5045 1000 5104 septem.
1038 5035 1210 5090 Voces
1267 5035 1428 5106 μέχρι
1476 5035 1570 5088 νῦν
1621 5035 1840 5090 deside-

275 5113 472 5156 rantur
499 5103 548 5154 in
589 5104 840 5172 vulgatis.

349 5172 458 5243 (22)
481 5173 633 5226 Colb.
652 5176 866 5244 primus
905 5175 1181 5242 aliquanto
1211 5173 1403 5238 fusius,
1435 5174 1752 5244 ὲξαγαγέτω
1773 5177 1841 5230 τὰ

273 5243 674 5317 ὕδατα-ἑρπετά
701 5243 887 5315 ψυχῶν
931 5246 1141 5310 ζωσῶν,
1186 5246 1473 5313 producant
1502 5243 1651 5317 aqua:
1680 5250 1841 5315 repti-

270 5315 346 5370 lt'a
370 5314 668 5366 animarum
697 5314 970 5369 viventium

480 5381 687 5457 [inustis
711 5385 864 5438 Colb.
897 5387 1115 5457 primus,
1142 5382 1296 5457 ἡμῶν
1328 5386 1426 5457 τὴν
1471 5386 1766 5457 ῥᾳθυμίαν.

344 5454 454 5524 (24)
483 5453 705 5524 Codices
729 5465 870 5519 octo,
893 5455 1013 5508 οὐδὲ
1039 5453 1336 5523 αἰγιαλούς.
1373 5453 1527 5509 Ειίίὶί
1544 5453 1662 5508 cuin
1685 5457 1834 5512 Colb.

271 5525 508 5594 secundo
536 5523 656 5576 οὐδὲ
691 5525 818 5594 περὶ
854 5525 1153 5593 αἰγιαλούς.
1204 5527 1403 5578 Ιίιιιίριιι
1456 5526 1608 5579 Colb.
1645 5543 1839 5581 secun-

271 5595 369 5646 dus
389 5593 466 5660 τῷ
489 5593 822 5666 ξΑτλαντικῷ
851 5595 1124 5666 λεγομένῳ
1147 5595 1368 5662 πελάγει
1406 5597 1620 5648 ἐνοικεῖ.

341 5665 456 5731 (25)
489 5662 712 5719 Variam
758 5662 899 5719 inter
927 5662 990 5719 se
1019 5662 1226 5719 veteres
1255 5675 1362 5717 tum
1399 5668 1606 5719 calamo
1641 5668 1829 5729 notati,

273 5744 380 5785 tum
416 5737 556 5803 typis
581 5735 837 5806 deseripti
862 5736 1002 5788 libri.
1046 5736 1218 5788 Edilio
1248 5734 1413 5790 Basil.
1441 5753 1562 5789 cum
1601 5735 1751 5789 Bodl.
1780 5749 1832 5791 et

269 5816 391 5857 cum
419 5806 539 5860 aliis
565 5807 748 5858 multis
768 5805 910 5860 mss.
949 5805 1241 5874 φυλάσσειν
1270 5807 1456 5878 ὥσπερ
1490 5808 1832 5878 καταρριζω-

583 5898 854 5959 ΡΑτειοι.
903 5901 1022 5959 (in.
1074 5900 1290 5961 XXIX

1964 4664 2147 4731 utique
2179 4664 2341 4718 fuerit
2379 4665 2760 4731 admirationi,
2797 4667 2843 4722 si
2893 4684 3047 4723 mens
3098 4683 3279 4725 nostra
3305 4712 3317 4736 ,
3365 4675 3531 4729 admi-

1949 4895 2040 4949 θεν
2064 4895 2142 4967 ὲν,
2167 4891 2521 4967 Henricianus
2554 4894 2721 4947 codex
2751 4903 2805 4947 et
2835 4893 2996 4967 C_ois_l.
3036 4897 3304 4951 secundus
3328 4896 3527 4967 φυλάσ·

1950 4984 2063 5019 σειν
2097 4966 2196 5036 τὴν
2239 4962 2592 5036 ναιίνμῶσπερΔ
2621 4963 3056 5036 καταρῤιζωθέν,
3106 4962 3358 5035 tanquam
3394 4970 3438 5022 si
3474 4970 3526 5025 id

1948 5039 2012 5090 ad
2047 5033 2226 5091 t'ocem
2249 5033 2483 5103 ἰχθύδιον
2512 5033 2848 5106 [eluendum
2870 5038 2958 5089 sit.
2993 5033 3522 5106 Medicaﬁmﬁomlr,

1946 5107 2097 5160 Colb.
2127 5102 2478 5178 secutidusei
2517 5102 2648 5178 Beg.
2687 5116 2911 5178 octavus
2943 5106 3238 5174 φυλάσσειν
3265 5109 3364 5178 τὴν
3395 5102 3528 5164 ναῦν

1945 5176 2132 5248 ὣσπερ
2208 5172 2742 5248 καταρριζωθείσανο
2772 5177 2894 5248 __cu.‘
2956 5172 3172 5230 lectioni
3205 5172 3423 5248 ifav'ent
3473 5191 3530 5233 et

1942 5243 2264 5300 Ambrosius
2308 5258 2362 5296 et
2392 5243 2731 5299 Eustathius.
2768 5243 2962 5300 Nostra
2995 5250 3161 5302 editio
3201 5247 3376 5303 Paris.
3424 5267 3528 5304 κα-

1942 5315 2342 5388 ταρρωθείξσαν.

2019 5384 2145 5458 (26)
2180 5387 2403 5458 (lodices
2433 5384 2666 5458 quinque
2693 5385 2750 5436 οὐ
2779 5384 2887 5455 γὰρ
2916 5387 3086 5456 μόνοι.
3111 5386 3247 5441 Editi
3275 5386 3335 5439 ού
3365 5388 3531 5458 μόνον

1941 5457 2069 5527 γάρ.
2098 5454 2217 5508 Mox
2238 5454 2590 5527 editio_B.is-il.
2621 5471 2740 5527 cum
2779 5454 2883 5527 ms.
2909 5454 3155 5512 Combef.
3176 5469 3229 5510 et
3256 5454 3377 5511 cum
3406 5460 3529 5512 aliis

1948 5524 2138 5597 novem
2172 5536 2363 5592 praeter
2396 5524 2545 5578 Bodl.
2596 5525 2846 5597 φοϐεραί.
2901 5527 3076 5581 Editio
3127 5527 3301 5582 Paris.
3367 5527 3531 5597 φοϐε-

1949 5597 2058 5666 ραί.
2093 5595 2318 5665 Zygzcna
2353 5609 2528 5667 autem
2559 5596 2723 5664 piscis
2748 5605 2850 5660 est,
2882 5614 3040 5667 quem
3095 5598 3338 5651 nonnulli
3380 5595 3529 5653 libel-

1943 5670 2052 5717 lam
2107 5678 2318 5721 vocant.
2377 5666 2524 5720 llattc
2580 5668 2783 5734 piscem
2836 5666 2994 5724 vocat
3057 5669 3380 5724 Tilmauuus
3434 5684 3527 5722 ar-

1941 5752 2076 5790 cam.

3168 5900 3206 5960 ϐ
