4062 6428
588 344 692 399 I65

1916 350 1972 407 S.
2016 351 2257 412 BASILII
2301 354 2513 409 MAGNI

3743 362 3848 411 hii

586 460 837 514 rubiliora
862 475 912 512 tn
939 458 1128 515 tellure
1155 472 1331 527 nacta,
1364 479 1549 518 rursus
1588 468 1643 518 in
1679 468 1845 523 'mare
1890 467 1957 521 ad
2000 466 2133 523 Joua

2254 468 2342 520 ἐπ’
2390 468 2571 529 ἄλλοις
2628 468 2999 521 καταλαῦὁντα
3040 470 3184 540 ἡμᾶς
3222 469 3319 539 τῆς
3373 470 3737 541 δημιουργιας
3776 476 3846 523 τὰ

582 551 883 619 exetnplutn
926 567 1031 605 non
1077 554 1334 624 aufugiat.
1372 553 1597 609 Videtur
1632 568 1813 611 autem
1860 558 1989 611 mihi
2022 574 2151 610 ora-

585 646 657 697 tio
678 643 893 712 delapsa
919 645 970 697 in
1005 646 1281 700 innumera
1311 647 1593 710 miracula,
1630 650 1769 703 modi
1804 650 1970 705 oblita
2007 665 2148 711 esse,

580 745 634 787 et
681 736 819 789 idem
868 750 1119 806 perpessa
1168 738 1332 792 fuisse
1378 743 1517 810 quod
1560 741 1596 794 ii
1650 744 1741 809 qui
1793 743 2046 812 navigant
2099 744 2151 796 in

578 826 797 897 pelago,
842 828 932 896 qui
980 845 1048 884 ex
1094 830 1237 883 nullo
1280 834 1511 886 termino
1557 833 1665 887 lixo
1714 846 1915 889 motum
1973 833 2152 903 conje-

580 928 820 983 ctantes,
888 922 1085 990 sat-pius
1147 934 1410 991 quantum
1451 924 1518 978 ab
1565 924 1695 993 ipsis
1740 929 1810 981 sit
1865 927 2150 983 decursum

577 1010 733 1077 Spatii
796 1009 1063 1080 ignorant.
1109 1011 1259 1078 Quod
1312 1029 1443 1068 sane
1502 1015 1654 1068 nobis
1714 1017 1876 1070 etiam
1936 1016 2152 1072 videtur

578 1100 881 1165 accidisse,
951 1105 1145 1173 quippe
1221 1122 1467 1161 sermone
1539 1118 1843 1163 creaturam
1930 1125 2150 1179 percur-

577 1200 766 1253 rente,
817 1205 1002 1244 eorum
1064 1207 1184 1261 quae
1231 1196 1398 1249 relata
1444 1206 1567 1249 sttnl
1614 1198 1820 1265 copiam
1868 1213 1974 1251 non
2022 1214 2148 1267 per-

576 1282 835 1350 cepimus.
873 1280 1068 1337 Verum
1111 1285 1235 1339 licet
1262 1288 1571 1342 venerabile
1605 1289 1732 1343 illud
1770 1289 2038 1344 theatrum
2084 1292 2148 1345 li-

576 1375 767 1428 benter
796 1377 1009 1439 audiat,
1039 1388 1090 1432 et
1119 1379 1496 1435 miraculorum
1530 1382 1775 1436 herilium
1806 1388 2048 1441 narratio
2075 1388 2148 1442 sit

574 1482 849 1520 servorum
888 1468 1107 1524 auribus
1147 1468 1379 1537 iucunda
1423 1492 1437 1529 :
1485 1476 1572 1528 hic
1619 1483 1796 1528 tamen
1843 1479 2143 1533 orationem

571 1558 856 1621 sistentes.
888 1560 1027 1614 diem
1065 1562 1131 1615 ad
1161 1577 1222 1616 ea
1257 1579 1378 1634 qua:
1421 1568 1615 1619 desunt
1646 1566 1975 1623 absolvenda
1999 1611 2015 1637 ,
2050 1585 2145 1623 ex-

570 1662 893 1721 spectemus.
931 1650 1131 1709 Omnes
1177 1655 1340 1724 igitur
1370 1669 1721 1726 exsurgentes
1768 1676 1875 1729 pro,
1908 1662 1992 1715 his
2025 1675 2143 1729 qum

570 1754 994 1795 commemorata
1030 1753 1177 1807 sunt,
1218 1746 1420 1813 gratias
1459 1761 1723 1816 agamus;
1760 1759 1814 1803 et
1850 1760 1992 1803 utea
2022 1764 2140 1819 qme

2258 558 2531 629 θαύματα,
2556 552 2669 611 οἶόν
2699 576 2819 613 τινα
2843 559 3082 628 κύματα,
3116 563 3233 624 ταῖς
3270 563 3517 630 συνεχέσι
3544 563 3640 617 καὶ
3669 563 3843 615 ἐπαλ-

2254 649 2434 720 λήλοις
2472 650 2791 721 ἐπιδρομαῖς
2821 652 3147 723 ὑποϐρύχιον
3172 657 3203 726 ή
3214 652 3327 726 μῶν
3351 653 3441 705 τὸν
3470 656 3627 725 λόγον
3661 650 3842 725 ἤγαγε

2255 741 2388 811 (27).
2413 743 2601 796 Καίτοι
2636 741 2974 814 θαυμάσαιμι
3010 744 3096 807 ἂν,
3124 749 3172 799 εἰ
3207 747 3301 818 μὴ,
3336 745 3544 816 μείζοσι
3570 752 3683 813 τοῖς
3715 749 3839 801 κατ’

2252 832 2485 904 ήπειρον
2516 833 2838 902 παραδόξοις
2886 837 2917 905 ή
2950 834 3155 887 διάνοια
3188 837 3344 908 ἡμῶν
3378 836 3695 905 ἐντυχοῦσα,
3727 837 3838 892 πά-

2251 923 2337 975 λιν
2378 926 2520 979 κατὰ
2549 925 2638 978 τὸν
2675 924 2859 978 ’ῐωνᾶν
2880 926 2972 979 ἐπὶ
3002 924 3100 995 τὴν
3132 924 3405 983 θάλασσαν
3452 927 3832 997 δραπετεύσει.

2254 1014 2440 1067 Ἐοικε
2467 1017 2525 1069 δέ
2581 1032 2670 1086 μοι
2706 1016 2735 1067 ὁ
2785 1014 2940 1082 λόγος
2972 1013 3227 1087 ἐμπεσὼν
3287 1022 3367 1084 εἰς
3400 1018 3468 1073 τὰ
3502 1019 3671 1089 μυρία
3703 1021 3835 1073 θαύ-

2253 1123 2392 1176 ματα
2440 1106 2788 1177 ἐπιλελῆσθαι
2827 1108 2927 1177 τῆς
2963 1108 3336 1180 συμμετρίας,
3374 1113 3468 1165 καὶ
3533 1112 3701 1163 ταυτὸ
3737 1131 3832 1166 πε-

2248 1199 2501 1255 πονθέναι
2533 1203 2642 1263 τοῖς
2685 1199 2742 1250 ἐν
2776 1199 3002 1269 πελάγει
3051 1199 3509 1269 ναυτιλλομένοις,
3552 1202 3600 1255 οἳ
3625 1242 3640 1263 ,
3693 1204 3833 1271 πρὸς

2253 1289 2419 1360 μηδὲν
2475 1289 2718 1361 πεπηγὸς
2770 1289 2879 1358 (28)
2939 1290 3037 1361 τὴν
3089 1292 3300 1361 κίνησιν
3362 1275 3827 1365 τεκμαιρόμενοι,

2246 1380 2493 1449 ἀγνοοῦσι
2538 1381 2792 1443 πολλάκις
2847 1381 2969 1433 ὅσον
3006 1383 3313 1453 διέδραμον.
3344 1383 3408 1433 Ὃ
3459 1382 3523 1453 δὴ
3565 1385 3660 1437 καὶ
3694 1383 3824 1453 περὶ

2244 1472 2390 1540 ἡμᾶς
2417 1470 2560 1525 ἔοικε
2588 1470 2952 1542 γεγενῆσθαι,
2985 1474 3265 1544 τρέχοντος
3296 1471 3390 1524 τοῦ
3425 1472 3582 1540 λόγου
3616 1475 3703 1529 διὰ
3728 1475 3826 1544 τῆς

2243 1564 2493 1631 κτίσεως,
2536 1568 2611 1637 μὴ
2643 1563 2823 1617 λαὸεῖν
2849 1562 2943 1615 τοῦ
2986 1566 3220 1635 πλήθους
3247 1564 3354 1618 τῶν
3391 1565 3693 1635 εἰρημένων
3727 1567 3824 1636 τὴν

2241 1655 2511 1727 αἴσθησιν.
2572 1658 2711 1711 Ἀλλ’
2764 1657 2813 1708 εἰ
2862 1657 2957 1710 καὶ
3004 1657 3261 1729 φιλήκοον
3316 1657 3379 1711 τὸ
3425 1657 3621 1727 σεμνὸν
3666 1658 3826 1710 τοῦτο

2242 1746 2491 1818 θέατρον,
2545 1752 2638 1804 καὶ
2688 1750 2912 1819 γλυκεῖα
2972 1749 3173 1804 δούλων
3230 1752 3421 1814 ἀκοαῖς
3488 1750 3825 1805 δεσποτικῶν

569 1848 861 1902 supersunt
890 1835 1280 1904 compleantur,
1318 1840 1666 1907 postulcmus.
1701 1841 1918 1894 Utinam
1958 1852 2133 1896 autem

2242 1840 2535 1911 θαυμάτων
2586 1843 2859 1912 διήγησις,
2900 1841 3131 1894 ἐνταῦθα
3170 1843 3261 1896 τὸν
3292 1843 3449 1911 λόγον
3474 1842 3819 1914 ὁρμίσαντες,

568 1936 620 1979 et
658 1930 795 1980 inter
841 1928 1132 1982 sumendos
1160 1929 1314 1986 cibos
1359 1933 1467 1987 sint
1493 1934 1643 1985 vobis
1672 1934 1722 1984 in
1766 1948 1974 1996 mensa,
2020 1932 2137 1988 loco

568 2019 843 2090 colloquii,
875 2037 935 2076 ea
966 2038 1084 2092 qua:
1113 2022 1516 2078 tum'matntina
1548 2033 1655 2075 tum
1687 2024 1988 2091 vespertina
2013 2040 2137 2081 ora-

568 2112 711 2165 tione
741 2112 1035 2181 explicavi:
1066 2114 1269 2167 utinam
1298 2114 1458 2167 etiam
1490 2112 1679 2166 barum
1712 2128 1891 2167 rerum
1928 2117 2135 2186 cogita-

568 2204 802 2257 tionibus
847 2220 941 2271 per
985 2220 1231 2258 somnum
1271 2205 1541 2273 occupati,
1584 2204 1765 2259 lzetitia
1812 2205 2006 2263 diurna
2054 2209 2134 2263 vel

564 2295 892 2349 dormientes
919 2296 1191 2361 fruamini,
1224 2308 1281 2350 ut
1299 2297 1481 2351 dicere
1504 2296 1725 2367 possitis
1750 2316 1763 2351 :
1784 2296 2134 2368 Egodormio,

562 2397 609 2439 et
655 2405 745 2441 cor
785 2404 955 2441 meum
988 2388 1167 2459 vigilat
1200 2390 1303 2455 "‘,
1335 2399 1518 2459 utpote
1557 2391 1700 2459 quod
1744 2402 1900 2445 nocte
1947 2391 2135 2458 dieque

564 2478 734 2549 legem
774 2481 982 2536 Domini
1022 2482 1327 2548 meditetur,
1362 2483 1446 2538 eui
1487 2482 1655 2554 gloria
1683 2491 1736 2536 et
1765 2482 2047 2552 imperium
2079 2481 2131 2534 in

564 2574 759 2627 stecula
794 2574 1135 2629 saeculorum.
1169 2576 1363 2631 Amen.

2247 1934 2518 2005 μείνωμεν
2581 1936 2677 2007 τὴν
2723 1936 2936 2006 ἡμέραν
2999 1934 3135 2003 πρὸς
3173 1946 3272 2008 τὴν
3323 1937 3430 1990 τῶν
3485 1936 3823 2005 λειπομένων

2242 2028 2515 2081 ἀπόδοσιν.
2579 2029 2934 2091 Ἀναστάντες
2984 2026 3041 2079 δὲ
3082 2027 3281 2092 πάντες
3333 2029 3819 2102 εὐχαριστήσωμεν

2245 2118 2383 2187 ὑπὲρ
2410 2118 2516 2170 τῶν
2551 2118 2877 2187 εἰρημένων,
2916 2121 3009 2173 καὶ
3061 2121 3373 2191 αἰτήσωμέν
3413 2123 3519 2174 τῶν
3565 2117 3822 2189 λειπομέ-

2238 2223 2344 2259 νων
2396 2205 2495 2278 τὴν
2533 2208 2810 2277 πλήρωσιν
2841 2209 2972 2278 (‘29).
3005 2208 3219 2260 Γένοιτο
3251 2209 3306 2261 δὲ
3347 2211 3474 2281 ὑμῖν
3518 2209 3610 2263 καί⁵
3643 2211 3699 2260 ἐν
3753 2208 3818 2275 τῇ

2243 2297 2542 2369 μεταλήψει
2578 2298 2677 2367 τῆς
2719 2300 2927 2369 τροφῆς
2958 2298 3323 2371 ἐπιτραπέζια
3352 2301 3681 2372 διηγήματα,
3717 2297 3821 2349 ὅσα

2238 2404 2297 2441 τε
2329 2388 2495 2442 ἕωθεν
2526 2390 2674 2460 ὑμῖν,
2702 2390 2798 2443 καὶ
2823 2390 2921 2442 ὅσα
2950 2390 3088 2443 κατὰ
3114 2388 3213 2461 τὴν
3240 2391 3475 2463 ἑσπέραν
3526 2388 3758 2457 ἐπῆλθεν
3791 2389 3821 2441 ό

2237 2480 2393 2551 λόγος
2413 2498 2425 2511 ⁸
2458 2481 2551 2534 καὶ
2587 2483 2707 2545 ταῖς
2739 2482 2865 2551 περὶ
2896 2480 3101 2536 τούτων
3130 2483 3361 2547 ἐννοίαις
3392 2484 3496 2542 ὑπὸ
3522 2483 3616 2536 τοῦ
3646 2482 3817 2534 ὕπνου

2237 2573 2704 2645 καταληφθέντες,
2737 2577 2835 2644 τῆς
2895 2573 3265 2647 μεθημερινῆς
3318 2574 3657 2645 εὐφροσύνης
3720 2572 3817 2625 καὶ

562 2664 912 2727 καθεῶντες
938 2667 1312 2729 ἁπολαύσοιτε,
1352 2667 1434 2717 ἵνα
1462 2664 1555 2736 ἐ.ξῇ
1582 2667 1712 2736 ὑμῖν
1770 2666 1949 2734 λέγειν
1970 2683 1983 2697 ·
2028 2663 2176 2734 Ἐγὼ
2213 2668 2503 2732 καθεύδω,
2569 2667 2667 2721 καί
2701 2668 2739 2735 ἠ
2780 2664 2892 2737 (⁸50)
2934 2667 3145 2735 καρδία
3168 2686 3285 2737 μου
3317 2664 3623 2735 ἀγρυπνεῖ,
3658 2665 3819 2734 μελε-

563 2756 713 2808 τῶσα
736 2758 925 2818 νυκτὸς
958 2759 1049 2809 καὶ
1067 2756 1279 2827 ἡμέρας
1306 2758 1364 2809 ἐν
1390 2756 1467 2827 τῷ
1489 2757 1639 2829 νόμῳ
1681 2758 1908 2829 Κυρίου,
1938 2751 1983 2827 ᾧ
2010 2759 2045 2828 ή
2078 2756 2204 2825 δόξα
2232 2759 2326 2811 καὶ
2350 2760 2410 2813 τὸ
2444 2761 2641 2832 κράτος
2665 2761 2744 2823 εἰς
2771 2760 2905 2823 τοὺς·
2935 2758 3136 2823 αἰῶνας
3160 2759 3269 2813 τῶν
3284 2757 3516 2813 αἰώνων.
3536 2758 3731 2829 Ἀμήν.

1114 3013 1391 3067 ιιοιιιιιΑ
1436 3013 1566 3068 VIII.

948 3104 1019 3156 De
1051 3104 1348 3156 volatilibus
1375 3113 1423 3158 et
1453 3104 1733 3172 aquaticis.

631 3197 735 3268 70
760 3197 807 3252 i.
830 3195 893 3249 Et
918 3196 1054 3248 dixit
1076 3194 1252 3249 Deus:
1279 3194 1538 3249 Producat
1558 3207 1695 3251 terra
1710 3197 1943 3249 animam
1960 3197 2129 3250 viven-

557 3299 659 3345 tem
678 3290 839 3359 juxta
868 3306 1028 3358 genus
1051 3330 1065 3353 ,
1109 3288 1492 3355 quudrupedia,
1532 3297 1579 3341 et
1611 3287 1823 3356 reptilia
1852 3300 1902 3340 et
1934 3286 2125 3339 bestias

550 3384 705 3451 juxta
743 3374 921 3451 genus.
963 3378 1028 3433 Et
1072 3379 1267 3448 factum
1295 3392 1368 3434 est
1398 3384 1472 3434 sic
1506 3381 1572 3434 ".
1607 3379 1767 3435 Venit
1798 3389 2127 3450 praeceptum

554 3476 744 3545 ordine
771 3475 1087 3543 procedens.
1125 3484 1178 3527 et
1206 3483 1345 3527 terra
1377 3489 1586 3542 quoque
1613 3474 1889 3543 proprium
1917 3473 2129 3540 accepit

555 3576 823 3622 ornatum.
869 3564 1003 3629 Illic,
1049 3564 1353 3618 Producant
1384 3581 1531 3633 aqua
1572 3567 1780 3631 reptilia
1821 3567 2123 3618 animarum

552 3660 831 3712 virentium
858 3659 901 3690 ⁸⁸
932 3676 945 3710 :
976 3657 1080 3718 hic,
1112 3654 1381 3708 Producat
1410 3668 1549 3708 terra
1578 3657 1814 3709 animam
1852 3658 2124 3709 viventem.

552 3748 804 3817 Nunquid
851 3750 1085 3800 animata
1134 3756 1218 3801 est
1263 3746 1441 3801 terra?
1484 3744 1675 3799 Iamne
1708 3746 1882 3799 locum
1928 3746 2131 3799 habent

554 3840 878 3908 desipientes
930 3837 1232 3902 Manicbazi,
1273 3837 1363 3907 qui
1412 3848 1570 3891 terra:
1606 3836 1797 3890 indunt
1841 3836 2127 3890 animam?

554 3932 671 3986 Non
704 3932 829 4001 quia
866 3932 999 3985 dixit
1046 3949 1059 3985 :
1110 3929 1400 3991 Producat,
1430 3930 1481 3982 id
1524 3930 1667 3998 quod
1703 3931 1756 3983 in
1806 3930 1919 3997 ipsa
1963 3930 2126 3982 situm

554 4034 693 4087 erat,
723 4024 945 4092 protulit
975 4023 1114 4101 :sed
1145 4024 1233 4088 qui
1264 4031 1589 4091 praeceptum
1617 4022 1783 4083 dedit,
1817 4021 1978 4075 etiam
2018 4020 2126 4074 vim

550 4126 606 4181 et
651 4116 961 4169 facultatem
1005 4115 1333 4182 producendi
1384 4115 1432 4169 ei
1478 4114 1725 4169 contulit.
1764 4113 1947 4183 Neque
1984 4113 2128 4168 enim

552 4222 676 4262 cum
714 4205 917 4261 audivit
951 4214 1115 4269 terra,
1154 4202 1419 4257 Germinet
1459 4205 1675 4257 herbam
1706 4205 1813 4273 feni
1845 4215 1892 4258 et
1930 4205 2128 4273 lignum

551 4298 887 4371 fructiferum
916 4298 956 4362 ¹,
989 4296 1170 4351 fenum
1214 4297 1355 4364 quod
1397 4294 1449 4346 in
1480 4310 1537 4348 se
1580 4297 1916 4350 reconditum
1966 4297 2130 4349 habe—

2847 3012 3086 3068 OMIAIA
3125 3013 3207 3067 H'.

2529 3107 2669 3174 Περί
2709 3107 2951 3173 πτηνῶν
2980 3109 3075 3159 καὶ
3101 3109 3364 3174 ἐνύδρων
3392 3108 3523 3177 (31).

2302 3198 2351 3250 1.
2388 3198 2495 3252 Καὶ
2524 3194 2695 3252 εἶπεν
2741 3203 2774 3251 d
2810 3199 2989 3261 Θεός·
3029 3198 3396 3265 Ἐξαγαγέτω
3425 3200 3462 3265 ἠ
3490 3199 3567 3265 γῆ
3599 3195 3817 3265 ψυχὴν

2231 3288 2425 3350 ζῶσαν
2475 3290 2625 3343 κατὰ
2684 3289 2878 3358 γένος,
2927 3287 3257 3355 τετράποδα
3309 3289 3406 3342 καὶ
3457 3289 3673 3357 ἑρπετά
3708 3290 3809 3342 καί

2230 3381 2407 3451 θηρία
2466 3380 2613 3435 κατὰ
2667 3379 2859 3449 γένος.
2888 3380 2994 3435 Καὶ
3033 3379 3269 3450 ἐγένετο
3303 3379 3507 3446 οὕτως.
3546 3376 3719 3432 Ἦλθε
3750 3383 3815 3434 τὸ

2233 3475 2562 3547 πρόσταγμα
2592 3472 2695 3544 ὁδῷ
2729 3473 2961 3543 βαδίζον,
2994 3474 3086 3525 καὶ
3131 3470 3369 3525 ἁπέλαὸε
3400 3471 3493 3523 καὶ
3532 3472 3567 3542 ή
3607 3470 3681 3541 γῆ
3718 3472 3815 3524 τὸν

2234 3564 2359 3618 ἴδιον
2388 3565 2608 3634 κόσμον.
2653 3564 2816 3626 Ἐκεῖ,
2858 3561 3217 3630 Ἑξαγαγέτω
3250 3560 3320 3613 τὰ
3366 3562 3551 3614 ὕδατα
3593 3562 3816 3630 ἑρπετὰ

2230 3654 2448 3723 ψυχῶν
2499 3653 2729 3714 ζωσῶν·
2767 3648 2869 3707 ὧδε
2900 3694 2914 3719 ,
2953 3652 3319 3723 Ἐξαγαγέτω
3376 3654 3413 3720 ἡ
3467 3654 3542 3723 γῆ
3595 3657 3814 3725 ’ψυχὴν

2230 3746 2443 3807 ζῶσαν.
2467 3746 2745 3817 Ἐμψυχος
2787 3748 2893 3817 ἄρα
2937 3748 2969 3816 ἠ
3014 3746 3120 3816 γῆ;
3164 3748 3259 3800 καὶ
3288 3745 3470 3817 χώραν
3503 3746 3717 3817 ἔχουσιν
3760 3752 3813 3802 οἱ

2232 3839 2625 3910 ματαιόφρονες
2659 3840 2968 3908 Μανιχαῖοι,
3022 3839 3198 3909 ψυχὴν
3251 3838 3546 3900 ἐντιθέντες
3688 3841 3758 3909 γῇ
3794 3857 3808 3900 ;

2228 3930 2343 3983 Οὐκ
2392 3930 2578 4000 ἐπειδὴ
2623 3925 2794 3993 εἶπεν,
2841 3930 3227 3999 Ἐξαγαγέτω,
3277 3929 3336 3982 τὺ
3383 3930 3813 4000 ἐναποκείμενον

2228 4022 2365 4092 αὐτῇ
2414 4022 2782 4092 προήνεγκεν·
2835 4022 2949 4075 ἀλλ’
2993 4026 3021 4075 ὁ
3062 4022 3183 4083 δοὺς
3226 4021 3289 4073 τὸ
3334 4020 3658 4092 πρόσταγμα
3710 4025 3810 4075 καὶ

2227 4114 2328 4184 τὴν
2360 4112 2453 4166 τοῦ
2509 4113 2796 4182 ἐξαγαγεῖν
2848 4116 2982 4185 αὐτῇ
3036 4112 3263 4182 δύναμιν
3314 4113 3619 4185 ἐχαρίσατο.
3666 4113 3809 4168 Οὔτε

2228 4206 2335 4279 γὰρ
2365 4208 2453 4260 ὅτε
2481 4207 2711 4278 ήκουσεν
2745 4208 2778 4278 ἡ
2822 4208 2914 4278 γῆ,
2947 4204 3361 4272 Βλαστησὰτω
3383 4206 3657 4274 ,ϐοτάνην
3691 4209 3805 4275 ('52)

2229 4302 2445 4369 χόρτου
2469 4300 2566 4353 καὶ
2606 4300 2796 4363 ξύλον
2824 4297 3118 4366 κάρπιμον
3140 4339 3154 4363 ,
3195 4298 3574 4369 κεκρυμμένον
3604 4297 3807 4366 ἔχουσα

550 4395 664 4457 bat,
691 4392 945 4459 protulit;
980 4404 1153 4458 neque
1190 4388 1444 4457 palmam,
1479 4397 1569 4440 aut
1598 4402 1879 4455 quercum,
1909 4398 2001 4441 aut
2025 4403 2122 4443 cu-

2235 4394 2315 4446 τδν
2344 4394 2532 4465 χόρτον
2562 4392 2851 4462 ἐξήνεγκεν
2870 4407 2885 4421 ’
2906 4392 3025 4443 οὐδὲ
3052 4392 3143 4443 τὸν
3185 4392 3421 4458 φοίνικα,
3450 4392 3482 4461 ἢ
3521 4391 3618 4460 τὴν
3646 4390 3803 4460 δρῦν,

550 4500 820 4555 pressum,
856 4484 911 4538 in
945 4483 1052 4537 ima
1082 4482 1335 4551 quapiam
1366 4481 1449 4536 sui
1477 4482 1611 4533 uteri
1646 4489 1799 4549 parte
1826 4480 2121 4544 occultata,

554 4588 705 4637 extra
732 4575 1074 4647 superﬁciem
1098 4573 1284 4629 eduxit
1308 4592 1321 4628 :
1348 4579 1443 4628 sed
1473 4572 1686 4626 divinus
1712 4585 1910 4633 sermo,
1936 4584 2123 4623 eorum

549 4687 669 4743 qute
689 4671 819 4725 ﬁunt
836 4680 1027 4723 natura
1049 4679 1150 4723 est.
1168 4666 1427 4721 Cerminet
1453 4676 1627 4729 terra;
1652 4680 1754 4719 non
1777 4663 1918 4732 quod
1944 4664 2123 4727 habet,

550 4768 712 4831 edat:
747 4764 839 4818 sed
863 4762 1004 4831 quod
1045 4776 1148 4815 non
1183 4761 1363 4823 habet,
1396 4759 1661 4827 acquirat,
1689 4755 2125 4825 quandoquidem

548 4855 691 4910 Deus
726 4853 917 4924 agendi
944 4862 998 4905 et
1022 4851 1347 4921 producendi
1372 4850 1477 4902 vim
1499 4847 1549 4902 ei
1577 4847 1822 4917 largitur.
1854 4843 1943 4898 Sic
1963 4845 2127 4898 etiam

547 4962 707 5011 nunc,
736 4945 1003 4998 Producat
1028 4953 1168 4996 terra
1193 4944 1448 5007 animam,
1473 4956 1576 4995 non
1601 4954 1718 4993 eam
1734 4953 1853 5007 quae
1878 4938 2054 4991 inerat
2073 4936 2127 4989 in

545 5039 660 5108 ipsa
685 5056 699 5092 :
724 5038 820 5092 sed
847 5050 1125 5102 eam,qu:e
1147 5035 1193 5089 ei
1218 5050 1313 5103 per
1336 5041 1658 5104 praeceptum
1684 5046 1711 5083 a
1742 5032 1850 5084 Deo
1879 5030 2000 5082 data
2026 5038 2127 5083 est.

2222 4486 2255 4556 ἦ
2292 4486 2389 4556 τὴν
2424 4484 2762 4555 κυπάρισσον
2813 4483 2961 4536 κάτω
3001 4500 3101 4535 που
3150 4484 3207 4533 ἐν
3256 4482 3375 4543 ταῖς
3419 4480 3637 4548 λαγόσιν
3675 4481 3803 4532 ἑαυ-

2221 4576 2319 4646 τῆς
2356 4574 2821 4646 ἀποκεκρυμμένα
2884 4573 3051 4642 ἀνῆκε
3106 4572 3241 4643 πρὸς
3288 4571 3386 4643 τὴν
3442 4572 3802 4640 ἐπιφάνειαν·

2222 4666 2335 4719 ἀλλ’
2376 4669 2404 4720 δ
2450 4666 2590 4730 θεῖος
2636 4667 2791 4733 λόγος
2820 4664 2979 4734 φύσις
3024 4664 3141 4717 ἐστὶ
3185 4664 3292 4717 τῶν
3347 4666 3645 4734 γινομένων
3664 4665 3799 4735 (35).

2223 4758 2628 4825 Βλαστησάτω
2652 4759 2689 4826 ἡ
2714 4756 2823 4825 γῆ·
2858 4757 2954 4826 οὐχ
2976 4756 3111 4827 ὅπερ
3141 4755 3250 4827 ἔχει
3281 4755 3651 4827 προϐαλλέ-τω,
3679 4756 3799 4810 ἀλλ’

2224 4847 2251 4899 ὃ
2289 4848 2362 4918 μὴ
2398 4848 2511 4917 ἔχει
2544 4847 2852 4919 κτησάσθω,
2877 4845 3009 4901 Θεοῦ
3032 4846 3372 4917 δωρουμένου
3405 4846 3502 4915 τῆς
3521 4848 3802 4919 ἐνεργείας

2224 4938 2324 5009 τὴν
2393 4939 2641 5009 δύναμιν.
2704 4939 2859 4993 Οὕτω
2918 4938 3011 4991 καὶ
3072 4937 3187 5000 νῦν,
3233 4937 3591 5008 Ἐξιιγαγέτω
3644 4942 3681 5008 ἡ
3721 4941 3799 5011 γῆ

2226 5029 2439 5098 ψυχὴν
2475 5030 2609 5099 (54),
2636 5031 2696 5083 οὐ
2722 5031 2817 5102 τὴν
2848 5031 3298 5101 ἐναποκειμένην,
3335 5030 3471 5085 ἀλλὰ
3512 5032 3609 5102 τήν
3664 5033 3803 5085 δεδο-

620 5130 685 5162 οτα
723 5130 879 5184 Cant.
914 5142 968 5191 ν,
1012 5127 1071 5180 2.
1146 5128 1193 5157 οι·
1231 5127 1367 5182 Gen.
1404 5142 1442 5178 ι.
1474 5126 1563 5178 ει.
1640 5126 1685 5156 θ’
1728 5124 1856 5177 una.
1894 5122 1985 5191 eo,
2025 5122 2117 5175 ει.

2252 5124 2389 5177 ibid.
2425 5124 2512 5179 II.

616 5220 726 5290 (2'7)
754 5222 884 5289 Reg.
919 5229 1100 5273 sextus
1131 5219 1221 5271 τὸν
1246 5220 1402 5290 λόγον
1431 5218 1762 5290 κατήγαγεν.

617 5222 704 5290 (27
754 5222 884 5289 Reg.
919 5229 1100 5273 sextus
1131 5222 1221 5271 τὸν
1246 5222 1402 5286 λόγον
1431 5222 1762 5284 κατήγαγεν.

617 5222 726 5361 (ὶὸί
774 5291 933 5361 Colb.
952 5291 1219 5361 secundus
1274 5287 1407 5359 μηδὲ
1444 5288 1637 5357 μικρὸν
1671 5288 1935 5357 πεπηγός.
1982 5286 2115 5357 Reg.

546 5363 814 5431 SCcundus
841 5360 1005 5431 μηδὲν
1039 5360 1378 5431 ἐμπεπηγός.

638 5432 725 5499 ‘29)
764 5427 1113 5499 l‘lvgfscxtus
1141 5427 1475 5500 λειπομένων
1498 5427 1879 5500 τῂν-δήλωσιν.

638 5432 725 5499 ‘29)
764 5432 895 5499 lit-g.
929 5440 1113 5483 sextus
1141 5432 1475 5500 λειπομένων
1502 5432 1551 5479 τ’
1572 5446 1599 5479 ν
1628 5432 1879 5480 δήλωσιν.

543 5571 557 5581 _
615 5432 841 5622 ίῧῖἰλδίο
873 5500 1025 5553 multi
1056 5516 1186 5554 mss.
1218 5515 1369 5569 aeque
1404 5516 1465 5553 ac
1494 5446 1652 5552 L§X.
1681 5470 1840 5552 beest
1860 5495 2116 5551 articulus

543 5588 595 5622 ιιι
620 5588 669 5622 et
693 5583 798 5622 lllS.

542 5588 595 5625 Ill
620 5583 798 5624 C(IlllS.

615 5641 726 5709 (SI)
788 5640 939 5695 Colb.
981 5640 1185 5707 primus
1242 5640 1379 5691 hunc
1442 5639 1655 5709 prmfert
1701 5637 1934 5698 titulum,

542 5707 786 5777 ἑρπετῶν
820 5712 913 5763 καὶ
945 5710 1145 5779 θηρίων
1174 5710 1359 5779 ὁμιλία
1390 5707 1733 5779 όγδόη.71ἰρ‹.ι.
1775 5719 1997 5761 octavus
2018 5707 2111 5759 τοῦ

542 5782 703 5834 αὺτοῦ
751 5782 830 5845 εἰς
873 5780 969 5852 τὴν
995 5778 1209 5833 Γένεσιν
1234 5779 1419 5850 ὁμιλία
1445 5786 1511 5849 η’.
1555 5778 1718 5834 Coisl.
1773 5778 1974 5849 primus
1993 5781 2115 5845 όμι-

543 5855 633 5905 λία
649 5857 694 5915 η’

2292 5216 2427 5289 (δελ
2470 5218 2699 5289 Codices
2759 5218 2959 5288 aliquot
3033 5219 3397 5287 Βλαστησάτω
3453 5221 3485 5289 ἡ
3544 5219 3615 5286 γῆ
3678 5218 3790 5287 βοτ.

2220 5287 2371 5427 gini:
2408 5288 2536 5343 Duc.
2573 5288 2695 5342 οὔτε
2731 5290 2839 5360 γὰρ
2881 5289 2967 5340 ὅτε
3000 5290 3221 5359 ἤκουσε,
3260 5287 3678 5359 Βλαστησάτωή
3723 5292 3795 5357 γῆ

2253 5376 2311 5410 οτ
2352 5375 2468 5427 νην.

2253 5375 2468 5411 οτανην.

2292 5376 2608 5495 ίὲἔῗνέιίἰιίο
2637 5427 2797 5482 Basil.
2838 5443 2959 5481 cum
2998 5431 3199 5498 aliquot
3222 5445 3349 5484 mss.
3376 5429 3534 5497 φύσις
3551 5429 3666 5481 ἐστὶ
3688 5430 3799 5483 τῶν

2220 5498 2740 5570 γινομένωνζΕιίἱιίο
2777 5498 2950 5570 Puris.
2995 5500 3316 5570 γενομένων.
3354 5500 3550 5551 Ibidem
3580 5501 3795 5570 codices

2220 5584 2324 5639 non
2355 5570 2506 5639 pauci
2534 5568 2899 5639 Βλαστησάτω
2924 5570 2956 5639 ή
2980 5570 3075 5639 γῆ,
3112 5568 3229 5639 οὐχ.
3263 5572 3331 5623 At
3352 5570 3479 5623 editi
3512 5584 3632 5622 cum
3659 5569 3793 5637 Reg.

2220 5638 2407 5706 quinto
2437 5637 2808 5709 βλαστήσατω,
2835 5641 2932 5708 οὐχ

2293 5709 2403 5777 (54)
2436 5710 2587 5762 Colb.
2615 5712 2819 5776 primus
2844 5711 2943 5778 τήν
2973 5710 3150 5779 ψυχὴν
3180 5708 3378 5771 ζῶσαν.
3416 5709 3619 5779 Ibidem
3655 5710 3793 5763 idem

2216 5782 2399 5901 gonexé
2426 5794 2545 5832 cum
2567 5780 2697 5849 Reg.
2727 5790 2881 5835 sexto
2902 5781 2961 5833 οὐ
2989 5780 3085 5850 τὴν
3110 5778 3505 5850 ἀποκειμένην,
3535 5778 3671 5833 ἀλλὰ
3698 5780 3796 5847 τήν

2256 5866 2371 5901 mou.
2406 5866 2523 5901 νην.

2256 5866 2523 5915 ιοομενην.
