4062 6458
315 414 419 469 165

1399 418 1683 474 IIOIIIILIA
1725 423 1842 478 VIII
1882 424 1949 478 IN
1988 422 2479 480 IIEXAEMERON.

3422 422 3524 479 166

314 534 480 605 μένην
529 533 662 599 αὐτῇ
732 529 880 599 παρὰ
931 528 1023 582 τοῦ
1081 528 1215 582 Θεοῦ
1274 530 1358 584 διὰ
1414 532 1510 601 τῆς
1580 536 1864 607 ἐπιταγῆς.

1973 538 2170 592 Deinde
2192 539 2348 592 etiam
2368 552 2542 592 sermo
2562 537 2613 590 in
2634 537 2956 591 contrarium
2974 536 3049 591 eis
3061 537 3230 592 cedet!
3250 537 3458 595 Etenim
3477 542 3520 597 si

311 626 541 678 Ἔπειτα
572 622 664 675 καὶ
685 622 763 684 είς
795 622 854 674 τὸ
892 620 1129 674 ἐναντίον
1156 623 1334 685 αὐτοῖς
1362 624 1390 675 ὁ
1422 623 1577 691 λόγος
1606 643 1866 697 περιτρα-

307 718 561 787 πήσεται.
588 714 785 785 Εί·γάρ
812 712 1100 783 ἐξήνεγκεν
1127 716 1157 778 ή
1188 715 1257 782 γῆ
1289 713 1387 783 τὴν
1436 714 1629 786 ψυχὴν,
1659 718 1866 787 ἐρήμην

306 806 502 876 ἑαυτὴν
560 805 818 858 κατέλιπε
874 805 977 874 τῆς
1010 803 1203 874 ψυχῆς.
1250 804 1387 856 Ἀλλ’
1428 806 1648 859 ἐκείνων
1681 808 1778 877 μὲν
1807 807 1868 859 τὸ

308 899 591 971 βδελυκτὺν
631 898 851 951 αὐτόθεν
898 897 1188 968 γνώριμον.
1245 897 1343 950 Διά
1370 898 1421 950 τί
1464 899 1643 967 μέντοι
1673 901 1740 954 τὰ
1771 902 1868 970 μὲν

309 994 475 1047 ὕδατα
517 991 719 1061 ἐρπετά
758 990 941 1061 ψυχῶν
971 988 1156 1053 ζωσῶν
1190 990 1473 1058 ἐξαγαγεῖν
1507 992 1864 1065 προσετάχθη,

306 1087 340 1154 ἠ
374 1084 429 1136 δὲ
466 1083 536 1152 γῆ
562 1082 735 1150 ψυχὴν
763 1080 970 1143 Cibum;
1004 1078 1344 1146 Λογιζὸιιεθα
1396 1082 1593 1145 τοίνυν,
1642 1084 1722 1135 ὅτι
1759 1084 1868 1137 τῶν

312 1176 408 1245 μέν
437 1174 646 1243 νηκτῶν
693 1168 919 1243 ἡφύσις
964 1170 1315 1241 ἀτελεστέρας
1366 1188 1481 1235 πως
1530 1174 1673 1225 δοκεῖ
1725 1173 1867 1243 ζωῆς

313 1266 576 1338 μετέχειν,
612 1264 697 1318 διὰ
730 1264 788 1315 τὸ
844 1265 900 1314 ἐν
950 1264 1016 1332 τῇ
1076 1264 1343 1333 παχύτητι
1391 1265 1479 1317 τού
1516 1264 1702 1327 ὓδατος
1733 1265 1869 1319 διαι-

305 1360 522 1414 τᾶσθαι.
586 1360 694 1413 Καὶ
734 1356 840 1427 γὰρ
884 1355 1019 1426 ἀκοὴ
1071 1360 1199 1428 παρ’
1242 1358 1468 1420 ἐκείνοις
1520 1357 1740 1428 βαρεῖα,
1776 1358 1869 1411 καὶ

306 1453 504 1523 ϐρῶσιν
532 1451 706 1520 ἀμϐλὺ
736 1448 823 1501 διὰ.
851 1448 942 1501 τοῦ
966 1448 1153 1511 ὓδατος
1184 1447 1485 1517 βλέποντες,
1518 1450 1611 1502 καὶ¹
1633 1448 1756 1502 οὔτε
1786 1467 1870 1514 τις

312 1546 497 1615 μνήμη
536 1543 664 1613 παρ’
698 1540 945 1603 ἐκείνοις,
981 1538 1103 1593 οὔτε
1139 1541 1422 1608 φαντασία,
1459 1541 1580 1594 οὔτε
1621 1542 1714 1595 τοῦ
1752 1559 1872 1594 συν-

304 1636 468 1705 ήθους
492 1632 795 1698 ἐπίγνωσις.
831 1629 927 1683 Διὰ
958 1630 1114 1682 τοῦτο
1129 1631 1288 1682 οἱονεὶ
1308 1630 1635 1686 ἐνδείκνυται
1652 1633 1679 1684 ὁ
1694 1631 1871 1697 λόγος,

303 1729 386 1780 ὅτι
438 1726 470 1794 ἡ
507 1723 741 1795 σαρκικὴ
793 1723 903 1794 ζωὴ
946 1726 1058 1785 τοῖς
1118 1722 1359 1793 ἐνύδροις
1404 1724 1721 1793 καθηγεῖται
1762 1723 1871 1778 τῶν

301 1813 548 1885 ψυχικῶν
596 1814 941 1884 κινημάτων·
980 1813 1071 1865 ἐπὶ
1119 1813 1175 1866 δὲ
1203 1815 1308 1866 τῶν
1352 1814 1640 1885 χερσαίων,
1675 1814 1749 1877 ὼς
1782 1831 1868 1868 τε-

300 1904 574 1977 λειοτέρας
601 1906 713 1974 (55)
747 1904 925 1958 αὐτῶν
958 1905 1123 1975 οὔσης
1154 1905 1251 1974 τῆς
1292 1904 1456 1973 ζωῆς,
1491 1907 1524 1976 ή
1571 1906 1716 1977 ψυχὴ
1770 1908 1867 1978 τὴν

299 1999 600 2068 ἠγεμονίαν
631 1998 1020 2069 ἐπιτέτραπται
1051 1999 1249 2049 πᾶσαν.
1273 1996 1343 2049 Αἵ
1358 2014 1417 2048 τε
1444 1995 1552 2069 γὰρ
1593 1998 1868 2069 αἰσθήσεις

307 2090 504 2159 μᾶλλον
545 2090 901 2160 τετράνωνται
923 2104 937 2117 ⁸
984 2088 1078 2141 καὶ
1110 2088 1276 2153 ὀξεῖαι
1323 2087 1420 2158 μὲν
1448 2088 1557 2141 τῶν
1587 2090 1867 2159 παρόντων

303 2183 362 2234 αἱ
386 2181 717 2250 ἀντιλήψεις,
754 2177 999 2247 ἀκριϐεῖς
1031 2178 1086 2230 δέ
1120 2178 1328 2248 μνῆμαι
1358 2179 1464 2232 τῶν
1498 2179 1869 2251 παρελθόντων

303 2275 456 2342 παρά
513 2276 624 2334 τοῖς
685 2270 957 2332 πλείστοις
1008 2271 1116 2324 τῶν
1160 2272 1515 2342 τετραπόδων.
1552 2271 1647 2323 Διά
1690 2272 1865 2336 τοῦτο,

302 2352 381 2430 ὡς
410 2366 604 2425 ἔοικεν,
658 2363 749 2414 ἐπὶ
797 2363 892 2432 μὲν
941 2362 1048 2416 τῶν
1104 2363 1336 2433 ἐνύδρων
1368 2362 1593 2431 σώματα
1644 2362 1864 2435 ἐκτίσθη

301 2455 625 2526 ἐψυχωμένα
651 2454 759 2525 (56)
795 2456 1016 2526 (ἑρπετὰ
1048 2456 1154 2525 γὰρ
1203 2452 1385 2522 ψυχῶν
1428 2452 1615 2516 ζωσῶν
1652 2455 1716 2507 ἐκ
1759 2454 1867 2507 τῶν

301 2538 506 2596 ὑδάτων
539 2542 840 2613 παρήχθη),
876 2544 966 2596 ἐπὶ
1021 2543 1077 2595 δὲ
1125 2542 1231 2594 τῶν
1279 2543 1547 2612 χερσαίων
1590 2543 1735 2616 ψυχὴ
1764 2545 1867 2597 σώ-

304 2654 451 2708 ματα
473 2636 828 2708 οἱκονομοῦσα
856 2634 1193 2707 προσετάχθη
1224 2635 1496 2702 γενέσθαι,
1518 2637 1592 2701 ὡς
1622 2639 1779 2691 πλέον
1815 2658 1867 2692 τι

296 2730 401 2798 τῆς
447 2726 681 2795 ζωτικῆς
739 2727 1016 2795 δυνάμεως
1072 2724 1180 2776 τῶν
1223 2727 1313 2777 ἐπὶ
1358 2727 1460 2797 γῆς
1496 2728 1867 2798 διαιτωμένων

304 2816 723 2887 μετειληφότων.
755 2816 956 2881 Ἀλογα
982 2814 1078 2884 μὲν
1116 2814 1223 2883 γὰρ
1246 2815 1339 2865 καὶ
1364 2814 1432 2866 τὰ
1456 2818 1687 2885 χερσαῖα
1705 2833 1719 2846 ·
1753 2817 1866 2869 ἀλλ’

298 2909 449 2977 ὅμως
503 2908 728 2961 ἕκαστον
780 2912 843 2977 τῇ
881 2910 942 2958 ἐκ
979 2907 1076 2976 τῆς
1124 2905 1334 2975 φύσεως
1365 2908 1473 2978 (57)
1519 2912 1666 2979 φωνῇ
1703 2909 1869 2964 πολλά

297 3004 407 3051 τῶν
440 2999 577 3052 κατὰ
607 2999 781 3068 ψυχὴν
829 2997 1166 3068 παθημάτων
1207 2999 1572 3069 διασημαίνει.
1612 3001 1719 3052 Καὶ
1760 3002 1868 3072 γὰρ

300 3092 394 3145 καὶ
418 3091 589 3161 χαρὰν
612 3093 705 3143 καὶ
731 3090 924 3157 λύπην,
956 3091 1048 3142 καὶ
1078 3091 1173 3161 τὴν
1200 3090 1292 3143 τοῦ
1327 3091 1585 3160 συνήθους
1637 3092 1843 3158 ἐπίγνω

300 3199 404 3247 σιν,
438 3164 530 3236 καὶ
558 3181 761 3251 τροφῆς
786 3180 1012 3252 ἔνδειαν,
1037 3183 1129 3234 καὶ
1147 3180 1421 3252 χωρισμὸν
1436 3181 1543 3233 τῶν
1570 3182 1864 3251 συννόμων,

297 3239 403 3326 καὶ,
426 3239 759 3342 μυρίαιπάθη
787 3270 863 3339 τῷ
894 3239 1110 3340 φθόγγῳ
1144 3239 1457 3340 παραδηλοῖ.
1481 3269 1561 3322 Τὰ
1591 3270 1647 3322 δὲ
1674 3239 1869 3341 ἔνυδρα.

296 3366 361 3417 οὐ
403 3365 559 3433 μόνον
611 3361 819 3429 ἄφωνα,
856 3362 991 3413 ἀλλά
1022 3362 1114 3413 καὶ
1162 3362 1432 3430 ἀνήμερα,
1463 3360 1555 3413 καὶ
1588 3361 1864 3429 ἀδίδακτα,

297 3455 557 3525 καὶπρὸς
590 3456 771 3507 πᾶσαν
825 3454 938 3524 βίου
979 3451 1258 3506 κοινωνίαν
1310 3452 1616 3523 ἀνθρώποις
1664 3456 1869 3526 ἀμετα-

299 3548 567 3618 χείριστα.
605 3544 797 3615 Ἔγνω
840 3545 996 3609 βοῦς
1018 3542 1123 3595 τὸν
1164 3543 1563 3613 κτησάμενον,
1591 3546 1687 3597 καί
1730 3545 1868 3611 ὄνος

297 3640 414 3707 τὴν
458 3640 691 3708 φάτνην
736 3639 841 3692 τοῦ
895 3637 1104 3703 κυρίου
1162 3636 1347 3690 αὐτοῦ
1369 3655 1382 3669 ·
1416 3638 1566 3708 ἰχθὺς
1595 3638 1650 3690 δέ
1676 3639 1774 3691 οὐκ
1803 3639 1868 3692 ἂν

299 3733 547 3801 ἐπιγνοίη
582 3732 672 3785 τὸν
700 3731 984 3802 τρέφοντα.
1041 3723 1160 3779 Οἵδε
1206 3728 1302 3798 τὴν
1357 3730 1555 3799 συνήθη
1622 3729 1803 3800 φωνὴν
1840 3732 1868 3783 ὁ

298 3822 450 3884 ὄνος·
483 3816 622 3874 οἶδεν
655 3823 771 3873 ὁδὸν
800 3822 863 3889 ἣν
911 3817 1166 3881 πολλάκις
1217 3820 1429 3873 ἐϐάδισε
1449 3836 1460 3848 ·
1490 3818 1582 3871 καί
1620 3836 1723 3872 που
1774 3820 1868 3873 καὶ

296 3914 492 3983 ὁδηγὸς
526 3913 694 3965 ἐνίοτε
729 3910 1093 3978 ἀποσφαλέντι
1135 3913 1340 3979 γίνεται
1365 3911 1441 3982 τῷ
1473 3911 1760 3984 ἀνθρώπῳ.
1791 3912 1865 3965 Τὸ

293 4006 350 4057 δὲ
378 4005 634 4073 ὀξυήκοον
660 4004 750 4056 τοῦ
781 4002 918 4067 ζώου
945 4004 1064 4056 ούδέ
1101 4005 1225 4057 ἄλλο
1253 4022 1305 4055 τι
1328 4004 1473 4074 ἔχειν
1508 4005 1723 4074 λέγεται
1756 4006 1868 4060 τῶν

293 4096 583 4166 χερσαίων.
623 4096 792 4150 Τὸ,δέ
826 4096 933 4148 τῶν
973 4095 1230 4165 καμήλων
1262 4097 1615 4165 μνησίκακον,
1641 4098 1732 4151 καὶ
1772 4098 1856 4167 βα·

299 4186 522 4259 ρύμηνι,
551 4188 643 4239 καὶ
669 4187 888 4257 διαρκὲς
914 4186 1047 4253 πρὸς
1073 4187 1260 4256 ὀργὴν,
1298 4188 1352 4238 τί
1407 4188 1472 4242 ἂν
1530 4191 1866 4259 μιμήσασθαι

292 4281 403 4334 τῶν
435 4279 732 4333 θαλαττίων
763 4278 1011 4342 ὃύναιτο;
1058 4280 1230 4333 Πάλαι
1272 4281 1402 4334 ποτὲ
1444 4281 1713 4351 πληγεῖσα
1768 4280 1865 4333 κάα

301 4374 487 4443 μηλος,
520 4370 712 4441 μακρῷ
742 4369 918 4440 χρόνῳ
956 4369 1359 4442 ταμιευσαμένη
1395 4372 1493 4442 τὴν
1525 4373 1704 4443 μῆνιν,
1725 4374 1865 4423 ἐπει-

292 4460 390 4513 δὰν
424 4461 704 4530 εὐκαιρίας
730 4461 980 4530 λάϐηται,
1016 4461 1076 4511 τὸ
1105 4459 1270 4513 κακον
1305 4463 1659 4515 ἁντιδίδωσιν.
1686 4461 1865 4514 Ἀκού-

1969 630 2201 683 animam
2232 630 2480 699 produxit
2502 640 2639 683 terra
2660 670 2674 693 ,
2708 646 2766 684 se
2796 632 2959 699 ipsam
2995 631 3169 684 anima
3215 632 3522 689 destitutam

1966 722 2268 791 dereliquit.
2296 722 2397 776 Sed
2419 723 2630 777 illorum
2658 726 2868 792 quidem
2891 724 3233 781 exsecrabilis
3257 730 3521 783 sententia

1967 827 2031 867 ex
2055 826 2112 867 se
2138 814 2245 882 ipsa
2275 822 2441 882 patet.
2472 813 2581 868 Cur
2603 824 2777 869 autem
2806 814 3136 885 aqumjussze
3165 827 3288 872 sunt
3313 820 3523 888 reptilia

1968 904 2267 958 animarum
2304 905 2591 958 viventium
2617 907 2929 975 producere,
2966 916 3105 962 terra
3131 925 3255 964 vero
3289 912 3522 966 animam

1966 993 2268 1049 viventem?
2305 997 2661 1051 Arbitramur‘
2691 999 2992 1052 natatilium
3031 1002 3245 1067 quidem
3272 1013 3516 1056 naturam

1966 1084 2133 1139 videri
2160 1087 2282 1142 vitae
2319 1089 2707 1155 quodammodo
2755 1090 3163 1159 imperfectioris
3206 1096 3522 1164 participem

1968 1190 2108 1241 esse,
2134 1188 2416 1247 propterea
2460 1181 2601 1249 quod
2644 1182 2694 1235 in
2732 1197 2881 1251 aqua:
2922 1184 3277 1239 crassitudine
3304 1186 3521 1255 degunt.

1968 1266 2099 1320 Nam
2127 1281 2181 1322 et
2227 1269 2331 1323 illis
2378 1273 2516 1326 inest
2553 1272 2765 1327 auditus
2806 1274 3003 1341 gravis,
3043 1275 3309 1343 hebesque
3342 1277 3524 1340 visus,

1974 1369 2155 1427 utpote
2184 1375 2278 1428 per
2312 1376 2506 1430 aquam
2540 1366 2884 1420 cernentibus
2917 1383 2930 1418 :
2961 1379 3060 1419 nec
3087 1365 3193 1418 ulla
3224 1374 3305 1420 est
3332 1365 3384 1417 in
3416 1366 3526 1420 illis

1970 1449 2247 1514 memoria,
2276 1465 2449 1519 neque
2478 1452 2814 1521 imaginatio,
2857 1470 3028 1523 neque
3053 1455 3210 1507 ullius
3233 1468 3525 1510 consuetu-

1969 1534 2108 1588 dinis
2142 1536 2393 1606 cognitio.
2434 1537 2772 1606 Quapropter
2815 1542 2967 1607 quasi
3017 1540 3256 1595 declarat
3311 1557 3523 1607 sermo,

1969 1625 2135 1680 vitam
2187 1629 2457 1682 carnalem
2521 1627 2838 1685 animalibus
2893 1633 3126 1686 motibus
3173 1648 3405 1699 praeesse
3471 1634 3523 1688 in

1972 1716 2337 1782 aquatilibus:
2382 1718 2432 1771 in
2466 1720 2812 1774 terrestribus
2848 1736 3003 1783 vero,
3036 1732 3217 1793 utpote
3251 1725 3357 1777 vita
3397 1740 3525 1793 per-

1974 1805 2194 1863 Iectiore
2232 1810 2499 1877 prceditis,
2547 1812 2908 1882 principatum
2946 1831 3161 1870 omnem
3196 1818 3390 1872 animae
3434 1819 3528 1871 dea

1900 1877 1939 1934 Β
1968 1896 2116 1952 ferri.
2146 1900 2279 1955 Nam
2304 1911 2357 1956 et
2379 1877 2634 1973 pleraque
2676 1877 3026 1975 quadrupeda
3053 1910 3302 1963 sensibus
3325 1910 3527 1977 perspis

1969 1990 2269 2045 cacioribus
2303 2000 2543 2056 utuntur,
2577 2002 2631 2047 et
2664 2009 2750 2050 res
2785 2007 3077 2064 praesentes
3111 1999 3320 2052 acutius
3349 1999 3528 2068 pelei-

1969 2082 2139 2150 piunt,
2197 2084 2695 2155 praeteritorumque
2758 2100 3012 2143 accurate
3080 2092 3525 2148 reminiscuntur.

1969 2173 2327 2239 QUamobrem
2354 2177 2406 2230 in
2435 2178 2773 2246 aquatilibus
2801 2182 3040 2247 quidem,
3067 2187 3126 2235 dt
3155 2183 3385 2247 videtur,
3413 2182 3531 2236 ani-

1968 2276 2110 2318 mata
2158 2280 2380 2335 corpora
2410 2277 2536 2322 sunt
2566 2277 2753 2322 creata
2790 2271 3034 2338 (reptilia
3071 2288 3303 2342 namque
3349 2274 3531 2327 vivem-

1969 2358 2098 2409 tium
2130 2358 2429 2412 animarum
2456 2374 2522 2414 ex
2546 2362 2698 2430 aquis
2727 2363 2987 2431 producta
3020 2364 3219 2435 sunt),
3262 2366 3313 2417 in
3356 2374 3529 2419 terre-

1968 2450 2167 2503 stribus
2183 2461 2360 2505 autem
2388 2451 2563 2506 anima
2594 2470 2714 2523 quae
2745 2470 2973 2525 corpora
3001 2455 3339 2525 gubernaret,
3361 2472 3525 2527 gene-

1968 2539 2077 2591 rari
2120 2540 2264 2605 jussa
2294 2551 2406 2605 est;
2452 2553 2705 2612 tanquam
2744 2560 2804 2599 ea
2845 2560 2969 2614 qua:
3001 2560 3163 2613 super
3202 2557 3397 2600 terram
3443 2547 3527 2600 di-

1967 2639 2264 2691 versantur.
2299 2632 2496 2701 aliquid
2540 2636 2770 2703 amplius
2798 2636 2865 2693 de
2896 2638 3044 2691 vitali
3075 2638 3328 2693 facultate
3358 2639 3529 2705 parti-

1968 2723 2164 2790 cipent.
2220 2721 2515 2779 Terrestria
2574 2728 2799 2795 quidem
2856 2740 2981 2783 sunt
3039 2745 3252 2799 quoque
3306 2729 3532 2785 rationis

1968 2818 2204 2883 expertia
2240 2836 2253 2870 :
2287 2818 2377 2871 sed
2405 2827 2577 2872 tamen
2608 2821 3035 2887 unumquodque
3066 2836 3162 2888 per
3193 2829 3394 2874 natura:
3432 2837 3530 2875 νοο-

1968 2924 2083 2962 cem
2115 2910 2309 2962 multas
2330 2912 2520 2962 animae
2545 2909 2865 2965 allectiones
2900 2912 3123 2966 indicat.
3161 2914 3291 2964 Nam
3319 2921 3373 2965 et
3401 2928 3534 2981 gau-

1969 2996 2132 3061 dium,
2163 3006 2217 3050 et
2248 2996 2544 3063 tristitiam,
2573 2999 2743 3067 et71
2763 3001 3163 3053 consuetudinis
3181 3001 3529 3070 agnitionem,

1967 3088 2273 3142 etalimenti
2298 3089 2552 3155 inopiam,
2573 3097 2626 3142 et
2653 3105 2831 3143 eorum
2855 3106 2973 3158 qum
2996 3092 3151 3143 simul
3176 3092 3534 3159 pascebantur

1970 3179 2379 3245 separationem,
2406 3190 2458 3231 et
2478 3180 2790 3232 innumeras
2814 3181 3125 3234 ail‘ectiones
3143 3184 3371 3251 quodam
3398 3199 3531 3238 sono

1970 3266 2312 3335 patefaciunt.
2360 3268 2622 3338 Aquatica
2654 3284 2779 3323 vero
2830 3286 2933 3323 non
2978 3271 3154 3324 solum
3188 3285 3332 3326 muta
3370 3283 3529 3338 sunt.

1968 3360 2060 3413 sed
2109 3358 2267 3413 etiam
2302 3359 2673 3425 immansueta,
2711 3372 2765 3415 et
2810 3361 3078 3427 indocilia,
3125 3374 3179 3418 et
3207 3365 3273 3418 ad
3318 3381 3534 3420 omnem

1966 3450 2091 3502 vitae
2137 3451 2450 3504 societatem
2498 3450 2803 3506 hominibus
2850 3453 3234 3509 intractabilia.
3274 3453 3533 3524 Cognovit

1968 3540 2055 3595 bos
2099 3558 2443 3609 possessorem
2491 3558 2674 3607 suum,
2728 3552 2776 3595 et
2823 3543 3002 3595 asinus
3053 3559 3281 3610 prwsepe
3329 3546 3532 3598 domini

1966 3633 2047 3685 sui
2073 3634 2131 3684 ἰ
2161 3633 2326 3701 piscis
2361 3641 2538 3689 autem
2569 3647 2743 3700 neque
2771 3649 2924 3687 suum
2970 3634 3195 3689 altorem
3240 3653 3535 3708 agnoscere

1967 3724 2156 3792 potuit.
2188 3723 2345 3779 Novit
2379 3725 2701 3778 familiarem
2749 3736 2803 3779 et
2837 3737 3151 3782 consuetam
3191 3745 3375 3786 vocem
3426 3735 3535 3786 asi‘

1968 3830 2104 3870 nus:
2152 3817 2255 3870 iter
2298 3817 2437 3884 quod
2485 3816 2684 3885 saepius
2734 3814 3046 3887 ambulavit,
3101 3824 3383 3889 coanovit;
3425 3824 3533 3879 imo

1965 3922 2094 3960 vero
2119 3921 2502 3975 nonnunquam
2522 3909 2629 3964 dux
2649 3910 2707 3963 ﬁt
2729 3910 2930 3965 homini
2954 3912 3245 3967 aberranti.
3268 3915 3535 3971 Audiendi

1966 4008 2144 4054 autem
2189 3998 2541 4055 subtilitatem
2577 4016 2680 4069 qua
2712 4001 2814 4055 hoc
2861 4003 3056 4056 animal
3094 4006 3376 4070 praeditum
3415 4016 3530 4071 est,

1968 4106 2034 4145 ne
2062 4090 2225 4145 ullum
2255 4092 2467 4161 quidem
2494 4092 2634 4145 aliud
2666 4102 2920 4147 terrestre
2946 4095 3144 4149 habere
3170 4096 3382 4151 dicitur.
3413 4098 3533 4154 Cm.

1968 4190 2141 4236 tcrnm
2172 4183 2438 4251 quodnam
2469 4199 2535 4237 cx
2567 4184 2789 4237 marinis
2817 4193 2978 4250 queat
3006 4184 3058 4237 in
3087 4189 3307 4242 camelis
3331 4189 3531 4245 imitari

1966 4274 2284 4341 iniuriarum
2312 4276 2648 4339 memoriam,
2681 4274 2815 4328 iram
2848 4291 3085 4346 gravem,
3119 4279 3408 4334 iracundia:
3444 4290 3529 4334 te-o

1966 4367 2291 4421 nacitatem?
2325 4366 2573 4420 Camelus
2604 4367 2809 4433 pridem
2858 4384 3165 4436 percussus,
3214 4370 3289 4422 ira
3340 4372 3530 4438 perdiu

1966 4458 2262 4523 recondita,
2312 4459 2399 4511 ubi
2451 4460 2791 4514 occasionem
2846 4470 3035 4514 nactus
3091 4462 3285 4525 fuerit,
3329 4464 3529 4519 malum

296 4570 449 4615 σατε,
474 4554 520 4603 οἱ
553 4552 871 4621 βαρύθυμοι,
916 4550 964 4605 οἱ
1004 4553 1101 4621 τὴν
1156 4554 1518 4622 μνησικακίαν
1546 4554 1619 4615 ὡς
1668 4553 1862 4623 ἀρετὴν

1969 4549 2159 4602 reddit.
2200 4548 2397 4601 Audite
2428 4563 2544 4613 vos,
2589 4549 2681 4617 qui
2715 4549 2947 4617 graviter
2974 4550 3292 4615 irascimini,
3324 4555 3414 4622 qui
3445 4555 3530 4608 in-

294 4643 718 4714 ἐπιτηδεύοντες,
745 4643 848 4695 τίνι
878 4644 997 4694 ἐστέ
1022 4645 1299 4712 ἐμφερεῖς,
1331 4645 1456 4696 ὅταν
1478 4644 1575 4714 τὴν
1600 4645 1737 4697 κατὰ
1767 4647 1860 4699 τοῦ

294 4735 519 4803 πλησίον
552 4734 744 4803 λύπην,
781 4732 964 4801 ὥσπερ
1004 4733 1124 4784 τινὰ
1158 4734 1427 4805 σπινθῆρα
1490 4736 1859 4806 κεκρυμμένον

295 4828 354 4879 ἐν
386 4828 595 4897 σποδιᾷ,
635 4828 792 4897 μέχρι
813 4826 1065 4879 τοσούτου
1107 4826 1427 4894 φυλάσσετε,
1462 4828 1567 4890 ἓως
1596 4828 1678 4887 ἂν,
1730 4828 1862 4897 ὕλης

293 4918 579 4989 λαϐόμενοι
622 4920 756 4989 (58),
798 4916 909 4972 οἷον
959 4918 1131 4987 φλόγα
1154 4918 1275 4972 τινὰ
1305 4920 1395 4973 τὸν
1428 4919 1597 4989 θυμὸν
1625 4922 1862 4974 ἀνακαύ-

296 5030 449 5083 σητε.

368 5103 423 5154 2.
461 5100 824 5170 Ἔξαγαγέτω
849 5103 885 5167 ἡ
916 5102 991 5171 γῆ
1021 5102 1231 5171 ψυχὴν
1264 5101 1474 5161 ζῶσαν.
1509 5102 1607 5155 Διὰ
1633 5103 1686 5155 τί
1728 5106 1758 5173 ή
1789 5104 1859 5175 γῆ

293 5193 469 5264 ψυχήν
526 5194 702 5257 ζῶσαν
761 5193 980 5261 ἐξάγεις
1013 5198 1129 5248 Ἵνα
1176 5196 1351 5266 μάθῃς
1384 5196 1644 5267 διαφορὰν
1683 5198 1861 5266 ψυχῆς

297 5288 523 5357 κτήνους
557 5286 649 5339 καὶ
693 5285 867 5355 ψυχῆς
894 5287 1201 5359 ἀνθρώπου.
1230 5288 1443 5358 Μικρὸν
1476 5286 1697 5358 ὕστερον
1725 5288 1862 5356 γνώ-

378 5422 398 5451 ²
439 5421 538 5476 ΙΒΛ.
565 5422 705 5490 Χλῦ.

367 5578 478 5650 (55)
508 5581 639 5646 Reg.
674 5582 876 5650 primus
907 5580 980 5643 ὡς
1016 5579 1366 5651 τελεωτέρας.
1405 5583 1694 5652 Aliquanto
1737 5589 1858 5649 post

297 5660 409 5705 tres
444 5668 567 5722 mss.
609 5656 661 5702 ai
694 5652 921 5722 μνῆμαι.
961 5652 1400 5707 Deeslarticulus
1431 5656 1482 5707 in
1524 5655 1682 5707 editis
1706 5661 1759 5706 et
1804 5654 1858 5706 in

293 5722 411 5775 aliis
446 5721 757 5787 quibusdam
789 5721 917 5777 mss.

369 5791 478 5858 (5(5)
511 5791 731 5863 Codices
762 5804 990 5858 quatuor
1028 5790 1414 5863 ἐμψυχώμενα.
1447 5791 1595 5845 Colb.
1654 5791 1857 5858 primus

298 5854 665 5933 ἐμψυχόμενα.
704 5854 843 5916 Editi
903 5879 1022 5917 cum
1062 5854 1214 5934 Ilieg”.
1262 5854 1454 5933 'quinto
1509 5854 1851 5932 ἐψυχωμέναο

1962 4640 2228 4707 juriarum
2254 4640 2569 4692 memoriam
2604 4641 2766 4693 veluti
2793 4642 3048 4695 virtutem
3076 4643 3274 4707 colitis,
3302 4646 3385 4697 cui
3411 4646 3531 4700 sitis

1973 4730 2259 4793 assimiles,
2299 4747 2421 4785 cum
2468 4731 2635 4785 animi
2686 4731 2738 4785 in
2775 4734 3077 4801 proximum
3131 4736 3526 4806 mgritudinem.

1966 4839 2063 4881 ceu
2091 4825 2375 4878 scintillam
2403 4826 2686 4893 quamdam
2725 4828 2775 4880 in
2825 4828 3005 4882 cinere
3036 4828 3380 4894 occultatam,
3410 4840 3532 4885 tan-

1968 4917 2055 4969 diu
2102 4917 2349 4977 servatis.
2384 4917 2556 4971 donec
2603 4922 2824 4972 materia
2873 4930 3108 4988 arrepta,
3155 4922 3291 4989 iram
3330 4924 3524 4979 iterum

1971 5008 2113 5060 velut
2141 5007 2404 5062 ﬂammam
2438 5010 2669 5079 aliquam
2700 5013 3024 5068 accendatis.
3298 5000 3309 5005 ”

2034 5098 2089 5151 2.
2132 5098 2396 5153 Producal
2457 5112 2596 5155 terra
2652 5103 2885 5155 animam
2935 5107 3202 5160 virentem.
3248 5107 3356 5162 Cur
3398 5124 3526 5177 pru-

1966 5191 2109 5245 ducit
2149 5200 2291 5245 terra
2343 5193 2579 5246 animam
2609 5194 2915 5250 viventem?
2960 5198 3026 5252 Ut
3073 5200 3199 5267 quid
3243 5200 3381 5252 inter
3410 5200 3528 5253 ani-

1968 5302 2107 5341 mam
2153 5288 2372 5356 pecudis
2420 5297 2474 5343 et
2520 5290 2657 5343 inter
2708 5290 2947 5345 animam
2995 5290 3230 5345 hominis
3273 5291 3522 5359 intersit,

1968 5577 2087 5632 Mox
2121 5577 2269 5630 Colh.
2307 5577 2511 5645 primus
2548 5577 2735 5642 ζωσῶν
2765 5578 2871 5629 ἀπὸ
2902 5575 3009 5630 τῶν

2035 5649 2143 5715 (57)
2182 5650 2269 5703 Sic
2302 5664 2428 5700 mss.
2456 5648 2695 5715 plerique
2724 5663 2932 5701 omnes.
2961 5648 3099 5702 Editi
3127 5650 3191 5700 ἐκ
3223 5660 3456 5715 φυσεως.

2033 5719 2146 5786 (58)
2170 5720 2279 5771 Duo
2308 5732 2437 5771 mss.
2464 5718 2594 5789 ὕλην
2610 5718 2913 5789 λαϐόμενοι.
2942 5718 3078 5775 Editi
3104 5734 3222 5773 cum
3250 5720 3366 5772 aliis
3396 5733 3527 5775 ωεσ-

1965 5789 2092 5859 ὖλης
2127 5790 2226 5844 λαϐ
2232 5791 2256 5841 ό
2264 5805 2428 5858 μενοι.
