4062 6442
568 383 671 440 £67

1869 377 1925 431 S.
1969 375 2213 433 BASILII
2255 373 2473 430 MAGNI

3709 366 3816 419 168

565 500 764 555 discas.
801 496 1078 564 Quomodo
1113 494 1345 550 hominis
1375 492 1550 547 anima
1581 491 1809 546 formata
1849 493 1939 556 sit,
1973 495 2130 562 paulo

2237 511 2322 565 σῃ,
2359 491 2476 554 πῶς
2523 506 2555 559 η
2613 489 2757 558 ψυχὴ
2809 487 2903 539 τοῦ
2944 484 3227 556 ἀνθρώπου
3295 481 3557 550 συνέστηο
3613 481 3712 533 νῦν
3757 482 3814 534 δὲ

564 600 687 661 post
721 590 908 643 scies:
957 603 1098 640 nunc
1145 601 1274 639 vero
1321 586 1390 638 de
1436 585 1715 636 brutorum
1757 583 1935 637 anima
1981 584 2126 636 audi.

559 680 694 735 Cum
717 679 869 749 juxta
908 680 961 733 id
990 678 1131 746 quod
1167 678 1430 746 scriptum
1468 686 1549 730 est
1582 675 1626 738 ³,
1661 673 1909 728 animalis
1942 674 2127 742 cujus-

564 784 669 838 que
708 769 886 821 anima
923 767 1145 836 sanguis
1181 767 1350 834 ipsius
1398 765 1488 828 sit,
1517 763 1736 833 sanguis
1776 774 1955 817 autem
2001 777 2132 817 con-

563 868 744 910 cretus
773 857 939 911 soleat
960 858 1011 910 in
1043 870 1261 910 carnem
1301 854 1676 916 transmutari,
1700 869 1826 908 caro
1849 869 1978 908 vero
2009 871 2131 911 cor-

563 960 717 1018 rupta
757 949 809 1003 in
871 960 1066 1004 terram
1111 949 1411 1003 resolvatur
1455 967 1468 1002 :
1510 947 1635 1017 jure
1690 962 1753 1001 ac
1800 948 1992 1003 merito
2044 961 2128 1004 est

563 1043 691 1112 quid
731 1053 994 1097 terrenum
1047 1043 1224 1096 anima
1279 1042 1581 1096 brutorum.
1643 1036 1907 1092 Producat
1966 1040 2130 1110 igitur

560 1142 702 1186 terra
732 1135 960 1186 animum
985 1135 1256 1187 viventem.
1286 1131 1490 1186 Anima:
1519 1133 1637 1184 vide
1665 1129 1973 1186 afﬁnitatem
2004 1147 2126 1188 cum

561 1225 842 1294 sanguine,
867 1226 1146 1293 sanguinis
1172 1239 1292 1277 cum
1319 1237 1506 1288 carne,
1532 1224 1711 1277 carnis
1737 1238 1858 1277 cum
1887 1223 2078 1279 tellure
2109 1241 2120 1277 :

560 1327 614 1371 et
660 1332 844 1371 rursus
891 1318 1081 1371 ordine
1124 1318 1340 1371 inverso
1389 1331 1484 1384 per
1532 1317 1719 1370 eadem
1776 1315 2058 1385 regredere
2097 1330 2125 1368 a

565 1420 705 1464 terra
726 1411 792 1463 ad
821 1425 1056 1476 carnem,
1097 1426 1126 1463 a
1157 1425 1319 1464 carne
1345 1409 1409 1463 ad
1437 1408 1777 1477 sanguinem,
1806 1423 1834 1459 a
1864 1407 2126 1474 sanguine

561 1503 626 1556 ad
655 1503 922 1569 animam;
953 1512 1007 1557 et
1036 1517 1287 1572 pecorum
1319 1502 1556 1555 animam
1588 1509 1792 1554 terram
1833 1513 1950 1552 esse
1977 1514 2123 1552 com-

560 1595 756 1664 peries.
786 1593 929 1649 Cave
957 1596 1236 1649 existimes
1277 1595 1511 1647 animam
1548 1607 1668 1647 esse
1700 1592 1942 1660 corporis
1975 1591 2120 1659 ipso—

562 1698 679 1736 rum
739 1684 1122 1737 constitutione
1179 1683 1569 1745 vetustiorem,
1629 1689 1722 1734 aut
1777 1681 1946 1751 ipsam
2006 1689 2123 1748 post

561 1775 743 1829 carnis
780 1775 1186 1828 dissolutionem
1220 1789 1564 1844 permanere.
1591 1774 1974 1842 Arrogantium
2005 1772 2118 1842 phi-

563 1865 911 1934 losophorum
939 1866 1059 1936 fuge
1090 1868 1466 1931 deliramenta,
1498 1880 1632 1933 quos
1660 1880 1764 1919 non
1811 1866 1971 1933 pudet
2000 1879 2125 1917 suas
2155 1858 2195 1912 Β

563 1956 803 2026 ipsorum
851 1958 1062 2013 animas
1106 1968 1160 2012 et
1207 1973 1401 2012 canum
1455 1957 1692 2026 ejusdem
1734 1956 1873 2009 inter
1917 1970 1983 2009 se
2005 1970 2125 2024 spe-

562 2050 662 2105 ciei
689 2066 810 2105 esse
839 2061 1097 2116 statuere,
1124 2068 1242 2106 cum
1276 2067 1332 2106 se
1367 2054 1514 2121 ipsos
1542 2051 1833 2120 aliquando
1855 2061 1909 2104 et
1934 2050 2126 2103 mulie-

564 2155 651 2195 res
694 2152 750 2197 et
787 2141 1011 2197 frutices
1040 2153 1095 2197 et
1141 2145 1318 2214 pisces
1343 2158 1622 2212 aequoreos
1668 2142 1829 2196 fuisse
1875 2141 2121 2195 doceant.

568 2235 683 2306 Ego
722 2235 993 2305 equidem,
1026 2252 1092 2291 an
1122 2252 1353 2306 unquam
1394 2235 1593 2290 fuerint
1634 2235 1828 2304 pisces,
1861 2247 1991 2287 sane
2020 2247 2125 2286 non

565 2329 790 2384 dixerim
816 2348 829 2382 :
859 2331 952 2384 sed
979 2344 1093 2394 eos,
1123 2330 1247 2383 dum
1275 2331 1387 2384 haec
1415 2329 1737 2392 scriberent,
1767 2328 1990 2380 rationis
2019 2341 2126 2378 ma-

563 2422 649 2492 gis
685 2420 852 2476 fuisse
888 2433 1135 2489 expertes
1167 2437 1324 2489 quam
1353 2421 1530 2488 pisces
1561 2420 1646 2472 vel
1691 2419 2126 2471 constantissime

563 2512 898 2580 afﬁrmarim.
950 2509 1215 2562 Producat
1266 2519 1406 2562 terra
1445 2509 1677 2560 animam
1718 2507 1984 2558 viventem.
2031 2504 2128 2556 Mi-

563 2613 754 2661 rantur
779 2601 1025 2657 fortassis
1051 2601 1202 2654 multi
1229 2616 1324 2654 cur
1348 2613 1598 2653 sermone
1623 2596 1824 2652 affatim
1856 2607 2124 2660 currente,

563 2706 806 2767 tempore
843 2709 945 2750 non
975 2693 1186 2749 modico
1217 2693 1567 2747 conticuerim
1599 2706 1613 2744 :
1646 2689 1744 2746 sed
1776 2690 2127 2744 studiosiores

563 2790 836 2844 auditores
882 2786 1079 2841 silentii
1123 2800 1342 2840 causam
1396 2785 1616 2838 minime
1661 2786 1928 2850 ignorant.
1979 2784 2124 2848 Quo-

564 2880 723 2934 modo
763 2879 951 2931 euim?
1002 2879 1090 2944 qui
1141 2877 1348 2930 scilicet
1395 2892 1488 2944 per
1536 2885 1750 2929 mutuos
1790 2876 2017 2929 intuitus
2062 2889 2125 2928 ac

564 2987 726 3030 nutus
760 2988 846 3028 me
875 2973 942 3026 ad
981 2989 1039 3026 se
1066 2972 1211 3042 ipsos
1256 2969 1643 3035 converterint,
1682 2977 1737 3023 et
1764 2982 1824 3020 ea
1857 2982 1976 3036 quae
2014 2967 2128 3021 fue-

565 3081 685 3122 rant
735 3067 1120 3137 praetermissa,
1171 3066 1224 3118 in
1275 3073 1506 3117 mentem
1561 3060 1950 3116 revocaveriut.
1994 3056 2128 3110 Nam

565 3160 774 3226 integra
817 3167 1082 3210 creatura:
1117 3157 1354 3225 species,
1397 3168 1568 3222 eaque
1599 3167 1702 3208 non
1733 3151 1957 3204 minima
1981 3193 1993 3215 ,
2034 3163 2128 3201 nos

565 3247 849 3319 praeteriit,
888 3257 1049 3315 atque
1079 3246 1188 3302 fere
1233 3248 1408 3299 oratio
1460 3256 1646 3301 nostra
1685 3246 1854 3314 ipsam
1906 3240 2128 3297 omnino

564 3340 958 3411 inexploralatn
991 3338 1227 3408 reliquit.
1267 3337 1570 3391 Producant
1605 3339 1749 3392 enim
1781 3353 1930 3406 aquae
1966 3334 2129 3402 repti-

566 3434 637 3487 lia
657 3435 949 3486 animarum
968 3431 1240 3484 viventium
1254 3432 1411 3500 juxta
1428 3444 1608 3498 genus,
1626 3437 1673 3480 et
1691 3428 1923 3480 volatilia
1945 3424 2130 3478 volan-

565 3528 641 3582 tia
660 3541 811 3594 super
828 3535 1014 3577 terram
1032 3523 1311 3576 secundum
1335 3521 1715 3590 ﬁrmamentum
1735 3519 1864 3571 coeli.
1889 3520 1957 3571 De
1977 3525 2131 3570 nata-

568 3617 771 3680 tilibus,
793 3624 1047 3684 quantum
1086 3628 1179 3681 per
1207 3621 1415 3680 tempus
1440 3609 1802 3678 vespertinum
1832 3609 1935 3677 72
1962 3609 2127 3668 licuit,

569 3707 960 3764 disseruimus:
994 3704 1150 3757 hodie
1193 3702 1259 3755 ad
1296 3701 1634 3755 terrestrium
1675 3714 1900 3752 examen
1959 3709 2133 3752 trans-

573 3799 791 3855 ivimus.
855 3794 1080 3848 Volatile
1126 3793 1178 3846 in
1229 3794 1399 3844 media
1430 3792 1732 3844 narratione
1780 3804 1877 3844 nos
1923 3789 2129 3859 elfugit.

569 3893 800 3948 Necesse
841 3899 923 3944 est
957 3890 1138 3954 itaque
1183 3886 1352 3938 instar
1392 3885 1776 3937 obliviosorum
1823 3883 2092 3934 viatorum
2117 3921 2132 3946 ,

569 3987 658 4056 qui
690 4000 810 4038 cum
845 3997 957 4036 rem
991 3977 1218 4046 alicujus
1253 3976 1506 4030 momenti
1550 3973 1885 4042 reliquerint,
1917 3972 2131 4027 etiamsi

569 4078 795 4134 multum
835 4073 1166 4129 confecerint
1207 4071 1437 4134 itineris,
1480 4068 1674 4122 iterum
1719 4070 1908 4123 eodem
1949 4083 2133 4123 rever-

575 4181 779 4232 tuntur,
812 4167 1024 4237 dignam
1058 4164 1261 4219 desidia
1289 4179 1383 4216 sua
1421 4176 1635 4232 paruam
1657 4201 1672 4225 ,
1709 4161 1945 4215 laborem
1974 4164 2130 4217 itine-

569 4266 648 4319 ris
671 4274 832 4332 atque
857 4259 1153 4314 molestiam
1183 4255 1514 4326 perferentes
1539 4273 1552 4310 :
1582 4255 1660 4309 sic
1687 4255 1871 4323 utique
1899 4265 1951 4309 et
1981 4255 2134 4310 nobis

572 4353 711 4407 idem
743 4353 847 4405 iter
883 4350 1224 4419 relegendum
1256 4355 1356 4401 est.
1389 4346 1570 4415 Neque
1612 4348 1756 4401 enim
1795 4347 2130 4416 aspernabile

570 4441 810 4510 estquod
839 4439 1080 4493 relictum
1104 4450 1185 4495 est
1211 4457 1225 4494 :
1256 4439 1347 4494 sed
1375 4439 1531 4494 tertia
1551 4453 1615 4491 ex
1643 4439 1964 4493 animalibus
1995 4453 2137 4491 crea-

2155 3201 2196 3259 ρ
2229 3164 2396 3259 iisiis.

2230 586 2390 638 ἀκουε
2425 582 2666 652 περὶτῆς
2697 581 2806 632 τῶν
2837 578 3046 644 ἀλόγων
3090 576 3288 646 ψυχῆς,
3333 573 3551 645 Ἐπειδὴ
3578 573 3724 626 κατά
3756 574 3816 626 τὸ

2229 674 2608 747 γεγραμμένον
2663 672 2858 734 παντὸς
2908 670 3044 734 ζῶου
3078 671 3110 738 ή
3150 667 3295 737 ψυχὴ
3329 666 3390 718 τὸ
3441 660 3581 734 αἷμα
3637 665 3804 718 αὑτοῦ

2230 768 2378 818 ἐστιν
2410 765 2520 835 (59)
2547 780 2559 793 ·
2594 758 2730 832 αἷμα
2763 763 2819 814 δὲ
2855 761 3024 828 παγὲν
3057 762 3135 821 είς
3169 758 3345 828 σάρκα
3377 757 3590 825 πέφυκε
3643 775 3810 826 μετα-

2229 857 2443 910 ϐάλλειν
2462 875 2474 886 ·
2518 856 2551 925 ή
2577 855 2632 907 δὲ
2663 853 2796 922 σὰρξ
2816 853 2922 922 (40)
2957 851 3225 922 φθαρεῖσα
3245 851 3323 912 είς
3360 848 3462 917 γῆν
3491 847 3806 901 άναλύεται’

2230 947 2405 1018 γεηρά
2436 945 2516 1009 τίς
2549 947 2695 998 ἐστιν
2725 945 2946 1004 εἰκότως
2977 945 3009 1012 ή
3050 941 3197 1011 ψυχὴ
3244 940 3354 993 τῶν
3399 937 3633 1008 κτηνῶν.
3682 938 3812 1001 Ἐξ-

2228 1036 2486 1106 αγαγέτω
2506 1032 2596 1088 οὖν
2627 1037 2663 1103 ἡ
2687 1033 2761 1102 γῆ
2803 1032 3012 1101 ψυχὴν
3038 1030 3252 1092 ζῶσαν.
3291 1030 3432 1101 Ὅρα
3459 1027 3558 1098 τὴν
3588 1028 3812 1081 ἀκολου-

2229 1131 2349 1183 θίαν
2379 1131 2552 1201 ψυχῆς
2581 1131 2715 1201 πρὸς
2748 1124 2907 1199 αἷμα,
2937 1128 3166 1198 αἵματος
3197 1125 3331 1196 πρὸς
3359 1126 3535 1194 σάρκα
3555 1163 3570 1188 ,
3610 1122 3810 1192 σαρκὸς

2229 1225 2364 1295 πρὸς
2411 1223 2506 1293 τὴν
2536 1224 2637 1293 γῆν
2658 1240 2669 1252 ·
2729 1223 2823 1274 καὶ
2857 1219 3018 1274 πάλιν
3048 1218 3317 1281 ἀναλύσας
3348 1218 3435 1270 διὰ
3465 1217 3575 1268 τῶν
3629 1213 3809 1267 αὐτῶν

2226 1315 2545 1368 ἀναπὸδισον
2580 1313 2686 1366 ἀπό
2703 1313 2806 1383 γῆς
2840 1315 2918 1375 εἰς
2951 1313 3149 1382 σάρκα,
3173 1310 3280 1363 ἀπὸ
3311 1308 3512 1378 σαρκὸς
3532 1309 3611 1370 είς
3647 1301 3806 1375 αἷμα,

2225 1407 2332 1462 ἀπὸ
2366 1406 2594 1476 αἵματος
2625 1408 2702 1467 εἰς
2747 1406 2950 1476 ψυχήν⁸
2997 1404 3089 1457 κα).
3133 1403 3405 1473 εὑρήσεις,
3457 1401 3538 1452 ὅτι
3585 1399 3656 1467 γῆ
3692 1399 3808 1449 ἐστι

2222 1502 2331 1555 τῶν
2359 1499 2571 1570 κτηνῶν
2606 1500 2636 1568 ἠ
2671 1497 2834 1567 ψυχή.
2866 1498 2954 1567 Μὴ
3017 1493 3204 1564 νόμιζε
3256 1491 3635 1562 πρεσϐυτέραν
3667 1485 3810 1541 εἶναι

2221 1595 2319 1665 τῆς
2363 1593 2456 1646 τοῦ
2498 1591 2745 1661 σώματος
2795 1590 2972 1642 αὐτῶν
3003 1587 3350 1648 ὑποστάσεως
3373 1627 3386 1651 ,
3423 1585 3554 1655 μηδὲ
3588 1583 3799 1636 ἐπιδια-

2226 1688 2488 1759 μένουσαν
2535 1684 2673 1755 μετά
2707 1682 2804 1752 τὴν
2830 1682 2928 1751 τῆς
2964 1682 3162 1752 σαρκὸς
3188 1680 3426 1733 διάλυσιν
3458 1678 3588 1748 (41).
3615 1677 3791 1745 Φεῦγε.

2224 1779 2531 1850 φληνάφους
2579 1777 2685 1828 τῶν
2736 1772 2982 1843 σοϐαρῶν
3044 1774 3367 1841 φιλοσόφων,
3403 1771 3451 1824 οἳ
3484 1771 3584 1823 ούκ
3609 1769 3806 1839 αἰσχύ-

2224 1890 2403 1925 νονται
2431 1870 2530 1933 τάς
2573 1862 2780 1922 ἑαυτῶν
2806 1865 2983 1936 ψυχὰς
3033 1866 3126 1917 καὶ
3155 1868 3252 1929 τὰς
3286 1865 3503 1928 κυνείας
3541 1865 3809 1933 ὁμοειδεῖς

2225 1965 2479 2034 ἀλλήλαις
2511 1962 2781 2032 τιθέμενοι
2808 1976 2822 1991 ο
2868 1960 2915 2010 οἱ
2948 1956 3196 2025 λέγοντες
3229 1959 3453 2020 ἑαυτοὺς
3481 1954 3810 2026 γεγενῆσθαί

2228 2073 2356 2110 ποτε
2384 2057 2477 2108 καὶ
2527 2056 2790 2122 γυναῖκας
2825 2052 2920 2106 καὶ
2969 2049 3206 2120 θάμνους
3239 2049 3328 2100 καί
3385 2048 3573 2119 ἰχθύας
3603 2048 3808 2102 θαλασ-

2227 2148 2397 2210 σίους.
2441 2144 2582 2214 Ἐγὼ
2612 2145 2665 2198 δὲ
2696 2146 2742 2196 εί
2803 2143 2900 2214 μὲν
2935 2141 3180 2210 ἐγένοντό
3217 2154 3347 2192 ποτε
3384 2139 3533 2208 ἰχθῦς
3591 2140 3692 2192 οὐκ
3741 2139 3810 2191 ἂν

2225 2242 2463 2311 εἴποιμιο
2520 2240 2601 2291 ὅτι
2653 2237 2708 2289 δὲ
2763 2239 2820 2288 ὲν
2877 2229 2921 2302 ᾧ
2959 2234 3131 2287 ταῦτα
3182 2232 3416 2303 ἔγραφον
3457 2231 3563 2282 τῶν
3608 2231 3809 2301 ἰχθύων

2225 2330 2364 2406 ἦσαν
2414 2331 2764 2400 ἀλογώτεροι,
2801 2328 2894 2380 καὶ
2947 2328 3092 2380 πάνυ
3131 2325 3363 2386 εὐτόνως
3408 2323 3806 2393 διατειναίμην.

2238 2424 2606 2494 Ἐξαγαγέτω
2644 2423 2680 2489 ἡ
2709 2419 2785 2490 γῆ
2811 2419 3021 2488 ψυχὴν
3045 2418 3258 2479 ζῶσαν.
3294 2418 3450 2479 Τίνος
3477 2415 3682 2476 ἕνεκεν,
3709 2415 3809 2469 τοῦ

2225 2519 2384 2586 λόγου
2425 2519 2708 2587 τρέχοντος
2773 2515 3004 2585 ἀθρόως,
3058 2510 3422 2580 άπεσιώπησα
3477 2507 3667 2579 χρόνον
3706 2510 3810 2562 οὐκ

2226 2610 2425 2678 ὀλίγον,
2454 2608 2580 2672 ἴσως
2610 2608 2976 2678 θαυμάζουσιν
3013 2607 3062 2658 οἱ
3112 2603 3331 2657 πολλοί·
3367 2601 3481 2656 ἀλλ’
3516 2600 3638 2668 οὐχὶ
3691 2599 3809 2666 οἶγε

2229 2699 2644 2772 φιλοπονώτεροι
2673 2700 2780 2751 τῶν
2806 2698 3088 2770 ἀκροατῶν
3103 2696 3352 2765 ἀγνοοῦσι
3379 2697 3477 2766 τὴν
3500 2695 3683 2748 αίτίαν
3707 2691 3810 2761 τῆς

2228 2794 2490 2864 ἀφασίας.
2518 2792 2642 2853 Πῶς
2695 2791 2834 2860 γάρ;
2863 2791 2912 2842 οἱ
2945 2789 3032 2841 διὰ
3063 2787 3155 2840 τού
3209 2787 3346 2857 πρὸς
3381 2786 3639 2856 ἀλλήλους
3673 2785 3812 2854 ὀρᾷν

2226 2889 2321 2941 καὶ
2346 2886 2576 2940 ὲννεύειν
2608 2882 3031 2954 έπιστρέψαντές
3072 2897 3137 2949 με
3174 2879 3310 2949 πρὸς
3333 2879 3576 2944 ἑαυτοὺς,
3607 2879 3699 2931 καὶ
3729 2879 3812 2939 εἰς

2228 2979 2433 3032 ἔννοιαν
2463 2976 2758 3046 ἀγαγόντες
2798 2974 2906 3027 τῶν
2941 2971 3305 3044 παρεθέντων.
3361 2964 3514 3030 Εἶδος
3548 2968 3658 3037 γὰρ
3687 2969 3812 3022 ὅλον

2228 3072 2322 3142 τῆς
2363 3071 2625 3135 κτίσεως,
2655 3070 2748 3122 καὶ
2794 3069 2892 3121 οὑκ
2951 3066 3226 3137 ἐλάχιστον
3276 3062 3454 3124 τοῦτο,
3504 3061 3811 3130 παρέλαθεν

2451 3163 2544 3216 καὶ
2591 3161 2786 3232 μικροῦ
2835 3157 3009 3212 ἀπιὼν
3062 3157 3255 3227 ᾤχετο,
3291 3154 3643 3219 ἀνεξέταστον
3671 3169 3810 3203 παν-

2230 3252 2397 3316 τελῶς
2428 3254 2624 3320 ὁλόγος
2654 3250 2986 3306 καταλιπών.
3019 3249 3386 3320 Ἐξαγαγέτω
3419 3247 3525 3318 γάρ
3570 3243 3642 3298 τὰ
3670 3243 3811 3297 ὕδωρ

2230 3362 2304 3398 τα
2338 3344 2553 3412 ἑρπετὰ
2583 3342 2795 3410 ψυχῶν
2819 3342 3019 3402 ζωσῶν
3042 3343 3189 3395 κατὰ
3222 3340 3414 3412 γένος,
3446 3339 3542 3392 καὶ
3567 3337 3812 3391 πετεινὰ

2232 3436 2526 3503 πετόμενα
2577 3431 2674 3482 ἐπὶ
2716 3429 2824 3496 τῆς
2885 3429 2997 3497 γῆς
3046 3429 3194 3480 κατὰ
3252 3429 3316 3480 τὸ
3363 3424 3668 3493 στερέωμα
3701 3422 3810 3475 τοῦ

2230 3523 2510 3596 οὐρανοῦ.
2543 3523 2788 3593 Είπαμεν
2806 3521 2872 3574 τὰ
2907 3537 2970 3572 πε
2983 3521 3033 3591 ρὶ
3055 3519 3161 3571 τῶν
3189 3519 3419 3589 νηκτῶν,
3441 3520 3538 3570 ὅσα
3560 3519 3587 3568 ὁ
3616 3516 3810 3586 καιρὸς

2231 3620 2459 3675 ἐνεδίδου
2484 3617 2719 3687 ἑσπέρας
2745 3633 2756 3645 ·
2797 3615 3036 3685 σήμερον
3085 3611 3390 3682 μετέϐημεν
3421 3613 3513 3664 ἐπὶ
3536 3611 3635 3681 τὴν
3698 3610 3811 3661 τῶν

2231 3714 2499 3785 χερσαίων
2533 3713 2798 3777 ἐξέτασιν.
2835 3709 3095 3776 Διέφυγεν
3128 3705 3276 3776 ἡμᾶς
3301 3703 3361 3756 τὸ
3392 3705 3592 3772 πτηνὸν
3634 3707 3693 3758 ἐν
3730 3704 3811 3773 τῷ

2235 3805 2401 3875 μέσῳ.
2471 3805 2704 3872 Ἀνάγκη
2767 3801 2984 3865 τοίνυν,
3053 3797 3194 3851 κατὰ
3258 3798 3384 3859 τοὺς
3436 3793 3810 3863 ἐπιλήσμονας

2231 3895 2338 3948 τῶν
2392 3895 2704 3964 ὁδοιπόρων,
2727 3893 2810 3954 οἳ,
2867 3889 3083 3942 ἐπειδάν
3133 3908 3185 3942 τι
3229 3888 3336 3943 τῶν
3387 3887 3613 3957 καιρίων
3647 3902 3812 3938 κατα-

2232 3985 2427 4038 λίπωσι
2495 3983 2628 4055 (42),
2683 3983 2786 4037 κᾶν
2845 3982 3072 4036 ἐπιπολὺ
3114 3983 3213 4051 τῆς
3274 3981 3393 4033 ὁδοῦ
3452 3979 3808 4051 προέλθωσι,

2234 4080 2395 4132 πάλιν
2444 4080 2540 4150 τὴν
2595 4078 2763 4149 αὐτὴν
2801 4075 3230 4147 ὑποστρέφουσιν
3265 4115 3278 4138 ,
3331 4075 3487 4138 ἀξίαν
3555 4075 3656 4144 τῆς
3707 4075 3807 4145 ρᾳ-

2235 4170 2427 4240 θυμίας
2473 4171 2625 4240 δίκην
2675 4171 2764 4222 τὸν
2829 4171 2892 4221 ἐκ
2957 4171 3055 4240 τῆς
3110 4167 3415 4239 ὁδοιπορίας
3479 4166 3649 4218 κόπον
3712 4167 3811 4219 ὑπ-

2235 4265 2478 4334 έχοντες,
2539 4264 2678 4316 οὕτω
2744 4263 2837 4317 καὶ
2895 4267 3060 4334 ἡμῖν,
3118 4264 3192 4325 ὡς
3252 4264 3437 4323 ἔοικε,
3492 4261 3590 4330 τὴν
3641 4261 3810 4330 αὐτὴν

2236 4355 2394 4408 πάλιν
2458 4354 2750 4424 βαδιστέον.
2813 4355 2920 4407 Καὶ
2972 4354 3080 4424 γὰρ
3149 4354 3269 4407 οὐδὲ
3329 4352 3810 4423 εύκαταφρόνητόν

2237 4451 2350 4501 ἐστι
2408 4449 2467 4500 τὸ
2521 4449 2772 4519 παρεθὲν,
2826 4448 2958 4500 ἀλλὰ
2987 4449 3048 4500 τὸ
3095 4448 3275 4519 τρίτον
3307 4447 3478 4499 ἔοικεν
3506 4444 3641 4499 εἶναι
3703 4446 3806 4516 τῆς

575 4532 645 4586 tis
665 4547 791 4602 pars
814 4547 931 4586 esse
958 4532 1189 4587 videtur.
1221 4532 1346 4586 Tria
1377 4533 1640 4602 siquidem
1665 4543 1791 4586 sunt
1816 4531 2128 4585 animalium

2236 4539 2291 4590 ὲν
2319 4540 2431 4598 τοῖς
2464 4535 2620 4598 ζώοις
2657 4539 2903 4600 κτίσεως,
2938 4537 3094 4608 εἴπερ
3127 4538 3252 4606 τρία
3285 4537 3436 4600 ζώων
3491 4537 3608 4588 ἐστὶ
3652 4536 3805 4605 γένη,

570 4640 790 4696 genera,
822 4633 1075 4679 terrestre
1095 4665 1109 4691 ,
1141 4625 1377 4689 volatile,
1406 4625 1660 4694 aquatile.
1698 4623 2020 4691 Producunt,
2060 4624 2138 4676 in-

572 4719 710 4788 quit,
735 4735 883 4787 aqua:
917 4718 1118 4786 reptilia
1151 4718 1448 4772 animarum
1473 4719 1747 4772 viventium
1767 4718 1924 4787 juxta
1955 4733 2136 4787 genus,

572 4821 620 4863 et
674 4809 912 4863 volatilia
963 4811 1192 4863 volantia
1232 4826 1385 4877 super
1435 4821 1627 4863 terram
1669 4809 1762 4863 sub
1811 4809 2136 4876 ﬁrmamento

573 4903 859 4972 cwlijuxta
887 4918 1065 4973 genus.
1103 4901 1209 4956 Cur
1245 4901 1407 4955 etiam
1443 4901 1744 4956 volatilibus
1764 4914 1830 4954 ex
1864 4899 2016 4968 aquis
2049 4916 2139 4954 or-

649 5018 668 5048 ³
699 5017 870 5072 Levit.
903 5034 1038 5082 xvu,
1075 5016 1166 5071 Η.

576 5175 601 5228 ἒ
649 5105 760 5175 (39)
811 5106 960 5161 Colb.
1014 5105 1220 5176 primus
1271 5103 1410 5166 ζώου
1450 5103 1509 5157 τὸ
1551 5097 1691 5173 αἷμα
1734 5106 1766 5174 ὴ
1804 5105 1947 5175 ψυχὴ
1975 5101 2137 5155 αὑτοῦ

609 5191 741 5227 στιν.

609 5191 741 5227 στιν.

651 5245 759 5316 (ιο)
787 5244 934 5298 Colb.
965 5245 1226 5297 secundus
1253 5245 1300 5297 εί
1324 5244 1380 5296 δὲ
1402 5244 1553 5316 σάρξ.
1589 5241 1951 5316 διειὶιηεόίιῖ
1971 5243 2138 5314 νεκρά

578 5316 662 5378 τίς
711 5315 876 5374 ἐστιν,
913 5324 985 5366 est
1039 5316 1236 5383 aliquid
1270 5313 1551 5367 mortuum.
1603 5313 1724 5383 Nec
1754 5315 1907 5366 aliter
1947 5315 2137 5380 legisse

579 5388 791 5438 videtur
819 5380 1148 5444 Eustathius,
1174 5387 1260 5451 qui
1302 5387 1380 5437 sic
1420 5395 1626 5437 vertat:
1671 5380 1859 5434 Merito
1890 5400 2009 5452 ergo
2057 5394 2137 5434 ta-

581 5458 702 5507 bida
753 5464 826 5507 est
877 5454 1052 5504 anima
1089 5453 1455 5519 iumentorum.
1489 5455 1737 5506 Attamen
1789 5456 1952 5505 codex
1978 5454 2105 5506 Com

582 5524 687 5578 be'f.
737 5538 856 5576 cum
891 5524 1006 5576 aliis
1043 5537 1164 5578 octo
1215 5541 1342 5579 mss.
1374 5527 1531 5578 habet
1556 5523 1729 5594 γεηρά
1757 5539 1859 5584 τις,
1890 5534 1962 5574 est
1990 5524 2136 5587 quid—

582 5596 704 5646 dam
735 5595 1205 5658 terrenum..Quatn
1239 5594 1517 5646 lectionem
1550 5596 2144 5660 pautopostttonlirtnat

583 5663 809 5734 Basilius
837 5663 1057 5734 ipse,his
1082 5665 1256 5734 verbis
1282 5681 1294 5715 :
1321 5665 1413 5715 καὶ
1433 5664 1787 5734 εύρήσεις,ὅτι
1813 5662 1882 5731 γῆ
1905 5664 2019 5714 ἐστι
2039 5663 2144 5714 τῶν

583 5733 848 5810 κτηνῶνή
870 5733 1033 5801 ψυχή,
1064 5731 1225 5802 Atque
1263 5731 1508 5800 pecorum
1543 5735 1771 5787 animam
1801 5746 1988 5786 terram
2037 5750 2147 5786 esse

585 5815 881 5864 vompertes.

2241 4629 2301 4680 τό
2353 4646 2410 4681 τε
2457 4632 2708 4698 χερσαῖον
2776 4629 2868 4680 καὶ
2911 4627 2972 4681 τὸ
3019 4629 3256 4700 πτηνὸν,
3313 4631 3405 4681 καὶ
3448 4629 3508 4680 τὸ
3565 4628 3806 4696 ἔνυδρον,

2253 4718 2634 4788 Ἔξαγαγέτω,
2653 4722 2803 4790 φησὶ,
2819 4720 2888 4773 τὰ
2912 4721 3100 4775 ὕδατα
3127 4721 3342 4789 ἑρπετὰ
3365 4718 3582 4788 ψυχῶν
3608 4718 3810 4780 ζωσῶν

2243 4811 2390 4864 κατὰ
2444 4812 2636 4882 γένος,
2667 4813 2763 4868 καὶ
2793 4815 3028 4867 πετεινὰ
3057 4816 3352 4882 πετόμενα
3404 4813 3502 4866 ἐπὶ
3547 4811 3655 4880 τῆς
3697 4814 3810 4883 γῆς

2244 4904 2395 4958 κατὰ
2422 4906 2486 4958 τὸ
2516 4905 2816 4975 στερέωμα
2850 4907 2963 4975 (45)
2994 4906 3098 4961 τοῦ
3147 4905 3407 4974 οὐρανοῦ
3433 4907 3579 4959 κατὰ
3610 4905 3804 4974 γένος.

2318 5103 2426 5174 (Η)
2477 5101 2602 5170 Reg.
2634 5106 2836 5172 primus
2861 5105 3135 5158 ἀνάλυσιν.
3175 5105 3306 5174 Reg.
3340 5116 3524 5160 sextus
3545 5106 3808 5173 διάλυσιν,

2245 5173 2404 5241 φύγε.
2440 5176 2726 5244 Aliquanto
2761 5188 2880 5244 post
2921 5178 3090 5230 codex
3132 5176 3372 5232 Combef.
3409 5176 3561 5247 ἰχθῦς
3608 5177 3809 5233 θαλάσ-

2243 5262 2361 5315 σης.

2315 5314 2421 5384 (42)
2448 5315 2562 5368 Duo
2587 5329 2711 5368 mss.
2753 5316 3135 5369 καταλείπωσι.

2321 5388 2429 5459 (45)
2494 5385 2649 5459 Κατά
2708 5387 3009 5459 στερέωμα,
3071 5403 3350 5440 secunaum
3398 5389 3808 5456 ﬁrmamentum.

2248 5454 2447 5520 Malim,
2500 5457 2673 5523 inquit
2731 5454 3103 5518 Co'tubelisius,
3153 5473 3272 5510 cum
3329 5454 3515 5513 Atiibr.
3559 5462 3638 5514 vel
3688 5479 3807 5514 cum

2251 5526 2404 5597 Vulg.
2432 5537 2485 5578 et
2509 5528 2757 5593 August.,
2787 5528 2879 5578 sub
2910 5529 3258 5594 ﬁrmamento.
3296 5530 3545 5583 Attamen
3589 5533 3809 5597 legimus

2247 5596 2298 5648 in
2325 5597 2509 5650 Autbr.
2544 5597 2634 5647 lib.
2662 5611 2847 5663 v,cap.
2877 5599 2926 5660 1,
2955 5601 3234 5650 secundum
3259 5596 3670 5664 ﬁrmamentum.
3702 5603 3810 5655 luto

2247 5666 2408 5718 etiam
2444 5667 2541 5718 hoc
2573 5668 2686 5733 ipso
2725 5667 2772 5718 iu
2830 5668 2967 5721 libro
2997 5683 3116 5733 cap.
3152 5668 3236 5731 Η,
3273 5671 3483 5734 legitur,
3535 5686 3680 5723 secus
3713 5672 3807 5738 ﬁr-

2248 5747 2584 5796 mamenlum,
2635 5738 2683 5788 id
2724 5740 2864 5803 quod
2904 5740 3090 5806 repetit
3123 5753 3238 5804 cap.
3282 5741 3346 5792 l4
3377 5740 3495 5792 libri
3542 5741 3803 5806 ejusdem.

2250 5807 2318 5856 At
2349 5820 2473 5858 vero
2501 5816 2718 5860 sanctus
2747 5809 3074 5875 Augustinus
3093 5815 3318 5876 utroque
3341 5812 3590 5878 loquendi
3615 5827 3810 5878 genere
