4062 6454
363 403 463 457 16‘)

1444 406 1730 462 HOMILIA
1773 408 1884 464 Vlll
1921 408 1985 461 lN
2026 406 2516 463 ΗΕΧΑΕΜΕΒΟΝ.

3461 409 3562 464 170

355 516 454 570 Διά
478 518 532 569 τί
579 516 638 580 ἐξ
672 517 873 570 ὑδάτων
907 518 998 570 καὶ
1034 519 1146 580 τοῖς
1175 523 1392 590 πτηνοῖς
1418 521 1513 591 τὴν
1536 523 1744 590 γένεσιν
1780 522 1891 574 ἔδω-

2011 534 2119 578 tum
2167 524 2363 578 dedit?
2406 523 2538 588 Quia
2591 522 2822 576 volatilia
2868 523 3006 575 inter
3049 531 3102 576 et
3141 523 3378 576 natattlia
3418 540 3562 590 quae-

355 624 482 672 xav;
517 609 636 660 Ὅτι
671 610 856 679 ὥσπερ
891 609 1173 676 συγγένειά
1206 611 1286 674 τίς
1317 613 1427 664 ἐστι
1454 617 1564 676 τοῖς
1593 614 1902 682 πετομένοις

355 701 489 769 πρὸς
520 700 586 752 τὰ
641 701 831 771 νηκτὰ.
867 701 974 754 Καὶ
1009 701 1114 770 γὰρ
1167 703 1351 774 ὥσπερ
1394 707 1442 756 οἱ
1500 705 1644 774 ἰχθῦς
1677 705 1736 756 τὸ
1763 705 1902 775 ὕδωρ

352 792 624 860 τέμνουσι,
657 795 720 861 τῇ
763 791 858 861 μὲν
903 794 1110 863 κινήσει
1154 795 1262 847 τῶν
1293 797 1574 866 πτερύγων
1603 797 1710 866 (44)
1737 799 1815 860 εἰς
1844 798 1902 849 τὸ

355 883 538 952 πρόσω
566 884 884 953 χωροῦντες,
914 889 979 956 τῇ
1010 886 1067 938 δὲ
1119 888 1211 940 τοῦ
1242 889 1456 958 οὐραίου
1492 889 1757 959 μεταϐολῇ
1804 891 1901 953 τάς

350 991 408 1025 τε
436 976 796 1046 περιστροφάς
821 979 915 1030 καὶ
947 979 1043 1042 τὰς
1079 979 1286 1041 εὐθείας
1307 979 1478 1050 ὁρμὰς
1501 983 1706 1043 ἑαυτοῖς
1731 982 1902 1034 οἰακί-

351 1062 532 1126 ζοντες
555 1082 567 1094 ·
603 1064 742 1118 οὑτω
769 1068 863 1119 καὶ
892 1070 982 1121 ἐπὶ
1010 1070 1116 1120 τῶν
1150 1068 1362 1138 πτηνῶν
1385 1070 1529 1122 ἐστιν
1558 1071 1704 1131 ἰδεῖν,
1728 1070 1902 1140 διανη-

349 1157 588 1225 χομένων
615 1158 704 1210 τὸν
737 1160 875 1230 ἀέρα
898 1164 1007 1222 τοῖς
1039 1163 1254 1231 πτεροῖς
1294 1161 1431 1213 κατὰ
1460 1162 1546 1214 τὸν
1568 1164 1748 1233 ὅμοιον
1777 1166 1898 1234 τρό-

350 1267 468 1301 πον.
506 1249 686 1315 Ὥστε,
737 1251 921 1320 ἐπειδὴ
961 1252 1016 1303 ἒν
1052 1252 1243 1320 ἰδίωμα
1268 1253 1322 1303 ὲν
1353 1254 1629 1323 ἑκατέροις
1654 1255 1711 1306 τὸ
1744 1256 1898 1324 νήχε-

350 1339 493 1405 σθαι,
526 1342 620 1411 μία
649 1360 729 1405 τις
757 1343 936 1405 αὑτοῖς
969 1345 1000 1412 ἡ
1027 1342 1307 1410 συγγένεια
1339 1346 1401 1396 ἐκ
1431 1344 1527 1413 τῆς
1552 1345 1657 1396 τῶν
1695 1344 1898 1398 ὑδάτων

346 1433 610 1500 γενέσεως
635 1434 962 1504 παρεσχέθη.
1016 1434 1160 1505 Πλήν
1193 1452 1255 1502 γε
1296 1437 1375 1488 ὄτι
1409 1437 1555 1487 οὐδὲν
1604 1436 1710 1488 τῶν
1764 1454 1899 1507 πτη-

347 1523 452 1575 νῶν
482 1526 669 1590 ἄπουν,
714 1524 801 1576 διὰ
845 1527 905 1578 τὸ
939 1527 1072 1578 πᾶσι
1123 1528 1218 1597 τὴν
1252 1528 1455 1580 δίαιταν
1499 1528 1604 1580 ἀπὸ
1650 1529 1750 1599 τῆς
1795 1531 1897 1600 γῆς

351 1616 631 1686 ὑπάρχειν,
697 1617 789 1669 καὶ
833 1617 1006 1670 πάντα
1048 1619 1356 1686 ἀναγκαίως
1406 1618 1503 1688 τῆς
1553 1618 1659 1672 τῶν
1725 1620 1897 1673 ποδῶν

346 1707 642 1777 ὑπουργίας
677 1708 1038 1779 προσδεῖσθαι.
1097 1713 1220 1772 Τοῖς
1269 1711 1363 1779 μὲν
1409 1710 1516 1780 γὰρ
1544 1712 1896 1781 ἀρπακτικοῖς

349 1795 483 1862 πρὸς
505 1795 600 1865 τὴν
623 1797 795 1869 ἄγραν
837 1799 892 1850 αἰ
939 1798 1044 1850 τῶν
1077 1799 1278 1866 ὀνύχων
1301 1798 1505 1867 ἀκμαί·
1545 1802 1654 1861 τοῖς
1696 1799 1751 1850 δὲ
1790 1799 1896 1851 λοι-

2009 617 2126 670 dam
2157 627 2240 670 εει
2271 615 2428 670 veluti
2448 615 2714 681 cognatio.
2736 613 3186 682 Quemadmodum
3217 615 3355 668 enim
3389 615 3562 682 pisces

2009 722 2194 774 aquam
2227 706 2505 770 secant,ad
2536 705 2787 758 ulteriora
2837 717 2979 758 motu
3026 704 3302 774 pinnarum
3338 721 3558 775 progre-

2007 797 2231 863 dientes,
2257 807 2311 849 et
2349 797 2528 849 caudae
2575 796 2863 848 mutatione
2914 805 3023 848 tum
3060 794 3396 848 circuitiones
3450 805 3556 846 tum

2007 897 2180 940 rectos
2217 894 2388 940 motus
2431 885 2528 937 sibi
2568 885 2696 952 ipsis
2724 884 3049 951 dirigentes:
3086 887 3160 937 sic
3186 893 3238 937 et
3281 882 3330 936 in
3366 883 3557 935 volati-

2006 979 2142 1032 libus
2173 980 2348 1031 videre
2378 987 2476 1039 est,
2515 974 2942 1043 quandoquidem
2968 973 3066 1028 alis
3087 974 3246 1028 simili
3273 973 3425 1027 modo
3468 988 3556 1026 ae-

2007 1084 2116 1123 rem
2163 1069 2450 1136 trajiciunt.
2508 1069 2686 1132 Quare
2733 1081 2849 1120 cum
2903 1065 3115 1119 natandi
3176 1065 3472 1134 proprietas
3503 1064 3558 1118 in

2006 1155 2245 1223 utrisque
2296 1157 2364 1210 sit
2410 1173 2534 1218 una,
2584 1171 2684 1208 una
2733 1158 2972 1223 quaedam
3023 1155 3151 1222 ipsis
3205 1153 3430 1207 aﬂinitas
3462 1167 3558 1218 per

2004 1260 2259 1314 aquarum
2292 1246 2692 1313 generationem
2743 1245 2933 1298 collata
2975 1253 3073 1296 est.
3117 1243 3218 1297 Sed
3258 1253 3434 1296 tamen
3466 1256 3551 1296 vo-

2004 1336 2147 1391 latile
2179 1338 2376 1390 nullum
2414 1337 2632 1406 pedibus
2658 1338 2983 1404 caret,qnod
3017 1337 3209 1389 victum
3253 1335 3560 1403 suppeditat

2005 1441 2144 1484 terra
2167 1430 2432 1492 omnibus,
2467 1444 2520 1483 et
2552 1431 2730 1482 omnia
2766 1430 2956 1497 pedum
2985 1428 3280 1480 ministerio
3312 1440 3558 1478 necessa-

2005 1523 2081 1576 rie
2137 1523 2391 1590 indigent.
2437 1520 2736 1589 Rapacibus
2761 1521 2971 1586 quidem
3023 1519 3164 1571 acies
3204 1518 3453 1586 unguium
3488 1515 3556 1569 ad

2001 1612 2308 1680 capiendam
2359 1612 2630 1680 praedam,
2690 1610 2904 1678 reliquis
2967 1623 3093 1662 vero
3134 1608 3202 1661 ob
3248 1607 3554 1659 alimentum

2002 1703 2412 1771 comparandum
2460 1710 2514 1755 et
2549 1703 2611 1753 ad
2647 1700 2900 1770 reliquam
2952 1701 3115 1752 vitam
3161 1697 3556 1766 transigendam

2002 1797 2194 1865 pedum
2231 1810 2357 1849 usus
2393 1795 2694 1848 necessario
2733 1807 3018 1847 concessus
3052 1800 3150 1844 est.
3187 1789 3351 1842 Porro
3375 1804 3556 1857 pauca:

345 1890 464 1949 ποῖς
495 1887 579 1941 διά
603 1906 658 1941 τε
686 1890 776 1942 τὸν
805 1889 1066 1959 πορισμὸν
1092 1888 1190 1957 τῆς
1215 1889 1415 1967 τροφῆς
1450 1890 1541 1941 καὶ
1567 1889 1653 1942 διὰ
1672 1890 1767 1960 τὴν
1795 1889 1891 1942 λοι-

2000 1899 2124 1942 sunt
2149 1888 2411 1951 volucres,
2441 1902 2558 1954 quae
2604 1887 2771 1939 malos
2820 1885 3052 1938 habeant
3102 1884 3280 1951 pedes,
3331 1891 3557 1950 qua:tu

347 1978 451 2047 πὴν
479 1980 572 2032 τοῦ
625 1981 738 2050 βίου
795 1979 1126 2050 διεξαγωγὴν
1177 1982 1443 2049 ἀναγκαία
1485 1982 1591 2034 τῶν
1646 1982 1819 2035 ποδῶν
1861 1986 1891 2053 ἡ

345 2066 615 2138 ὑπηρεσία
637 2069 952 2138 δεδώρηται.
996 2068 1190 2136 Ὀλίγοι
1220 2069 1276 2121 δὲ
1329 2070 1436 2123 τῶν
1479 2071 1702 2140 ὀρνίθων
1733 2072 1895 2124 κακό-

344 2159 502 2221 ποδές
525 2161 678 2223 εἰσιν,
703 2159 824 2211 οὑτε
875 2158 1105 2227 βαδίζειν
1151 2161 1273 2213 οὑτε
1323 2161 1576 2232 ἀγρεύειν
1603 2167 1710 2225 τοῖς
1744 2165 1896 2216 ποσὶν

344 2249 661 2318 ἐπιτήδειοι·
701 2249 774 2312 ὡς
806 2251 865 2302 αἴ
907 2269 966 2303 τε
1027 2251 1288 2321 χελιδόνες
1316 2255 1420 2305 εἰσί
1449 2253 1578 2321 (45),
1607 2253 1725 2305 οὕτε
1749 2254 1895 2322 βαδί-

342 2337 456 2402 ζειν
483 2338 604 2390 οὔτε
635 2340 886 2408 ἀγρεύειν
913 2342 1222 2414 δυνάμεναι,
1262 2344 1353 2395 καὶ
1380 2344 1434 2394 αἰ
1478 2344 1785 2412 δρεπανίδες
1811 2344 1898 2396 λε-

340 2427 587 2495 γόμεναι,
621 2422 698 2490 οἷς
749 2431 780 2499 ή
811 2431 980 2499 τροφὴ
1031 2431 1138 2483 ἀπὸ
1179 2430 1284 2482 τῶν
1313 2433 1369 2482 ἐν
1404 2430 1480 2500 τῷ
1517 2432 1636 2502 ἀέρι
1664 2435 1896 2504 ἐμφερο-

345 2518 517 2583 μένων
535 2520 890 2590 ἐπινενόηται.
909 2521 1147 2572 Χελιδόνι
1169 2521 1221 2573 δὲ
1252 2523 1311 2574 τὸ
1330 2525 1425 2592 τῆς
1455 2523 1704 2594 πτήσεως
1735 2525 1897 2595 πρόσ-

343 2623 488 2675 γειον
519 2611 638 2662 ἀντὶ
669 2611 768 2679 τῆς
799 2611 903 2662 τῶν
929 2611 1100 2663 ποδῶν
1129 2613 1427 2684 ὑπηρεσίας
1457 2615 1619 2670 ἐστίν.

413 2702 466 2755 5.
504 2702 622 2754 Εἰσὶ
655 2703 834 2772 μέντοι
866 2703 1034 2770 γενῶν
1079 2705 1328 2774 διαφοραὶ
1357 2709 1542 2778 μυρίαι
1573 2711 1664 2761 καὶ
1697 2711 1752 2762 ὲν
1785 2712 1897 2773 τοῖς

341 2790 562 2861 δρνισιν,
586 2792 650 2855 ἂς
679 2793 772 2846 ὲάν
803 2811 886 2856 τις
920 2795 1057 2848 κατὰ
1090 2797 1178 2848 τὸν
1208 2799 1364 2851 αὑτὸν
1393 2800 1590 2869 τρόπον
1617 2801 1742 2872 ὲπίῃ
1776 2801 1894 2854 καθ’

341 2880 397 2931 ὃν
430 2881 485 2933 ὲν
516 2881 670 2961 μέρει
715 2883 810 2936 καὶ
850 2884 948 2954 τῆς
979 2886 1087 2937 τῶν
1127 2887 1323 2956 ἰχθύων
1367 2889 1659 2954 ἐξετάσεως
1686 2892 1895 2962 ἐφηψά-

344 2970 500 3040 μεθα,
526 2973 745 3044 εὑρήσει
791 2975 847 3027 ἓν
886 2977 982 3046 μὲν
1037 2977 1206 3046 ὄνομα
1241 2980 1348 3030 τῶν
1395 2983 1668 3044 πετεινῶν,
1699 2984 1894 3054 μυρίας

341 3063 395 3115 δὲ
426 3066 479 3116 ἐν
503 3065 708 3129 τούτοις
726 3067 984 3138 διαφορὰς
1009 3069 1063 3119 ἐν
1089 3086 1145 3120 τε
1174 3073 1284 3132 τοῖς
1309 3072 1555 3139 μεγέθεσι
1590 3074 1680 3124 καί¹
1707 3075 1762 3125 έν
1785 3078 1895 3136 τοῖς

342 3157 582 3225 σχήμασι
614 3158 705 3208 καὶ
735 3159 790 3208 ἐν
821 3162 937 3220 ταῖς
977 3159 1163 3229 χρόαις
1184 3177 1196 3189 ·
1256 3163 1347 3214 καὶ
1394 3163 1533 3215 κατά
1564 3166 1687 3227 τοὺς
1727 3164 1890 3233 βίους,

1999 1979 2112 2032 sive
2136 1981 2198 2030 ad
2225 1978 2626 2037 ambulandum,
2657 1979 2767 2029 sive
2803 1976 2869 2028 ad
2902 1974 3197 2026 venandum
3221 1972 3426 2027 idonea:
3450 1987 3553 2026 non

1999 2072 2102 2125 sint
2133 2069 2372 2138 pedibus,
2396 2084 2493 2123 ceu
2546 2068 2878 2129 hirundines,
2906 2082 3022 2135 qua!
3060 2081 3228 2131 neque
3258 2065 3552 2132 ambulare,

1998 2176 2168 2229 neque
2222 2160 2407 2213 venari
2460 2169 2700 2228 possunt,
2749 2167 2802 2211 et
2832 2173 2960 2210 aves
3004 2157 3214 2208 nomine
3252 2156 3550 2223 drepanes,

1996 2255 2190 2320 quibus
2225 2252 2474 2305 alimonia
2495 2266 2559 2304 ex
2588 2251 2649 2303 iis
2682 2265 2797 2318 quae
2823 2250 3060 2303 feruntur
3086 2249 3136 2300 it:
3168 2262 3313 2313 aere,
3341 2246 3552 2314 provisa

1995 2353 2097 2396 est.
2112 2343 2375 2396 Caeterum
2413 2342 2621 2395 volatus
2655 2352 2814 2395 terra:
2841 2341 3044 2395 vicinus
3073 2341 3125 2395 in
3151 2340 3432 2394 hirundine
3456 2352 3551 2409 pe-

1994 2435 2116 2490 dum
2145 2435 2323 2505 explet
2349 2433 2594 2488 cilicium.

2061 2714 2113 2769 3.
2159 2713 2294 2767 Sunt
2337 2721 2514 2766 autem
2576 2712 2868 2765 innumera:
2933 2725 3184 2780 generum
3245 2708 3556 2765 differentia

1995 2806 2154 2860 etiam
2183 2805 2232 2857 in
2259 2802 2590 2858 volucribus:
2619 2818 2749 2871 quas
2772 2802 2814 2855 si
2843 2804 2961 2869 quis
2987 2811 3259 2869 percurrat
3288 2815 3350 2853 eo
3372 2799 3552 2864 modo,

1997 2912 2100 2964 quo
2127 2896 2317 2965 partim
2352 2895 2573 2963 piscium
2613 2909 2837 2947 examen
2888 2894 3194 2962 attigimus;
3225 2907 3385 2946 unum
3429 2890 3552 2960 qui-

1995 2988 2115 3042 dem
2153 2987 2426 3039 volucrmn
2469 3001 2694 3049 nomen,
2743 2986 2833 3038 sed
2885 2986 3118 3038 inlinitas
3172 2983 3554 3054 magnitudinis

1999 3080 2394 3147 ﬁgurarumque
2421 3088 2472 3131 et
2498 3078 2736 3131 colorum
2771 3075 3099 3130 differentias
3148 3077 3199 3129 in
3253 3078 3337 3129 his
3373 3091 3553 3144 reper-

1999 3181 2147 3224 turus
2169 3181 2268 3224 est.
2298 3170 2374 3224 Ad
2404 3171 2565 3224 vitam
2594 3172 2778 3236 etiam,
2807 3181 2861 3224 et
2891 3172 2955 3223 ad
2997 3170 3233 3224 actiones
3267 3184 3554 3236 moresque

342 3247 433 3296 καὶ
460 3247 557 3305 τὰς
588 3247 832 3315 πράξεις,
858 3249 950 3300 καὶ
973 3249 1037 3301 τά
1067 3249 1192 3319 ἤθη,
1227 3252 1499 3323 ἀμύθητον
1524 3251 1685 3306 οὖσαν
1715 3256 1891 3318 αὑτοῖς

1996 3266 2133 3332 quod
2171 3274 2404 3334 spectat,
2441 3265 2846 3318 inenarrabilctn
2890 3264 3175 3333 quamdam
3222 3263 3361 3317 inter
3407 3263 3553 3333 ipsas

342 3335 435 3405 τὴν
462 3336 595 3406 πρὸς
637 3337 838 3409 ἄλληλα
889 3343 1264 3414 παραλλαγήν.
1295 3346 1431 3414 Ἤδη
1475 3347 1573 3416 μὲν
1624 3344 1715 3400 οὖν
1755 3367 1894 3412 τινες

342 3427 705 3502 ἐπειράθησαν
766 3435 858 3485 καὶ
924 3434 1356 3503 ὀνοματοποιίαις
1414 3439 1733 3509 χρήσασθαι,
1806 3441 1892 3502 ἵν’,

341 3518 523 3590 ῶσπερ
560 3521 645 3575 διὰ
677 3527 962 3594 καυτήρων
996 3526 1153 3578 τινῶν
1186 3529 1282 3596 τῆς
1337 3531 1634 3598 ἀσυνήθους
1683 3534 1776 3585 καὶ
1813 3533 1895 3596 ξέ-

1813 3571 1837 3596 ξι

341 3627 436 3677 νης
465 3612 772 3680 ὀνομασίας,
806 3617 864 3666 τὸ
915 3617 1106 3684 ἰδίωμα
1152 3619 1377 3671 ἑκάστου
1417 3623 1602 3689 γένους
1641 3622 1893 3690 ἐπιγινώ-

343 3715 555 3769 σκηται.
592 3705 697 3756 Καὶ
741 3707 809 3758 τὰ
847 3709 944 3776 μὲν
979 3709 1262 3777 ὠνόμασαν
1287 3711 1609 3783 σχιζόπτερα
1635 3714 1766 3784 (46),
1819 3715 1893 3777 ὡς

341 3793 464 3856 τοὺς
491 3794 703 3859 ἀετούς·
739 3796 807 3849 τά
833 3798 888 3851 δὲ
932 3800 1292 3873 δερμόπτερα,
1318 3805 1390 3866 ὡς
1415 3806 1510 3868 τὰς
1540 3805 1849 3875 νυκτερίδας
1874 3823 1887 3835 ο

343 3987 470 4042 usus
487 3983 585 4030 est,
615 3975 890 4026 secundum
909 3975 1313 4042 ﬁrmamentum,
1341 3989 1392 4029 et
1423 3980 1514 4030 sub
1545 3979 1889 4039 ﬁrmamento.

343 4040 482 4105 Lege
519 4042 803 4095 Nobilium.
833 4040 1194 4097 Tertullianus
1225 4048 1348 4098 Δάν.
1390 4048 1761 4116 Hermog..per
1795 4049 1890 4115 ﬁr-

343 4123 656 4182 mamentum
681 4125 696 4182 ς
720 4128 835 4177 qlue
861 4116 1227 4182 interpretatio
1260 4120 1487 4169 maxime
1506 4119 1750 4170 convenit
1768 4133 1886 4169 cum

343 4191 520 4232 mente
556 4179 753 4254 Basilii.
785 4183 916 4234 Cum
953 4179 1091 4236 enim
1129 4186 1282 4238 l’ater
1311 4189 1658 4253 gravissimus
1683 4203 1776 4254 per
1798 4203 1888 4238 vo-

343 4265 457 4323 f‘em
490 4250 769 4320 στερέωμα
807 4254 932 4304 nihil
981 4255 1118 4305 aliud
1151 4250 1406 4323 intelligat
1437 4259 1535 4311 nisi
1584 4250 1783 4323 aerem,
1813 4256 1886 4308 ttti

343 4319 536 4395 legitur
563 4319 659 4395 sub
682 4327 850 4373 linem
891 4324 1108 4395 hujusce
1139 4319 1418 4386 orationis,
1451 4329 1689 4395 sequitur
1721 4319 1760 4377 si
1792 4340 1883 4378 v0-

345 4390 504 4441 latilia
537 4391 708 4462 volent
731 4406 823 4460 per
845 4405 1043 4454 aerem,
1076 4394 1183 4457 ipsa
1212 4413 1303 4461 per
1336 4390 1722 4449 ﬁrmamentum
1754 4410 1886 4462 quo—

342 4474 445 4527 que
478 4461 673 4511 volare.

410 4527 521 4609 με)
553 4529 767 4609 Aliquot
799 4546 926 4585 mss.
974 4529 1079 4609 τῶν
1113 4533 1432 4602 πτερυγίων.
1481 4535 1671 4588 Statim
1732 4536 1884 4590 Coll).

343 4601 544 4672 prittttts
567 4599 666 4672 τάς
679 4618 744 4672 τε
771 4619 834 4654 πε
842 4603 1119 4672 ριτροπάς.

416 4667 523 4740 (45)
565 4667 635 4740 Ita
677 4667 1070 4738 liegii'priinus,
1106 4672 1339 4740 quintus,
1367 4687 1549 4728 sextus
1583 4683 1634 4726 et
1667 4688 1886 4729 octavus

345 4756 462 4794 cmn
485 4739 696 4811 duobus
733 4742 881 4795 Colb.
919 4744 1051 4795 Editi
1099 4739 1222 4795 vero
1256 4744 1516 4811 χελιδόνες
1552 4748 1654 4798 εἰσὶ
1691 4749 1780 4799 καὶ
1807 4749 1883 4811 αἱ,

346 4809 544 4884 inutile.
589 4808 784 4862 Ibidem
828 4814 920 4865 καὶ
952 4815 1006 4865 αἰ
1045 4808 1373 4884 δρεπανίδες,
1415 4829 1459 4868 et
1493 4818 1760 4884 drepanes.
1798 4808 1886 4871 sui

345 4879 515 4951 visum
549 4888 630 4932 est
666 4890 869 4951 Vertere
899 4897 1016 4936 cum
1071 4861 1260 4943 i’linio,
1315 4861 1404 4951 «iiii
1455 4889 1552 4940 hac
1584 4861 1713 4951 ripsa
1759 4904 1886 4940 voce

347 4947 438 5024 lib.
465 4963 690 5024 iti,_cap.
716 4949 802 5009 47,
832 4952 904 5024 uti
936 4968 1036 5005 non
1062 4955 1284 5005 dubitat.
1316 4947 1439 5024 Ejus
1469 4957 1579 5010 haec
1613 4947 1732 5010 sunt
1769 4973 1886 5009 ver-

347 5019 437 5068 ba:
461 5019 560 5081 Qui
575 5033 754 5086 negant
775 5019 1026 5073 volucrem
1059 5019 1580 5086 ullumsine'pedibus
1597 5043 1725 5087 esse,
1759 5043 1884 5077 con-

343 5087 549 5156 firmant
585 5102 628 5142 et
654 5092 846 5155 apodas
872 5089 1078 5156 habere,
1111 5105 1155 5144 et
1183 5109 1230 5144 οι
1244 5111 1325 5157 en,
1356 5104 1401 5145 et
1435 5095 1709 5160 drepanin.
1737 5097 1788 5146 in
1811 5098 1884 5148 eis

343 5172 456 5228 quw
481 5161 741 5228 rarissime
781 5170 1049 5226 apparent.
1088 5162 1403 5228 Interprctes
1451 5177 1674 5226 veteres,
1716 5164 1780 5216 Et
1813 5181 1886 5217 ea:

341 5227 678 5300 quwIalculw
707 5244 1086 5296 nuncupantur,
1108 5241 1197 5284 aut
1224 5227 1450 5300 ἧμαι-ξω.
1494 5235 1598 5288 llas
1636 5251 1759 5288 aves
1797 5250 1886 5288 νο-

343 5308 425 5350 cat
453 5296 759 5352 Eustathius
783 5315 1032 5366 meropes.

414 5369 524 5436 (46)
552 5366 747 5430 Libuit,
787 5373 925 5435 quod
964 5385 1065 5423 non
1105 5381 1443 5436 suppeterent
1485 5373 1640 5426 verba
1673 5376 1881 5435 Latina,

344 5435 422 5488 sic
455 5435 660 5511 vertere
689 5439 1056 5502 scliizopterus,
1085 5435 1188 5511 etc}
1207 5435 1357 5496 ’Aves
1380 5454 1553 5496 autem
1588 5447 1884 5511 schizopte-

348 5520 438 5565 rte,
485 5521 560 5577 ea:
608 5508 876 5572 dicuntur,
929 5526 1044 5576 qum
1078 5510 1274 5563 habent
1321 5528 1545 5577 pennam
1577 5508 1882 5577 discretam,

347 5577 459 5628 alas
503 5575 676 5651 ﬁssas.
711 5575 1084 5651 Dermopteras
1107 5596 1196 5633 eas
1231 5575 1498 5644 vocamus,
1523 5585 1716 5651 quibus
1748 5575 1885 5636 cutis

348 5662 442 5713 pro
467 5648 652 5721 pennis
685 5662 787 5702 eat.
834 5649 1034 5721 Plilqtae
1062 5669 1138 5704 ea:
1171 5648 1558 5721 intelliguntur,
1589 5670 1705 5721 qua:
1745 5655 1882 5705 sicca

348 5717 654 5791 membrana
703 5721 900 5774 volant.
949 5717 1186 5786 Denique
1243 5720 1573 5788 cole0pteras
1607 5717 1882 5791 appellare

345 5786 519 5840 solent
544 5800 635 5841 eas
664 5804 890 5857 quarum
916 5805 1098 5860 penna:
1129 5793 1315 5861 vagina
1352 5786 1710 5847 continentur.
1737 5795 1884 5859 Quod

1997 3358 2356 3426 deprehendet
2387 3357 2720 3410 varietatem.
2750 3355 2866 3410 Jam
2906 3372 3031 3410 vero
3052 3357 3226 3409 conati
3260 3364 3383 3408 sunt
3420 3373 3552 3410 non-

1998 3449 2124 3502 nulli
2169 3450 2412 3502 conlictis
2463 3447 2765 3501 nominibus
2798 3449 2990 3510 uti,ut,
3037 3447 3192 3499 velttti
3222 3461 3314 3512 per
3346 3447 3552 3499 inustas

1996 3540 2249 3607 quasdam
2275 3538 2500 3592 insolita:
2536 3549 2586 3592 et
2623 3540 2916 3608 peregrina:
2960 3537 3328 3606 appellationis
3371 3547 3551 3602 notas,

1999 3629 2281 3696 cujuslibet
2310 3632 2521 3699 generis
2554 3631 2852 3699 proprietas
2907 3641 3278 3698 cognoscatur.
3309 3629 3372 3683 Et
3420 3627 3554 3682 alias

1997 3723 2208 3789 quidem
2241 3737 2365 3773 aves
2407 3723 2745 3773 nominarunt
2774 3722 3137 3787 schizupteras
3158 3761 3172 3784 ,
3203 3721 3276 3772 uti
3304 3720 3508 3790 aquilas
3535 3736 3550 3777 :

1997 3812 2127 3864 alias
2186 3826 2310 3864 vero
2360 3810 2758 3878 dertnopteras,
2818 3821 2875 3864 ut
2925 3811 3329 3880 vespertilioues
3367 3826 3380 3864 :
3418 3809 3552 3864 alias

2004 3976 2087 4027 hic
2122 3975 2374 4041 scriptum
2409 3976 2710 4028 invenimus
2737 3979 2800 4027 de
2839 3974 3176 4039 coleopteris.
3215 3973 3265 4028 id
3291 3990 3391 4029 non
3425 3990 3549 4044 pro-

2000 4048 2154 4096 batur
2182 4046 2340 4100 Petro
2371 4044 2562 4100 Petito.
2597 4046 2758 4114 lgitur
2789 4045 2877 4095 lib.
2907 4060 2954 4095 tv
2989 4045 3446 4098 .lliscellanearum
3470 4052 3551 4099 ob-

1992 4117 2360 4176 seruationum,
2406 4132 2522 4183 rap.
2564 4115 2650 4174 16,
2711 4115 2956 4182 loquitur
2998 4116 3097 4168 hoc
3140 4117 3294 4167 modo
3329 4133 3341 4167 :
3380 4116 3550 4183 Hujus

1992 4184 2167 4252 itaque
2197 4184 2484 4236 volatilium
2514 4187 2795 4236 secundum
2830 4189 3035 4236 alarum
3065 4185 3390 4252 differentias
3421 4187 3547 4239 divi-

1993 4254 2177 4318 sionis,
2209 4266 2393 4306 cwtera
2413 4255 2617 4323 quidem
2638 4257 2778 4314 bene,
2805 4266 2848 4306 et
2876 4271 2936 4306 ea:
2957 4255 3248 4306 Aristotelis
3273 4257 3548 4318 sententia,

1995 4325 2130 4376 unde
2163 4326 2353 4389 accepit
2392 4341 2408 4377 :
2439 4328 2490 4377 in
2514 4342 2629 4377 voce
2660 4325 3021 4393 κουλεόπτερα
3072 4340 3174 4375 non
3227 4324 3551 4377 mediocriter

1996 4393 2342 4446 hallucinatus
2366 4397 2581 4453 videtur,
2611 4411 2724 4444 cum
2754 4406 2897 4458 putat
2935 4394 3215 4462 signiﬁcari
3250 4393 3344 4446 hoc
3385 4398 3552 4447 nomi-

1925 4482 1971 4540 υ
2000 4480 2058 4540 ne
2095 4466 2406 4516 insector-um
2450 4465 2578 4540 illud
2627 4478 2806 4530 genus,
2861 4481 2977 4532 qua:
3016 4465 3294 4516 involucris
3334 4466 3550 4540 quibus-

1996 4535 2113 4583 dam
2146 4547 2387 4599 concepta
2416 4545 2460 4584 et
2487 4532 2595 4599 fota
2639 4537 2703 4584 ad
2731 4537 2942 4602 aliquod
2971 4544 3188 4596 tempus,
3221 4532 3547 4602 postmodum

1988 4605 2252 4667 putamine
2294 4605 2526 4668 disrupta
2580 4605 2782 4657 evolant
2808 4601 2824 4656 ἑ
2873 4616 2924 4655 ut
2958 4609 3020 4656 de
3050 4605 3242 4654 crcadis
3278 4601 3548 4658 Lucretius

1989 4685 2232 4722 memorat
2256 4672 2344 4724 lib.
2385 4688 2415 4724 ν
2446 4691 2457 4725 :

2059 4740 2344 4794 Follieulos
2371 4754 2428 4794 ut
2454 4756 2591 4793 nunc
2616 4752 2814 4795 teretes
2851 4752 3035 4796 asstate
3068 4742 3267 4795 cicadae

2061 4811 2330 4876 Liuquuttt
2357 4822 2542 4880 sponte
2576 4826 2691 4871 sua,
2726 4814 2918 4865 victum
2953 4816 3220 4877 vitamque
3249 4821 3505 4878 petentes.

1990 4878 2153 4953 Plane
2179 4881 2231 4953 id
2264 4878 2408 4933 verba
2453 4883 2561 4933 [tam
2601 4880 2788 4953 Basilii
2832 4893 3015 4934 sonant
3043 4897 3061 4932 .'
3109 4882 3309 4953 bsuév
3355 4881 3548 4953 θήκαις

1987 4951 2095 5022 τισὶ
2122 4951 2213 5001 καὶ
2235 4953 2544 5020 περιϐολαῖς
2576 4951 2898 5017 γεννηθέντα
2935 4951 3376 5022 περιρραγέντος,
3409 4951 3542 5016 etc.,

1985 5021 2190 5086 quibus,
2220 5037 2334 5086 qua:
2358 5025 2565 5088 proprie
2599 5021 2960 5090 κουλεόπτερα
3003 5021 3265 5082 dicantur,
3296 5025 3540 5088 explicat.

1987 5093 2049 5141 At
2077 5091 2212 5156 [also
2233 5103 2277 5142 et
2302 5103 2488 5156 prwter
2512 5103 2725 5143 mentem
2756 5091 3067 5154 Aristotelis,
3097 5093 3183 5159 qui
3204 5095 3349 5157 longe
3377 5093 3543 5144 diver-

1985 5178 2042 5210 so
2076 5176 2225 5211 sensu
2280 5164 2331 5211 id
2373 5177 2552 5213 nomen
2594 5172 2827 5228 usurpat.
2879 5161 2998 5214 Non
3037 5163 3171 5212 enim
3202 5163 3264 5211 ab
3308 5163 3373 5213 iis
3400 5163 3545 5230 folli-

1986 5231 2118 5281 culis
2159 5230 2521 5300 κουλεόπτερα
2544 5231 2646 5282 vult
2669 5235 2793 5293 dici,
2821 5233 2908 5285 sed
2936 5230 3288 5300 abdéktizpotq,
3321 5235 3541 5300 vaginis,

1985 5302 2168 5364 quibus
2225 5304 2322 5352 ala:
2373 5298 2548 5353 eorum
2601 5307 2923 5353 muniuntur.
2978 5298 3118 5352 Nam
3158 5298 3545 5354 'Gru-cis‘xou-

1986 5367 2104 5420 λεόν
2138 5370 2325 5435 vagina
2354 5381 2448 5423 est.
2481 5367 2626 5439 Unde
2653 5371 2949 5423 Theodorus
2979 5387 3065 5423 eas
3093 5371 3321 5424 volucres
3343 5375 3546 5439 vagini-

1986 5455 2184 5505 pennes
2203 5439 2384 5493 Latine
2410 5442 2576 5492 vertit.
2605 5438 2685 5491 Ita
2703 5443 2836 5493 enim
2853 5441 3090 5493 Gra’cum
3115 5457 3296 5494 nomen
3328 5438 3544 5494 κουλεὸ-

1988 5526 2183 5578 πτερον
2205 5527 2448 5562 sanenon
2479 5511 2750 5577 infeliciter
2765 5513 3035 5575 expressit.
3063 5514 3278 5563 Alarum
3324 5516 3542 5580 proinde

1985 5585 2092 5630 ltwc
2124 5581 2416 5645 di/ferentia
2450 5595 2520 5632 est
2553 5591 2597 5632 et
2627 5584 2935 5645 proprietas,
2980 5598 3080 5633 non
3123 5581 3222 5633 loci
3273 5585 3322 5633 in
3349 5598 3448 5646 quo
3482 5584 3537 5648 ﬁt

1985 5661 2266 5717 generatio.
2290 5649 2437 5713 Quod
2467 5652 2574 5716 ipsa
2593 5652 2777 5702 divisio
2802 5653 3086 5703 .lristo'elis
3129 5651 3345 5713 indicat,
3362 5669 3463 5719 qua
3479 5669 3542 5704 ιτ

1985 5727 2188 5770 alarum
2229 5721 2535 5785 differentiis
2562 5721 2820 5774 volucrum
2840 5721 3158 5790 di/ferentias
3183 5736 3415 5788 venatur,
3449 5725 3534 5776 llb.

1984 5804 2020 5854 ι,
2049 5806 2161 5859 cap.
2191 5790 2249 5856 5;
2282 5802 2382 5844 etc.
