4062 6464
545 377 643 441 171

1840 384 1897 436 S.
1934 380 2179 436 BASlLll
2219 380 2436 436 MAGNI

3676 393 3782 446 172

542 489 779 561 ptilotas,
799 496 855 541 ut
870 501 1056 548 vespas
1081 505 1094 541 :
1114 487 1246 544 alias
1264 503 1447 546 rursus
1461 491 1918 566 coleopteras,73
1936 507 2115 550 uisca-

2220 494 2279 547 τά
2307 496 2361 548 δὲ
2391 498 2650 563 πτιλωτὰ,
2683 498 2758 562 ὡς
2789 498 2914 562 τοὺς
2942 501 3184 571 σφῆκας·
3225 519 3296 556 τα
3331 502 3387 555 δὲ
3417 503 3779 576 κολεόπτερα,

542 581 755 642 rabeos,
782 590 835 635 et
864 595 1191 650 quacunque
1221 583 1273 635 in
1296 583 1465 639 thecis
1488 584 1802 655 quibusdam
1830 596 1884 640 et
1910 588 2111 642 amicu-

542 671 608 731 lis
629 682 916 739 generatas,
944 683 1126 727 crusta
1156 674 1223 729 ab
1260 676 1390 744 ipsis
1428 677 1709 745 distracta,
1733 680 1800 733 ad
1828 680 2110 735 volandum

546 766 806 834 expeditae
848 768 1098 819 evadunt.
1158 768 1353 821 Verum
1387 768 1660 826 suﬁiciens
1700 772 1855 826 nobis
1888 782 2009 826 nota
2033 782 2114 828 est

542 859 609 917 ad
639 873 893 927 generum
929 858 1313 929 proprietatem
1372 864 1776 930 assignandam,
1809 866 2115 921 communis

541 965 691 1015 usus,
719 959 772 1004 et
796 950 968 1005 allata:
994 966 1023 1005 a
1057 951 1333 1022 Scriptum
1365 955 1430 1009 de
1463 955 1674 1009 mundis
1715 964 1769 1010 et
1823 956 2115 1013 immundis

541 1042 934 1101 distinctiones.
1000 1045 1160 1099 Aliud
1230 1047 1411 1116 itaque
1470 1049 1881 1103 carnivorarum
1944 1065 2113 1119 genus

537 1145 625 1190 est
652 1176 667 1198 ,
701 1136 910 1206 aliaque
966 1139 1299 1203 constitutio,
1337 1140 1403 1193 ad
1459 1143 1674 1195 modum
1724 1157 1833 1211 quo
1863 1143 1989 1211 ipsa;
2018 1158 2111 1196 ve-

539 1238 784 1295 scuntur,
835 1234 1235 1290 accommodata
1274 1248 1288 1296 ;
1325 1234 1575 1295 unguium
1604 1236 1766 1301 acies,
1795 1245 1846 1290 et
1881 1245 2109 1289 rostrum

538 1321 842 1387 incurvum,
876 1331 932 1377 et
986 1338 1158 1392 penna
1212 1324 1398 1386 velox,
1442 1335 1500 1378 ut
1535 1334 1588 1379 et
1633 1326 1785 1379 facile
1826 1326 2113 1392 arripiatur

538 1416 741 1484 prada,
771 1426 821 1471 et
847 1416 1102 1470 dilaniata
1143 1416 1454 1471 alimentum
1500 1417 1592 1472 ﬁat
1625 1418 1951 1487 praedatrici.
1993 1418 2110 1471 Alia

541 1522 726 1562 earum
755 1508 1069 1562 constitutio
1099 1517 1205 1572 est,
1249 1524 1368 1577 quae
1415 1510 1625 1566 semina
1682 1509 1937 1575 colligunt
1966 1524 1981 1560 :
2006 1509 2108 1562 alia

539 1610 748 1660 earum,
800 1612 919 1666 qua:
962 1599 1107 1653 omni
1151 1615 1208 1655 re
1241 1601 1398 1655 obvia
1430 1602 1765 1655 nutriuntur.
1816 1600 1879 1653 Et
1936 1600 1986 1653 in
2027 1601 2112 1655 his

540 1688 781 1757 plurimae
812 1689 1146 1747 dill'erentite.
1174 1694 1416 1761 Ipsarum
1447 1693 1589 1747 enim
1629 1691 1893 1760 quaedam,
1925 1706 2111 1761 grega-

541 1779 622 1836 les
663 1792 789 1834 sunt
826 1798 840 1835 :
884 1785 1125 1852 exceptis
1169 1784 1488 1852 rapacibus,
1536 1784 1677 1837 inter
1718 1799 1851 1853 quas
1885 1784 2112 1838 societas

545 1872 691 1927 nulla
738 1882 822 1927 est
866 1883 1062 1943 praeter
1089 1875 1422 1945 conjugalem
1473 1875 1924 1943 cunjttnctionem.
1974 1875 2110 1930 Sunt

542 1978 673 2018 vero
697 1965 816 2019 alite
847 1966 1161 2028 innumerae,
1193 1982 1311 2037 quze
1348 1970 1682 2022 collectivam
1717 1969 2110 2036 amplectuntur

544 2058 730 2120 vitam,
760 2068 816 2111 ut
845 2059 1127 2120 columbae,
1153 2075 1332 2124 grues,
1352 2061 1546 2123 sturni,
1577 2059 1799 2129 graculi.
1827 2058 2032 2112 Rursus
2055 2058 2107 2111 in

544 2151 626 2204 liis
656 2150 775 2203 aliae
808 2150 1002 2204 nullius
1043 2154 1346 2205 subduntur
1394 2153 1639 2219 imperio,
1664 2161 1718 2205 et
1768 2159 1893 2204 sunt
1947 2149 2108 2203 veluti

542 2242 625 2295 sui
681 2241 865 2308 juris;
913 2241 1031 2295 aliae
1083 2243 1203 2296 duci
1261 2243 1452 2313 subjici
1505 2259 1611 2297 non
1658 2250 1931 2307 recusant,
1964 2242 2111 2297 velut

541 2347 721 2409 grues.
754 2332 871 2387 1am
906 2347 1029 2386 vero
1058 2334 1220 2386 etiam
1263 2334 1365 2386 alia
1403 2333 1647 2402 quaedam
1681 2343 1763 2387 est
1805 2333 1857 2387 in
1896 2335 1976 2386 his
2007 2332 2108 2386 dif-

542 2424 792 2488 ferentia,
816 2425 967 2494 juxta
999 2441 1157 2495 quam
1197 2426 1314 2480 aliae
1352 2411 1623 2495 nunquam
1653 2428 1835 2479 sedem
1879 2434 2105 2490 mutant,

542 2528 770 2587 suntque
800 2520 1100 2588 indigenae:
1130 2518 1250 2572 alia:
1279 2517 1455 2571 solent
1482 2518 1793 2585 longissime
1811 2516 2106 2577 discedere,

542 2623 596 2667 et
626 2613 801 2666 hieme
835 2613 1298 2680 appropinquante
1331 2620 1388 2663 ut
1416 2610 1703 2677 plurimum
1740 2608 1793 2661 in
1834 2607 1993 2659 alium
2032 2605 2109 2658 lo-

540 2719 663 2761 cum
685 2719 804 2759 sese
827 2705 1081 2773 recipere.
1106 2704 1242 2771 Quin
1268 2715 1322 2758 et
1346 2703 1645 2770 complures
1671 2717 1817 2765 aves,
1840 2702 1963 2754 dum
1988 2701 2111 2753 edu-

542 2805 751 2855 cantur,
798 2804 1176 2850 mansuescunt
1207 2795 1650 2862 cicuran‘turque,
1671 2803 1866 2861 praeter
1903 2791 2107 2845 debiles

543 2902 608 2943 ac
640 2889 906 2951 intirmas,
952 2902 1070 2955 quae
1107 2888 1176 2941 ob
1211 2887 1432 2939 nimiam
1475 2886 1810 2939 timiditatem
1837 2899 1900 2937 ac
1928 2882 2113 2937 formi-

546 2978 747 3044 dinem,
768 2979 1036 3032 assiduam
1063 2977 1360 3031 molestiam
1384 2977 1483 3031 sibi
1511 2992 1667 3029 manu
1685 2977 1980 3031 exliibitam
2004 2991 2107 3029 non

544 3072 839 3139 patiuntur.
877 3068 981 3123 Sed
1035 3078 1087 3122 et
1125 3070 1359 3123 humana
1414 3069 1806 3122 consuetudine
1863 3067 2110 3121 volucres

2210 588 2286 650 ὡς
2316 589 2442 652 τοὺς
2473 590 2793 662 κανθάρους,
2829 592 2922 645 καὶ
2956 593 3075 657 ὅσα,
3100 594 3159 647 έν
3186 594 3378 665 θήκαις
3412 598 3521 649 τισὶ
3553 600 3649 651 καὶ
3676 617 3781 651 πε-

2211 679 2448 749 ριϐολαῖς
2470 682 2811 752 γεννηθέντα,
2848 686 3272 756 περιρραγέντος
3317 689 3501 753 αὐτοῖς
3527 691 3623 744 τοῦ
3654 692 3782 745 ὲλύ-

2207 788 2359 841 τρου,
2387 772 2522 842 πρὸς
2548 772 2647 843 τὴν
2679 774 2872 844 πτῆσιν
2912 777 3277 851 ἠλευθερώθη.
3327 780 3465 833 Ἀλλ’
3513 784 3643 852 ἡμῖν
3675 785 3781 855 ἀρ-

2210 862 2379 916 κοῦσα
2436 865 2734 935 σημείωσις
2774 867 2906 938 πρὸς
2953 870 3050 940 τὴν
3099 870 3205 923 τῶν
3257 871 3429 939 γενῶν
3460 872 3704 941 ἰδιότητα
3744 878 3777 943 ἡ

2211 957 2361 1027 κοινὴ
2392 958 2605 1029 χρῆσις,
2633 959 2727 1011 καὶ
2758 960 2806 1011 οί
2828 960 2973 1031 παρὰ
3004 961 3102 1031 τῆς
3125 962 3346 1033 Γραφῆς
3372 964 3499 1034 περί
3524 982 3583 1016 τε
3606 965 3783 1017 καθα-

2214 1046 2319 1116 ρῶν
2350 1049 2443 1100 καὶ
2482 1048 2806 1119 ἀκαθάρτων
2848 1049 3133 1121 διορισμοί.
3168 1052 3329 1105 Ἀλλο
3375 1055 3471 1124 μὲν
3499 1050 3593 1107 οὖν
3621 1056 3779 1123 γένος

2210 1136 2270 1188 τὸ
2301 1136 2405 1188 τῶν
2436 1137 2816 1208 σαρκοφάγων,
2848 1140 2941 1191 καὶ
2973 1140 3103 1212 ἄλλη
3141 1145 3449 1216 κατασκευὴ
3491 1145 3781 1215 πρέπουσα

2210 1227 2287 1298 τῷ
2318 1231 2500 1300 τρόπῳ
2527 1231 2623 1301 τῆς
2679 1231 2888 1300 διαίτης
2934 1233 3130 1299 αὐτῶν,
3183 1235 3387 1305 ὀνύχων
3434 1238 3630 1307 ἀκμαὶ,
3682 1239 3781 1290 καὶ

2211 1320 2386 1389 χεῖλος
2413 1322 2661 1387 ἀγκύλον,
2698 1322 2791 1375 καὶ
2819 1323 3015 1393 πτερὸν
3039 1325 3153 1391 ὀξὺ,
3185 1326 3322 1379 ὥστε
3351 1328 3444 1380 καὶ
3471 1329 3781 1401 συλληφθῆ-

2209 1428 2296 1464 ναι
2327 1412 2523 1482 ῥᾳδίως
2544 1414 2604 1465 "rb
2628 1413 2872 1501 θήραμα,
2902 1416 2996 1468 καὶ
3028 1416 3395 1490 διασπαραγὲν
3428 1422 3538 1493 (47)
3569 1424 3780 1493 τροφὴν

2209 1503 2286 1574 τῷ
2306 1503 2477 1555 ἑλόντι
2527 1505 2797 1571 γενέσθαι.
2828 1506 3000 1576 Ἀλλη
3028 1508 3135 1561 τῶν
3187 1512 3569 1582 σπερμολόγων
3607 1532 3782 1568 κατα-

2210 1597 2379 1665 σκευή
2401 1613 2414 1627 ·
2452 1597 2584 1667 ἄλλη
2619 1598 2725 1652 τῶν
2752 1606 2817 1653 ἐκ
2846 1601 3045 1663 παντὸς
3076 1604 3423 1672 τρεφομένων
3461 1608 3553 1659 τοῦ
3587 1626 3780 1661 συντυ-

2210 1688 2411 1757 χόντος.
2472 1691 2579 1744 Καὶ
2606 1692 2665 1743 ὲν
2696 1692 2903 1756 τούτοις
2939 1692 3186 1748 πλεῖσται
3236 1695 3505 1768 διαφοραί.
3538 1701 3621 1752 Τὰ
3677 1701 3781 1771 μὲν

2210 1780 2317 1849 γὰρ
2353 1780 2530 1836 αὐτῶν
2568 1784 2712 1834 ἐστιν
2747 1783 2854 1853 (48)
2900 1784 3147 1853 ἀγελικὰ,
3187 1785 3326 1857 πλὴν
3357 1788 3462 1840 τῶν
3505 1792 3778 1860 ἁρπακτι-

2213 1868 2320 1921 κῶν
2338 1886 2349 1897 ·
2384 1870 2586 1923 τούτων
2610 1871 2667 1929 δὲ
2700 1873 2851 1926 οὐδὲν
2881 1876 3191 1928 κοινωνικὸν
3212 1877 3367 1939 ἐκτὸς
3386 1878 3475 1930 τοῦ
3510 1882 3647 1933 κατὰ
3678 1882 3781 1947 τάς

2211 1959 2467 2029 συζυγίας
2490 1964 2845 2034 συνδυασμοῦ.
2880 1967 3065 2037 Μυρία
3094 1967 3150 2019 δὲ
3189 1967 3322 2023 ἄλλα
3356 1970 3446 2022 τὸν
3476 1972 3783 2042 άθροισμα-

2207 2057 2357 2109 τικὸν
2390 2056 2589 2127 ᾕρηται
2634 2060 2764 2128 βίον,
2791 2062 2866 2123 ὡς
2898 2062 3213 2133 περιστεραὶ
3244 2064 3377 2134 (49),
3409 2064 3501 2117 καὶ
3534 2065 3778 2137 γέρανοι,

2209 2148 2300 2200 καὶ
2357 2148 2549 2219 ψῆρες,
2608 2151 2700 2203 καὶ
2745 2153 2958 2207 κολοιοί.
3016 2154 3183 2207 Πάλιν
3213 2157 3271 2208 ἐν
3301 2157 3507 2221 τούτοις
3554 2158 3621 2212 τὰ
3679 2159 3784 2228 μὲν

2207 2235 2416 2311 ἄναρχά
2446 2242 2561 2297 ἐστι
2608 2242 2701 2295 καὶ
2756 2238 2864 2295 οἷον
2896 2246 3168 2315 αὐτόνομα
3189 2264 3202 2276 ·
3239 2248 3306 2300 τὰ
3346 2247 3401 2301 δὲ
3436 2251 3524 2319 ὑφ’
3551 2251 3783 2321 ἡγεμόνι

2207 2334 2461 2405 τετάχθαι
2493 2336 2919 2405 καταδεχόμενα,
2949 2338 3022 2401 ὡς
3055 2341 3109 2391 αἱ
3150 2339 3389 2411 γέρανοι.
3420 2344 3556 2413 Ἤδη
3592 2344 3647 2396 δέ
3693 2361 3783 2406 τις

2208 2428 2298 2479 καὶ
2332 2428 2492 2497 ἑτέρα
2532 2430 2589 2480 έν
2618 2427 2826 2492 τούτοις
2872 2431 2986 2482 ἐστὶ
3013 2429 3263 2501 διαφορὰ,
3312 2432 3432 2485 καθ’
3462 2434 3526 2503 ἢν
3564 2435 3631 2487 τὰ
3681 2436 3784 2504 μὲν

2210 2519 2577 2587 ὲπιδημητικά
2604 2521 2662 2571 τέ
2694 2523 2810 2573 ἐστι
2857 2523 2950 2575 καὶ
2994 2523 3253 2594 ἐγχώρια,
3292 2524 3362 2576 τὰ
3414 2525 3469 2577 δὲ
3522 2527 3787 2596 ἀπαίρειν

2210 2610 2418 2676 πέφυκε
2452 2612 2807 2681 πορρωτάτω,
2842 2615 2932 2665 καὶ
2974 2615 3237 2684 χειμῶνος
3271 2616 3576 2683 ἐγγίζοντος
3625 2620 3784 2670 ἐκτο-

2211 2700 2388 2764 πίζειν
2428 2699 2502 2762 ὡς
2533 2699 2603 2752 τὰ
2636 2701 2825 2755 πολλά.
2871 2704 3139 2773 Χειροήθη
3192 2705 3247 2757 δὲ
3296 2708 3389 2758 καὶ
3433 2707 3662 2759 τιθασσὰ
3710 2709 3787 2760 τὰ

2211 2793 2397 2856 πολλὰ,
2422 2793 2527 2846 τῶν
2553 2794 2756 2864 ὀρνέων
2794 2794 3165 2863 ὲκτρεφόμενα
3198 2796 3423 2862 γίνεται,
3451 2798 3587 2865 πλήν
3621 2814 3683 2862 γε
3717 2798 3784 2868 δὴ

2209 2887 2316 2939 τῶν
2339 2885 2602 2948 ἀσθενῶν,
2626 2885 2660 2939 ἂ
2694 2885 2761 2938 δι’
2789 2884 3233 2956 ὑπερϐάλλουσαν
3263 2886 3462 2938 δειλίαν
3498 2885 3588 2939 καὶ
3618 2889 3786 2940 ἀναν-

2212 2977 2366 3047 δρίαν
2409 2977 2509 3046 τὴν
2557 2976 2750 3046 συνεχῆ
2776 2976 2874 3045 τῆς
2912 2974 3094 3045 χειρὸς
3116 2975 3394 3045 ἐνόχλησιν
3424 2976 3521 3045 οὐχ
3557 2976 3788 3043 ὑφίστα-

2213 3087 2301 3129 ται
2338 3070 2470 3139 (50).
2519 3067 2678 3119 Ἀλλὰ
2707 3068 2798 3119 καὶ
2852 3066 3373 3138 συνανθρωπιστικοί
3399 3083 3541 3128 τινες
3563 3065 3670 3118 τῶν
3693 3068 3775 3136 ὀρ-

546 3162 784 3230 quaedam
806 3162 1058 3228 gaudent,
1086 3169 1141 3213 et
1186 3159 1398 3213 easdem
1447 3171 1607 3226 atque
1637 3174 1732 3211 nos
1772 3157 1871 3225 ipsi
1906 3158 2113 3210 habita-

2220 3160 2374 3213 νίθων
2403 3160 2527 3220 εἰσὶ,
2557 3158 2655 3220 τὰς
2690 3157 2860 3219 αὑτὰς
2886 3160 3017 3228 ήμῑν
3057 3160 3299 3230 οἰκήσεις
3326 3157 3749 3228 καταδεχόμενοι
3770 3174 3783 3187 ·

546 3252 724 3309 tiones
750 3250 1047 3317 recipiunt:
1079 3250 1197 3302 alia;
1222 3249 1460 3302 incolunt
1491 3257 1801 3309 montes,ac
1829 3248 2114 3301 solitudine

548 3343 906 3399 delectantur.
958 3341 1047 3394 Illa
1104 3342 1525 3409 uniuscujusque
1571 3335 1873 3409 pr0prietas
1898 3352 2016 3406 quae
2048 3338 2114 3392 ad

546 3449 733 3489 vocem
763 3436 1019 3504 pertinet,
1056 3434 1348 3487 maximum
1390 3433 1553 3487 etiam
1595 3430 1883 3485 discrimen
1933 3427 2112 3482 edicit.

547 3527 683 3586 Alite
707 3527 851 3581 enim
884 3525 1132 3578 volucres
1167 3526 1419 3593 loquaces
1456 3531 1579 3577 sunt
1607 3533 1661 3577 et
1693 3522 1919 3592 garrulae
1951 3538 1965 3585 ;
1997 3520 2117 3575 aliae

550 3619 850 3679 taciturna).
886 3616 977 3671 Hae
1006 3616 1220 3686 quidem
1245 3623 1544 3676 canorae,et
1575 3614 1798 3666 multum
1824 3613 2110 3677 clamosae;

550 3711 655 3765 illa:
670 3710 891 3764 omnino
908 3708 1286 3765 modulationis
1303 3722 1366 3764 ac
1379 3717 1568 3762 cautus
1583 3714 1848 3774 expertes.
1867 3706 2115 3770 Quaedam

551 3811 677 3861 sunt
707 3800 1044 3861 imitatrices,
1063 3799 1456 3853 aemulationem
1487 3796 1632 3850 illum
1660 3795 1741 3849 vel
1766 3810 1795 3847 a
1829 3804 2015 3848 natura
2039 3795 2119 3847 vel

551 3892 621 3951 ab
637 3894 893 3945 exercitio
914 3892 1240 3961 accipientes
1269 3909 1280 3943 :
1303 3890 1544 3958 qutedam
1564 3889 1805 3942 eamdem
1824 3900 2036 3954 semper
2057 3900 2121 3939 ac

553 3982 942 4035 immutabilem
967 3996 1150 4035 vocem
1184 3982 1459 4035 emittunt.
1493 3979 1768 4049 Superbus
1801 3988 1882 4034 est
1909 3977 2117 4048 gallus:

550 4083 775 4131 ornatus
826 4083 882 4128 et
914 4074 1193 4143 elegantia;
1229 4084 1435 4126 amator
1471 4084 1556 4129 est
1603 4089 1737 4143 pavo
1776 4093 1787 4127 :
1825 4072 2123 4128 libidinosas

552 4168 834 4233 columbae,
882 4169 1104 4238 perinde
1154 4176 1315 4235 atque
1369 4166 1576 4234 gallinae
1634 4166 1975 4228 domesticze,
2005 4179 2123 4234 quae

552 4260 700 4314 nullo
725 4274 828 4313 non
867 4268 1105 4328 tempore
1135 4256 1342 4311 libidini
1382 4256 1676 4325 indulgent.
1726 4254 1917 4310 Dolosa
1949 4266 2003 4310 et
2029 4272 2121 4311 ze-

552 4349 732 4417 latypa
777 4347 963 4415 perdix
1009 4357 1111 4413 est,
1148 4346 1494 4401 venatoribus
1526 4347 1592 4399 ad
1637 4347 1870 4414 przedam
1904 4348 2122 4419 capien-

552 4446 675 4500 dam
709 4446 972 4502 malitiose
994 4460 1146 4499 suam
1178 4459 1398 4513 operam
1430 4454 1714 4513 praestans.

2219 3251 2364 3303 ἄλλοι
2397 3250 2452 3301 δὲ
2485 3250 2650 3318 ὄρειοι
2688 3248 2779 3301 καὶ
2822 3249 3128 3319 φιλὲρημοι.
3157 3250 3404 3320 Μεγίστη
3454 3250 3509 3303 δὲ
3553 3248 3789 3319 διαφορὰ

2220 3342 2313 3394 καὶ
2348 3342 2380 3410 ἡ
2417 3342 2545 3409 περὶ
2578 3339 2677 3408 τὴν
2712 3339 2891 3410 φωνὴν
2932 3342 3128 3411 ἰδιότης
3168 3342 3415 3395 ἑκάστου.
3450 3344 3511 3395 Ol
3546 3343 3642 3412 μὲν
3677 3343 3789 3412 γὰρ

2222 3433 2439 3486 κωτίλοι
2469 3433 2561 3484 καὶ
2592 3430 2739 3483 λάλοι
2761 3430 2868 3483 τῶν
2899 3433 3126 3501 ὀρνίθων
3175 3436 3342 3486 εἰσίν·
3385 3436 3432 3486 οἱ
3466 3435 3523 3487 δὲ
3554 3434 3783 3504 σιγηλοί.

2222 3529 2330 3580 Καὶ
2375 3526 2440 3579 τὰ
2504 3527 2601 3596 μὲν
2644 3526 2815 3596 ᾡδικὰ
2844 3523 2941 3577 καὶ
2985 3524 3303 3593 πολύφωνα·
3346 3526 3413 3579 τὰ
3468 3527 3524 3580 δὲ
3574 3528 3790 3596 ἄμουσα

2224 3621 2499 3684 παντελῶς
2549 3621 2642 3674 καὶ
2669 3620 2812 3691 ᾠδῆς
2845 3620 3067 3690 ἄμοιρα.
3106 3620 3216 3671 Καὶ
3260 3619 3329 3672 τὰ
3360 3621 3455 3689 μὲν
3490 3621 3717 3691 μιμηλὰ,
3754 3620 3787 3690 ἢ

2224 3717 2286 3766 ὲκ
2338 3715 2548 3782 φύσεως
2601 3713 2790 3782 ἔχοντα
2833 3711 2895 3764 τὸ
2945 3710 3249 3781 μιμεῖσθαι,
3297 3710 3329 3779 ἢ
3387 3710 3445 3775 ἐξ
3507 3712 3791 3780 ἀσκήσεως

2225 3804 2599 3874 προσλαϐόντα
2627 3803 2757 3871 (51)
2794 3802 2860 3854 τὰ
2887 3801 2943 3863 δὲ
2990 3800 3318 3871 μονότροπον
3348 3799 3439 3852 καὶ
3480 3798 3790 3867 ἀμετάϐλη-

2224 3911 2315 3944 τον
2344 3894 2439 3963 τὴν
2467 3895 2648 3963 φωνὴν
2678 3893 2920 3960 ἀφιέντα.
2952 3890 3160 3960 Γαῦρον
3188 3893 3215 3943 ὁ
3247 3886 3558 3958 ἀλεκτρυών
3579 3904 3591 3916 ·
3643 3888 3793 3955 φιλό-

2227 3984 2389 4036 καλον
2418 3988 2445 4037 ὁ
2484 3984 2661 4048 ταώςο
2710 3986 2915 4051 λάγνιοι
2955 3986 3011 4037 αἱ
3047 3983 3364 4052 περιστεραὶ
3400 3982 3492 4034 καὶ
3524 3980 3581 4035 αἱ
3608 3997 3793 4033 κατοι-

2228 4075 2386 4127 κίδιοι
2444 4076 2638 4145 ὅρνεις,
2674 4076 2765 4127 ἐπὶ
2798 4072 2996 4134 παντὸς
3027 4071 3219 4140 καιροῦ
3255 4072 3315 4123 τὸ
3353 4072 3793 4124 συνουσιαπικόν

2228 4168 2468 4238 ἔχουσαι.
2526 4166 2747 4234 Δολερόν
2799 4168 2826 4215 ὁ
2895 4163 3005 4232 (52)
3063 4161 3254 4231 πέρδιξ
3312 4162 3405 4217 καὶ
3468 4163 3793 4229 ζηλότυπον,

2229 4259 2549 4331 κακούργως
2615 4255 2977 4327 συμπράττων
3039 4256 3152 4316 τοῖς
3198 4252 3458 4324 Θηραταῖς
3509 4252 3643 4324 πρὸς
3696 4255 3797 4323 τὴν

2230 4355 2423 4424 ἄγραν.

626 4534 681 4589 4.
722 4534 1004 4589 lnnumera
1056 4543 1201 4600 sunt,
1265 4546 1323 4615 ut
1381 4537 1642 4599 diximus,
1674 4543 1729 4588 et
1771 4534 2038 4587 actionum
2069 4542 2115 4588 et

2297 4537 2348 4590 4.
2379 4535 2606 4607 Μυρίαι,
2646 4534 2721 4595 ὡς
2756 4532 2985 4603 ἔφαμεν,
3017 4532 3109 4586 κα).
3130 4533 3237 4585 τῶν
3274 4531 3523 4603 πράξεων
3562 4527 3655 4582 καὶ
3691 4530 3800 4583 τῶν

551 4626 675 4679 vitae
720 4626 1050 4685 discrimina.
1094 4623 1261 4679 Porro
1287 4626 1527 4693 quaedam
1565 4642 1629 4680 ex
1665 4628 1749 4680 his
1796 4626 1967 4679 brutis
2004 4629 2126 4680 ani-

554 4716 826 4780 ulantibus
855 4727 980 4772 sunt
1006 4732 1220 4786 quoque
1250 4716 1477 4785 politicrc
1507 4734 1518 4768 :
1545 4718 1806 4785 siquidem
1837 4716 2009 4771 civilis
2040 4720 2129 4771 ad-

554 4810 969 4870 ministrationis
1004 4809 1277 4879 proprium
1322 4818 1425 4870 eSI,
1460 4819 1515 4861 ιιι
1546 4809 1610 4861 ad
1660 4823 1823 4861 unum
1876 4824 2128 4865 commu-

557 4916 676 4957 nem
710 4903 867 4954 ﬁnem
896 4901 1227 4970 singulorum
1255 4900 1493 4955 actiones
1529 4910 1873 4965 c0ncurrant,
1908 4911 1965 4952 ut
1986 4903 2130 4969 quis-

554 5010 661 5063 que
704 4995 756 5047 in
793 4994 985 5062 apibus
1017 4994 1216 5048 intueri
1266 5001 1461 5063 potest.
1508 4991 1602 5044 llis
1650 4990 1796 5044 enim
1829 4994 2129 5048 communis

631 5133 742 5201 (47)
763 5132 895 5202 Reg.
925 5132 1130 5202 primus
1153 5147 1273 5186 cum
1305 5130 1457 5185 Colb.
1494 5130 1676 5183 itidem
1711 5127 1882 5197 primo
1905 5126 2136 5183 διασπα-

563 5203 921 5395 ραῖξέξδοιὺ.
950 5274 1156 5344 primus
1180 5272 1357 5325 αὐτῶν
1377 5274 1533 5324 εἰσιν.
1560 5270 1678 5325 Mox
1710 5272 1846 5325 idem
1868 5284 1970 5320 ius.
1997 5272 2137 5324 κατὰ

564 5361 733 5395 συιυγ
759 5362 845 5395 αν.

564 5361 845 5411 συςυγιαν.

636 5415 745 5485 (49)
768 5414 914 5470 Editi
933 5414 1008 5477 ὡς
1036 5415 1092 5468 at
1119 5414 1457 5485 περιστεραί,
1482 5413 1751 5485 Articulus
1771 5412 1919 5464 deest
1939 5408 1987 5461 in
2008 5425 2134 5464 mss.

563 5482 804 5555 Subinde
842 5486 990 5537 multi
1024 5501 1152 5537 mss.
1193 5482 1385 5555 ψῆρες.
1424 5483 1559 5555 Editi
1591 5482 1785 5555 ψάρες,

644 5556 752 5626 (50)
788 5554 915 5621 Reg.
948 5564 1133 5608 sextus
1153 5548 1493 5622 ὑφίστανται.
1526 5548 2135 5606 lbideinCod.Combef.

566 5625 759 5681 συνανθ
769 5627 1015 5695 ρωπικοί.

664 5696 749 5759 5|)
771 5692 1006 5748 Codices
1036 5696 1143 5748 duo
1175 5692 1703 5763 προσλαμϐάνονται.

664 5701 749 5759 5|)
779 5701 1006 5748 Codices
1036 5701 1143 5748 duo
1175 5701 1703 5763 προσλαμϐάνονται.

639 5701 752 5835 (δε)
806 5766 955 5829 Regii
980 5834 985 5835 ν
1013 5767 1239 5835 primus,
1279 5769 1467 5835 tertius
1501 5775 1561 5835 et
1592 5766 1811 5835 quintus
1842 5762 2056 5835 δολερὸς
2088 5765 2133 5814 ὁ.

577 5831 714 5894 Editi
739 5848 861 5889 cum
885 5834 1064 5893 multis
1095 5834 1211 5888 aliis
1234 5850 1362 5887 mss.
1395 5833 1609 5905 δολερὸν
1632 5834 1678 5883 ὁ.
1718 5832 1895 5887 Potest
1923 5834 2133 5903 quidem

2236 4631 2362 4701 βίων
2391 4628 2661 4697 διαφοραί.
2704 4626 2855 4678 Ἔστι
2880 4626 2937 4678 δέ
2964 4642 3083 4677 τινα
3119 4626 3211 4677 καὶ
3250 4622 3503 4677 πολιτικὰ
3534 4622 3641 4675 τῶν
3683 4624 3802 4675 ἀλό-

2233 4740 2364 4790 γων,
2395 4720 2553 4789 εἴπερ
2583 4719 2856 4781 πολιτείας
2886 4719 3035 4779 ἴδιον,
3066 4717 3125 4769 τὸ
3154 4717 3288 4787 πρὸς
3322 4716 3376 4766 ἓν
3411 4714 3586 4782 πέρας
3622 4715 3801 4767 κοινὸν

2237 4813 2510 4865 συννεύειν
2557 4812 2653 4881 τὴν
2705 4812 2983 4882 ἐνέργειαν
3030 4810 3134 4862 τῶν
3166 4808 3285 4863 καθ’
3313 4807 3562 4871 ἕκαστον,
3601 4807 3677 4868 ὡς
3711 4808 3804 4858 ἐπὶ

2235 4904 2341 4956 τῶν
2377 4904 2642 4974 μελισσῶν
2667 4904 2729 4955 ἄν
2760 4920 2842 4965 τις
2879 4902 2995 4953 ἴδοι.
3018 4902 3125 4953 Καὶ
3147 4900 3253 4971 γὰρ
3274 4900 3494 4952 ἐκείνων
3521 4898 3673 4967 κοινὴ
3708 4900 3804 4968 μὲν

2236 4998 2269 5066 ἡ
2302 4996 2535 5067 οἴκησις,
2571 4996 2721 5065 κοινὴ
2744 4995 2849 5064 δὲή
2880 4994 3096 5062 πτῆσις,
3116 4991 3341 5065 ἐργασία
3376 4992 3432 5044 δὲ
3463 4990 3803 5056 πάπωνίῦὂ)

2239 5135 2396 5187 lectio
2429 5143 2654 5199 utraque
2689 5131 2899 5183 admitti
2928 5130 3053 5183 :scd
3082 5145 3203 5182 cum
3230 5134 3541 5199 constanter
3556 5126 3667 5199 _hoc
3694 5125 3806 5190 ipso

2241 5207 2292 5257 in
2360 5207 2473 5258 loco
2535 5195 2829 5267 reperiatur
2892 5201 2942 5252 in
3002 5201 3250 5253 omnibus
3304 5214 3445 5267 mss.
3485 5195 3805 5267 ζηλότυπον,

2240 5276 2459 5327 dubium
2494 5266 2603 5323 non?
2642 5274 2813 5325 habeo
2848 5272 2974 5336 quin
3023 5271 3303 5337 legendum
3332 5268 3403 5319 sit
3430 5266 3667 5337 δολερὸν.

2312 5345 2422 5414 (55)
2458 5343 2748 5414 Et_liti_c_um
2775 5340 2955 5393 multis
2984 5356 3117 5414 mss.
3159 5340 3398 5414 πάντων.
3432 5337 3583 5390 Colh.
3620 5350 3810 5413 secun-

2241 5406 2339 5466 dus
2377 5406 2582 5465 πασῶν.
2612 5411 2779 5464 Nemo
2811 5427 2913 5464 non
2947 5410 3489 5462 vitlctcorrectionem
3520 5422 3637 5458 esse
3664 5406 3810 5472 igna-

2243 5485 2284 5536 ri
2342 5484 2569 5544 librarii,
2604 5484 2690 5549 qui
2732 5482 2871 5546 quod
2926 5497 3023 5531 vnx
3077 5476 3569 5549 μέλισσαίΐθιιιίιιιιιί
3598 5476 3807 5541 geni-ris

2246 5556 2334 5616 sit,
2368 5556 2437 5607 ita
2469 5545 2859 5607 emendandum
2891 5565 3009 5603 esse
3049 5545 3273 5613 putavit.
3306 5548 3407 5599 Sed
3442 5545 3567 5616 uiliil
3595 5562 3810 5597 necesse

2250 5614 2366 5677 fuit.
2398 5621 2528 5675 Nam
2565 5633 2621 5674 ut
2659 5622 2789 5672 alias
2818 5637 2976 5687 saepe,
3000 5621 3068 5669 ita
3098 5620 3181 5672 liic
3203 5616 3451 5688 generale
3478 5614 3691 5683 aliquod
3720 5631 3809 5688 ιιυΓ

2250 5712 2368 5746 ιιιιοιι
2402 5694 2739 5755 suliutttlilur,
2782 5685 2903 5758 ptttti
2926 5690 3079 5752 ζῶον.
3113 5685 3305 5743 Staiim
3343 5687 3480 5741 idem
3521 5688 3688 5740 codex
3723 5685 3811 5736 καὶ

2246 5766 2529 5835 ταξιάρχῃ.
