4062 6454
276 406 381 453 1Ἰῆ

1372 397 1652 451 IIOMILIA
1694 395 1805 449 Vlll
1844 397 1908 449 IN
1952 398 2449 453 llFIXAl'ZMliRON.

3423 402 3442 453 l
3458 399 3524 452 Ἠ

276 513 406 584 μία.
436 517 528 565 και
552 511 613 564 τὸ
652 510 925 581 μέγιστον,
961 510 1041 562 ὅτι
1076 510 1178 561 ὑπὸ
1215 510 1423 577 βασιλεῖ
1453 511 1546 561 καὶ
1575 510 1847 581 ταξιάρχῳ

1956 528 2034 568 vst
2068 515 2349 575 habitatio,
2375 514 2677 567 communis
2713 511 2941 572 volatus,
2987 530 3197 585 unaque
3252 524 3305 567 et
3337 517 3523 569 eadem

270 605 383 658 τινὶ
401 606 507 658 τῶν
548 604 722 674 ἔργων
748 601 1027 664 ἅπτονται,
1057 602 1115 654 οὐ
1145 603 1403 673 πρότερον
1426 602 1847 672 καταδεχόμεναι

272 699 369 751 ἐπὶ
393 700 519 760 τοὺς
546 693 816 765 λειμῶνας
847 696 1039 759 ἐλθεῖν,
1068 694 1196 764 πρὶν
1232 692 1296 745 ἂν
1329 694 1478 747 ἴδωσι
1506 694 1849 762 κατάρξαντα

276 790 368 843 τὸν
390 788 613 859 βασιλέα
640 788 737 857 τῆς
761 790 1035 857 πτήσεως.
1062 787 1167 837 Καὶ
1197 786 1341 839 ἔστιν
1365 787 1553 846 αὑταῖς
1582 784 1642 835 ού
1674 801 1849 855 χειρο-

277 882 497 950 τονητὸς
521 882 547 932 ὁ
582 878 831 949 βασιλεὺς
855 878 1133 948 (πολλάκις
1163 878 1269 950 γὰρ
1299 878 1523 949 ἀκρισία
1543 877 1715 946 δήμου
1739 876 1848 945 (54)

276 973 367 1024 τὸν
401 970 669 1041 χείριστον
703 975 782 1034 εἰς
815 969 988 1040 ἀρχὴν
1033 973 1447 1041 προεστήσατο),
1480 969 1600 1021 οὐδὲ
1642 969 1850 1040 κληρω-

276 1064 373 1133 τὴν
398 1064 536 1133 έχων
564 1066 662 1135 τὴν
692 1061 940 1129 ἐξουσίαν
972 1062 1174 1129 (ἄλογοι
1200 1066 1305 1134 γάρ
1332 1067 1387 1117 αἱ
1434 1061 1711 1131 συντυχίαι
1742 1063 1849 1114 τῶν

274 1156 495 1228 κλήρων
519 1160 611 1210 ἐπὶ
648 1159 738 1208 τὸν
772 1156 986 1207 πάντων
1018 1154 1241 1225 ἔσχατον
1290 1156 1547 1217 πολλάκις
1569 1156 1628 1206 τὸ
1654 1156 1850 1226 κράτος

275 1248 583 1318 φέρουσαι),
602 1248 721 1299 οὐδὲ
758 1249 821 1299 ἐκ
857 1247 1125 1318 πατρικῆς
1148 1249 1395 1317 διαδοχῆς
1422 1250 1532 1309 τοῖς
1561 1246 1850 1315 βασιλείοις

275 1338 708 1408 ἐγκαθεζόμενος
743 1340 859 1407 (καὶ
915 1340 1021 1411 γὰρ
1056 1344 1148 1394 καὶ
1198 1336 1342 1393 οὗτοι
1389 1340 1699 1393 ἀπαίδευτοι
1758 1340 1851 1392 καὶ

278 1431 511 1501 ἀμαθεῖς
542 1432 722 1503 πάσης
757 1432 954 1502 ἀρετῆς
980 1432 1066 1485 διὰ
1098 1432 1307 1503 τρυφὴν
1338 1432 1431 1482 καὶ
1465 1432 1752 1484 κολακείαν
1778 1430 1851 1492 ὡς

272 1520 346 1570 τὰ
380 1521 546 1575 πολλά
580 1524 861 1591 γίνονται),
922 1523 1034 1576 ἀλλ’
1080 1525 1142 1574 ἐκ
1174 1521 1386 1588 φύσεως
1424 1522 1560 1591 ἔχων
1607 1522 1667 1574 τὸ
1712 1520 1852 1573 κατά

274 1613 495 1666 πάντων
526 1618 809 1686 πρωτεῖον,
838 1617 929 1667 καὶ
960 1613 1177 1682 μεγέθει
1199 1612 1466 1684 διαφέρων
1489 1616 1581 1666 καὶ
1616 1614 1851 1683 σχήματι

275 1705 373 1757 καὶ
410 1709 475 1776 τῇ
509 1706 603 1758 τοῦ
636 1706 796 1775 ἤθους
842 1705 1128 1775 πραότητι.
1176 1706 1331 1757 Ἐστι
1364 1706 1462 1773 μὲν
1496 1705 1603 1775 γὰρ
1631 1706 1852 1774 κέντρον

272 1796 354 1865 τῷ
387 1797 613 1865 βασιλεῖ,
645 1797 757 1847 ἀλλ’
793 1798 853 1847 οὐ
892 1796 1087 1866 χρῆται
1117 1796 1291 1865 τούτῳ
1316 1796 1451 1866 πρὸς
1477 1796 1707 1866 ἄμυναν.
1745 1795 1851 1848 Νό-

1956 610 2193 661 omnium
2223 606 2366 661 actio
2394 622 2407 657 :
2451 617 2501 659 et
2552 608 2693 675 quod
2751 605 3075 674 praecipuum
3109 617 3221 669 est,
3256 608 3354 662 Sub
3382 621 3524 670 rege,

1955 706 2011 749 et
2040 697 2138 749 sub
2160 697 2391 766 quodam
2424 696 2678 763 praefecto
2716 710 2935 762 operam
2965 698 3384 766 aggrediuntur;
3422 712 3525 748 non

1957 788 2103 857 prius
2137 790 2200 841 ad
2233 800 2380 859 prata
2424 788 2687 859 proﬁcisci
2725 787 2832 860 74
2862 804 3024 851 ausae,
3053 804 3213 858 quam
3243 806 3417 857 regem
3452 792 3533 845 vi-

1958 880 2134 934 derint
2177 882 2374 937 volatui
2424 891 2774 952 praeeuntem.
2810 882 2923 936 Rex
2987 891 3164 936 autem
3219 888 3357 950 apud
3389 887 3528 951 ipsas

1959 969 2229 1039 suffragiis
2284 987 2387 1026 non
2432 983 2669 1037 creatur,
2728 976 2915 1042 vulgus
2952 988 3183 1042 namque
3217 974 3403 1041 judicii
3445 977 3526 1027 in-

1956 1062 2076 1129 opia
2106 1062 2394 1133 pessimum
2426 1079 2791 1133 saepenumero
2820 1067 2883 1116 ad
2915 1067 3271 1136 principatum
3312 1070 3525 1124 evexit:

1959 1170 2133 1223 neque
2170 1164 2316 1209 sorte
2346 1163 2661 1224 potestatem
2690 1159 3013 1227 assequitur,
3066 1161 3332 1215 temerarii
3384 1163 3526 1215 enim

1958 1248 2182 1301 sortium
2229 1261 2387 1302 casus
2434 1246 2718 1315 imperium
2749 1264 2889 1319 saepe
2926 1250 2977 1302 in
3013 1252 3249 1305 omnium
3297 1254 3525 1307 deterri-

1959 1354 2103 1391 mum
2137 1340 2421 1394 conferunt
2453 1355 2465 1389 :
2500 1354 2596 1393 nec
2620 1353 2682 1393 ex
2723 1351 2939 1407 paterna
2984 1346 3325 1401 successione
3362 1348 3412 1401 in
3446 1362 3526 1401 re-

1958 1432 2059 1502 gali
2092 1432 2285 1487 throno
2313 1430 2624 1495 collocatur,
2664 1450 2785 1486 nam
2819 1444 2873 1487 et
2902 1436 2933 1487 ii
2967 1438 3126 1492 rudes
3170 1449 3527 1507 expertesque

1959 1528 2172 1580 virtutis
2203 1528 2396 1591 onmis,
2433 1528 2501 1581 ob
2536 1526 2755 1581 delicias
2783 1536 2837 1580 et
2866 1533 3259 1585 assentationes
3288 1531 3523 1601 plerum-

1960 1634 2063 1687 que
2093 1620 2256 1684 ﬁunt;
2284 1620 2376 1673 sed
2408 1634 2436 1671 a
2474 1628 2665 1672 natura
2704 1619 2755 1672 in
2788 1635 2975 1674 omnes
3004 1621 3213 1674 obtinet
3253 1624 3525 1691 principa-

1962 1720 2071 1763 tum
2103 1711 2336 1778 :quippe
2374 1718 2427 1764 et
2457 1712 2823 1779 magnitudine
2854 1723 2908 1765 et
2931 1711 3102 1767 forma
3124 1723 3178 1768 et
3206 1730 3416 1770 morum
3448 1718 3526 1771 le-

1962 1803 2129 1856 nitate
2156 1802 2445 1856 antecellit.
2473 1802 2613 1857 Inest
2648 1804 2862 1873 quidem
2892 1805 3003 1874 regi
3042 1808 3260 1861 aculeus
3296 1826 3309 1862 :
3344 1810 3436 1862 sed
3462 1826 3527 1865 eo

279 1903 370 1955 μοι
403 1885 543 1948 τινές
578 1888 713 1938 εἰσιν
765 1881 910 1939 οὗτοι
957 1887 1054 1957 τῆς
1111 1887 1321 1956 φύσεως
1354 1887 1611 1959 ἄγραφοι,
1654 1888 1847 1959 ἀργοὺς

1960 1907 2060 1949 non
2091 1892 2257 1945 utitur
2291 1895 2357 1945 ad
2403 1890 2681 1947 ultionem.
2741 1892 2833 1947 Hae
2863 1902 2989 1946 sunt
3042 1895 3285 1962 quwdam
3322 1905 3528 1950 natura:

277 1972 417 2027 εἶναι
456 1976 589 2047 πρὸς
617 1980 887 2048 τιμωρίαν
920 1981 1045 2042 τοὺς
1078 1980 1184 2033 τῶν
1231 1981 1500 2050 μεγίστων
1528 1980 1851 2035 δυναστειῶν

275 2067 673 2133 ἐπιϐαίνοντας.
710 2071 870 2123 Ἀλλὰ
902 2074 994 2125 καὶ
1028 2076 1146 2136 ταῖς
1193 2074 1492 2143 μελίσσαις,
1529 2075 1645 2125 ὅσαι
1680 2073 1745 2125 ἂν
1777 2073 1851 2142 μὴ

273 2162 686 2232 ἁκολουθήσωσι
717 2163 793 2232 τῷ
837 2166 1200 2232 ὑποδείγματι
1245 2166 1337 2215 τοῦ
1395 2164 1676 2232 βασιλέως,
1715 2166 1851 2233 ταχὺ

277 2256 574 2324 μεταμέλει
626 2256 725 2324 τῆς
776 2257 1054 2321 ἀϐουλίας,
1082 2257 1254 2327 ὅτιτῇ
1288 2256 1467 2328 πληγῇ
1499 2257 1590 2310 τοῦ
1628 2257 1850 2328 κέντρου

274 2348 791 2419 ἑπαποθνήσκουσιν
820 2350 953 2419 (55).
1004 2349 1375 2403 Ἀκουέτωσαν
1404 2349 1735 2420 Χριστιανοὶ,
1770 2346 1851 2411 οἷς

274 2442 608 2513 πρόσταγμά
656 2445 771 2495 ὲστι
828 2442 1017 2512 μηδενὶ
1056 2444 1223 2495 κακὸν
1257 2445 1375 2495 ἀντὶ
1408 2442 1576 2496 κακοῦ
1603 2444 1850 2497 ἀποδιδό-

274 2552 386 2597 ναι,
418 2536 552 2588 ἀλλά
574 2538 728 2607 νικᾷν
769 2538 825 2589 ἐν
852 2534 925 2605 τῷ
954 2535 1142 2606 ἀγαθῷ
1173 2536 1233 2588 τὸ
1260 2536 1449 2588 κακόν.
1478 2535 1727 2606 Μίμησαι
1752 2540 1850 2606 τῆς

279 2628 541 2698 μελίσσης
579 2629 637 2681 τὸ
692 2629 1012 2700 ἰδιότροπον,
1076 2631 1179 2691 ὅτι,
1225 2628 1400 2681 οὐδενὶ
1456 2628 1847 2697 λυμαινομένη,

272 2722 397 2773 οὐδὲ
418 2724 628 2791 καρπόν
661 2723 935 2793 ἀλλότριον
964 2724 1373 2794 διαφθείρουσα,
1400 2722 1469 2775 τὰ
1511 2721 1679 2793 κηρία
1708 2738 1848 2791 συμ-

275 2811 563 2879 πήγνυται.
603 2812 705 2863 Τὺν
748 2814 843 2882 μὲν
873 2815 981 2882 γὰρ
1011 2814 1178 2882 κηρὸν
1208 2814 1313 2865 ἀπὸ
1338 2814 1444 2864 τῶν
1476 2813 1651 2866 ἀνθῶν
1684 2830 1849 2882 φανε-

276 2901 388 2971 ρῶς
417 2904 727 2975 συναγείρει
763 2904 892 2973 (56),
928 2904 1063 2957 τὸδὲ
1102 2905 1242 2973 μέλι,
1270 2905 1369 2973 τὴν
1404 2904 1718 2974 δροσοειδῶς
1761 2908 1847 2958 ὲν-

274 2996 632 3066 εσπαρμένην
677 2996 854 3051 νοτίδα
901 2999 1013 3059 τοῖς
1044 2995 1281 3053 ἄνθεσιν.
1328 2996 1746 3065 ἐπισπασαμένη
1772 2997 1849 3065 τῷ

278 3086 526 3153 στόματι,
560 3089 763 3157 ταύτην
794 3091 911 3151 ταῖς
936 3088 1209 3157 κοιλότησι
1232 3087 1338 3140 τῶν
1374 3088 1580 3158 κηρίων
1622 3086 1846 3157 ἐνίησιν.

277 3172 442 3229 Ὅθεν
476 3180 567 3231 καὶ
597 3180 759 3249 ὑγρὸν
804 3181 953 3249 παρὰ
1005 3180 1103 3248 τὴν
1139 3179 1360 3251 πρώτην
1394 3179 1538 3231 ἐστίν
1562 3195 1575 3208 ⁸
1608 3174 1725 3231 εἶτα
1772 3177 1850 3248 τῷ

274 3272 452 3343 χρόνῳ
500 3268 832 3339 συμπεφθὲν,
875 3270 1011 3339 πρὸς
1062 3271 1158 3341 τὴν
1190 3272 1393 3323 οἰκείαν
1445 3271 1700 3323 σύστασιν
1756 3271 1849 3323 καὶ

278 3363 469 3433 ἡδονὴν
534 3361 911 3431 ἐπανέρχεται.
975 3360 1170 3414 Καλῶν
1212 3362 1305 3413 καὶ
1349 3362 1663 3431 πρεπόντων
1709 3360 1846 3430 αὕτη

275 3455 385 3506 τῶν
430 3456 667 3508 ἐπαίνων
719 3453 870 3523 παρὰ
924 3452 1025 3521 τῆς
1073 3453 1377 3523 Παροιμίας
1417 3452 1526 3521 (ὕἹ)
1559 3454 1844 3523 τετύχηκε,

279 3544 418 3613 σοφὴ
447 3546 540 3595 κα)⁸
566 3545 783 3613 ἐργάτις
824 3542 1211 3613 ὀνομασθεῖσαο
1250 3542 1390 3594 οὕτω
1426 3541 1524 3611 μὲν
1551 3541 1848 3609 φιλοπόνως

278 3636 379 3705 τὴν
406 3635 615 3706 τροφὴν
646 3637 1035 3705 συναγείρουσα
1065 3631 1158 3705 (ἧς
1205 3634 1347 3700 τοὺς
1399 3635 1646 3699 πόνους,
1692 3633 1846 3702 φησὶ,

272 3726 559 3792 ,βασιλεῖς
584 3726 679 3778 καὶ
709 3726 927 3778 ἰδιῶται
958 3728 1106 3793 πρὸς
1133 3727 1339 3795 ὑγείαν
1362 3723 1845 3794 προσφέρονται),

274 3820 421 3873 οὕτω
462 3819 518 3871 δὲ
554 3819 728 3887 σοφῶς
773 3818 1157 3887 φιλοτεχνοῦσα
1189 3820 1287 3884 τὰς
1320 3821 1603 3893 ἀποθήκας
1625 3819 1717 3873 τοῦ
1753 3819 1849 3888 μέ-

276 3912 421 3974 λιτος
457 3913 557 3977 (εἰς
602 3910 795 3962 λεπτὸν
836 3910 943 3980 γὰρ
984 3910 1157 3980 ὑμένα
1196 3912 1286 3964 τὸν
1314 3912 1478 3982 κηρὸν
1516 3912 1843 3977 διατείνασα,

280 4007 489 4069 πυκνὰς
518 4005 609 4058 καὶ
639 4006 878 4075 συνεχεῖς
910 4004 1169 4074 ἀλλήλαις
1198 4005 1566 4073 συνοικοδομεῖ
1601 4006 1697 4068 τὰς
1736 4022 1847 4056 κοι-

274 4098 545 4168 λότητας),
597 4099 672 4159 ὡς
703 4098 763 4150 τὸ
801 4097 999 4149 πυκνὸν
1032 4098 1130 4168 τῆς
1172 4098 1281 4149 τῶν
1325 4097 1668 4167 μικροτὰτων
1712 4098 1846 4167 πρὸς

275 4189 481 4259 ἄλληλα
507 4190 704 4251 δέσεως
742 4190 971 4260 ἔρεισμα
1011 4190 1253 4255 γίνεσθαι
1284 4188 1361 4259 τῷ
1390 4189 1569 4242 παντί.
1615 4188 1845 4259 Ἐκάστη

275 4281 384 4351 γάρ
416 4282 642 4351 φρεατία
669 4280 775 4348 (58)
811 4280 909 4350 τῆς
933 4280 1124 4350 ἑτέρας
1156 4279 1357 4350 ἔχεται,
1387 4280 1564 4349 λεπτῷ
1595 4280 1729 4350 πρὸς
1755 4280 1848 4331 αύο

274 4372 373 4442 τὴν
401 4369 741 4441 διειργομένη
762 4388 819 4421 τε
853 4370 985 4441 ὁμοῦ
1013 4374 1106 4423 καὶ
1132 4372 1506 4441 συναπτομένη
1532 4371 1608 4439 τῷ
1624 4370 1850 4438 διαφρά-

275 4481 465 4532 γματι.
499 4463 727 4515 Ἔπειτα
755 4460 1003 4533 διὼροφοι
1036 4464 1128 4517 κα)⁴
1168 4463 1461 4535 τριώροφοι
1493 4466 1549 4515 αί
1585 4464 1846 4533 σύριγγες

1955 1984 2099 2056 leges
2148 1984 2369 2039 minime
2402 1984 2637 2054 scriptae,
2670 1996 2729 2039 ut
2775 1986 2912 2040 tardi
2966 1985 3077 2040 sint
3109 1988 3172 2040 ad
3213 1988 3526 2051 vindictam,

1953 2078 2042 2144 qui
2116 2078 2184 2132 ad
2257 2077 2549 2132 maximam
2596 2079 2890 2146 potentiam
2936 2088 3063 2133 sunt
3100 2078 3293 2133 evecti.
3338 2079 3443 2134 Sed
3475 2088 3529 2133 et

1954 2181 2288 2236 quaecunque
2340 2183 2467 2236 apes
2524 2167 2664 2237 regis
2711 2182 2815 2221 non
2867 2182 3167 2237 sequuntur
3198 2170 3525 2238 exemplum,

1954 2269 2047 2310 eas
2087 2257 2268 2310 statim
2296 2259 2616 2311 temeritatis
2638 2273 2748 2313 suae
2778 2259 3002 2328 paenitet
3031 2276 3045 2322 ;
3072 2267 3353 2329 propterea
3387 2262 3527 2329 quod

1953 2347 2124 2402 aculei
2156 2348 2260 2401 ictu
2316 2349 2605 2403 intereunt.
2656 2351 2890 2405 Audiant
2934 2350 3247 2415 Christiani,
3277 2352 3365 2418 qui
3397 2352 3525 2405 nulli

1953 2442 2149 2495 malum
2186 2458 2281 2512 pro
2327 2443 2468 2497 malo
2514 2444 2754 2507 reddere,
2792 2447 2883 2500 sed
2913 2446 2965 2499 in
2998 2444 3140 2499 bono
3179 2445 3378 2498 malum
3411 2445 3528 2499 vin-

1951 2548 2075 2589 cere
2098 2535 2354 2603 jubentur
2374 2538 2415 2588 ⁵.
2440 2535 2651 2589 Imitare
2691 2538 2961 2606 propriam
2992 2536 3105 2606 apis
3137 2536 3389 2602 indolem,
3408 2553 3529 2607 qua:

1952 2627 2080 2681 nulli
2116 2624 2372 2689 oﬁiciens,
2406 2642 2576 2695 neque
2604 2626 2837 2683 fructum
2868 2629 3101 2683 alienum
3150 2644 3523 2698 corrumpens.

1951 2715 2102 2771 favos
2132 2716 2399 2770 construit
2428 2731 2491 2771 ac
2512 2717 2823 2788 compingit.
2860 2717 2994 2771 Nam
3036 2726 3093 2771 ut
3127 2734 3309 2773 ceram
3335 2734 3399 2771 ex
3429 2718 3527 2773 llo-

1953 2808 2101 2862 ribus
2150 2817 2336 2876 aperte
2384 2808 2587 2875 colligit
2639 2809 2763 2862 :‘ita
2811 2810 2952 2873 mel,
2998 2810 3276 2864 humorem
3323 2812 3529 2867 scilicet

1952 2902 2091 2955 roris
2122 2900 2292 2954 instar
2328 2898 2549 2953 ﬂoribus
2586 2902 2918 2969 inSpersmn,
2950 2919 3045 2956 ore
3089 2906 3328 2967 attrahit,
3366 2918 3528 2973 atque

1952 2996 2003 3047 in
2029 2993 2269 3048 favorum
2300 3008 2429 3047 cava
2477 2994 2738 3048 immittit.
2762 2994 2914 3048 Unde
2947 2995 3107 3048 etiam
3158 2996 3332 3064 primo
3369 2997 3528 3065 liqui-

1950 3084 2073 3135 dmn
2099 3093 2181 3137 est
2215 3101 2229 3137 :
2265 3084 2456 3137 deinde
2509 3086 2765 3152 temporis
2795 3100 3046 3154 processu
3087 3096 3429 3152 concoctum,
3459 3089 3526 3141 ad

1953 3175 2223 3242 propriam
2249 3176 2646 3228 concretionem
2669 3177 3095 3245 suavitatemque
3116 3180 3378 3245 pervenit.
3400 3180 3529 3249 Apis

1957 3266 2240 3333 praeclaras
2281 3275 2335 3319 et
2376 3268 2754 3321 convenientes
2793 3268 2977 3321 laudes
3003 3284 3031 3321 a
3076 3267 3369 3324 Proverbio
3394 3285 3526 3325 con-

1955 3367 2139 3413 secuta
2171 3367 2272 3425 est,
2304 3375 2424 3427 qua!
2451 3360 2656 3414 scilicet
2692 3360 2988 3429 appelletur
3027 3361 3242 3430 sapiens
3283 3371 3338 3416 et
3384 3362 3530 3418 labo-

1956 3451 2119 3505 riosa.
2151 3450 2262 3505 Hoc
2293 3453 2469 3519 modo,
2500 3462 2557 3504 ut
2586 3453 2867 3522 diligenter
2891 3454 3006 3522 apis
3051 3454 3301 3524 pabulum
3336 3470 3531 3524 cange-

1955 3543 2025 3597 rit
2051 3543 2224 3612 (cujus
2254 3545 2455 3597 labores
2478 3583 2492 3607 ,
2535 3545 2730 3613 inquit,
2772 3562 2915 3613 reges
2942 3555 2991 3599 et
3015 3547 3205 3614 privati
3232 3550 3300 3599 ad
3323 3548 3526 3601 sanita-

1955 3642 2054 3684 tem
2089 3634 2447 3699 assumunt'),
2484 3634 2553 3686 ita
2603 3635 2873 3702 sapienter
2923 3647 2979 3689 et
3029 3637 3320 3693 artiﬁciose
3356 3639 3529 3693 mellis

1954 3723 2176 3778 cellulas
2200 3725 2450 3779 exstruit.
2483 3723 2708 3780 Extenta
2748 3727 2891 3781 enim
2930 3728 2981 3780 in
3012 3738 3228 3782 tenuem
3260 3730 3529 3783 membra-

1957 3831 2079 3869 nam
2126 3830 2271 3880 cera,
2309 3818 2497 3871 crebra
2548 3826 2603 3871 et
2662 3818 2803 3872 inter
2850 3835 2907 3873 se
2952 3821 3203 3873 continua
3257 3835 3525 3874 cavacou-

1955 3907 2134 3971 struit,
2160 3918 2219 3961 ut
2248 3907 2547 3978 frequentia
2584 3909 2671 3964 illa
2701 3922 2864 3979 atque
2888 3913 3155 3977 densitas,
3189 3929 3289 3981 qua
3350 3914 3527 3967 minu-

1955 4002 2159 4056 tissima
2210 4017 2436 4072 qumque
2480 4018 2659 4057 secum
2712 4004 2937 4059 invicem
2986 4005 3341 4076 colligantur,
3377 4008 3525 4074 Operi

1957 4096 2050 4147 toti
2083 4094 2309 4148 t‘ulcrmn
2344 4098 2413 4148 sit
2456 4104 2508 4149 et
2543 4097 2959 4152 ﬁrmamentum.
2990 4098 3121 4153 Nam
3157 4100 3346 4153 cellula
3381 4117 3528 4169 qua:-

1955 4183 2086 4237 libet
2112 4186 2265 4237 alteri
2318 4186 2578 4249 adhaeret,
2623 4189 2767 4240 tenui
2796 4198 2949 4256 septo
2987 4189 3052 4243 ab
3081 4205 3142 4242 ea
3182 4191 3443 4257 sejuncta,
3473 4202 3527 4246 et

1954 4278 2125 4329 eidem
2158 4277 2319 4331 simul
2363 4278 2670 4347 conjuncta.
2710 4280 2907 4335 Deinde
2945 4282 3133 4336 ﬁstulae
3184 4284 3264 4337 lue
3291 4284 3406 4337 alia:
3431 4302 3522 4337 su-

1956 4382 2052 4435 per
2083 4366 2215 4421 alias
2260 4369 2559 4433 :ediﬁcatm,
2591 4371 2725 4423 duas
2776 4381 2953 4426 tresve
3001 4375 3199 4427 habent
3237 4376 3521 4441 contigna-

1955 4459 2144 4512 tiones.
2181 4459 2346 4514 Cavct
2377 4463 2517 4514 enim
2558 4462 2867 4516 continuam
2914 4480 3072 4516 unam
3102 4464 3310 4518 allicere
3338 4480 3524 4520 caver-

274 4550 434 4609 αὗται
472 4553 727 4623 ἀλλήλαις
756 4554 1217 4626 ὲπῳκοδόμηνται.
1257 4556 1587 4624 Ἐφυλάξατο
1604 4556 1712 4626 γὰρ
1736 4556 1843 4624 (59)

1954 4549 2156 4611 nulam,
2192 4566 2257 4605 ne
2292 4552 2481 4604 humor
2510 4552 2654 4607 foras
2685 4563 2905 4621 propter
2936 4555 3251 4622 gravitatem
3297 4554 3519 4611 dililuat.

279 4646 405 4715 μίαν
442 4644 663 4714 ποιῆσαι
692 4644 992 4715 διαμπερὲς
1043 4645 1141 4714 τὴν
1195 4644 1502 4716 κοιλότητα,
1540 4646 1625 4696 ἵνα
1667 4645 1740 4715 μὴ
1769 4645 1846 4715 τῷ

277 4737 433 4807 βάρει
456 4738 518 4789 τὸ
552 4736 717 4806 ὑγρὸν
760 4735 896 4805 πρὸς
932 4738 992 4788 τὸ
1012 4737 1168 4800 ἐκτὸς
1192 4738 1507 4809 διεκπίπτῃ.
1545 4736 1846 4806 Κατάμαθε

276 4828 391 4891 πῶς
421 4828 487 4881 τά
519 4828 616 4897 τῆς
644 4827 982 4898 γεωμετρίας
1009 4829 1283 4899 εὑρέματα
1324 4829 1575 4899 πάρεργά
1605 4830 1719 4881 ἐστι
1750 4830 1847 4899 τῆς

278 4918 592 4988 σοφωτάτης
622 4916 899 4989 μελίσσης.
937 4919 1228 4987 Ἐξάγωνοι
1264 4922 1371 4990 γὰρ
1408 4923 1577 4974 πᾶσαι
1610 4920 1702 4973 καὶ
1737 4922 1843 4973 ἰσό-

275 5009 496 5079 πλευροι
528 5010 635 5061 τῶν
678 5010 884 5081 κηρίων
925 5012 982 5063 αί
1033 5010 1309 5082 σύριγγες,
1344 5013 1443 5065 οὐκ
1493 5013 1579 5065 ἐπ’
1625 5012 1840 5077 εὐθείας

355 5187 543 5240 ‘Rom.
579 5202 675 5252 xu,
728 5188 812 5253 Π,
845 5187 933 5243 21.
1008 5190 1030 5221 ⁸
1063 5187 1219 5243 Prov.
1262 5205 1335 5251 vt,
1361 5188 1413 5254 6,
1450 5207 1555 5247 sec.
1601 5189 1766 5243 LXX.

342 5350 454 5422 (54)
491 5349 639 5418 Regii
674 5352 887 5422 tertius,
942 5354 1164 5420 quintus
1214 5364 1269 5409 et
1302 5365 1490 5407 sextus
1517 5368 1637 5407 cum
1668 5352 1832 5407 Coisl.

270 5421 447 5495 primo
498 5431 693 5495 etcum
717 5421 879 5495 Colb:
916 5425 1151 5478 secundo
1190 5425 1428 5495 ἀκρασία
1470 5424 1662 5495 δήμου,
1699 5424 1838 5495 vulgi

270 5491 585 5565 petulantia.
600 5491 1006 5565 EditietCoisl.
1033 5491 1301 5565 secundus
1327 5511 1448 5551 cum
1468 5491 1647 5565 Regiis
1667 5491 1839 5564 primo

273 5572 327 5614 et
352 5574 539 5633 octavo
567 5561 789 5632 ἀκρισία
818 5562 877 5632 δή
888 5581 1007 5633 μου.
1038 5564 1272 5618 Rectius.

488 5632 752 5705 Duotnss.
784 5632 1291 5705 ἐναποθνήσκουσιν.

344 5701 475 5775 (56).
510 5701 729 5775 (iudices
797 5701 1046 5769 quatuor'
1080 5707 1324 5775 φανερῶς
1389 5708 1625 5775 συνάγει.
1700 5706 1838 5760 Editi

274 5786 395 5826 cum
438 5772 587 5829 Colb.
633 5777 869 5829 secundo
920 5785 970 5829 et
1023 5792 1141 5829 cuut
1190 5772 1318 5845 Reg.
1378 5772 1542 5832 tertio
1592 5779 1835 5844 σννπιγςμ

274 5859 376 5912 ρει.

1950 4643 2105 4698 Disce
2165 4647 2435 4713 quomodo
2480 4648 2791 4713 geometria:
2844 4648 3055 4702 inventa
3114 4650 3355 4703 accessio
3414 4651 3523 4704 sint

1945 4751 2122 4804 Opera:
2150 4752 2210 4791 ac
2242 4737 2603 4804 laboris‘ejus,
2631 4752 2789 4805 quem
2823 4741 2940 4809 apis
2963 4741 3363 4809 sapientissima
3396 4756 3520 4796 sus-

1948 4827 2097 4894 cipit.
2138 4827 2336 4883 Omnes
2377 4832 2521 4884 enim
2562 4830 2805 4885 favorum
2840 4834 3143 4888 cavernulte
3179 4822 3525 4887 suntsexan-

1950 4920 2108 4991 gulae,
2142 4930 2197 4974 et
2228 4923 2452 4990 :equalia
2480 4923 2650 4977 latera
2691 4925 2889 4978 habent
2928 4944 2938 4978 :
2992 4940 3096 4978 non
3140 4925 3258 4979 alia
3289 4925 3406 4979 aliis
3440 4925 3523 4979 d3.

1950 5023 2096 5069 recto
2120 5014 2543 5082 incumbunt,ne
2574 5015 2722 5069 tutudi
2748 5017 3041 5072 intervallis
3076 5019 3263 5072 vacuis
3288 5018 3522 5088 adiuncti

2012 5352 2123 5421 (57)
2153 5352 2437 5423 Hapftfﬁc
2451 5354 2789 5423 Παροιμίας.
2819 5353 2995 5409 Locus
3015 5364 3093 5408 est
3116 5351 3274 5407 Prov.
3303 5368 3420 5421 cap.
3448 5371 3522 5417 vt,

1940 5439 1991 5477 ν.
2021 5422 2076 5483 6.
2107 5425 2243 5490 apud
2272 5422 2429 5475 LXX.
2462 5424 2565 5477 Sed
2587 5422 2700 5479 hinc
2725 5428 2921 5479 absunt
2954 5428 3019 5479 ab
3050 5425 3522 5479 llebraicisexcm-

1941 5494 2200 5563 plaribus.
2232 5492 2372 5562 Lege
2408 5495 2675 5547 Duczeum.

2017 5562 2126 5632 (58)
2161 5562 2234 5615 lla
2273 5564 2485 5616 codices
2512 5581 2605 5619 sex
2662 5581 2692 5619 e
2726 5568 2925 5619 nostris
2974 5574 3172 5633 praeter
3197 5565 3440 5620 Comltel'.
3470 5578 3521 5619 et

1946 5632 2093 5707 Bodl.
2128 5633 2263 5707 Editi
2299 5635 2498 5707 έκάστη
2530 5634 2639 5707 γὰρ
2677 5636 2918 5705 φρεατίς.
2954 5632 3143 5690 Statim
3174 5636 3303 5707 Reg.
3340 5650 3521 5690 sentis

1951 5704 2082 5775 πρὸς
2106 5703 2273 5775 αὐτὴν
2307 5704 2605 5775 διῃρημένη
2639 5723 2694 5757 τε
2723 5703 2885 5775 ὁμοῦ.

2020 5775 2129 5847 (59)
2168 5774 2320 5826 Colit.
2372 5774 2639 5847 secundus
2680 5774 3010 5843 ἐφυλάξαντο
3058 5778 3179 5847 γάρ.
3234 5778 3519 5846 Aliquanto

1944 5853 2061 5913 ροισι
2096 5844 2222 5912 Reg.
2252 5856 2431 5899 sextus
2464 5846 2740 5915 διαπίπτῃ.
