4062 6434
562 364 662 416 l75

1864 367 1921 420 S.
1966 358 2211 418 BASlLll
2253 359 2467 416 MAGNI

3710 358 3817 412 I76

553 474 811 532 fatiscant
851 494 866 531 :
899 478 991 533 sed
1028 484 1443 551 sexangularum
1484 481 1797 537 inferiorum
1822 478 2121 536 cavernula-

2235 473 2495 544 ἀλλήλαις
2542 470 3012 542 κατεπικείμεναι,
3050 470 3136 524 ἵνα
3176 469 3250 541 μὴ
3291 471 3571 540 κάμνωσιν
3614 470 3662 521 οἱ
3705 490 3813 525 πυ.

555 581 672 621 rum
704 570 881 640 anguli
925 572 1068 627 basis
1104 583 1227 628 sunt
1258 588 1322 629 ac
1347 574 1717 629 fulcimentum
1767 576 2125 644 superiorum,

553 670 614 712 ut
662 670 774 717 tuto
820 678 979 732 supra
1036 680 1095 720 se
1139 680 1303 720 onera
1349 667 1616 731 attollant,
1657 675 1710 719 et
1742 665 2032 731 separatim
2076 663 2126 717 in

554 766 879 825 unoquoque
903 772 1142 814 concavo
1176 760 1368 815 humor
1398 762 1761 816 contineatur.

632 1025 685 1080 5.
719 1026 998 1093 Quomodo
1027 1040 1253 1087 cunctas
1282 1033 1635 1102 proprietates
1657 1036 1722 1090 ad
1744 1037 2019 1091 volucrum
2045 1038 2126 1090 vi-

557 1125 665 1170 tam
720 1121 1051 1185 pertinentes
1098 1135 1349 1180 accurate
1407 1125 1501 1180 tibi
1559 1143 1840 1183 recensere
1891 1129 2129 1195 possim?

559 1207 629 1264 Ut
671 1225 831 1279 grues
866 1213 1101 1269 vicissim
1136 1218 1471 1273 constituunt
1498 1221 1782 1283 excubias;
1816 1229 1869 1273 et
1911 1222 2125 1289 quidem

555 1298 672 1352 alia:
703 1301 979 1358 dormiunt
1010 1325 1023 1360 :
1061 1306 1177 1360 alize
1205 1322 1333 1362 vero
1363 1312 1782 1373 circumeuntes,
1813 1326 2025 1364 omnem
2058 1310 2128 1377 ip-

555 1391 631 1442 sis
660 1394 1005 1449 sernritatem
1042 1412 1135 1464 per
1161 1413 1409 1453 somnum
1444 1400 1731 1465 exhibent;
1770 1400 1962 1454 deinde
1995 1409 2128 1453 tem-

557 1496 685 1549 pore
718 1485 1016 1554 vigiliarum
1049 1501 1286 1557 peracto,
1323 1492 1435 1544 lucc
1457 1492 1671 1556 quidem
1706 1492 1959 1561 clangore
1984 1492 2127 1546 edito

555 1573 621 1624 ad
670 1588 915 1629 somnum
950 1581 1281 1633 convertitur
1314 1598 1325 1634 :
1365 1581 1451 1634 illa
1490 1597 1616 1635 vero
1661 1582 1766 1653 75
1814 1584 2124 1650 succedens,

552 1665 900 1722 securitatem
945 1685 1103 1738 quam
1152 1673 1378 1740 accepit,
1421 1688 1514 1726 sua
1554 1677 1671 1729 vice
1707 1674 1899 1729 reddit.
1928 1674 2127 1731 Obser-

552 1756 708 1811 vabis
752 1767 806 1811 et
856 1759 997 1812 hunc
1051 1762 1294 1815 ordinem
1344 1762 1395 1815 in
1440 1764 1555 1833 ipso
1585 1766 1782 1819 volatu.
1820 1765 1935 1818 Alia
1982 1767 2124 1820 enim

554 1846 825 1901 interdum
863 1848 1074 1905 itineris
1095 1853 1200 1905 dux
1234 1859 1348 1916 est;
1382 1858 1473 1907 sed
1507 1856 1591 1908 ubi
1628 1869 1722 1922 per
1751 1856 1963 1923 aliquod
1994 1864 2124 1910 tem-

552 1952 653 2004 pus
698 1950 956 1994 Statutum
1001 1942 1199 1998 volatui
1241 1945 1473 2013 pra‘fuit,
1533 1956 1678 2000 retro
1738 1962 1795 2002 se
1839 1948 2124 2016 recipiens,

555 2030 652 2082 viae
693 2032 945 2085 ducatum
1004 2034 1305 2104 insequenti
1352 2037 1533 2090 tradit.
1573 2038 1835 2093 Caeterum
1884 2039 2126 2095 ciconia-

554 2136 675 2174 rum
728 2124 919 2193 agendi
974 2129 1183 2189 modns,
1217 2142 1320 2180 non
1356 2128 1541 2195 procul
1573 2145 1602 2181 a
1639 2132 1884 2186 rationali
1931 2135 2126 2189 intelli-

551 2216 731 2283 gentia
767 2216 939 2269 abest.
974 2214 1040 2269 Ut
1070 2218 1212 2270 enim
1239 2233 1428 2272 omnes
1458 2235 1563 2274 uno
1590 2231 1645 2274 et
1670 2222 1857 2278 eodeni
1890 2230 2126 2295 tempore

550 2305 617 2356 ad
648 2304 744 2357 has
774 2305 1020 2373 regiones
1044 2308 1307 2361 accedunt
1335 2327 1348 2364 :
1388 2309 1454 2361 ita
1482 2308 1584 2365 sub
1618 2329 1724 2367 uno
1754 2317 1909 2384 signo
1938 2332 2127 2373 omnes

550 2394 854 2450 discedunt.
894 2396 1109 2465 Stipant
1157 2410 1334 2453 autem
1377 2401 1525 2470 ipsas
1552 2406 1799 2462 cornices
1832 2418 2123 2473 nostrates,

547 2500 749 2555 easque
799 2503 913 2542 mea
953 2492 1166 2559 quidem
1195 2495 1461 2549 Sententia
1491 2497 1782 2558 deducunt.
1816 2508 1870 2553 et
1930 2503 2125 2555 nonni-

548 2577 622 2635 hil
679 2585 940 2635 adversns
990 2583 1213 2639 hostiles
1251 2602 1376 2641 aves
1407 2597 1664 2656 praestant
1704 2588 1950 2647 subsidii.
1992 2593 2123 2650 Illud

547 2671 724 2740 primo
765 2671 883 2741 ejus
926 2675 999 2727 rei
1045 2688 1415 2745 argumentum
1459 2690 1559 2745 est,
1602 2683 1743 2752 quod
1782 2699 1847 2740 eo
1888 2696 2127 2757 tempore

549 2765 692 2820 nulla
740 2783 959 2836 prorsus
988 2769 1174 2823 cornix
1218 2781 1473 2842 appareat
1512 2793 1525 2829 :
1561 2776 1755 2833 deinde
1789 2795 1908 2834 cum
1939 2786 2125 2837 vulne-

549 2856 698 2911 ribus
755 2862 1062 2926 redeuntes,
1109 2872 1289 2929 aperta
1336 2866 1513 2923 tutelae
1563 2881 1615 2924 et
1663 2873 1896 2938 praesidii
1941 2874 2119 2925 collati

547 2946 743 3001 indicia
783 2951 1041 3005 referunt.
1075 2953 1205 3018 Quis
1235 2958 1372 3023 apud
1403 2959 1545 3024 ipsas
1581 2960 1909 3029 praescripsit
1940 2963 2121 3033 hospi-

548 3041 773 3097 talitatis
798 3041 961 3110 jura?
992 3046 1112 3114 quis
1152 3047 1281 3116 ipsis
1320 3051 1641 3107 desertionis
1680 3054 1929 3111 militaris
1962 3072 2122 3112 accu-

2231 564 2432 635 θμένες
2466 568 2577 629 τοῖς
2607 565 2877 629 διακένοις
2909 562 3345 633 ἐφηρμοσμένοι·
3385 560 3499 616 ἀλλ’
3528 563 3585 613 αἱ
3615 566 3813 629 γωνίαι

2228 655 2336 708 τῶν
2368 655 2611 710 κάτωθεν
2666 654 2977 723 ἐξαγὼνων,
3041 652 3238 723 βάθρον
3287 655 3381 707 καὶ
3425 652 3657 724 ἔρεισμα
3702 655 3812 708 τῶν

2228 748 2635 819 ὑπερκειμένων
2666 748 2822 810 εἰσὶν,
2852 748 2928 811 ὡς
2969 744 3223 814 ἀσφαλῶς
3270 744 3409 816 ὑπὲρ
3454 744 3664 799 ἑαυτῶν
3713 762 3811 814 με-

2226 843 2509 913 τεωρίζειν
2535 842 2602 895 τὰ
2630 840 2793 912 βάρη,
2830 843 2923 893 καὶ
2956 837 3267 902 ἰδιαζόντως
3304 839 3507 913 ἑκάστῃ
3536 837 3809 907 κοιλότητι

2226 936 2288 988 τὸ
2318 936 2485 1006 ὑγρὸν
2514 933 2926 1005 ἐγκατέχεσθαι.

2299 1030 2359 1084 5.
2396 1030 2519 1093 Πῶς
2551 1029 2616 1083 ἄν
2650 1045 2732 1081 σοι
2762 1028 2936 1081 πάντα
2964 1028 3030 1081 δι’
3063 1023 3347 1097 ἀκριϐείας
3364 1025 3651 1098 ἐπέλθοιμι
3666 1022 3736 1078 τὰ
3751 1024 3809 1077 ὲν

2227 1124 2339 1185 τοῖς
2365 1121 2501 1191 βίοις
2531 1121 2637 1175 τῶν
2676 1121 2905 1191 ὀρνίθων
2934 1119 3233 1189 ίδιὼματα;
3266 1116 3383 1179 πῶς
3423 1118 3521 1186 μὲν
3554 1122 3610 1173 αἱ
3639 1119 3808 1189 γέρα·

2227 1232 2308 1267 νοι
2343 1212 2442 1276 τὰς
2471 1215 2530 1266 ἐν
2568 1214 2633 1282 τῇ
2666 1212 2821 1263 νυκτὶ
2852 1209 3208 1282 προφυλακὰς
3237 1206 3346 1277 (60)
3376 1208 3440 1261 ἐκ
3469 1207 3808 1281 περιτροπῆς

2228 1305 2613 1375 ὑποδέχονται·
2649 1304 2742 1356 καὶ
2777 1304 2831 1355 αἱ
2866 1302 2964 1372 μὲν
3006 1302 3379 1361 καθεύδουσιν,
3416 1301 3472 1351 αἱ
3503 1300 3581 1363 δὲ,
3622 1300 3809 1369 κύκλῳ

2227 1396 2556 1466 περιιοῦσαι,
2602 1396 2780 1447 πᾶσαν
2829 1394 3016 1455 αὑταῖς
3051 1396 3107 1445 ὲν
3155 1394 3231 1464 τῷ
3275 1393 3427 1462 ὑπνῳ
3476 1394 3809 1463 παρέχονται

2227 1489 2326 1560 τὴν
2356 1490 2652 1558 ἀσφάλειαν
2677 1502 2690 1516 ·
2735 1482 2874 1548 εἶτα,
2906 1485 2999 1540 τοῦ
3040 1488 3233 1558 καιροῦ
3265 1488 3363 1557 τῆς
3393 1484 3643 1553 φυλακῆς
3666 1486 3806 1555 πλην

2230 1583 2515 1653 ρουμένου,
2550 1582 2582 1649 ἡ
2613 1579 2710 1649 μὲν
2743 1579 2983 1649 βοήσασα
3005 1579 3139 1651 πρὸς
3169 1580 3333 1633 ὕπνον
3366 1577 3638 1647 ἐτράπετο
3671 1577 3806 1648 (61),

2228 1676 2368 1746 ἠδὲ,
2416 1672 2512 1743 τὴν
2555 1671 2803 1741 διαδοχὴν
2850 1672 3246 1741 ὑποδεξαμένη,
3283 1668 3347 1745 ἧς
3390 1669 3580 1739 ἔτυχεν
3631 1669 3811 1738 ἀσφα-

2235 1765 2382 1826 λείας
2433 1762 2731 1816 ἀντέδωκεν
2785 1766 2841 1816 ἐν
2893 1764 2970 1833 τῷ
3022 1764 3199 1835 μέρει.
3255 1762 3468 1833 Ταύτην
3502 1760 3597 1815 καὶ
3638 1761 3697 1813 ἐν
3738 1763 3806 1831 τῇ

2237 1856 2429 1924 πτήσει
2456 1852 2552 1923 τὴν
2577 1853 2831 1918 εὐταξίαν
2858 1851 3103 1919 κατόψει.
3142 1852 3364 1906 Ἀλλοτε
3392 1853 3503 1923 γὰρ
3540 1852 3674 1923 ἄλλη
3708 1850 3810 1922 τὴν

2226 1948 2447 2017 όδηγίαν
2488 1947 2800 2017 ἐκδέχεται,
2836 1948 2929 1999 καὶ
2964 1947 3160 1999 τακτόν
3201 1964 3324 2009 τινα
3366 1947 3557 2019 χρόνον
3597 1964 3810 2015 προκα-

2227 2042 2582 2113 θηγησαμένη
2608 2044 2709 2111 τῆς
2739 2042 3005 2110 πτήσεως,
3037 2039 3117 2101 εἰς
3148 2038 3210 2090 τὸ
3240 2040 3468 2091 κατόπιν
3493 2036 3810 2108 περιελθοῦ-

2229 2152 2318 2198 σα,
2349 2138 2413 2204 τῇ
2446 2134 2564 2205 μεθ’
2606 2133 2804 2203 ἑαυτὴν
2834 2132 2930 2201 τὴν
2970 2129 3266 2200 ἡγεμονίαν
3295 2130 3393 2201 τῆς
3424 2128 3546 2182 ὁδοῦ
3580 2128 3811 2200 παραδί-

2224 2227 2375 2280 δωσι.
2408 2228 2480 2280 Τὸ
2506 2227 2561 2279 δὲ
2588 2226 2694 2279 τῶν
2724 2223 3009 2294 πελαργῶν
3029 2223 3151 2277 οὐδέ
3181 2224 3370 2295 πόρρω
3393 2222 3512 2275 ἐστὶ
3540 2221 3810 2286 συνέσεως

2225 2318 2449 2388 λογικῆς
2475 2335 2488 2347 ·
2515 2316 2656 2369 οὕτω
2692 2316 2789 2387 μέν
2819 2316 2960 2369 κατὰ
2980 2316 3071 2369 τὸν
3093 2315 3189 2369 ἐνα
3219 2315 3407 2387 καιρὸν
3446 2315 3654 2380 πάντας
3688 2316 3811 2367 ἐπι-

2224 2411 2414 2481 δημεῖν
2446 2412 2558 2472 τοῖς
2593 2409 2720 2481 τῇδε
2749 2407 2967 2480 χωρίοις
2987 2424 2999 2438 ·
3026 2407 3168 2461 οὑτω
3198 2407 3253 2460 δὲ
3275 2408 3362 2476 ὑφ’
3390 2406 3470 2459 ἐνὶ
3500 2405 3808 2475 συνθήματι

2226 2503 2433 2567 πάντας
2479 2502 2754 2574 ἀπαίρειν.
2798 2500 3163 2573 Δορυφοροῦσι
3217 2499 3274 2551 δέ
3319 2499 3516 2558 αὑτοὺς
3557 2498 3613 2548 αἱ
3672 2497 3807 2565 παρ’

2224 2598 2357 2669 ήμῖν
2386 2595 2643 2667 κορῶναι,
2672 2594 2768 2648 καὶ
2799 2593 3282 2662 παραπέμπουσιν,
3323 2588 3447 2658 ἐμοὶ
3479 2588 3680 2651 δοκεῖν,
3713 2588 3808 2642 καὶ

2228 2689 2544 2759 συμμαχίαν
2593 2686 2714 2739 τινὰ
2760 2684 3130 2753 παρεχόμεναι
3180 2681 3317 2751 πρὸς
3363 2680 3585 2752 ὄρνιθας
3643 2680 3807 2735 πολε-

2227 2780 2400 2850 μίους.
2431 2779 2661 2847 Σημεῖόν
2694 2775 2750 2828 δὲ
2779 2775 2995 2846 πρῶτον
3027 2774 3125 2844 μὲν
3155 2773 3214 2826 τὸ
3245 2773 3319 2844 μὴ
3362 2772 3648 2843 φαίνεσθαι
3698 2772 3806 2826 ὑπὸ

2222 2870 2311 2923 τὸν
2356 2869 2546 2941 καιρὸν
2589 2870 2795 2920 ἐκεῖνον
2837 2865 3083 2938 κορώνην
3115 2866 3480 2930 παντάπασιν,
3521 2864 3694 2918 ἔπειθ’
3722 2864 3805 2916 δτι

2225 2961 2361 3033 μετά
2391 2960 2717 3033 τραυμάτων
2742 2959 3166 3032 ἐπανερχόμεναι
3189 2959 3395 3030 ἐναργῆ
3415 2957 3509 3010 τοῦ
3533 2971 3803 3008 συνασπι-

2225 3054 2362 3127 σμοῦ
2394 3055 2615 3125 καὶτῆς
2654 3054 2952 3124 ἐπιμαχίας
2996 3053 3066 3105 τὰ
3110 3055 3309 3121 σημεῖα
3351 3047 3659 3120 κομίζουσι.
3704 3046 3805 3110 Τίς

547 3135 808 3189 sationem
861 3138 1095 3194 minatus
1132 3150 1235 3205 est,
1268 3142 1401 3197 adeo
1441 3154 1499 3199 ut
1538 3146 1681 3200 nulla
1713 3163 1740 3200 a
1775 3151 2030 3205 comitatu
2063 3167 2120 3207 se

2225 3149 2352 3220 παρ’
2375 3149 2561 3212 αὑταῖς
2590 3149 2716 3209 τοὺς
2731 3147 2830 3215 τῆς
2864 3143 3167 3215 φιλοξενίας
3196 3140 3413 3211 διώρισε
3440 3140 3638 3211 νόμους
3665 3138 3801 3205 (6:2);

546 3226 867 3281 subtrahat?
893 3229 1129 3285 Audiant
1158 3234 1193 3286 ii
1223 3236 1313 3302 qui
1353 3251 1477 3306 erga
1508 3237 1747 3308 hospites
1779 3242 1894 3295 duri
1923 3252 2047 3297 sunt
2071 3255 2126 3299 et

548 3317 849 3382 inolliciosi,
878 3318 1129 3389 foresque
1160 3325 1469 3388 occludunt,
1503 3340 1559 3380 et
1594 3344 1661 3382 ne
1697 3331 1871 3383 hieme
1906 3333 2120 3399 quidem

547 3417 640 3461 aut
668 3417 826 3462 noctu
852 3408 1087 3463 advenas
1120 3419 1263 3465 tecto
1293 3412 1574 3480 recipiunt.
1600 3414 1769 3469 Porro
1797 3431 1924 3470 cura
1958 3434 2119 3486 quam

546 3501 768 3556 ciconiae
801 3502 954 3556 senio
980 3500 1240 3557 confectis
1270 3504 1548 3569 exhibent,
1580 3505 1777 3564 liberos
1812 3520 2042 3574 nostros,
2076 3512 2119 3567 si

549 3592 827 3646 attendere
856 3591 1070 3656 vellent,
1098 3592 1164 3645 ad
1196 3604 1477 3662 parentum
1518 3612 1756 3652 amorem
1796 3600 1928 3655 satis
1973 3602 2121 3655 exci-

548 3692 708 3738 taret.
740 3683 908 3739 Nemo
940 3686 1083 3739 enim
1122 3685 1282 3738 homo
1305 3696 1405 3750 est,
1441 3690 1530 3757 qui
1576 3689 1648 3743 ita
1690 3705 1909 3758 prorsus
1942 3704 2121 3749 mente

549 3776 895 3832 destituatur.
922 3787 980 3828 ut
1012 3777 1216 3844 pudore
1243 3777 1458 3844 dignum
1485 3793 1587 3831 non
1612 3782 1818 3847 judicet
1845 3799 1990 3844 enm,
2026 3785 2118 3852 qui

546 3863 736 3918 avibus
779 3881 1038 3933 perquam
1086 3866 1256 3920 brutis
1298 3867 1498 3923 virtute
1544 3869 1769 3926 inferior
1807 3873 1966 3929 foret.
2013 3874 2119 3929 Illa:

545 3954 839 4022 genitorem
868 3970 975 4023 prae
1000 3956 1151 4011 senio
1182 3972 1476 4024 pennarum
1507 3958 1749 4015 deflnviis
1786 3963 2115 4019 laborantem

546 4048 977 4108 circumstantes.
1020 4048 1245 4101 suismet
1292 4049 1481 4117 pennis
1530 4052 1873 4116 calefaciunt,
1924 4072 2120 4126 Sttppeo

546 4139 823 4205 ditautque
872 4140 1083 4194 abunde
1131 4139 1440 4195 alimentum
1478 4162 1490 4196 :
1532 4146 1661 4213 quin
1704 4147 1999 4202 subsidium
2047 4151 2118 4215 ei,

545 4229 721 4299 quoad
769 4230 883 4284 ﬁeri
935 4241 1130 4298 potest,
1178 4233 1229 4285 in
1268 4234 1382 4300 ipso
1416 4234 1593 4289 volatu
1635 4248 1910 4305 praestant,
1949 4243 2121 4295 utrin—

542 4337 648 4392 que
700 4321 798 4376 alis
850 4322 965 4377 suis
1014 4322 1206 4377 leniter
1256 4325 1617 4380 sublevantes.
1674 4329 1852 4396 Atque
1896 4333 1997 4385 hoc
2046 4333 2117 4386 it-a

540 4416 681 4481 apud
709 4428 899 4469 onmes
934 4416 1272 4468 decantatum
1309 4425 1411 4476 est,
1444 4427 1496 4469 ut
1519 4416 1629 4486 jam
1664 4421 1881 4488 quidam
1912 4424 2118 4478 benefi-

2226 3243 2307 3304 τίς
2337 3242 2528 3303 αὑταῖς
2559 3240 2823 3308 ἠπείλησε
2858 3234 3269 3305 λειποστρατίου
3298 3232 3518 3304 γραφὴν
3568 3234 3646 3295 ὼς
3695 3250 3803 3302 μη-

2223 3333 2413 3403 δεμίαν
2439 3328 2828 3384 ἀπολείπεσθαι
2875 3327 2976 3395 τῆς
3007 3324 3381 3396 προπομπῆς;
3426 3323 3803 3377 ’Δκουέτωσαν

2223 3427 2270 3478 οἱ
2309 3424 2612 3488 κακόξενοι,
2648 3421 2863 3484 καὶτὰς
2891 3421 3000 3491 (63)
3027 3418 3193 3489 θύρας
3225 3417 3515 3482 κλείοντες,
3542 3415 3638 3470 καὶ
3667 3416 3803 3487 μηδὲ

2225 3519 2422 3588 στέγης
2451 3518 2507 3568 ἐν
2536 3515 2763 3586 χειμῶνι
2803 3514 2896 3568 καὶ
2929 3513 3082 3566 νυκτὶ
3110 3515 3222 3575 τοῖς
3261 3508 3589 3581 ἐπιδημοῦσι
3636 3527 3804 3579 μετα-

2222 3608 2473 3668 διδόντες.
2506 3607 2567 3657 Ἡ
2596 3605 2652 3657 δὲ
2683 3605 2811 3676 περὶ
2842 3605 2968 3666 τοὺς
2995 3603 3345 3672 γηράσαντας
3372 3599 3479 3652 τῶν
3506 3597 3801 3667 πελαργῶν

2225 3699 2446 3770 πρόνοια
2501 3698 2720 3769 ἐξήρκει
2772 3698 2896 3758 τοὺς
2935 3695 3130 3756 παῖδας
3182 3694 3370 3764 ἡμῶν,
3414 3691 3463 3743 εί
3508 3688 3800 3761 προσέχειν

2222 3790 2523 3853 ἐϐούλοντο,
2584 3789 2953 3859 φιλοπάτορας
3008 3784 3367 3853 καταστῆσαι.
3428 3780 3656 3842 Πάντως
3690 3777 3800 3849 γὰρ

2221 3883 2394 3946 οὐδεὶς
2428 3881 2602 3946 οὑτως
2634 3881 2893 3934 ἐλλείπων
2928 3877 3070 3934 κατά
3128 3877 3230 3946 τὴν
3280 3874 3562 3945 φρόνησιν,
3615 3873 3691 3935 ὡς
3724 3870 3800 3942 μὴ

2220 3974 2482 4043 αἰσχύνης
2531 3972 2681 4039 ἄξιον
2737 3970 2941 4043 κρίνειν
2988 3968 3096 4021 τῶν
3158 3966 3515 4035 ἀλογωτάτων
3567 3961 3801 4034 ὀρνίθων

2221 4063 2525 4133 ὑστερίζειν
2559 4062 2678 4114 κατ’
2711 4060 2928 4131 ἀρετήν.
2966 4060 3191 4112 Ἐκεῖνοι
3211 4056 3299 4110 τὸν
3331 4055 3545 4125 πατέρα
3573 4053 3679 4105 ὑπὸ
3702 4050 3799 4105 τοῦ

2220 4156 2407 4226 γήρως
2454 4154 2935 4224 πτεροῤῥυήσαντα
2965 4151 3322 4220 περιστάντες
3358 4151 3416 4201 ἐν
3458 4146 3644 4216 κύκλῳ
3686 4147 3799 4206 τοῖς

2221 4248 2440 4310 οἰκείοις
2468 4248 2686 4316 πτεροῖς
2715 4244 3092 4303 διαθάλπουσι,
3144 4244 3237 4295 καὶ
3268 4242 3366 4303 τὰς
3396 4240 3603 4311 τροφὰς
3632 4237 3801 4305 ἀφθό-

2221 4356 2326 4401 νως
2358 4336 2882 4409 παρασκευάζοντες,
2917 4335 3016 4404 τὴν
3048 4332 3275 4403 δυνατὴν
3301 4333 3393 4385 καὶ
3424 4334 3481 4383 ἐν
3513 4334 3579 4401 τῇ
3601 4332 3798 4398 πτήσει

2220 4432 2551 4500 παρέχονται
2589 4428 2696 4497 (64)
2733 4426 3009 4496 βοήθειαν,
3045 4426 3226 4496 ἡρέμα
3263 4425 3340 4495 τῷ
3383 4422 3567 4493 πτερῷ
3602 4422 3797 4490 κουφί-

540 4507 751 4563 ciorum
797 4510 1288 4563 remunerationem
1340 4509 1768 4579 antipelargosim
1824 4514 2112 4582 appellent.

2224 4520 2404 4585 ζοντες
2428 4519 2785 4588 εκατέρωθεν.
2824 4520 2932 4571 Καὶ
2961 4518 3104 4571 οὑτω
3143 4517 3300 4571 τοῦτο
3328 4515 3478 4587 παρὰ
3502 4516 3636 4568 πᾶσι
3676 4514 3796 4566 δια-

542 4598 713 4657 Nemo
757 4602 821 4654 de
862 4611 1177 4668 paupertate
1219 4600 1396 4654 doleat
1428 4618 1442 4654 :
1480 4617 1652 4671 neque
1688 4604 1733 4657 is
1764 4604 1832 4659 de
1869 4622 1966 4660 sua
2011 4610 2119 4662 vita

541 4692 809 4756 desperet,
840 4690 926 4742 cui
964 4689 1124 4743 nulla:
1175 4690 1318 4744 domi
1367 4703 1658 4760 supersunt
1693 4710 1845 4763 opes,
1884 4698 1971 4752 ubi
2008 4701 2121 4766 ipse

538 4786 837 4851 respexerit
883 4787 950 4839 ad
991 4786 1294 4840 hirundinis
1342 4788 1683 4842 industriam.
1726 4791 1813 4844 Illu
1854 4794 1995 4847 enim
2039 4797 2121 4849 ni-

536 4880 665 4932 dum
706 4889 1045 4944 construens,
1097 4879 1331 4933 festucas
1372 4882 1589 4950 quidem
1636 4898 1731 4937 ore
1771 4886 1944 4940 defert
1979 4906 1993 4941 :
2040 4888 2118 4941 ln-

538 4980 650 5026 tum
684 4985 809 5025 vero
846 4972 1097 5040 colligere
1131 4973 1356 5041 pedibus
1390 4989 1510 5028 cum
1550 4991 1651 5029 non
1692 4988 1867 5045 queat,
1912 4995 2115 5046 penna-

538 5078 656 5116 rum
704 5063 1076 5118 extremitates
1128 5080 1267 5133 aqua
1320 5066 1704 5135 madet-ueiens,
1755 5072 1981 5126 subinde
2031 5084 2112 5128 te-

539 5153 800 5207 nuissimo
834 5153 1052 5224 pulvere
1080 5170 1199 5210 sese
1228 5157 1539 5223 obvolvens,
1577 5160 1655 5214 sic
1703 5163 1797 5216 luti
1831 5179 1984 5217 usum
2019 5180 2112 5219 ex-

609 5357 719 5432 (60)
749 5354 821 5432 ῃιὶ
845 5370 948 5432 sex
977 5374 1105 5413 mss.
1132 5358 1271 5432 Editi
1310 5360 1629 5429 simpliciter
1668 5363 1937 5432 φυλακάς.

611 5424 723 5506 (ω)
748 5424 971 5506 Codices
1000 5432 1104 5506 duo
1131 5424 1430 5506 ἐτρέπετοξ
1450 5432 1579 5506 lieg.
1614 5424 1798 5488 Sextus
1833 5424 2112 5506 τρέπεται.

534 5500 685 5573 Colb.
712 5497 980 5573 secundus
1024 5497 1257 5570 ἐτράπη.
1319 5502 1432 5554 Duo
1471 5497 1557 5555 alii
1605 5519 1733 5556 mss.
1794 5497 1915 5559 cuin
1960 5507 2117 5561 editis

535 5564 966 5645 tcpdrrs'go._Nec
1010 5564 1288 5645 ita'mnl'to
1322 5583 1445 5645 post
1482 5589 1611 5627 mss.
1663 5574 1831 5643 pleriq
1894 5594 2115 5631 romnes

536 5638 660 5713 cum
717 5638 952 5693 editione
1006 5643 1169 5698 Basil.
1221 5638 1470 5713 κατόψει.
1531 5638 1707 5701 Editio
1749 5638 1923 5701 l’ai.s.
1983 5665 2114 5701 κατ-

581 5712 704 5767 laets.

581 5712 654 5765 ἐι
690 5752 704 5767 .
1374 5711 1381 5713 ’

535 5711 722 5848 ἁτώἒ)
750 5783 880 5857 [ἰν-ε.
915 5796 1100 5841 sextus
1122 5784 1336 5856 διώρισε
1363 5784 1595 5856 θεσμούς

2218 4612 2497 4682 δεὸόηται,
2550 4611 2690 4663 ὥστε
2727 4611 2826 4680 ἤδη
2871 4609 3015 4673 τινὲς
3052 4609 3153 4680 τὴν
3188 4608 3297 4662 τῶν
3337 4608 3797 4678 εὐεργετημάτων

2218 4705 2484 4758 ἀντίδοσιν
2505 4703 3021 4771 ἀντιπελάρτωσιν
3055 4700 3165 4770 (65)
3202 4698 3544 4769 ὀνομάζουσι.
3590 4699 3796 4770 Μηδεὶς

2217 4797 2406 4849 πενίαν
2441 4795 2750 4867 ὀδυρέσθω*
2808 4793 2942 4863 μηδέ
2999 4792 3421 4862 ἀπογινωσκέτω
3450 4790 3643 4844 ἑαυτοῦ
3696 4792 3794 4863 τὴν

2217 4888 2361 4959 ζωὴν
2394 4891 2422 4941 ὀ
2460 4887 2732 4958 μηδεμίαν
2762 4885 2902 4938 οἴκοι
2946 4886 3269 4952 περιουσίαν
3291 4883 3624 4949 καταλιπὼν,
3654 4887 3791 4957 πρὸς

2219 4981 2279 5032 τὸ
2303 4980 2403 5048 τῆς
2425 4978 2689 5048 χελιδόνος
2712 4979 3014 5048 εὐμήχανον
3043 4977 3384 5033 ἀποϐλέπων.
3422 4977 3632 5047 Ἐκείνη
3659 4978 3786 5049 γὰρ.

2218 5072 2315 5142 τὴν
2350 5070 2542 5124 καλιὰν
2599 5070 2942 5141 πηγνυμένη,
2997 5070 3065 5124 τά
3097 5070 3192 5140 μὲν
3234 5070 3421 5140 κάρφη
3456 5068 3531 5139 τῷ
3564 5070 3787 5140 στόματι

2216 5162 2554 5233 διακομίζει’
2594 5162 2759 5233 πηλὸν
2796 5162 2849 5213 δὲ
2894 5163 3004 5223 τοῖς
3030 5162 3184 5213 ποσὶν
3205 5156 3334 5232 ἆραι
3370 5159 3445 5231 μὴ
3494 5160 3785 5231 δυναμένη,

2294 5364 2407 5432 (65)
2437 5364 2570 5433 Reg.
2610 5375 2791 5418 sextus
2822 5362 3102 5429 κακόξενοι
3125 5363 3172 5415 οἱ
3211 5361 3309 5425 τάς

2292 5437 2401 5505 (64)
2446 5436 2583 5489 Idem
2609 5436 2735 5499 Reg.
2769 5445 2950 5487 sextus
2973 5435 3167 5505 πτήσει
3187 5433 3538 5505 παρέχοντες.

2290 5503 2403 5571 (65)
2422 5505 2971 5573 Ἀντιπειῖάργωσιν,
2987 5505 3039 5557 id
3057 5503 3159 5567 est,
3178 5503 3406 5569 beneﬁcii
3417 5510 3609 5573 accept:
3624 5519 3791 5555 remu-

2220 5580 2563 5631 nerationem.
2588 5572 2789 5627 Idcirco
2808 5585 2984 5627 autem
3005 5574 3141 5641 grati
3165 5575 3329 5624 animi
3359 5572 3680 5638 signiﬁcatio
3698 5575 3791 5626 ἀν-

2218 5647 2619 5716 τιπελάργωσις
2636 5646 2933 5721 dicebatur,
2961 5662 3044 5710 qm
3078 5647 3101 5691 ιὶ
3129 5642 3414 5712 πελαργός,
3444 5644 3670 5721 ciconia,
3698 5644 3789 5698 be-

2223 5721 2537 5773 neliciorum
2561 5732 2589 5769 a
2623 5716 2934 5785 parentibus
2965 5725 3302 5781 acceptorum
3343 5720 3548 5767 memor
3586 5716 3679 5767 sit.
