4062 6452
284 409 381 457 177

1375 410 1655 462 IIUMILIA
1698 411 1808 462 VIII
1850 411 1914 463 IN
1957 413 2447 469 IIEXAETIIERON.

3404 424 3505 476 l7“

276 519 343 573 τά
375 517 518 583 ἄκρα
553 517 659 568 τῶν
691 514 906 586 πτερῶν
947 514 1094 568 ὕδατι
1137 519 1519 586 καταορέξασα
1565 521 1696 589 (66),
1729 518 1829 573 εἶτα

1947 531 2173 592 cogitat;
2209 539 2368 594 atque
2411 533 2666 595 pautatim
2701 531 2932 584 festucas
2966 530 3104 583 inter
3136 548 3194 585 se
3229 532 3339 586 luto
3366 536 3510 591 Velut

271 615 337 681 τῇ
389 611 692 682 λεπτοτάτῃ
734 611 877 662 κόνει
922 609 1274 676 ἐνειληοεῐσα,
1306 611 1473 674 οὕτως
1515 614 1718 665 ἐπινοεῖ
1747 614 1839 666 τοῦ

273 701 443 770 πηλοῦ
493 709 591 771 τὴν
639 699 854 769 χρείαν·
905 702 997 752 καὶ
1053 699 1190 752 κατὰ
1239 701 1432 771 μικρὸν
1477 704 1725 774 ἀλλήλοις
1774 706 1841 758 τὰ

274 793 454 865 κάρφη
480 789 588 845 οἷον
613 791 774 861 κόλλῃ
802 792 906 844 τινὶ
939 794 1016 864 τῷ
1046 792 1201 861 πηλῷ
1239 795 1565 864 συνδήσασα,
1604 799 1660 848 ἐν
1702 797 1836 868 αὐτῇ

269 888 394 946 τοὺς
439 883 683 945 νεοττοὺς
729 883 1015 953 ἐκτρέφει·
1060 877 1132 935 ὧν
1182 885 1274 934 ἐὰν
1318 901 1399 948 τις
1435 887 1730 958 ἐκκεντήσῃ
1771 873 1839 939 3τὲι

268 977 512 1046 ὄμματα,
553 975 665 1046 ἔχει
710 977 828 1030 τινὰ
856 976 1005 1046 παρά
1035 977 1130 1045 τῆς
1170 977 1378 1043 φύσεως
1425 978 1670 1049 ἰατρικὴν
1702 980 1834 1047 (67),

268 1071 334 1122 δι’
357 1062 424 1139 ἦς
453 1070 586 1141 πρὸς
621 1072 809 1137 ὑγείαν
837 1069 1099 1135 ἐπανάγει
1142 1068 1249 1120 τῶν
1285 1073 1520 1139 ἐκγόνων
1544 1070 1640 1134 τὰς
1665 1073 1832 1142 ὅψεις.

269 1161 455 1216 Ταῦτά
482 1181 540 1214 σε
567 1161 879 1212 νουϐετείτω
911 1161 984 1231 μὴ
1019 1159 1104 1212 διά
1135 1162 1321 1215 πενίαν
1341 1162 1475 1233 πρὸς
1504 1165 1836 1234 κακουργίαν

267 1254 598 1326 τρέπεσθαι’
639 1251 771 1321 μηδὲ
817 1253 873 1304 ἐν
905 1254 1018 1314 τοῖς
1049 1254 1448 1322 χαλεπωτάτοις
1486 1253 1696 1318 πάθεσι,
1736 1258 1836 1308 πᾶ-

270 1362 367 1398 σαν
424 1342 613 1394 ἐλπίδα
669 1342 915 1412 ῥίψαντα,
975 1344 1253 1416 ἄπρακτον
1297 1343 1507 1396 κεῖσθαι
1549 1348 1637 1399 καὶ
1683 1348 1836 1400 ἀνεν-

270 1440 497 1507 ἐργητον
517 1451 530 1464 °
567 1435 678 1487 ἀλλ’
711 1435 803 1488 ἐπὶ
832 1436 961 1486 Θεὸν
991 1434 1373 1503 καταφεύγειν,
1411 1433 1488 1499 ὃς,
1533 1440 1579 1490 εἱ
1606 1439 1832 1508 χελιδόνι

274 1531 331 1581 τὰ
367 1527 663 1598 τηλικαῦτα
699 1527 983 1598 χαρίζεται
1020 1529 1163 1597 (68),
1213 1527 1362 1597 πόσῳ
1408 1528 1626 1600 μείζονα
1674 1529 1832 1582 δώσει

275 1623 374 1684 τοῖς
409 1623 467 1686 ἐξ
508 1623 634 1693 ὅλης
674 1621 898 1692 καρδίας
927 1619 1315 1688 ἐπιϐοωμένοις
1351 1623 1545 1684 ato-xiv;
1595 1621 1832 1672 τΛλκυών

269 1724 380 1766 εστι
402 1715 598 1768 Οαλάττ
608 1733 681 1768 ιον
698 1715 900 1785 ὄρνεον.
917 1711 1061 1781 Αὕτη
1081 1716 1210 1784 παρ’
1225 1715 1418 1776 αὐτοὺς
1430 1713 1702 1764 νοσσεύειν
1722 1713 1829 1784 (69)

271 1807 387 1869 τοὺς
415 1808 690 1873 αἰγιαλοὺς
719 1805 978 1872 πέφυκεν,
998 1803 1083 1856 ἐπ’
1105 1807 1273 1876 αὐτῆς
1294 1805 1360 1857 τά
1379 1804 1460 1857 ibi:
1486 1805 1585 1874 τῆς
1603 1804 1828 1876 ψάμμου

267 1897 640 1966 καταθεμένη·
708 1895 801 1947 καὶ
863 1896 1105 1950 νοσσεύει
1167 1896 1308 1950 κατά
1375 1895 1538 1966 μέσον
1593 1915 1694 1950 που
1745 1899 1833 1951 τὸν

265 1990 528 2060 χειμῶνα,
564 1991 650 2042 ὅτε
685 1991 898 2054 πολλοῖς
921 1991 1013 2044 καὶ
1044 1990 1236 2060 βιαίοις
1264 1990 1484 2060 ἀνέμοις
1519 1992 1550 2061 ἡ
1586 1991 1831 2045 Θάλασσα

269 2085 327 2154 τῇ
361 2084 429 2154 γῇ
483 2084 940 2154 προσαράσσεται.
989 2082 1124 2135 Ἀλλ’
1169 2082 1316 2150 ὅμως
1361 2083 1697 2152 κοιμίζονται
1735 2084 1831 2152 μὲν

268 2176 462 2239 πάντες
513 2177 721 2246 ἄνεμοι,
773 2176 1032 2245 ἡσυχάζει
1073 2174 1127 2226 δὲ
1172 2174 1320 2245 κῦμα
1353 2175 1659 2239 Θαλάσσιον,
1702 2175 1830 2228 ὅταν

260 2266 474 2321 ἁλκυὼν
503 2267 724 2336 ἐπωάζῃ
748 2267 844 2329 τὰς
868 2265 1006 2317 ἑπτὰ
1027 2265 1255 2336 ἡμέρας.
1298 2267 1383 2317 Ἑν
1413 2264 1698 2327 τοσαύταις
1723 2265 1830 2336 γὰρ

262 2358 452 2428 μόναις
484 2355 756 2420 ὲκλεπίζει
789 2357 913 2418 τοὺς
936 2356 1202 2418 νεοττούς.
1243 2356 1393 2407 Ἐπεὶ
1415 2355 1469 2406 δὲ
1501 2354 1593 2407 καὶ
1625 2354 1832 2425 τροφῆς

259 2451 440 2513 αὐτοῖς
470 2448 647 2520 χρεία.
683 2449 844 2514 ἄλλας
866 2448 1002 2502 ἑπτὰ
1030 2448 1140 2519 (70)
1180 2449 1312 2519 πρὸς
1341 2448 1436 2518 τὴν
1465 2446 1570 2499 τῶν
1603 2445 1831 2498 νεοττῶν

259 2541 480 2613 αὔξησιν
508 2543 536 2594 ὁ
555 2541 924 2612 μεγαλόδωρος
939 2540 1068 2602 Θεὸς
1087 2539 1163 2610 τῷ
1200 2539 1507 2610 μικροτάτῳ
1534 2536 1656 2604 ζώῳ
1692 2551 1827 2605 παρ-

258 2635 464 2702 έσχετο.
503 2632 662 2684 Ὠστε
705 2633 796 2685 καὶ
838 2634 1077 2685 ναυτικοὶ
1125 2632 1322 2692 πάντες
1368 2631 1513 2681 ἴσασι
1543 2628 1696 2680 τοῦτο
1738 2630 1828 2681 καὶ

257 2723 574 2784 ἀλκυονίδας
607 2723 702 2785 τὰς
738 2724 848 2792 (71)
875 2723 1084 2792 ἡμέρας
1116 2722 1325 2784 ἐκείνας
1343 2721 1823 2792 προσαγορεύουσι.

257 2817 446 2870 Ταῦτά
471 2834 550 2869 σοι
587 2819 666 2879 εἰς
692 2815 1005 2887 προτροπὴν
1049 2813 1139 2866 τοῦ
1192 2815 1369 2866 αἰτεῖν
1420 2813 1570 2882 παρὰ
1593 2811 1726 2864 Θεοῦ
1758 2812 1826 2863 τὰ

257 2907 394 2976 πρὸς
429 2905 700 2976 σωτηρίαν
727 2904 814 2958 διὰ
849 2905 947 2974 τῆς
976 2904 1102 2974 περί
1125 2903 1192 2955 τὰ
1216 2903 1382 2970 ἄλογα
1406 2902 1498 2954 τοῦ
1525 2901 1658 2953 Θεοῦ
1692 2889 1821 2973 προσ

258 3001 405 3063 νοίας
448 2999 883 3070 νενομοθέτηται.
938 2999 1002 3051 Τί
1041 2999 1139 3051 οὐκ
1171 2997 1237 3050 ἂν
1265 2997 1474 3065 γένοιτο
1517 2994 1621 3048 τῶν
1656 3012 1830 3066 παρα-

255 3093 422 3157 δόξων
453 3094 637 3145 ἕνεκεν
667 3093 782 3153 σου,
819 3093 876 3154 ὃς
911 3093 1030 3144 κατ’
1059 3091 1240 3143 εἰκόνα
1270 3090 1496 3158 γέγονας
1547 3089 1638 3140 τοῦ
1674 3087 1828 3150 Θεοῦ,

1943 615 2143 682 glutine
2181 619 2412 686 quodam
2458 619 2733 688 colligatis,
2772 619 2941 690 pullos
2978 619 3028 670 in
3071 620 3182 688 ipso
3222 623 3345 675 nido
3378 638 3505 677 euu-

1943 712 2036 762 t-rit
2080 730 2093 766 :
2142 726 2368 782 quorum
2426 712 2468 765 si
2517 713 2640 779 quis
2683 715 2865 769 oculos
2906 723 3198 782 expuugal,
3240 728 3269 768 a
3317 728 3507 770 natura

1943 807 2197 859 medicam
2237 806 2522 872 quamdam
2572 813 2742 855 artem
2791 805 3018 874 accepit.
3060 819 3154 870 per
3194 820 3352 869 quam
3400 821 3509 859 sua:

1940 897 2102 964 prolis
2129 897 2298 948 visum
2333 896 2397 946 ad
2433 895 2715 948 sanitatem
2756 896 2979 952 reducit.
3019 895 3142 950 Ilzcc
3187 906 3237 948 te
3267 911 3507 949 commo-

1939 999 2120 1051 neant,
2156 995 2211 1040 ut
2249 1001 2314 1039 ne
2353 987 2418 1037 ad
2461 986 2722 1038 maleficia
2761 996 3081 1040 convertarc
3119 995 3339 1056 propter
3378 1002 3510 1054 pau-

1939 1091 2232 1148 pertatem;
2273 1090 2420 1132 neve'
2447 1079 2497 1129 in
2547 1076 2879 1146 gravissimis
2912 1076 3328 1144 calamitatibus,
3360 1079 3504 1132 nurui

1936 1185 2030 1239 Spe
2060 1173 2286 1238 ahjecta,
2321 1175 2524 1224 otiosus
2553 1185 2615 1224 ac
2649 1171 2793 1223 iners
2825 1184 3041 1221 maneas
3071 1187 3082 1221 :
3121 1177 3211 1223 sed
3245 1175 3308 1225 ad
3342 1173 3505 1228 Deum

1938 1264 2240 1331 confugias,
2292 1266 2378 1331 qui
2435 1264 2476 1317 si
2525 1263 2798 1316 llil'tttldllti
2851 1270 2994 1315 tanta
3030 1262 3274 1331 largitur,
3306 1274 3507 1330 quanto

1937 1355 2140 1422 majora
2174 1357 2237 1408 iis
2265 1357 2353 1422 qui
2388 1356 2558 1422 ipsum
2592 1364 2703 1407 tuto
2729 1356 2885 1408 corde
2919 1354 3195 1416 invocant,
3223 1369 3510 1407 concessu-

1939 1467 2028 1503 rus
2057 1447 2184 1502 est?
2224 1446 2456 1516 llalcyon
2493 1447 2605 1498 avis
2635 1446 2836 1499 marina
2868 1455 2966 1499 est.
3006 1445 3129 1499 Ilazc
3170 1444 3424 1512 depositis
3457 1446 3508 1498 in

1936 1541 2041 1606 ipsa
2073 1552 2230 1591 arena
2264 1539 2398 1600 ovis,
2430 1537 2718 1590 secundum
2754 1536 2865 1603 ipsa
2905 1537 3082 1591 littora
3115 1536 3372 1592 fctiﬁcarc
3415 1553 3507 1592 so-

1937 1629 2006 1682 Ιιιι
2041 1647 2054 1686 :
2089 1640 2141 1683 et
2172 1630 2316 1683 circa
2360 1629 2589 1683 mediam
2639 1628 2752 1681 fere
2797 1627 3023 1682 hiemem
3071 1630 3240 1697 pullos
3273 1629 3505 1683 excludit

1936 1732 2064 1786 tum,
2099 1741 2219 1777 cum
2254 1737 2400 1776 mare
2438 1720 2620 1772 multis
2645 1729 2696 1772 et
2725 1719 2973 1773 violentis
3008 1721 3180 1773 ventis
3204 1721 3268 1773 ad
3305 1730 3506 1775 terram

1936 1813 2192 1868 alliditur.
2220 1817 2471 1870 Attamen
2512 1813 2902 1881 consopiuntur
2939 1812 3082 1866 venti
3117 1827 3327 1874 omnes,
3359 1813 3510 1880 quie-

1938 1915 2095 1958 scunt
2133 1909 2360 1974 :rquorei
2400 1907 2592 1960 ﬂuctus
2629 1919 2724 1973 per
2762 1914 2964 1973 septem
2995 1905 3130 1964 dies.
3164 1903 3355 1972 quibus
3395 1903 3509 1957 hal-

1937 2013 2072 2068 cyon
2115 1998 2231 2051 ovis
2263 1999 2500 2052 incubat.
2533 1997 2664 2051 Nam
2703 1997 2923 2051 totidem
2967 1995 3154 2049 diebus
3182 1993 3354 2047 solum
3393 1994 3510 2062 pul-

1939 2089 2016 2144 los
2062 2089 2317 2142 excludit.
2366 2090 2498 2144 Cum
2547 2098 2722 2142 autem
2777 2097 2832 2142 et
2856 2089 2996 2141 victu
3055 2087 3185 2156 ipsis
3218 2102 3352 2154 Opus
3404 2095 3506 2146 est.

1936 2181 2070 2234 alios
2115 2190 2318 2247 septem
2368 2179 2480 2232 dies
2526 2179 2590 2231 ad
2642 2178 2906 2245 pullorum
2940 2179 3330 2229 incrementum
3371 2174 3510 2227 Deus

1936 2270 2467 2324 nutuiticeutissimus
2520 2270 2744 2323 minimo
2790 2269 2916 2322 huic
2969 2266 3189 2319 animali
3237 2263 3507 2334 praestitit.

1937 2363 2044 2432 76
2074 2365 2434 2428 Quamobrem
2474 2373 2528 2420 et
2563 2380 2750 2418 omnes
2788 2373 2966 2416 nautre
3003 2363 3105 2417 huc
3138 2363 3336 2425 sciunt,
3367 2357 3510 2412 dies-

1936 2467 2040 2521 que
2087 2453 2202 2505 illos
2234 2456 2498 2522 appellant
2545 2455 2889 2524 Italcyoueos.
2944 2453 3050 2505 lies
3082 2451 3184 2506 illa;
3210 2465 3303 2516 per
3333 2449 3423 2504 Dei
3452 2447 3507 2502 in

1935 2544 2088 2599 bruta
2124 2545 2512 2612 providentiam
2545 2548 2765 2599 saucitze
2795 2555 2920 2599 sunt
2952 2555 3005 2597 et
3036 2544 3319 2605 ordinatae,
3355 2551 3412 2594 ut
3450 2552 3505 2595 tu

1935 2638 2015 2690 his
2045 2638 2317 2702 incitatus,
2355 2652 2414 2689 ea
2454 2653 2572 2705 quae
2609 2639 2672 2690 ad
2709 2648 2851 2690 tuam
2884 2636 3110 2691 salutem
3153 2635 3438 2703 pertinent,
3475 2647 3505 2686 a

1936 2727 2042 2780 Deo
2076 2743 2356 2796 exposcas.
2390 2726 2526 2793 Quid
2555 2737 2640 2779 tua
2672 2743 2858 2790 causa,
2885 2727 2974 2794 qui
3009 2724 3180 2780 factus
3208 2739 3266 2779 es
3305 2724 3369 2777 ad
3413 2723 3505 2778 Dei

1933 2817 2242 2885 imaginem,
2285 2819 2446 2872 etiam
2496 2825 2692 2887 praeter
2740 2816 3199 2883 exspectationem
3244 2815 3355 2869 fieri
3399 2830 3504 2868 non

1933 2905 2138 2973 possit,
2191 2920 2310 2958 Cum
2359 2907 2580 2960 aviculze
2628 2907 2761 2960 adeo
2810 2905 3014 2975 exigua:
3063 2905 3254 2974 gratia,
3295 2914 3506 2957 vastum

1935 3006 1986 3048 et
2019 2997 2340 3049 horrendqu
2383 3014 2530 3051 mare
2565 3001 2613 3050 in
2652 2999 2824 3054 media
2866 3000 3042 3052 hieme
3082 2999 3363 3068 quiescere
3389 2996 3510 3064 jus-

1937 3104 2075 3153 sum,
2107 3089 2408 3142 detineatur
2441 3104 2501 3140 ac
2539 3089 2807 3142 l'reuetur?

256 3185 453 3252 ὄπουγε
482 3185 619 3254 ὑπὲρ
643 3183 852 3253 ὄρνιθος
892 3183 1034 3235 οὕτω
1087 3183 1289 3252 μικρᾶς
1353 3183 1386 3251 ἡ
1444 3181 1655 3251 μεγάλη
1713 3182 1807 3234 καὶ
1846 3182 2052 3254 φοϐερά
2113 3183 2403 3252 κατέχεται
2438 3181 2698 3245 Θάλασσα,
2738 3182 2794 3232 ἐν
2830 3181 2978 3252 μέσῳ
3007 3183 3233 3252 χειμῶνι
3267 3181 3510 3250 γαλήνην

255 3279 409 3348 ἄγειν
438 3277 548 3348 (72)
576 3277 922 3346 ἐπιταχθεῖσα
942 3292 956 3337 ;

328 3371 382 3428 6.
403 3373 512 3443 Τὴν
534 3371 774 3443 τρυγόνα
807 3371 958 3438 φασὶ,
991 3367 1398 3437 διαζευχθεῖσὰν
1417 3384 1544 3420 ποτε
1573 3367 1662 3420 τοῦ
1692 3368 1822 3438 ὁμό-

1996 3367 2048 3421 6.
2092 3366 2290 3421 Ferunt
2326 3377 2588 3422 turturem
2635 3382 2662 3419 a
2710 3366 2934 3436 conjuge
2985 3378 3308 3434 separatam,
3373 3385 3512 3422 nun-

259 3463 442 3530 ζυγος,
478 3463 674 3533 μηκέτι
708 3463 804 3533 τὴν
845 3463 977 3532 πρὸς
1006 3461 1189 3531 ἕτερον
1218 3460 1606 3530 καταδέχεσθαι
1634 3478 1827 3513 κοινω-

258 3555 398 3618 νίαν,
451 3555 584 3607 ἀλλὰ
640 3555 818 3625 μένειν
869 3553 1250 3615 ἀσυνδύαστον,
1309 3555 1496 3624 μνήμῃ
1551 3551 1642 3604 τοῦ
1702 3552 1830 3604 ποτὲ

261 3647 646 3716 συζευχθέντος
687 3647 784 3718 τὴν
821 3648 956 3718 πρὸς
999 3647 1185 3716 ἕτερον
1221 3646 1504 3698 κοινωνίαν
1553 3646 1829 3715 ἀπαρνου-

263 3739 449 3809 μένην.
498 3739 864 3791 Ἀκουέτωσαν
895 3741 950 3791 αἱ
978 3741 1249 3807 γυναῖκες,
1270 3739 1414 3799 ὅπως
1430 3737 1488 3788 τὸ
1518 3736 1711 3807 σεμνὸν
1732 3735 1830 3805 τῆς

259 3827 484 3898 χηρείας
515 3828 606 3880 καὶ
655 3828 806 3896 παρά
838 3831 948 3889 τοῖς
987 3828 1200 3896 ἀλόγοις
1225 3826 1317 3879 τοῦ
1355 3828 1411 3878 ἐν
1446 3829 1563 3889 ταῖς
1595 3826 1830 3893 πολυγα-

265 3921 414 3991 μίαις
449 3917 728 3989 ἀπρεποῦς
756 3919 1166 3989 προτιμότερον.
1198 3917 1551 3979 ’Λδικώτατος
1583 3918 1707 3987 περὶ
1733 3917 1830 3986 τὴν

261 4014 369 4066 τῶν
397 4014 632 4081 ἐκγόνων
664 4011 932 4083 ἐκτροφὴν
966 3995 1072 4079 (75)
1107 4011 1133 4062 ὁ
1158 4010 1466 4072 ἀετός,οΔύο
1489 4009 1594 4078 γὰρ
1632 4007 1831 4076 ἐξαγα-

262 4103 374 4172 γὼν
409 4107 680 4167 νεοσσοὺς,
721 4105 810 4157 τὸν
840 4104 1026 4174 ἕτερον
1068 4101 1244 4155 αὐτῶν
1291 4104 1369 4165 εἰς
1415 4101 1517 4170 γῆν
1558 4102 1832 4172 καταρρή-

262 4211 441 4263 γνυσι,
471 4198 590 4256 ταῖς
631 4195 866 4265 πληγαῖς
908 4195 1014 4246 τῶν
1044 4194 1257 4262 πτερῶν
1295 4191 1708 4262 ἀπωθούμενοςο
1742 4191 1831 4243 τὸν

261 4287 317 4339 δὲ
364 4286 552 4356 ἕτερον
599 4285 755 4354 μόνον
798 4285 1100 4350 ἀναλαϐὼν,
1145 4285 1460 4348 οἰκειοῦται,
1514 4284 1599 4336 διὰ
1631 4284 1690 4335 τὸ
1733 4284 1832 4354 τῆς

263 4377 466 4447 τροφῆς
499 4374 753 4427 ἐπίπονον
782 4375 1208 4444 ἀποποιούμενος
1257 4376 1367 4444 (74)
1421 4375 1478 4427 ὃν
1523 4375 1827 4442 ἐγέννησεν.

276 4469 414 4520 Ἀλλ’
444 4471 542 4520 οὐκ
571 4470 633 4538 ἐᾷ
655 4466 864 4529 τοῦτον,
893 4467 968 4530 ὦς
1008 4485 1159 4536 φασι,
1196 4467 1559 4539 διαφθαρῆναι
1589 4469 1620 4536 ἡ
1652 4468 1792 4537 φήνη
1815 4481 1826 4495 ·

264 4554 377 4606 ἀλλ’
408 4554 750 4607 ὑπολαϐοῦσα
784 4555 944 4608 αὐτὸν
967 4559 1079 4618 τοῖς
1105 4556 1323 4619 οἰκείοις
1359 4557 1556 4626 ἑαυτῆς
1595 4557 1831 4617 νεοσσοῖς

265 4645 636 4717 συνεκτρέφει.
670 4645 908 4700 Τοιοῦτοι
938 4647 1044 4700 τῶν
1074 4648 1274 4716 γονέων
1302 4649 1350 4699 οἱ
1402 4648 1512 4717 (75)
1556 4647 1647 4699 ἐπὶ
1697 4664 1829 4716 προ-

1930 3474 2088 3526 quam
2121 3475 2240 3512 cum
2270 3460 2373 3513 alio
2398 3463 2531 3514 inire
2559 3463 2892 3522 societatem,
2924 3462 3014 3513 sed
3046 3463 3256 3513 viduam
3299 3477 3509 3528 perma-

1931 3566 2058 3605 nere
2087 3570 2100 3604 :
2132 3561 2311 3620 utpote
2343 3568 2482 3620 quae,
2512 3555 2578 3606 ob
2619 3554 2812 3621 prioris
2871 3554 3112 3622 conjugis
3171 3555 3505 3622 memoriam,

1930 3641 2152 3694 alterius
2178 3641 2479 3708 conjugiutu
2513 3642 2734 3694 abnuat.
2773 3642 3006 3693 Audianl
3045 3643 3316 3706 mulieres,
3371 3659 3509 3712 quo-

1933 3736 2092 3786 modo
2115 3733 2195 3787 vel
2225 3735 2364 3802 apud
2396 3733 2547 3786 bruta
2581 3733 2861 3793 animalia,
2897 3733 3253 3800 frequentium
3289 3737 3504 3803 nuptiao

1931 3842 2046 3879 rum
2093 3827 2341 3880 dedecori
2391 3835 2753 3894 anteponatur
2798 3825 3077 3880 viduitatis
3123 3827 3375 3895 pudicitia
3410 3830 3508 3882 ho-

1932 3927 2238 3986 uestasque.
2287 3917 2474 3985 Aquila
2527 3919 2576 3971 in
2631 3919 2908 3972 educauda
2963 3919 3111 3987 prole
3167 3920 3504 3989 iniquissima

1930 4023 2028 4061 e51.
2070 4009 2280 4061 Etenim
2319 4011 2404 4062 ubi
2443 4011 2614 4077 pullos
2653 4014 2785 4065 duos
2828 4011 3081 4073 exclusit,
3135 4011 3323 4062 horum
3370 4010 3505 4065 alte-

1933 4116 2050 4152 rum
2102 4100 2284 4167 dejicit
2337 4101 2387 4152 in
2445 4112 2664 4163 terram,
2719 4118 2779 4156 ac
2831 4119 3130 4171 pennarum
3186 4104 3505 4158 verberibus

1931 4194 2200 4259 protrudit
2256 4209 2268 4244 :
2330 4192 2554 4245 alterum
2612 4206 2791 4247 autem
2853 4196 3114 4248 duntaxat
3169 4207 3500 4265 assumptum

1933 4299 2028 4350 pro
2073 4299 2169 4338 suo
2221 4284 2406 4347 habet;
2445 4297 2603 4353 atque
2636 4303 2793 4354 quem
2829 4289 3032 4356 genuit,
3080 4297 3296 4355 propter
3330 4289 3503 4343 victus

1932 4371 2274 4436 comparandi
2326 4371 2690 4424 diliicultatein
2743 4375 2978 4427 abdicat.
3036 4374 3165 4435 Sed,
3220 4383 3277 4424 ut
3330 4374 3498 4434 aiunt,

1931 4463 2107 4528 perire
2150 4464 2288 4515 hunc
2324 4478 2427 4516 non
2459 4465 2583 4516 sinit
2614 4466 2874 4532 ossil'raga
2911 4479 2926 4518 :
2967 4466 3072 4517 imo
3104 4466 3278 4531 ipsum
3319 4480 3500 4516 susce-

1931 4563 2077 4621 ptum
2127 4570 2228 4607 una
2279 4569 2399 4607 cum
2449 4556 2676 4623 propriis
2725 4557 2836 4608 suis
2881 4556 3038 4624 pullis
3083 4556 3294 4609 educat.
3343 4554 3499 4609 Tales

1932 4654 2058 4700 sunt
2104 4657 2352 4716 parentes
2393 4647 2487 4710 illi,
2518 4650 2608 4716 qui
2653 4648 2984 4717 paupertatis
3018 4661 3276 4716 plaetextu
3325 4649 3499 4702 infan-

337 4879 448 4950 (66)
478 4877 570 4933 Sic
603 4879 839 4945 quinque
895 4894 1022 4932 mss.
1057 4893 1086 4931 e
1113 4878 1328 4950 (nostris
1362 4890 1552 4946 praeter
1581 4879 1823 4950 Cornbel'.
1858 4884 1901 4938 D
1930 4881 2069 4942 loco.
2101 4897 2206 4950 quo
2222 4883 2619 4938 Ambrosiusde
2641 4882 2740 4936 hac
2767 4882 2878 4950 ipsa
2914 4898 3012 4936 ave
3032 4883 3290 4949 loquitur,
3324 4880 3492 4937 levem

263 4948 400 5002 Editi
426 4964 551 5020 vero
582 4950 837 5020 βρέξασα.
893 4951 1042 5015 Quod
1076 4949 1350 5014 aliquanto
1392 4962 1516 5002 ante
1548 4951 1621 5004 ait
1671 4949 1822 5004 Basi-

263 5018 633 5078 lius,ciconiis
686 5022 929 5075 ceruices
956 5022 1445 5089 peregrinationum
1491 5021 1718 5074 comites
1770 5031 1823 5074 et

265 5100 519 5157 tauquam
563 5092 819 5144 satellites
846 5090 1083 5157 adjungi,
1114 5091 1176 5143 de
1209 5105 1273 5142 eo
1300 5090 1454 5142 aliter
1475 5091 1675 5143 sentire
1704 5093 1825 5144 Ari-

263 5159 509 5212 stotelem
534 5160 686 5228 docet
719 5161 855 5212 idem
885 5161 968 5212 ille
1009 5157 1295 5228 quemjam
1331 5161 1595 5212 nominavi
1631 5161 1822 5215 Petrus

263 5230 486 5284 Petitus.
529 5227 698 5297 Legas
746 5231 898 5282 velim
951 5227 1066 5299 ejus
1104 5235 1418 5298 opusculum
1455 5232 1546 5283 lib.
1592 5246 1661 5296 tv,
1699 5247 1817 5299 cap.

336 5368 447 5436 (67)
498 5369 648 5441 Colb.
697 5371 958 5424 secundus
998 5370 1211 5441 φύσεως
1239 5369 1498 5440 ἰατρείαν.
1532 5370 1650 5425 Mox
1688 5370 1819 5440 Reg.

262 5451 445 5494 Sextus
474 5440 550 5501 εἰς
585 5456 809 5509 κακουρ.

337 5509 443 5583 (ϐξ)
478 5510 607 5583 ῑξρε.
638 5508 891 5583 sextusst
925 5510 1147 5580 χελιδόνι
1179 5508 1349 5563 ταῦτα
1383 5511 1680 5583 χαρίζεται.

341 5579 450 5646 (69)
485 5579 654 5633 Editio
709 5579 867 5632 Basil.
902 5579 1019 5633 cum
1069 5582 1244 5633 multis
1299 5579 1426 5636 mss.
1457 5579 1816 5635 ’νοσσεύεινω

261 5650 524 5701 νοσσεὺει.
558 5650 915 5712 Editio,Paris.
951 5653 1318 5704 νεοσσεύειν...
1349 5652 1640 5705 νεοσσεύει.
1678 5652 1818 5706 Infra

264 5719 413 5774 Bodl.
453 5720 640 5788 μόναις
663 5720 880 5772 ἐκλέπει
908 5723 1052 5783 τούς.

335 5789 445 5858 (70)
469 5792 688 5862 Codices
712 5793 812 5842 duo
842 5790 1001 5853 ἄλλας
1027 5791 1163 5862 ἐκπτά
1194 5792 1421 5862 ἡμέρας.
1457 5792 1680 5858 Quando
1709 5809 1819 5847 ser-

268 5874 351 5915 mo
375 5871 456 5915 est
484 5862 548 5915 de
578 5860 860 5930 halcyone,
892 5861 1152 5916 maculam
1190 5860 1371 5918 tellure
1407 5865 1638 5918 cenabor
1663 5881 1724 5918 ex
1755 5881 1817 5919 eo

1929 4956 2142 5020 quidem
2181 4954 2346 5016 illam,
2380 4956 2471 5006 sed
2495 4969 2613 5021 qua:
2650 4963 2822 5005 tamen
2857 4955 3050 5018 negotii
3083 4953 3284 5019 aliquid
3321 4952 3492 5005 taces-

1926 5038 2046 5076 scre
2079 5023 2244 5090 possit
2278 5025 2604 5077 rudinribus.
2662 5022 2755 5076 Ubi
2812 5039 2940 5089 ergo
2986 5024 3208 5091 legimus
3243 5022 3334 5075 lib.
3376 5037 3404 5072 ν
3437 5024 3494 5077 in

1926 5091 2181 5145 Hexaem.
2225 5108 2344 5161 cap.
2378 5093 2485 5154 'I5,
2531 5109 2671 5145 llllm.
2719 5093 2813 5153 40,
2867 5093 3140 5144 Placidum
3187 5093 3343 5144 ventis
3389 5103 3492 5146 stat

1926 5179 2088 5223 mure,
2127 5169 2288 5214 donec
2309 5180 2402 5216 οια
2421 5164 2583 5230 fovent
2616 5163 2866 5230 Ita/cyone
2895 5179 3010 5218 sua.
3042 5163 3319 5230 legendum
3357 5177 3490 5216 cen-

1923 5247 2032 5303 seo,
2071 5233 2340 5303 donecotva
2372 5233 2537 5303 foveat
2570 5234 2790 5301 halcyon
2815 5250 2931 5303 sua).
2967 5231 3093 5303 Illud
3126 5232 3328 5303 Basilii,
3361 5233 3492 5303 ήσυ·

1923 5301 2075 5370 χάζει
2107 5301 2163 5353 δὲ
2198 5302 2344 5372 κῦμα
2391 5302 2673 5354 Θαλάσσιον
2697 5300 2836 5354 ὅταν
2872 5300 3084 5354 ἀλκυὼν
3131 5300 3391 5373 ἐπωὰζῃ,
3424 5303 3492 5356 ad

1928 5377 2169 5430 verbum,
2196 5388 2251 5424 ιιι
2291 5374 2470 5426 vident
2503 5390 2714 5436 ottuies,
2751 5374 3013 5438 expressit
3042 5373 3380 5426 AmbrOstus.

1998 5441 2370 5512 (7|)Nonnulli
2405 5460 2534 5496 mss.
2565 5443 2929 5506 ἀλκυονίτιδας
2968 5443 3084 5504 τάς.

1993 5513 2102 5583 (72)
2126 5512 2276 5566 Cnlb.
2309 5517 2574 5567 secundus
2597 5513 2833 5583 γαλήνην
2867 5514 3031 5582 ἔχειν.

1995 5582 2105 5652 (75)
2161 5583 2382 5636 Codices
2438 5601 2540 5637 non
2601 5581 2753 5651 pauci
2806 5581 3035 5651 ἐξάγων.
3097 5581 3294 5638 Ibidem
3351 5581 3486 5655 Reg.

1922 5655 2353 5724 quintusivcspov
2379 5655 2524 5721 ἄγων
2553 5656 2650 5716 είς.

1990 5723 2100 5793 (74)
2132 5723 2270 5791 Reg.
2300 5726 2518 5792 quintus
2551 5725 3024 5793 ἀποσπασάμενος.

1993 5795 2104 5860 (75)
2131 5794 2262 5847 Editi
2291 5810 2409 5865 cum
2436 5794 2583 5865 Colb.
2629 5797 2862 5848 secundo
2908 5793 3106 5861 γονέων
3142 5795 3190 5846 ot
3239 5793 3483 5865 σκληροί,

1926 5871 2016 5920 sed
2052 5866 2199 5931 illud,
2231 5866 2280 5917 ot
2309 5863 2551 5934 σκληροί,
2579 5866 2727 5920 deest
2758 5867 2808 5918 in
2835 5875 3036 5934 septem
3076 5880 3232 5931 mss.,
3260 5863 3474 5920 necdu-
