4062 6434
606 359 709 413 Πἶό

1891 363 1948 418 8.
1993 359 2232 414 BASILII
2273 361 2482 415 MAGNI

3705 362 3814 417 184

602 478 693 531 illa
742 488 1044 545 perpetuam
1108 478 1269 533 habet
1317 481 1506 534 edendi
1554 481 1884 547 facultatem,
1931 481 2156 551 benigno

2259 478 2353 540 Τίς
2373 480 2400 530 6
2428 479 2621 548 τρόπος
2645 479 2743 547 τῆς
2774 476 3034 547 μελῳδίας
3063 475 3153 528 τοῦ
3187 477 3458 544 τέττιγος;
3483 491 3590 530 nat
3615 479 3732 542 πῶς
3759 483 3816 531 ἐν

603 569 714 624 Deo
749 571 1108 625 insatiabilem
1137 581 1381 626 naturam
1419 575 1686 628 hominum
1718 575 1883 644 gratia
1911 575 1959 627 ei
1987 590 2151 643 appat-

605 659 795 712 rante?
841 661 969 725 Quae
1018 661 1087 713 sit
1131 661 1430 714 modulandi
1460 664 1595 716 ratio
1625 664 1860 752 εἰσρέιεῖ
1892 665 2154 732 quomodo

605 752 656 804 in
705 753 928 806 meridie
974 753 1134 805 solito
1187 753 1353 822 magis
1405 769 1616 810 canora:
1657 767 1801 815 sunt,
1847 757 1967 808 dum
2013 757 2153 809 aeris

602 841 941 906 attractione,
984 857 1100 908 quae
1152 841 1202 894 in
1250 843 1482 898 thoracis
1526 845 1844 901 distentione
1877 844 1954 906 fit,
1979 845 2153 898 editur

606 931 810 984 sonus?
845 933 912 983 At
939 934 1078 984 enim
1115 933 1240 986 mihi
1275 934 1460 986 videor
1485 935 1655 1002 magis
1683 939 1855 1002 impar
1885 949 2001 989 esse
2041 949 2153 989 ser-

609 1035 765 1073 mone
798 1021 846 1072 in
877 1020 1206 1086 explicandis
1231 1021 1526 1074 volatilium
1576 1022 1864 1085 miraculis,
1902 1037 2060 1091 quam
2108 1023 2152 1076 si

603 1111 830 1178 pedibus
855 1125 1079 1164 conarer
1109 1109 1448 1165 velocitatem
1476 1101 1716 1179 ipsorum'
1750 1114 1981 1181 assequi.
2019 1112 2151 1166 Cum

607 1202 802 1254 videris
828 1217 886 1256 ea
926 1203 1158 1256 volatilia
1198 1218 1316 1271 quae
1359 1203 1558 1257 insecta
1607 1214 1883 1267 vocantur,
1923 1213 2170 1281 utjpes

605 1301 657 1343 et
713 1306 936 1360 vespas:
992 1294 1070 1347 sic
1123 1293 1264 1346 enim
1316 1293 1425 1360 ipsa
1473 1292 1828 1361 appellarunt,
1872 1303 2151 1362 propterea

601 1379 740 1449 quod
794 1385 1050 1450 quasdam
1096 1382 1330 1450 undique
1374 1384 1635 1438 incisurae
1676 1398 1783 1448 prae
1829 1399 1888 1437 se
1933 1385 2150 1438 ferunt:

599 1472 780 1526 veniat
811 1473 902 1526 tibi
938 1474 988 1525 in
1024 1483 1278 1532 mentem.
1316 1473 1724 1542 respirationem
1764 1483 1920 1542 atque
1948 1473 2155 1542 pulmo-

600 1579 722 1620 nem
752 1566 803 1618 in
834 1567 899 1619 iis
929 1579 1032 1618 non
1068 1565 1288 1632 reperiri
1317 1583 1328 1617 :
1354 1568 1446 1618 sed
1491 1575 1597 1618 tota
1641 1566 1854 1619 omnino
1888 1580 2010 1618 aere
2051 1581 2151 1619 nu-

603 1657 744 1710 triri.
777 1655 1113 1724 Quapropter
1152 1656 1270 1708 oleo
1315 1654 1631 1720 madefacta,
1679 1657 1911 1711 occlusis
1967 1659 2152 1710 meati-

601 1750 721 1808 bus,
770 1757 1030 1816 pereunt;
1081 1763 1202 1800 cum
1251 1763 1375 1802 vero
1405 1751 1581 1802 statim
1610 1759 1816 1803 acetum
1841 1749 2149 1814 all‘unditur,

2255 572 2319 638 τῇ
2358 569 2666 640 μεσημϐρία
2690 569 2896 622 ἑαυτῶν
2925 571 3059 620 εἰσιν
3087 565 3426 638 ᾠδικώτεροι,
3459 573 3523 639 τῇ
3555 569 3686 640 ὁλκῇ
3721 570 3814 624 τοῦ

2253 661 2433 731 ἀέρος,
2470 664 2533 729 ἣν
2563 663 2619 715 ἐν
2665 663 2729 730 τῇ
2787 659 3033 729 διαστολῇ
3086 658 3358 710 ποιοῦνται
3406 659 3499 711 τοῦ
3543 659 3812 730 Θώρακος,

2255 753 2586 822 ὲκδιδομένου
2638 752 2732 804 τοῦ
2784 752 3049 821 φθόγγου;
3086 749 3242 802 Ἀλλά
3286 750 3392 820 γάρ
3437 750 3586 804 ἔοικα
3633 751 3814 804 πλεῖον

2251 845 2634 898 ἀπολείπεσθαι
2659 845 2734 914 τῷ
2767 845 2907 913 λόγῳ
2935 843 3025 896 τοῦ
3068 842 3338 912 θαύματος
3379 842 3485 894 τῶν
3513 845 3751 913 πτηνῶν,
3777 846 3812 914 ἧ

2253 939 2302 989 εί
2357 939 2469 998 τοῖς
2526 937 2679 990 ποσὶν
2731 937 2908 988 αὑτῶν
2965 933 3278 1005 ὲπειρώμην
3341 933 3673 1000 ἐφικνεῖσθαι
3721 937 3813 988 τοῦ

2251 1029 2466 1098 τάχους.
2497 1029 2658 1081 Ὅταν
2687 1028 2799 1100 ἴδῃς
2833 1027 2899 1080 τά
2929 1028 3124 1097 ἔντομα
3153 1027 3414 1095 λεγόμενα
3439 1026 3546 1078 τῶν
3573 1025 3812 1096 πτηνῶν,

2251 1115 2362 1172 οἷον
2395 1119 2650 1190 μελίσσας
2674 1121 2763 1172 καὶ
2795 1120 3004 1188 σφῆκας
3032 1117 3191 1187 (οὑτω
3218 1118 3325 1188 γὰρ
3350 1118 3487 1170 αὑτά
3520 1117 3815 1188 προσειρή-

2254 1228 2399 1272 κασι,
2443 1209 2528 1262 διὰ
2577 1209 2635 1261 τὸ
2683 1209 3010 1278 πανταχόθεν
3068 1208 3295 1278 ἐντομάς
3353 1224 3502 1270 τινας
3547 1209 3814 1274 φαίνειν),

2253 1302 2506 1373 ἐνθυμοῦ,
2535 1303 2616 1354 ὅτι
2649 1300 2854 1363 τούτοις
2894 1299 3132 1370 ἀναπνοὴ
3175 1300 3274 1352 οὑκ
3306 1299 3472 1361 ἔστιν,
3503 1299 3624 1351 οὑδὲ
3653 1300 3818 1350 πνεύ-

2257 1409 2389 1462 μων,
2416 1393 2528 1445 ἀλλ’
2553 1391 2648 1443 ὅλα
2681 1391 2747 1442 δι’
2779 1390 2912 1442 ὅλων
2949 1390 3202 1460 τρέφεται
3225 1390 3300 1460 τῷ
3327 1390 3468 1459 ἀέρι.
3497 1389 3692 1457 Διόπερ
3722 1389 3817 1440 καὶ

2253 1483 2415 1552 ἐλαίῳ
2445 1480 2853 1552 καταϐραχέντα
2887 1480 3183 1550 φθείρεται,
3213 1481 3322 1532 τῶν
3354 1480 3532 1551 πόρων
3567 1481 3817 1549 ἀποφρα-

2254 1573 2454 1640 γέντων
2475 1591 2487 1604 ο
2517 1574 2670 1639 ὄξους
2701 1573 2756 1625 δὲ
2782 1571 2940 1634 εὐθὺς
2987 1571 3362 1640 ὲπιϐληθέντος
3401 1571 3558 1626 πάλιν
3586 1570 3818 1624 ἀναϐιώ-

2255 1679 2460 1718 σκεται.
2498 1665 2602 1716 τῶν
2628 1662 2870 1727 διεξόδων
2894 1661 3273 1731 ἀνοιγομένων.
3305 1661 3466 1714 Οὐδὲν
3502 1661 3817 1732 περιττότε-

2258 1771 2347 1823 ρον
2391 1753 2486 1821 τῆς
2525 1755 2728 1824 χρείας,
2778 1751 2901 1804 οὑτε
2954 1750 3056 1821 μὴν
3117 1750 3353 1802 ὲλλεῖπόν
3397 1767 3499 1801 τινι
3545 1750 3650 1802 τῶν
3688 1753 3820 1803 ἁνα-

601 1838 823 1892 reclusis
876 1838 1222 1894 foraminibus
1275 1856 1459 1895 rursus
1505 1841 1856 1896 reviviscunt.
1904 1842 2046 1896 Inter
2089 1856 2149 1895 ea

2257 1843 2458 1910 γκαίων
2490 1844 2517 1894 6
2539 1843 2668 1906 Θεὸς
2705 1843 2860 1914 ήμῶν
2894 1841 3091 1895 ἔκτισε.
3147 1840 3313 1891 Πάλιν
3345 1839 3412 1891 τὰ
3445 1839 3674 1909 φίλυδρα
3708 1840 3820 1892 τῶν

601 1947 718 2000 quae
749 1931 886 1985 Deus
913 1943 1096 1986 noster
1122 1934 1347 1996 creavit,
1395 1935 1526 1986 nihil
1572 1943 1654 1987 est
1687 1935 1821 1987 citra
1866 1935 2152 1988 necessita-

599 2032 729 2085 tem,
757 2023 886 2076 nihil
919 2025 1068 2076 deest
1116 2025 1559 2076 necessariorum.
1607 2022 1811 2077 Rursus
1863 2025 1906 2077 si
1951 2025 2153 2078 anima-

599 2113 670 2166 lia
707 2128 858 2180 aquze
889 2113 1124 2165 amantia
1159 2113 1544 2177 considerabis,
1574 2114 1732 2168 aliam
1773 2115 1823 2168 itt
1856 2116 1985 2183 ipsis
2015 2124 2156 2168 stru-

598 2213 804 2256 cturatn
839 2202 1170 2270 comperies:
1229 2206 1391 2271 pedes
1434 2204 1679 2260 videlicet
1728 2206 1947 2260 minime
1993 2204 2159 2261 dillis-

597 2309 710 2359 sos,
740 2295 878 2349 velut
909 2296 1177 2348 cornicis:
1215 2311 1317 2349 non
1359 2296 1614 2360 aduncos,
1659 2297 1800 2350 velut
1839 2298 2152 2352 carnivoro—

602 2403 753 2440 rum:
797 2389 890 2441 sed
926 2388 1061 2441 latos
1101 2402 1163 2440 ac
1206 2387 1666 2453 membranaceos,
1708 2398 1765 2441 ut
1804 2388 1955 2444 facile
2003 2391 2156 2444 undis

601 2482 867 2540 innatent,
913 2479 1105 2545 pedum
1159 2479 1486 2531 membranis
1526 2479 1670 2531 velut
1713 2481 2030 2547 quibusdam
2073 2497 2158 2534 re-

601 2571 704 2622 mis
758 2584 949 2637 aquam
1014 2569 1362 2637 itnpellentes.
1417 2569 1564 2633 Quod
1596 2569 1640 2622 si
1681 2570 2157 2632 animadverteris,

598 2663 920 2729 qucmadmo
943 2661 1044 2711 lum
1088 2675 1288 2730 cycous
1331 2662 1469 2714 collo
1516 2662 1568 2713 in
1617 2661 1932 2729 profundam
1963 2677 2155 2728 aquam

596 2752 856 2817 immisso,
887 2753 952 2807 ab
984 2753 1090 2805 into
1118 2753 1295 2805 cibum
1335 2753 1435 2806 sibi
1478 2751 1697 2806 efferat:
1751 2761 1873 2806 tunc
1927 2751 2018 2806 Dei
2064 2752 2157 2806 de-

600 2846 965 2913 prehensurus
986 2858 1044 2897 es
1072 2845 1409 2913 sapientiam,
1438 2846 1524 2911 qui
1556 2845 1753 2899 scilicet
1784 2845 1974 2898 collum
2004 2845 2158 2913 pedi-

600 2936 700 2989 bus
729 2937 937 3004 longius
963 2936 1080 2990 ideo
1119 2937 1328 2999 tribuit,
1379 2947 1435 2988 ut
1483 2937 1606 2990 illud
1651 2937 1790 2990 velut
1836 2937 2027 2989 lineam
2079 2937 2158 3003 pi-

600 3029 884 3082 scatoriam
938 3030 1243 3092 demittens,
1290 3043 1468 3082 escam
1516 3028 1568 3082 in
1617 3028 1724 3082 imo
1760 3029 2155 3086 delitescentem

599 3122 844 3188 exquirat
874 3135 936 3173 ac
960 3121 1225 3175 extrahat.

2255 1933 2409 1999 ζώων
2461 1935 2816 2003 καταμαθών,
2867 1936 3059 2004 ἑτέραν
3119 1933 3176 1984 ὲν
3237 1931 3416 1993 αὑτοῖς
3477 1933 3819 2001 κατασκευὴν

2253 2028 2540 2098 εὑρήσεις·
2590 2026 2754 2088 πόδας
2789 2025 2909 2078 οὑτε
2951 2022 3388 2094 διεσχισμένους,
3435 2019 3510 2082 ὡς
3549 2021 3673 2082 τοὺς
3722 2023 3820 2091 τῆς

2253 2118 2517 2189 κορώνης,
2546 2116 2666 2169 οὔτε
2704 2117 2989 2184 ἀγκύλους,
3017 2117 3090 2179 ώς
3118 2115 3244 2177 τοὺς
3276 2113 3382 2165 τῶν
3417 2111 3780 2180 σαρκοφάγων
3802 2130 3815 2141 ·

2253 2211 2388 2264 ἀλλά
2413 2211 2628 2274 πλατεῖς
2662 2210 2756 2263 κα)⁵
2784 2209 3090 2278 ὑμενώδεις,
3120 2209 3204 2262 ἵνα
3231 2207 3424 2277 ῥᾳδίως
3456 2205 3820 2273 ὲπινήχωνται

2252 2300 2330 2370 τῷ
2367 2300 2537 2364 ὕδατι,
2573 2301 2732 2353 οἱονεὶ
2767 2298 2976 2361 κώπαις
3007 2299 3116 2351 τισὶ
3151 2301 3260 2359 τοῖς
3307 2295 3412 2349 τῶν
3445 2295 3620 2349 ποδῶν
3658 2295 3822 2364 ὑμέσι

2253 2395 2313 2446 τὸ
2346 2391 2508 2462 ὑγρὸν
2559 2391 2925 2462 διωθούμενοι.
2972 2390 3094 2443 Ἐἀν
3140 2390 3196 2442 δὲ
3242 2389 3591 2460 καταμάθῃς,
3635 2389 3818 2451 ὅπως,

2255 2486 2332 2546 είς
2378 2483 2537 2552 βάθος
2582 2486 2610 2536 6
2656 2483 2849 2545 κύκνος
2910 2482 3116 2545 καθιεὶς
3157 2482 3246 2534 τὸν
3299 2481 3530 2551 αὐχένα,
3576 2480 3823 2533 κάτωθεν

2257 2572 2432 2641 ἐαυτῷ
2459 2573 2554 2642 τὴν
2599 2573 2802 2643 τροφὴν
2848 2573 3130 2641 ἀναφέρει,
3163 2573 3281 2624 τότε
3325 2572 3573 2641 εὑρήσεις
3599 2573 3698 2640 ’τὴν
3731 2589 3822 2623 σο·

2260 2664 2386 2730 φίαν
2421 2663 2513 2714 τοῦ
2559 2664 2859 2725 κτίσαντος,
2891 2664 2970 2715 ὅτι
3015 2663 3102 2715 διὰ
3138 2663 3293 2715 τοῦτο
3346 2663 3673 2733 μακρότερον
3715 2663 3823 2715 τῶν

2260 2752 2434 2804 ποδῶν
2453 2753 2542 2804 τὸν
2558 2751 2757 2820 αὑχένα
2775 2751 3126 2822 προσέθηκεν,
3151 2753 3256 2813 ἵνα,
3280 2752 3464 2820 ῶσπερ
3481 2753 3598 2803 τινὰ
3619 2753 3823 2821 όρμιάν

2260 2844 2532 2911 κατάγων,
2588 2844 2683 2914 τὴν
2736 2845 2792 2895 ἐν
2851 2842 2926 2912 τῷ
2981 2841 3129 2912 βάθει
3186 2841 3570 2913 κεκρυμμένην
3615 2843 3824 2915 τροφὴν

2259 2938 2615 3009 ἐκπηρίζηται

675 3177 730 3262 έ.
765 3209 932 3262 Verba
968 3211 1261 3274 Scriptura:
1282 3210 1328 3261 si
1357 3209 1667 3276 simpliciter
1692 3210 1956 3277 legantur,
1983 3227 2156 3277 parva:

2329 3213 2380 3267 8.
2424 3213 2630 3276 Ἀπλῶς
2663 3211 3133 3280 ἀναγινωσκόμενα
3167 3210 3232 3264 τὰ
3279 3211 3495 3281 ῥήματα
3539 3210 3637 3280 τῆς
3675 3209 3818 3280 Γρα-

601 3303 845 3368 quadam
889 3309 1012 3352 sunt
1058 3300 1311 3363 syllabze:
1368 3298 1670 3350 Producant
1726 3316 1876 3366 aqua:
1928 3301 2160 3355 volatilia

603 3391 833 3444 volantia
867 3407 1020 3458 super
1049 3401 1242 3444 terram
1279 3391 1560 3443 secundum
1589 3390 1976 3457 ﬁrmamentum
2007 3394 2118 3445 caeli
2141 3409 2160 3446 :

602 3483 698 3534 sed
751 3497 870 3534 cum
928 3484 1212 3535 verborum
1270 3483 1655 3551 pervcstigatur
1702 3483 1986 3546 sententia,
2039 3494 2161 3536 tunc

607 3587 856 3637 magnum
901 3573 1177 3639 sapientia:
1228 3575 1519 3628 conditoris
1565 3573 1880 3626 miraculum
1917 3587 2155 3642 apparet.

607 3664 747 3728 Quot
805 3663 1097 3714 Volatilium
1173 3666 1414 3731 praevidit
1481 3665 1834 3718 discrimina?
1897 3668 2160 3732 quomodo

603 3755 710 3808 alia
743 3754 811 3806 ali
860 3753 979 3804 aliis
1023 3751 1168 3818 juxta
1217 3768 1382 3820 genus
1425 3754 1692 3820 seiunxit?
1731 3757 1997 3823 quomodo
2045 3759 2156 3809 sin-

609 3845 729 3913 gula
788 3842 1062 3895 distinctis
1120 3842 1536 3909 proprietatibus
1600 3846 1914 3910 insignivit?
1976 3847 2160 3902 Deficit

607 3951 694 3988 me
731 3937 844 3988 dies
890 3937 1031 3987 aeria
1059 3935 1212 3989 vobis
1244 3932 1502 3986 tniracula
1545 3947 1921 4000 exponentem.
1973 3940 2160 3995 Invitat

607 4041 708 4081 nos
741 4029 850 4094 ipsa
896 4027 1180 4079 continens
1220 4029 1284 4079 ad
1329 4023 1471 4078 feras
1515 4025 1829 4093 reptiliaque
1868 4039 1920 4082 et
1966 4046 2160 4096 pecora

608 4119 665 4172 in
694 4118 926 4170 medium
957 4117 1276 4184 proferenda
1303 4135 1315 4167 :
1341 4117 1770 4184 quandoquidem
1799 4118 1996 4186 aliquid
2023 4124 2161 4187 quod

609 4208 810 4276 plantis
837 4217 889 4261 et
918 4207 1225 4260 natatilium
1277 4208 1458 4275 generi
1500 4218 1554 4260 et
1603 4207 1811 4261 cunctis
1862 4209 2163 4266 volatilibus

609 4301 780 4367 impar
810 4315 914 4353 non
948 4300 1038 4360 sit,
1071 4299 1306 4352 vicissim
1351 4299 1606 4354 exhibere
1654 4311 1839 4369 parata
1883 4311 1981 4353 est.
2029 4300 2164 4354 Pro-

605 4395 760 4444 dttcat
785 4401 927 4444 terra
958 4391 1186 4441 animam
1215 4391 1462 4442 viventem
1505 4408 1748 4457 pecorum
1789 4403 1834 4445 et
1880 4393 2162 4446 bestiarum

2261 3303 2383 3372 φῆς,
2416 3303 2669 3356 συλλαϐαί
2709 3303 2849 3363 τινές
2891 3304 2995 3353 εἱσι
3045 3303 3233 3371 μικραί
3272 3303 3413 3371 (89)·
3456 3299 3823 3370 Ἐξαγαγέτω

2261 3396 2332 3444 τὰ
2355 3391 2537 3444 ὕδατα
2563 3391 2795 3442 πετεινὰ
2832 3391 3120 3458 πετόμενα
3149 3391 3244 3442 ἐπὶ
3294 3389 3400 3454 τῆς
3431 3389 3544 3456 γῆς
3574 3393 3723 3442 κατὰ
3755 3391 3820 3442 τὸ

2261 3482 2557 3550 στερέωμα
2585 3481 2688 3534 τοῦ
2713 3480 2969 3548 οὐρανοῦ
2993 3497 3005 3510 ·
3037 3482 3405 3551 ἐρευνωμένης
3430 3479 3486 3531 δὲ
3512 3483 3612 3549 τῆς
3632 3483 3687 3532 ὲν
3709 3485 3822 3544 τοῖς

2264 3573 2466 3644 ῥήμασι
2509 3571 2760 3634 διανοίας,
2804 3571 2923 3624 τότε
2975 3572 3287 3639 ὲκφαίνεται
3335 3571 3396 3623 τὸ
3451 3571 3592 3642 μέγα
3637 3571 3821 3640 θαῦμα

2259 3666 2355 3735 τῆς
2378 3664 2564 3733 σοφίας
2595 3663 2687 3716 τοῦ
2718 3664 3015 3727 κτίσαντος.
3051 3665 3226 3728 Πόσας
3259 3663 3532 3735 προείδετο
3559 3663 3818 3734 διαφορὰς

2261 3755 2507 3826 πτηνῶν;
2542 3757 2687 3817 ὅπως
2720 3755 2854 3806 αὑτὰ
2889 3753 3029 3806 κατά
3070 3754 3221 3821 γένος
3267 3754 3544 3822 διέστησεν
3593 3755 3686 3806 ἀπ’
3726 3753 3820 3806 ἀλ-

2261 3847 2473 3918 λήλων;
2508 3847 2621 3908 πῶς
2668 3846 2891 3898 ἕκαστον
2936 3844 3352 3916 κεχωρισμένοις
3394 3846 3820 3914 ἐχαρακτήρισεν

2265 3936 2574 4006 ίδιώμασινς
2626 3935 2919 3986 Ἐπιλείπει
2951 3936 3057 4002 (90)
3113 3951 3177 4002 με
3207 3935 3237 4001 ἡ
3266 3933 3463 4002 ἡμέρα,
3500 3933 3568 3986 τὰ
3601 3935 3820 4003 ὲναέρια

2263 4027 2386 4094 ὑμῖν
2418 4025 2666 4092 θαύματα
2680 4022 2862 4092 διηγοὺ
2873 4040 3047 4090 μενον.
3077 4023 3245 4074 Καλεῖ
3269 4025 3299 4090 ἡ
3309 4026 3412 4091 μᾶς
3432 4024 3669 4093 ήχέρσος
3686 4027 3822 4096 πρὸς

2260 4118 2358 4186 τὴν
2380 4115 2485 4166 τῶν
2521 4115 2722 4183 θηρίων
2755 4115 2846 4166 καὶ
2890 4113 3129 4181 ἑρπετῶν
3170 4116 3260 4165 καὶ
3308 4115 3663 4183 βοσκημάτων
3699 4118 3820 4169 ἐπί-

2261 4206 2442 4270 δειξιν,
2478 4205 2706 4273 ἑτοίμως
2749 4203 2940 4273 ἔχουσα
2977 4205 3208 4272 ὁμότιμα
3246 4207 3357 4266 τοῖς
3400 4209 3583 4271 φυτοῖς
3626 4209 3716 4257 καί
3749 4207 3823 4276 τῷ

2265 4297 2455 4366 πλωτῷ
2482 4296 2624 4364 γένει
2656 4295 2746 4347 καὶ
2763 4298 2872 4358 τοῖς
2903 4297 3122 4363 πτηνοῖς
3149 4296 3311 4346 πᾶσιν
3337 4294 3820 4357 ἀντεπιδείξασθαι.

2275 4389 2634 4459 Ἐξαγαγέτω
2675 4391 2713 4456 ἡ
2755 4388 2829 4457 γῆ
2869 4387 3080 4457 ψυχὴν
3111 4386 3300 4446 ζῶσαν
3328 4385 3560 4452 κτηνῶν
3588 4387 3684 4440 καὶ
3715 4392 3821 4456 θη-

603 4493 651 4535 et
680 4481 936 4548 replilium
962 4481 1122 4549 juxta
1155 4497 1333 4546 genus.
1367 4480 1502 4546 Quid
1537 4481 1713 4535 (licitis
1748 4499 1838 4536 vos
1868 4486 1955 4552 qui
1999 4484 2153 4536 lidetn

2257 4484 2400 4549 ρίων
2432 4483 2528 4534 καὶ
2563 4481 2822 4548 ἑρπετῶν
2859 4480 3005 4532 κατὰ
3060 4479 3248 4548 γένος.
3291 4478 3354 4528 Τί
3389 4494 3541 4545 φατε,
3596 4481 3646 4532 οἱ
3695 4482 3823 4533 ἁπι-

605 4591 712 4626 ιιοιι
751 4574 957 4627 habetis
986 4569 1170 4630 Paulo,
1211 4574 1352 4624 circa
1389 4589 1506 4625 eam
1537 4588 1654 4641 quae
1679 4575 1729 4626 in
1767 4576 2158 4628 resurrectione

607 4667 700 4718 lict
743 4665 1114 4727 mutationem,
1172 4679 1293 4714 cum
1343 4663 1506 4715 multa
1568 4666 1711 4717 aeria
1763 4665 1962 4719 formas
2012 4682 2161 4720 eom-

605 4757 868 4810 tnutantia
911 4757 1177 4810 videatis?
1217 4755 1402 4821 Qualia
1450 4757 1610 4809 etiam
1659 4759 1722 4811 de
1765 4757 1942 4813 Indico
1977 4774 2160 4812 verme

603 4847 883 4913 cornigero
933 4856 1238 4908 narrantur,
1288 4843 1395 4913 79
1441 4846 1528 4912 qui
1559 4850 1785 4912 primum
1835 4849 1885 4900 in
1941 4865 2156 4902 erue-am

603 4946 1020 4997 transtnutatus,
1049 4935 1237 4989 deinde
1270 4935 1527 5003 temporis
1561 4952 1836 5004 progressu
1863 4938 2160 5008 bomhyljus

605 5032 704 5084 Iit:
741 5042 839 5080 nec
871 5029 921 5079 in
969 5028 1069 5079 hac
1113 5025 1277 5079 forma
1325 5035 1530 5088 manet,
1579 5028 1671 5078 sed
1719 5027 1867 5084 laxas
1915 5039 1967 5080 et
2022 5030 2157 5083 latas

606 5124 849 5174 hracteas
882 5133 976 5188 pro
1023 5119 1119 5171 alis
1167 5119 1410 5186 suscipit.
1454 5120 1584 5172 Cum
1633 5119 1795 5184 igitur
1830 5135 1922 5173 vos
1965 5121 2157 5174 mulie-

607 5213 694 5263 res
720 5212 938 5272 sedetis,
969 5210 1156 5263 horum
1205 5224 1364 5275 opera
1409 5221 1617 5272 nentes,
1662 5210 1744 5261 lila
1790 5211 1994 5264 scilicet
2035 5212 2156 5264 dico

604 5315 724 5370 qua:
770 5303 835 5355 ad
879 5318 972 5356 vos
1015 5301 1382 5353 transmittunt
1433 5305 1591 5355 Seres
1631 5301 1697 5355 ad
1742 5302 1928 5356 molles
1981 5312 2156 5356 vestes

676 5487 790 5559 (89)
817 5485 913 5559 Sic
945 5486 1112 5540 codex
1162 5483 1402 5559 C_ombef.
1451 5499 1573 5538 cum
1620 5485 1740 5539 aliis
1769 5493 1995 5554 quatuor
2030 5499 2161 5540 mss.

605 5556 826 5613 Atio-diti
860 5559 962 5608 εἰσ).
1001 5556 1224 5626 μακραί.

679 5629 786 5693 (90)
825 5626 972 5679 Unus
1013 5625 1417 5691 ιιιεςζὲπιλείιζιει.
1450 5626 1729 5688 Aliquanto
1761 5635 1872 5691 post
1906 5641 2034 5679 mss.
2067 5640 2156 5679 sex

607 5699 762 5752 καλεῖ
791 5698 936 5766 ἡμᾶς
968 5698 997 5764 ἡ
1032 5698 1238 5766 χέρσος.
1279 5697 1412 5747 Editi
1446 5697 1588 5762 ἡμᾶς
1618 5697 1648 5764 ἡ
1681 5696 1919 5763 ἦπειρος.

684 5715 759 5749 Αει
791 5715 936 5818 ora;
968 5715 997 5764 η
1032 5715 1238 5766 χερσος.
1279 5715 1412 5747 nutu
1446 5715 1588 5762 ημας
1618 5715 1648 5764 η
1681 5715 1919 5763 ηπειρος.

684 5767 790 5837 (91)
855 5767 983 5837 lcgii
1025 5768 1234 5826 tertius,
1275 5767 1492 5835 quintus
1521 5776 1574 5820 et
1604 5776 1821 5818 octavus
1855 5782 1973 5819 (Ulli
2005 5765 2153 5820 (ὶυΙΙι.

2261 4574 2505 4635 στοῦντες
2539 4573 2612 4642 τῷ
2655 4572 2847 4640 Παύλῳ
2883 4573 3004 4640 περὶ
3047 4571 3145 4638 τῆς
3197 4569 3336 4620 κατά
3379 4569 3475 4638 τὴν
3524 4573 3822 4624 ἀνάστασιν

2255 4663 2604 4723 ἀλλοιώσεως,
2641 4660 2870 4730 ὁρῶντες
2918 4661 3084 4712 πολλά
3113 4659 3218 4711 τῶν
3252 4659 3447 4728 ἀερίων
3483 4662 3579 4722 τὰς
3605 4662 3820 4730 μορφὰς

2258 4753 2685 4825 μεταϐάλλοντα;
2734 4753 2919 4803 ὐποῐα
2980 4753 3070 4805 καὶ
3128 4751 3250 4820 περὶ
3299 4751 3390 4803 τοῦ
3449 4751 3670 4804 Ἰνδικοῦ
3707 4753 3819 4821 (9i)

2257 4847 2532 4914 σκώληκος
2563 4846 2845 4915 ἱστορεῖται
2871 4845 2961 4897 τοῦ
2995 4844 3355 4914 κερασφόρου·
3381 4844 3459 4906 ὃς,
3488 4847 3565 4906 εἰς
3591 4846 3819 4912 καμπὴν

2256 4936 2324 4987 τὰ
2348 4936 2540 5005 πρῶτα
2564 4936 2891 5006 μεταϐαλὼν,
2914 4934 3030 4988 εἶτα
3060 4935 3256 5005 προῖὼν
3281 4935 3564 5005 βομὸυλιὸς
3591 4935 3813 4999 γίνεται·

2259 5031 2350 5081 καὶ
2379 5030 2496 5082 οὑδὲ
2523 5031 2610 5081 ἐπὶ
2637 5028 2836 5098 ταύτης
2867 5029 3077 5080 ἵσταται
3113 5027 3212 5096 τῆς
3254 5027 3482 5097 μορφῆς,
3521 5025 3655 5077 ἀλλά
3685 5028 3815 5096 χαύ-

2259 5140 2366 5184 νοις
2397 5123 2489 5174 κα).
2518 5121 2739 5173 πλατέσι
2793 5121 3040 5181 πετάλοις
3084 5119 3498 5190 ὑποπεροῦται.
3537 5119 3702 5172 Ὅταν
3726 5116 3818 5172 οὖν

2258 5213 2555 5283 καθέζησθε
2590 5215 2683 5283 τὴν
2713 5213 2912 5265 τούτων
2949 5212 3206 5279 ἐργασίαν
3244 5211 3725 5280 ἀναπηνιζόμεναι,
3762 5213 3814 5262 αἱ

2254 5309 2526 5374 γυναῖκες,
2556 5306 2621 5358 τὰ
2650 5307 2859 5376 νήματα
2888 5303 2995 5373 (0‘2)
3025 5304 3185 5372 λέγω,
3213 5303 3246 5356 ἃ
3277 5301 3578 5372 πέμπουσιν
3610 5305 3739 5371 ὑμῖν
3766 5304 3817 5355 οἱ

2268 5489 2504 5541 secumlo
2537 5489 2628 5542 τοῦ
2674 5486 2910 5542 Ἰνδικοῦ.
2948 5487 3084 5543 Etliti
3115 5505 3234 5542 cum
3266 5503 3370 5539 uno
3403 5499 3492 5541 aut
3513 5489 3683 5540 altero
3712 5506 3814 5542 me.

2265 5558 2355 5610 τοῦ
2385 5559 2564 5612 Ἰνδοῦ.
2590 5564 2716 5623 Quae
2751 5561 2993 5625 leguntur
3013 5563 3075 5614 tle
3101 5573 3278 5611 verme
3312 5559 3398 5609 illo
3426 5562 3559 5624 apud
3584 5560 3814 5613 Ambro-

2265 5629 2403 5700 sium
2435 5643 2488 5682 et
2522 5631 2654 5695 apud
2696 5630 3050 5694 Eustalltium,
3080 5631 3285 5684 mendis
3311 5645 3412 5681 non
3445 5643 3649 5685 carent.
3675 5626 3816 5700 Lege

2264 5697 2420 5751 Pra‘f.
2454 5717 2596 5752 num.
2629 5700 2716 5751 28.

2334 5770 2443 5838 (96;
2482 5767 2554 5821 Ita
2592 5786 2681 5823 Sex
2725 5782 2850 5822 mss.
2892 5769 3025 5822 Editi
3067 5767 3134 5819 τὰ
3162 5771 3373 5838 νήματα
3409 5767 3461 5819 ἃ..
