4062 6460
285 418 389 472 185
1370 407 1661 464 HOMILIA
1698 404 1812 460 Vill
1853 404 1918 458 IN
1964 398 2460 458 HEXAEMERON.
3425 395 3524 451 186

282 534 457 603 Σῆρες
507 531 644 601 πρὸς
698 531 795 602 τὴν
847 531 953 583 τῶν
1011 527 1265 598 μαλακῶν
1325 526 1636 596 ἐνδυμάτων
1695 540 1853 576 κατα-

1965 520 2388 580 concinuandas,
2421 526 2531 568 tmn
2575 511 2822 567 animalis
2876 511 3036 583 hujus
3075 511 3425 573 mutationem
3469 510 3523 564 in

283 625 504 694 σκευὴν,
543 623 883 694 μεμνημέναι
916 621 1014 691 τῆς
1058 619 1198 673 κατὰ
1231 619 1290 671 τὸ
1339 617 1476 682 ζῶον
1504 615 1660 668 τοῦτο
1693 631 1860 685 μετα-

281 715 467 784 ϐολῆς,
516 716 715 786 ἐναργῆ
757 714 1059 784 λαμϐάνετε
1106 712 1202 782 τῆς
1249 710 1590 770 ἀναστάσεως
1632 707 1859 768 ἔννοιαν,

284 810 380 862 καὶ
405 807 478 879 μὴ
515 809 791 860 ἀπιστεῖτε
826 807 935 876 (95)
976 807 1042 875 τῇ
1078 804 1283 873 ἀλλαγῇ
1323 802 1387 871 ἣν
1426 798 1638 861 Παῦλος
1691 799 1861 852 ἆπασι

285 900 798 970 κατεπαγγέλλεται.
846 898 1005 950 Ἀλλά
1051 899 1158 968 γάρ
1201 894 1522 963 αἰσθάνομαι
1562 890 1657 944 τοῦ
1700 891 1862 958 λόγου

283 995 384 1065 τὴν
430 991 767 1064 συμμετρίαν
805 991 1161 1051 ἐκϐαίνοντος.
1194 988 1358 1040 Ὅταν
1414 985 1511 1054 μὲν
1557 979 1650 1037 οὖν
1688 981 1863 1035 ἀπίδω

285 1084 422 1152 πρὸς
457 1083 517 1134 τὸ
554 1081 754 1152 πλῆθος
799 1080 906 1132 τῶν
949 1078 1270 1149 εἰρημένων,
1319 1074 1423 1140 ἔξω
1473 1075 1705 1144 ἐμαυτὸν
1751 1069 1862 1140 ὁρῶ

281 1174 378 1226 τοῦ
427 1174 622 1244 μέτρου
661 1173 988 1245 φερόμενον·
1031 1171 1155 1221 ὅταν
1188 1167 1244 1221 δὲ
1280 1167 1441 1220 πάλιν
1481 1167 1612 1238 πρὸς
1648 1165 1707 1218 τὸ
1742 1181 1861 1217 ποι-

284 1266 434 1318 κίλον
462 1265 556 1335 τῆς
589 1264 645 1318 ἐν
674 1267 784 1327 τοῖς
828 1261 1269 1332 δημιουργήμασι
1311 1258 1500 1328 σοφίας
1549 1255 1857 1324 ἀποϐλέψω,

283 1355 406 1407 οὑδὲ
434 1351 629 1425 ἧρχθαι
664 1353 864 1422 νομίζω
908 1352 1006 1422 τῆς
1053 1351 1374 1420 διηγήσεως.
1412 1350 1474 1402 "A
1489 1365 1562 1417 μα
1594 1346 1649 1399 δὲ
1678 1347 1771 1398 καὶ
1801 1346 1861 1397 τὸ

288 1448 684 1517 παρακατέχειν
713 1446 854 1514 ὑμᾶς
883 1442 974 1495 ἐπὶ
1001 1442 1180 1494 πλεῖον
1208 1442 1305 1493 οὐκ
1335 1441 1624 1510 ἄχρηστον.
1656 1437 1719 1488 Τί
1752 1435 1860 1506 γὰρ

283 1539 350 1592 ἄν
380 1555 464 1600 τις
511 1538 604 1590 καὶ
645 1538 785 1588 ποιοῖ
827 1534 916 1588 τὸν
976 1535 1138 1605 μέχρι
1193 1534 1290 1602 τῆς
1343 1531 1580 1601 ἑσπέρας
1627 1528 1856 1598 χρόνον;

283 1631 396 1683 Οὑκ
424 1628 728 1695 ἐπείγουσιν
774 1626 918 1697 ὑμᾶς
964 1627 1014 1677 οἱ
1057 1626 1409 1692 ἑστιάτορες·
1456 1621 1556 1673 οὑκ
1603 1619 1858 1689 ἀναμένει

283 1703 536 1791 ὑμᾶς’τά
586 1718 880 1788 συμπόσια.
915 1716 1099 1781 Ὅθεν,
1151 1717 1199 1768 εἰ
1237 1715 1414 1776 δοκεῖ,
1452 1714 1518 1781 τῇ
1571 1711 1856 1780 σωματικῇ

282 1810 506 1880 νηστείᾳ
538 1811 617 1873 εἰς
651 1809 746 1879 τὴν
771 1809 876 1862 τῶν
917 1807 1102 1878 ψυχῶν
1147 1803 1484 1875 εὐφροσύνην
1535 1799 1860 1871 ἀποχρησώ-

287 1903 445 1974 μεθα.
495 1901 761 1966 Πολλάκις
813 1901 1162 1972 ὑπηρετήσας
1213 1899 1277 1966 τῇ
1336 1895 1499 1967 σαρκὶ
1550 1895 1685 1965 πρὸς
1729 1894 1853 1948 ἀπό-

1965 1895 2085 1949 visti
2155 1894 2309 1949 carni
2383 1892 2450 1947 ad
2534 1892 2864 1961 voluptatem
2925 1891 3298 1960 capiendam:

281 1994 493 2058 λαυσιν,
525 1995 760 2064 σήμερον
785 1996 850 2063 τῇ
887 1991 1131 2062 διακονίᾳ
1166 1990 1500 2059 παράμεινον
1533 1988 1631 2058 τῆς
1659 1988 1853 2058 ψυχῆς.

280 2087 754 2155 Κατατρύφησον
789 2083 895 2137 τοῦ
925 2085 1162 2151 Κυρίου,
1194 2079 1291 2133 καὶ
1325 2079 1500 2133 δώσει
1533 2079 1639 2150 (94)
1666 2094 1763 2132 σοι
1788 2079 1858 2133 τὰ

282 2176 574 2245 αἰτήματα
603 2174 711 2242 τῆς
736 2174 978 2242 καρδίας
1001 2191 1137 2226 σου.
1165 2172 1228 2224 Εἰ
1255 2170 1601 2239 φιλόπλουτος
1629 2165 1697 2233 εἷ,
1717 2169 1857 2238 ἔχεις

282 2267 513 2321 πλοῦτον
550 2267 937 2337 πνευματικόν·
981 2267 1056 2318 Τὰ
1085 2264 1337 2332 κρίματα
1362 2262 1582 2329 Κυρίου
1616 2260 1686 2312 τὰ
1713 2261 1857 2324 άλη-

279 2360 435 2424 θινὰ,
491 2360 562 2413 τὰ
604 2357 1024 2427 δεδικαιωμένα
1069 2353 1413 2414 ἐπιτοαυτὸ,
1449 2352 1522 2404 τὰ
1575 2351 1856 2418 ἐπιθυμη-

279 2449 355 2504 τὰ
390 2448 500 2519 (95)
531 2449 683 2517 ὑπὲρ
706 2449 962 2517 χρυσίον
992 2446 1088 2499 καὶ
1122 2446 1292 2498 λίθον
1318 2443 1511 2511 τίμιον
1534 2442 1748 2493 πολύν.
1791 2441 1854 2492 Et

280 2541 676 2602 ἀπολαυστικὸς
707 2541 798 2591 καὶ
829 2538 1123 2608 φιλήδονος,
1149 2535 1290 2606 ἔχεις
1313 2534 1380 2587 τὰ
1408 2535 1564 2602 λόγια
1594 2534 1686 2587 τοῦ
1721 2533 1854 2587 Θεοῦ

278 2630 358 2699 τῷ
384 2630 479 2699 τὴν
511 2627 880 2698 πνευματικὴν
910 2626 1161 2696 αἴσθησιν
1194 2625 1489 2698 ἐρρωμένῳ
1525 2626 1858 2694 γλυκύτερα

281 2719 430 2772 ὄντα
454 2718 603 2786 ὑπὲρ
632 2719 771 2788 μέλι
815 2719 910 2772 καὶ
942 2719 1169 2786 κηρίον.
1206 2718 1328 2771 Ἐὰν
1364 2718 1505 2788 ὑμᾶς
1537 2715 1732 2782 διαιρῶ,
1762 2715 1856 2768 καὶ

280 2810 515 2863 διαλύσω
539 2811 629 2863 τὸν
663 2809 935 2878 σύλλογον,
973 2812 1018 2862 oi
1057 2811 1154 2879 μὲν
1203 2810 1295 2862 ἐπὶ
1333 2810 1457 2872 τοὺς
1497 2807 1696 2868 κύϐους
1727 2806 1856 2876 δρα-

285 2901 508 2972 μοῦνται
544 2901 673 2972 (96).
702 2903 891 2970 Ὄρκοι
924 2902 1059 2964 ἐκεῖ,
1105 2899 1199 2952 καὶ
1253 2897 1571 2966 φιλονεικίαι
1601 2893 1851 2964 χαλεπαὶ,

281 2996 378 3047 καὶ
422 2994 854 3064 φιλοχρηματίας
903 2993 1108 3055 ὠδῖνες.
1136 2991 1353 3059 Δαίμων
1405 2987 1738 3056 παρέστηκε,
1769 2985 1856 3038 διά

279 3086 390 3138 τῶν
429 3085 866 3155 κατεστιγμένων
887 3085 1086 3138 ὀστέων
1113 3083 1210 3152 τὴν
1242 3080 1435 3152 μανίαν
1463 3078 1731 3142 ἐξάπτων,
1761 3079 1856 3132 καὶ

279 3175 352 3228 τὰ
381 3175 518 3228 αὑτά
564 3177 823 3246 χρήματα
859 3176 991 3246 πρὸς
1022 3174 1278 3242 ἑκάτερον
1317 3170 1480 3241 μέρος
1524 3168 1852 3239 μετατιθεὶς,

1965 610 2280 665 memoriam
2352 616 2692 670 revocantes,
2766 604 3105 658 manifestam
3165 602 3526 657 resurrectio-

1965 702 2048 756 nis
2080 702 2351 754 notionem
2399 699 2699 768 accipiatis,
2735 711 2906 765 neque
2945 698 3103 751 tidem
3145 695 3195 749 ei
3238 693 3525 748 mutationi

1963 808 2122 861 quam
2185 791 2384 846 Paulus
2440 789 2692 860 omnibus
2737 791 3040 850 annuntiat.
3092 787 3391 856 denegetis.
3432 788 3528 839 At-

1962 885 2051 952 qui
2106 885 2408 938 orationem
2462 897 2637 936 meam
2691 881 2905 934 modum
2956 880 3217 935 excedere
3276 879 3524 934 adverto.

1964 976 2095 1032 Cum
2131 976 2291 1044 igitur
2313 976 2378 1028 ad
2413 989 2600 1029 eorum
2629 989 2749 1044 qua:
2789 973 2927 1028 dicta
2976 981 3100 1026 sunt
3145 973 3350 1040 copiam
3401 986 3527 1025 ocu-

1962 1068 2042 1121 los
2074 1067 2324 1134 coniicio,
2355 1064 2490 1118 ultra
2526 1065 2657 1119 ﬁnes
2707 1073 2762 1119 et
2801 1064 3013 1117 modum
3039 1062 3166 1116 ferri
3210 1078 3296 1117 me
3334 1062 3522 1119 video:

1962 1173 2084 1212 cum
2125 1166 2302 1212 autem
2342 1156 2537 1210 iterum
2578 1155 2643 1208 ad
2673 1155 2952 1222 sapientia:
2992 1153 3044 1206 in
3074 1154 3304 1221 opiﬁciis
3343 1152 3522 1222 splen-

1963 1249 2231 1304 descentis
2287 1248 2609 1302 varietatem
2655 1244 2906 1314 respicio,
2962 1259 3029 1299 ne
3080 1244 3364 1313 incepisse
3405 1244 3528 1314 qui-

1962 1343 2081 1393 dem
2133 1340 2499 1393 narrationem
2551 1337 2811 1391 arbitror.
2872 1336 3050 1404 Atque
3107 1335 3266 1390 etiam
3326 1334 3528 1389 diutius

1961 1431 2200 1486 detinere
2257 1445 2351 1484 vos
2407 1445 2514 1486 non
2561 1429 2724 1485 fuerit
2768 1427 2975 1482 inutile.
3025 1427 3161 1494 Quid
3211 1427 3353 1481 enim
3407 1428 3528 1496 quis

1959 1525 2025 1575 ab
2058 1523 2158 1578 hoc
2189 1533 2428 1592 tempore
2456 1524 2522 1576 ad
2561 1537 2734 1592 usque
2771 1535 3052 1590 vesperam
3093 1520 3270 1575 facere
3318 1519 3529 1588 possit?

1962 1613 2067 1668 Vos
2111 1629 2215 1669 non
2271 1624 2462 1683 urgent
2501 1616 2902 1675 convivatores,
2956 1628 3059 1666 non
3107 1628 3199 1666 vos
3255 1621 3530 1681 compota:

1964 1709 2138 1762 tiones
2166 1716 2501 1776 exspectant.
2534 1705 2708 1771 Unde,
2740 1705 2787 1759 si
2817 1706 3046 1766 videtur,
3085 1704 3350 1775 corporali
3384 1704 3527 1774 jeju-

1962 1802 2053 1856 nio
2093 1801 2160 1856 ad
2199 1800 2583 1855 exbilarandas
2629 1800 2836 1853 animas
2880 1808 3114 1853 utemur.
3162 1797 3314 1867 Stepe
3366 1798 3529 1853 inser-

3371 1892 3529 1947 hodie

1958 1982 2152 2037 anintm
2183 1983 2390 2037 servire
2425 1997 2728 2051 persevera.
2779 1979 3044 2035 Delectare
3087 1982 3138 2035 in
3189 1980 3432 2046 Domino,
3480 1991 3529 2036 et

1958 2075 2100 2127 dabit
2135 2074 2226 2127 tibi
2265 2074 2538 2143 petitiones
2582 2073 2753 2126 cordis
2781 2073 2856 2126 tui
2888 2074 2930 2127 ".
2967 2072 3023 2127 Si
3073 2073 3381 2127 divitiarum
3417 2084 3528 2128 stu-

1960 2167 2144 2222 diosus
2187 2182 2271 2230 es,
2325 2166 2493 2220 habes
2544 2165 2761 2219 divitias
2791 2165 3136 2234 spirituales:
3168 2165 3383 2220 Iudicia
3420 2165 3529 2220 Do-

1961 2258 2093 2308 mini
2117 2273 2257 2319 vera,
2283 2257 2580 2326 justiﬁcata
2609 2257 2664 2308 in
2709 2255 2978 2322 idipsum:
3023 2257 3396 2311 desiderabilia
3439 2274 3529 2312 su-

1954 2362 2049 2412 per
2083 2363 2273 2399 aurum
2315 2358 2362 2400 et
2406 2347 2632 2416 lapidem
2669 2347 2952 2414 pretiosum
2980 2349 3204 2402 multant
3232 2351 3273 2405 ⁸.
3310 2351 3366 2406 Si
3396 2351 3530 2407 doli-

1960 2438 2064 2492 ciis
2109 2440 2317 2494 deditus
2360 2454 2440 2503 es,
2487 2450 2542 2494 et
2583 2439 2874 2510 voluptatis
2913 2454 3102 2494 amans
3138 2455 3151 2492 :
3194 2440 3286 2494 tibi
3331 2452 3528 2510 praesto

1961 2541 2087 2584 sunt
2117 2531 2209 2584 Dei
2248 2533 2485 2601 eloquia,
2532 2547 2652 2600 quae
2698 2533 2812 2586 viro
2855 2532 3162 2599 Spirituales
3204 2547 3396 2588 sensus
3437 2549 3527 2588 sa-

1955 2635 2054 2675 nos
2104 2621 2321 2676 habenti
2377 2622 2618 2674 dulciora
2687 2631 2812 2676 sunt
2857 2639 3012 2691 super
3057 2622 3158 2676 me!
3196 2632 3246 2677 et
3279 2623 3454 2692 favum
3485 2625 3528 2680 ’.

1956 2712 2014 2767 Si
2069 2713 2323 2767 dimisero
2377 2728 2494 2777 vos,
2546 2727 2608 2766 ac
2664 2714 2978 2767 concionem
3036 2714 3353 2780 dissolvere,
3406 2726 3530 2770 sunt

1954 2803 2044 2873 qui
2070 2804 2134 2857 ad
2163 2812 2396 2859 tesseras
2430 2811 2670 2859 current.
2695 2803 3010 2858 Juramenta
3051 2816 3176 2859 sunt
3217 2806 3349 2871 illic,
3402 2823 3526 2877 gra-

1954 2911 2153 2966 vesque
2205 2897 2600 2962 contentiones,
2657 2907 2713 2953 et
2770 2897 3012 2952 avaritiae
3072 2898 3296 2953 stimuli.
3371 2901 3527 2954 Astat

1955 2989 2160 3045 daamon
2215 3005 2313 3059 per
2369 3006 2490 3046 ossa
2542 3001 2863 3060 compuncta
2916 2991 3154 3047 furorem
3201 2994 3525 3059 accendens,

1961 3089 2016 3135 et
2047 3083 2263 3136 easdem
2297 3082 2556 3153 pecunias
2597 3085 2665 3136 ad
2712 3095 3004 3152 utramque
3047 3093 3253 3153 partem
3293 3086 3526 3140 transfe-

1957 3188 2101 3228 rens.
2131 3173 2286 3228 Modo
2333 3175 2487 3229 eﬂ'ert
2532 3176 2676 3228 hunc
2730 3176 2979 3240 victoria,
3026 3176 3186 3230 modo
3233 3175 3306 3230 illi
3359 3178 3528 3232 tristi-

280 3268 378 3322 νῦν
424 3268 611 3321 τοῦτον
663 3267 900 3334 ἐπαίρων
945 3268 1009 3334 τῇ
1059 3264 1212 3335 νίκῃ,
1271 3262 1504 3331 κάκείνω
1554 3263 1853 3332 κατήφειαν

1959 3265 2084 3320 tiam
2111 3277 2258 3322 creat
2283 3283 2297 3330 ;
2336 3281 2524 3321 rursus
2547 3276 2726 3320 autem
2755 3266 2903 3320 illum
2933 3269 3358 3338 superbientem,
3383 3270 3526 3326 hunc

282 3360 544 3430 ἐμποιῶν,
577 3358 737 3410 πάλιν
786 3357 841 3408 δέ
889 3358 1092 3408 ἐκεῖνον
1139 3353 1446 3424 γαυριῶντα
1487 3353 1719 3416 δεικνὺς,
1763 3353 1856 3406 κα)⁵

280 3449 468 3503 τοῦτον
502 3445 950 3519 κατῃσχυμμένον
979 3445 1108 3516 (97).
1143 3444 1207 3496 Τί
1239 3443 1428 3513 ὄφελος
1467 3441 1746 3514 νηστεύειν
1777 3442 1856 3513 τῷ

283 3540 515 3611 σώματι,
545 3539 641 3608 τὴν
674 3537 730 3590 δὲ
764 3537 938 3609 ψυχὴν
971 3537 1176 3609 μυρίων
1213 3535 1396 3588 κακῶν
1434 3533 1852 3604 ἐμπεπλῆσθαι;

294 3633 353 3685 '0
383 3633 457 3701 μὴ
483 3629 747 3693 κυϐεύων,
780 3631 972 3701 σχολὴν
998 3630 1053 3683 δὲ
1085 3628 1256 3690 ἄλλως
1292 3627 1459 3695 ἄγων,
1496 3626 1548 3677 τί
1584 3627 1644 3678 οὑ
1693 3624 1856 3693 φθέγ-

279 3740 435 3792 γεται
477 3721 584 3775 τῶν
620 3723 897 3792 ματαίων;
947 3720 1000 3772 τί
1038 3720 1136 3771 οὑκ
1190 3717 1376 3770 ἀκούει
1425 3715 1533 3768 τῶν
1595 3714 1851 3778 ἀτόπωνς

278 3815 452 3886 Σχολὴ
473 3816 580 3889 γὰρ
608 3817 733 3871 ἄνευ
758 3814 918 3883 φόϐου
949 3812 1081 3866 Θεοῦ
1111 3810 1371 3881 πονηρίας
1398 3807 1713 3870 διδάσκαλος
1741 3810 1852 3871 τοῖς

279 3908 696 3979 ἀκαιρουμένοις
734 3903 868 3956 ἐστὶ.
906 3905 1058 3973 Τάχα
1109 3903 1205 3972 μὲν
1246 3897 1337 3956 οῦν
1366 3919 1418 3954 τι
1450 3900 1542 3953 καὶ
1579 3899 1766 3969 ὄφελος
1797 3902 1854 3954 ἐν

276 4001 392 4061 τοῖς
423 3997 732 4066 λεγομένοις
759 3996 1048 4066 εὑρήσεται
1076 3996 1214 4065 (98)⁶
1245 3997 1290 4047 εί
1318 3996 1374 4049 δέ
1411 3995 1505 4066 μὴ,
1535 3995 1668 4048 ἀλλά
1699 3995 1760 4047 τό
1789 4011 1852 4062 γε

280 4089 356 4160 μὴ
403 4088 732 4158 ἁμαρτάνειν
781 4088 844 4139 ἐκ
889 4087 987 4158 τῆς
1032 4084 1266 4138 ἐνταῦθα
1305 4086 1433 4156 ὑμῖν
1480 4085 1731 4155 ἀσχολίας
1759 4102 1854 4138 πε-

280 4181 502 4251 ρίεστιν.
531 4179 694 4233 Ὥστε
723 4179 784 4232 τὸ
813 4180 903 4232 ἐπὶ
922 4179 1082 4232 πλέον
1105 4179 1376 4249 κατέχειν,
1402 4179 1493 4230 ἐπὶ
1523 4177 1681 4230 πλέον
1707 4178 1852 4230 ἐστὶν

277 4273 422 4342 ὑμᾶς
442 4273 548 4326 τῶν
573 4274 754 4326 κακῶν
779 4271 1086 4339 ὑπεξάγειν.
1127 4271 1306 4325 Ἰκανά
1332 4271 1470 4342 [καὶ]
1501 4270 1567 4322 τά
1588 4271 1852 4342 εἰρημένα

276 4362 577 4433 εὐγνώμονι
608 4367 786 4433 κριτῇ,
823 4363 917 4415 ἐὰν
963 4363 1033 4432 μή
1075 4380 1159 4426 τις
1207 4362 1341 4432 πρὸς
1372 4361 1462 4412 τὸν
1502 4359 1725 4413 πλοῦτον
1753 4361 1851 4430 τῆς

276 4454 506 4516 κτίσεως
528 4455 828 4525 ἀποϐλέπῃ,
852 4454 986 4507 ἀλλά
1016 4454 1149 4524 πρὸς
1177 4454 1236 4505 τὸ
1270 4454 1366 4523 τῆς
1394 4452 1666 4522 ἡμετέρας
1693 4452 1850 4504 δυνά-

278 4561 423 4617 μεως
457 4545 697 4607 ἀσθενὲς,
735 4547 828 4598 καὶ
860 4545 992 4615 πρὸς
1020 4544 1080 4596 τὸ
1110 4541 1382 4611 αὔταρκες
1411 4545 1490 4605 εἰς
1512 4542 1847 4612 εὐφροσύνην

272 4636 383 4690 τῶν
417 4636 866 4707 συνεληλυθότων.
910 4637 973 4688 Ἡ
1013 4636 1084 4705 γῆ
1133 4637 1276 4705 ὑμᾶς
1315 4637 1435 4696 ταῖς
1467 4635 1689 4696 οἰκείαις
1722 4633 1847 4702 βλά-

275 4745 430 4792 σταις
465 4730 574 4800 (99)
617 4727 966 4793 ἐδεξιώσατο·
1025 4729 1057 4796 ὴ
1116 4728 1356 4780 θάλασσα
1409 4729 1520 4788 τοῖς
1565 4726 1787 4796 ἰχθύσιν,
1819 4728 1848 4778 ό

273 4823 384 4893 ἀὴρ
409 4827 517 4886 τοῖς
548 4826 785 4893 πτηνοῖς.
826 4821 1045 4890 Ἐτοίμη
1081 4822 1113 4888 ἡ
1143 4821 1334 4889 χέρσος
1377 4818 1613 4888 ὁμότιμα
1641 4817 1845 4881 τούτοις

272 4915 762 4979 ἀντεπιδείξασθαι.
806 4913 964 4966 Ἀλλά
997 4911 1152 4964 τοῦτο
1187 4910 1382 4981 μέτρον
1412 4910 1550 4962 ἔστω
1571 4911 1666 4980 τῆς
1692 4910 1845 4962 ἐωθι-

351 5027 372 5058 ⁷
397 5024 536 5080 Psal.
566 5039 751 5087 xxxvi,
785 5024 836 5076 4.
911 5023 931 5054 ⁸
961 5021 1099 5076 Psal.
1133 5035 1286 5082 xvm,
1318 5019 1402 5074 10.
1478 5021 1498 5051 ³
1541 5018 1670 5074 ibid.
1714 5019 1795 5077 ll.

345 5139 452 5210 (95)
495 5139 735 5205 Quatuor
768 5155 900 5194 mss.
944 5138 1166 5210 καὶμὴ
1219 5138 1506 5210 ἀπιστῆτεε
1547 5138 1685 5192 Editi
1719 5154 1840 5193 cum

273 5208 382 5262 uno
416 5220 508 5263 aut
551 5210 717 5262 altero
764 5225 862 5261 ms.
895 5211 987 5262 καὶ
1019 5208 1100 5279 μὴ
1123 5211 1422 5263 ἀπιστεῖτε.
1457 5208 1576 5261 Mox
1606 5220 1843 5276 quatuor

275 5293 406 5332 mss.
439 5279 647 5343 Παῦλος
679 5280 833 5331 πᾶσι.
869 5281 1004 5332 Editi
1042 5296 1161 5332 cum
1197 5281 1326 5341 Heg.
1358 5279 1547 5346 quinto
1576 5279 1762 5331 ἅπασι.

345 5348 456 5469 (94)
493 5350 565 5400 Ita
605 5351 750 5418 Regii
789 5349 992 5418 primus
1019 5361 1072 5402 et
1095 5359 1276 5403 sextus
1309 5357 1362 5401 et
1392 5349 1539 5403 Colb.
1573 5350 1840 5404 secumlus

348 5435 396 5469 m
456 5417 592 5469 .XX.
625 5418 766 5469 Editi
816 5434 941 5469 vero
985 5434 1104 5469 cum
1142 5418 1320 5469 Regiis
1351 5422 1512 5469 tertio
1549 5433 1602 5469 et
1653 5430 1840 5469 octavo

273 5435 396 5473 cum
433 5417 592 5471 LXX.
625 5417 766 5472 Editi
792 5417 941 5471 ivero
985 5434 1104 5472 cum
1141 5418 1320 5486 Regiis
1351 5422 1512 5472 tertio
1549 5433 1602 5471 et
1653 5430 1841 5474 octavo

269 5492 368 5574 atat}
399 5487 506 5574 δῴη
548 5505 649 5541 σοι.
683 5489 812 5568 Reg.
842 5490 1060 5558 quintus
1083 5490 1498 5558 κατατρύφησον
1518 5488 1596 5559 τῷ
1627 5489 1836 5561 Κυρίῳ,

272 5562 366 5614 καὶ
398 5561 556 5612 δώσει
591 5575 704 5611 σου.
784 5563 787 5568 ’

346 5631 456 5696 (95)
493 5632 582 5683 Sic
616 5628 774 5681 ambo
807 5631 934 5682 Duc.
964 5636 1017 5682 et
1047 5629 1132 5681 alii
1163 5638 1394 5698 quatuor
1416 5645 1536 5681 cum
1571 5628 1732 5683 LXX.
1767 5633 1837 5683 At

273 5701 400 5753 eiliti
450 5698 836 5769 ἐπιθυμητικά.
882 5700 1002 5753 Mox
1050 5701 1177 5753 editi
1227 5699 1621 5760 ἀπολαυστικός
1673 5717 1754 5763 τις
1788 5699 1840 5755 εἷ

274 5771 388 5826 καί.
424 5770 536 5828 Illa.
568 5765 649 5832 τις
679 5765 748 5834 εἷ,
778 5771 1046 5824 desuntju
1084 5783 1173 5822 sex
1215 5786 1344 5822 mss.

346 5839 456 5909 (96)
501 5838 589 5894 Sic
633 5845 865 5909 quinque
899 5857 1025 5895 mss.
1075 5839 1213 5893 Editi
1249 5855 1371 5893 cum
1412 5838 1564 5894 Colb.
1598 5840 1836 5896 secundo

1955 3373 2086 3414 vero
2136 3359 2545 3414 erubescentem
2597 3359 2792 3413 reddit.
2848 3358 2985 3426 Quid
3033 3362 3273 3430 prodest,
3321 3376 3525 3431 quaeso,

1956 3465 2182 3517 corpore
2227 3450 2494 3520 jejunare,
2538 3452 2772 3505 animam
2831 3465 2958 3504 vero
3005 3451 3307 3506 innumeris
3364 3453 3524 3508 malis

1960 3542 2209 3596 refertam
2252 3541 2414 3596 esse?
2454 3543 2554 3606 Qui
2597 3557 2724 3596 vero
2772 3541 2989 3596 tesseris
3032 3555 3137 3594 non
3181 3541 3334 3605 ludit,
3384 3541 3520 3596 alias

1954 3642 2133 3684 autem
2175 3635 2342 3686 otium
2382 3634 2509 3701 agit,
2561 3632 2687 3699 quid
2734 3647 2840 3687 non
2891 3631 3132 3702 loquitur
3177 3634 3346 3687 vani?
3389 3635 3520 3703 quid

1955 3723 2174 3777 absurdi
2242 3739 2347 3778 non
2405 3725 2713 3781 auscultat?
2767 3725 2901 3780 Nam
2951 3727 3145 3791 otium,
3191 3726 3286 3782 Dei
3327 3729 3523 3783 timore

1953 3813 2290 3880 destitutum,
2314 3815 2402 3885 iis,
2449 3819 2540 3886 qui
2583 3827 2822 3886 tempore
2857 3817 2934 3870 uti
2983 3831 3088 3871 non
3137 3827 3353 3884 norunt,
3407 3834 3520 3871 ma-

1953 3906 2122 3976 gister
2149 3917 2233 3960 est
2261 3907 2563 3974 pravitatis.
2601 3905 2872 3961 Fortassis
2922 3907 3085 3976 igitur
3133 3907 3308 3972 aliqua
3354 3908 3516 3960 etiam

1957 3998 2165 4052 utilitas
2204 4013 2269 4051 ex
2301 3997 2367 4051 iis
2400 4013 2518 4066 qua!
2543 4000 2817 4064 dicuntur,
2851 3997 3190 4068 percipienda
3215 3998 3366 4053 vobis
3396 4009 3476 4053 est
3503 4016 3516 4052 :

1955 4088 2036 4142 sin
2067 4088 2265 4153 minus,
2295 4085 2487 4142 saltem
2519 4086 2645 4144 licet
2679 4089 2832 4140 vobis
2866 4102 2961 4154 per
2997 4097 3316 4153 praesentem
3359 4104 3519 4140 occu-

1951 4177 2220 4245 pationem
2249 4193 2352 4233 non
2392 4193 2640 4248 peccare.
2677 4178 2854 4244 Quare
2888 4178 3088 4232 diutius
3117 4193 3210 4232 vos
3253 4178 3516 4239 detinere.

1951 4279 2036 4323 est
2060 4271 2261 4325 diutius
2293 4285 2383 4326 vos
2434 4286 2464 4324 a
2517 4271 2727 4326 delictis
2769 4286 3040 4326 amovere.
3092 4273 3347 4325 Attamen
3398 4284 3515 4338 qua:

1953 4373 2249 4418 memorata
2306 4373 2453 4426 sunt,
2515 4364 2648 4418 satis
2703 4375 2826 4420 sunt
2872 4380 3026 4432 aequo
3081 4363 3412 4422 :estimatori,
3471 4363 3515 4415 si

1955 4456 2119 4507 modo
2153 4469 2259 4508 non
2292 4454 2548 4524 respiciat
2575 4455 2697 4525 quis
2724 4457 2789 4508 ad
2821 4454 3037 4508 divitias
3061 4454 3369 4521 creationis,
3423 4457 3515 4509 sed

1952 4545 2016 4597 ad
2060 4556 2366 4598 nostrarum
2416 4546 2612 4598 virium
2652 4543 3097 4607 imbecillitatem,
3126 4555 3180 4600 et
3212 4545 3278 4598 ad
3304 4559 3365 4599 ea
3397 4560 3517 4613 qtne

1955 4634 2245 4703 voluptatis
2303 4650 2434 4705 ergo
2493 4634 2936 4690 convenientibus
2979 4634 3225 4690 suﬂicere
3270 4644 3512 4704 possunt.

1952 4725 2175 4794 Excepit
2223 4742 2320 4781 vos
2359 4726 2645 4780 continens
2683 4727 2916 4795 propriis
2967 4726 3316 4796 germiuibus,
3364 4742 3515 4783 mare

1951 4817 2208 4883 piscibus.
2239 4833 2332 4872 aer
2361 4818 2686 4873 volatilibus.
2734 4819 2930 4873 Parata
2958 4826 3041 4871 est
3075 4824 3218 4871 terra
3257 4831 3354 4873 sua
3399 4820 3515 4872 vice

1952 4911 2018 4967 iis
2048 4925 2149 4965 non
2181 4912 2406 4980 imparia
2447 4913 2723 4967 exhibere.
2769 4911 2874 4966 Sed
2919 4911 3009 4966 hic
3051 4910 3176 4966 ﬂuis
3216 4912 3516 4981 modusque

1940 5139 2386 5212 διαδραμοῦνται.
2420 5142 2535 5194 Mox
2567 5141 2737 5212 editio
2780 5141 2942 5196 Basil.
2993 5151 3049 5194 et
3101 5141 3338 5212 quinque
3377 5159 3508 5198 mss.

1939 5210 2145 5284 δαίμων
2167 5231 2318 5284 (παρ.
2359 5212 2535 5284 Editip
2567 5210 2738 5284 Paris.
2770 5213 2975 5284 δαίμων
3002 5230 3083 5265 τε.

2012 5283 2120 5349 (97)
2164 5281 2300 5335 Edidi
2335 5299 2453 5335 cum
2486 5281 2641 5336 Coll).
2681 5281 2913 5338 secundo
2943 5293 2996 5335 et
3029 5297 3151 5338 cum
3184 5281 3315 5350 Reg.
3345 5284 3506 5336 tertio

1939 5352 2172 5424 δεικνὺς,
2209 5355 2454 5424 κάκεῖνον
2476 5369 2635 5424 κατῃ.
2677 5356 2775 5406 ΔΙίί
2809 5363 2914 5406 tres
2948 5369 3075 5407 mss.
3112 5355 3347 5424 melioris
3374 5364 3512 5424 nota:

1937 5421 2148 5487 δεικνὺς
2183 5429 2277 5478 καὶ
2310 5423 2512 5476 τοῦτον.
2553 5421 2741 5477 Statim
2774 5424 2942 5477 codex
2964 5423 3204 5477 Contbef.
3230 5438 3353 5476 cum
3374 5422 3507 5494 Reg.

1937 5506 2126 5546 octavo
2156 5495 2342 5548 κακῶν
2374 5494 2765 5562 ἐμπίπλασθαι.

2011 5565 2120 5633 (98)
2159 5567 2284 5635 Reg.
2320 5568 2535 5635 quintus
2581 5565 2862 5634 εὑρήσετε.
2909 5562 3060 5618 Colb.
3105 5565 3377 5620 secundus
3413 5565 3507 5620 εὑ·

1942 5636 2206 5706 ρίσκεται.

2011 5707 2123 5775 (99)
2168 5707 2292 5772 Reg.
2318 5706 2523 5775 primus
2553 5703 3194 5778 miscixeiomﬁidatom.
3221 5705 3509 5778 Aliquanto

1941 5791 2059 5846 post
2097 5778 2247 5833 Colb.
2283 5774 2549 5833 secundus
2583 5774 2792 5840 τούτοις
2821 5774 2940 5830 τινὰ
2971 5776 3159 5829 ἁντεπ.
