4062 6468
558 368 660 425 187

1869 374 1925 429 S.
1973 371 2214 430 BASlLll
2255 371 2471 430 MAG-Nl

3710 376 3821 432 188

553 497 674 542 esto
699 487 947 542 matutini
982 488 1138 544 istius
1183 487 1440 552 convivii,
1483 499 1543 544 ut
1591 504 1657 545 ne
1695 492 1917 548 satietas
1954 493 2118 548 nimia

2236 493 2320 564 θῆς
2355 493 2670 555 ἑστιάσεως,
2698 495 2784 545 ἵνα
2822 491 2894 564 μὴ
2939 493 2968 546 ό
3006 490 3357 565 ὑπερϐάλλων
3394 490 3556 565 κόρος
3591 492 3806 563 ἀμϐλυ-

557 577 861 632 bebetiores
897 594 990 634 vos
1019 580 1084 633 ad
1119 582 1452 649 veSpertinas
1477 582 1666 652 epulas
1701 583 1812 653 80
1837 590 2123 644 sumendas

557 668 775 724 elIiciat.
802 670 972 726 Porro
1000 672 1091 742 qui
1127 688 1223 727 sua
1265 674 1541 728 creatione
1589 678 1769 730 omnia
1815 677 2122 748 complevit,

559 771 723 830 atque
756 761 807 816 in
855 763 1108 818 omnibus
1147 764 1428 834 perspicua
1469 764 1854 820 miraculorum
1902 782 2122 823 suorum

556 864 912 922 monumenta
967 856 1122 910 nobis
1171 855 1426 925 reliquit,
1483 856 1691 926 repleat
1738 859 1900 914 corda
1946 870 2126 916 vestra

554 958 701 1011 omni
737 955 918 1010 laetitia
947 958 1197 1026 spiritali,
1236 959 1288 1012 in
1321 957 1536 1013 Christo
1567 952 1716 1009 'Jesu
1756 955 1983 1010 Domino
2021 967 2120 1008 noo

557 1057 694 1112 stro,
726 1049 809 1102 cui
843 1049 1009 1118 gloria
1039 1059 1094 1106 et
1123 1050 1406 1120 imperium
1435 1050 1489 1104 in
1520 1046 1716 1104 saecula
1783 1045 2120 1103 saaculorum.

556 1144 748 1198 Amen.

1143 1382 1419 1438 HOMILIA
1461 1382 1551 1437 IX.

1113 1475 1186 1530 De
1220 1477 1577 1530 terrestribus.

635 1566 682 1618 l.
715 1564 900 1631 Qualis
935 1567 1086 1622 vobis
1129 1569 1390 1621 matutina
1432 1581 1740 1622 sermonum
1797 1580 1980 1621 mensa
2018 1566 2134 1620 visa

561 1656 684 1710 est?
744 1655 874 1710 Mihi
930 1657 1182 1726 equidem
1237 1658 1385 1710 venit
1442 1658 1494 1710 in
1549 1666 1779 1711 mentem
1832 1657 2133 1710 orationem

561 1761 735 1798 meam
767 1763 888 1799 cum
929 1747 1181 1814 pauperis
1229 1745 1507 1815 cujusdam
1555 1746 1919 1802 convivatoris
1967 1746 2134 1800 bene-

562 1838 796 1891 volentia
828 1852 1144 1908 comparare
1174 1857 1186 1892 :
1221 1839 1312 1909 qui
1357 1839 1483 1892 dum
1530 1839 1670 1892 inter
1707 1853 1802 1893 eos
1843 1839 1936 1907 qui
1983 1852 2132 1892 men-
2162 1870 2205 1926 Β

561 1943 650 1982 sas
679 1928 902 1998 opipare
946 1937 1257 1992 exstruunt,
1313 1930 1582 1982 numerari
1628 1930 1794 1997 cupit,
1835 1927 1905 1982 ob
1949 1942 2128 1982 rerum

567 2028 993 2088 sumptuosarum
1041 2021 1318 2088 penuriam
1365 2035 1600 2074 maerore
1642 2019 1804 2074 allicit
1827 2023 2124 2076 convivas:

561 2119 782 2178 propter
849 2125 911 2164 ea
974 2111 1114 2180 quod
1180 2126 1379 2165 mensa:
1457 2123 1774 2178 apparatum
1841 2126 2129 2180 pauperem

562 2201 844 2258 aliluenter
899 2203 1082 2268 infert,
1143 2204 1277 2257 adeo
1322 2214 1380 2257 ut
1429 2207 1480 2258 in
1529 2205 1738 2274 ineptiae
1785 2205 2041 2272 probrum
2082 2203 2131 2258 ei

561 2294 681 2364 ejus
707 2295 928 2349 ambitio
953 2297 1128 2350 cedat.
1155 2296 1308 2351 Esset
1335 2306 1483 2351 certe
1510 2295 1614 2350 tale
1647 2295 1850 2364 aliquid
1893 2294 2007 2349 haec
2044 2309 2134 2347 no-

564 2394 676 2440 stra
707 2387 896 2454 agendi
927 2387 1084 2453 ratio,
1109 2387 1209 2441 nisi
1237 2403 1332 2442 vos
1350 2387 1478 2456 quid
1533 2387 1676 2440 aliud
1707 2388 1908 2442 dicitis.
1934 2384 2130 2439 Verum

561 2480 958 2550 qualiacunque
997 2482 1214 2534 tandem
1261 2482 1371 2534 sint
1426 2480 1560 2544 haec,
1615 2480 1930 2547 neutiquam
1981 2479 2133 2532 vobis

563 2581 688 2625 sunt
750 2571 1072 2641 spernenda.
1135 2570 1316 2640 Neque
1359 2572 1501 2625 enim
1546 2571 1795 2626 Elismum
1839 2581 1896 2624 ut
1936 2572 2132 2624 malum

561 2663 970 2717 convivatorem
994 2663 1384 2718 aversabantur
1403 2663 1475 2718 illi
1495 2665 1814 2732 quibuscum
1837 2662 2066 2725 vivebat,
2082 2669 2138 2716 et

562 2766 744 2811 tamen
768 2756 1008 2812 oleribus
1039 2757 1374 2812 silvestribus
1400 2758 1706 2826 excipiebat
1741 2757 1963 2812 amicos.
1997 2755 2132 2811 Novi

564 2848 710 2918 leges
735 2848 1028 2915 allegoriae,
1050 2849 1263 2902 etiamsi
1286 2863 1380 2903 eas
1401 2863 1503 2901 non
1528 2865 1596 2902 ex
1623 2864 1706 2901 me
1729 2849 1844 2916 ipso
1863 2849 2136 2919 excogita-

565 2941 691 3005 rim,
718 2940 812 2994 sed
862 2940 915 2992 in
958 2940 1184 2992 aliorum
1235 2939 1512 2994 inciderint
1548 2939 1778 2993 labores.
1808 2937 1953 3003 Quas
1986 2939 2135 2992 Serio

563 3041 844 3103 pturarum
878 3047 1200 3088 communes
1251 3035 1496 3088 notiones
1529 3031 1622 3102 qui
1668 3046 1772 3085 non
1813 3030 2136 3099 suscipiunt,

563 3139 758 3194 aquam
805 3139 909 3177 non
954 3138 1149 3192 aquam
1180 3124 1385 3189 dicunt,
1408 3125 1502 3178 sed
1535 3123 1695 3177 aliam
1730 3121 2018 3191 quamdam
2051 3136 2140 3174 na-

2227 580 2418 649 τέρους
2451 583 2595 652 ὑμᾶς
2620 583 2756 653 πρὸς
2784 584 2880 655 τὴν
2907 584 3014 639 τῶν
3040 583 3341 656 ἐσπερινῶν
3372 584 3678 637 ἀπόλαυσιν
3707 601 3817 636 κα-

2228 678 2492 750 ταστήσῃ.
2547 677 2606 730 Ὀ
2657 676 2714 730 δὲ
2764 678 2835 732 τὰ
2886 678 3061 731 πάντα
3111 677 3404 750 πληρώσας
3447 679 3551 748 τῆς
3609 677 3818 732 ἐαυτοῦ

2230 769 2478 834 κτίσεως,
2512 770 2606 822 καὶ
2639 771 2698 822 ἐν
2725 770 2890 822 πᾶσιν
2931 771 3063 840 ἡμῖν
3107 770 3214 823 τῶν
3259 770 3476 824 οἰκείων
3509 769 3818 839 θαυμάτων

2228 859 2430 932 ἐναργῆ
2485 860 2554 913 τὰ
2605 861 2972 931 ὑπομνήματα
3027 859 3358 925 καταλιπὼν,
3405 859 3697 930 πληρούτω
3730 859 3816 928 (1)

2232 951 2384 1020 ὑμῶν
2419 950 2518 1015 τὰς
2559 952 2782 1023 καρδίας
2819 953 3000 1023 πάσης
3045 952 3379 1022 εὐφροσύνης
3423 952 3818 1023 πνευματικῆς

2230 1043 2288 1096 ἐν
2321 1045 2536 1115 Χριστῷ
2577 1045 2748 1116 Ἰησοῦ
2780 1045 2857 1117 τῷ
2889 1047 3075 1118 Κυρίῳ
3105 1045 3280 1117 ἡμῶν,
3315 1040 3359 1114 ᾧ
3391 1049 3423 1117 ἡ
3464 1046 3590 1112 δόξα
3627 1047 3726 1102 καὶ
3748 1046 3817 1100 τὸ

2237 1136 2435 1208 κράτος
2467 1141 2545 1202 είς
2570 1140 2696 1203 τοὺς
2719 1139 2918 1203 αίῶνας
2939 1139 3045 1192 τῶν
3070 1137 3300 1192 αίώνων.
3343 1139 3396 1191 Ἀ
3407 1141 3530 1210 μήν.

2858 1379 3100 1432 ΟΜΙΛῙΑ
3129 1379 3184 1431 Θ¹
3193 1419 3206 1433 .

2729 1472 2864 1539 Περὶ
2892 1474 3183 1541 χερσαίων
3211 1473 3307 1541 (2).

2303 1566 2354 1619 1.
2393 1563 2518 1628 Πῶς
2551 1563 2677 1634 ὑμῖν
2717 1565 2748 1634 ἡ
2783 1565 2974 1634 ἑωθινὴ
3010 1566 3117 1618 τῶν
3171 1567 3341 1635 λόγων
3379 1565 3628 1639 τράπεζα
3673 1583 3815 1621 κατ-

2231 1657 2446 1727 εφάνης
2491 1657 2642 1725 Ἐμοὶ
2675 1655 2772 1726 μὲν
2803 1653 2911 1726 γὰρ
2955 1655 3186 1726 ἐπῆλθεν
3227 1659 3442 1714 εἰκάσαι
3470 1658 3812 1730 τάξέμαυτοῦ

2233 1749 2460 1820 πένητός
2489 1767 2631 1812 τινος
2671 1747 2981 1820 ἑστιάτορος
3011 1748 3394 1824 φιλοφροσύνῃ·
3441 1753 3519 1816 ὂς,
3557 1751 3668 1805 τῶν
3717 1751 3815 1804 εὐ-

2231 1841 2518 1913 τραπέλων
2571 1858 2654 1904 τις
2711 1836 2849 1893 εἶναι
2905 1839 3380 1910 φιλοτιμούμενος,
3440 1843 3643 1914 ἀπορία
3695 1841 3810 1895 τῶν

2235 1933 2701 2004 πολυτελεστέρων
2762 1931 3045 1985 ἀποκναίει
3111 1932 3235 1994 τοὺς
3290 1934 3653 2004 δαιτυμόνας,
3708 1935 3812 2005 τὴν

2235 2024 2496 2094 πενιχρὰν
2553 2023 2903 2095 παρασκευὴν
2958 2021 3192 2092 δαψιλῶς
3243 2024 3515 2096 ἐπιφέρων
3554 2029 3621 2097 τῇ
3669 2043 3810 2096 τρα-

2236 2116 2374 2190 πέζῃ
2403 2132 2414 2145 ’
2461 2117 2601 2168 ὥστε
2647 2115 3026 2189 περιίστασθαι
3084 2113 3231 2185 αὐτῷ
3292 2117 3370 2178 εἰς
3422 2118 3813 2190 ἀπειροκαλίας

2233 2207 2432 2270 ὄνειδος
2463 2206 2521 2260 τὸ
2555 2208 2855 2277 φιλότιμον.
2891 2206 3141 2261 Τοιοῦτον
3170 2207 3234 2277 δή
3283 2224 3337 2260 τι
3374 2209 3467 2260 καὶ
3505 2209 3564 2262 τὸ
3607 2210 3814 2280 ἡμέτε-

2237 2320 2348 2374 ρον,
2384 2303 2432 2354 εί
2470 2303 2542 2372 μή
2580 2319 2633 2353 τι
2680 2301 2837 2370 ὑμεῖς
2879 2301 3004 2355 ἄλλο
3041 2301 3246 2370 λέγετε.
3301 2299 3449 2370 Πλὴν
3486 2302 3645 2355 ὁποῖά
3685 2302 3813 2354 ποτ’

2234 2393 2299 2446 ἂν
2383 2393 2480 2464 (5),
2503 2394 2602 2446 οὐκ
2633 2391 3009 2456 ἐξουδενωτέον
3031 2393 3178 2464 ὑμῖν.
3206 2391 3340 2446 Οὐδὲ
3363 2389 3471 2461 γὰρ
3508 2391 3819 2445 Ἐλισσαῖον

2235 2484 2310 2547 ὡς
2346 2485 2546 2553 φαῦλον
2575 2485 2861 2556 ἑστιάτορα
2888 2485 3228 2556 παρῃτοῦντο
3261 2485 3310 2538 οἱ
3334 2481 3475 2545 τότε,
3511 2483 3606 2534 καὶ
3636 2483 3819 2536 ταῦτα

2236 2573 2486 2644 λαχάνοις
2529 2576 2739 2645 ἀγρίοις
2795 2575 3054 2629 ἑστιῶντα
3110 2578 3234 2639 τοὺς
3287 2574 3493 2644 φίλους.
3547 2567 3677 2626 Οἶδα
3722 2574 3815 2626 νό-

2240 2681 2372 2734 μους
2403 2663 2748 2734 ἀλληγορίας,
2776 2665 2823 2715 εἰ
2869 2665 2962 2716 καὶ
3005 2665 3078 2736 μὴ
3115 2665 3189 2736 (4)
3234 2665 3362 2736 παρ’
3392 2661 3631 2734 ἐμαυτοῦ
3654 2662 3814 2726 ἐξευ-

2241 2756 2368 2828 ρὼν,
2409 2756 2544 2810 ἀλλά
2585 2759 2696 2818 τοῖς
2730 2755 2856 2826 παρ’
2897 2756 3095 2824 ἐτέρων
3137 2756 3533 2825 πεπονημένοις
3579 2770 3814 2826 περιτυ-

2236 2849 2366 2921 χών.
2404 2850 2500 2913 “Ag
2517 2850 2564 2902 οἱ
2592 2850 2665 2920 μὴ
2683 2847 3101 2918 καταδεχόμενοι
3117 2847 3213 2909 τὰς
3233 2848 3416 2911 κοινὰς
3437 2849 3544 2901 τῶν
3565 2865 3816 2920 γεγραμ-

2241 2943 2414 3014 μένων
2447 2942 2651 3005 ὲννοίας
2677 2941 2737 2993 τὸ
2764 2939 2904 3012 ὕδωρ
2935 2941 3031 3009 οὐχ
3061 2939 3204 3010 ὕδωρ
3231 2938 3496 3006 λέγουσιν’
3531 2941 3668 2994 ἀλλά
3690 2957 3819 2996 τινα.

2238 3033 2400 3103 ἄλλην
2429 3032 2585 3101 φύσιν
2620 3032 2716 3102 (5),
2756 3031 2849 3084 καὶ
2881 3031 3046 3098 φυτὸν
3094 3029 3188 3083 καὶ
3225 3029 3375 3099 ἰχθῦν
3417 3030 3551 3100 πρὸς
3587 3031 3649 3082 τὸ
3676 3033 3813 3085 ἐαυ-

2238 3123 2348 3184 τοῖς
2399 3123 2585 3175 δοκοῦν
2625 3119 3006 3193 ἐρμηνεύουσι,
3047 3121 3140 3174 καί
3187 3117 3431 3190 ἑρπετῶν
3472 3119 3687 3186 γένεσιν
3715 3109 3814 3174 καὶ

567 3227 766 3278 turam,
809 3227 865 3267 et
892 3215 1128 3283 plantam
1162 3225 1216 3270 et
1244 3217 1444 3284 piscem
1491 3215 1782 3271 secundum
1816 3229 1968 3267 suam
2000 3214 2135 3282 ipso:

2244 3213 2445 3284 θηρίων
2479 3216 2572 3266 ἐπὶ
2596 3215 2694 3277 τάς
2728 3215 2933 3277 οἰκείας
2961 3212 3214 3277 ὑπονοίας
3242 3210 3690 3284 παρατρέψαντες
3723 3212 3813 3277 ἐξ·

569 3324 688 3362 rum
743 3308 1072 3362 sententiam
1120 3308 1564 3378 interpretantur.
1590 3309 1727 3375 Quin
1769 3307 1932 3361 etiam
1975 3307 2141 3375 repti-

566 3396 696 3451 lium
748 3406 800 3452 et
852 3412 1109 3468 pecorum
1159 3397 1558 3468 generationem
1601 3399 1668 3450 ad
1701 3411 1825 3451 suas
1858 3396 2141 3467 allegorias

567 3493 839 3546 detortam
881 3491 1104 3560 perinde
1134 3499 1430 3559 exponunt,
1461 3499 1518 3543 ut
1559 3490 1774 3558 quidam
1807 3503 1989 3543 rerum
2020 3503 2141 3543 sese

569 3583 940 3653 imaginationi
972 3598 1070 3652 per
1100 3598 1350 3638 somnum
1385 3582 1759 3647 objicientium
1797 3581 2138 3650 interpretes,

572 3675 662 3742 qui
695 3690 820 3729 suas
853 3674 1330 3743 interpretationes
1379 3675 1442 3727 ad
1486 3674 1764 3743 proprium
1799 3688 2019 3742 scopum
2051 3690 2140 3728 ac-

570 3768 938 3822 commodant.
990 3766 1100 3839 Ego
1150 3781 1280 3821 vero
1329 3783 1451 3821 cum
1501 3765 1683 3820 fenum
1737 3767 1918 3831 audio,
1961 3765 2138 3820 lenum

570 3859 845 3929 intelligo;
891 3867 945 3912 et
969 3857 1229 3927 plantam,
1265 3867 1318 3910 et
1350 3859 1571 3925 piscem,
1609 3866 1662 3911 et
1699 3857 1926 3911 bestiam
1963 3864 2018 3910 et
2057 3870 2144 3923 pe-

570 3967 692 4015 cus,
734 3953 917 4006 omnia
960 3952 1034 4004 uti
1082 3951 1222 4005 dicta
1270 3959 1417 4012 sunt,
1451 3950 1529 4003 sic
1573 3949 1796 4016 accipio.
1843 3948 1965 4003 Non
2003 3949 2141 4001 enim

569 4043 815 4096 erubesco
855 4041 1196 4111 Evangelium
1224 4042 1290 4095 ιο.
1324 4039 1512 4109 Neque
1544 4041 1796 4108 quoniam
1832 4042 1926 4109 qui
1959 4055 2045 4094 res
2075 4039 2140 4094 ad

571 4132 831 4184 mundum
866 4133 1199 4198 pertinentes
1238 4131 1632 4200 conscripsere,
1667 4129 1832 4182 multa
1871 4133 1936 4184 de
1985 4140 2141 4184 terrae

571 4223 760 4292 ﬁguris
814 4222 1209 4287 disseruerunt,
1250 4234 1430 4278 utrum
1483 4234 1625 4278 terra
1679 4222 1887 4290 spbwra
1944 4223 2034 4287 sit,
2072 4238 2139 4275 an

570 4315 871 4385 cylindrus,
904 4325 1082 4369 utrum
1112 4315 1183 4370 sit
1211 4317 1362 4371 disco
1392 4317 1586 4371 similis
1617 4325 1672 4370 et
1697 4330 1764 4370 ex
1792 4329 1946 4382 aequo
1974 4316 2142 4369 unde-

571 4405 702 4460 libet
743 4415 979 4469 tornata,
1011 4423 1078 4461 an
1120 4407 1354 4476 speciem
1405 4409 1600 4463 habeat
1649 4407 1837 4470 vanni,
1873 4409 2048 4474 sitque
2087 4407 2139 4462 iu

569 4499 750 4552 medio
787 4514 1019 4552 concava
1054 4501 1330 4569 (nimirum
1364 4501 1429 4554 ad
1469 4502 1564 4556 has
1608 4515 1799 4554 omnes
1847 4499 2141 4554 sententias

2241 3306 2523 3376 ηγοῦνται,
2565 3307 2752 3377 ὥσπερ
2793 3309 2841 3359 οἱ
2885 3309 3245 3376 όνειροκρῖται
3290 3306 3398 3358 τῶν
3437 3305 3712 3374 φανέντων
3753 3306 3813 3357 ἐν

2240 3397 2362 3458 ταῖς
2392 3393 2512 3448 καθ’
2539 3392 2703 3448 ὕπνον
2741 3395 3056 3462 φαντασίαις
3086 3396 3218 3465 πρὸς
3255 3396 3346 3449 τὸν
3378 3398 3575 3450 οἰκεῖον
3607 3396 3815 3449 σκοπὸν

2240 3487 2337 3550 τὰς
2360 3485 2644 3556 ἐξηγήσεις
2673 3483 3002 3553 ποιούμενοι.
3047 3484 3186 3551 Ἐγὼ
3216 3486 3293 3550 δὲ,
3327 3486 3521 3557 χόρτον
3547 3485 3810 3549 ἀκούσας,

2241 3579 2430 3650 χόρτον
2473 3577 2598 3638 νοῶ,
2637 3576 2730 3630 καὶ
2774 3575 2957 3644 φυτὸν,
3004 3573 3099 3626 καὶ
3144 3574 3313 3643 ἰχθὺν,
3349 3578 3442 3630 καὶ
3469 3574 3678 3647 θηρίον,
3715 3577 3814 3630 καὶ

2241 3670 2456 3740 κτῆνος,
2513 3670 2686 3723 πάντα
2723 3667 2836 3738 (6),
2881 3665 2957 3729 ὡς
2996 3665 3231 3736 εἴρηται,
3274 3664 3444 3728 οὕτως
3493 3666 3810 3737 ἐκδέχομαι.

2241 3763 2350 3816 Καὶ
2381 3762 2490 3831 γὰρ
2527 3764 2637 3815 οὐκ
2666 3761 3102 3828 ἐπαισχύνομαι
3145 3757 3212 3810 τὸ
3239 3755 3630 3826 Εὐαγγέλιον.
3676 3758 3816 3812 Οὐδὲ

2244 3856 2427 3924 ἐπειδὴ
2481 3858 2530 3909 οἱ
2569 3854 2638 3908 τὰ
2696 3853 2825 3923 περὶ
2871 3852 3075 3923 κόσμου
3117 3850 3424 3922 γράψαντες
3467 3846 3638 3901 πολλά
3686 3851 3817 3919 περὶ

2244 3951 2535 4020 σχημάτων
2567 3949 2670 4019 γῆς
2702 3945 3072 4016 διελέχθησαν,
3110 3947 3218 4000 εἴτε
3250 3946 3455 4016 σφαῖρά
3494 3945 3663 4006 ἐστιν,
3701 3944 3814 3996 εἴτε

2242 4041 2540 4112 κύλινδρος,
2583 4041 2692 4093 εἴτε
2725 4040 2818 4092 καὶ
2855 4037 3022 4107 δίσκῳ
3061 4039 3208 4092 ἐστὶν
3251 4037 3496 4110 ἐμφερὴς
3525 4039 3558 4108 ἡ
3591 4036 3687 4106 γῆ,
3718 4035 3817 4089 καὶ

2242 4133 2418 4198 ἐξίσου
2479 4131 2738 4185 πάντοθεν
2785 4131 2862 4201 (7)
2908 4131 3379 4200 ἀποτετόρνευται,
3437 4129 3470 4199 ἢ
3509 4130 3816 4198 λικνοειδής

2242 4225 2377 4288 ἐστι,
2407 4225 2499 4276 καὶ
2534 4221 2841 4293 μεσόκοιλος
2883 4223 3040 4292 (πρὸς
3085 4221 3263 4294 πάσας
3308 4219 3416 4290 γάρ
3469 4219 3670 4281 ταύτας
3712 4221 3815 4284 τὰς

2243 4316 2496 4378 ὑπονοίας
2548 4317 2594 4367 οἱ
2643 4314 2712 4366 τὰ
2739 4314 2813 4384 (8)
2843 4315 2971 4384 περὶ
3007 4311 3099 4366 τοῦ
3131 4313 3334 4382 κόσμου
3365 4311 3677 4382 γράψαντες
3710 4312 3818 4364 ὑπ-

2241 4408 2561 4481 ηνέχθησαν,
2587 4407 2655 4460 τὰ
2683 4406 2923 4479 ἀλλήλων
2949 4407 3174 4470 ἕκαστος
3199 4403 3597 4474 καταλύοντες),
3622 4405 3685 4457 οὐ
3710 4421 3818 4458 πα-

2246 4499 2313 4570 ρὰ
2333 4498 2488 4552 τοῦτο
2521 4497 2933 4569 προαχθήσομαι
2973 4497 3300 4566 ἀτιμοτέραν
3332 4497 3503 4547 εἰπεῖν
3549 4495 3647 4565 τὴν
3672 4496 3816 4566 ἡμε-

570 4591 623 4644 hi
653 4591 743 4659 qui
777 4590 845 4645 de
877 4591 1078 4646 mundo
1120 4593 1408 4661 scripsere,
1437 4592 1638 4662 delapsi
1679 4602 1823 4656 sunt,
1861 4591 1949 4645 alii
1999 4592 2135 4647 alio-

2240 4594 2403 4665 τέραν
2433 4591 2807 4663 κοσμοποιίαν,
2859 4589 3042 4658 ἐπειδὴ
3078 4588 3229 4641 οὐδὲν
3271 4588 3400 4659 περὶ
3438 4588 3732 4656 σχημάτων
3785 4588 3816 4640 ό

569 4697 689 4737 rum
740 4683 935 4752 placita
969 4683 1369 4754 dissolventes),
1402 4685 1604 4740 idcirco
1654 4685 1890 4738 adducar
1937 4692 1996 4738 ut
2044 4699 2138 4738 no-

644 4791 686 4821 ¹⁰
711 4791 866 4845 Rom.
900 4793 1053 4857 1,16.

642 4883 716 4951 (1)
755 4883 980 4959 Codices
1013 4900 1106 4940 sex
1140 4885 1444 4959 πληρώσαι,
1493 4895 1585 4938 aut
1627 4884 1933 4959 πληρῶσαι.
1961 4886 2136 4941 Editio

570 4953 741 5007 Paris.
793 4954 1078 5027 πληρώτω.
1145 4953 1274 5026 Reg.
1335 4960 1554 5027 quintus
1600 4953 1942 5010 καταλείπων
1999 4959 2136 5028 πλη-

572 5041 752 5093 ρωσει.

634 5093 1040 5173 52)_ln_Regiis_
1076 5107 1230 5173 serto
1274 5107 1329 5151 et
1370 5107 1565 5173 octavo
1602 5101 1745 5173 inest
1792 5101 1881 5156 hic
1925 5099 2134 5173 titulus,

565 5165 661 5238 τοῦ
690 5165 854 5238 *αύτοῦ
886 5169 964 5229 εἰς
993 5169 1089 5238 τὴν
1120 5169 1337 5222 Γένεσιν
1359 5168 1562 5237 ὁμιλία.
1599 5171 1811 5224 Titulus
1850 5170 2025 5223 nullus
2053 5181 2137 5223 est

567 5236 620 5289 in
648 5235 1121 5311 aliisquibusdam
1154 5255 1281 5292 mss.
1307 5235 1471 5294 Coisl.
1505 5241 1708 5311 primus
1734 5240 1917 5311 ὁμιλία
1945 5240 2129 5310 ἐνάτη.

638 5307 713 5373 (5)
754 5304 1170 5383 Qiiatuor_russ.
1211 5311 1371 5363 ὁποῖά
1417 5310 1533 5362 ποτ’
1583 5310 1646 5363 ἂν
1693 5304 1798 5383 εἴη.
1835 5313 1970 5383 ἔξιιίιὶ
2011 5304 2133 5364 cum

569 5375 707 5452 ᾗτε..
733 5385 885 5430 sexto
1093 5380 1288 5434 ibidem
1321 5390 1554 5452 quatuor
1581 5397 1706 5435 mss.
1739 5375 2131 5450 ἐξουδενητέον.

567 5445 708 5499 Editi
745 5463 866 5499 cmn
898 5445 1046 5502 (Iulli.
1081 5454 1316 5504 secundo
1338 5445 1750 5516 ἐξουδενωτέον.

639 5517 713 5590 (4)
731 5518 801 5567 Ita
831 5519 997 5590 editio
1020 5519 1180 5573 Basil.
1203 5536 1322 5574 cum
1351 5523 1588 5590 quinque
1612 5539 1737 5576 mss.
1768 5523 1941 5577 Editio
1957 5520 2130 5573 Paris.

565 5586 724 5668 ei'pi]
759 5587 870 5641 καί.
911 5591 1103 5644 Statim
1134 5591 1284 5646 Colb.
1323 5586 1588 5646 secundus
1615 5595 1798 5664 κοινᾲς
1820 5594 1925 5647 τῶν
1951 5608 2132 5661 γραμ-

569 5672 772 5726 ματων.

638 5727 714 5806 (δ)
754 5727 842 5807 Sic
880 5747 1006 5784 mss.
1061 5746 1202 5807 cum
1229 5733 1462 5807 editione
1492 5731 1698 5807 _Basil._
1724 5735 1902 5788 Editio
1953 5733 2131 5788 Paris.

567 5803 850 5852 oscitantia
893 5804 1206 5872 typugrapbi
1251 5804 1413 5873 ἄλλην
1442 5803 1613 5873 χύσιν.
1654 5804 1772 5860 Mox
1808 5822 1934 5861 mss.
1970 5807 2129 5860 Gom-

2237 4683 2330 4736 τοῦ
2358 4682 2492 4736 Θεοῦ
2531 4681 2781 4753 θεράπων
2827 4677 3064 4749 Μωῡσῆς
3102 4679 3176 4749 (9)
3218 4677 3482 4748 διελέχθη,
3523 4674 3644 4728 ούδέ
3687 4670 3816 4730 εἷπε

2239 4886 2348 4941 bef.
2399 4901 2519 4940 cum
2569 4885 2720 4941 Colb.
2768 4884 3003 4939 secundo
3043 4891 3098 4938 et
3140 4898 3262 4938 cum
3311 4883 3446 4953 Reg.
3491 4895 3684 4939 octavo
3716 4887 3814 4940 καὶ

2239 4958 2402 5025 φυτὸν
2449 4959 2542 5010 καὶ
2591 4956 2760 5026 ἰχθύν.
2811 4956 2970 5010 Deest
3017 4953 3181 5024 φυτόν
3216 4957 3268 5009 in
3301 4957 3459 5010 editis
3493 4965 3548 5009 et
3589 4957 3640 5009 in
3686 4962 3811 5025 qui-

2240 5031 2462 5082 bus-lam
2499 5044 2624 5082 mss.

2310 5099 2386 5166 (6)
2427 5100 2577 5152 Colb.
2623 5099 2886 5152 secundus
2924 5095 3019 5150 καὶ
3062 5095 3261 5150 πάντα.
3295 5094 3496 5152 [bidem
3524 5106 3634 5153 tres
3673 5112 3808 5156 mss.

2239 5168 2425 5240 ὥσπερ
2465 5169 2697 5240 εἴρηται.

2309 5237 2404 5308 (7)
2429 5237 2538 5294 Duo
2573 5237 2698 5294 mss.
2730 5237 3083 5307 πανταχόθεν.

2307 5314 2382 5382 (8)
2425 5312 2662 5382 lta_rnss.
2713 5311 3190 5382 pleriqueqomnes.
3238 5307 3398 5360 Deest
3437 5310 3505 5382 τά
3540 5308 3592 5362 in
3625 5310 3804 5363 editis.

2233 5379 2386 5434 llaud
2426 5380 2593 5435 multo
2627 5393 2746 5448 post
2783 5379 3026 5433 nonnulli
3061 5395 3192 5432 mss.
3220 5381 3698 5449 προσαχθήσομαι.

2303 5452 2376 5517 t9)
2414 5452 2565 5505 Colb.
2618 5452 3061 5520 sccumlusicum
3123 5451 3254 5520 Reg.
3315 5461 3504 5504 Octavo
3554 5451 3806 5520 θεράπων

2230 5522 2488 5591 Μωῦτῆς,
2531 5523 2681 5583 Illud,
2731 5519 2993 5589 Μωῦσῆς,
3023 5522 3173 5573 deest
3207 5519 3450 5591 inedi2is
3497 5530 3552 5574 ct
3594 5519 3644 5572 in
3689 5525 3808 5575 alits

2235 5607 2362 5644 mss.
2397 5589 2562 5646 Paulo
2597 5600 2715 5659 post
2750 5591 2881 5661 Reg.
2921 5602 3106 5645 sextus
3132 5589 3358 5642 σταδίων
3389 5591 3484 5660 τὴν
3519 5591 3809 5661 διάμετρον

2232 5661 2393 5730 ἔχειν.
2439 5665 2549 5716 Duo
2598 5678 2736 5734 mss.-
2769 5662 2867 5733 τὴν
2915 5662 3265 5734 περίμετρον.
3298 5662 3442 5716 Editt
3473 5679 3596 5716 cum
3635 5666 3805 5717 tribus

2232 5749 2362 5790 mss.
2391 5735 2452 5787 τὸ
2481 5733 2832 5804 περίμετρον.
