4062 6464
313 401 414 453 189

1386 408 1666 461 llOMlLlA
1707 408 1773 458 IX
1819 409 1878 459 ΙΝ
1923 409 2412 467 ιιΕΧΑιειιΕιιυΝ.

3430 420 3527 470 l9U

305 518 441 570 δέκα
469 524 558 572 καὶ
588 520 728 573 ὀκτὼ
754 521 1014 588 μυριάδας
1043 522 1266 574 σταδίων
1298 523 1356 574 τὸ
1377 525 1705 594 περίμετρον
1729 525 1848 593 ἔχει·

1975 539 2140 576 suam
2177 527 2240 577 de
2282 527 2461 578 lllUIIdl
2503 536 2768 579 structura
2810 529 3174 580 narrationem
3224 529 3531 584 inferiorem

303 609 406 680 τῆς
439 612 541 681 γῆς
566 630 579 642 ο
623 613 716 664 καὶ
748 611 808 663 τὸ
845 613 936 666 ἀπ’
963 615 1129 682 αὐτῆς
1166 615 1404 686 σκίασμα
1451 618 1508 666 ἐν
1544 617 1608 684 τῇ
1643 617 1745 669 ὑπὸ
1771 619 1871 684 γῆν

302 702 401 754 τοῦ
424 702 574 771 ἡλίου
601 703 807 773 κινήσει
845 707 936 757 ἐπὶ
980 705 1142 755 πόσον
1170 710 1337 777 χωρεῖ
1379 705 1473 757 τοῦ
1510 704 1666 776 ἀέρος
1703 708 1763 759 οὐ
1798 707 1871 758 δι-

303 796 578 864 εμέτρησε
598 810 611 824 ’
647 798 737 849 καὶ
771 796 886 857 πῶς
904 794 1059 848 τοῦτο
1082 801 1147 868 τῇ
1176 799 1369 867 σελήνῃ
1391 798 1747 868 προσενεχθὲν
1771 799 1869 860 τὰς

305 884 575 953 ἐκλείψεις
626 890 785 940 ποιεῖ.
845 886 1057 958 Ἐπειδὴ
1109 888 1178 941 τὰ
1229 887 1393 958 μηδὲν
1442 888 1575 958 πρὸς
1619 891 1763 957 ἡμᾶς
1795 889 1870 950 ὡς

303 976 552 1046 ἄχρηστα
584 983 713 1050 ημῖν
739 979 1148 1051 ἀπεσιώπησεν·
1192 977 1299 1047 ἇρα
1322 978 1510 1033 τούτου
1545 980 1655 1051 (10)
1686 980 1867 1032 ἕνεκεν

304 1072 603 1144 ἀτιμότερα
631 1074 902 1143 ἡγήσομαι
938 1076 1033 1144 τῆς
1071 1073 1441 1145 μωρανθείσης
1477 1075 1664 1143 σοφίας
1683 1076 1749 1128 τά
1773 1075 1864 1127 τοῦ

303 1163 614 1236 Πνεύματος
637 1165 824 1231 λόγια;
870 1167 900 1236 ἢ
944 1167 1142 1236 μᾶλλον
1173 1164 1376 1228 δοξάσω
1415 1169 1502 1219 τὸν
1536 1166 1608 1236 μὴ
1638 1167 1867 1236 ἀπασχο-

301 1253 538 1325 λήσαντα
576 1256 663 1308 τὸν
693 1256 812 1308 νοῦν
851 1257 1003 1328 ἡμῶν
1033 1258 1125 1307 ἐπὶ
1159 1256 1224 1308 τὰ
1254 1258 1473 1326 μάταια,
1523 1255 1658 1308 ἀλλά
1691 1256 1864 1308 πάντα

301 1349 383 1410 εἰς
439 1347 718 1420 οἰκοδομὴν
763 1352 855 1403 καὶ
909 1349 1276 1419 καταρτισμὸν
1324 1350 1430 1402 τῶν
1480 1348 1666 1418 ψυχῶν
1706 1349 1862 1418 ἡμῶν

299 1439 574 1507 γραφῆναι
613 1443 1075 1511 οἰκονομήσαντα;
1118 1441 1185 1493 Ὅ
1231 1461 1318 1512 μοι
1357 1439 1571 1494 δοκοῦσι
1623 1438 1695 1509 μὴ
1733 1455 1862 1490 συν-

300 1530 501 1593 ειδότες
561 1535 721 1596 τινὲς,
781 1535 1132 1600 παραγωγαῖς
1191 1551 1297 1586 τισι
1346 1533 1440 1585 καὶ
1484 1531 1861 1602 τροπολογίαις

299 1621 605 1693 σεμνότητά
665 1640 784 1675 τινα
844 1625 907 1676 ἐκ
972 1626 1070 1694 τῆς
1132 1625 1332 1687 οἰκείας
1402 1622 1576 1674 αὐτῶν
1624 1622 1858 1683 διανοίας

297 1714 654 1785 ἐπεχείρησαν
704 1713 812 1785 (11)
875 1719 985 1778 τοῖς
1048 1716 1452 1787 γεγραμμένοις
1506 1716 1854 1784 ἐπιφημίσαι.

309 1806 469 1858 Ἀλλὰ
496 1806 651 1858 τοῦτό
690 1807 834 1860 ἐστιν
882 1808 1070 1860 ἑαυτὸν
1111 1809 1409 1879 σοφώτερον
1451 1825 1722 1869 ποιουντος
1750 1806 1856 1858 τῶν

294 1898 489 1965 λογίων
535 1899 626 1950 τοῦ
663 1900 993 1970 Πνεύματος,
1043 1901 1136 1954 καὶ
1176 1903 1230 1952 ἐν
1274 1901 1628 1971 προσποιήσει
1668 1899 1848 1969 ἐξηγή-

1964 1900 2091 1953 mihi
2151 1902 2396 1955 videnlur
2449 1915 2552 1954 non
2610 1899 2940 1954 intellexisse
2985 1920 2995 1954 :

295 2007 432 2051 σεως
476 1990 542 2042 τὰ
580 1993 770 2045 ἑαυτοῦ
812 1994 1253 2066 παρεισάγοντος.
1295 1993 1534 2049 Νοείσθω
1569 1992 1746 2045 τοίνυν
1782 1991 1856 2053 ὡς

292 2080 618 2148 γέγραπται.

1974 631 2094 669 esse
2121 617 2320 679 dicam,
2350 618 2474 683 quia
2511 617 2712 670 nullmn
2743 621 2808 672 tle
2839 619 3021 686 figuris
3047 621 3266 671 verbum
3297 620 3389 671 Dei
3418 635 3532 672 ser-

1971 720 2069 761 vus
2103 706 2310 777 Moyses
2349 707 2472 760 fecit
2505 727 2518 761 :
2552 716 2641 759 aut
2671 709 2794 774 quia
2831 726 2931 762 non
2972 710 3104 761 dixit
3143 717 3298 762 terra:
3337 711 3535 764 circui-

1974 809 2082 853 tum
2112 811 2326 853 centum
2371 808 2424 851 et
2467 803 2734 868 octoginta
2763 801 3059 855 stadiorum
3093 800 3253 853 millia
3288 801 3487 854 habere
3517 819 3530 854 :

1969 902 2061 945 aut
2100 893 2220 960 quia
2255 906 2357 944 non
2395 891 2668 946 dimensus
2701 900 2782 944 est
2827 893 2877 945 in
2912 902 3170 962 quantum
3220 895 3358 946 aeris
3404 909 3531 962 Spa-

1968 984 2096 1038 tium
2145 985 2399 1054 procedat
2440 984 2556 1050 ejus
2593 987 2779 1035 umbra
2835 993 2940 1036 tum
2985 1001 3103 1038 cum
3147 984 3222 1037 sol
3260 985 3355 1037 sub
3387 993 3531 1038 terra

1968 1088 2259 1130 movetur:
2295 1088 2384 1130 aut
2418 1076 2685 1143 quomodo
2734 1075 2918 1129 eadem
2972 1076 3106 1131 luna:
3153 1075 3359 1142 objecta
3407 1091 3533 1143 pro-

1971 1175 2120 1218 creet
2156 1166 2410 1234 deliquia,
2447 1164 2742 1232 prmsertiui
2777 1180 2896 1217 cum
2935 1180 2996 1217 ea
3026 1182 3140 1232 qua:
3176 1168 3240 1220 ad
3276 1181 3372 1219 nos
3401 1165 3529 1218 nihil

1966 1257 2218 1317 attinent,
2254 1269 2507 1325 tanquam
2551 1255 2705 1308 nobis
2757 1256 2959 1309 inutilia
2998 1257 3103 1325 81
3147 1259 3360 1312 silentio
3392 1273 3530 1327 pra:-

1965 1347 2254 1402 termiserit
2287 1365 2300 1401 :
2334 1364 2456 1400 num
2496 1349 2638 1411 ideo,
2677 1363 2872 1415 quaeso.
2920 1348 3153 1417 Spiritus
3201 1353 3371 1406 sancti
3416 1353 3529 1404 elo-

1964 1442 2089 1506 quia
2157 1453 2418 1493 ccnsuero
2492 1439 2751 1494 infatuata
2811 1441 3068 1508 sapientia
3129 1456 3246 1496 esse
3301 1443 3530 1498 viliora?

1963 1530 2152 1584 Nonne
2199 1531 2374 1599 petius
2419 1530 2462 1582 ei
2511 1531 2705 1584 dedero
2752 1531 2998 1599 gloriam,
3031 1532 3120 1599 qui
3159 1544 3390 1586 mentem
3432 1551 3526 1587 no-

1963 1637 2129 1676 Stram
2164 1623 2214 1676 iu
2247 1637 2422 1674 rerum
2466 1635 2719 1674 vanarum
2756 1625 3106 1690 occupatione
3137 1640 3239 1678 non
3274 1624 3522 1690 detinuit,

1962 1716 2052 1768 sed
2075 1715 2251 1768 omnia
2285 1712 2348 1766 ad
2380 1712 2786 1766 aedificationem
2824 1725 2874 1767 et
2903 1717 3283 1781 perfectionem
3318 1718 3526 1769 anima-

1961 1822 2075 1860 rum
2110 1819 2412 1862 nostrarum
2459 1808 2722 1859 conscribi
2771 1809 2984 1860 sanxit?
3031 1808 3086 1861 ld
3127 1813 3264 1878 quod
3301 1812 3520 1880 quidam

3039 1902 3126 1970 qui
3183 1903 3521 1969 captionibus

1964 1990 2280 2058 quibusdam
2319 2003 2480 2059 atque
2519 1992 2825 2062 tmpulogiis
2856 2008 2918 2045 ex
2952 2007 3048 2045 suo
3096 1994 3331 2060 ipsorum
3376 1992 3522 2059 inge-

1980 2081 2052 2135 tio
2086 2081 2282 2148 aliquid
2327 2081 2618 2150 Scripturis
2660 2086 2925 2138 asciscere
2960 2085 3296 2138 auctoritatis
3339 2084 3520 2138 conati

293 2180 439 2223 sunt.
469 2169 662 2224 Verum
696 2173 747 2224 id
774 2174 822 2226 ei
887 2175 1162 2241 competit,
1227 2177 1314 2244 qui
1366 2192 1420 2229 se
1473 2179 1644 2245 ipsum
1689 2177 1921 2246 Spiritus
1961 2173 2128 2227 sancti
2175 2170 2404 2225 oraculis
2449 2175 2726 2226 constituit
2773 2175 3175 2240 sapientiorem,
3202 2176 3401 2245 quique
3433 2178 3518 2230 in-

291 2269 695 2334 terpretationis
726 2277 979 2336 przetextu
1011 2280 1308 2323 commenta
1347 2288 1439 2324 sua
1471 2273 1695 2341 inducit.
1736 2274 1857 2325 ll:ec
1893 2273 2093 2334 itaque,
2124 2276 2180 2320 ut
2209 2267 2405 2334 scripta
2432 2276 2577 2326 sunt.
2613 2267 2994 2334 intelligantur.

365 2358 416 2412 Ξ.
471 2359 832 2430 Ἐξαγ-αγέτω
877 2364 915 2431 ἡ
972 2361 1047 2431 γῆ
1106 2363 1317 2431 ψυχὴν
1377 2363 1571 2424 ζῶσαν
1622 2361 1852 2430 κτηνῶν

287 2453 388 2503 καὶ
427 2453 641 2516 θηρίων
693 2456 787 2506 καί
829 2455 1108 2521 ἑρπετῶν.
1162 2457 1369 2526 Νόησον
1402 2459 1548 2526 ῥῆμα
1581 2455 1712 2508 Θεοῦ
1763 2455 1851 2508 διὰ

287 2540 386 2609 τῆς
417 2541 642 2603 κτίσεως
667 2544 877 2612 τρέχον,
921 2547 1012 2596 καὶ
1051 2545 1168 2598 τότε
1200 2547 1520 2616 ἀρξάμενον,
1563 2547 1656 2599 καὶ
1688 2547 1850 2617 μέχρι

288 2630 384 2683 νῦν
417 2633 688 2702 ἐνεργοῦν,
724 2634 815 2685 καὶ
845 2637 922 2696 εἰς
953 2636 1099 2697 τέλος
1131 2636 1318 2701 δεξιὸν,
1363 2639 1464 2699 ἓως
1501 2639 1566 2692 ἂν
1597 2641 1623 2690 ὁ
1649 2640 1850 2706 κόσμος

290 2725 680 2797 συμπληρωθῇ.
720 2726 804 2789 Ὠς
833 2728 938 2799 γάρ
983 2730 1014 2797 ἡ
1052 2731 1271 2799 σφαῖρα,
1319 2730 1536 2782 ἐπειδάν
1577 2731 1678 2782 ὑπό
1708 2748 1849 2792 τινος

286 2817 512 2887 ἀπωσθῇ
559 2821 689 2886 (1'2),
745 2817 861 2872 εἶτα
907 2821 1141 2892 πρανοῦς
1188 2839 1328 2884 τινος
1377 2822 1621 2891 λάϐηται,
1660 2823 1761 2874 ὑπό
1792 2840 1848 2874 τε

285 2907 389 2976 τῆς
418 2910 620 2971 οἰκείας
647 2914 987 2981 κατασκευῆς
1036 2913 1130 2965 καὶ
1170 2913 1265 2982 τῆς
1297 2914 1728 2985 ἐπιτηδειότητος
1757 2915 1848 2968 τοῦ

285 3001 482 3071 χωρίου
510 3002 729 3073 φέρεται
757 3003 890 3073 πρὸς
915 3005 976 3055 τὸ
1010 3006 1288 3069 κάταντες,
1324 3009 1383 3059 οὺ
1407 3008 1666 3078 πρότερον
1697 3014 1846 3061 ἱστα-

287 3094 423 3164 μένη
475 3095 601 3165 πρὶν
648 3095 711 3148 ἄν
758 3113 809 3147 τι
848 3095 957 3147 τῶν
994 3097 1247 3151 ἰσοπέδων
1284 3099 1450 3169 αὐτὴν
1494 3099 1842 3170 ὑποδέξηται⁸

2023 2359 2076 2412 2.
2120 2357 2386 2413 Producat
2435 2367 2574 2412 terra
2627 2358 2854 2411 animam
2899 2359 3148 2413 viventem
3190 2376 3431 2428 pecorum
3470 2371 3520 2415 ct

1954 2448 2231 2500 bestiarum
2281 2461 2325 2501 et
2374 2449 2634 2513 reptilium
2667 2450 2730 2504 “.
2762 2449 3048 2502 Considera
3084 2451 3173 2504 Dei
3209 2466 3393 2505 vocem
3425 2469 3520 2522 per
3564 2439 3569 2447 ’

1953 2553 2039 2592 res
2085 2546 2295 2592 creatas
2341 2543 2739 2604 pervadentem,
2772 2556 2888 2608 qua:
2947 2549 3002 2594 et
3045 2549 3172 2595 tunc
3214 2543 3432 2612 incepit,
3465 2554 3519 2599 et

1955 2646 2125 2701 usque
2156 2633 2326 2685 adhuc
2361 2631 2543 2686 efficax
2575 2643 2677 2696 est,
2707 2649 2770 2688 ac
2800 2635 2850 2687 in
2885 2634 3040 2688 finem
3081 2637 3368 2690 transitura
3413 2649 3514 2701 est,

1953 2726 2128 2794 quoad
2162 2735 2562 2778 consummatus
2599 2723 2757 2778 fuerit
2787 2731 3035 2780 uumdus.
3060 2727 3515 2793 Quemadmodum

1954 2817 2097 2869 enim
2123 2815 2335 2883 globus,
2365 2831 2482 2869 cum
2517 2830 2546 2868 a
2573 2817 2818 2885 quopiam
2854 2817 3011 2872 fuerit
3038 2829 3234 2882 motus,
3268 2834 3330 2873 ac
3361 2821 3518 2874 dein-

1954 2921 2082 2974 ceps
2110 2907 2365 2959 declivem
2418 2907 2648 2975 aliquem
2691 2907 2862 2960 locum
2912 2918 3103 2962 nactus
3144 2909 3322 2972 fuerit,
3358 2917 3412 2962 et
3448 2923 3515 2961 ex

1953 2998 2165 3067 propria
2227 3010 2516 3063 structura,
2548 3009 2601 3051 et
2645 3014 2706 3052 ex
2760 2999 2859 3053 loci
2907 3000 3306 3067 opportunitate
3355 3001 3514 3053 deor-

1953 3105 2070 3145 sum
2114 3089 2302 3150 l‘ertur.
2333 3105 2433 3144 nec
2480 3090 2628 3158 prius
2670 3091 2919 3158 quiescit,
2947 3106 3107 3160 quam
3141 3091 3388 3159 planities
3419 3071 3514 3145 ali-

281 3184 424 3236 οῦτω
453 3188 484 3255 ή
515 3187 670 3255 φύσις
702 3188 809 3239 τῶν
830 3187 1016 3249 ὄντων,
1049 3189 1128 3240 ἐνὶ
1163 3190 1540 3260 προστάγματι
1565 3193 1670 3260 (15)
1707 3211 1848 3261 κινη-

1952 3199 2054 3250 qua
2095 3183 2266 3251 ipsum
2305 3183 2577 3250 exceperit
2609 3199 2621 3247 ;
2653 3182 2720 3234 ita
2766 3196 2940 3236 rerum
2992 3193 3182 3236 natura
3229 3198 3333 3236 uno
3371 3199 3508 3253 prae-

283 3274 458 3337 θεῖσα,
490 3278 586 3346 τὴν
632 3280 687 3329 ὲν
730 3281 793 3348 τῇ
833 3279 1043 3345 γενέσει
1076 3280 1168 3332 κα)¹
1204 3279 1376 3350 φθορᾷ
1415 3280 1590 3332 κτίσιν
1634 3281 1849 3348 ὁμαλῶς

277 3363 634 3434 διεξέρχεται,
661 3368 757 3429 τὰς
785 3368 890 3420 τῶν
917 3369 1087 3436 γενῶν
1113 3370 1428 3433 ἀκολουθίας
1453 3371 1518 3422 δι’
1539 3372 1849 3440 ὁμοιότητος

279 3456 660 3520 ἀποσώζουσα,
692 3458 797 3521 ’έως
829 3460 893 3512 ἂν
929 3462 1062 3531 πρὸς
1088 3463 1217 3514 αὐτὸ
1247 3465 1556 3534 καταντήσῃ
1588 3463 1647 3515 τὸ
1673 3463 1843 3526 τέλος.

279 3548 477 3598 Ἵππον
521 3547 618 3616 μὲν
660 3550 767 3619 γὰρ
798 3551 963 3602 ἵππου
992 3556 1218 3605 ποιεῖται
1241 3553 1500 3623 διάδοχον,
1537 3555 1630 3606 καὶ
1661 3553 1848 3608 λέοντα

278 3637 510 3700 λέοντος,
543 3638 635 3690 καὶ
663 3639 816 3692 ἀετὸν
844 3640 998 3692 ἀετοῦ
1022 3659 1033 3671 ·
1065 3644 1157 3695 καὶ
1177 3644 1402 3696 ἕκαστον
1421 3643 1528 3695 τῶν
1552 3643 1702 3706 ζώων
1728 3647 1845 3709 ταῖς

277 3729 472 3800 ἐφεξῆς
493 3731 755 3800 διαδοχαῖς
784 3733 1210 3803 συντηρούμενον
1238 3736 1396 3805 μέχρι
1418 3735 1516 3805 τῆς
1540 3736 1843 3799 συντελείας

273 3821 370 3871 τοῦ
403 3823 597 3885 παντὸς
626 3825 1003 3895 παραπέμπει.
1038 3828 1223 3890 Οὐδεὶς
1257 3829 1444 3897 χρόνος
1473 3829 1839 3899 διεφθαρμένα

272 3907 307 3978 ἢ
329 3909 544 3979 ἐξίτηλα
561 3917 701 3964 ποιεῖ
718 3921 730 3979 (
745 3915 827 3983 ili)
843 3915 947 3967 τῶν
967 3914 1116 3977 ζώων
1138 3917 1204 3969 τὰ
1223 3917 1506 3986 ἰδιώματα,
1525 3915 1636 3970 ἁλλ’
1655 3917 1841 3986 ῶσπερ

271 4001 397 4067 ἄρτι
423 4002 786 4072 καθισταμένη
825 4007 856 4074 ἡ
892 4006 1047 4073 φύσις
1076 4008 1160 4059 ἀεὶ
1188 4008 1356 4076 νεαρὰ
1387 4006 1463 4075 τῷ
1492 4006 1664 4075 χρόνῳ
1707 4023 1842 4074 συμ-

271 4093 625 4164 παρατρέχει.
671 4095 1025 4164 Ἐξαγαγέτω
1059 4100 1095 4165 ἡ
1129 4097 1203 4166 γῆ
1232 4097 1442 4165 ψυχὴν
1464 4096 1673 4156 ζῶσα-ν.
1707 4096 1834 4149 Τοῦο

270 4203 335 4238 το
365 4188 680 4256 ὲναπέμεινε
715 4191 780 4258 τῇ
804 4191 872 4258 γῇ
905 4188 1248 4258 πρόσταγμα,
1290 4189 1382 4240 καὶ
1405 4185 1461 4240 οὔ
1494 4187 1722 4241 παύεται
1752 4189 1840 4253 ὲξ-

274 4277 684 4347 υπηρετουμένη
723 4277 799 4348 τῷ
830 4280 1070 4331 κτίσαντι
1096 4278 1227 4348 (15).
1261 4278 1340 4330 Τὰ
1377 4280 1471 4348 μὲν
1506 4279 1611 4348 γάρ
1646 4280 1707 4330 ἐκ
1740 4277 1838 4346 τῆς

269 4367 520 4437 διαδοχῆς
561 4370 666 4422 τῶν
699 4370 1154 4441 προῦπαρχόντων
1185 4372 1518 4442 παράγεται·
1554 4370 1620 4422 τὰ
1668 4369 1723 4421 δὲ
1759 4368 1837 4420 ἔτι

268 4459 366 4511 καὶ
404 4459 496 4512 νῦν
547 4460 603 4524 ἐξ
636 4463 801 4532 αὐτῆς
833 4464 930 4534 τῆς
961 4464 1063 4532 γῆς
1097 4463 1501 4533 ζωογονούμενα
1542 4462 1832 4514 δείκνυται.

1949 3285 2104 3340 cepto
2153 3275 2394 3336 incitata,
2433 3289 2518 3326 res
2565 3275 2810 3329 conditas
2844 3275 3176 3342 aequabiliter
3207 3275 3256 3328 in
3286 3292 3512 3344 genera-

1949 3363 2092 3416 tione
2121 3373 2172 3417 et
2208 3363 2261 3415 in
2296 3366 2639 3432 corruptione
2687 3374 2951 3433 penetrat,
2981 3376 3265 3434 servatque
3304 3384 3398 3436 per
3435 3372 3512 3422 si-

1948 3453 2304 3508 militudinem
2333 3455 2702 3510 successiones
2728 3470 3007 3525 generum,
3037 3458 3206 3511 donec
3236 3459 3302 3511 ad
3335 3460 3509 3528 ipsum

1947 3546 2252 3614 pervenerit
2309 3545 2487 3601 linem.
2526 3545 2658 3599 Nam
2711 3563 2906 3615 equum
2961 3550 3084 3616 equi
3139 3565 3509 3605 successorem

1946 3638 2096 3700 facit,
2132 3638 2342 3692 leonem
2389 3638 2578 3703 leonis,
2609 3638 2842 3701 aquilam
2879 3639 3072 3708 aquilae
3104 3662 3114 3694 :
3154 3640 3261 3694 imo
3302 3643 3508 3710 singula

1944 3730 2194 3783 animalia
2227 3733 2672 3799 consequentibus
2703 3733 3134 3788 successionibus
3161 3744 3505 3797 conservata,

1944 3834 2114 3885 usque
2174 3821 2239 3872 ad
2303 3820 2535 3873 universi
2595 3821 3112 3873 consummationem
3172 3824 3502 3877 transmittit.

1943 3907 2172 3975 Tempus
2217 3909 2415 3962 nullum
2461 3909 2690 3962 destruit
2735 3909 3044 3962 animalium
3093 3913 3444 3979 proprietates

1939 3999 2034 4051 sed
2077 4007 2330 4065 tanquam
2377 4014 2545 4066 nuper
2589 4001 2878 4054 constituta
2928 4012 3116 4055 natura
3159 4002 3248 4066 sit,
3291 4019 3501 4069 semper

1943 4103 2131 4141 recens
2177 4104 2280 4141 una
2327 4103 2446 4141 cum
2490 4098 2727 4156 tempore
2755 4091 3012 4144 excurrit.
3053 4090 3316 4143 Producat
3360 4102 3504 4145 terra

1940 4182 2168 4233 animam
2216 4182 2479 4236 viventem.
2525 4181 2634 4234 Hoc
2684 4191 3003 4250 praeceptum
3056 4192 3212 4236 terra;
3263 4185 3498 4248 inhaesit,

1940 4288 2040 4327 nec
2104 4287 2168 4326 ea
2218 4274 2458 4327 Creatori
2509 4273 2706 4328 desinit
2758 4272 3027 4326 famulari.
3078 4273 3194 4328 Alia
3242 4276 3383 4330 enim
3433 4291 3498 4330 ex

1941 4366 2284 4420 successione
2325 4380 2509 4419 eorum
2549 4379 2667 4433 quae
2700 4367 2847 4434 prius
2881 4365 3156 4429 exstitere,
3191 4368 3500 4435 producun-

1941 4467 2026 4511 tur
2059 4476 2071 4512 :
2106 4458 2211 4511 alia
2237 4473 2365 4513 vero
2398 4473 2460 4512 ex
2501 4459 2608 4527 ipsa
2655 4467 2794 4512 terra
2823 4458 2984 4512 etiam
3022 4474 3165 4512 nunc
3203 4460 3378 4514 adhuc
3418 4462 3501 4512 vi-

269 4551 345 4602 υὺ
375 4551 480 4621 γὰρ
513 4552 667 4621 μόνον
697 4555 944 4622 τέττιγας
993 4558 1048 4609 ὲν
1088 4557 1410 4628 ἐπομϐρίαις
1445 4557 1675 4624 ἀνίησιν,
1716 4555 1835 4608 οὐδὲ

1952 4560 2048 4605 tam
2083 4553 2326 4620 accipere
2356 4564 2685 4621 compertum
2721 4563 2820 4607 est.
2852 4553 2967 4605 Non
2998 4529 3155 4605 enim.
3177 4551 3350 4606 solum
3379 4552 3496 4622 plu-

266 4641 403 4695 ἄλλα
440 4644 606 4712 μυρία
632 4645 759 4714 γένη
785 4645 889 4697 τῶν
921 4647 1303 4718 ἐμφερομένων
1336 4648 1411 4718 τῷ
1438 4648 1556 4718 ἀέρι
1590 4647 1826 4716 πτηνῶν,

265 4731 343 4790 ὧν
369 4738 778 4806 ἀκατονόμαστά
802 4740 913 4790 ἐστι
934 4740 1000 4790 τά
1022 4741 1241 4792 πλεῖστα
1265 4742 1351 4794 διὰ
1369 4742 1690 4810 λεπτότητα,
1715 4740 1828 4793 ἀλλ’

265 4829 369 4897 ἤδη
409 4829 499 4881 καὶ
536 4830 637 4899 μῦς
683 4832 773 4882 καὶ
809 4832 1109 4902 βατράχους
1160 4831 1218 4897 ὲξ
1268 4835 1433 4905 αὐτῆς
1472 4835 1784 4887 ἀναδίδωσιν
1809 4851 1824 4865 ·

264 4920 398 4972 ὅπου
422 4939 484 4989 γε
524 4923 649 4992 περὶ
677 4923 857 4994 Θήϐας
883 4925 979 4988 τὰς
1005 4926 1322 4993 Αἰγυπτίας,
1350 4926 1562 4979 ἐπειδάν
1595 4926 1695 4997 ὕσῃ
1731 4927 1823 4978 λά-

263 5011 411 5080 ϐρως
444 5013 500 5065 ὲν
533 5014 823 5084 καύμασιν,
875 5016 1035 5078 εὐθὺς
1078 5017 1384 5087 ἀρουραίων
1426 5016 1574 5086 μυῶν
1608 5019 1639 5084 ἡ
1673 5016 1823 5085 χώρα

259 5105 723 5175 καταπληροῦται.
786 5108 895 5173 Τάς
944 5111 999 5162 δὲ
1042 5110 1279 5180 ἐγχέλεις
1330 5108 1438 5180 (16)
1488 5109 1605 5162 οὐδὲ
1656 5107 1827 5168 ἄλλως

325 5264 362 5295 ³⁸
385 5265 516 5320 Gen.
551 5283 590 5333 ι,
616 5267 704 5322 24.

332 5383 442 5462 (19)
464 5387 614 5462 _'_I‘_res
646 5403 774 5443 mss.
810 5384 918 5460 ἆρα
941 5391 1127 5446 τούτου
1149 5410 1231 5462 γε.
1253 5391 1386 5462 Reg.
1418 5400 1600 5445 sextus
1623 5389 1810 5443 τούτου

254 5455 368 5507 καί.
402 5455 539 5527 Editi
579 5474 696 5511 cum
726 5455 1042 5527 quibusdam
1081 5455 1209 5516 mss.
1246 5455 1433 5515 τούτου
1466 5462 1668 5514 ἕνεκεν.

327 5526 438 5603 (tl)
480 5526 582 5579 Sex
636 5526 768 5603 russi.
814 5546 936 5603 cum
987 5548 1087 5587 ms.
1138 5534 1376 5589 Combef.
1429 5532 1807 5603 ἐπεχείρησαν.

251 5595 962 5668 Εάιιὶίὲπιχειρῆσαιωιιιιρ.

467 5669 558 5744 §ic
585 5666 712 5724 mss.
750 5671 919 5744 multi.
958 5672 1129 5726 Editio
1153 5672 1323 5726 Paris.
1358 5675 1572 5744 ἀπωθῇ.

321 5737 431 5804 (13)
472 5738 599 5816 Reg.
629 5752 808 5816 sextus
832 5742 1006 5816 ὄντων
1023 5745 1078 5796 ἐν
1113 5746 1507 5815 προστάγματι.
1525 5737 1663 5802 "Mox
1690 5745 1807 5816 plu-

250 5818 337 5861 res
371 5823 500 5863 mss.
532 5810 629 5879 τὴν
659 5813 715 5864 ὲν
741 5815 806 5882 τῇ
834 5831 945 5882 γεν.
978 5813 1135 5871 Deest
1156 5810 1232 5886 ’τῇ
1271 5810 1523 5876 ἰηήόιίίιιδ.

1939 4647 2027 4700 vio
2064 4655 2299 4715 tempore
2329 4648 2440 4700 edit
2469 4649 2701 4712 cicadas,
2733 4656 2822 4698 aut
2856 4645 2957 4698 alia
2997 4646 3274 4700 innumera
3302 4646 3497 4700 volati-

1937 4735 2063 4790 lium
2117 4738 2168 4790 in
2219 4753 2340 4791 aere
2385 4738 2694 4806 vagantium
2745 4752 2959 4805 genera,
2995 4753 3219 4806 quorum
3265 4738 3494 4808 plurima

1934 4840 2149 4899 propter
2204 4832 2517 4884 tenuitatem
2578 4840 2704 4883 sunt
2760 4845 3023 4900 auonyma
3082 4848 3097 4884 :
3157 4831 3250 4885 sed
3311 4845 3494 4884 mures

1931 4922 2090 4975 etiam
2123 4930 2173 4974 et
2208 4937 2364 4975 ranas
2396 4937 2462 4975 ex
2509 4937 2567 4975 se
2605 4923 2717 4990 ipsa
2754 4922 2976 4990 profert.
3006 4921 3138 4976 Nam
3178 4922 3323 4976 circa
3351 4921 3496 4974 The-

1935 5014 2026 5066 bas
2066 5011 2369 5082 Egyptias,
2400 5012 2488 5065 ubi
2547 5013 2598 5066 in
2651 5015 2866 5067 aestibus
2928 5015 3071 5080 large
3115 5013 3273 5083 pluit,
3307 5013 3491 5067 statim

1933 5104 2321 5173 campestribus
2359 5105 2596 5159 muribus
2627 5109 2772 5177 regio
2810 5108 3126 5176 completur.
3161 5106 3299 5171 Quin
3327 5105 3489 5161 etiam

1991 5406 2102 5478 (14)
2142 5405 2218 5462 Ita
2251 5408 2417 5462 codex
2463 5409 2703 5465 Combef.
2752 5426 2872 5464 cum
2916 5411 3048 5480 Reg.
3096 5423 3307 5469 octavo.
3338 5411 3485 5467 Editi

1915 5493 2195 5552 veromcu_m
2233 5481 2440 5533 ueteris
2478 5496 2602 5552 mss.
2642 5481 2830 5551 χρόνος
2856 5482 3075 5552 ἐξίτηλα
3108 5486 3268 5537 ποιεῖ.

1987 5547 2097 5624 (15)
2123 5548 2258 5624 Reg.
2287 5560 2469 5624 sextus
2503 5547 2973 5624 ὲξδπηρετουμένη
2991 5547 3072 5624 ’τῷ
3099 5554 3481 5624 προστάγματι

1913 5619 2016 5741 ἷοῦ,
2047 5620 2347 5684 κτίσαντος,
2387 5618 2495 5673 Nec
2529 5618 2796 5677 Creatoris
2825 5618 3055 5693 i'mperio'
3078 5618 3266 5678 desinit
3300 5618 3478 5693 famu-

1935 5706 2041 5741 an.

1935 5706 2041 5743 an.

1986 5748 2094 5830 (16)
2133 5760 2241 5816 Duo
2271 5776 2402 5817 mss.
2437 5761 2533 5826 τὰς
2562 5763 2616 5816 δὲ
2648 5762 2890 5834 ὲγχέλυς.
