4062 6434
627 374 723 429 l9!

1930 369 1986 425 S.
2032 369 2275 426 BASlLll
2306 368 2521 424 MAGNI

3760 369 3864 423 192

621 495 886 566 anguillas
925 494 1156 549 vidimus
1191 509 1294 548 non
1335 494 1495 550 aliter
1521 508 1682 563 quam
1721 508 1785 548 ex
1820 492 1948 547 limo
1987 494 2191 548 consti-

2293 493 2504 564 ὁρῶμεν
2535 493 2568 563 ἢ
2603 493 2665 544 ἐκ
2693 491 2788 560 τῆς
2835 489 2975 553 ίλύος
3016 491 3438 561 συνισταμένας·
3475 505 3551 542 ων
3591 488 3718 540 οὔτε
3759 491 3864 543 ὠὸν

623 587 734 652 tui,
785 601 848 640 ac
900 587 1146 656 generari
1200 605 1214 640 ε
1271 600 1498 652 quarum
1562 588 1962 640 successionem
2017 601 2190 655 neque

620 693 802 740 ovum,
838 690 1010 746 neque
1055 677 1195 731 ullus
1238 676 1372 729 alius
1415 677 1602 731 modus
1655 676 1893 739 conﬁcit,
1925 677 2016 729 sed
2065 678 2192 746 ipsae

621 783 690 823 ex
742 779 882 822 terra
929 779 1113 824 ortum
1163 767 1382 821 habent.
1431 767 1698 821 Producat
1748 776 1886 820 terra
1937 768 2187 820 animum.

626 860 823 915 Pecora
858 871 986 916 sunt
1019 859 1314 920 terrestria,
1345 869 1399 913 et
1445 874 1632 913 versus
1665 869 1861 914 terram
1893 859 2143 914 inclinata
2174 877 2188 913 :

627 950 787 1004 homo
818 967 945 1004 vero
973 950 1061 1018 qui
1091 949 1273 1018 planta
1299 949 1536 1004 caelestis
1562 958 1666 1012 est,
1691 958 1890 1016 quanto
1923 964 2194 1018 corporea:

623 1041 1075 1098 conformationis
1117 1038 1310 1104 forma,
1358 1049 1504 1092 tanto
1553 1037 1715 1091 etiam
1766 1036 1961 1089 animae
2015 1039 2192 1109 digni-

624 1141 735 1187 tate
761 1139 995 1202 praestat.
1023 1129 1206 1197 Qualis
1231 1138 1314 1183 est
1338 1127 1743 1198 quadrupedum
1777 1127 1992 1182 forma?
2022 1133 2193 1197 Caput

621 1223 862 1294 ipsorum
916 1224 967 1276 in
1021 1233 1218 1274 terram
1275 1235 1502 1290 pronum
1549 1230 1652 1282 est,
1685 1219 1906 1288 respicit
1956 1223 2021 1276 ad
2064 1236 2192 1273 ven-

627 1327 787 1378 trem,
823 1315 1044 1382 ejusque
1092 1312 1501 1366 delectationem
1560 1313 1869 1367 omnimodo
1915 1313 2193 1383 prosequi-

625 1421 732 1463 tur.
769 1407 1016 1462 Erectum
1050 1414 1130 1460 est
1160 1405 1223 1456 ad
1255 1405 1451 1456 cmlum
1504 1413 1663 1471 caput
1707 1412 1852 1458 tuum
1888 1404 2066 1460 :oculi
2115 1403 2189 1457 tui

623 1515 853 1569 superna
907 1500 1201 1552 intuentur.
1233 1494 1386 1561 Quod
1441 1497 1484 1549 si
1539 1511 1773 1562 unquam
1817 1508 1870 1551 et
1914 1506 1966 1549 tu
2011 1496 2192 1551 carnis

626 1590 999 1644 all'ectinnibus
1038 1601 1087 1642 te
1119 1591 1228 1657 ipsc
1264 1589 1700 1652 dedccoraveris,
1731 1589 2010 1656 ventrique
2043 1596 2098 1642 et
2127 1589 2192 1645 iis

623 1695 742 1749 qua:
786 1681 885 1734 sub
943 1690 1130 1734 ventre
1181 1690 1328 1743 sunt,
1369 1679 1624 1735 servieris
1671 1699 1685 1735 :
1730 1679 2074 1747 Comparatus
2132 1697 2191 1738 es

620 1772 868 1843 iumentis
922 1771 1306 1840 insipientibus,
1353 1783 1400 1826 et
1442 1773 1632 1826 similis
1677 1773 1848 1840 factus
1889 1786 1947 1825 es
1991 1771 2186 1832 illis".

2291 583 2410 637 οὔτε
2438 600 2520 648 τις
2551 583 2704 644 ἄλλος
2730 580 2928 652 τρόπος
2971 580 3068 650 τὴν
3094 580 3339 652 διαδοχὴν
3373 579 3711 649 συνίστησιν,
3749 582 3862 634 ἄλλ’

2290 676 2357 728 ἐκ
2387 674 2484 743 τῆς
2514 678 2617 745 γῆς
2645 677 2788 727 ἐστιν
2821 674 3004 737 αὐτοῖς
3032 673 3063 741 ἡ
3095 671 3304 740 γένεσις
3327 675 3460 742 (17).
3499 671 3863 740 Ἑξαγατέτω

2291 769 2330 830 ἡ
2362 766 2435 837 γῆ
2463 769 2691 837 ψυχήν.
2720 764 2800 819 Τὰ
2831 765 2999 836 κτήνη
3019 767 3182 835 γήινα
3211 768 3459 839 καὶπρὸς
3479 766 3583 837 γῆν
3615 766 3865 816 νενευκό⁴

2290 876 2358 911 τα
2376 876 2390 890 ο
2421 856 2555 911 ἀλλὰ
2574 859 2633 911 τὸ
2657 859 2902 930 οὐράνιον
2935 858 3096 926 φυτὸν
3119 858 3146 908 6
3169 856 3264 909 ἄνθ
3272 875 3454 926 ρωπος
3479 860 3603 912 ὅσον
3627 855 3704 926 τῷ
3733 858 3863 924 σχή-

2294 968 2422 1020 ματι
2465 950 2563 1020 τῆς
2607 949 2917 1022 σωματικῆς
2963 949 3322 1011 διαπλάσεως,
3357 950 3608 1004 τοσοῦτον
3654 948 3751 1001 καὶ
3786 948 3864 1017 τῷ

2290 1040 2559 1112 ἀξιώματι
2592 1044 2691 1114 τῆς
2729 1043 2906 1112 ψυχῆς
2944 1041 3235 1114 διενήνοχε.
3269 1040 3386 1091 Τῶν
3424 1043 3768 1114 τετραπόδων
3802 1042 3862 1094 τὸ

2293 1134 2475 1203 σχῆμα
2510 1134 2784 1196 ποταπόν;
2827 1131 2889 1182 Ἡ
2920 1131 3127 1202 κεφαλὴ
3161 1129 3467 1184 αὑτῶνέπὶ
3500 1133 3603 1201 γῆν
3634 1128 3862 1202 προσνέ-

2290 1242 2476 1280 νευκεν
2502 1224 2635 1296 (18),
2665 1225 2754 1278 ἐπὶ
2780 1222 3020 1293 γαστέρα
3049 1224 3255 1293 βλέπει,
3288 1223 3380 1275 καὶ
3418 1223 3482 1274 τὸ
3522 1225 3727 1294 ταύτης
3763 1223 3862 1292 ἡδὺ

2290 1322 2354 1372 ἐκ
2375 1315 2572 1380 παντὸς
2597 1318 2796 1388 τρόπου
2819 1313 3020 1367 διώκει.
3058 1316 3119 1367 Ἡ
3151 1317 3218 1386 σὴ
3242 1312 3445 1382 κεφαλὴ
3476 1315 3611 1383 πρὸς
3633 1317 3693 1367 οὐ
3704 1313 3862 1384 ρανδν

2289 1408 2635 1479 διανέστηκεν
2655 1427 2668 1440 ’
2699 1409 2748 1460 οἱ
2771 1405 3034 1475 ὀφθαλμοί
3056 1422 3148 1458 σου
3179 1408 3245 1459 si
3275 1407 3384 1460 ἄνω
3411 1403 3697 1471 βλέπουσιν
3724 1405 3861 1473 (19)·

2288 1502 2382 1566 ὡς,
2415 1500 2510 1553 ἐάν
2547 1519 2674 1555 ποτε
2709 1500 2801 1553 καὶ
2835 1500 2896 1552 σὺ
2927 1501 3037 1560 τοῖς
3065 1497 3259 1550 πάθεσι
3305 1498 3405 1567 τῆς
3441 1497 3641 1567 σαρκὸς
3668 1497 3863 1549 ἑαυτὸν

2290 1593 2580 1664 ἀτιμάσῃς,
2615 1592 2811 1664 γαστρὶ
2857 1589 3120 1643 δουλεύων
3181 1592 3273 1643 καὶ
3317 1593 3428 1653 τοῖς
3465 1587 3567 1641 ὑπὸ
3595 1592 3860 1660 γαστέρα,

2289 1685 2830 1753 Παρασυνεϐλήθης
2860 1682 2984 1747 τοῖς
3017 1681 3261 1748 κτήνεσι
3285 1682 3408 1745 τοῖς
3430 1679 3730 1745 ἀνοήτοις,
3762 1684 3862 1735 καὶ

2289 1776 2589 1849 ὡμοιώθης
2612 1776 2830 1841 αὐτοῖς.
2857 1775 3025 1844 Ἀλλη
3064 1792 3143 1828 σοι
3191 1773 3428 1846 μέριμνα
3462 1774 3768 1844 πρέπουσα,
3790 1774 3866 1826 τὰ

626 1868 788 1921 Decet
819 1875 870 1920 te
905 1865 1006 1918 alia
1035 1879 1187 1931 cura,
1214 1880 1457 1934 quaerere
1491 1865 1743 1918 nimirum
1794 1877 1858 1916 ea
1899 1861 2028 1928 Qum
2073 1881 2192 1917 sur-

2293 1869 2410 1924 ἄνω
2457 1867 2658 1939 ζητεῖν,
2692 1864 2762 1924 οὗ
2793 1866 2900 1936 (20)
2923 1869 2954 1919 ὀ
2988 1864 3238 1934 Χριστός
3269 1866 3456 1931 ἐστιν,
3486 1865 3626 1936 ὑπὲρ
3649 1863 3717 1917 τὰ
3741 1866 3867 1934 γὴιο

624 1973 740 2010 sum
772 1965 913 2018 sunt,
951 1958 1036 2009 ubi
1067 1956 1306 2010 Christus
1334 1968 1407 2008 est
1442 1955 1502 2016 ¹³,
1533 1969 1596 2005 ac
1625 1961 1854 2006 tuentem
1887 1967 2048 2021 super
2072 1965 2192 2010 ler-

627 2049 816 2103 restria
872 2049 1163 2117 surrigere.
1202 2046 1269 2100 Ut
1317 2044 1687 2098 conformatus
1746 2059 1838 2107 es,
1901 2044 1975 2098 ita
2031 2047 2193 2101 etiam

625 2144 848 2209 dispone
880 2152 1028 2196 tuam
1077 2140 1242 2211 ipsius
1269 2139 1476 2195 .vitam.
1510 2135 1864 2192 Conversatio
1902 2145 1991 2190 tua
2030 2139 2101 2192 sit
2141 2139 2194 2192 in

622 2233 775 2288 cmlis
809 2235 852 2264 “
888 2252 900 2286 :
934 2248 1056 2285 vera
1106 2241 1191 2284 tua
1233 2231 1405 2299 patria
1461 2237 1544 2282 est
1583 2242 1813 2296 superna
1859 2227 2190 2292 Jerusalem;

621 2326 768 2380 cives
806 2335 860 2377 et
911 2322 1153 2388 tribules,
1192 2321 1532 2392 primogeniti
1587 2321 1684 2388 ipsi
1721 2338 1734 2375 :
1775 2318 1879 2385 Qui
1917 2320 2195 2387 conscripti

621 2427 744 2474 sunt
774 2420 827 2471 in
852 2417 991 2471 ralis
1028 2417 1093 2472 ".

695 2513 806 2584 82
834 2512 888 2568 5.
920 2509 1185 2564 Producat
1217 2519 1354 2564 terra
1383 2509 1612 2560 animam
1639 2509 1909 2560 viventem.
1932 2502 2061 2570 Quae
2091 2503 2195 2573 igi-

631 2616 718 2658 tur
747 2607 1025 2660 brutorum
1074 2607 1252 2656 anima
1296 2601 1540 2662 emersit,
1575 2614 1635 2652 ea
1681 2614 1785 2651 non
1815 2607 1932 2652 erat
1967 2597 2017 2650 in
2051 2605 2195 2649 terra

629 2696 930 2759 recondita;
967 2695 1058 2748 sed
1092 2692 1249 2746 simul
1296 2706 1416 2743 cum
1465 2697 1731 2754 przecepto
1774 2696 1952 2737 ortum
1987 2686 2190 2737 habuit.

632 2787 744 2840 Una
773 2797 951 2837 autem
987 2791 1070 2835 est
1109 2783 1387 2835 brutorum
1422 2779 1640 2840 anima;
1671 2775 1933 2843 siquidem
1969 2772 2193 2827 rationis

623 2876 873 2945 privatio,
907 2873 1047 2928 illius
1076 2873 1362 2926 character
1388 2880 1473 2924 est
1498 2886 1512 2922 :
1538 2867 1768 2923 diversis
1795 2880 1922 2919 vero
1951 2863 2193 2932 proprie-

627 2969 824 3022 tatibus
872 2965 1078 3035 singula
1132 2963 1534 3032 distinguuntur
1579 2957 1855 3012 animalia.
1907 2956 2000 3009 Est
2047 2955 2189 3009 enim

625 3058 724 3112 bos
750 3066 1004 3111 constans
1035 3064 1088 3109 et
1123 3052 1331 3116 ﬁrmus,
1363 3053 1548 3106 asinus
1579 3051 1749 3120 piger,
1782 3049 1979 3102 ardens
2023 3061 2192 3115 equus

625 3149 693 3203 ad
747 3147 1098 3217 appetendam
1147 3144 1436 3206 feminam,
1494 3143 1679 3212 nequit
1728 3140 1956 3194 cicurari
2004 3137 2191 3208 lupus,

2295 1980 2359 2014 vat
2387 1955 2523 2014 εἶναι
2570 1965 2634 2033 τῇ
2664 1959 2887 2029 διανοίᾳ.
2925 1958 3012 2021 Ὠς
3035 1958 3523 2031 ,διεσχηματίσθης,
3564 1958 3710 2010 οὕτω
3748 1957 3866 2010 διά-

2296 2054 2386 2106 θου
2415 2053 2640 2106 σεαυτοῦ
2673 2050 2871 2106 καὶτὸν
2899 2047 3031 2119 βίον.
3064 2047 3135 2101 Τὸ
3165 2049 3464 2119 πολίτευμα
3490 2049 3578 2119 ἔχε
3608 2052 3664 2102 ἐν
3703 2050 3868 2119 ούρα-

2296 2151 2420 2210 νοίς.
2459 2147 2707 2218 Ἀληθινή
2745 2164 2837 2199 σου
2867 2145 3062 2212 πατρὶς
3087 2145 3120 2212 ἡ
3153 2142 3265 2195 ἄνω
3307 2142 3684 2212 Ἰερουσαλὴμ,
3718 2143 3868 2195 πολῖ-

2294 2257 2382 2292 ται
2406 2239 2499 2292 καὶ
2522 2240 2858 2308 συμφυλέται
2881 2240 2930 2291 oi
2961 2235 3307 2305 πρωτότοκοι,
3332 2238 3395 2288 Οἱ
3419 2233 3869 2303 ἀπογεγραμμέ-

2295 2350 2385 2387 νοι
2415 2332 2483 2385 ἐν
2511 2332 2806 2398 οὐρανοῖς.

2365 2517 2416 2570 3.
2465 2511 2819 2582 Ἐξαγιιγέτω
2869 2513 2907 2581 ἡ
2951 2510 3026 2583 Tn”
3059 2512 3272 2582 ψυχὴν
3301 2512 3513 2573 ζῶσαν.
3566 2513 3654 2565 Οὐ·
3683 2512 3868 2565 τοίνυν

2295 2607 2688 2677 ἐναποκειμένη
2711 2609 2796 2676 ιτῇ
2826 2609 2896 2677 γῇ
2944 2608 2979 2678 ἡ
3026 2605 3172 2678 ψυχὴ
3211 2606 3319 2659 τῶν
3352 2606 3558 2672 ἀλόγων
3593 2604 3830 2674 ἐξεφάνη
3852 2621 3865 2633 ·

2293 2697 2406 2748 ἀλλ’
2428 2695 2560 2766 ὁμοῦ
2594 2695 2670 2765 τῷ
2701 2696 3083 2767 προστάγματι
3113 2696 3434 2764 συνυπέστη.
3479 2693 3592 2746 Μία
3633 2693 3690 2745 δὲ
3720 2694 3868 2763 ψυχὴ

2292 2786 2399 2837 τῶν
2427 2786 2655 2854 ἀλόγων.
2695 2787 2790 2837 Ἓν
2822 2785 2931 2855 γὰρ
2957 2784 3124 2854 αὐτὴν
3169 2783 3229 2836 τὸ
3260 2782 3661 2855 χαρακτηρίζον
3693 2784 3867 2846 ἐστὶν,

2291 2877 2324 2945 ἡ
2361 2876 2569 2945 ἀλογία.
2616 2875 2886 2946 Ἰδιὼμασι
2921 2875 2974 2928 δὲ
3001 2875 3273 2945 διαφόροις
3307 2875 3535 2929 ἕκαστον
3567 2873 3678 2927 τῶν
3709 2874 3868 2939 ζώων

2293 2969 2540 3039 κέκριται
2576 2968 2705 3039 (2i).
2738 2968 3019 3038 Εὑσταθὴς
3052 2969 3149 3039 μὲν
3180 2967 3288 3039 γὰρ
3311 2967 3339 3018 6
3371 2967 3518 3038 βοῦς,
3549 2968 3730 3040 νωθὴς
3756 2969 3813 3023 δέ
3841 2973 3870 3023 6

2289 3063 2431 3126 δνος,
2479 3061 2678 3135 θερμὸς
2721 3061 2777 3115 δὲ
2815 3063 2844 3115 6
2898 3062 3061 3125 ἵππος
3108 3060 3244 3132 πρὸς
3295 3061 3589 3132 ἐπιθυμίαν
3634 3062 3729 3115 τοῦ
3771 3062 3871 3134 θή-

2293 3155 2412 3218 λεος
2435 3154 2568 3226 (22),
2598 3153 2983 3218 ἀτιθάσσευτος
3019 3155 3048 3208 6
3075 3153 3259 3218 λύκος,
3292 3153 3386 3208 καὶ
3411 3151 3627 3224 δολερὸν
3657 3156 3689 3225 ἡ
3730 3155 3872 3207 ἀλώ-

625 3215 810 3292 dolosa
834 3247 917 3290 est
938 3235 1146 3305 vulpes,
1169 3234 1391 3289 timidus
1418 3248 1628 3297 cervus,
1652 3231 1872 3286 lonnica
1905 3228 2190 3296 laboriosa,

2296 3215 2627 3320 stne-,‘6siiibv
2656 3251 2684 3302 6
2716 3248 2932 3319 ἔλαφος,
3041 3215 3260 3318 μύρμῆξ
3307 3215 3609 3316 φιλόπονος,
3650 3215 3873 3316 εύχάρι-

623 3332 778 3387 canis
808 3341 996 3400 gratus
1025 3339 1127 3396 est,
1159 3341 1213 3383 et
1252 3328 1503 3383 amicitia:
1545 3341 1776 3382 memor.
1807 3325 2093 3379 Enimvero
2122 3322 2198 3377 si-

629 3424 904 3492 mulatque
951 3422 1227 3490 quodlibet
1274 3421 1471 3473 animal
1525 3429 1763 3473 creatum
1811 3426 1931 3482 est,
1981 3416 2195 3469 inducta

626 3525 708 3569 est
739 3515 788 3568 ei
821 3523 1028 3566 natura:
1054 3527 1164 3566 sua:
1187 3506 1509 3581 proprietas.
1535 3511 1798 3564 Producta
1828 3519 1910 3562 est
1937 3525 2040 3562 una
2072 3524 2194 3562 cum

634 3602 787 3657 leone
821 3601 1160 3656 vehementia
1191 3601 1380 3665 animi,
1405 3599 1617 3653 vivendi
1651 3599 1786 3652 ratio
1819 3596 2079 3659 solitaria,
2109 3597 2192 3648 in—

631 3694 781 3749 doles
805 3694 1049 3763 quwdam
1074 3707 1194 3746 cum
1222 3693 1335 3747 suis
1366 3691 1650 3746 tribulibus
1680 3687 2029 3745 insociabilis.
2059 3685 2192 3739 Nam

634 3787 780 3842 velut
830 3787 1047 3857 quidam
1099 3787 1376 3842 brutarum
1431 3785 1779 3841 animantium
1821 3793 2100 3854 tyrannus,
2128 3780 2195 3834 ob

643 3889 848 3932 naturte
881 3879 1208 3947 superbiam,
1245 3876 1441 3930 multos
1470 3876 1569 3930 sibi
1602 3889 1757 3944 pares
1783 3887 1900 3928 esse
1926 3881 1979 3927 et
2011 3886 2195 3940 aequa-

637 3967 718 4023 les
746 3985 850 4023 non
881 3969 1026 4025 sinit.
1056 3968 1156 4035 Qui
1187 3983 1316 4022 sane
1345 3981 1516 4036 neque
1550 3967 1858 4020 hesternum
1887 3965 2195 4019 alimentum

627 4062 884 4124 admittit,
921 4077 1094 4129 neque
1137 4063 1201 4114 ad
1238 4076 1348 4114 suae
1377 4061 1568 4128 praedae
1615 4059 1867 4126 reliquias
1899 4059 2040 4112 redit
2068 4078 2079 4111 :
2111 4056 2194 4110 cui

627 4153 792 4206 etiam
836 4160 981 4204 tanta
1031 4151 1176 4205 vocis
1218 4165 1420 4220 organa
1472 4149 1662 4203 indidit
1702 4156 1914 4211 natura,
1947 4157 2005 4200 ttt
2044 4147 2195 4216 plura

627 4242 879 4296 animalia
915 4243 1070 4313 longe
1102 4243 1218 4312 ipso
1245 4243 1535 4301 velociora,
1564 4240 1680 4295 solo
1719 4253 1860 4308 saepe
1907 4238 2080 4306 rugitu
2110 4251 2195 4290 ca-

627 4338 862 4405 piantur.
892 4333 1197 4391 Vehemens
1229 4347 1313 4390 est
1350 4335 1634 4404 panthera,
1663 4345 1720 4388 et
1745 4334 1810 4388 ad
1845 4332 2080 4401 impetus
2110 4343 2194 4382 re-

628 4427 876 4491 pentinos
916 4425 1161 4494 expedita
1197 4447 1210 4480 :
1246 4441 1441 4494 corpus
1480 4425 1708 4494 agilitati
1754 4433 1810 4480 et
1849 4422 2052 4476 levitati
2089 4421 2194 4474 ido-

2297 3357 2419 3394 στον
2447 3343 2475 3394 6
2508 3342 2651 3395 κύων
2695 3343 2788 3394 καὶ
2820 3341 2956 3411 πρὸς
2988 3339 3167 3408 φιλίαν
3198 3338 3548 3407 μνημονικόν.
3588 3338 3760 3406 ’Θμοῦ
3801 3355 3868 3390 τε

2294 3430 2402 3500 γὰρ
2439 3430 2658 3498 ἐκτίσθη
2687 3430 2935 3490 ἕκαστον,
2968 3429 3062 3479 καὶ
3091 3425 3498 3495 συνεπηγάγετο
3529 3423 3640 3496 (εδ)
3688 3425 3872 3494 ἐαυτῷ

2291 3521 2389 3589 τῆς
2420 3521 2633 3589 φύσεως
2675 3520 2734 3572 τὸ
2760 3519 2972 3588 ἰδίωμα.
3016 3516 3463 3588 Συναπεγεννήθη
3513 3519 3541 3570 6
3583 3516 3759 3588 Θυμὸς
3789 3518 3869 3588 τῷ

2292 3611 2486 3674 λέοντι,
2522 3612 2580 3664 τὺ
2617 3611 2937 3682 μοναστικὸν
2970 3610 3131 3663 αὑτοῦ
3156 3609 3257 3680 τῆς
3282 3609 3445 3680 ζωῆς,
3471 3609 3534 3662 τὸ
3559 3610 3868 3679 ἀκοινώνη-

2291 3719 2382 3755 τον
2428 3703 2565 3773 πρὸς
2613 3702 2674 3755 τὸ
2711 3700 2998 3772 ὁμόφυλον.
3037 3696 3163 3754 Οἷον
3199 3702 3310 3772 γάρ
3341 3719 3424 3763 τις
3459 3699 3723 3770 τύραννος
3759 3702 3870 3752 τῶν

2294 3795 2528 3863 ἀλόγων,
2560 3794 2648 3848 διὰ
2673 3795 2771 3864 τὴν
2799 3797 2863 3849 ἐκ
2882 3793 3093 3864 φύσεως
3119 3793 3417 3864 ὑπεροψίαν
3448 3792 3545 3862 τὴν
3580 3791 3718 3862 πρὸς
3741 3793 3871 3856 τοτις

2296 3887 2520 3950 πολλοὺς
2542 3887 2826 3958 ὁμοτιμίαν
2866 3888 2926 3939 οὑ
2957 3885 3327 3954 καταδέχεται.
3370 3885 3468 3943 '0;
3494 3899 3558 3951 γε
3590 3883 3709 3937 οὐδὲ
3753 3884 3870 3954 χθι-

2296 3981 2393 4052 ζὴν
2419 3981 2622 4052 τροφὴν
2650 3994 2949 4050 προσιεται,
2977 3977 3087 4030 οὐδ’
3117 3977 3182 4029 ἂν
3208 3975 3276 4028 τὰ
3302 3974 3527 4044 λείψανα
3552 3977 3652 4044 τῆς
3673 3974 3868 4027 ἑαυτοῦ

2295 4073 2466 4144 θήρας
2489 4072 2729 4126 ἐπέλθοι·
2829 4071 2919 4122 καὶ
2939 4069 3240 4140 τηλικαῦτα
3265 4069 3362 4137 τῆς
3390 4067 3575 4137 φωνῆς
3599 4067 3670 4120 τὰ
3699 4067 3872 4137 ὄργι-

2292 4183 2359 4220 να
2403 4167 2435 4236 ἡ
2472 4164 2632 4233 φύσις
2660 4163 2935 4231 ἐνέθηκεν,
2970 4160 3132 4224 ὥστε,
3167 4160 3338 4213 πολλὰ
3373 4159 3482 4213 τῶν
3511 4158 3666 4224 ζώων
3694 4159 3870 4230 61:59-

2292 4255 2552 4310 ϐάλλοντα
2581 4257 2644 4326 τῇ
2671 4255 2950 4325 ταχύτητι,
3004 4254 3150 4325 μόνῳ
3199 4253 3457 4318 πολλάκις
3483 4253 3763 4307 ἁλίκεσθαι
3795 4251 3872 4321 τῷ

2293 4344 2623 4417 βρυχήματι.
2663 4345 2943 4414 Ῥαγδαῖον
2991 4347 3024 4415 ἡ
3077 4345 3360 4416 πάρδαλις,
3417 4343 3512 4398 καὶ
3565 4343 3872 4415 ὀξύρροπον

2289 4438 2408 4498 ταῖς
2436 4437 2666 4505 ὁρμαῖς·
2712 4434 3016 4503 ἐπιτήδειον
3046 4434 3182 4504 αὐτῇ
3221 4433 3282 4486 τὸ
3320 4433 3479 4503 σῶμα
3513 4431 3871 4496 συνέζευκται

626 4533 809 4582 neum,
840 4518 1092 4587 quodque
1131 4520 1324 4572 animae
1373 4520 1606 4572 motibus
1655 4519 1923 4582 convenit,
1959 4515 2008 4569 ei
2054 4530 2186 4569 con-

2293 4527 2354 4597 τῇ
2382 4526 2636 4596 ὑγρότητι
2666 4526 2760 4578 καὶ
2795 4524 2874 4595 τῷ
2900 4524 3106 4595 κούφῳ,
3134 4527 3246 4588 τοῖς
3275 4526 3370 4595 τῆς
3399 4523 3574 4592 ψυχῆς
3603 4523 3870 4592 κινήμασι

617 4605 858 4676 junctum
887 4619 987 4663 est.
1011 4608 1170 4676 Pigra
1199 4619 1280 4663 est
1313 4623 1452 4662 ursa:
1484 4618 1696 4672 natura,
1723 4606 1929 4661 indoles
1961 4603 2188 4675 peculia-

620 4701 719 4766 ris,
755 4716 934 4756 tnores
981 4701 1208 4765 subdoli,
1239 4712 1292 4756 et
1337 4702 1443 4754 alte
1482 4701 1631 4755 tecti.
1668 4699 1854 4755 induta
1899 4709 1984 4755 est
2023 4702 2185 4755 etiam

2296 4617 2680 4687 συνεπόμενον.
2703 4617 2906 4688 Νωθρὰ
2932 4618 2964 4688 ὴ
2991 4616 3151 4684 φύσις
3180 4617 3279 4686 τῆς
3308 4617 3531 4686 ἄρκτου,
3569 4613 3871 4683 ἰδιότροπον

2293 4707 2475 4762 καὶτὸ
2504 4703 2656 4778 ἦθος,
2686 4706 2936 4773 ὓπουλον,
2979 4706 3115 4778 βαθὺ
3151 4705 3430 4769 ἐνδεδυκός
3467 4703 3602 4774 (24).
3641 4704 3870 4774 Ὀμοιον

686 4869 1222 4962 1¹¹Ρειιι.ιι.νιιι,1ἱ¹›.
1258 4901 1521 4956 "Coloss.
1564 4917 1642 4966 ιιι,
1686 4899 1736 4954 l.
1815 4899 1860 4931 “
1891 4898 2119 4968 Philipp.
2163 4914 2192 4952 ιι

2293 4899 2364 4954 £0.
2443 4902 2487 4933 ¹⁸
2515 4900 2682 4957 Hebr.
2718 4918 2820 4968 xu,
2844 4903 2937 4967 22,
2966 4902 3037 4957 25

703 5040 992 5114 (Πληθε.
1031 5041 1252 5114 quintus
1294 5041 1476 5102 αὐτοῖς
1523 5042 1555 5110 ὴ
1599 5039 1869 5114 γέννησις.
1904 5039 2191 5114 Aliquanto

624 5107 741 5181 post
771 5107 950 5163 editio
972 5107 1130 5163 Basil.
1164 5127 1287 5182 cum
1306 5114 1486 5165 multis
1510 5107 1638 5164 mss.
1659 5113 1685 5164 6
1704 5107 2017 5182 ἄνθρωπος.
2033 5107 2194 5163 Deest

624 5182 884 5235 articulus
915 5182 967 5234 in
999 5183 1234 5233 editione
1269 5181 1444 5235 Paris.

692 5252 802 5320 (l8)
845 5251 1022 5304 tiodex
1055 5250 1296 5305 Combel‘.
1331 5267 1451 5304 cum
1485 5250 1801 5320 quibusdam
1841 5265 1968 5302 mss.
2004 5250 2184 5320 νένευέ

623 5319 736 5373 κεν.
769 5319 904 5374 ιέᾴιιὶιι
935 5338 1054 5375 cum
1080 5322 1395 5389 quibusdam
1427 5321 1546 5391 aliis
1569 5319 1983 5391 rtpoicvéveuatev.
2003 5319 2183 5389 [Couﬁ

624 5392 722 5444 Mel
765 5395 892 5444 tium
929 5393 981 5443 in
1023 5391 1260 5444 Ctmnet'i
1296 5390 1548 5461 Anecdot.
1588 5402 1625 5461 t.
1649 5390 1728 5442 lll.
1756 5390 1905 5461 p.7.]

699 5461 804 5528 (l9)
837 5462 1056 5514 Veteres
1085 5462 1321 5530 quinque
1355 5461 1470 5512 libri
1510 5459 1814 5530 βλέπουσιν.
1842 5459 1973 5528 Reg.
2005 5468 2185 5513 sextus

623 5532 912 5584 σκοποῦσιν
946 5532 1049 5593 ἕως
1083 5531 1168 5583 ἄν.
1209 5533 1345 5584 ιςιιιιι
1390 5531 1764 5582 σκοπεύουσιν.

696 5603 807 5671 (ὶο)
845 5601 996 5655 Colb.
1032 5604 1298 5671 secundus
1351 5601 1529 5670 ζητεῖν
1560 5603 1692 5653 ὅπου
1740 5602 1787 5652 ὁ.
1820 5598 2011 5654 Statim
2053 5599 2182 5668 Reg.

623 5676 842 5740 quintus
873 5672 1040 5734 οὕτως
1068 5670 1248 5723 διάθου
1283 5672 1524 5724 σεαυτόν.

696 5741 802 5812 (21)
837 5743 984 5796 Colb.
1026 5744 1290 5796 secundus
1325 5741 1478 5806 ζώων
1508 5741 1870 5812 διακέκριται.

697 5809 808 5883 (22)
849 5813 1025 5868 Editio
1071 5812 1229 5865 Basil.
1283 5829 1405 5867 cunt
1449 5828 1538 5868 sex
1568 5809 1716 5866 ntss.‘
1748 5810 2040 5882 ἐπιθυμίαν
2092 5809 2184 5864 τοῦ

2297 5040 2506 5110 θήλεος.
2550 5041 2655 5095 Sed
2697 5043 3010 5111 typograpbi
3044 5039 3398 5100 Parisienses,
3432 5038 3575 5106 quod
3609 5039 3868 5111 hunclo-

2297 5109 2418 5163 cum
2458 5109 2862 5166 vitiosum’esse
2908 5120 3178 5179 putarent,
3223 5111 3603 5176 scripserunt:
3633 5110 3736 5179 τῆς
3769 5109 3866 5179 θή-

2296 5180 2436 5245 λεος,
2471 5184 2562 5235 sed
2595 5155 3088 5250 perperam.li;raaci
3118 5155 3262 5232 enim
3294 5155 3475 5232 dicunt
3501 5183 3528 5232 6
3559 5155 3732 5248 eam“;
3753 5155 3867 5233 ἐλέ-

2292 5268 2418 5319 φας,
2477 5249 2928 5318 femina'eleplms
2955 5255 3024 5303 :6
3059 5249 3223 5320 θῆλυς
3276 5250 3462 5312 ἵππος,
3514 5267 3668 5316 equa.
3703 5251 3867 5319 Igitur

2329 5333 2412 5375 ost
2443 5322 2536 5374 has
2578 5337 2753 5386 voces,
2807 5321 2900 5374 τοῦ
2945 5321 3154 5391 Θήλεος,
3187 5323 3436 5391 suppleas
3471 5321 3626 5372 velim
3675 5320 3864 5374 ἵππου.

2317 5394 2489 5444 bidem
2519 5391 2667 5460 Regii
2701 5402 2881 5444 sextus
2910 5402 2961 5445 et
2996 5390 3220 5460 Octavus
3266 5390 3680 5442 ἀτιθάσσευτον.
3727 5392 3866 5443 Editi

2292 5477 2413 5514 cum
2439 5463 2558 5513 aliis
2590 5459 2714 5515 mss.
2739 5461 3143 5524 ἁτιθάσσευτος.
3176 5459 3315 5514 Nihil
3351 5462 3514 5513 refert
3549 5462 3648 5512 hoc
3675 5478 3744 5513 an
3780 5461 3867 5514 illo

2297 5531 2454 5584 modo
2501 5532 2665 5598 legas.
2719 5533 2914 5584 Ibidem
2952 5534 3102 5584 tnulti
3143 5549 3272 5585 mss.
3312 5533 3406 5583 καὶ
3438 5529 3675 5599 δολερὸν.
3709 5530 3867 5585 Deest

2294 5601 2386 5671 καί
2425 5604 2472 5650 in
2511 5603 2688 5671 editis.
2738 5601 2854 5654 Mox
2896 5603 3026 5669 Reg.
3067 5611 3249 5655 sextus
3293 5598 3516 5671 μύρμηξ
3548 5598 3861 5669 φιλόπονον.

2367 5670 2477 5740 (‘25)
2509 5669 2637 5738 liv-g.
2681 5683 2862 5725 srxtus
2898 5669 3330 5739 συναπηγάγετο.

2365 5741 2476 5809 (τι)
2522 5742 2617 5792 Ms.
2649 5741 2892 5796 Contbef.
2936 5759 3054 5794 cum
3101 5746 3230 5810 lteg.
3262 5751 3455 5794 octavo
3484 5740 3618 5808 βαθὺ
3655 5741 3753 5795 καὶ
3781 5742 3865 5796 ἐν’

2293 5811 2530 5874 δεδυκὸς.
2569 5813 2720 5867 lle-st
2753 5812 2847 5864 καί
2882 5817 2935 5869 ιιι
2965 5812 3124 5868 editis
3153 5822 3204 5865 et
3235 5813 3289 5866 in
3321 5812 3440 5867 altis
3471 5827 3598 5867 mss.
