  <div class='ocr_page' id='page_1' title='image "/cluster/home/n/w/nwhite01/storage/ocr_20150623/29/ien.35556001660547/506.png"; bbox 0 0 4062 6430; ppageno 0'>
   <div class='ocr_carea' id='block_1_1' title="bbox 536 354 635 412">
    <p class='ocr_par' dir='ltr' id='par_1_1' title="bbox 536 354 635 412">
     <span class='ocr_line' id='line_1_1' title="bbox 536 354 635 412; baseline 0 -1"><span class='ocrx_word' id='word_1_1' title='bbox 536 354 635 412; x_wconf 73' lang='grc'><strong>195</strong></span> 
     </span>
    </p>
   </div>
   <div class='ocr_carea' id='block_1_2' title="bbox 1831 335 2426 401">
    <p class='ocr_par' dir='ltr' id='par_1_2' title="bbox 1831 335 2426 401">
     <span class='ocr_line' id='line_1_2' title="bbox 1831 335 2426 401; baseline -0.018 0"><span class='ocrx_word' id='word_1_2' title='bbox 1831 346 1888 401; x_wconf 91' lang='lat' dir='ltr'><strong>S.</strong></span> <span class='ocrx_word' id='word_1_3' title='bbox 1931 340 2173 397; x_wconf 73' lang='lat' dir='ltr'><strong>BASILH</strong></span> <span class='ocrx_word' id='word_1_4' title='bbox 2210 335 2426 394; x_wconf 81' lang='lat' dir='ltr'><strong>MAGNI</strong></span> 
     </span>
    </p>
   </div>
   <div class='ocr_carea' id='block_1_3' title="bbox 3678 318 3783 372">
    <p class='ocr_par' dir='ltr' id='par_1_3' title="bbox 3678 318 3783 372">
     <span class='ocr_line' id='line_1_3' title="bbox 3678 318 3783 372; baseline -0.01 0"><span class='ocrx_word' id='word_1_5' title='bbox 3678 318 3783 372; x_wconf 66' lang='lat'><strong>196</strong></span> 
     </span>
    </p>
   </div>
   <div class='ocr_carea' id='block_1_4' title="bbox 535 436 2124 527">
    <p class='ocr_par' dir='ltr' id='par_1_4' title="bbox 535 460 2094 527">
     <span class='ocr_line' id='line_1_4' title="bbox 535 460 2094 527; baseline -0.009 -2"><span class='ocrx_word' id='word_1_6' title='bbox 535 475 803 527; x_wconf 76' lang='lat' dir='ltr'><strong>minantes</strong></span> <span class='ocrx_word' id='word_1_7' title='bbox 842 468 942 523; x_wconf 92' lang='lat' dir='ltr'><strong>sibi</strong></span> <span class='ocrx_word' id='word_1_8' title='bbox 988 467 1053 521; x_wconf 86' lang='lat' dir='ltr'><strong>ad</strong></span> <span class='ocrx_word' id='word_1_9' title='bbox 1100 465 1491 521; x_wconf 89' lang='lat' dir='ltr'><strong>nutrimentum</strong></span> <span class='ocrx_word' id='word_1_10' title='bbox 1527 460 1743 517; x_wconf 83' lang='lat' dir='ltr'><strong>inutiles</strong></span> <span class='ocrx_word' id='word_1_11' title='bbox 1778 461 2094 516; x_wconf 85' lang='lat' dir='ltr'><strong>reddantur.</strong></span> 
     </span>
    </p>
   </div>
   <div class='ocr_carea' id='block_1_5' title="bbox 2233 436 3783 527">
    <p class='ocr_par' dir='ltr' id='par_1_5' title="bbox 2233 436 3783 524">
     <span class='ocr_line' id='line_1_5' title="bbox 2233 436 3783 524; baseline -0.013 -18"><span class='ocrx_word' id='word_1_12' title='bbox 2233 454 2460 524; x_wconf 84' lang='grc' dir='ltr'>ὡμενος.</span> <span class='ocrx_word' id='word_1_13' title='bbox 2514 448 2799 503; x_wconf 86' lang='grc' dir='ltr'>Διακόπτει</span> <span class='ocrx_word' id='word_1_14' title='bbox 2859 445 2965 515; x_wconf 77' lang='grc' dir='ltr'><strong>γὰρ</strong></span> <span class='ocrx_word' id='word_1_15' title='bbox 3020 444 3140 506; x_wconf 80' lang='grc' dir='ltr'>ταῖς</span> <span class='ocrx_word' id='word_1_16' title='bbox 3186 439 3379 495; x_wconf 83' lang='grc' dir='ltr'>ἐαυτοῦ</span> <span class='ocrx_word' id='word_1_17' title='bbox 3426 437 3618 509; x_wconf 84' lang='grc' dir='ltr'><strong>χηλαῖς</strong></span> <span class='ocrx_word' id='word_1_18' title='bbox 3672 436 3783 487; x_wconf 77' lang='grc' dir='ltr'><strong>τῶν</strong></span> 
     </span>
    </p>
   </div>
   <div class='ocr_carea' id='block_1_6' title="bbox 538 550 2101 620">
    <p class='ocr_par' dir='ltr' id='par_1_6' title="bbox 538 550 2101 620">
     <span class='ocr_line' id='line_1_6' title="bbox 538 550 2101 620; baseline -0.009 -3"><span class='ocrx_word' id='word_1_19' title='bbox 538 561 763 617; x_wconf 78' lang='lat' dir='ltr'><strong>Eosdem</strong></span> <span class='ocrx_word' id='word_1_20' title='bbox 792 559 954 613; x_wconf 88' lang='lat' dir='ltr'><strong>etiam</strong></span> <span class='ocrx_word' id='word_1_21' title='bbox 986 557 1240 620; x_wconf 71' lang='lat' dir='ltr'><strong>exsiccet,</strong></span> <span class='ocrx_word' id='word_1_22' title='bbox 1276 564 1408 620; x_wconf 92' lang='lat' dir='ltr'><strong>tum,</strong></span> <span class='ocrx_word' id='word_1_23' title='bbox 1437 569 1561 609; x_wconf 92' lang='lat' dir='ltr'><strong>eum</strong></span> <span class='ocrx_word' id='word_1_24' title='bbox 1594 568 1689 608; x_wconf 88' lang='lat' dir='ltr'><strong>eos</strong></span> <span class='ocrx_word' id='word_1_25' title='bbox 1718 554 1881 607; x_wconf 83' lang='lat' dir='ltr'><strong>sentit</strong></span> <span class='ocrx_word' id='word_1_26' title='bbox 1923 550 2101 604; x_wconf 87' lang='lat' dir='ltr'><strong>made-</strong></span> 
     </span>
    </p>
   </div>
   <div class='ocr_carea' id='block_1_7' title="bbox 539 642 2104 717">
    <p class='ocr_par' dir='ltr' id='par_1_7' title="bbox 539 642 2104 717">
     <span class='ocr_line' id='line_1_7' title="bbox 539 642 2104 717; baseline -0.008 -11"><span class='ocrx_word' id='word_1_27' title='bbox 539 652 709 709; x_wconf 89' lang='lat' dir='ltr'><strong>factos</strong></span> <span class='ocrx_word' id='word_1_28' title='bbox 743 670 755 704; x_wconf 93' lang='lat'>:</span> <span class='ocrx_word' id='word_1_29' title='bbox 789 664 886 704; x_wconf 86' lang='lat' dir='ltr'><strong>nec</strong></span> <span class='ocrx_word' id='word_1_30' title='bbox 927 649 1069 703; x_wconf 90' lang='lat' dir='ltr'><strong>omni</strong></span> <span class='ocrx_word' id='word_1_31' title='bbox 1124 656 1363 717; x_wconf 87' lang='lat' dir='ltr'><strong>tempore</strong></span> <span class='ocrx_word' id='word_1_32' title='bbox 1401 660 1496 701; x_wconf 90' lang='lat' dir='ltr'><strong>eos</strong></span> <span class='ocrx_word' id='word_1_33' title='bbox 1535 642 1822 714; x_wconf 83' lang='lat' dir='ltr'><strong>expromit,</strong></span> <span class='ocrx_word' id='word_1_34' title='bbox 1857 642 1946 696; x_wconf 89' lang='lat' dir='ltr'><strong>sed</strong></span> <span class='ocrx_word' id='word_1_35' title='bbox 1982 655 2104 695; x_wconf 89' lang='lat' dir='ltr'><strong>cum</strong></span> 
     </span>
    </p>
   </div>
   <div class='ocr_carea' id='block_1_8' title="bbox 540 730 2102 803">
    <p class='ocr_par' dir='ltr' id='par_1_8' title="bbox 540 730 2102 803">
     <span class='ocr_line' id='line_1_8' title="bbox 540 730 2102 803; baseline -0.009 -6"><span class='ocrx_word' id='word_1_36' title='bbox 540 758 718 797; x_wconf 91' lang='lat' dir='ltr'><strong>aerem</strong></span> <span class='ocrx_word' id='word_1_37' title='bbox 752 742 803 795; x_wconf 91' lang='lat' dir='ltr'><strong>in</strong></span> <span class='ocrx_word' id='word_1_38' title='bbox 840 755 1031 795; x_wconf 88' lang='lat' dir='ltr'><strong>sereno</strong></span> <span class='ocrx_word' id='word_1_39' title='bbox 1059 746 1199 792; x_wconf 88' lang='lat' dir='ltr'><strong>statu</strong></span> <span class='ocrx_word' id='word_1_40' title='bbox 1232 752 1544 793; x_wconf 86' lang='lat' dir='ltr'><strong>mansurum</strong></span> <span class='ocrx_word' id='word_1_41' title='bbox 1578 750 1700 792; x_wconf 90' lang='lat' dir='ltr'><strong>esse</strong></span> <span class='ocrx_word' id='word_1_42' title='bbox 1743 730 2102 803; x_wconf 71' lang='lat' dir='ltr'><strong>prtesenserit.</strong></span> 
     </span>
    </p>
   </div>
   <div class='ocr_carea' id='block_1_9' title="bbox 542 824 2105 901">
    <p class='ocr_par' dir='ltr' id='par_1_9' title="bbox 542 824 2105 901">
     <span class='ocr_line' id='line_1_9' title="bbox 542 824 2105 901; baseline -0.009 -13"><span class='ocrx_word' id='word_1_43' title='bbox 542 833 658 887; x_wconf 84' lang='lat' dir='ltr'><strong>Non</strong></span> <span class='ocrx_word' id='word_1_44' title='bbox 692 831 877 901; x_wconf 85' lang='lat' dir='ltr'><strong>utique</strong></span> <span class='ocrx_word' id='word_1_45' title='bbox 911 830 1094 884; x_wconf 80' lang='lat' dir='ltr'><strong>videas</strong></span> <span class='ocrx_word' id='word_1_46' title='bbox 1126 828 1352 883; x_wconf 87' lang='lat' dir='ltr'><strong>imbrem</strong></span> <span class='ocrx_word' id='word_1_47' title='bbox 1394 843 1461 882; x_wconf 77' lang='lat' dir='ltr'><strong>ex</strong></span> <span class='ocrx_word' id='word_1_48' title='bbox 1504 826 1735 883; x_wconf 88' lang='lat' dir='ltr'><strong>nubibus</strong></span> <span class='ocrx_word' id='word_1_49' title='bbox 1764 824 2105 887; x_wconf 82' lang='lat' dir='ltr'><strong>deﬂuentem,</strong></span> 
     </span>
    </p>
   </div>
   <div class='ocr_carea' id='block_1_10' title="bbox 541 917 2108 994">
    <p class='ocr_par' dir='ltr' id='par_1_10' title="bbox 541 917 2108 994">
     <span class='ocr_line' id='line_1_10' title="bbox 541 917 2108 994; baseline -0.007 -15"><span class='ocrx_word' id='word_1_50' title='bbox 541 933 743 994; x_wconf 87' lang='lat' dir='ltr'><strong>quanto</strong></span> <span class='ocrx_word' id='word_1_51' title='bbox 796 932 1036 992; x_wconf 85' lang='lat' dir='ltr'><strong>tempore</strong></span> <span class='ocrx_word' id='word_1_52' title='bbox 1084 935 1115 975; x_wconf 87' lang='lat' dir='ltr'><strong>a</strong></span> <span class='ocrx_word' id='word_1_53' title='bbox 1162 919 1401 974; x_wconf 79' lang='lat' dir='ltr'><strong>formicis</strong></span> <span class='ocrx_word' id='word_1_54' title='bbox 1432 919 1735 990; x_wconf 82' lang='lat' dir='ltr'><strong>expositum</strong></span> <span class='ocrx_word' id='word_1_55' title='bbox 1776 917 2108 971; x_wconf 88' lang='lat' dir='ltr'><strong>frumentum</strong></span> 
     </span>
    </p>
   </div>
   <div class='ocr_carea' id='block_1_11' title="bbox 543 1007 2112 1081">
    <p class='ocr_par' dir='ltr' id='par_1_11' title="bbox 543 1007 2112 1081">
     <span class='ocr_line' id='line_1_11' title="bbox 543 1007 2112 1081; baseline -0.006 -11"><span class='ocrx_word' id='word_1_56' title='bbox 543 1025 645 1070; x_wconf 89' lang='lat' dir='ltr'><strong>est.</strong></span> <span class='ocrx_word' id='word_1_57' title='bbox 682 1014 815 1081; x_wconf 83' lang='lat' dir='ltr'><strong>Quis</strong></span> <span class='ocrx_word' id='word_1_58' title='bbox 862 1028 1039 1069; x_wconf 87' lang='lat' dir='ltr'><strong>sermo</strong></span> <span class='ocrx_word' id='word_1_59' title='bbox 1091 1014 1204 1069; x_wconf 65' lang='lat' dir='ltr'><strong>haec</strong></span> <span class='ocrx_word' id='word_1_60' title='bbox 1257 1012 1426 1081; x_wconf 87' lang='lat' dir='ltr'><strong>possit</strong></span> <span class='ocrx_word' id='word_1_61' title='bbox 1481 1011 1731 1080; x_wconf 80' lang='lat' dir='ltr'><strong>assequi?</strong></span> <span class='ocrx_word' id='word_1_62' title='bbox 1764 1010 1884 1079; x_wconf 89' lang='lat' dir='ltr'><strong>quis</strong></span> <span class='ocrx_word' id='word_1_63' title='bbox 1935 1007 2112 1076; x_wconf 84' lang='lat' dir='ltr'><strong>capiet</strong></span> 
     </span>
    </p>
   </div>
   <div class='ocr_carea' id='block_1_12' title="bbox 544 1101 2111 1173">
    <p class='ocr_par' dir='ltr' id='par_1_12' title="bbox 544 1101 2111 1173">
     <span class='ocr_line' id='line_1_12' title="bbox 544 1101 2111 1173; baseline -0.004 -15"><span class='ocrx_word' id='word_1_64' title='bbox 544 1104 800 1160; x_wconf 77' lang='lat' dir='ltr'><strong>auditus?</strong></span> <span class='ocrx_word' id='word_1_65' title='bbox 838 1105 1109 1173; x_wconf 85' lang='lat' dir='ltr'><strong>quodnam</strong></span> <span class='ocrx_word' id='word_1_66' title='bbox 1154 1114 1361 1173; x_wconf 87' lang='lat' dir='ltr'><strong>tempus</strong></span> <span class='ocrx_word' id='word_1_67' title='bbox 1391 1104 1523 1157; x_wconf 85' lang='lat' dir='ltr'><strong>satis</strong></span> <span class='ocrx_word' id='word_1_68' title='bbox 1550 1102 1653 1156; x_wconf 92' lang='lat' dir='ltr'><strong>erit</strong></span> <span class='ocrx_word' id='word_1_69' title='bbox 1682 1101 1921 1155; x_wconf 90' lang='lat' dir='ltr'><strong>dicendis</strong></span> <span class='ocrx_word' id='word_1_70' title='bbox 1950 1114 2111 1153; x_wconf 89' lang='lat' dir='ltr'><strong>enar-</strong></span> 
     </span>
    </p>
   </div>
   <div class='ocr_carea' id='block_1_13' title="bbox 547 1195 2114 1267">
    <p class='ocr_par' dir='ltr' id='par_1_13' title="bbox 547 1195 2114 1267">
     <span class='ocr_line' id='line_1_13' title="bbox 547 1195 2114 1267; baseline -0.004 -16"><span class='ocrx_word' id='word_1_71' title='bbox 547 1198 839 1267; x_wconf 89' lang='lat' dir='ltr'><strong>randisque</strong></span> <span class='ocrx_word' id='word_1_72' title='bbox 882 1197 1090 1267; x_wconf 82' lang='lat' dir='ltr'><strong>opificis</strong></span> <span class='ocrx_word' id='word_1_73' title='bbox 1134 1196 1407 1251; x_wconf 87' lang='lat' dir='ltr'><strong>miraculis</strong></span> <span class='ocrx_word' id='word_1_74' title='bbox 1447 1196 1731 1251; x_wconf 75' lang='lat' dir='ltr'><strong>omnibus“!</strong></span> <span class='ocrx_word' id='word_1_75' title='bbox 1765 1195 2016 1249; x_wconf 82' lang='lat' dir='ltr'><strong>Dicamus</strong></span> <span class='ocrx_word' id='word_1_76' title='bbox 2057 1201 2114 1246; x_wconf 91' lang='lat' dir='ltr'><strong>et</strong></span> 
     </span>
    </p>
   </div>
   <div class='ocr_carea' id='block_1_14' title="bbox 547 1286 2110 1357">
    <p class='ocr_par' dir='ltr' id='par_1_14' title="bbox 547 1286 2110 1357">
     <span class='ocr_line' id='line_1_14' title="bbox 547 1286 2110 1357; baseline -0.004 -14"><span class='ocrx_word' id='word_1_77' title='bbox 547 1303 645 1343; x_wconf 88' lang='lat' dir='ltr'><strong>nos</strong></span> <span class='ocrx_word' id='word_1_78' title='bbox 688 1303 810 1343; x_wconf 90' lang='lat' dir='ltr'><strong>cum</strong></span> <span class='ocrx_word' id='word_1_79' title='bbox 858 1288 1123 1357; x_wconf 82' lang='lat' dir='ltr'><strong>Propheta</strong></span> <span class='ocrx_word' id='word_1_80' title='bbox 1158 1307 1170 1341; x_wconf 91' lang='lat'><strong>:</strong></span> <span class='ocrx_word' id='word_1_81' title='bbox 1203 1286 1374 1353; x_wconf 83' lang='lat' dir='ltr'><strong>Quam</strong></span> <span class='ocrx_word' id='word_1_82' title='bbox 1421 1288 1753 1355; x_wconf 80' lang='lat' dir='ltr'><strong>magniﬁcam</strong></span> <span class='ocrx_word' id='word_1_83' title='bbox 1793 1295 1910 1340; x_wconf 76' lang='lat' dir='ltr'><strong>sunt</strong></span> <span class='ocrx_word' id='word_1_84' title='bbox 1954 1300 2110 1348; x_wconf 73' lang='lat' dir='ltr'><strong>opera</strong></span> 
     </span>
    </p>
   </div>
   <div class='ocr_carea' id='block_1_15' title="bbox 546 1376 2113 1447">
    <p class='ocr_par' dir='ltr' id='par_1_15' title="bbox 546 1376 2113 1447">
     <span class='ocr_line' id='line_1_15' title="bbox 546 1376 2113 1447; baseline -0.001 -16"><span class='ocrx_word' id='word_1_85' title='bbox 546 1391 658 1445; x_wconf 83' lang='lat' dir='ltr'><strong>tua,</strong></span> <span class='ocrx_word' id='word_1_86' title='bbox 698 1378 961 1433; x_wconf 83' lang='lat' dir='ltr'><strong>Domine!</strong></span> <span class='ocrx_word' id='word_1_87' title='bbox 996 1381 1165 1433; x_wconf 78' lang='lat' dir='ltr'><strong>omnia</strong></span> <span class='ocrx_word' id='word_1_88' title='bbox 1218 1381 1271 1432; x_wconf 89' lang='lat' dir='ltr'><strong>in</strong></span> <span class='ocrx_word' id='word_1_89' title='bbox 1313 1379 1566 1447; x_wconf 76' lang='lat' dir='ltr'><strong>sapientia</strong></span> <span class='ocrx_word' id='word_1_90' title='bbox 1613 1379 1781 1446; x_wconf 77' lang='lat' dir='ltr'><strong>fecisti</strong></span> <span class='ocrx_word' id='word_1_91' title='bbox 1810 1379 1875 1431; x_wconf 72' lang='lat'><strong>‘°.</strong></span> <span class='ocrx_word' id='word_1_92' title='bbox 1930 1376 2113 1444; x_wconf 84' lang='lat' dir='ltr'><strong>Itaque</strong></span> 
     </span>
    </p>
   </div>
   <div class='ocr_carea' id='block_1_16' title="bbox 549 1467 2111 1541">
    <p class='ocr_par' dir='ltr' id='par_1_16' title="bbox 549 1467 2111 1541">
     <span class='ocr_line' id='line_1_16' title="bbox 549 1467 2111 1541; baseline -0.002 -18"><span class='ocrx_word' id='word_1_93' title='bbox 549 1470 692 1525; x_wconf 84' lang='lat' dir='ltr'><strong>haud</strong></span> <span class='ocrx_word' id='word_1_94' title='bbox 724 1471 969 1527; x_wconf 75' lang='lat' dir='ltr'><strong>excusari</strong></span> <span class='ocrx_word' id='word_1_95' title='bbox 1002 1472 1315 1541; x_wconf 90' lang='lat' dir='ltr'><strong>poterimus,</strong></span> <span class='ocrx_word' id='word_1_96' title='bbox 1341 1472 1482 1540; x_wconf 88' lang='lat' dir='ltr'><strong>quod</strong></span> <span class='ocrx_word' id='word_1_97' title='bbox 1511 1485 1572 1525; x_wconf 88' lang='lat' dir='ltr'><strong>ea</strong></span> <span class='ocrx_word' id='word_1_98' title='bbox 1604 1484 1722 1539; x_wconf 64' lang='lat' dir='ltr'><strong>quae</strong></span> <span class='ocrx_word' id='word_1_99' title='bbox 1753 1467 2111 1523; x_wconf 85' lang='lat' dir='ltr'><strong>conducibilia</strong></span> 
     </span>
    </p>
   </div>
   <div class='ocr_carea' id='block_1_17' title="bbox 550 1560 2113 1630">
    <p class='ocr_par' dir='ltr' id='par_1_17' title="bbox 550 1560 2113 1630">
     <span class='ocr_line' id='line_1_17' title="bbox 550 1560 2113 1630; baseline -0.003 -15"><span class='ocrx_word' id='word_1_100' title='bbox 550 1572 695 1627; x_wconf 87' lang='lat' dir='ltr'><strong>sunt,</strong></span> <span class='ocrx_word' id='word_1_101' title='bbox 724 1561 916 1616; x_wconf 89' lang='lat' dir='ltr'><strong>litteris</strong></span> <span class='ocrx_word' id='word_1_102' title='bbox 965 1577 1067 1615; x_wconf 92' lang='lat' dir='ltr'><strong>non</strong></span> <span class='ocrx_word' id='word_1_103' title='bbox 1118 1578 1300 1615; x_wconf 90' lang='lat' dir='ltr'><strong>sumus</strong></span> <span class='ocrx_word' id='word_1_104' title='bbox 1345 1562 1520 1616; x_wconf 92' lang='lat' dir='ltr'><strong>edocti</strong></span> <span class='ocrx_word' id='word_1_105' title='bbox 1552 1580 1565 1614; x_wconf 91' lang='lat'><strong>:</strong></span> <span class='ocrx_word' id='word_1_106' title='bbox 1599 1560 2031 1630; x_wconf 82' lang='lat' dir='ltr'><strong>quandoquidem</strong></span> <span class='ocrx_word' id='word_1_107' title='bbox 2062 1560 2113 1611; x_wconf 89' lang='lat' dir='ltr'><strong>id</strong></span> 
     </span>
    </p>
   </div>
   <div class='ocr_carea' id='block_1_18' title="bbox 551 1650 2113 1723">
    <p class='ocr_par' dir='ltr' id='par_1_18' title="bbox 551 1650 2113 1723">
     <span class='ocr_line' id='line_1_18' title="bbox 551 1650 2113 1723; baseline 0 -21"><span class='ocrx_word' id='word_1_108' title='bbox 551 1650 690 1719; x_wconf 90' lang='lat' dir='ltr'><strong>quod</strong></span> <span class='ocrx_word' id='word_1_109' title='bbox 737 1650 867 1704; x_wconf 89' lang='lat' dir='ltr'><strong>utile</strong></span> <span class='ocrx_word' id='word_1_110' title='bbox 913 1660 1014 1717; x_wconf 87' lang='lat' dir='ltr'><strong>est,</strong></span> <span class='ocrx_word' id='word_1_111' title='bbox 1052 1668 1145 1722; x_wconf 89' lang='lat' dir='ltr'><strong>per</strong></span> <span class='ocrx_word' id='word_1_112' title='bbox 1184 1653 1352 1723; x_wconf 81' lang='lat' dir='ltr'><strong>legem</strong></span> <span class='ocrx_word' id='word_1_113' title='bbox 1400 1664 1607 1706; x_wconf 64' lang='lat' dir='ltr'><strong>natura:</strong></span> <span class='ocrx_word' id='word_1_114' title='bbox 1636 1651 1771 1706; x_wconf 89' lang='lat' dir='ltr'><strong>citra</strong></span> <span class='ocrx_word' id='word_1_115' title='bbox 1812 1651 2113 1705; x_wconf 85' lang='lat' dir='ltr'><strong>doctrinam</strong></span> 
     </span>
    </p>
   </div>
   <div class='ocr_carea' id='block_1_19' title="bbox 554 1742 2115 1813">
    <p class='ocr_par' dir='ltr' id='par_1_19' title="bbox 554 1742 2115 1813">
     <span class='ocr_line' id='line_1_19' title="bbox 554 1742 2115 1813; baseline -0.001 -19"><span class='ocrx_word' id='word_1_116' title='bbox 554 1742 708 1795; x_wconf 91' lang='lat' dir='ltr'><strong>nobis</strong></span> <span class='ocrx_word' id='word_1_117' title='bbox 739 1742 935 1809; x_wconf 80' lang='lat' dir='ltr'><strong>eligere</strong></span> <span class='ocrx_word' id='word_1_118' title='bbox 964 1743 1107 1797; x_wconf 90' lang='lat' dir='ltr'><strong>licet.</strong></span> <span class='ocrx_word' id='word_1_119' title='bbox 1145 1744 1264 1799; x_wconf 86' lang='lat' dir='ltr'><strong>Scis</strong></span> <span class='ocrx_word' id='word_1_120' title='bbox 1293 1745 1418 1811; x_wconf 88' lang='lat' dir='ltr'><strong>quid</strong></span> <span class='ocrx_word' id='word_1_121' title='bbox 1458 1759 1487 1796; x_wconf 90' lang='lat' dir='ltr'><strong>a</strong></span> <span class='ocrx_word' id='word_1_122' title='bbox 1520 1754 1572 1799; x_wconf 91' lang='lat' dir='ltr'><strong>te</strong></span> <span class='ocrx_word' id='word_1_123' title='bbox 1594 1743 1717 1797; x_wconf 89' lang='lat' dir='ltr'><strong>boni</strong></span> <span class='ocrx_word' id='word_1_124' title='bbox 1751 1742 2115 1813; x_wconf 67' lang='lat' dir='ltr'><strong>praestandum</strong></span> 
     </span>
    </p>
   </div>
   <div class='ocr_carea' id='block_1_20' title="bbox 2214 528 3789 612">
    <p class='ocr_par' dir='ltr' id='par_1_20' title="bbox 2214 528 3789 612">
     <span class='ocr_line' id='line_1_20' title="bbox 2214 528 3789 612; baseline -0.011 -16"><span class='ocrx_word' id='word_1_125' title='bbox 2214 543 2440 612; x_wconf 84' lang='grc' dir='ltr'>καρπῶν</span> <span class='ocrx_word' id='word_1_126' title='bbox 2484 542 2544 593; x_wconf 77' lang='grc' dir='ltr'><strong>τὸ</strong></span> <span class='ocrx_word' id='word_1_127' title='bbox 2582 540 2923 611; x_wconf 77' lang='grc' dir='ltr'><strong>μεσαίτατον,</strong></span> <span class='ocrx_word' id='word_1_128' title='bbox 2958 536 3030 598; x_wconf 81' lang='grc' dir='ltr'>ὡς</span> <span class='ocrx_word' id='word_1_129' title='bbox 3069 535 3135 588; x_wconf 83' lang='grc' dir='ltr'><strong>ἂν</strong></span> <span class='ocrx_word' id='word_1_130' title='bbox 3171 534 3247 603; x_wconf 84' lang='grc' dir='ltr'>μὴ</span> <span class='ocrx_word' id='word_1_131' title='bbox 3290 531 3582 600; x_wconf 81' lang='grc' dir='ltr'>ὲκφυέντες</span> <span class='ocrx_word' id='word_1_132' title='bbox 3620 528 3789 597; x_wconf 75' lang='grc' dir='ltr'>ἄχρη-</span> 
     </span>
    </p>
   </div>
   <div class='ocr_carea' id='block_1_21' title="bbox 2215 617 3790 704">
    <p class='ocr_par' dir='ltr' id='par_1_21' title="bbox 2215 617 3790 704">
     <span class='ocr_line' id='line_1_21' title="bbox 2215 617 3790 704; baseline -0.012 -16"><span class='ocrx_word' id='word_1_133' title='bbox 2215 652 2328 688; x_wconf 89' lang='grc' dir='ltr'>στοι</span> <span class='ocrx_word' id='word_1_134' title='bbox 2359 634 2495 704; x_wconf 83' lang='grc' dir='ltr'>πρὸς</span> <span class='ocrx_word' id='word_1_135' title='bbox 2527 633 2728 703; x_wconf 83' lang='grc' dir='ltr'>τροφὴν</span> <span class='ocrx_word' id='word_1_136' title='bbox 2761 629 2907 700; x_wconf 87' lang='grc' dir='ltr'>αὐτῷ</span> <span class='ocrx_word' id='word_1_137' title='bbox 2944 628 3204 697; x_wconf 78' lang='grc' dir='ltr'><strong>γένοιντο.</strong></span> <span class='ocrx_word' id='word_1_138' title='bbox 3250 624 3359 676; x_wconf 76' lang='grc' dir='ltr'><strong>Καὶ</strong></span> <span class='ocrx_word' id='word_1_139' title='bbox 3385 621 3635 691; x_wconf 73' lang='grc' dir='ltr'>διαψύχει</span> <span class='ocrx_word' id='word_1_140' title='bbox 3664 617 3790 671; x_wconf 86' lang='grc' dir='ltr'>τού-</span> 
     </span>
    </p>
   </div>
   <div class='ocr_carea' id='block_1_22' title="bbox 2212 712 3790 795">
    <p class='ocr_par' dir='ltr' id='par_1_22' title="bbox 2212 712 3790 795">
     <span class='ocr_line' id='line_1_22' title="bbox 2212 712 3790 795; baseline -0.012 -13"><span class='ocrx_word' id='word_1_141' title='bbox 2212 745 2357 792; x_wconf 85' lang='grc' dir='ltr'><strong>τους,</strong></span> <span class='ocrx_word' id='word_1_142' title='bbox 2410 728 2537 780; x_wconf 85' lang='grc' dir='ltr'>ὅταν</span> <span class='ocrx_word' id='word_1_143' title='bbox 2582 723 2833 795; x_wconf 80' lang='grc' dir='ltr'>αἴσθηται</span> <span class='ocrx_word' id='word_1_144' title='bbox 2865 720 3043 776; x_wconf 88' lang='grc' dir='ltr'>αὐτῶν</span> <span class='ocrx_word' id='word_1_145' title='bbox 3083 717 3415 787; x_wconf 77' lang='grc' dir='ltr'>διαϐρόχων’</span> <span class='ocrx_word' id='word_1_146' title='bbox 3467 716 3561 767; x_wconf 76' lang='grc' dir='ltr'><strong>καὶ</strong></span> <span class='ocrx_word' id='word_1_147' title='bbox 3592 714 3697 765; x_wconf 87' lang='grc' dir='ltr'><strong>οὐκ</strong></span> <span class='ocrx_word' id='word_1_148' title='bbox 3731 712 3790 763; x_wconf 85' lang='grc' dir='ltr'>ὲν</span> 
     </span>
    </p>
   </div>
   <div class='ocr_carea' id='block_1_23' title="bbox 2214 801 3787 889">
    <p class='ocr_par' dir='ltr' id='par_1_23' title="bbox 2214 801 3787 889">
     <span class='ocr_line' id='line_1_23' title="bbox 2214 801 3787 889; baseline -0.013 -16"><span class='ocrx_word' id='word_1_149' title='bbox 2214 819 2379 873; x_wconf 77' lang='grc' dir='ltr'>παντὶ</span> <span class='ocrx_word' id='word_1_150' title='bbox 2412 815 2702 889; x_wconf 79' lang='grc' dir='ltr'>προϐάλλει</span> <span class='ocrx_word' id='word_1_151' title='bbox 2737 812 2930 886; x_wconf 80' lang='grc' dir='ltr'><strong>καιρῷ,</strong></span> <span class='ocrx_word' id='word_1_152' title='bbox 2969 810 3081 865; x_wconf 81' lang='grc' dir='ltr'>ἀλλ’</span> <span class='ocrx_word' id='word_1_153' title='bbox 3123 810 3252 862; x_wconf 82' lang='grc' dir='ltr'>ὅταν</span> <span class='ocrx_word' id='word_1_154' title='bbox 3286 802 3650 877; x_wconf 85' lang='grc' dir='ltr'>προαίσθηται</span> <span class='ocrx_word' id='word_1_155' title='bbox 3690 801 3787 854; x_wconf 72' lang='grc' dir='ltr'>τοῦ</span> 
     </span>
    </p>
   </div>
   <div class='ocr_carea' id='block_1_24' title="bbox 2216 894 3788 981">
    <p class='ocr_par' dir='ltr' id='par_1_24' title="bbox 2216 894 3788 981">
     <span class='ocr_line' id='line_1_24' title="bbox 2216 894 3788 981; baseline -0.01 -18"><span class='ocrx_word' id='word_1_156' title='bbox 2216 910 2373 981; x_wconf 80' lang='grc' dir='ltr'>ἀέρος</span> <span class='ocrx_word' id='word_1_157' title='bbox 2428 911 2487 962; x_wconf 85' lang='grc' dir='ltr'><strong>ἐν</strong></span> <span class='ocrx_word' id='word_1_158' title='bbox 2550 907 2727 976; x_wconf 86' lang='grc' dir='ltr'>εὐδινῇ</span> <span class='ocrx_word' id='word_1_159' title='bbox 2791 904 2902 973; x_wconf 80' lang='grc'>(54)</span> <span class='ocrx_word' id='word_1_160' title='bbox 2961 900 3292 957; x_wconf 71' lang='grc' dir='ltr'><strong>καταστάσει</strong></span> <span class='ocrx_word' id='word_1_161' title='bbox 3355 894 3788 967; x_wconf 79' lang='grc' dir='ltr'><strong>φυλαττομένου.</strong></span> 
     </span>
    </p>
   </div>
   <div class='ocr_carea' id='block_1_25' title="bbox 2229 986 3792 1071">
    <p class='ocr_par' dir='ltr' id='par_1_25' title="bbox 2229 986 3792 1071">
     <span class='ocr_line' id='line_1_25' title="bbox 2229 986 3792 1071; baseline -0.011 -17"><span class='ocrx_word' id='word_1_162' title='bbox 2229 1001 2443 1071; x_wconf 80' lang='grc' dir='ltr'><strong>Ἀμέλει</strong></span> <span class='ocrx_word' id='word_1_163' title='bbox 2490 1000 2590 1053; x_wconf 85' lang='grc' dir='ltr'><strong>οὐκ</strong></span> <span class='ocrx_word' id='word_1_164' title='bbox 2629 998 2695 1052; x_wconf 82' lang='grc' dir='ltr'>ἂν</span> <span class='ocrx_word' id='word_1_165' title='bbox 2730 996 2857 1059; x_wconf 74' lang='grc' dir='ltr'>ἴδοις</span> <span class='ocrx_word' id='word_1_166' title='bbox 2887 993 3088 1065; x_wconf 80' lang='grc' dir='ltr'>δμθρον</span> <span class='ocrx_word' id='word_1_167' title='bbox 3134 1011 3199 1046; x_wconf 74' lang='grc' dir='ltr'><strong>εκ</strong></span> <span class='ocrx_word' id='word_1_168' title='bbox 3241 990 3417 1060; x_wconf 78' lang='grc' dir='ltr'>νεφῶν</span> <span class='ocrx_word' id='word_1_169' title='bbox 3457 986 3792 1058; x_wconf 73' lang='grc' dir='ltr'>ἐπιρῤυέντα</span> 
     </span>
    </p>
   </div>
   <div class='ocr_carea' id='block_1_26' title="bbox 2219 1075 3793 1163">
    <p class='ocr_par' dir='ltr' id='par_1_26' title="bbox 2219 1075 3793 1163">
     <span class='ocr_line' id='line_1_26' title="bbox 2219 1075 3793 1163; baseline -0.013 -16"><span class='ocrx_word' id='word_1_170' title='bbox 2219 1095 2348 1163; x_wconf 78' lang='grc' dir='ltr'>παρ’</span> <span class='ocrx_word' id='word_1_171' title='bbox 2373 1094 2494 1146; x_wconf 82' lang='grc' dir='ltr'>ὅσον</span> <span class='ocrx_word' id='word_1_172' title='bbox 2524 1091 2712 1162; x_wconf 90' lang='grc' dir='ltr'>χρόνον</span> <span class='ocrx_word' id='word_1_173' title='bbox 2754 1089 2819 1139; x_wconf 85' lang='grc' dir='ltr'><strong>ἐκ</strong></span> <span class='ocrx_word' id='word_1_174' title='bbox 2856 1085 2962 1139; x_wconf 89' lang='grc' dir='ltr'><strong>τῶν</strong></span> <span class='ocrx_word' id='word_1_175' title='bbox 2998 1085 3301 1157; x_wconf 82' lang='grc' dir='ltr'><strong>μυρμήκων</strong></span> <span class='ocrx_word' id='word_1_176' title='bbox 3345 1084 3374 1135; x_wconf 85' lang='grc' dir='ltr'><strong>ό</strong></span> <span class='ocrx_word' id='word_1_177' title='bbox 3415 1083 3557 1143; x_wconf 75' lang='grc' dir='ltr'>σῖτος</span> <span class='ocrx_word' id='word_1_178' title='bbox 3590 1075 3793 1148; x_wconf 69' lang='grc' dir='ltr'>προδέ-</span> 
     </span>
    </p>
   </div>
   <div class='ocr_carea' id='block_1_27' title="bbox 2220 1170 3794 1255">
    <p class='ocr_par' dir='ltr' id='par_1_27' title="bbox 2220 1170 3794 1255">
     <span class='ocr_line' id='line_1_27' title="bbox 2220 1170 3794 1255; baseline -0.011 -18"><span class='ocrx_word' id='word_1_179' title='bbox 2220 1184 2430 1255; x_wconf 83' lang='grc' dir='ltr'>6ληται.</span> <span class='ocrx_word' id='word_1_180' title='bbox 2490 1182 2583 1245; x_wconf 84' lang='grc' dir='ltr'><strong>Τίς</strong></span> <span class='ocrx_word' id='word_1_181' title='bbox 2632 1181 2888 1250; x_wconf 83' lang='grc' dir='ltr'><strong>ἐφίκηται</strong></span> <span class='ocrx_word' id='word_1_182' title='bbox 2935 1177 3045 1247; x_wconf 85' lang='grc'>(55)</span> <span class='ocrx_word' id='word_1_183' title='bbox 3093 1176 3284 1245; x_wconf 86' lang='grc' dir='ltr'>λόγος;</span> <span class='ocrx_word' id='word_1_184' title='bbox 3352 1172 3480 1226; x_wconf 84' lang='grc' dir='ltr'>ποία</span> <span class='ocrx_word' id='word_1_185' title='bbox 3548 1170 3794 1241; x_wconf 75' lang='grc' dir='ltr'><strong>χωρήσει</strong></span> 
     </span>
    </p>
   </div>
   <div class='ocr_carea' id='block_1_28' title="bbox 2218 1263 3800 1346">
    <p class='ocr_par' dir='ltr' id='par_1_28' title="bbox 2218 1263 3800 1346">
     <span class='ocr_line' id='line_1_28' title="bbox 2218 1263 3800 1346; baseline -0.019 -3"><span class='ocrx_word' id='word_1_186' title='bbox 2218 1277 2354 1346; x_wconf 80' lang='grc' dir='ltr'><strong>ἀκοή</strong></span> <span class='ocrx_word' id='word_1_187' title='bbox 2378 1293 2391 1339; x_wconf 71' lang='grc' dir='ltr'><strong>ἱ</strong></span> <span class='ocrx_word' id='word_1_188' title='bbox 2416 1275 2497 1337; x_wconf 81' lang='grc' dir='ltr'><strong>τίς</strong></span> <span class='ocrx_word' id='word_1_189' title='bbox 2534 1274 2817 1345; x_wconf 72' lang='grc' dir='ltr'>ἐξαρκέσει</span> <span class='ocrx_word' id='word_1_190' title='bbox 2854 1270 3041 1341; x_wconf 86' lang='grc' dir='ltr'>χρόνος</span> <span class='ocrx_word' id='word_1_191' title='bbox 3071 1269 3246 1322; x_wconf 89' lang='grc' dir='ltr'>πάντα</span> <span class='ocrx_word' id='word_1_192' title='bbox 3274 1269 3447 1321; x_wconf 86' lang='grc' dir='ltr'>εἰπεῖν</span> <span class='ocrx_word' id='word_1_193' title='bbox 3481 1264 3574 1317; x_wconf 77' lang='grc' dir='ltr'><strong>καὶ</strong></span> <span class='ocrx_word' id='word_1_194' title='bbox 3602 1263 3800 1333; x_wconf 81' lang='grc' dir='ltr'>διηγή-</span> 
     </span>
    </p>
   </div>
   <div class='ocr_carea' id='block_1_29' title="bbox 2221 1358 3795 1436">
    <p class='ocr_par' dir='ltr' id='par_1_29' title="bbox 2221 1358 3795 1436">
     <span class='ocr_line' id='line_1_29' title="bbox 2221 1358 3795 1436; baseline -0.01 -15"><span class='ocrx_word' id='word_1_195' title='bbox 2221 1367 2412 1421; x_wconf 90' lang='grc' dir='ltr'>σασθαι</span> <span class='ocrx_word' id='word_1_196' title='bbox 2440 1366 2531 1419; x_wconf 74' lang='grc' dir='ltr'>τοῦ</span> <span class='ocrx_word' id='word_1_197' title='bbox 2547 1367 2787 1436; x_wconf 82' lang='grc' dir='ltr'>τεχνίτου</span> <span class='ocrx_word' id='word_1_198' title='bbox 2810 1364 2878 1417; x_wconf 74' lang='grc' dir='ltr'>τὰ</span> <span class='ocrx_word' id='word_1_199' title='bbox 2907 1361 3195 1432; x_wconf 82' lang='grc' dir='ltr'>θαύματα;</span> <span class='ocrx_word' id='word_1_200' title='bbox 3220 1360 3478 1431; x_wconf 79' lang='grc' dir='ltr'>Εἴπωμεν</span> <span class='ocrx_word' id='word_1_201' title='bbox 3506 1358 3601 1412; x_wconf 72' lang='grc' dir='ltr'><strong>καὶ</strong></span> <span class='ocrx_word' id='word_1_202' title='bbox 3630 1358 3795 1427; x_wconf 77' lang='grc' dir='ltr'>ἡμεῖς</span> 
     </span>
    </p>
   </div>
   <div class='ocr_carea' id='block_1_30' title="bbox 2225 1450 3794 1529">
    <p class='ocr_par' dir='ltr' id='par_1_30' title="bbox 2225 1450 3794 1529">
     <span class='ocr_line' id='line_1_30' title="bbox 2225 1450 3794 1529; baseline -0.008 -17"><span class='ocrx_word' id='word_1_203' title='bbox 2225 1458 2362 1529; x_wconf 75' lang='grc' dir='ltr'>μετὰ</span> <span class='ocrx_word' id='word_1_204' title='bbox 2390 1457 2484 1512; x_wconf 75' lang='grc' dir='ltr'>τοῦ</span> <span class='ocrx_word' id='word_1_205' title='bbox 2519 1459 2796 1528; x_wconf 81' lang='grc' dir='ltr'>προφήτου</span> <span class='ocrx_word' id='word_1_206' title='bbox 2817 1472 2830 1485; x_wconf 91' lang='grc'><strong>·</strong></span> <span class='ocrx_word' id='word_1_207' title='bbox 2874 1456 2967 1520; x_wconf 86' lang='grc' dir='ltr'>Ὠς</span> <span class='ocrx_word' id='word_1_208' title='bbox 2990 1453 3363 1522; x_wconf 70' lang='grc' dir='ltr'>ἐμεγαλύνθη</span> <span class='ocrx_word' id='word_1_209' title='bbox 3390 1452 3461 1505; x_wconf 84' lang='grc' dir='ltr'>τὰ</span> <span class='ocrx_word' id='word_1_210' title='bbox 3486 1450 3628 1519; x_wconf 71' lang='grc' dir='ltr'>ἔργα</span> <span class='ocrx_word' id='word_1_211' title='bbox 3652 1464 3794 1511; x_wconf 81' lang='grc' dir='ltr'>σου,</span> 
     </span>
    </p>
   </div>
   <div class='ocr_carea' id='block_1_31' title="bbox 2220 1535 3796 1619">
    <p class='ocr_par' dir='ltr' id='par_1_31' title="bbox 2220 1535 3796 1619">
     <span class='ocr_line' id='line_1_31' title="bbox 2220 1535 3796 1619; baseline -0.01 -15"><span class='ocrx_word' id='word_1_212' title='bbox 2220 1553 2424 1619; x_wconf 85' lang='grc' dir='ltr'>Κύριε·</span> <span class='ocrx_word' id='word_1_213' title='bbox 2460 1548 2655 1602; x_wconf 77' lang='grc' dir='ltr'>πάντα</span> <span class='ocrx_word' id='word_1_214' title='bbox 2677 1549 2746 1601; x_wconf 85' lang='grc' dir='ltr'>ἐν</span> <span class='ocrx_word' id='word_1_215' title='bbox 2783 1546 2971 1616; x_wconf 70' lang='grc' dir='ltr'>σοφίᾳ</span> <span class='ocrx_word' id='word_1_216' title='bbox 3002 1544 3313 1611; x_wconf 83' lang='grc' dir='ltr'>ἐποίησας.</span> <span class='ocrx_word' id='word_1_217' title='bbox 3351 1542 3425 1595; x_wconf 90' lang='grc' dir='ltr'><strong>Οὐ</strong></span> <span class='ocrx_word' id='word_1_218' title='bbox 3474 1539 3654 1593; x_wconf 78' lang='grc' dir='ltr'>τοίνυν</span> <span class='ocrx_word' id='word_1_219' title='bbox 3682 1535 3796 1605; x_wconf 83' lang='grc'>(56)</span> 
     </span>
    </p>
   </div>
   <div class='ocr_carea' id='block_1_32' title="bbox 2223 1629 3799 1711">
    <p class='ocr_par' dir='ltr' id='par_1_32' title="bbox 2223 1629 3799 1711">
     <span class='ocr_line' id='line_1_32' title="bbox 2223 1629 3799 1711; baseline -0.008 -18"><span class='ocrx_word' id='word_1_220' title='bbox 2223 1644 2352 1711; x_wconf 80' lang='grc' dir='ltr'>ἡμῖν</span> <span class='ocrx_word' id='word_1_221' title='bbox 2379 1641 2514 1711; x_wconf 81' lang='grc' dir='ltr'>πρὸς</span> <span class='ocrx_word' id='word_1_222' title='bbox 2543 1639 2836 1706; x_wconf 83' lang='grc' dir='ltr'>ἀπολογίαν</span> <span class='ocrx_word' id='word_1_223' title='bbox 2876 1636 3147 1706; x_wconf 75' lang='grc' dir='ltr'>αὔταρκες</span> <span class='ocrx_word' id='word_1_224' title='bbox 3190 1634 3249 1687; x_wconf 85' lang='grc' dir='ltr'><strong>τὸ</strong></span> <span class='ocrx_word' id='word_1_225' title='bbox 3282 1633 3356 1704; x_wconf 84' lang='grc' dir='ltr'>μὴ</span> <span class='ocrx_word' id='word_1_226' title='bbox 3384 1633 3674 1703; x_wconf 87' lang='grc' dir='ltr'>γράμμασι</span> <span class='ocrx_word' id='word_1_227' title='bbox 3719 1629 3799 1681; x_wconf 79' lang='grc' dir='ltr'><strong>δι-</strong></span> 
     </span>
    </p>
   </div>
   <div class='ocr_carea' id='block_1_33' title="bbox 2224 1721 3799 1802">
    <p class='ocr_par' dir='ltr' id='par_1_33' title="bbox 2224 1721 3799 1802">
     <span class='ocr_line' id='line_1_33' title="bbox 2224 1721 3799 1802; baseline -0.008 -17"><span class='ocrx_word' id='word_1_228' title='bbox 2224 1732 2482 1802; x_wconf 79' lang='grc' dir='ltr'>δαχθῆναι</span> <span class='ocrx_word' id='word_1_229' title='bbox 2536 1732 2605 1785; x_wconf 83' lang='grc' dir='ltr'><strong>τὰ</strong></span> <span class='ocrx_word' id='word_1_230' title='bbox 2667 1731 3034 1802; x_wconf 89' lang='grc' dir='ltr'>συμφέροντα,</span> <span class='ocrx_word' id='word_1_231' title='bbox 3088 1726 3165 1797; x_wconf 83' lang='grc' dir='ltr'>τῷ</span> <span class='ocrx_word' id='word_1_232' title='bbox 3216 1724 3482 1793; x_wconf 85' lang='grc' dir='ltr'>άδιδάκτῳ</span> <span class='ocrx_word' id='word_1_233' title='bbox 3530 1725 3630 1793; x_wconf 83' lang='grc' dir='ltr'><strong>τῆς</strong></span> <span class='ocrx_word' id='word_1_234' title='bbox 3696 1721 3799 1790; x_wconf 89' lang='grc' dir='ltr'>φύ-</span> 
     </span>
    </p>
   </div>
   <div class='ocr_carea' id='block_1_34' title="bbox 551 1813 2124 1903">
    <p class='ocr_par' dir='ltr' id='par_1_34' title="bbox 551 1832 2113 1903">
     <span class='ocr_line' id='line_1_34' title="bbox 551 1832 2113 1903; baseline 0 -18"><span class='ocrx_word' id='word_1_235' title='bbox 551 1834 621 1887; x_wconf 88' lang='lat' dir='ltr'><strong>sit</strong></span> <span class='ocrx_word' id='word_1_236' title='bbox 672 1834 953 1902; x_wconf 78' lang='lat' dir='ltr'><strong>proximo?</strong></span> <span class='ocrx_word' id='word_1_237' title='bbox 1005 1833 1156 1898; x_wconf 88' lang='lat' dir='ltr'><strong>Quod</strong></span> <span class='ocrx_word' id='word_1_238' title='bbox 1207 1834 1300 1887; x_wconf 88' lang='lat' dir='ltr'><strong>tibi</strong></span> <span class='ocrx_word' id='word_1_239' title='bbox 1355 1834 1453 1903; x_wconf 91' lang='lat' dir='ltr'><strong>ipsi</strong></span> <span class='ocrx_word' id='word_1_240' title='bbox 1505 1835 1571 1889; x_wconf 86' lang='lat' dir='ltr'><strong>ab</strong></span> <span class='ocrx_word' id='word_1_241' title='bbox 1623 1835 1795 1891; x_wconf 91' lang='lat' dir='ltr'><strong>altero</strong></span> <span class='ocrx_word' id='word_1_242' title='bbox 1841 1834 1921 1890; x_wconf 85' lang='lat' dir='ltr'><strong>vis</strong></span> <span class='ocrx_word' id='word_1_243' title='bbox 1975 1832 2113 1888; x_wconf 82' lang='lat' dir='ltr'><strong>fieri.</strong></span> 
     </span>
    </p>
   </div>
   <div class='ocr_carea' id='block_1_35' title="bbox 2233 1813 3799 1903">
    <p class='ocr_par' dir='ltr' id='par_1_35' title="bbox 2233 1813 3799 1894">
     <span class='ocr_line' id='line_1_35' title="bbox 2233 1813 3799 1894; baseline -0.006 -20"><span class='ocrx_word' id='word_1_244' title='bbox 2233 1840 2355 1886; x_wconf 72' lang='lat' dir='ltr'><strong>rem;</strong></span> <span class='ocrx_word' id='word_1_245' title='bbox 2402 1825 2549 1894; x_wconf 83' lang='grc' dir='ltr'>νόμῳ</span> <span class='ocrx_word' id='word_1_246' title='bbox 2598 1824 2696 1894; x_wconf 81' lang='grc' dir='ltr'><strong>τὴν</strong></span> <span class='ocrx_word' id='word_1_247' title='bbox 2742 1823 2835 1876; x_wconf 81' lang='grc' dir='ltr'>τοῦ</span> <span class='ocrx_word' id='word_1_248' title='bbox 2870 1818 3272 1881; x_wconf 80' lang='grc' dir='ltr'>λυσιτελοῦντος</span> <span class='ocrx_word' id='word_1_249' title='bbox 3314 1817 3522 1886; x_wconf 79' lang='grc' dir='ltr'>αἵρεσιν</span> <span class='ocrx_word' id='word_1_250' title='bbox 3568 1813 3799 1882; x_wconf 46' lang='grc' dir='ltr'>δεξαμᾲ</span> 
     </span>
    </p>
   </div>
   <div class='ocr_carea' id='block_1_36' title="bbox 554 1922 2117 1995">
    <p class='ocr_par' dir='ltr' id='par_1_36' title="bbox 554 1922 2117 1995">
     <span class='ocr_line' id='line_1_36' title="bbox 554 1922 2117 1995; baseline 0.002 -23"><span class='ocrx_word' id='word_1_251' title='bbox 554 1922 705 1975; x_wconf 83' lang='lat' dir='ltr'><strong>Nosti</strong></span> <span class='ocrx_word' id='word_1_252' title='bbox 735 1922 861 1989; x_wconf 90' lang='lat' dir='ltr'><strong>quid</strong></span> <span class='ocrx_word' id='word_1_253' title='bbox 899 1923 968 1976; x_wconf 89' lang='lat' dir='ltr'><strong>sit</strong></span> <span class='ocrx_word' id='word_1_254' title='bbox 1002 1923 1234 1977; x_wconf 83' lang='lat' dir='ltr'><strong>malum?</strong></span> <span class='ocrx_word' id='word_1_255' title='bbox 1266 1924 1415 1989; x_wconf 91' lang='lat' dir='ltr'><strong>Quod</strong></span> <span class='ocrx_word' id='word_1_256' title='bbox 1441 1925 1553 1995; x_wconf 89' lang='lat' dir='ltr'><strong>ipse</strong></span> <span class='ocrx_word' id='word_1_257' title='bbox 1583 1925 1720 1979; x_wconf 91' lang='lat' dir='ltr'><strong>nolis</strong></span> <span class='ocrx_word' id='word_1_258' title='bbox 1752 1924 1820 1979; x_wconf 90' lang='lat' dir='ltr'><strong>ab</strong></span> <span class='ocrx_word' id='word_1_259' title='bbox 1853 1923 1959 1977; x_wconf 92' lang='lat' dir='ltr'><strong>alio</strong></span> <span class='ocrx_word' id='word_1_260' title='bbox 1990 1922 2117 1991; x_wconf 90' lang='lat' dir='ltr'><strong>pati.</strong></span> 
     </span>
    </p>
   </div>
   <div class='ocr_carea' id='block_1_37' title="bbox 555 2013 2121 2079">
    <p class='ocr_par' dir='ltr' id='par_1_37' title="bbox 555 2013 2121 2079">
     <span class='ocr_line' id='line_1_37' title="bbox 555 2013 2121 2079; baseline -0.001 -12"><span class='ocrx_word' id='word_1_261' title='bbox 555 2013 706 2068; x_wconf 81' lang='lat' dir='ltr'><strong>Nulla</strong></span> <span class='ocrx_word' id='word_1_262' title='bbox 742 2015 1093 2069; x_wconf 88' lang='lat' dir='ltr'><strong>secandarum</strong></span> <span class='ocrx_word' id='word_1_263' title='bbox 1150 2016 1388 2069; x_wconf 87' lang='lat' dir='ltr'><strong>radicum</strong></span> <span class='ocrx_word' id='word_1_264' title='bbox 1439 2031 1552 2079; x_wconf 88' lang='lat' dir='ltr'><strong>ars,</strong></span> <span class='ocrx_word' id='word_1_265' title='bbox 1593 2015 1794 2069; x_wconf 93' lang='lat' dir='ltr'><strong>nullum</strong></span> <span class='ocrx_word' id='word_1_266' title='bbox 1831 2013 2121 2068; x_wconf 85' lang='lat' dir='ltr'><strong>herbarum</strong></span> 
     </span>
    </p>
   </div>
   <div class='ocr_carea' id='block_1_38' title="bbox 553 2104 2124 2172">
    <p class='ocr_par' dir='ltr' id='par_1_38' title="bbox 553 2104 2124 2172">
     <span class='ocr_line' id='line_1_38' title="bbox 553 2104 2124 2172; baseline 0 -17"><span class='ocrx_word' id='word_1_267' title='bbox 553 2105 987 2172; x_wconf 83' lang='lat' dir='ltr'><strong>experimentum</strong></span> <span class='ocrx_word' id='word_1_268' title='bbox 1036 2104 1207 2157; x_wconf 85' lang='lat' dir='ltr'><strong>brutis</strong></span> <span class='ocrx_word' id='word_1_269' title='bbox 1253 2105 1579 2159; x_wconf 87' lang='lat' dir='ltr'><strong>animalibus</strong></span> <span class='ocrx_word' id='word_1_270' title='bbox 1613 2104 1823 2157; x_wconf 91' lang='lat' dir='ltr'><strong>utilium</strong></span> <span class='ocrx_word' id='word_1_271' title='bbox 1867 2104 2124 2172; x_wconf 86' lang='lat' dir='ltr'><strong>cognitio-</strong></span> 
     </span>
    </p>
   </div>
   <div class='ocr_carea' id='block_1_39' title="bbox 560 2195 2124 2266">
    <p class='ocr_par' dir='ltr' id='par_1_39' title="bbox 560 2195 2124 2266">
     <span class='ocr_line' id='line_1_39' title="bbox 560 2195 2124 2266; baseline 0.002 -21"><span class='ocrx_word' id='word_1_272' title='bbox 560 2211 679 2247; x_wconf 84' lang='lat' dir='ltr'><strong>nem</strong></span> <span class='ocrx_word' id='word_1_273' title='bbox 709 2195 938 2250; x_wconf 83' lang='lat' dir='ltr'><strong>contulit</strong></span> <span class='ocrx_word' id='word_1_274' title='bbox 964 2212 977 2249; x_wconf 90' lang='lat'><strong>:</strong></span> <span class='ocrx_word' id='word_1_275' title='bbox 1006 2196 1101 2250; x_wconf 91' lang='lat' dir='ltr'><strong>sed</strong></span> <span class='ocrx_word' id='word_1_276' title='bbox 1132 2196 1446 2250; x_wconf 87' lang='lat' dir='ltr'><strong>naturaliter</strong></span> <span class='ocrx_word' id='word_1_277' title='bbox 1475 2196 1893 2266; x_wconf 89' lang='lat' dir='ltr'><strong>unumquodque</strong></span> <span class='ocrx_word' id='word_1_278' title='bbox 1925 2195 2124 2250; x_wconf 90' lang='lat' dir='ltr'><strong>animal</strong></span> 
     </span>
    </p>
   </div>
   <div class='ocr_carea' id='block_1_40' title="bbox 558 2288 2122 2359">
    <p class='ocr_par' dir='ltr' id='par_1_40' title="bbox 558 2288 2122 2359">
     <span class='ocr_line' id='line_1_40' title="bbox 558 2288 2122 2359; baseline 0 -18"><span class='ocrx_word' id='word_1_279' title='bbox 558 2288 747 2342; x_wconf 83' lang='lat' dir='ltr'><strong>salutis</strong></span> <span class='ocrx_word' id='word_1_280' title='bbox 795 2288 1165 2358; x_wconf 67' lang='lat' dir='ltr'><strong>comparanda:</strong></span> <span class='ocrx_word' id='word_1_281' title='bbox 1215 2290 1478 2344; x_wconf 89' lang='lat' dir='ltr'><strong>rationem</strong></span> <span class='ocrx_word' id='word_1_282' title='bbox 1533 2290 1804 2359; x_wconf 80' lang='lat' dir='ltr'><strong>cognovit,</strong></span> <span class='ocrx_word' id='word_1_283' title='bbox 1851 2290 2122 2357; x_wconf 86' lang='lat' dir='ltr'><strong>habetque</strong></span> 
     </span>
    </p>
   </div>
   <div class='ocr_carea' id='block_1_41' title="bbox 560 2377 2125 2447">
    <p class='ocr_par' dir='ltr' id='par_1_41' title="bbox 560 2377 2125 2447">
     <span class='ocr_line' id='line_1_41' title="bbox 560 2377 2125 2447; baseline 0.001 -18"><span class='ocrx_word' id='word_1_284' title='bbox 560 2378 973 2432; x_wconf 81' lang='lat' dir='ltr'><strong>inenarrabilem</strong></span> <span class='ocrx_word' id='word_1_285' title='bbox 1020 2379 1305 2446; x_wconf 88' lang='lat' dir='ltr'><strong>quamdam</strong></span> <span class='ocrx_word' id='word_1_286' title='bbox 1357 2393 1477 2433; x_wconf 92' lang='lat' dir='ltr'><strong>cum</strong></span> <span class='ocrx_word' id='word_1_287' title='bbox 1526 2391 1591 2434; x_wconf 87' lang='lat' dir='ltr'><strong>eo</strong></span> <span class='ocrx_word' id='word_1_288' title='bbox 1641 2379 1783 2447; x_wconf 88' lang='lat' dir='ltr'><strong>quod</strong></span> <span class='ocrx_word' id='word_1_289' title='bbox 1830 2377 2125 2434; x_wconf 84' lang='lat' dir='ltr'><strong>secundum</strong></span> 
     </span>
    </p>
   </div>
   <div class='ocr_carea' id='block_1_42' title="bbox 561 2468 1418 2523">
    <p class='ocr_par' dir='ltr' id='par_1_42' title="bbox 561 2468 1418 2523">
     <span class='ocr_line' id='line_1_42' title="bbox 561 2468 1418 2523; baseline 0.006 -6"><span class='ocrx_word' id='word_1_290' title='bbox 561 2477 805 2520; x_wconf 86' lang='lat' dir='ltr'><strong>naturam</strong></span> <span class='ocrx_word' id='word_1_291' title='bbox 836 2478 919 2522; x_wconf 89' lang='lat' dir='ltr'><strong>est</strong></span> <span class='ocrx_word' id='word_1_292' title='bbox 949 2468 1418 2523; x_wconf 89' lang='lat' dir='ltr'><strong>necessitudinem.</strong></span> 
     </span>
    </p>
   </div>
   <div class='ocr_carea' id='block_1_43' title="bbox 632 2736 2125 2797">
    <p class='ocr_par' dir='ltr' id='par_1_43' title="bbox 632 2736 2125 2797">
     <span class='ocr_line' id='line_1_43' title="bbox 632 2736 2125 2797; baseline -0.003 -2"><span class='ocrx_word' id='word_1_293' title='bbox 632 2742 684 2797; x_wconf 76' lang='grc'>4.</span> <span class='ocrx_word' id='word_1_294' title='bbox 726 2739 964 2796; x_wconf 86' lang='lat' dir='ltr'><strong>Insident</strong></span> <span class='ocrx_word' id='word_1_295' title='bbox 1010 2749 1186 2794; x_wconf 90' lang='lat' dir='ltr'><strong>autem</strong></span> <span class='ocrx_word' id='word_1_296' title='bbox 1237 2747 1293 2794; x_wconf 87' lang='lat' dir='ltr'><strong>et</strong></span> <span class='ocrx_word' id='word_1_297' title='bbox 1346 2738 1499 2796; x_wconf 91' lang='lat' dir='ltr'><strong>nobis</strong></span> <span class='ocrx_word' id='word_1_298' title='bbox 1552 2738 1781 2793; x_wconf 75' lang='lat' dir='ltr'><strong>virtutes</strong></span> <span class='ocrx_word' id='word_1_299' title='bbox 1831 2736 2125 2793; x_wconf 84' lang='lat' dir='ltr'><strong>secundum</strong></span> 
     </span>
    </p>
   </div>
   <div class='ocr_carea' id='block_1_44' title="bbox 561 2829 2123 2900">
    <p class='ocr_par' dir='ltr' id='par_1_44' title="bbox 561 2829 2123 2900">
     <span class='ocr_line' id='line_1_44' title="bbox 561 2829 2123 2900; baseline -0.003 -13"><span class='ocrx_word' id='word_1_300' title='bbox 561 2842 830 2896; x_wconf 83' lang='lat' dir='ltr'><strong>naturam,</strong></span> <span class='ocrx_word' id='word_1_301' title='bbox 855 2846 975 2884; x_wconf 92' lang='lat' dir='ltr'><strong>eum</strong></span> <span class='ocrx_word' id='word_1_302' title='bbox 1002 2830 1194 2900; x_wconf 89' lang='lat' dir='ltr'><strong>quibus</strong></span> <span class='ocrx_word' id='word_1_303' title='bbox 1219 2830 1360 2885; x_wconf 88' lang='lat' dir='ltr'><strong>inest</strong></span> <span class='ocrx_word' id='word_1_304' title='bbox 1382 2832 1575 2886; x_wconf 69' lang='lat' dir='ltr'><strong>anima:</strong></span> <span class='ocrx_word' id='word_1_305' title='bbox 1613 2829 1846 2885; x_wconf 72' lang='lat' dir='ltr'><strong>aﬂ‘nitas</strong></span> <span class='ocrx_word' id='word_1_306' title='bbox 1875 2829 2123 2899; x_wconf 66' lang='lat' dir='ltr'><strong>quaedam</strong></span> 
     </span>
    </p>
   </div>
   <div class='ocr_carea' id='block_1_45' title="bbox 566 2922 2125 2991">
    <p class='ocr_par' dir='ltr' id='par_1_45' title="bbox 566 2922 2125 2991">
     <span class='ocr_line' id='line_1_45' title="bbox 566 2922 2125 2991; baseline -0.004 -12"><span class='ocrx_word' id='word_1_307' title='bbox 566 2939 673 2979; x_wconf 92' lang='lat' dir='ltr'><strong>non</strong></span> <span class='ocrx_word' id='word_1_308' title='bbox 722 2940 789 2979; x_wconf 80' lang='lat' dir='ltr'><strong>ex</strong></span> <span class='ocrx_word' id='word_1_309' title='bbox 834 2922 1077 2977; x_wconf 89' lang='lat' dir='ltr'><strong>doctrina</strong></span> <span class='ocrx_word' id='word_1_310' title='bbox 1127 2922 1444 2988; x_wconf 87' lang='lat' dir='ltr'><strong>hominum,</strong></span> <span class='ocrx_word' id='word_1_311' title='bbox 1494 2923 1589 2978; x_wconf 90' lang='lat' dir='ltr'><strong>sed</strong></span> <span class='ocrx_word' id='word_1_312' title='bbox 1638 2937 1703 2978; x_wconf 78' lang='lat' dir='ltr'><strong>ex</strong></span> <span class='ocrx_word' id='word_1_313' title='bbox 1749 2922 1862 2991; x_wconf 90' lang='lat' dir='ltr'><strong>ipsa</strong></span> <span class='ocrx_word' id='word_1_314' title='bbox 1916 2930 2125 2975; x_wconf 88' lang='lat' dir='ltr'><strong>natura.</strong></span> 
     </span>
    </p>
   </div>
   <div class='ocr_carea' id='block_1_46' title="bbox 563 3015 2131 3085">
    <p class='ocr_par' dir='ltr' id='par_1_46' title="bbox 563 3015 2131 3085">
     <span class='ocr_line' id='line_1_46' title="bbox 563 3015 2131 3085; baseline -0.003 -15"><span class='ocrx_word' id='word_1_315' title='bbox 563 3017 1023 3084; x_wconf 88' lang='lat' dir='ltr'><strong>Quemadmodum</strong></span> <span class='ocrx_word' id='word_1_316' title='bbox 1074 3015 1216 3069; x_wconf 92' lang='lat' dir='ltr'><strong>enim</strong></span> <span class='ocrx_word' id='word_1_317' title='bbox 1276 3016 1422 3069; x_wconf 91' lang='lat' dir='ltr'><strong>nulla</strong></span> <span class='ocrx_word' id='word_1_318' title='bbox 1468 3015 1750 3085; x_wconf 91' lang='lat' dir='ltr'><strong>disciplina</strong></span> <span class='ocrx_word' id='word_1_319' title='bbox 1797 3029 1895 3069; x_wconf 90' lang='lat' dir='ltr'><strong>nos</strong></span> <span class='ocrx_word' id='word_1_320' title='bbox 1943 3016 2131 3068; x_wconf 85' lang='lat' dir='ltr'><strong>edocet</strong></span> 
     </span>
    </p>
   </div>
   <div class='ocr_carea' id='block_1_47' title="bbox 566 3106 2131 3177">
    <p class='ocr_par' dir='ltr' id='par_1_47' title="bbox 566 3106 2131 3177">
     <span class='ocr_line' id='line_1_47' title="bbox 566 3106 2131 3177; baseline 0 -17"><span class='ocrx_word' id='word_1_321' title='bbox 566 3110 814 3161; x_wconf 90' lang='lat' dir='ltr'><strong>morbum</strong></span> <span class='ocrx_word' id='word_1_322' title='bbox 864 3107 1065 3170; x_wconf 88' lang='lat' dir='ltr'><strong>odisse,</strong></span> <span class='ocrx_word' id='word_1_323' title='bbox 1101 3106 1192 3158; x_wconf 90' lang='lat' dir='ltr'><strong>sed</strong></span> <span class='ocrx_word' id='word_1_324' title='bbox 1240 3122 1304 3159; x_wconf 80' lang='lat' dir='ltr'><strong>ex</strong></span> <span class='ocrx_word' id='word_1_325' title='bbox 1349 3108 1747 3176; x_wconf 89' lang='lat' dir='ltr'><strong>nobismetipsis</strong></span> <span class='ocrx_word' id='word_1_326' title='bbox 1778 3124 1838 3161; x_wconf 89' lang='lat' dir='ltr'><strong>ea</strong></span> <span class='ocrx_word' id='word_1_327' title='bbox 1872 3124 1993 3177; x_wconf 72' lang='lat' dir='ltr'><strong>quae</strong></span> <span class='ocrx_word' id='word_1_328' title='bbox 2024 3124 2131 3160; x_wconf 80' lang='lat' dir='ltr'><strong>mo-</strong></span> 
     </span>
    </p>
   </div>
   <div class='ocr_carea' id='block_1_48' title="bbox 567 3198 2131 3259">
    <p class='ocr_par' dir='ltr' id='par_1_48' title="bbox 567 3198 2131 3259">
     <span class='ocr_line' id='line_1_48' title="bbox 567 3198 2131 3259; baseline 0.001 -9"><span class='ocrx_word' id='word_1_329' title='bbox 567 3199 774 3252; x_wconf 86' lang='lat' dir='ltr'><strong>lestiam</strong></span> <span class='ocrx_word' id='word_1_330' title='bbox 828 3205 1045 3259; x_wconf 88' lang='lat' dir='ltr'><strong>creant,</strong></span> <span class='ocrx_word' id='word_1_331' title='bbox 1101 3211 1414 3249; x_wconf 88' lang='lat' dir='ltr'><strong>aversantur</strong></span> <span class='ocrx_word' id='word_1_332' title='bbox 1444 3214 1458 3249; x_wconf 91' lang='lat'><strong>:</strong></span> <span class='ocrx_word' id='word_1_333' title='bbox 1491 3198 1563 3249; x_wconf 89' lang='lat' dir='ltr'><strong>ita</strong></span> <span class='ocrx_word' id='word_1_334' title='bbox 1613 3207 1667 3250; x_wconf 84' lang='lat' dir='ltr'><strong>et</strong></span> <span class='ocrx_word' id='word_1_335' title='bbox 1718 3200 1895 3250; x_wconf 87' lang='lat' dir='ltr'><strong>anima</strong></span> <span class='ocrx_word' id='word_1_336' title='bbox 1929 3213 1958 3250; x_wconf 87' lang='lat' dir='ltr'><strong>a</strong></span> <span class='ocrx_word' id='word_1_337' title='bbox 1993 3198 2131 3251; x_wconf 89' lang='lat' dir='ltr'><strong>malo</strong></span> 
     </span>
    </p>
   </div>
   <div class='ocr_carea' id='block_1_49' title="bbox 567 3284 2133 3357">
    <p class='ocr_par' dir='ltr' id='par_1_49' title="bbox 567 3284 2133 3357">
     <span class='ocr_line' id='line_1_49' title="bbox 567 3284 2133 3357; baseline -0.001 -16"><span class='ocrx_word' id='word_1_338' title='bbox 567 3288 801 3343; x_wconf 88' lang='lat' dir='ltr'><strong>declinat</strong></span> <span class='ocrx_word' id='word_1_339' title='bbox 825 3288 959 3341; x_wconf 88' lang='lat' dir='ltr'><strong>citra</strong></span> <span class='ocrx_word' id='word_1_340' title='bbox 994 3286 1319 3340; x_wconf 81' lang='lat' dir='ltr'><strong>doetrinam.</strong></span> <span class='ocrx_word' id='word_1_341' title='bbox 1347 3284 1519 3340; x_wconf 91' lang='lat' dir='ltr'><strong>Omne</strong></span> <span class='ocrx_word' id='word_1_342' title='bbox 1550 3295 1727 3339; x_wconf 89' lang='lat' dir='ltr'><strong>autem</strong></span> <span class='ocrx_word' id='word_1_343' title='bbox 1763 3287 1949 3340; x_wconf 78' lang='lat' dir='ltr'><strong>vitium</strong></span> <span class='ocrx_word' id='word_1_344' title='bbox 1977 3288 2133 3357; x_wconf 66' lang='lat' dir='ltr'><strong>mgti-</strong></span> 
     </span>
    </p>
   </div>
   <div class='ocr_carea' id='block_1_50' title="bbox 567 3376 2135 3432">
    <p class='ocr_par' dir='ltr' id='par_1_50' title="bbox 567 3376 2135 3432">
     <span class='ocr_line' id='line_1_50' title="bbox 567 3376 2135 3432; baseline -0.001 0"><span class='ocrx_word' id='word_1_345' title='bbox 567 3379 694 3432; x_wconf 85' lang='lat' dir='ltr'><strong>tudo</strong></span> <span class='ocrx_word' id='word_1_346' title='bbox 717 3386 803 3432; x_wconf 91' lang='lat' dir='ltr'><strong>est</strong></span> <span class='ocrx_word' id='word_1_347' title='bbox 828 3376 1021 3430; x_wconf 69' lang='lat' dir='ltr'><strong>animae</strong></span> <span class='ocrx_word' id='word_1_348' title='bbox 1054 3394 1067 3430; x_wconf 91' lang='lat'>:</span> <span class='ocrx_word' id='word_1_349' title='bbox 1104 3377 1274 3431; x_wconf 89' lang='lat' dir='ltr'><strong>virtus</strong></span> <span class='ocrx_word' id='word_1_350' title='bbox 1299 3391 1425 3431; x_wconf 85' lang='lat' dir='ltr'><strong>vero</strong></span> <span class='ocrx_word' id='word_1_351' title='bbox 1454 3376 1718 3431; x_wconf 86' lang='lat' dir='ltr'><strong>rationem</strong></span> <span class='ocrx_word' id='word_1_352' title='bbox 1750 3377 1957 3431; x_wconf 84' lang='lat' dir='ltr'><strong>olttinet</strong></span> <span class='ocrx_word' id='word_1_353' title='bbox 1998 3376 2135 3431; x_wconf 85' lang='lat' dir='ltr'><strong>sani-</strong></span> 
     </span>
    </p>
   </div>
   <div class='ocr_carea' id='block_1_51' title="bbox 569 3469 2129 3536">
    <p class='ocr_par' dir='ltr' id='par_1_51' title="bbox 569 3469 2129 3536">
     <span class='ocr_line' id='line_1_51' title="bbox 569 3469 2129 3536; baseline 0.002 -17"><span class='ocrx_word' id='word_1_354' title='bbox 569 3471 711 3525; x_wconf 84' lang='lat' dir='ltr'><strong>tatis.</strong></span> <span class='ocrx_word' id='word_1_355' title='bbox 744 3469 969 3535; x_wconf 88' lang='lat' dir='ltr'><strong>Quidam</strong></span> <span class='ocrx_word' id='word_1_356' title='bbox 1003 3470 1144 3521; x_wconf 92' lang='lat' dir='ltr'><strong>enim</strong></span> <span class='ocrx_word' id='word_1_357' title='bbox 1172 3469 1260 3536; x_wconf 88' lang='lat' dir='ltr'><strong>qui</strong></span> <span class='ocrx_word' id='word_1_358' title='bbox 1292 3469 1577 3523; x_wconf 81' lang='lat' dir='ltr'><strong>sanitatem</strong></span> <span class='ocrx_word' id='word_1_359' title='bbox 1614 3479 1756 3525; x_wconf 89' lang='lat' dir='ltr'><strong>recte</strong></span> <span class='ocrx_word' id='word_1_360' title='bbox 1787 3469 2129 3531; x_wconf 81' lang='lat' dir='ltr'><strong>deﬁnierunt,</strong></span> 
     </span>
    </p>
   </div>
   <div class='ocr_carea' id='block_1_52' title="bbox 572 3560 2136 3615">
    <p class='ocr_par' dir='ltr' id='par_1_52' title="bbox 572 3560 2136 3615">
     <span class='ocr_line' id='line_1_52' title="bbox 572 3560 2136 3615; baseline 0.003 -5"><span class='ocrx_word' id='word_1_361' title='bbox 572 3563 758 3613; x_wconf 82' lang='lat' dir='ltr'><strong>dixere</strong></span> <span class='ocrx_word' id='word_1_362' title='bbox 782 3574 897 3612; x_wconf 90' lang='lat' dir='ltr'><strong>eam</strong></span> <span class='ocrx_word' id='word_1_363' title='bbox 929 3574 1049 3613; x_wconf 86' lang='lat' dir='ltr'><strong>esse</strong></span> <span class='ocrx_word' id='word_1_364' title='bbox 1084 3560 1352 3613; x_wconf 86' lang='lat' dir='ltr'><strong>actionum</strong></span> <span class='ocrx_word' id='word_1_365' title='bbox 1392 3560 1714 3613; x_wconf 87' lang='lat' dir='ltr'><strong>naturalium</strong></span> <span class='ocrx_word' id='word_1_366' title='bbox 1760 3562 1953 3615; x_wconf 82' lang='lat' dir='ltr'><strong>bonam</strong></span> <span class='ocrx_word' id='word_1_367' title='bbox 1985 3562 2136 3615; x_wconf 91' lang='lat' dir='ltr'><strong>habi-</strong></span> 
     </span>
    </p>
   </div>
   <div class='ocr_carea' id='block_1_53' title="bbox 574 3649 2136 3718">
    <p class='ocr_par' dir='ltr' id='par_1_53' title="bbox 574 3649 2136 3718">
     <span class='ocr_line' id='line_1_53' title="bbox 574 3649 2136 3718; baseline 0.001 -15"><span class='ocrx_word' id='word_1_368' title='bbox 574 3651 831 3703; x_wconf 91' lang='lat' dir='ltr'><strong>tudinem.</strong></span> <span class='ocrx_word' id='word_1_369' title='bbox 867 3649 1019 3716; x_wconf 89' lang='lat' dir='ltr'><strong>Quod</strong></span> <span class='ocrx_word' id='word_1_370' title='bbox 1051 3650 1189 3703; x_wconf 88' lang='lat' dir='ltr'><strong>idem</strong></span> <span class='ocrx_word' id='word_1_371' title='bbox 1215 3650 1257 3702; x_wconf 89' lang='lat' dir='ltr'><strong>si</strong></span> <span class='ocrx_word' id='word_1_372' title='bbox 1286 3650 1407 3718; x_wconf 89' lang='lat' dir='ltr'><strong>quis</strong></span> <span class='ocrx_word' id='word_1_373' title='bbox 1437 3664 1651 3718; x_wconf 89' lang='lat' dir='ltr'><strong>quoque</strong></span> <span class='ocrx_word' id='word_1_374' title='bbox 1686 3651 1749 3704; x_wconf 91' lang='lat' dir='ltr'><strong>de</strong></span> <span class='ocrx_word' id='word_1_375' title='bbox 1776 3652 1914 3705; x_wconf 90' lang='lat' dir='ltr'><strong>bono</strong></span> <span class='ocrx_word' id='word_1_376' title='bbox 1945 3654 2136 3706; x_wconf 77' lang='lat' dir='ltr'><strong>animte</strong></span> 
     </span>
    </p>
   </div>
   <div class='ocr_carea' id='block_1_54' title="bbox 577 3740 2137 3808">
    <p class='ocr_par' dir='ltr' id='par_1_54' title="bbox 577 3740 2137 3808">
     <span class='ocr_line' id='line_1_54' title="bbox 577 3740 2137 3808; baseline -0.001 -11"><span class='ocrx_word' id='word_1_377' title='bbox 577 3745 761 3798; x_wconf 85' lang='lat' dir='ltr'><strong>habitu</strong></span> <span class='ocrx_word' id='word_1_378' title='bbox 796 3742 1016 3808; x_wconf 75' lang='lat' dir='ltr'><strong>dixerit,</strong></span> <span class='ocrx_word' id='word_1_379' title='bbox 1060 3758 1088 3795; x_wconf 92' lang='lat' dir='ltr'><strong>a</strong></span> <span class='ocrx_word' id='word_1_380' title='bbox 1125 3742 1320 3795; x_wconf 90' lang='lat' dir='ltr'><strong>decoro</strong></span> <span class='ocrx_word' id='word_1_381' title='bbox 1355 3756 1457 3795; x_wconf 90' lang='lat' dir='ltr'><strong>non</strong></span> <span class='ocrx_word' id='word_1_382' title='bbox 1491 3740 1783 3796; x_wconf 88' lang='lat' dir='ltr'><strong>aberrabit.</strong></span> <span class='ocrx_word' id='word_1_383' title='bbox 1818 3740 1994 3808; x_wconf 88' lang='lat' dir='ltr'><strong>Quare</strong></span> <span class='ocrx_word' id='word_1_384' title='bbox 2019 3745 2137 3797; x_wconf 89' lang='lat' dir='ltr'><strong>aui-</strong></span> 
     </span>
    </p>
   </div>
   <div class='ocr_carea' id='block_1_55' title="bbox 576 3832 2138 3903">
    <p class='ocr_par' dir='ltr' id='par_1_55' title="bbox 576 3832 2138 3903">
     <span class='ocr_line' id='line_1_55' title="bbox 576 3832 2138 3903; baseline 0 -17"><span class='ocrx_word' id='word_1_385' title='bbox 576 3850 659 3886; x_wconf 85' lang='lat' dir='ltr'><strong>tna</strong></span> <span class='ocrx_word' id='word_1_386' title='bbox 713 3835 847 3886; x_wconf 90' lang='lat' dir='ltr'><strong>citra</strong></span> <span class='ocrx_word' id='word_1_387' title='bbox 905 3833 1207 3886; x_wconf 88' lang='lat' dir='ltr'><strong>doctrinam</strong></span> <span class='ocrx_word' id='word_1_388' title='bbox 1257 3833 1307 3885; x_wconf 87' lang='lat' dir='ltr'><strong>id</strong></span> <span class='ocrx_word' id='word_1_389' title='bbox 1366 3832 1505 3901; x_wconf 90' lang='lat' dir='ltr'><strong>quod</strong></span> <span class='ocrx_word' id='word_1_390' title='bbox 1560 3833 1661 3887; x_wconf 92' lang='lat' dir='ltr'><strong>sibi</strong></span> <span class='ocrx_word' id='word_1_391' title='bbox 1710 3834 1981 3903; x_wconf 86' lang='lat' dir='ltr'><strong>proprium</strong></span> <span class='ocrx_word' id='word_1_392' title='bbox 2034 3846 2138 3895; x_wconf 91' lang='lat' dir='ltr'><strong>est,</strong></span> 
     </span>
    </p>
   </div>
   <div class='ocr_carea' id='block_1_56' title="bbox 574 3923 2138 3993">
    <p class='ocr_par' dir='ltr' id='par_1_56' title="bbox 574 3923 2138 3993">
     <span class='ocr_line' id='line_1_56' title="bbox 574 3923 2138 3993; baseline 0.001 -16"><span class='ocrx_word' id='word_1_393' title='bbox 574 3924 825 3993; x_wconf 81' lang='lat' dir='ltr'><strong>quodque</strong></span> <span class='ocrx_word' id='word_1_394' title='bbox 854 3923 953 3977; x_wconf 86' lang='lat' dir='ltr'><strong>sibi</strong></span> <span class='ocrx_word' id='word_1_395' title='bbox 986 3932 1177 3976; x_wconf 87' lang='lat' dir='ltr'><strong>natura</strong></span> <span class='ocrx_word' id='word_1_396' title='bbox 1210 3925 1476 3989; x_wconf 75' lang='lat' dir='ltr'><strong>convenit,</strong></span> <span class='ocrx_word' id='word_1_397' title='bbox 1507 3926 1729 3993; x_wconf 83' lang='lat' dir='ltr'><strong>appetit.</strong></span> <span class='ocrx_word' id='word_1_398' title='bbox 1767 3925 1901 3979; x_wconf 90' lang='lat' dir='ltr'><strong>Hinc</strong></span> <span class='ocrx_word' id='word_1_399' title='bbox 1934 3936 2138 3993; x_wconf 87' lang='lat' dir='ltr'><strong>tempe-</strong></span> 
     </span>
    </p>
   </div>
   <div class='ocr_carea' id='block_1_57' title="bbox 574 4014 2136 4088">
    <p class='ocr_par' dir='ltr' id='par_1_57' title="bbox 574 4014 2136 4088">
     <span class='ocr_line' id='line_1_57' title="bbox 574 4014 2136 4088; baseline 0.002 -19"><span class='ocrx_word' id='word_1_400' title='bbox 574 4017 745 4070; x_wconf 88' lang='lat' dir='ltr'><strong>rantia</strong></span> <span class='ocrx_word' id='word_1_401' title='bbox 792 4015 859 4069; x_wconf 88' lang='lat' dir='ltr'><strong>ab</strong></span> <span class='ocrx_word' id='word_1_402' title='bbox 898 4014 1148 4070; x_wconf 90' lang='lat' dir='ltr'><strong>omnibus</strong></span> <span class='ocrx_word' id='word_1_403' title='bbox 1200 4014 1464 4079; x_wconf 87' lang='lat' dir='ltr'><strong>laudatur,</strong></span> <span class='ocrx_word' id='word_1_404' title='bbox 1510 4018 1836 4087; x_wconf 85' lang='lat' dir='ltr'><strong>approbatur</strong></span> <span class='ocrx_word' id='word_1_405' title='bbox 1877 4018 2136 4088; x_wconf 87' lang='lat' dir='ltr'><strong>justitia:</strong></span> 
     </span>
    </p>
   </div>
   <div class='ocr_carea' id='block_1_58' title="bbox 574 4107 2139 4180">
    <p class='ocr_par' dir='ltr' id='par_1_58' title="bbox 574 4107 2139 4180">
     <span class='ocr_line' id='line_1_58' title="bbox 574 4107 2139 4180; baseline 0.003 -19"><span class='ocrx_word' id='word_1_406' title='bbox 574 4108 834 4163; x_wconf 81' lang='lat' dir='ltr'><strong>fortitudo</strong></span> <span class='ocrx_word' id='word_1_407' title='bbox 868 4118 949 4163; x_wconf 92' lang='lat' dir='ltr'><strong>est</strong></span> <span class='ocrx_word' id='word_1_408' title='bbox 983 4107 1327 4161; x_wconf 83' lang='lat' dir='ltr'><strong>admirationi</strong></span> <span class='ocrx_word' id='word_1_409' title='bbox 1360 4125 1373 4162; x_wconf 89' lang='lat'>:</span> <span class='ocrx_word' id='word_1_410' title='bbox 1406 4111 1685 4177; x_wconf 89' lang='lat' dir='ltr'><strong>prudentia</strong></span> <span class='ocrx_word' id='word_1_411' title='bbox 1720 4111 1873 4165; x_wconf 83' lang='lat' dir='ltr'><strong>valde</strong></span> <span class='ocrx_word' id='word_1_412' title='bbox 1913 4121 2139 4180; x_wconf 79' lang='lat' dir='ltr'><strong>exopta-</strong></span> 
     </span>
    </p>
   </div>
   <div class='ocr_carea' id='block_1_59' title="bbox 577 4200 2140 4272">
    <p class='ocr_par' dir='ltr' id='par_1_59' title="bbox 577 4200 2140 4272">
     <span class='ocr_line' id='line_1_59' title="bbox 577 4200 2140 4272; baseline 0.003 -22"><span class='ocrx_word' id='word_1_413' title='bbox 577 4210 681 4253; x_wconf 89' lang='lat' dir='ltr'><strong>Iur.</strong></span> <span class='ocrx_word' id='word_1_414' title='bbox 731 4200 860 4267; x_wconf 62' lang='lat' dir='ltr'><strong>Quae</strong></span> <span class='ocrx_word' id='word_1_415' title='bbox 906 4200 1131 4255; x_wconf 80' lang='lat' dir='ltr'><strong>virtutes</strong></span> <span class='ocrx_word' id='word_1_416' title='bbox 1175 4200 1345 4269; x_wconf 87' lang='lat' dir='ltr'><strong>magis</strong></span> <span class='ocrx_word' id='word_1_417' title='bbox 1394 4200 1609 4271; x_wconf 89' lang='lat' dir='ltr'><strong>proprie</strong></span> <span class='ocrx_word' id='word_1_418' title='bbox 1640 4200 1752 4272; x_wconf 67' lang='grc'><strong>84,</strong></span> <span class='ocrx_word' id='word_1_419' title='bbox 1794 4204 1860 4256; x_wconf 90' lang='lat' dir='ltr'><strong>ad</strong></span> <span class='ocrx_word' id='word_1_420' title='bbox 1904 4204 2140 4256; x_wconf 89' lang='lat' dir='ltr'><strong>animant</strong></span> 
     </span>
    </p>
   </div>
   <div class='ocr_carea' id='block_1_60' title="bbox 575 4293 2141 4363">
    <p class='ocr_par' dir='ltr' id='par_1_60' title="bbox 575 4293 2141 4363">
     <span class='ocr_line' id='line_1_60' title="bbox 575 4293 2141 4363; baseline 0.002 -18"><span class='ocrx_word' id='word_1_421' title='bbox 575 4293 867 4362; x_wconf 90' lang='lat' dir='ltr'><strong>pertinent,</strong></span> <span class='ocrx_word' id='word_1_422' title='bbox 898 4308 1057 4362; x_wconf 90' lang='lat' dir='ltr'><strong>quam</strong></span> <span class='ocrx_word' id='word_1_423' title='bbox 1101 4294 1165 4348; x_wconf 88' lang='lat' dir='ltr'><strong>ad</strong></span> <span class='ocrx_word' id='word_1_424' title='bbox 1212 4309 1408 4363; x_wconf 91' lang='lat' dir='ltr'><strong>corpus</strong></span> <span class='ocrx_word' id='word_1_425' title='bbox 1452 4294 1675 4347; x_wconf 84' lang='lat' dir='ltr'><strong>sanitas.</strong></span> <span class='ocrx_word' id='word_1_426' title='bbox 1713 4295 1818 4349; x_wconf 86' lang='lat' dir='ltr'><strong>Vos</strong></span> <span class='ocrx_word' id='word_1_427' title='bbox 1865 4296 1980 4361; x_wconf 86' lang='lat' dir='ltr'><strong>filii,</strong></span> <span class='ocrx_word' id='word_1_428' title='bbox 2018 4297 2141 4350; x_wconf 88' lang='lat' dir='ltr'><strong>dili-</strong></span> 
     </span>
    </p>
   </div>
   <div class='ocr_carea' id='block_1_61' title="bbox 580 4379 2140 4450">
    <p class='ocr_par' dir='ltr' id='par_1_61' title="bbox 580 4379 2140 4450">
     <span class='ocr_line' id='line_1_61' title="bbox 580 4379 2140 4450; baseline 0 -16"><span class='ocrx_word' id='word_1_429' title='bbox 580 4383 687 4450; x_wconf 85' lang='lat' dir='ltr'><strong>gite</strong></span> <span class='ocrx_word' id='word_1_430' title='bbox 734 4393 1000 4450; x_wconf 86' lang='lat' dir='ltr'><strong>parentes.</strong></span> <span class='ocrx_word' id='word_1_431' title='bbox 1046 4379 1145 4434; x_wconf 83' lang='lat' dir='ltr'><strong>Vos</strong></span> <span class='ocrx_word' id='word_1_432' title='bbox 1183 4391 1444 4449; x_wconf 76' lang='lat' dir='ltr'><strong>parentes,</strong></span> <span class='ocrx_word' id='word_1_433' title='bbox 1483 4381 1640 4435; x_wconf 82' lang='lat' dir='ltr'><strong>nolite</strong></span> <span class='ocrx_word' id='word_1_434' title='bbox 1695 4380 1762 4434; x_wconf 84' lang='lat' dir='ltr'><strong>ad</strong></span> <span class='ocrx_word' id='word_1_435' title='bbox 1811 4381 2140 4436; x_wconf 84' lang='lat' dir='ltr'><strong>iracundiam</strong></span> 
     </span>
    </p>
   </div>
   <div class='ocr_carea' id='block_1_62' title="bbox 2226 1906 3800 1986">
    <p class='ocr_par' dir='ltr' id='par_1_62' title="bbox 2226 1906 3800 1986">
     <span class='ocr_line' id='line_1_62' title="bbox 2226 1906 3800 1986; baseline -0.006 -20"><span class='ocrx_word' id='word_1_436' title='bbox 2226 1931 2354 1976; x_wconf 82' lang='grc' dir='ltr'>νοις.</span> <span class='ocrx_word' id='word_1_437' title='bbox 2414 1910 2571 1978; x_wconf 81' lang='grc' dir='ltr'>Οἶδας</span> <span class='ocrx_word' id='word_1_438' title='bbox 2635 1915 2687 1968; x_wconf 87' lang='grc' dir='ltr'><strong>τί</strong></span> <span class='ocrx_word' id='word_1_439' title='bbox 2748 1915 2991 1986; x_wconf 84' lang='grc' dir='ltr'>ποιήσεις</span> <span class='ocrx_word' id='word_1_440' title='bbox 3051 1911 3130 1983; x_wconf 81' lang='grc' dir='ltr'>τῷ</span> <span class='ocrx_word' id='word_1_441' title='bbox 3188 1908 3413 1979; x_wconf 77' lang='grc' dir='ltr'>πλησίον</span> <span class='ocrx_word' id='word_1_442' title='bbox 3476 1906 3676 1968; x_wconf 87' lang='grc' dir='ltr'>καλόν;</span> <span class='ocrx_word' id='word_1_443' title='bbox 3732 1908 3800 1957; x_wconf 84' lang='grc' dir='ltr'>Ὀ</span> 
     </span>
    </p>
   </div>
   <div class='ocr_carea' id='block_1_63' title="bbox 2228 1994 3803 2077">
    <p class='ocr_par' dir='ltr' id='par_1_63' title="bbox 2228 1994 3803 2077">
     <span class='ocr_line' id='line_1_63' title="bbox 2228 1994 3803 2077; baseline -0.006 -18"><span class='ocrx_word' id='word_1_444' title='bbox 2228 2004 2436 2075; x_wconf 81' lang='grc' dir='ltr'>σεαυτῷ</span> <span class='ocrx_word' id='word_1_445' title='bbox 2496 2006 2670 2075; x_wconf 81' lang='grc' dir='ltr'>βούλει</span> <span class='ocrx_word' id='word_1_446' title='bbox 2725 2009 2850 2076; x_wconf 88' lang='grc' dir='ltr'>παρ’</span> <span class='ocrx_word' id='word_1_447' title='bbox 2906 2005 3091 2077; x_wconf 81' lang='grc' dir='ltr'>ἐτέρου</span> <span class='ocrx_word' id='word_1_448' title='bbox 3140 2000 3412 2070; x_wconf 88' lang='grc' dir='ltr'>γενέσθαι.</span> <span class='ocrx_word' id='word_1_449' title='bbox 3466 1994 3626 2062; x_wconf 75' lang='grc' dir='ltr'>Οἶδας</span> <span class='ocrx_word' id='word_1_450' title='bbox 3668 1998 3697 2050; x_wconf 83' lang='grc' dir='ltr'><em>ὃ</em></span> <span class='ocrx_word' id='word_1_451' title='bbox 3747 1996 3803 2051; x_wconf 73' lang='grc' dir='ltr'><strong>τί</strong></span> 
     </span>
    </p>
   </div>
   <div class='ocr_carea' id='block_1_64' title="bbox 2226 2090 3803 2162">
    <p class='ocr_par' dir='ltr' id='par_1_64' title="bbox 2226 2090 3803 2162">
     <span class='ocr_line' id='line_1_64' title="bbox 2226 2090 3803 2162; baseline -0.007 -10"><span class='ocrx_word' id='word_1_452' title='bbox 2226 2098 2357 2152; x_wconf 87' lang='grc' dir='ltr'>ποτέ</span> <span class='ocrx_word' id='word_1_453' title='bbox 2425 2099 2539 2150; x_wconf 83' lang='grc' dir='ltr'>ἐστι</span> <span class='ocrx_word' id='word_1_454' title='bbox 2604 2099 2664 2149; x_wconf 83' lang='grc' dir='ltr'><strong>τὸ</strong></span> <span class='ocrx_word' id='word_1_455' title='bbox 2717 2098 2931 2162; x_wconf 87' lang='grc' dir='ltr'>κακόν;</span> <span class='ocrx_word' id='word_1_456' title='bbox 2986 2098 3051 2149; x_wconf 90' lang='grc' dir='ltr'><strong>Ὃ</strong></span> <span class='ocrx_word' id='word_1_457' title='bbox 3102 2096 3201 2149; x_wconf 87' lang='grc' dir='ltr'><strong>οὐκ</strong></span> <span class='ocrx_word' id='word_1_458' title='bbox 3258 2092 3325 2146; x_wconf 83' lang='grc' dir='ltr'><strong>ἂν</strong></span> <span class='ocrx_word' id='word_1_459' title='bbox 3378 2091 3539 2154; x_wconf 85' lang='grc' dir='ltr'>αὐτὸς</span> <span class='ocrx_word' id='word_1_460' title='bbox 3606 2090 3803 2143; x_wconf 80' lang='grc' dir='ltr'>παθεῖν</span> 
     </span>
    </p>
   </div>
   <div class='ocr_carea' id='block_1_65' title="bbox 2225 2182 3804 2262">
    <p class='ocr_par' dir='ltr' id='par_1_65' title="bbox 2225 2182 3804 2262">
     <span class='ocr_line' id='line_1_65' title="bbox 2225 2182 3804 2262; baseline -0.006 -18"><span class='ocrx_word' id='word_1_461' title='bbox 2225 2192 2365 2245; x_wconf 76' lang='grc' dir='ltr'>ἕλοιο</span> <span class='ocrx_word' id='word_1_462' title='bbox 2392 2190 2519 2262; x_wconf 86' lang='grc' dir='ltr'>παρ’</span> <span class='ocrx_word' id='word_1_463' title='bbox 2551 2189 2758 2261; x_wconf 85' lang='grc' dir='ltr'>ἐτέρου.</span> <span class='ocrx_word' id='word_1_464' title='bbox 2811 2189 3044 2259; x_wconf 83' lang='grc' dir='ltr'>Οὐδεμία</span> <span class='ocrx_word' id='word_1_465' title='bbox 3088 2184 3405 2258; x_wconf 76' lang='grc' dir='ltr'>ριζοτομικὴ</span> <span class='ocrx_word' id='word_1_466' title='bbox 3447 2183 3632 2254; x_wconf 82' lang='grc' dir='ltr'>τέχνη,</span> <span class='ocrx_word' id='word_1_467' title='bbox 3677 2182 3804 2235; x_wconf 76' lang='grc' dir='ltr'>οὐδὲ</span> 
     </span>
    </p>
   </div>
   <div class='ocr_carea' id='block_1_66' title="bbox 2226 2275 3804 2353">
    <p class='ocr_par' dir='ltr' id='par_1_66' title="bbox 2226 2275 3804 2353">
     <span class='ocr_line' id='line_1_66' title="bbox 2226 2275 3804 2353; baseline -0.006 -17"><span class='ocrx_word' id='word_1_468' title='bbox 2226 2282 2487 2353; x_wconf 77' lang='grc' dir='ltr'>ἐμπειρία</span> <span class='ocrx_word' id='word_1_469' title='bbox 2548 2280 2802 2352; x_wconf 83' lang='grc' dir='ltr'>βοτανικὴ</span> <span class='ocrx_word' id='word_1_470' title='bbox 2868 2279 2974 2332; x_wconf 89' lang='grc' dir='ltr'><strong>τῶν</strong></span> <span class='ocrx_word' id='word_1_471' title='bbox 3046 2279 3336 2350; x_wconf 82' lang='grc' dir='ltr'>ὠφελίμων</span> <span class='ocrx_word' id='word_1_472' title='bbox 3402 2279 3515 2339; x_wconf 84' lang='grc' dir='ltr'>τοῖς</span> <span class='ocrx_word' id='word_1_473' title='bbox 3582 2275 3804 2343; x_wconf 82' lang='grc' dir='ltr'>ἀλόγοις</span> 
     </span>
    </p>
   </div>
   <div class='ocr_carea' id='block_1_67' title="bbox 2226 2367 3806 2444">
    <p class='ocr_par' dir='ltr' id='par_1_67' title="bbox 2226 2367 3806 2444">
     <span class='ocr_line' id='line_1_67' title="bbox 2226 2367 3806 2444; baseline -0.006 -17"><span class='ocrx_word' id='word_1_474' title='bbox 2226 2373 2323 2443; x_wconf 85' lang='grc' dir='ltr'>τὴν</span> <span class='ocrx_word' id='word_1_475' title='bbox 2355 2372 2693 2427; x_wconf 77' lang='grc' dir='ltr'>διδασκαλίαν</span> <span class='ocrx_word' id='word_1_476' title='bbox 2721 2370 2936 2444; x_wconf 77' lang='grc' dir='ltr'>ἐξεῦρεν</span> <span class='ocrx_word' id='word_1_477' title='bbox 2960 2388 2972 2401; x_wconf 91' lang='grc'><strong>·</strong></span> <span class='ocrx_word' id='word_1_478' title='bbox 3008 2371 3144 2425; x_wconf 85' lang='grc' dir='ltr'>ἀλλὰ</span> <span class='ocrx_word' id='word_1_479' title='bbox 3168 2369 3412 2441; x_wconf 82' lang='grc' dir='ltr'>φυσικῶς</span> <span class='ocrx_word' id='word_1_480' title='bbox 3439 2368 3670 2421; x_wconf 74' lang='grc' dir='ltr'>ἕκαστον</span> <span class='ocrx_word' id='word_1_481' title='bbox 3693 2367 3806 2419; x_wconf 89' lang='grc' dir='ltr'><strong>τῶν</strong></span> 
     </span>
    </p>
   </div>
   <div class='ocr_carea' id='block_1_68' title="bbox 2230 2460 3810 2535">
    <p class='ocr_par' dir='ltr' id='par_1_68' title="bbox 2230 2460 3810 2535">
     <span class='ocr_line' id='line_1_68' title="bbox 2230 2460 3810 2535; baseline -0.003 -18"><span class='ocrx_word' id='word_1_482' title='bbox 2230 2464 2384 2528; x_wconf 83' lang='grc' dir='ltr'>ζώων</span> <span class='ocrx_word' id='word_1_483' title='bbox 2412 2465 2510 2534; x_wconf 83' lang='grc' dir='ltr'>τῆς</span> <span class='ocrx_word' id='word_1_484' title='bbox 2537 2466 2742 2528; x_wconf 76' lang='grc' dir='ltr'>οἰκείας</span> <span class='ocrx_word' id='word_1_485' title='bbox 2772 2465 2887 2518; x_wconf 82' lang='grc' dir='ltr'><strong>ἐστί</strong></span> <span class='ocrx_word' id='word_1_486' title='bbox 2918 2464 3189 2535; x_wconf 74' lang='grc' dir='ltr'>σωτηρίας</span> <span class='ocrx_word' id='word_1_487' title='bbox 3218 2461 3553 2535; x_wconf 80' lang='grc' dir='ltr'>ποριστικὸν,</span> <span class='ocrx_word' id='word_1_488' title='bbox 3579 2460 3675 2514; x_wconf 75' lang='grc' dir='ltr'><strong>καὶ</strong></span> <span class='ocrx_word' id='word_1_489' title='bbox 3706 2460 3810 2531; x_wconf 64' lang='grc' dir='ltr'><strong>ἀρ-</strong></span> 
     </span>
    </p>
   </div>
   <div class='ocr_carea' id='block_1_69' title="bbox 2233 2551 3813 2627">
    <p class='ocr_par' dir='ltr' id='par_1_69' title="bbox 2233 2551 3813 2627">
     <span class='ocr_line' id='line_1_69' title="bbox 2233 2551 3813 2627; baseline -0.004 -19"><span class='ocrx_word' id='word_1_490' title='bbox 2233 2556 2395 2626; x_wconf 81' lang='grc' dir='ltr'>ρητόν</span> <span class='ocrx_word' id='word_1_491' title='bbox 2440 2571 2561 2607; x_wconf 91' lang='grc' dir='ltr'>τινα</span> <span class='ocrx_word' id='word_1_492' title='bbox 2602 2555 2861 2623; x_wconf 84' lang='grc' dir='ltr'>κέκτηται</span> <span class='ocrx_word' id='word_1_493' title='bbox 2898 2556 2994 2625; x_wconf 82' lang='grc' dir='ltr'>τὴν</span> <span class='ocrx_word' id='word_1_494' title='bbox 3038 2556 3172 2627; x_wconf 81' lang='grc' dir='ltr'>πρὸς</span> <span class='ocrx_word' id='word_1_495' title='bbox 3224 2556 3283 2608; x_wconf 81' lang='grc' dir='ltr'><strong>τὸ</strong></span> <span class='ocrx_word' id='word_1_496' title='bbox 3326 2551 3465 2606; x_wconf 79' lang='grc' dir='ltr'>κατὰ</span> <span class='ocrx_word' id='word_1_497' title='bbox 3509 2552 3673 2620; x_wconf 87' lang='grc' dir='ltr'>φύσιν</span> <span class='ocrx_word' id='word_1_498' title='bbox 3728 2551 3813 2603; x_wconf 81' lang='grc' dir='ltr'><strong>οἱ·</strong></span> 
     </span>
    </p>
   </div>
   <div class='ocr_carea' id='block_1_70' title="bbox 2231 2647 2472 2702">
    <p class='ocr_par' dir='ltr' id='par_1_70' title="bbox 2231 2647 2472 2702">
     <span class='ocr_line' id='line_1_70' title="bbox 2231 2647 2472 2702; baseline 0.012 -3"><span class='ocrx_word' id='word_1_499' title='bbox 2231 2647 2472 2702; x_wconf 85' lang='grc' dir='ltr'>κείωσιν.</span> 
     </span>
    </p>
   </div>
   <div class='ocr_carea' id='block_1_71' title="bbox 2298 2731 3807 2807">
    <p class='ocr_par' dir='ltr' id='par_1_71' title="bbox 2298 2731 3807 2807">
     <span class='ocr_line' id='line_1_71' title="bbox 2298 2731 3807 2807; baseline -0.007 -16"><span class='ocrx_word' id='word_1_500' title='bbox 2298 2738 2359 2795; x_wconf 74' lang='grc'>4.</span> <span class='ocrx_word' id='word_1_501' title='bbox 2387 2738 2508 2792; x_wconf 74' lang='grc' dir='ltr'><strong>Εἰσὶ</strong></span> <span class='ocrx_word' id='word_1_502' title='bbox 2547 2737 2604 2790; x_wconf 87' lang='grc' dir='ltr'>δὲ</span> <span class='ocrx_word' id='word_1_503' title='bbox 2649 2736 2743 2790; x_wconf 76' lang='grc' dir='ltr'>καὶ</span> <span class='ocrx_word' id='word_1_504' title='bbox 2777 2734 2906 2807; x_wconf 80' lang='grc' dir='ltr'>παρ’</span> <span class='ocrx_word' id='word_1_505' title='bbox 2941 2737 3072 2805; x_wconf 79' lang='grc' dir='ltr'>ἡμῖν</span> <span class='ocrx_word' id='word_1_506' title='bbox 3112 2738 3166 2789; x_wconf 84' lang='grc' dir='ltr'><strong>αἰ</strong></span> <span class='ocrx_word' id='word_1_507' title='bbox 3212 2736 3403 2805; x_wconf 66' lang='grc' dir='ltr'><strong>ὀιρετα)¹</strong></span> <span class='ocrx_word' id='word_1_508' title='bbox 3438 2733 3580 2787; x_wconf 75' lang='grc' dir='ltr'>κατὰ</span> <span class='ocrx_word' id='word_1_509' title='bbox 3618 2731 3807 2799; x_wconf 86' lang='grc' dir='ltr'>φύσιν,</span> 
     </span>
    </p>
   </div>
   <div class='ocr_carea' id='block_1_72' title="bbox 2231 2822 3810 2904">
    <p class='ocr_par' dir='ltr' id='par_1_72' title="bbox 2231 2822 3810 2904">
     <span class='ocr_line' id='line_1_72' title="bbox 2231 2822 3810 2904; baseline -0.008 -20"><span class='ocrx_word' id='word_1_510' title='bbox 2231 2832 2367 2904; x_wconf 79' lang='grc' dir='ltr'>πρὸς</span> <span class='ocrx_word' id='word_1_511' title='bbox 2400 2831 2466 2895; x_wconf 79' lang='grc' dir='ltr'>ἃς</span> <span class='ocrx_word' id='word_1_512' title='bbox 2500 2831 2533 2902; x_wconf 86' lang='grc' dir='ltr'>ἠ</span> <span class='ocrx_word' id='word_1_513' title='bbox 2561 2828 2832 2891; x_wconf 87' lang='grc' dir='ltr'>οἰκείωσις</span> <span class='ocrx_word' id='word_1_514' title='bbox 2859 2827 2958 2898; x_wconf 82' lang='grc' dir='ltr'>τῆς</span> <span class='ocrx_word' id='word_1_515' title='bbox 2983 2826 3160 2898; x_wconf 79' lang='grc' dir='ltr'>ψυχῆς</span> <span class='ocrx_word' id='word_1_516' title='bbox 3190 2826 3301 2896; x_wconf 83' lang='grc'>(57)</span> <span class='ocrx_word' id='word_1_517' title='bbox 3328 2826 3428 2877; x_wconf 86' lang='grc' dir='ltr'><strong>οὐκ</strong></span> <span class='ocrx_word' id='word_1_518' title='bbox 3457 2826 3521 2875; x_wconf 87' lang='grc' dir='ltr'><strong>ἐκ</strong></span> <span class='ocrx_word' id='word_1_519' title='bbox 3546 2822 3810 2874; x_wconf 74' lang='grc' dir='ltr'>διδασκαο</span> 
     </span>
    </p>
   </div>
   <div class='ocr_carea' id='block_1_73' title="bbox 2231 2916 3814 2993">
    <p class='ocr_par' dir='ltr' id='par_1_73' title="bbox 2231 2916 3814 2993">
     <span class='ocr_line' id='line_1_73' title="bbox 2231 2916 3814 2993; baseline -0.005 -19"><span class='ocrx_word' id='word_1_520' title='bbox 2231 2923 2350 2985; x_wconf 91' lang='grc' dir='ltr'>λίας</span> <span class='ocrx_word' id='word_1_521' title='bbox 2375 2921 2695 2993; x_wconf 85' lang='grc' dir='ltr'>ἀνθρώπων,</span> <span class='ocrx_word' id='word_1_522' title='bbox 2732 2920 2846 2975; x_wconf 84' lang='grc' dir='ltr'>ἀλλ’</span> <span class='ocrx_word' id='word_1_523' title='bbox 2882 2917 2942 2983; x_wconf 78' lang='grc' dir='ltr'><strong>ἐξ</strong></span> <span class='ocrx_word' id='word_1_524' title='bbox 2974 2919 3143 2989; x_wconf 82' lang='grc' dir='ltr'>αὐτῆς</span> <span class='ocrx_word' id='word_1_525' title='bbox 3177 2918 3277 2987; x_wconf 75' lang='grc' dir='ltr'>τῆς</span> <span class='ocrx_word' id='word_1_526' title='bbox 3315 2916 3527 2985; x_wconf 83' lang='grc' dir='ltr'>φύσεως</span> <span class='ocrx_word' id='word_1_527' title='bbox 3570 2916 3814 2985; x_wconf 83' lang='grc' dir='ltr'>ἐνυπάρ-</span> 
     </span>
    </p>
   </div>
   <div class='ocr_carea' id='block_1_74' title="bbox 2233 3005 3814 3085">
    <p class='ocr_par' dir='ltr' id='par_1_74' title="bbox 2233 3005 3814 3085">
     <span class='ocr_line' id='line_1_74' title="bbox 2233 3005 3814 3085; baseline -0.005 -18"><span class='ocrx_word' id='word_1_528' title='bbox 2233 3032 2338 3085; x_wconf 90' lang='grc' dir='ltr'>χει.</span> <span class='ocrx_word' id='word_1_529' title='bbox 2387 3013 2474 3076; x_wconf 83' lang='grc' dir='ltr'>Ὠς</span> <span class='ocrx_word' id='word_1_530' title='bbox 2516 3012 2624 3082; x_wconf 84' lang='grc' dir='ltr'><strong>γὰρ</strong></span> <span class='ocrx_word' id='word_1_531' title='bbox 2659 3011 2833 3076; x_wconf 74' lang='grc' dir='ltr'>οὐδεὶς</span> <span class='ocrx_word' id='word_1_532' title='bbox 2881 3011 3027 3082; x_wconf 80' lang='grc' dir='ltr'>ἡμᾶς</span> <span class='ocrx_word' id='word_1_533' title='bbox 3063 3009 3217 3078; x_wconf 86' lang='grc' dir='ltr'>λόγος</span> <span class='ocrx_word' id='word_1_534' title='bbox 3254 3007 3495 3061; x_wconf 80' lang='grc' dir='ltr'>διδάσκει</span> <span class='ocrx_word' id='word_1_535' title='bbox 3527 3005 3625 3077; x_wconf 79' lang='grc' dir='ltr'>τὴν</span> <span class='ocrx_word' id='word_1_536' title='bbox 3654 3006 3814 3059; x_wconf 84' lang='grc' dir='ltr'>νόσον</span> 
     </span>
    </p>
   </div>
   <div class='ocr_carea' id='block_1_75' title="bbox 2240 3097 3814 3176">
    <p class='ocr_par' dir='ltr' id='par_1_75' title="bbox 2240 3097 3814 3176">
     <span class='ocr_line' id='line_1_75' title="bbox 2240 3097 3814 3176; baseline -0.007 -17"><span class='ocrx_word' id='word_1_537' title='bbox 2240 3108 2435 3176; x_wconf 86' lang='grc' dir='ltr'>μισεῖν,</span> <span class='ocrx_word' id='word_1_538' title='bbox 2471 3105 2582 3157; x_wconf 78' lang='grc' dir='ltr'>ἀλλ’</span> <span class='ocrx_word' id='word_1_539' title='bbox 2612 3103 2915 3173; x_wconf 91' lang='grc' dir='ltr'>αὐτόματον</span> <span class='ocrx_word' id='word_1_540' title='bbox 2940 3102 3133 3172; x_wconf 77' lang='grc' dir='ltr'>ἔχομεν</span> <span class='ocrx_word' id='word_1_541' title='bbox 3160 3102 3260 3172; x_wconf 85' lang='grc' dir='ltr'>τὴν</span> <span class='ocrx_word' id='word_1_542' title='bbox 3286 3100 3422 3170; x_wconf 82' lang='grc' dir='ltr'>πρὸς</span> <span class='ocrx_word' id='word_1_543' title='bbox 3450 3097 3517 3152; x_wconf 78' lang='grc' dir='ltr'>τὰ</span> <span class='ocrx_word' id='word_1_544' title='bbox 3541 3097 3814 3150; x_wconf 73' lang='grc' dir='ltr'>λυποῦντα</span> 
     </span>
    </p>
   </div>
   <div class='ocr_carea' id='block_1_76' title="bbox 2234 3189 3815 3267">
    <p class='ocr_par' dir='ltr' id='par_1_76' title="bbox 2234 3189 3815 3267">
     <span class='ocr_line' id='line_1_76' title="bbox 2234 3189 3815 3267; baseline -0.005 -17"><span class='ocrx_word' id='word_1_545' title='bbox 2234 3198 2500 3267; x_wconf 74' lang='grc' dir='ltr'>διαϐολήν·</span> <span class='ocrx_word' id='word_1_546' title='bbox 2535 3196 2674 3249; x_wconf 80' lang='grc' dir='ltr'>οὑτω</span> <span class='ocrx_word' id='word_1_547' title='bbox 2715 3197 2807 3249; x_wconf 75' lang='grc' dir='ltr'><strong>καὶ</strong></span> <span class='ocrx_word' id='word_1_548' title='bbox 2838 3199 2904 3266; x_wconf 79' lang='grc' dir='ltr'>τῇ</span> <span class='ocrx_word' id='word_1_549' title='bbox 2935 3195 3079 3266; x_wconf 75' lang='grc' dir='ltr'>ψυχῇ</span> <span class='ocrx_word' id='word_1_550' title='bbox 3120 3194 3233 3265; x_wconf 82' lang='grc'>(58)</span> <span class='ocrx_word' id='word_1_551' title='bbox 3274 3193 3387 3247; x_wconf 80' lang='grc' dir='ltr'>ἐστι</span> <span class='ocrx_word' id='word_1_552' title='bbox 3424 3210 3509 3255; x_wconf 90' lang='grc' dir='ltr'><strong>τις</strong></span> <span class='ocrx_word' id='word_1_553' title='bbox 3530 3189 3815 3254; x_wconf 81' lang='grc' dir='ltr'>ἀδίδακτος</span> 
     </span>
    </p>
   </div>
   <div class='ocr_carea' id='block_1_77' title="bbox 2236 3283 3809 3357">
    <p class='ocr_par' dir='ltr' id='par_1_77' title="bbox 2236 3283 3809 3357">
     <span class='ocr_line' id='line_1_77' title="bbox 2236 3283 3809 3357; baseline -0.007 -14"><span class='ocrx_word' id='word_1_554' title='bbox 2236 3289 2474 3350; x_wconf 76' lang='grc' dir='ltr'>ἔκκλισις</span> <span class='ocrx_word' id='word_1_555' title='bbox 2500 3288 2593 3339; x_wconf 78' lang='grc' dir='ltr'>τοῦ</span> <span class='ocrx_word' id='word_1_556' title='bbox 2622 3288 2811 3340; x_wconf 78' lang='grc' dir='ltr'>κακοῦ.</span> <span class='ocrx_word' id='word_1_557' title='bbox 2842 3287 3025 3340; x_wconf 82' lang='grc' dir='ltr'>Κακὸν</span> <span class='ocrx_word' id='word_1_558' title='bbox 3061 3288 3118 3340; x_wconf 81' lang='grc' dir='ltr'><strong>δὲ</strong></span> <span class='ocrx_word' id='word_1_559' title='bbox 3150 3287 3257 3340; x_wconf 79' lang='grc' dir='ltr'>πᾶν</span> <span class='ocrx_word' id='word_1_560' title='bbox 3287 3284 3567 3357; x_wconf 79' lang='grc' dir='ltr'>άρῤωστία</span> <span class='ocrx_word' id='word_1_561' title='bbox 3592 3283 3774 3354; x_wconf 76' lang='grc' dir='ltr'>ψυχῆς</span> <span class='ocrx_word' id='word_1_562' title='bbox 3795 3298 3809 3311; x_wconf 90' lang='grc'><strong>·</strong></span> 
     </span>
    </p>
   </div>
   <div class='ocr_carea' id='block_1_78' title="bbox 2235 3374 3813 3450">
    <p class='ocr_par' dir='ltr' id='par_1_78' title="bbox 2235 3374 3813 3450">
     <span class='ocr_line' id='line_1_78' title="bbox 2235 3374 3813 3450; baseline -0.004 -17"><span class='ocrx_word' id='word_1_563' title='bbox 2235 3383 2268 3450; x_wconf 83' lang='grc' dir='ltr'>ἠ</span> <span class='ocrx_word' id='word_1_564' title='bbox 2297 3379 2353 3433; x_wconf 83' lang='grc' dir='ltr'>δὲ</span> <span class='ocrx_word' id='word_1_565' title='bbox 2384 3377 2551 3449; x_wconf 83' lang='grc' dir='ltr'>ἀρετὴ</span> <span class='ocrx_word' id='word_1_566' title='bbox 2601 3375 2755 3443; x_wconf 83' lang='grc' dir='ltr'>λόγον</span> <span class='ocrx_word' id='word_1_567' title='bbox 2795 3377 3001 3445; x_wconf 86' lang='grc' dir='ltr'>ὑγιείας</span> <span class='ocrx_word' id='word_1_568' title='bbox 3043 3378 3248 3449; x_wconf 81' lang='grc' dir='ltr'>ἐπέχει.</span> <span class='ocrx_word' id='word_1_569' title='bbox 3300 3376 3495 3439; x_wconf 85' lang='grc' dir='ltr'>Καλῶς</span> <span class='ocrx_word' id='word_1_570' title='bbox 3523 3375 3634 3445; x_wconf 80' lang='grc' dir='ltr'>γὰρ</span> <span class='ocrx_word' id='word_1_571' title='bbox 3676 3374 3813 3445; x_wconf 86' lang='grc' dir='ltr'><strong>ὠρί-</strong></span> 
     </span>
    </p>
   </div>
   <div class='ocr_carea' id='block_1_79' title="bbox 2241 3465 3818 3541">
    <p class='ocr_par' dir='ltr' id='par_1_79' title="bbox 2241 3465 3818 3541">
     <span class='ocr_line' id='line_1_79' title="bbox 2241 3465 3818 3541; baseline -0.003 -15"><span class='ocrx_word' id='word_1_572' title='bbox 2241 3472 2397 3526; x_wconf 84' lang='grc' dir='ltr'>σαντό</span> <span class='ocrx_word' id='word_1_573' title='bbox 2426 3487 2567 3532; x_wconf 85' lang='grc' dir='ltr'>τινες</span> <span class='ocrx_word' id='word_1_574' title='bbox 2604 3468 2809 3536; x_wconf 84' lang='grc' dir='ltr'>ὑγίειαν</span> <span class='ocrx_word' id='word_1_575' title='bbox 2846 3465 2983 3522; x_wconf 76' lang='grc' dir='ltr'>εἶναι</span> <span class='ocrx_word' id='word_1_576' title='bbox 3033 3471 3130 3541; x_wconf 80' lang='grc' dir='ltr'>τὴν</span> <span class='ocrx_word' id='word_1_577' title='bbox 3174 3469 3494 3524; x_wconf 77' lang='grc' dir='ltr'>εὐστάθειαν</span> <span class='ocrx_word' id='word_1_578' title='bbox 3534 3468 3644 3521; x_wconf 88' lang='grc' dir='ltr'><strong>τῶν</strong></span> <span class='ocrx_word' id='word_1_579' title='bbox 3672 3466 3818 3521; x_wconf 81' lang='grc' dir='ltr'>κατὰ</span> 
     </span>
    </p>
   </div>
   <div class='ocr_carea' id='block_1_80' title="bbox 2239 3558 3819 3635">
    <p class='ocr_par' dir='ltr' id='par_1_80' title="bbox 2239 3558 3819 3635">
     <span class='ocr_line' id='line_1_80' title="bbox 2239 3558 3819 3635; baseline -0.004 -17"><span class='ocrx_word' id='word_1_580' title='bbox 2239 3565 2398 3635; x_wconf 88' lang='grc' dir='ltr'>φύσιν</span> <span class='ocrx_word' id='word_1_581' title='bbox 2433 3560 2739 3633; x_wconf 83' lang='grc' dir='ltr'>ἐνεργειῶν.</span> <span class='ocrx_word' id='word_1_582' title='bbox 2781 3561 2845 3612; x_wconf 90' lang='grc' dir='ltr'>Ὂ</span> <span class='ocrx_word' id='word_1_583' title='bbox 2870 3561 2961 3612; x_wconf 75' lang='grc' dir='ltr'><strong>καὶ</strong></span> <span class='ocrx_word' id='word_1_584' title='bbox 2986 3562 3077 3613; x_wconf 73' lang='grc' dir='ltr'><strong>ἐπὶ</strong></span> <span class='ocrx_word' id='word_1_585' title='bbox 3100 3562 3200 3631; x_wconf 83' lang='grc' dir='ltr'>τῆς</span> <span class='ocrx_word' id='word_1_586' title='bbox 3226 3562 3367 3615; x_wconf 80' lang='grc' dir='ltr'>κατὰ</span> <span class='ocrx_word' id='word_1_587' title='bbox 3394 3562 3572 3632; x_wconf 78' lang='grc' dir='ltr'>ψυχὴν</span> <span class='ocrx_word' id='word_1_588' title='bbox 3599 3558 3819 3625; x_wconf 75' lang='grc' dir='ltr'>εὐεξίας</span> 
     </span>
    </p>
   </div>
   <div class='ocr_carea' id='block_1_81' title="bbox 2239 3649 3819 3723">
    <p class='ocr_par' dir='ltr' id='par_1_81' title="bbox 2239 3649 3819 3723">
     <span class='ocr_line' id='line_1_81' title="bbox 2239 3649 3819 3723; baseline -0.003 -16"><span class='ocrx_word' id='word_1_589' title='bbox 2239 3654 2426 3716; x_wconf 84' lang='grc' dir='ltr'>εἰπὼν,</span> <span class='ocrx_word' id='word_1_590' title='bbox 2460 3654 2557 3723; x_wconf 89' lang='grc' dir='ltr'><strong>οὐχ</strong></span> <span class='ocrx_word' id='word_1_591' title='bbox 2585 3652 2888 3723; x_wconf 85' lang='grc' dir='ltr'>ἁμαρτήσει</span> <span class='ocrx_word' id='word_1_592' title='bbox 2922 3649 3014 3703; x_wconf 80' lang='grc' dir='ltr'>τοῦ</span> <span class='ocrx_word' id='word_1_593' title='bbox 3047 3651 3368 3721; x_wconf 84' lang='grc' dir='ltr'>πρέποντος.</span> <span class='ocrx_word' id='word_1_594' title='bbox 3405 3653 3566 3705; x_wconf 83' lang='grc' dir='ltr'>Ὅθεν</span> <span class='ocrx_word' id='word_1_595' title='bbox 3597 3652 3819 3721; x_wconf 81' lang='grc' dir='ltr'>ὀρεκτι-</span> 
     </span>
    </p>
   </div>
   <div class='ocr_carea' id='block_1_82' title="bbox 2240 3742 3820 3815">
    <p class='ocr_par' dir='ltr' id='par_1_82' title="bbox 2240 3742 3820 3815">
     <span class='ocr_line' id='line_1_82' title="bbox 2240 3742 3820 3815; baseline -0.001 -17"><span class='ocrx_word' id='word_1_596' title='bbox 2240 3747 2311 3815; x_wconf 85' lang='grc' dir='ltr'>κὴ</span> <span class='ocrx_word' id='word_1_597' title='bbox 2346 3745 2437 3798; x_wconf 75' lang='grc' dir='ltr'>τοῦ</span> <span class='ocrx_word' id='word_1_598' title='bbox 2472 3745 2670 3797; x_wconf 88' lang='grc' dir='ltr'>οἰκείου</span> <span class='ocrx_word' id='word_1_599' title='bbox 2710 3745 2803 3797; x_wconf 80' lang='grc' dir='ltr'><strong>καὶ</strong></span> <span class='ocrx_word' id='word_1_600' title='bbox 2835 3742 2974 3796; x_wconf 72' lang='grc' dir='ltr'>κατὰ</span> <span class='ocrx_word' id='word_1_601' title='bbox 3001 3742 3161 3812; x_wconf 84' lang='grc' dir='ltr'>φύσιν</span> <span class='ocrx_word' id='word_1_602' title='bbox 3204 3743 3340 3813; x_wconf 82' lang='grc' dir='ltr'>αὑτῇ</span> <span class='ocrx_word' id='word_1_603' title='bbox 3372 3742 3481 3813; x_wconf 86' lang='grc'>(59)</span> <span class='ocrx_word' id='word_1_604' title='bbox 3515 3743 3820 3805; x_wconf 76' lang='grc' dir='ltr'>ἀδιδάκτως</span> 
     </span>
    </p>
   </div>
   <div class='ocr_carea' id='block_1_83' title="bbox 2242 3836 3821 3907">
    <p class='ocr_par' dir='ltr' id='par_1_83' title="bbox 2242 3836 3821 3907">
     <span class='ocr_line' id='line_1_83' title="bbox 2242 3836 3821 3907; baseline -0.001 -19"><span class='ocrx_word' id='word_1_605' title='bbox 2242 3837 2389 3889; x_wconf 68' lang='grc' dir='ltr'>ἐστιν</span> <span class='ocrx_word' id='word_1_606' title='bbox 2410 3839 2443 3906; x_wconf 83' lang='grc' dir='ltr'>ὴ</span> <span class='ocrx_word' id='word_1_607' title='bbox 2474 3836 2638 3907; x_wconf 77' lang='grc' dir='ltr'>ψυχή.</span> <span class='ocrx_word' id='word_1_608' title='bbox 2676 3837 2766 3889; x_wconf 86' lang='grc' dir='ltr'><strong>Διὸ</strong></span> <span class='ocrx_word' id='word_1_609' title='bbox 2792 3836 3048 3907; x_wconf 83' lang='grc' dir='ltr'>ἐπαινετὴ</span> <span class='ocrx_word' id='word_1_610' title='bbox 3076 3836 3238 3889; x_wconf 80' lang='grc' dir='ltr'>πᾶσιν</span> <span class='ocrx_word' id='word_1_611' title='bbox 3269 3837 3302 3906; x_wconf 82' lang='grc' dir='ltr'>ὴ</span> <span class='ocrx_word' id='word_1_612' title='bbox 3332 3837 3653 3906; x_wconf 84' lang='grc' dir='ltr'>σωφροσύνη</span> <span class='ocrx_word' id='word_1_613' title='bbox 3672 3853 3687 3867; x_wconf 77' lang='lat'><strong><em>°</em></strong></span> <span class='ocrx_word' id='word_1_614' title='bbox 3724 3836 3821 3888; x_wconf 78' lang='grc' dir='ltr'>καὶ</span> 
     </span>
    </p>
   </div>
   <div class='ocr_carea' id='block_1_84' title="bbox 2244 3926 3817 3999">
    <p class='ocr_par' dir='ltr' id='par_1_84' title="bbox 2244 3926 3817 3999">
     <span class='ocr_line' id='line_1_84' title="bbox 2244 3926 3817 3999; baseline 0 -18"><span class='ocrx_word' id='word_1_615' title='bbox 2244 3928 2509 3999; x_wconf 85' lang='grc' dir='ltr'>ἀποδεκτὴ</span> <span class='ocrx_word' id='word_1_616' title='bbox 2563 3931 2596 3999; x_wconf 87' lang='grc' dir='ltr'><strong>ἡ</strong></span> <span class='ocrx_word' id='word_1_617' title='bbox 2651 3930 2997 3998; x_wconf 80' lang='grc' dir='ltr'>δικαιοσύνη·</span> <span class='ocrx_word' id='word_1_618' title='bbox 3044 3929 3139 3982; x_wconf 77' lang='grc' dir='ltr'><strong>καὶ</strong></span> <span class='ocrx_word' id='word_1_619' title='bbox 3178 3927 3462 3998; x_wconf 84' lang='grc' dir='ltr'>θαυμαστὴ</span> <span class='ocrx_word' id='word_1_620' title='bbox 3502 3926 3817 3998; x_wconf 78' lang='grc' dir='ltr'>ἡάνδρεία’</span> 
     </span>
    </p>
   </div>
   <div class='ocr_carea' id='block_1_85' title="bbox 2244 4018 3820 4090">
    <p class='ocr_par' dir='ltr' id='par_1_85' title="bbox 2244 4018 3820 4090">
     <span class='ocr_line' id='line_1_85' title="bbox 2244 4018 3820 4090; baseline 0.001 -18"><span class='ocrx_word' id='word_1_621' title='bbox 2244 4021 2338 4072; x_wconf 76' lang='grc' dir='ltr'><strong>καί</strong></span> <span class='ocrx_word' id='word_1_622' title='bbox 2376 4021 2409 4089; x_wconf 83' lang='grc' dir='ltr'>ἡ</span> <span class='ocrx_word' id='word_1_623' title='bbox 2440 4021 2697 4090; x_wconf 81' lang='grc' dir='ltr'>φρόνησις</span> <span class='ocrx_word' id='word_1_624' title='bbox 2729 4021 3211 4089; x_wconf 85' lang='grc' dir='ltr'>περισπούδαστος.</span> <span class='ocrx_word' id='word_1_625' title='bbox 3261 4020 3327 4072; x_wconf 81' lang='grc' dir='ltr'><strong>’Δ</strong></span> <span class='ocrx_word' id='word_1_626' title='bbox 3355 4018 3661 4090; x_wconf 85' lang='grc' dir='ltr'>οίκειότερά</span> <span class='ocrx_word' id='word_1_627' title='bbox 3701 4020 3820 4073; x_wconf 78' lang='grc' dir='ltr'>ἐστι</span> 
     </span>
    </p>
   </div>
   <div class='ocr_carea' id='block_1_86' title="bbox 2245 4108 3819 4180">
    <p class='ocr_par' dir='ltr' id='par_1_86' title="bbox 2245 4108 3819 4180">
     <span class='ocr_line' id='line_1_86' title="bbox 2245 4108 3819 4180; baseline 0.001 -18"><span class='ocrx_word' id='word_1_628' title='bbox 2245 4112 2309 4180; x_wconf 85' lang='grc' dir='ltr'>τῇ</span> <span class='ocrx_word' id='word_1_629' title='bbox 2334 4110 2480 4179; x_wconf 66' lang='grc' dir='ltr'>ψυχῇ</span> <span class='ocrx_word' id='word_1_630' title='bbox 2513 4108 2712 4179; x_wconf 77' lang='grc' dir='ltr'>μᾶλλον</span> <span class='ocrx_word' id='word_1_631' title='bbox 2763 4109 2794 4177; x_wconf 83' lang='grc' dir='ltr'>ἢ</span> <span class='ocrx_word' id='word_1_632' title='bbox 2840 4109 2917 4178; x_wconf 79' lang='grc' dir='ltr'>τῷ</span> <span class='ocrx_word' id='word_1_633' title='bbox 2967 4109 3176 4178; x_wconf 80' lang='grc' dir='ltr'>σώματι</span> <span class='ocrx_word' id='word_1_634' title='bbox 3225 4113 3258 4179; x_wconf 80' lang='grc' dir='ltr'>ἡ</span> <span class='ocrx_word' id='word_1_635' title='bbox 3306 4110 3482 4177; x_wconf 89' lang='grc' dir='ltr'>ὑγεία.</span> <span class='ocrx_word' id='word_1_636' title='bbox 3517 4109 3600 4161; x_wconf 85' lang='grc' dir='ltr'><strong>Τὰ</strong></span> <span class='ocrx_word' id='word_1_637' title='bbox 3631 4109 3819 4174; x_wconf 83' lang='grc' dir='ltr'>τέκνα,</span> 
     </span>
    </p>
   </div>
   <div class='ocr_carea' id='block_1_87' title="bbox 2246 4196 3826 4268">
    <p class='ocr_par' dir='ltr' id='par_1_87' title="bbox 2246 4196 3826 4268">
     <span class='ocr_line' id='line_1_87' title="bbox 2246 4196 3826 4268; baseline -0.001 -16"><span class='ocrx_word' id='word_1_638' title='bbox 2246 4201 2494 4267; x_wconf 84' lang='grc' dir='ltr'>ἀγαπᾶτε</span> <span class='ocrx_word' id='word_1_639' title='bbox 2510 4200 2633 4260; x_wconf 73' lang='grc' dir='ltr'>τοὺς</span> <span class='ocrx_word' id='word_1_640' title='bbox 2664 4197 2903 4268; x_wconf 82' lang='grc' dir='ltr'>πατέρας</span> <span class='ocrx_word' id='word_1_641' title='bbox 2926 4198 3057 4268; x_wconf 76' lang='grc'>(40).</span> <span class='ocrx_word' id='word_1_642' title='bbox 3096 4202 3159 4250; x_wconf 78' lang='grc' dir='ltr'>Οἱ</span> <span class='ocrx_word' id='word_1_643' title='bbox 3192 4197 3408 4268; x_wconf 75' lang='grc' dir='ltr'>γονεῖς,</span> <span class='ocrx_word' id='word_1_644' title='bbox 3431 4196 3518 4266; x_wconf 83' lang='grc' dir='ltr'>μὴ</span> <span class='ocrx_word' id='word_1_645' title='bbox 3551 4200 3826 4265; x_wconf 79' lang='grc' dir='ltr'>παροργί-</span> 
     </span>
    </p>
   </div>
   <div class='ocr_carea' id='block_1_88' title="bbox 2248 4286 3826 4361">
    <p class='ocr_par' dir='ltr' id='par_1_88' title="bbox 2248 4286 3826 4361">
     <span class='ocr_line' id='line_1_88' title="bbox 2248 4286 3826 4361; baseline -0.004 -15"><span class='ocrx_word' id='word_1_646' title='bbox 2248 4292 2367 4353; x_wconf 81' lang='grc' dir='ltr'>ζετε</span> <span class='ocrx_word' id='word_1_647' title='bbox 2396 4291 2466 4343; x_wconf 83' lang='grc' dir='ltr'>τὰ</span> <span class='ocrx_word' id='word_1_648' title='bbox 2492 4290 2689 4343; x_wconf 80' lang='grc' dir='ltr'>τέκνα.</span> <span class='ocrx_word' id='word_1_649' title='bbox 2719 4290 2810 4361; x_wconf 80' lang='grc' dir='ltr'><strong>Μὴ</strong></span> <span class='ocrx_word' id='word_1_650' title='bbox 2843 4292 2935 4344; x_wconf 78' lang='grc' dir='ltr'><strong>καὶ</strong></span> <span class='ocrx_word' id='word_1_651' title='bbox 2958 4292 2989 4360; x_wconf 86' lang='grc' dir='ltr'>ἡ</span> <span class='ocrx_word' id='word_1_652' title='bbox 3022 4289 3182 4359; x_wconf 87' lang='grc' dir='ltr'>φύσις</span> <span class='ocrx_word' id='word_1_653' title='bbox 3209 4288 3382 4341; x_wconf 80' lang='grc' dir='ltr'>ταῦτα</span> <span class='ocrx_word' id='word_1_654' title='bbox 3408 4288 3468 4340; x_wconf 92' lang='grc' dir='ltr'><strong>οὑ</strong></span> <span class='ocrx_word' id='word_1_655' title='bbox 3501 4286 3689 4356; x_wconf 88' lang='grc' dir='ltr'>λέγει;</span> <span class='ocrx_word' id='word_1_656' title='bbox 3716 4288 3826 4340; x_wconf 81' lang='grc' dir='ltr'>Οὑ-</span> 
     </span>
    </p>
   </div>
   <div class='ocr_carea' id='block_1_89' title="bbox 2246 4379 3827 4456">
    <p class='ocr_par' dir='ltr' id='par_1_89' title="bbox 2246 4379 3827 4456">
     <span class='ocr_line' id='line_1_89' title="bbox 2246 4379 3827 4456; baseline -0.006 -15"><span class='ocrx_word' id='word_1_657' title='bbox 2246 4388 2334 4441; x_wconf 86' lang='grc' dir='ltr'><strong>δὲν</strong></span> <span class='ocrx_word' id='word_1_658' title='bbox 2372 4386 2553 4440; x_wconf 80' lang='grc' dir='ltr'>καινὸν</span> <span class='ocrx_word' id='word_1_659' title='bbox 2574 4387 2830 4456; x_wconf 88' lang='grc' dir='ltr'>παραινεῖ</span> <span class='ocrx_word' id='word_1_660' title='bbox 2858 4382 3088 4445; x_wconf 78' lang='grc' dir='ltr'>Παῦλος,</span> <span class='ocrx_word' id='word_1_661' title='bbox 3118 4381 3254 4435; x_wconf 73' lang='grc' dir='ltr'>ἀλλὰ</span> <span class='ocrx_word' id='word_1_662' title='bbox 3283 4380 3350 4435; x_wconf 81' lang='grc' dir='ltr'>τὰ</span> <span class='ocrx_word' id='word_1_663' title='bbox 3381 4380 3556 4452; x_wconf 82' lang='grc' dir='ltr'>δεσμά</span> <span class='ocrx_word' id='word_1_664' title='bbox 3585 4380 3688 4450; x_wconf 83' lang='grc' dir='ltr'>τῆς</span> <span class='ocrx_word' id='word_1_665' title='bbox 3720 4379 3827 4447; x_wconf 81' lang='grc' dir='ltr'>φύ-</span> 
     </span>
    </p>
   </div>
   <div class='ocr_carea' id='block_1_90' title="bbox 579 4469 2124 4558">
    <p class='ocr_par' dir='ltr' id='par_1_90' title="bbox 579 4469 2124 4542">
     <span class='ocr_line' id='line_1_90' title="bbox 579 4469 2124 4542; baseline 0.001 -16"><span class='ocrx_word' id='word_1_666' title='bbox 579 4488 855 4542; x_wconf 77' lang='grc' dir='ltr'>μτοιοεαιέ</span> <span class='ocrx_word' id='word_1_667' title='bbox 888 4470 1026 4538; x_wconf 81' lang='lat' dir='ltr'><strong>ﬁlios</strong></span> <span class='ocrx_word' id='word_1_668' title='bbox 1060 4472 1124 4526; x_wconf 83' lang='grc'>¹⁷.</span> <span class='ocrx_word' id='word_1_669' title='bbox 1160 4469 1409 4541; x_wconf 81' lang='lat' dir='ltr'><strong>Nunquid</strong></span> <span class='ocrx_word' id='word_1_670' title='bbox 1467 4473 1581 4528; x_wconf 66' lang='lat' dir='ltr'><strong>haec</strong></span> <span class='ocrx_word' id='word_1_671' title='bbox 1630 4487 1736 4527; x_wconf 89' lang='lat' dir='ltr'><strong>non</strong></span> <span class='ocrx_word' id='word_1_672' title='bbox 1784 4473 1913 4527; x_wconf 87' lang='lat' dir='ltr'><strong>dicit</strong></span> <span class='ocrx_word' id='word_1_673' title='bbox 1947 4485 2001 4528; x_wconf 91' lang='lat' dir='ltr'><strong>et</strong></span> <span class='ocrx_word' id='word_1_674' title='bbox 2047 4490 2124 4529; x_wconf 35' lang='lat' dir='ltr'><strong>tta.</strong></span> 
     </span>
    </p>
   </div>
   <div class='ocr_carea' id='block_1_91' title="bbox 2233 4469 3825 4558">
    <p class='ocr_par' dir='ltr' id='par_1_91' title="bbox 2251 4470 3825 4544">
     <span class='ocr_line' id='line_1_91' title="bbox 2251 4470 3825 4544; baseline -0.007 -12"><span class='ocrx_word' id='word_1_675' title='bbox 2251 4495 2387 4541; x_wconf 90' lang='grc' dir='ltr'>σεως</span> <span class='ocrx_word' id='word_1_676' title='bbox 2442 4476 2775 4544; x_wconf 86' lang='grc' dir='ltr'>ἐπισφίγγει.</span> <span class='ocrx_word' id='word_1_677' title='bbox 2826 4475 2888 4526; x_wconf 87' lang='grc' dir='ltr'>Εἰ</span> <span class='ocrx_word' id='word_1_678' title='bbox 2934 4475 2967 4543; x_wconf 81' lang='grc' dir='ltr'>ἡ</span> <span class='ocrx_word' id='word_1_679' title='bbox 3014 4473 3196 4525; x_wconf 81' lang='grc' dir='ltr'>λέαινα</span> <span class='ocrx_word' id='word_1_680' title='bbox 3247 4471 3464 4541; x_wconf 86' lang='grc' dir='ltr'>στέργει</span> <span class='ocrx_word' id='word_1_681' title='bbox 3514 4471 3582 4523; x_wconf 76' lang='grc' dir='ltr'><strong>τά</strong></span> <span class='ocrx_word' id='word_1_682' title='bbox 3623 4470 3687 4535; x_wconf 78' lang='grc' dir='ltr'>ἐξ</span> <span class='ocrx_word' id='word_1_683' title='bbox 3730 4471 3825 4523; x_wconf 82' lang='grc' dir='ltr'>αὐ-</span> 
     </span>
    </p>
   </div>
   <div class='ocr_carea' id='block_1_92' title="bbox 579 4560 2124 4642">
    <p class='ocr_par' dir='ltr' id='par_1_92' title="bbox 579 4560 2124 4632">
     <span class='ocr_line' id='line_1_92' title="bbox 579 4560 2124 4632; baseline 0.002 -16"><span class='ocrx_word' id='word_1_684' title='bbox 579 4574 695 4618; x_wconf 91' lang='lat' dir='ltr'><strong>tura</strong></span> <span class='ocrx_word' id='word_1_685' title='bbox 733 4564 883 4632; x_wconf 86' lang='lat' dir='ltr'><strong>ipsa?</strong></span> <span class='ocrx_word' id='word_1_686' title='bbox 922 4560 1064 4617; x_wconf 83' lang='lat' dir='ltr'><strong>Nihil</strong></span> <span class='ocrx_word' id='word_1_687' title='bbox 1116 4564 1238 4616; x_wconf 83' lang='lat' dir='ltr'><strong>novi</strong></span> <span class='ocrx_word' id='word_1_688' title='bbox 1294 4573 1473 4619; x_wconf 90' lang='lat' dir='ltr'><strong>mouet</strong></span> <span class='ocrx_word' id='word_1_689' title='bbox 1514 4563 1711 4619; x_wconf 80' lang='lat' dir='ltr'><strong>Paulus</strong></span> <span class='ocrx_word' id='word_1_690' title='bbox 1744 4580 1758 4617; x_wconf 89' lang='lat'><strong>:</strong></span> <span class='ocrx_word' id='word_1_691' title='bbox 1797 4564 1889 4619; x_wconf 88' lang='lat' dir='ltr'><strong>sed</strong></span> <span class='ocrx_word' id='word_1_692' title='bbox 1940 4576 2124 4620; x_wconf 88' lang='lat' dir='ltr'><strong>natura</strong></span> 
     </span>
    </p>
   </div>
   <div class='ocr_carea' id='block_1_93' title="bbox 2233 4560 3825 4642">
    <p class='ocr_par' dir='ltr' id='par_1_93' title="bbox 2248 4561 3825 4642">
     <span class='ocr_line' id='line_1_93' title="bbox 2248 4561 3825 4642; baseline -0.007 -20"><span class='ocrx_word' id='word_1_693' title='bbox 2248 4569 2349 4638; x_wconf 82' lang='grc' dir='ltr'>τῆς</span> <span class='ocrx_word' id='word_1_694' title='bbox 2375 4567 2507 4637; x_wconf 75' lang='grc' dir='ltr'>(Μ),</span> <span class='ocrx_word' id='word_1_695' title='bbox 2530 4566 2634 4642; x_wconf 35' lang='grc' dir='ltr'>,καὶ</span> <span class='ocrx_word' id='word_1_696' title='bbox 2680 4564 2841 4628; x_wconf 81' lang='grc' dir='ltr'>λύκος</span> <span class='ocrx_word' id='word_1_697' title='bbox 2879 4564 3018 4633; x_wconf 79' lang='grc' dir='ltr'>ὑπὲρ</span> <span class='ocrx_word' id='word_1_698' title='bbox 3047 4562 3332 4616; x_wconf 88' lang='grc' dir='ltr'>σκυλάκων</span> <span class='ocrx_word' id='word_1_699' title='bbox 3366 4564 3617 4632; x_wconf 86' lang='grc' dir='ltr'>μάχεται,</span> <span class='ocrx_word' id='word_1_700' title='bbox 3651 4561 3705 4613; x_wconf 88' lang='grc' dir='ltr'><strong>τί</strong></span> <span class='ocrx_word' id='word_1_701' title='bbox 3745 4562 3825 4612; x_wconf 79' lang='grc' dir='ltr'><strong>εἵ-</strong></span> 
     </span>
    </p>
   </div>
   <div class='ocr_carea' id='block_1_94' title="bbox 577 4651 2145 4725">
    <p class='ocr_par' dir='ltr' id='par_1_94' title="bbox 577 4651 2145 4725">
     <span class='ocr_line' id='line_1_94' title="bbox 577 4651 2145 4725; baseline 0.004 -18"><span class='ocrx_word' id='word_1_702' title='bbox 577 4656 787 4709; x_wconf 74' lang='lat' dir='ltr'><strong>vineula</strong></span> <span class='ocrx_word' id='word_1_703' title='bbox 828 4654 1163 4725; x_wconf 80' lang='lat' dir='ltr'><strong>constringit.</strong></span> <span class='ocrx_word' id='word_1_704' title='bbox 1210 4651 1268 4708; x_wconf 88' lang='lat' dir='ltr'><strong>Si</strong></span> <span class='ocrx_word' id='word_1_705' title='bbox 1316 4653 1478 4709; x_wconf 61' lang='lat' dir='ltr'><strong>leaena</strong></span> <span class='ocrx_word' id='word_1_706' title='bbox 1520 4666 1667 4710; x_wconf 88' lang='lat' dir='ltr'><strong>amat</strong></span> <span class='ocrx_word' id='word_1_707' title='bbox 1716 4656 1855 4712; x_wconf 87' lang='lat' dir='ltr'><strong>fetus</strong></span> <span class='ocrx_word' id='word_1_708' title='bbox 1909 4671 2057 4717; x_wconf 88' lang='lat' dir='ltr'><strong>suos.</strong></span> <span class='ocrx_word' id='word_1_709' title='bbox 2092 4670 2145 4713; x_wconf 90' lang='lat' dir='ltr'><strong>et</strong></span> 
     </span>
    </p>
   </div>
   <div class='ocr_carea' id='block_1_95' title="bbox 663 4769 1689 4840">
    <p class='ocr_par' dir='ltr' id='par_1_95' title="bbox 663 4769 1689 4840">
     <span class='ocr_line' id='line_1_95' title="bbox 663 4769 1689 4840; baseline 0.003 -17"><span class='ocrx_word' id='word_1_710' title='bbox 663 4772 706 4801; x_wconf 80' lang='grc'>¹⁶</span> <span class='ocrx_word' id='word_1_711' title='bbox 738 4771 877 4825; x_wconf 79' lang='lat' dir='ltr'><strong>Psal.</strong></span> <span class='ocrx_word' id='word_1_712' title='bbox 909 4788 1026 4837; x_wconf 87' lang='lat' dir='ltr'><strong>cut,</strong></span> <span class='ocrx_word' id='word_1_713' title='bbox 1057 4772 1147 4825; x_wconf 61' lang='lat' dir='ltr'><strong>2i.</strong></span> <span class='ocrx_word' id='word_1_714' title='bbox 1228 4769 1269 4801; x_wconf 82' lang='lat'>&quot;</span> <span class='ocrx_word' id='word_1_715' title='bbox 1302 4769 1497 4840; x_wconf 80' lang='lat' dir='ltr'><strong>Ephes.</strong></span> <span class='ocrx_word' id='word_1_716' title='bbox 1534 4786 1606 4833; x_wconf 82' lang='grc' dir='ltr'><strong>νι,</strong></span> <span class='ocrx_word' id='word_1_717' title='bbox 1637 4773 1689 4826; x_wconf 79' lang='grc'>4.</span> 
     </span>
    </p>
   </div>
   <div class='ocr_carea' id='block_1_96' title="bbox 650 4890 2137 4957">
    <p class='ocr_par' dir='ltr' id='par_1_96' title="bbox 650 4890 2137 4957">
     <span class='ocr_line' id='line_1_96' title="bbox 650 4890 2137 4957; baseline 0.004 -16"><span class='ocrx_word' id='word_1_718' title='bbox 650 4890 761 4957; x_wconf 70' lang='grc'>(54)</span> <span class='ocrx_word' id='word_1_719' title='bbox 796 4890 1046 4942; x_wconf 87' lang='lat' dir='ltr'><strong>Nunnttlli</strong></span> <span class='ocrx_word' id='word_1_720' title='bbox 1084 4906 1212 4943; x_wconf 90' lang='lat' dir='ltr'><strong>tnss.</strong></span> <span class='ocrx_word' id='word_1_721' title='bbox 1256 4893 1311 4944; x_wconf 82' lang='grc' dir='ltr'><strong>ἐν</strong></span> <span class='ocrx_word' id='word_1_722' title='bbox 1338 4890 1590 4957; x_wconf 79' lang='grc' dir='ltr'>εὐδιεινῇ.</span> <span class='ocrx_word' id='word_1_723' title='bbox 1629 4890 1747 4945; x_wconf 79' lang='lat' dir='ltr'><strong>Mox</strong></span> <span class='ocrx_word' id='word_1_724' title='bbox 1784 4908 1875 4948; x_wconf 80' lang='lat' dir='ltr'><strong>sex</strong></span> <span class='ocrx_word' id='word_1_725' title='bbox 1906 4908 2035 4947; x_wconf 86' lang='lat' dir='ltr'><strong>mss.</strong></span> <span class='ocrx_word' id='word_1_726' title='bbox 2074 4896 2137 4947; x_wconf 85' lang='grc' dir='ltr'><strong>ἐκ</strong></span> 
     </span>
    </p>
   </div>
   <div class='ocr_carea' id='block_1_97' title="bbox 575 4960 1689 5031">
    <p class='ocr_par' dir='ltr' id='par_1_97' title="bbox 575 4960 1689 5031">
     <span class='ocr_line' id='line_1_97' title="bbox 575 4960 1689 5031; baseline 0 -19"><span class='ocrx_word' id='word_1_727' title='bbox 575 4960 751 5031; x_wconf 86' lang='grc' dir='ltr'>νεφῶν</span> <span class='ocrx_word' id='word_1_728' title='bbox 774 4960 1118 5031; x_wconf 66' lang='grc' dir='ltr'>ἐπιρρυέντα.</span> <span class='ocrx_word' id='word_1_729' title='bbox 1160 4963 1294 5013; x_wconf 71' lang='lat' dir='ltr'><strong>Editi</strong></span> <span class='ocrx_word' id='word_1_730' title='bbox 1326 4960 1689 5031; x_wconf 73' lang='grc' dir='ltr'>ἀπορρυέντα.</span> 
     </span>
    </p>
   </div>
   <div class='ocr_carea' id='block_1_98' title="bbox 652 5029 2136 5101">
    <p class='ocr_par' dir='ltr' id='par_1_98' title="bbox 652 5029 2136 5101">
     <span class='ocr_line' id='line_1_98' title="bbox 652 5029 2136 5101; baseline 0.003 -20"><span class='ocrx_word' id='word_1_731' title='bbox 652 5029 761 5101; x_wconf 71' lang='grc'>(53)</span> <span class='ocrx_word' id='word_1_732' title='bbox 802 5029 941 5101; x_wconf 57' lang='lat' dir='ltr'><strong>ljeg.</strong></span> <span class='ocrx_word' id='word_1_733' title='bbox 985 5041 1207 5101; x_wconf 85' lang='lat' dir='ltr'><strong>octavus</strong></span> <span class='ocrx_word' id='word_1_734' title='bbox 1242 5046 1362 5082; x_wconf 90' lang='lat' dir='ltr'><strong>cum</strong></span> <span class='ocrx_word' id='word_1_735' title='bbox 1414 5029 1564 5085; x_wconf 73' lang='lat' dir='ltr'><strong>Golb.</strong></span> <span class='ocrx_word' id='word_1_736' title='bbox 1614 5033 1850 5101; x_wconf 79' lang='lat' dir='ltr'><strong>secundo</strong></span> <span class='ocrx_word' id='word_1_737' title='bbox 1903 5033 1985 5096; x_wconf 81' lang='grc' dir='ltr'><strong>τίς</strong></span> <span class='ocrx_word' id='word_1_738' title='bbox 2040 5034 2136 5100; x_wconf 85' lang='grc' dir='ltr'>ἐφ-</span> 
     </span>
    </p>
   </div>
   <div class='ocr_carea' id='block_1_99' title="bbox 588 5098 1857 5169">
    <p class='ocr_par' dir='ltr' id='par_1_99' title="bbox 588 5098 1857 5169">
     <span class='ocr_line' id='line_1_99' title="bbox 588 5098 1857 5169; baseline 0.002 -18"><span class='ocrx_word' id='word_1_739' title='bbox 588 5098 777 5169; x_wconf 82' lang='grc' dir='ltr'>ίκοιτο.</span> <span class='ocrx_word' id='word_1_740' title='bbox 804 5098 944 5169; x_wconf 80' lang='lat' dir='ltr'><strong>Edtti</strong></span> <span class='ocrx_word' id='word_1_741' title='bbox 984 5113 1106 5152; x_wconf 88' lang='lat' dir='ltr'><strong>cum</strong></span> <span class='ocrx_word' id='word_1_742' title='bbox 1133 5100 1398 5167; x_wconf 85' lang='lat' dir='ltr'><strong>aliquibus</strong></span> <span class='ocrx_word' id='word_1_743' title='bbox 1423 5115 1552 5156; x_wconf 86' lang='lat' dir='ltr'><strong>mss.</strong></span> <span class='ocrx_word' id='word_1_744' title='bbox 1583 5099 1857 5169; x_wconf 78' lang='grc' dir='ltr'>ἐφίκηται.</span> 
     </span>
    </p>
   </div>
   <div class='ocr_carea' id='block_1_100' title="bbox 652 5168 2137 5238">
    <p class='ocr_par' dir='ltr' id='par_1_100' title="bbox 652 5168 2137 5238">
     <span class='ocr_line' id='line_1_100' title="bbox 652 5168 2137 5238; baseline 0.001 -19"><span class='ocrx_word' id='word_1_745' title='bbox 652 5168 761 5238; x_wconf 79' lang='grc'>(56)</span> <span class='ocrx_word' id='word_1_746' title='bbox 800 5168 947 5235; x_wconf 70' lang='lat' dir='ltr'><strong>Regii</strong></span> <span class='ocrx_word' id='word_1_747' title='bbox 997 5170 1221 5236; x_wconf 80' lang='lat' dir='ltr'><strong>primus,</strong></span> <span class='ocrx_word' id='word_1_748' title='bbox 1282 5170 1491 5230; x_wconf 82' lang='lat' dir='ltr'><strong>tet-tius,</strong></span> <span class='ocrx_word' id='word_1_749' title='bbox 1524 5168 1744 5237; x_wconf 80' lang='lat' dir='ltr'><strong>quintus</strong></span> <span class='ocrx_word' id='word_1_750' title='bbox 1793 5180 1844 5220; x_wconf 64' lang='lat' dir='ltr'><strong>et</strong></span> <span class='ocrx_word' id='word_1_751' title='bbox 1895 5184 2137 5230; x_wconf 85' lang='lat' dir='ltr'><strong>octavus,</strong></span> 
     </span>
    </p>
   </div>
   <div class='ocr_carea' id='block_1_101' title="bbox 582 5238 2136 5307">
    <p class='ocr_par' dir='ltr' id='par_1_101' title="bbox 582 5238 2136 5307">
     <span class='ocr_line' id='line_1_101' title="bbox 582 5238 2136 5307; baseline 0.001 -17"><span class='ocrx_word' id='word_1_752' title='bbox 582 5239 816 5303; x_wconf 79' lang='lat' dir='ltr'><strong>itemque</strong></span> <span class='ocrx_word' id='word_1_753' title='bbox 841 5238 1296 5307; x_wconf 33' lang='lat' dir='ltr'><strong>Colbasecundus</strong></span> <span class='ocrx_word' id='word_1_754' title='bbox 1327 5240 1619 5307; x_wconf 78' lang='grc' dir='ltr'>ἐποίησας·</span> <span class='ocrx_word' id='word_1_755' title='bbox 1657 5239 1719 5290; x_wconf 92' lang='grc' dir='ltr'><strong>οὐ</strong></span> <span class='ocrx_word' id='word_1_756' title='bbox 1754 5239 1951 5293; x_wconf 84' lang='grc' dir='ltr'>τοίνυν.</span> <span class='ocrx_word' id='word_1_757' title='bbox 1999 5239 2136 5292; x_wconf 76' lang='lat' dir='ltr'><strong>Etliti</strong></span> 
     </span>
    </p>
   </div>
   <div class='ocr_carea' id='block_1_102' title="bbox 581 5305 2140 5377">
    <p class='ocr_par' dir='ltr' id='par_1_102' title="bbox 581 5305 2140 5377">
     <span class='ocr_line' id='line_1_102' title="bbox 581 5305 2140 5377; baseline 0.002 -18"><span class='ocrx_word' id='word_1_758' title='bbox 581 5307 883 5377; x_wconf 3' lang='grc' dir='ltr'>ἐποίησας’(</span> <span class='ocrx_word' id='word_1_759' title='bbox 915 5305 1018 5359; x_wconf 77' lang='grc' dir='ltr'>ποῦ</span> <span class='ocrx_word' id='word_1_760' title='bbox 1057 5308 1255 5361; x_wconf 84' lang='grc' dir='ltr'>τοίνυν.</span> <span class='ocrx_word' id='word_1_761' title='bbox 1297 5305 1587 5377; x_wconf 81' lang='lat' dir='ltr'><strong>Aliquanto</strong></span> <span class='ocrx_word' id='word_1_762' title='bbox 1624 5319 1744 5377; x_wconf 79' lang='lat' dir='ltr'><strong>pust</strong></span> <span class='ocrx_word' id='word_1_763' title='bbox 1786 5307 1915 5376; x_wconf 81' lang='lat' dir='ltr'><strong>Reg.</strong></span> <span class='ocrx_word' id='word_1_764' title='bbox 1954 5320 2140 5364; x_wconf 78' lang='lat' dir='ltr'><strong>sextus</strong></span> 
     </span>
    </p>
   </div>
   <div class='ocr_carea' id='block_1_103' title="bbox 581 5375 2139 5448">
    <p class='ocr_par' dir='ltr' id='par_1_103' title="bbox 581 5375 2139 5448">
     <span class='ocr_line' id='line_1_103' title="bbox 581 5375 2139 5448; baseline 0.003 -21"><span class='ocrx_word' id='word_1_765' title='bbox 581 5375 971 5448; x_wconf 36' lang='grc' dir='ltr'>φύσεως-λόγῳ</span> <span class='ocrx_word' id='word_1_766' title='bbox 1002 5396 1016 5430; x_wconf 87' lang='lat'><strong>:</strong></span> <span class='ocrx_word' id='word_1_767' title='bbox 1050 5377 1141 5429; x_wconf 89' lang='lat' dir='ltr'><strong>sed</strong></span> <span class='ocrx_word' id='word_1_768' title='bbox 1172 5375 1587 5448; x_wconf 75' lang='lat' dir='ltr'><strong>gettuinalectio</strong></span> <span class='ocrx_word' id='word_1_769' title='bbox 1627 5375 1840 5445; x_wconf 77' lang='lat' dir='ltr'><strong>legitur</strong></span> <span class='ocrx_word' id='word_1_770' title='bbox 1882 5384 1931 5431; x_wconf 83' lang='lat' dir='ltr'><strong>in</strong></span> <span class='ocrx_word' id='word_1_771' title='bbox 1995 5396 2139 5431; x_wconf 85' lang='lat' dir='ltr'><strong>mar-</strong></span> 
     </span>
    </p>
   </div>
   <div class='ocr_carea' id='block_1_104' title="bbox 582 5446 1157 5516">
    <p class='ocr_par' dir='ltr' id='par_1_104' title="bbox 582 5446 1157 5516">
     <span class='ocr_line' id='line_1_104' title="bbox 582 5446 1157 5516; baseline -0.003 -17"><span class='ocrx_word' id='word_1_772' title='bbox 582 5450 727 5516; x_wconf 77' lang='lat' dir='ltr'><strong>gine,</strong></span> <span class='ocrx_word' id='word_1_773' title='bbox 749 5446 960 5513; x_wconf 82' lang='grc' dir='ltr'>φύσεως</span> <span class='ocrx_word' id='word_1_774' title='bbox 990 5448 1157 5516; x_wconf 80' lang='grc' dir='ltr'>νόμῳ.</span> 
     </span>
    </p>
   </div>
   <div class='ocr_carea' id='block_1_105' title="bbox 655 5516 2140 5589">
    <p class='ocr_par' dir='ltr' id='par_1_105' title="bbox 655 5516 2140 5589">
     <span class='ocr_line' id='line_1_105' title="bbox 655 5516 2140 5589; baseline -0.001 -18"><span class='ocrx_word' id='word_1_775' title='bbox 655 5519 762 5584; x_wconf 77' lang='grc'>(57)</span> <span class='ocrx_word' id='word_1_776' title='bbox 790 5517 1100 5589; x_wconf 67' lang='lat' dir='ltr'><strong>Multttttss.</strong></span> <span class='ocrx_word' id='word_1_777' title='bbox 1130 5518 1225 5589; x_wconf 80' lang='grc' dir='ltr'>τῆς</span> <span class='ocrx_word' id='word_1_778' title='bbox 1270 5516 1468 5586; x_wconf 59' lang='grc' dir='ltr'>ψυχῆς.</span> <span class='ocrx_word' id='word_1_779' title='bbox 1504 5517 1643 5571; x_wconf 80' lang='lat' dir='ltr'><strong>Edili</strong></span> <span class='ocrx_word' id='word_1_780' title='bbox 1677 5532 1805 5571; x_wconf 73' lang='lat' dir='ltr'><strong>vero</strong></span> <span class='ocrx_word' id='word_1_781' title='bbox 1829 5534 1947 5570; x_wconf 84' lang='lat' dir='ltr'><strong>cum</strong></span> <span class='ocrx_word' id='word_1_782' title='bbox 1988 5519 2140 5573; x_wconf 81' lang='lat' dir='ltr'><strong>Golb.</strong></span> 
     </span>
    </p>
   </div>
   <div class='ocr_carea' id='block_1_106' title="bbox 583 5586 1106 5656">
    <p class='ocr_par' dir='ltr' id='par_1_106' title="bbox 583 5586 1106 5656">
     <span class='ocr_line' id='line_1_106' title="bbox 583 5586 1106 5656; baseline 0.002 -18"><span class='ocrx_word' id='word_1_783' title='bbox 583 5590 817 5656; x_wconf 80' lang='lat' dir='ltr'><strong>secundo</strong></span> <span class='ocrx_word' id='word_1_784' title='bbox 846 5589 910 5654; x_wconf 77' lang='grc' dir='ltr'>τῇ</span> 
     </span>
    </p>
   </div>
   <div class='ocr_carea' id='block_1_107' title="bbox 656 5655 2145 5727">
    <p class='ocr_par' dir='ltr' id='par_1_107' title="bbox 656 5655 2145 5727">
     <span class='ocr_line' id='line_1_107' title="bbox 656 5655 2145 5727; baseline 0.003 -20"><span class='ocrx_word' id='word_1_785' title='bbox 656 5655 763 5721; x_wconf 79' lang='grc'>(58)</span> <span class='ocrx_word' id='word_1_786' title='bbox 807 5656 878 5707; x_wconf 86' lang='lat' dir='ltr'><strong>Ita</strong></span> <span class='ocrx_word' id='word_1_787' title='bbox 922 5672 1011 5708; x_wconf 73' lang='lat' dir='ltr'><strong>sex</strong></span> <span class='ocrx_word' id='word_1_788' title='bbox 1058 5655 1185 5727; x_wconf 81' lang='lat' dir='ltr'><strong>mss.</strong></span> <span class='ocrx_word' id='word_1_789' title='bbox 1242 5658 1378 5709; x_wconf 80' lang='lat' dir='ltr'><strong>Etliti</strong></span> <span class='ocrx_word' id='word_1_790' title='bbox 1432 5656 1572 5709; x_wconf 73' lang='grc' dir='ltr'>οὑτω</span> <span class='ocrx_word' id='word_1_791' title='bbox 1626 5660 1719 5710; x_wconf 74' lang='grc' dir='ltr'><strong>καὶ</strong></span> <span class='ocrx_word' id='word_1_792' title='bbox 1768 5656 1965 5727; x_wconf 58' lang='grc' dir='ltr'>ψυχῆς.</span> <span class='ocrx_word' id='word_1_793' title='bbox 2026 5659 2145 5712; x_wconf 74' lang='lat' dir='ltr'><strong>Mox</strong></span> 
     </span>
    </p>
   </div>
   <div class='ocr_carea' id='block_1_108' title="bbox 588 5720 1534 5795">
    <p class='ocr_par' dir='ltr' id='par_1_108' title="bbox 588 5720 1534 5795">
     <span class='ocr_line' id='line_1_108' title="bbox 588 5720 1534 5795; baseline 0.024 -23"><span class='ocrx_word' id='word_1_794' title='bbox 588 5720 719 5791; x_wconf 72' lang='lat' dir='ltr'><strong>Reg.</strong></span> <span class='ocrx_word' id='word_1_795' title='bbox 750 5720 935 5778; x_wconf 76' lang='lat' dir='ltr'><strong>sextus</strong></span> <span class='ocrx_word' id='word_1_796' title='bbox 968 5724 1299 5795; x_wconf 70' lang='grc' dir='ltr'>ἀρρώστημα</span> <span class='ocrx_word' id='word_1_797' title='bbox 1337 5726 1534 5794; x_wconf 61' lang='grc' dir='ltr'><strong>ψυχῆς·</strong></span> 
     </span>
    </p>
   </div>
   <div class='ocr_carea' id='block_1_109' title="bbox 2254 4654 3826 4731">
    <p class='ocr_par' dir='ltr' id='par_1_109' title="bbox 2254 4654 3826 4731">
     <span class='ocr_line' id='line_1_109' title="bbox 2254 4654 3826 4731; baseline -0.003 -17"><span class='ocrx_word' id='word_1_798' title='bbox 2254 4680 2328 4731; x_wconf 78' lang='grc' dir='ltr'>πῃ</span> <span class='ocrx_word' id='word_1_799' title='bbox 2360 4661 2468 4731; x_wconf 69' lang='grc'>(42)</span> <span class='ocrx_word' id='word_1_800' title='bbox 2501 4658 2783 4729; x_wconf 77' lang='grc' dir='ltr'>ἄνθρωπος</span> <span class='ocrx_word' id='word_1_801' title='bbox 2832 4657 2925 4711; x_wconf 72' lang='grc' dir='ltr'><strong>καὶ</strong></span> <span class='ocrx_word' id='word_1_802' title='bbox 2974 4656 3074 4727; x_wconf 79' lang='grc' dir='ltr'><strong>τῆς</strong></span> <span class='ocrx_word' id='word_1_803' title='bbox 3115 4657 3333 4728; x_wconf 80' lang='grc' dir='ltr'>ἐντολῆς</span> <span class='ocrx_word' id='word_1_804' title='bbox 3363 4654 3692 4727; x_wconf 85' lang='grc' dir='ltr'>παρακούων</span> <span class='ocrx_word' id='word_1_805' title='bbox 3729 4657 3826 4709; x_wconf 77' lang='grc' dir='ltr'>καὶ</span> 
     </span>
    </p>
   </div>
   <div class='ocr_carea' id='block_1_110' title="bbox 2319 4890 3825 4963">
    <p class='ocr_par' dir='ltr' id='par_1_110' title="bbox 2319 4890 3825 4963">
     <span class='ocr_line' id='line_1_110' title="bbox 2319 4890 3825 4963; baseline -0.003 -16"><span class='ocrx_word' id='word_1_806' title='bbox 2319 4892 2429 4963; x_wconf 85' lang='grc'>(59)</span> <span class='ocrx_word' id='word_1_807' title='bbox 2465 4890 2561 4945; x_wconf 83' lang='lat' dir='ltr'><strong>Ms.</strong></span> <span class='ocrx_word' id='word_1_808' title='bbox 2583 4890 2823 4963; x_wconf 73' lang='lat' dir='ltr'><strong>Combef.</strong></span> <span class='ocrx_word' id='word_1_809' title='bbox 2851 4904 2971 4963; x_wconf 83' lang='lat' dir='ltr'><strong>eum</strong></span> <span class='ocrx_word' id='word_1_810' title='bbox 3007 4890 3413 4963; x_wconf 62' lang='lat' dir='ltr'><strong>Regiisprimo.</strong></span> <span class='ocrx_word' id='word_1_811' title='bbox 3437 4892 3650 4963; x_wconf 80' lang='lat' dir='ltr'><strong>quinto,</strong></span> <span class='ocrx_word' id='word_1_812' title='bbox 3668 4901 3825 4963; x_wconf 83' lang='lat' dir='ltr'><strong>seon</strong></span> 
     </span>
    </p>
   </div>
   <div class='ocr_carea' id='block_1_111' title="bbox 2244 4960 3824 5030">
    <p class='ocr_par' dir='ltr' id='par_1_111' title="bbox 2244 4960 3824 5030">
     <span class='ocr_line' id='line_1_111' title="bbox 2244 4960 3824 5030; baseline -0.003 -13"><span class='ocrx_word' id='word_1_813' title='bbox 2244 4975 2298 5017; x_wconf 90' lang='lat' dir='ltr'><strong>et</strong></span> <span class='ocrx_word' id='word_1_814' title='bbox 2324 4960 2516 5016; x_wconf 82' lang='lat' dir='ltr'><strong>octavo</strong></span> <span class='ocrx_word' id='word_1_815' title='bbox 2554 4960 2694 5014; x_wconf 81' lang='grc' dir='ltr'>κατὰ</span> <span class='ocrx_word' id='word_1_816' title='bbox 2718 4961 2879 5029; x_wconf 83' lang='grc' dir='ltr'>φύσιν</span> <span class='ocrx_word' id='word_1_817' title='bbox 2914 4960 3074 5030; x_wconf 81' lang='grc' dir='ltr'>αὐτή.</span> <span class='ocrx_word' id='word_1_818' title='bbox 3112 4960 3252 5013; x_wconf 83' lang='lat' dir='ltr'><strong>Editi</strong></span> <span class='ocrx_word' id='word_1_819' title='bbox 3291 4975 3420 5015; x_wconf 81' lang='lat' dir='ltr'><strong>vero</strong></span> <span class='ocrx_word' id='word_1_820' title='bbox 3458 4978 3579 5014; x_wconf 90' lang='lat' dir='ltr'><strong>cum</strong></span> <span class='ocrx_word' id='word_1_821' title='bbox 3610 4962 3824 5013; x_wconf 87' lang='lat' dir='ltr'><strong>duobus</strong></span> 
     </span>
    </p>
   </div>
   <div class='ocr_carea' id='block_1_112' title="bbox 2248 5048 2569 5085">
    <p class='ocr_par' dir='ltr' id='par_1_112' title="bbox 2248 5048 2569 5085">
     <span class='ocr_line' id='line_1_112' title="bbox 2248 5048 2569 5085; baseline -0.006 0"><span class='ocrx_word' id='word_1_822' title='bbox 2248 5049 2381 5085; x_wconf 78' lang='lat' dir='ltr'><strong>mss.</strong></span> <span class='ocrx_word' id='word_1_823' title='bbox 2408 5048 2569 5085; x_wconf 81' lang='grc' dir='ltr'>αυτη.</span> 
     </span>
    </p>
   </div>
   <div class='ocr_carea' id='block_1_113' title="bbox 2318 5035 3826 5170">
    <p class='ocr_par' dir='ltr' id='par_1_113' title="bbox 2318 5035 3826 5170">
     <span class='ocr_line' id='line_1_113' title="bbox 2318 5035 3826 5170; baseline -0.001 -16"><span class='ocrx_word' id='word_1_824' title='bbox 2318 5035 2671 5170; x_wconf 38' lang='grc' dir='ltr'><strong>(ἱιθῗῖιεῇέίιιιι-</strong></span> <span class='ocrx_word' id='word_1_825' title='bbox 2720 5100 2915 5165; x_wconf 80' lang='lat' dir='ltr'><strong>Ephes.</strong></span> <span class='ocrx_word' id='word_1_826' title='bbox 2948 5116 3020 5164; x_wconf 78' lang='lat' dir='ltr'><strong>Vt,</strong></span> <span class='ocrx_word' id='word_1_827' title='bbox 3053 5101 3104 5165; x_wconf 79' lang='grc'>1,</span> <span class='ocrx_word' id='word_1_828' title='bbox 3142 5100 3444 5153; x_wconf 84' lang='grc' dir='ltr'>ὑπακούετε</span> <span class='ocrx_word' id='word_1_829' title='bbox 3489 5102 3600 5161; x_wconf 88' lang='grc' dir='ltr'>τοῖς</span> <span class='ocrx_word' id='word_1_830' title='bbox 3634 5100 3826 5167; x_wconf 79' lang='grc' dir='ltr'>γονεῦ-</span> 
     </span>
    </p>
   </div>
   <div class='ocr_carea' id='block_1_114' title="bbox 2250 5171 2921 5237">
    <p class='ocr_par' dir='ltr' id='par_1_114' title="bbox 2250 5171 2921 5237">
     <span class='ocr_line' id='line_1_114' title="bbox 2250 5171 2921 5237; baseline 0 -14"><span class='ocrx_word' id='word_1_831' title='bbox 2250 5189 2323 5227; x_wconf 89' lang='grc' dir='ltr'><strong>σι.</strong></span> <span class='ocrx_word' id='word_1_832' title='bbox 2363 5171 2561 5223; x_wconf 81' lang='lat' dir='ltr'><strong>obetlite</strong></span> <span class='ocrx_word' id='word_1_833' title='bbox 2598 5172 2921 5237; x_wconf 78' lang='lat' dir='ltr'><strong>parentibus.</strong></span> 
     </span>
    </p>
   </div>
   <div class='ocr_carea' id='block_1_115' title="bbox 2320 5239 3821 5308">
    <p class='ocr_par' dir='ltr' id='par_1_115' title="bbox 2320 5239 3821 5308">
     <span class='ocr_line' id='line_1_115' title="bbox 2320 5239 3821 5308; baseline -0.001 -15"><span class='ocrx_word' id='word_1_834' title='bbox 2320 5241 2430 5307; x_wconf 80' lang='grc' dir='ltr'>(Η)</span> <span class='ocrx_word' id='word_1_835' title='bbox 2466 5240 2602 5293; x_wconf 83' lang='lat' dir='ltr'><strong>Etliti</strong></span> <span class='ocrx_word' id='word_1_836' title='bbox 2641 5255 2760 5292; x_wconf 88' lang='lat' dir='ltr'><strong>cunt</strong></span> <span class='ocrx_word' id='word_1_837' title='bbox 2814 5240 2943 5305; x_wconf 72' lang='lat' dir='ltr'><strong>Reg.</strong></span> <span class='ocrx_word' id='word_1_838' title='bbox 3000 5240 3157 5292; x_wconf 89' lang='lat' dir='ltr'><strong>tertio</strong></span> <span class='ocrx_word' id='word_1_839' title='bbox 3186 5239 3253 5292; x_wconf 71' lang='grc' dir='ltr'>τὰ</span> <span class='ocrx_word' id='word_1_840' title='bbox 3298 5239 3356 5303; x_wconf 77' lang='grc' dir='ltr'><strong>ἐξ</strong></span> <span class='ocrx_word' id='word_1_841' title='bbox 3415 5239 3586 5308; x_wconf 77' lang='grc' dir='ltr'>αὐτῆς</span> <span class='ocrx_word' id='word_1_842' title='bbox 3631 5241 3821 5292; x_wconf 87' lang='grc' dir='ltr'>τέκνα.</span> 
     </span>
    </p>
   </div>
   <div class='ocr_carea' id='block_1_116' title="bbox 2248 5310 3827 5378">
    <p class='ocr_par' dir='ltr' id='par_1_116' title="bbox 2248 5310 3827 5378">
     <span class='ocr_line' id='line_1_116' title="bbox 2248 5310 3827 5378; baseline -0.001 -15"><span class='ocrx_word' id='word_1_843' title='bbox 2248 5311 2397 5363; x_wconf 73' lang='lat' dir='ltr'><strong>Colit.</strong></span> <span class='ocrx_word' id='word_1_844' title='bbox 2436 5312 2703 5364; x_wconf 67' lang='lat' dir='ltr'><strong>secundus</strong></span> <span class='ocrx_word' id='word_1_845' title='bbox 2752 5310 2820 5359; x_wconf 68' lang='grc' dir='ltr'>τὰ</span> <span class='ocrx_word' id='word_1_846' title='bbox 2867 5310 3065 5378; x_wconf 79' lang='grc' dir='ltr'>ἑαυτῆς</span> <span class='ocrx_word' id='word_1_847' title='bbox 3109 5311 3296 5362; x_wconf 84' lang='grc' dir='ltr'>τέκνα.</span> <span class='ocrx_word' id='word_1_848' title='bbox 3344 5310 3447 5361; x_wconf 76' lang='lat' dir='ltr'><strong>Sed</strong></span> <span class='ocrx_word' id='word_1_849' title='bbox 3497 5327 3595 5362; x_wconf 75' lang='lat' dir='ltr'><strong>\ox</strong></span> <span class='ocrx_word' id='word_1_850' title='bbox 3656 5312 3827 5361; x_wconf 78' lang='grc' dir='ltr'>τέκνα</span> 
     </span>
    </p>
   </div>
   <div class='ocr_carea' id='block_1_117' title="bbox 2256 5379 3829 5433">
    <p class='ocr_par' dir='ltr' id='par_1_117' title="bbox 2256 5379 3829 5433">
     <span class='ocr_line' id='line_1_117' title="bbox 2256 5379 3829 5433; baseline 0.001 -2"><span class='ocrx_word' id='word_1_851' title='bbox 2256 5384 2403 5433; x_wconf 85' lang='lat' dir='ltr'><strong>deest</strong></span> <span class='ocrx_word' id='word_1_852' title='bbox 2439 5382 2488 5433; x_wconf 91' lang='lat' dir='ltr'><strong>in</strong></span> <span class='ocrx_word' id='word_1_853' title='bbox 2520 5380 2667 5431; x_wconf 79' lang='lat' dir='ltr'><strong>Bmll.</strong></span> <span class='ocrx_word' id='word_1_854' title='bbox 2700 5388 2750 5430; x_wconf 89' lang='lat' dir='ltr'><strong>et</strong></span> <span class='ocrx_word' id='word_1_855' title='bbox 2794 5380 2844 5429; x_wconf 89' lang='lat' dir='ltr'><strong>itt</strong></span> <span class='ocrx_word' id='word_1_856' title='bbox 2881 5380 3157 5431; x_wconf 70' lang='lat' dir='ltr'><strong>codicibus</strong></span> <span class='ocrx_word' id='word_1_857' title='bbox 3209 5380 3451 5431; x_wconf 79' lang='lat' dir='ltr'><strong>melioris</strong></span> <span class='ocrx_word' id='word_1_858' title='bbox 3499 5390 3659 5431; x_wconf 69' lang='lat' dir='ltr'><strong>untte.</strong></span> <span class='ocrx_word' id='word_1_859' title='bbox 3718 5379 3829 5433; x_wconf 77' lang='lat' dir='ltr'><strong>Nec</strong></span> 
     </span>
    </p>
   </div>
   <div class='ocr_carea' id='block_1_118' title="bbox 2256 5448 3827 5516">
    <p class='ocr_par' dir='ltr' id='par_1_118' title="bbox 2256 5448 3827 5516">
     <span class='ocr_line' id='line_1_118' title="bbox 2256 5448 3827 5516; baseline 0.001 -16"><span class='ocrx_word' id='word_1_860' title='bbox 2256 5451 2407 5501; x_wconf 66' lang='grc' dir='ltr'>νηιιιε</span> <span class='ocrx_word' id='word_1_861' title='bbox 2447 5458 2606 5501; x_wconf 65' lang='lat' dir='ltr'><strong>ncluto</strong></span> <span class='ocrx_word' id='word_1_862' title='bbox 2629 5450 2734 5497; x_wconf 84' lang='lat' dir='ltr'><strong>lunt</strong></span> <span class='ocrx_word' id='word_1_863' title='bbox 2767 5448 2953 5501; x_wconf 78' lang='lat' dir='ltr'><strong>dubito</strong></span> <span class='ocrx_word' id='word_1_864' title='bbox 2983 5452 3111 5515; x_wconf 87' lang='lat' dir='ltr'><strong>quin</strong></span> <span class='ocrx_word' id='word_1_865' title='bbox 3137 5450 3325 5500; x_wconf 83' lang='lat' dir='ltr'><strong>melius</strong></span> <span class='ocrx_word' id='word_1_866' title='bbox 3351 5451 3511 5509; x_wconf 85' lang='lat' dir='ltr'><strong>absit.</strong></span> <span class='ocrx_word' id='word_1_867' title='bbox 3545 5460 3657 5501; x_wconf 87' lang='lat' dir='ltr'><strong>tum</strong></span> <span class='ocrx_word' id='word_1_868' title='bbox 3679 5453 3827 5516; x_wconf 83' lang='lat' dir='ltr'><strong>quod</strong></span> 
     </span>
    </p>
   </div>
   <div class='ocr_carea' id='block_1_119' title="bbox 2254 5518 3825 5585">
    <p class='ocr_par' dir='ltr' id='par_1_119' title="bbox 2254 5518 3825 5585">
     <span class='ocr_line' id='line_1_119' title="bbox 2254 5518 3825 5585; baseline -0.001 -13"><span class='ocrx_word' id='word_1_869' title='bbox 2254 5521 2457 5584; x_wconf 81' lang='lat' dir='ltr'><strong>ellipsis</strong></span> <span class='ocrx_word' id='word_1_870' title='bbox 2492 5522 2591 5571; x_wconf 87' lang='lat' dir='ltr'><strong>hoc</strong></span> <span class='ocrx_word' id='word_1_871' title='bbox 2619 5518 2733 5570; x_wconf 85' lang='lat' dir='ltr'><strong>loco</strong></span> <span class='ocrx_word' id='word_1_872' title='bbox 2769 5518 3051 5585; x_wconf 71' lang='lat' dir='ltr'><strong>elegantia:</strong></span> <span class='ocrx_word' id='word_1_873' title='bbox 3076 5519 3277 5585; x_wconf 83' lang='lat' dir='ltr'><strong>aliquid</strong></span> <span class='ocrx_word' id='word_1_874' title='bbox 3316 5520 3514 5572; x_wconf 78' lang='lat' dir='ltr'><strong>habere</strong></span> <span class='ocrx_word' id='word_1_875' title='bbox 3545 5521 3825 5581; x_wconf 80' lang='lat' dir='ltr'><strong>videatur,</strong></span> 
     </span>
    </p>
   </div>
   <div class='ocr_carea' id='block_1_120' title="bbox 2256 5585 3831 5658">
    <p class='ocr_par' dir='ltr' id='par_1_120' title="bbox 2256 5585 3831 5658">
     <span class='ocr_line' id='line_1_120' title="bbox 2256 5585 3831 5658; baseline 0.004 -19"><span class='ocrx_word' id='word_1_876' title='bbox 2256 5600 2364 5640; x_wconf 88' lang='lat' dir='ltr'><strong>tum</strong></span> <span class='ocrx_word' id='word_1_877' title='bbox 2397 5590 2537 5657; x_wconf 82' lang='lat' dir='ltr'><strong>quod</strong></span> <span class='ocrx_word' id='word_1_878' title='bbox 2564 5602 2662 5639; x_wconf 70' lang='lat' dir='ltr'><strong>vnx</strong></span> <span class='ocrx_word' id='word_1_879' title='bbox 2697 5585 2859 5637; x_wconf 75' lang='grc' dir='ltr'>τέκνα</span> <span class='ocrx_word' id='word_1_880' title='bbox 2899 5604 2927 5639; x_wconf 85' lang='lat' dir='ltr'><strong>a</strong></span> <span class='ocrx_word' id='word_1_881' title='bbox 2967 5590 3203 5652; x_wconf 73' lang='lat' dir='ltr'><strong>quolibet</strong></span> <span class='ocrx_word' id='word_1_882' title='bbox 3236 5587 3394 5641; x_wconf 52' lang='lat' dir='ltr'><strong>facile</strong></span> <span class='ocrx_word' id='word_1_883' title='bbox 3434 5589 3669 5655; x_wconf 76' lang='lat' dir='ltr'><strong>suppleri</strong></span> <span class='ocrx_word' id='word_1_884' title='bbox 3702 5604 3831 5658; x_wconf 84' lang='lat' dir='ltr'><strong>pos-</strong></span> 
     </span>
    </p>
   </div>
   <div class='ocr_carea' id='block_1_121' title="bbox 2256 5671 2341 5711">
    <p class='ocr_par' dir='ltr' id='par_1_121' title="bbox 2256 5671 2341 5711">
     <span class='ocr_line' id='line_1_121' title="bbox 2256 5671 2341 5711; baseline -0.047 0"><span class='ocrx_word' id='word_1_885' title='bbox 2256 5671 2341 5711; x_wconf 82' lang='lat' dir='ltr'><strong>Sil.</strong></span> 
     </span>
    </p>
   </div>
   <div class='ocr_carea' id='block_1_122' title="bbox 2336 5727 3513 5797">
    <p class='ocr_par' dir='ltr' id='par_1_122' title="bbox 2336 5727 3513 5797">
     <span class='ocr_line' id='line_1_122' title="bbox 2336 5727 3513 5797; baseline 0.003 -19"><span class='ocrx_word' id='word_1_886' title='bbox 2336 5729 2438 5792; x_wconf 66' lang='grc' dir='ltr'>με)</span> <span class='ocrx_word' id='word_1_887' title='bbox 2475 5728 2691 5781; x_wconf 70' lang='lat' dir='ltr'><strong>Codices</strong></span> <span class='ocrx_word' id='word_1_888' title='bbox 2736 5730 2970 5796; x_wconf 88' lang='lat' dir='ltr'><strong>quinque</strong></span> <span class='ocrx_word' id='word_1_889' title='bbox 2996 5727 3143 5797; x_wconf 76' lang='grc' dir='ltr'>εἴπῃ.</span> <span class='ocrx_word' id='word_1_890' title='bbox 3180 5728 3315 5782; x_wconf 75' lang='lat' dir='ltr'><strong>Editi</strong></span> <span class='ocrx_word' id='word_1_891' title='bbox 3347 5729 3513 5781; x_wconf 78' lang='grc' dir='ltr'>εἴποι.</span> 
     </span>
    </p>
   </div>
  </div>
