4062 6480
295 440 394 496 197

1383 433 1658 489 HOMILIA
1706 435 1768 486 |.\'
1816 433 1878 487 lN
1924 434 2417 495 liEthCMERON.

3433 435 3535 490 158

309 560 394 632 τὴν
431 559 586 626 φύσιν
619 561 1076 629 παραχαράσσων,
1112 560 1233 610 ὃταν
1271 559 1301 628 ἦ
1335 563 1458 620 παῖς
1498 560 1738 632 ἀτιμάζῃ
1771 560 1867 627 γῆ-

1979 560 2126 627 |upus
2184 578 2278 629 pro
2330 563 2442 615 suis
2490 564 2678 618 catulis
2737 569 2972 630 pugnat,
3025 560 3278 628 quidnam
3342 559 3537 611 dixerit

302 669 400 726 ρας
433 650 654 720 πατρὸς,
693 650 725 721 ἦ
758 652 939 722 πατὴρ
967 649 1054 702 διὰ
1083 651 1348 721 δευτέρων
1381 651 1572 718 γάμων
1603 651 1707 703 τῶν
1742 668 1872 721 προ-

296 742 470 812 τέρων
519 743 718 798 παίδων
760 742 1220 813 ἐπιλανθάνηται;
1285 742 1588 812 Ἀμήχανός
1638 744 1783 795 ἐστιν
1836 744 1868 809 ἡ

302 832 502 903 στοργὴ
527 837 640 897 τοῖς
670 835 884 900 ἀλόγοις
908 834 1109 888 τέκνων
1141 835 1232 886 καὶ
1265 835 1467 900 γονέων
1491 833 1627 903 πρὸς
1651 835 1870 904 ἄλληλα›

300 921 432 974 διότι
461 925 488 975 ὁ
511 924 918 994 δημιουργήσας
942 926 1079 978 αὐτὰ
1107 925 1239 986 Eleo;
1265 925 1361 995 τὴν
1392 925 1483 976 τοῦ
1515 923 1671 990 λόγου
1703 927 1871 978 ἐλλει-

300 1010 390 1078 ψιν
426 1011 513 1064 διὰ
539 1015 634 1084 τῆς
663 1012 769 1064 τῶν
807 1013 1172 1083 αἰσθητηρίων
1200 1017 1514 1085 περιουσίας
1556 1017 1872 1086 παρεμυθή-

303 1119 450 1158 σατο.
495 1103 662 1157 Πόθεν
694 1104 801 1176 γὰρ
845 1107 901 1157 ὲν
950 1106 1160 1175 μυρίοις
1199 1108 1491 1177 προϐάτοις
1527 1109 1738 1176 ἀρνειὸς
1765 1110 1872 1160 τῶν

301 1197 482 1267 σηκῶν
516 1195 863 1267 ἐξαλλόμενος
887 1194 993 1249 οἶδε
1021 1199 1118 1268 μὲν
1139 1200 1235 1270 τὴν
1258 1199 1445 1270 χροιὰν
1469 1199 1637 1270 αὐτὴν
1660 1204 1751 1254 καὶ
1776 1202 1871 1272 τὴν

300 1292 484 1359 φωνὴν
519 1289 627 1358 (45)
651 1291 748 1360 τῆς
778 1291 1000 1361 μητρὸς,
1046 1295 1138 1346 καὶ
1181 1293 1317 1362 πρὸς
1355 1293 1526 1363 αὐτὴν
1571 1294 1870 1364 ἐπείγεται,

300 1380 548 1449 ἐπιζητεῖ
589 1380 644 1431 δὲ
698 1380 796 1442 τὰς
841 1383 1042 1446 οἰκείας
1076 1383 1256 1452 πηγὰς
1298 1381 1389 1434 τοῦ
1419 1382 1722 1450 γάλακτος;
1756 1386 1872 1439 Κᾶν

302 1470 582 1538 πεελιχραῖς
610 1473 728 1534 ταῖς
754 1474 1034 1544 μητρῲαις
1070 1473 1335 1545 περιτύχῃ
1359 1475 1469 1545 (44)
1503 1475 1708 1544 θηλαῖς,
1733 1477 1874 1531 ἐκεί-

300 1576 418 1621 ναις
438 1561 708 1630 ἀρκεῖται,
740 1565 907 1618 πολλὰ
941 1564 1313 1635 παραδραμὼν
1347 1566 1548 1618 οὔθατα
1575 1567 1872 1638 βαρυνόμε-

302 1667 385 1705 να.
418 1653 581 1724 Καὶὴ
613 1657 790 1728 μήτηρ
831 1659 886 1708 ἐν
922 1657 1135 1725 μυρίοις
1166 1657 1391 1727 ἀρνάσιν
1427 1661 1779 1725 ἐπιγινώσκει
1813 1661 1874 1712 τὸ

303 1739 456 1810 ῐδιονς
487 1749 639 1817 Φωνὴ
677 1748 794 1817 μία,
831 1748 966 1816 χρόα
1010 1749 1042 1817 ἠ
1088 1749 1246 1819 αὑτὴ,
1278 1751 1420 1819 ὀσμὴ
1470 1752 1619 1821 παρὰ
1661 1755 1874 1806 πάντων

298 1835 478 1904 ὁμοία,
526 1838 646 1888 ὅσον
677 1841 741 1906 τῇ
779 1838 1021 1908 ἡμετέρᾳ
1062 1841 1324 1910 ὀσφρήσει
1359 1842 1723 1911 παρίσταται·
1761 1845 1871 1896 ἀλλ’

299 1927 447 1996 ὅμως
495 1927 611 1978 ἔστι
643 1945 726 1991 τις
770 1930 950 1994 αὐτοῖς
985 1932 1235 2003 αἴσθησις
1272 1934 1370 2005 τῆς
1406 1936 1678 2006 ἡμετέρας
1711 1955 1870 1990 κατα-

299 2017 510 2087 λήψεως
563 2019 806 2091 ὀξύτερα,
858 2024 977 2076 καθ’
1028 2025 1093 2095 ἢν
1145 2027 1359 2097 ἑκάστῳ
1397 2030 1659 2099 πάρεστιν
1707 2032 1738 2100 ἡ
1782 2030 1873 2082 τοῦ

299 2111 497 2163 οίκείου
531 2112 817 2180 διάγνωσις
845 2115 977 2185 (45).
1007 2117 1171 2171 Οὔπω
1203 2121 1249 2171 οἱ
1283 2120 1490 2183 ὀδόντες
1522 2121 1598 2190 τῷ
1624 2123 1871 2182 σκύλακι,

300 2203 393 2255 καὶ
439 2204 587 2275 ὅμως
634 2203 723 2257 διὰ
775 2206 867 2258 τοῦ
926 2209 1189 2276 στόματος
1244 2209 1510 2278 ἀμύνεται
1560 2213 1651 2263 τὸν
1700 2214 1873 2282 λυπή-

302 2313 488 2351 σαντα.
546 2296 710 2351 Οὔπω
753 2297 822 2350 τὰ
882 2298 1086 2368 κέρατα
1131 2299 1206 2370 τῷ
1245 2301 1449 2370 μόσχῳ,
1491 2303 1584 2354 καὶ
1622 2298 1728 2354 οἶδε
1775 2306 1873 2358 ποῦ

297 2389 366 2440 τὰ
408 2390 550 2444 ὅπλα
593 2390 741 2462 αύτῷ
794 2393 1151 2463 ἐμφυησεται.
1210 2393 1395 2447 Ταῦτα
1445 2395 1721 2460 ἀπόδειξιν
1766 2395 1875 2466 ἔχει

297 2478 392 2531 τοῦ
425 2479 733 2545 ἀδιδάκτους
766 2478 1026 2546 εἶναι-τὰς
1054 2483 1243 2552 φύσεις
1267 2483 1546 2546 ἁπάντων,
1580 2487 1673 2538 καὶ
1711 2487 1876 2557 μηδὲν

299 2569 435 2626 εἶναι
487 2572 714 2628 ἄτακτον
761 2575 894 2648 μηδὲ
947 2575 1196 2648 ἀόριστον
1245 2578 1302 2629 ἐν
1355 2580 1466 2641 τοῖς
1518 2574 1685 2636 οὖσιν,
1743 2578 1876 2630 ἀλλὰ

301 2665 477 2718 πάντα
529 2668 647 2737 ἴχνη
706 2668 892 2739 φέρειν
929 2670 1026 2739 τῆς
1068 2669 1160 2722 τοῦ
1198 2670 1522 2740 ποιήσαντος
1558 2672 1766 2741 σοφίας,
1821 2678 1876 2728 ἐν

299 2753 510 2817 ἑαυτοῖς
556 2756 857 2820 δεικνύντα,
908 2758 988 2808 ὃτι
1024 2758 1417 2826 ἐμπαράσκευα
1465 2758 1598 2827 πρὸς
1639 2760 1736 2829 τὴν
1781 2779 1877 2829 φυ-

299 2847 470 2917 λακὴν
516 2849 613 2917 τῆς
652 2848 857 2910 οἰκείας
898 2849 1076 2902 αὐτῶν
1137 2851 1408 2919 σωτηρίας
1451 2852 1729 2922 παρήχθη.
1777 2855 1876 2905 Λόά

300 2953 397 3005 γου
431 2937 528 3009 μὲν
559 2938 782 3009 ἄμοιρος
809 2939 837 2990 ὁ
871 2939 1037 3004 κύων,
1082 2938 1502 3009 ίσοδυναμοῦσαν
1542 2939 1598 2992 δὲ
1628 2941 1775 3010 ὅμως
1801 2942 1878 3012 τῷ

301 3031 442 3103 λόγῳ
465 3031 564 3102 τὴν
587 3031 838 3102 αἴσθησιν
871 3031 1004 3103 ἔχει.
1035 3034 1100 3086 "A
1143 3034 1248 3104 γὰρ
1293 3034 1342 3085 οἱ
1365 3032 1506 3085 κατὰ
1529 3032 1725 3103 πολλὴν
1759 3051 1878 3104 σχο-

300 3119 396 3192 λήν
430 3123 524 3175 τοῦ
571 3122 686 3192 βίου
725 3123 1078 3194 καθεζόμενοι
1113 3123 1266 3194 μόλις
1304 3122 1525 3196 ἐξεῦρον
1577 3126 1623 3176 οἱ
1653 3125 1746 3177 τοῦ
1783 3126 1875 3177 κό-

305 3231 439 3282 σμου
465 3216 635 3283 σοφοὶ,
654 3218 752 3279 τὰς
774 3219 881 3270 τῶν
905 3219 1276 3291 συλλογισμῶν
1299 3220 1441 3289 λέγω
1457 3221 1679 3286 πλοκὰς,
1706 3221 1878 3274 ταῦτα

302 3302 573 3358 δείκνυται
623 3308 773 3377 παρὰ
814 3312 912 3376 τῆς
944 3311 1157 3378 φύσεως
1184 3314 1210 3364 ό
1247 3312 1393 3365 κύων
1426 3313 1870 3383 πεπαιδευμένος.

304 3396 377 3450 Τὸ
404 3398 508 3470 γὰρ
549 3399 693 3468 ἴχνος
725 3400 818 3452 τοῦ
848 3401 1034 3471 θηρίου
1065 3403 1498 3474 διερευνώμενος,
1534 3405 1754 3459 ἐπειδὰν
1787 3405 1874 3458 εὖ-

307 3505 372 3558 ρῃ
399 3488 510 3557 (46)
538 3489 669 3542 αὐτὸ
696 3490 1048 3561 πολυτρόπως
1071 3492 1403 3562 σχιζόμενον,
1440 3495 1537 3557 τὰς
1574 3498 1873 3566 ἑκασταχοῦ

305 3580 572 3651 φερούσας
605 3582 872 3651 ἐκτροπὰς
903 3583 1164 3646 ἐπελθὼν,
1195 3586 1474 3655 μονονουχὶ
1503 3587 1602 3657 τὴν
1636 3588 1876 3656 συλλογι-

307 3671 494 3741 στικὴν
521 3671 700 3741 φωνην
734 3673 922 3742 ἀφίησι
956 3675 1020 3727 δι’
1055 3671 1129 3728 ὧν
1171 3676 1436 3746 πράσσει·
1469 3679 1539 3729 Ἢ
1569 3679 1745 3748 τήνδε,
1776 3696 1878 3750 φη-

308 3768 410 3828 σιν,
443 3766 655 3838 ἐτράπη
688 3767 746 3819 τὸ
780 3768 986 3837 θηρίον,
1013 3758 1242 3842 ἢτήνδε,
1278 3771 1310 3841 ἢ
1335 3772 1426 3825 ἐπὶ
1451 3772 1644 3825 τόδετὸ
1674 3773 1839 3844 μέρος
1859 3791 1873 3805 ·

306 3858 439 3911 ἀλλὰ
491 3859 597 3932 μὴν
642 3858 762 3912 οὔτε
797 3860 974 3930 τήνδε,
1033 3861 1154 3913 οὔτε
1196 3864 1370 3933 τήνδε,
1406 3864 1721 3936 λειπόμενόν
1762 3869 1877 3920 ἐστι

308 3951 428 4020 τῇδε
472 3952 761 4024 ὡρμῆσθαι
790 3953 896 4023 (47)
931 3953 1095 4005 αὑτό’
1156 3955 1249 4006 καὶ
1287 3955 1458 4017 οὕτως
1496 3960 1560 4026 τῇ
1603 3959 1879 4029 ἀναιρέσει

307 4041 412 4093 τῶν
434 4043 641 4112 ψευδῶν
661 4046 900 4116 εὑρίσκει
923 4045 981 4098 τὸ
1002 4046 1289 4115 ἀληθές.Τί
1308 4049 1689 4119 περισσότερον
1709 4050 1881 4104 ποιοῦ·

310 4149 393 4186 σιν
425 4135 473 4186 οἱ
507 4136 598 4187 ἐπὶ
635 4135 741 4189 τῶν
772 4139 1200 4209 διαγραμμάτων
1247 4139 1458 4210 σεμνῶς
1501 4140 1876 4210 καθεζόμενοι,

310 4226 403 4279 καὶ
434 4226 532 4296 τὴν
583 4226 728 4280 κόνιν
765 4231 1291 4301 καταχαράσσοντες,
1333 4231 1500 4303 τριῶν
1567 4233 1880 4303 προτάσεων

311 4318 660 4388 ἀναιροῦντες
713 4320 810 4383 τὰς
837 4322 947 4390 (48)
982 4322 1094 4384 δύο,
1145 4323 1239 4376 καὶ
1281 4325 1338 4376 ἐν
1376 4326 1440 4393 τῇ
1475 4324 1773 4398 λειπομένη
1821 4327 1880 4379 τὸ

310 4409 504 4479 ἀληθὲς
527 4409 928 4479 ἐξευρίσκοντες
951 4427 964 4475 ;
1002 4412 1078 4463 Τὸ
1099 4411 1154 4464 δέ
1185 4414 1516 4483 μνημονικὸν
1537 4415 1634 4486 τῆς
1657 4416 1880 4487 χάριτος

309 4500 402 4553 τοῦ
421 4500 558 4565 ζώου
576 4502 693 4555 τίνα
714 4501 822 4556 τῶν
857 4502 1165 4573 ἀχαρίστων
1188 4504 1322 4574 πρὸς
1351 4505 1642 4575 εὐεργέτας
1671 4508 1729 4559 οὐ
1758 4525 1883 4560 κατ-

1975 652 2159 715 homo,
2193 654 2280 719 qui
2330 661 2381 706 et
2427 667 2690 723 praecepto
2741 669 2846 709 non
2880 655 3232 720 obtemperat,
3263 663 3317 705 et
3365 650 3534 718 ipsam

1976 744 2245 799 adulterat
2281 753 2548 806 naturam,
2579 761 2696 798 cum
2731 756 2822 801 aut
2861 745 2996 798 ﬁlius
3029 745 3335 799 inhonestat
3366 741 3536 812 patris

1975 845 2328 901 senectutem,
2384 847 2476 890 aut
2537 847 2686 904 pater
2736 847 2954 909 propter
3008 837 3273 892 secundas
3324 835 3536 901 nuptias

1976 929 2211 993 priorum
2241 929 2469 980 ﬁliorum
2519 929 2892 984 obliviscitur?
2934 928 3185 984 Summus
3212 935 3294 982 est
3327 926 3376 978 in
3414 927 3536 978 bru-

1979 1020 2042 1072 tis
2077 1020 2440 1073 animantibus
2474 1020 2671 1073 sobolis
2708 1034 2770 1072 ac
2803 1032 3083 1087 parentum
3112 1020 3248 1074 inter
3277 1034 3334 1073 se
3362 1031 3533 1078 amor,

1981 1113 2119 1174 quod
2158 1111 2296 1163 Deus
2335 1110 2574 1176 ipsorum
2610 1108 2810 1178 opifex,
2847 1111 3069 1163 rationis
3114 1105 3377 1161 defectum
3414 1121 3535 1160 cum

1981 1200 2182 1265 majore
2211 1201 2476 1255 sentiendi
2512 1199 2764 1253 facultate
2803 1198 3185 1267 compensavit.
3219 1196 3365 1250 Unde
3393 1197 3535 1251 enim

1978 1289 2114 1341 inter
2165 1291 2477 1345 innumeras
2527 1305 2655 1344 oves
2711 1304 2879 1358 agnus
2930 1304 2959 1342 e
3007 1288 3230 1343 stabulis
3284 1285 3538 1340 exsiliens

1977 1381 2150 1446 ipsum
2184 1383 2372 1437 matris
2403 1381 2637 1437 colorem
2672 1394 2964 1449 vocemque
3000 1381 3164 1441 novit,
3189 1393 3241 1434 et
3269 1378 3333 1433 ad
3367 1377 3536 1444 ipsam

1978 1469 2216 1536 festinat,
2252 1479 2303 1523 et
2336 1472 2582 1542 proprios
2621 1470 2776 1523 Iactis
2825 1469 2998 1522 fontes
3037 1468 3294 1536 inquirit?
3345 1468 3456 1521 lmo
3494 1465 3539 1519 si

1978 1563 2030 1616 in
2061 1578 2261 1632 egenas
2291 1566 2479 1618 matris
2519 1579 2780 1618 mammas
2811 1560 3083 1624 inciderit,
3117 1570 3290 1613 tamen
3323 1570 3406 1614 est
3436 1557 3541 1612 illis

1977 1664 2283 1718 contentus,
2324 1655 2489 1707 multa
2519 1654 2673 1720 plena
2706 1666 2759 1707 et
2787 1653 2970 1723 gravia
3006 1652 3169 1706 ubera
3200 1658 3541 1720 praetergres-

1977 1760 2087 1800 sns.
2130 1746 2282 1800 Unde
2315 1746 2496 1799 itidem
2531 1756 2704 1800 mater
2732 1748 2871 1798 inter
2900 1761 3065 1814 agnos
3093 1758 3252 1812 quam
3287 1740 3540 1810 plurimos

1980 1841 2250 1907 proprium
2310 1840 2588 1910 agnoscit?
2641 1839 2744 1892 Vox
2797 1854 2921 1903 una,
2973 1839 3111 1892 idem
3149 1837 3316 1899 color,
3349 1835 3542 1889 similis

1979 1935 2216 1987 ornnium
2247 1939 2401 1998 odor,
2444 1943 2704 2003 quantum
2739 1933 2980 1987 odoratui
3023 1941 3206 1985 nostro
3239 1930 3490 2000 obiicitur
3526 1952 3538 1983 :

1977 2025 2067 2077 sed
2124 2035 2300 2081 tamen
2355 2028 2570 2095 quidam
2637 2029 2775 2080 inest
2821 2027 2871 2078 in
2927 2025 3054 2094 ipsis
3104 2039 3314 2086 sensus,
3359 2031 3542 2076 nostra

1976 2118 2461 2185 comprehensione
2506 2121 2735 2182 acutior,
2789 2133 2895 2188 quo
2947 2119 3139 2185 cuique
3192 2113 3332 2185 quod
3387 2129 3542 2168 suum

1975 2218 2056 2262 est
2087 2209 2403 2276 dignoscere
2433 2210 2579 2264 licet.
2606 2210 2850 2265 Nondum
2882 2219 3008 2264 sunt
3037 2208 3227 2262 dentes
3259 2206 3453 2272 catulo,
3490 2215 3545 2260 et

1977 2310 2153 2355 tamen
2201 2304 2461 2358 adversus
2511 2317 2604 2356 eos
2651 2303 2738 2370 qui
2793 2303 3091 2357 molestiam
3138 2300 3240 2356 sibi
3293 2297 3541 2361 afferunt,

1976 2409 2093 2448 sese
2135 2412 2230 2464 per
2270 2411 2331 2450 os
2385 2408 2584 2452 tuetur.
2640 2396 2884 2450 Nondum
2920 2411 3119 2449 cornua
3162 2404 3289 2449 sunt
3325 2391 3486 2447 vitulo
3527 2409 3541 2446 ι

1980 2497 2154 2540 tamen
2202 2491 2347 2543 novit
2395 2493 2480 2546 ubi
2540 2491 2639 2546 sibi
2690 2506 2836 2545 arma
2882 2499 3222 2544 enascentur.
3258 2489 3335 2541 Ex
3369 2489 3452 2542 his
3483 2488 3546 2541 lis

1981 2587 2130 2647 quet,
2163 2595 2268 2648 quo
2301 2583 2352 2633 in
2382 2583 2631 2638 omnibus
2663 2584 2803 2638 inest
2831 2593 3046 2648 natura,
3080 2582 3130 2637 id
3161 2581 3401 2637 doctrina
3441 2595 3544 2636 non

1980 2675 2305 2741 comparari,
2335 2674 2576 2743 nihilque
2604 2675 2655 2727 in
2691 2675 2849 2729 rebus
2879 2691 2999 2729 esse
3031 2684 3121 2728 aut
3156 2675 3543 2739 inordinatum,

1977 2773 2068 2818 aut
2115 2764 2469 2834 improvidum
2507 2784 2518 2818 :
2563 2766 2657 2820 sed
2713 2780 2797 2820 res
2851 2780 3039 2819 omnes
3092 2766 3370 2833 sapientia:
3419 2780 3548 2820 cono

1976 2854 2167 2908 ditoris
2196 2855 2276 2909 sui
2305 2857 2529 2925 vestigia
2568 2872 2677 2924 prae
2709 2871 2768 2910 se
2800 2855 2939 2911 ferre
2967 2873 2981 2922 ;
3009 2872 3128 2911 cum
3154 2870 3212 2911 se
3249 2857 3319 2911 ita
3345 2857 3547 2926 produ-

1979 2955 2092 3003 etas
2124 2963 2244 3002 esse
2267 2950 2558 3015 declarent,
2590 2961 2646 3004 ut
2676 2952 2786 3005 sint
2813 2959 3016 3019 paratae
3044 2949 3110 3005 ad
3139 2965 3290 3006 suam
3313 2949 3543 3004 salutem

1978 3041 2315 3096 servandam.
2351 3041 2415 3094 Et
2466 3044 2678 3110 quidem
2725 3045 2876 3097 canis
2912 3059 3105 3113 expers
3151 3044 3375 3097 rationis
3419 3053 3545 3096 est:

1981 3139 2213 3184 attamen
2258 3145 2472 3184 sensum
2514 3130 2706 3184 rationi
2731 3133 2869 3184 haud
2910 3133 3170 3201 imparem
3203 3132 3387 3186 habet.
3418 3131 3548 3198 Quae

1905 3257 1946 3311 Ο
1977 3222 2120 3275 enim
2158 3221 2338 3275 mundi
2369 3221 2637 3289 sapientes
2664 3237 2758 3291 per
2784 3222 3006 3276 multum
3039 3222 3160 3277 vitae
3199 3223 3367 3276 otium
3405 3222 3550 3276 desiJ

1979 3311 2166 3366 dentes
2225 3313 2314 3366 vix
2381 3313 2742 3377 invenerunt,
2783 3312 3029 3367 videlicet
3079 3313 3552 3367 ratiocinationuut

1976 3402 2249 3472 ambages,
2279 3403 2391 3456 haec
2429 3403 2498 3456 ab
2538 3403 2653 3470 ipsa
2689 3411 2885 3456 natura
2921 3403 3143 3457 edoctus
3179 3403 3331 3457 canis
3371 3402 3554 3471 pet-hie

1975 3494 2152 3551 betur.
2181 3494 2312 3549 Cum
2345 3495 2485 3548 enim
2521 3494 2649 3550 fera:
2683 3496 2898 3563 indagat
2923 3494 3228 3564 vestigium,
3255 3493 3342 3548 ubi
3373 3493 3552 3564 ipsum

1978 3585 2344 3653 multipliciter
2395 3587 2576 3641 ﬁssum
2637 3589 2932 3656 repererit,
2974 3587 3290 3642 diverticula
3334 3602 3552 3655 quoquo

1979 3692 2194 3730 versum
2239 3676 2461 3730 ferentia
2530 3679 2773 3742 rimatus,
2815 3689 3022 3731 tantum
3073 3692 3176 3732 non
3219 3678 3552 3732 ratiocinatid

1977 3785 2098 3822 vam
2130 3783 2314 3822 vocem
2345 3783 2438 3838 per
2476 3783 2536 3822 ea
2566 3783 2683 3838 qua:
2714 3770 2842 3837 agit,
2877 3769 3112 3822 emittit:
3154 3769 3314 3834 Fera,
3355 3769 3551 3839 inquit,

1979 3869 2069 3915 aut
2122 3863 2242 3927 hac,
2300 3871 2392 3914 aut
2449 3860 2568 3914 illac
2605 3861 2845 3923 divertit,
2881 3869 2975 3914 aut
3018 3861 3072 3913 in
3103 3860 3243 3916 hanc
3291 3874 3496 3933 partem
3533 3881 3550 3916 :

1980 3955 2124 4021 atqui
2162 3968 2334 4021 neque
2391 3953 2513 4016 hac,
2543 3969 2714 4022 neque
2755 3953 2876 4006 illac
2916 3969 2930 4006 :
2972 3953 3238 4024 reliquum
3267 3964 3370 4019 est,
3404 3964 3461 4008 ut
3487 3971 3552 4010 ea

1982 4043 2113 4096 istac
2146 4043 2382 4109 digressa
2415 4045 2576 4096 luerit
2605 4060 2617 4094 :
2661 4054 2824 4112 atque
2849 4045 2941 4109 ita,
2980 4044 3131 4099 falsis
3159 4045 3426 4108 rescissis,
3462 4060 3552 4099 ve‘

1985 4149 2100 4185 rom
2137 4133 2357 4187 invenit.
2387 4132 2524 4198 Quid
2577 4133 2802 4201 amplius
2835 4134 3060 4198 faciunt,
3118 4135 3205 4201 qui
3241 4133 3292 4186 in
3332 4135 3552 4188 theore-

1985 4224 2214 4279 matibus
2251 4225 2686 4279 demonstrandis
2718 4241 2838 4279 cum
2860 4229 3123 4296 gravitate
3146 4227 3408 4291 desident,
3432 4228 3555 4295 qui-

1983 4329 2088 4382 que
2124 4314 2277 4368 lineis
2324 4315 2525 4384 pulveri
2559 4315 2862 4384 insculptis,
2897 4330 2961 4370 ex
3016 4319 3186 4373 tribus
3227 4318 3551 4388 propositio-

1983 4405 2141 4460 nibus
2173 4407 2303 4461 duas
2332 4407 2649 4477 rejicientes,
2679 4407 2729 4460 in
2758 4421 2820 4461 ea
2854 4422 2970 4474 qua:
2997 4407 3200 4478 reliqua
3230 4420 3331 4472 est,
3365 4424 3554 4464 verum

1983 4499 2262 4553 inveniunt
2288 4500 2311 4553 ?
2338 4499 2505 4553 Porro
2530 4499 2772 4554 beneﬁcii
2806 4502 3062 4554 memoria
3096 4502 3163 4554 ab
3191 4500 3293 4554 hoc
3329 4501 3554 4554 animali

309 4593 586 4662 αισχύνει;
646 4595 778 4646 ὅπου
823 4610 886 4662 γε
950 4596 1043 4646 καὶ
1092 4595 1394 4662 φονευθεῖσι
1434 4596 1718 4660 δεσπόταις
1762 4598 1875 4650 κατ’

1986 4603 2325 4658 conservata,
2357 4593 2440 4646 cui
2477 4593 2589 4645 viro
2644 4592 2694 4644 in
2737 4593 3005 4646 beneﬁcos
3059 4593 3266 4661 ingrato
3294 4593 3552 4660 pudorem

312 4687 544 4755 ἐρημίαν
600 4684 784 4737 πολλοὶ
825 4685 931 4737 τῶν
975 4685 1153 4739 κυνῶν
1203 4684 1638 4749 ἐπαποθανόντες
1677 4705 1881 4758 μνημο-

313 4779 722 4848 νεύονται.Ἥδη
737 4778 793 4832 δέ
811 4795 954 4841 τινες
972 4779 1065 4830 ἐπὶ
1086 4777 1272 4850 θερμῷ
1292 4778 1370 4848 τῷ
1397 4779 1555 4831 πάθει
1585 4781 1676 4833 καὶ
1697 4781 1881 4851 ὁδηγοὶ

312 4873 422 4932 τοῖς
449 4870 732 4939 ἐκζητοῦσι
777 4870 902 4933 τοὺς
949 4869 1142 4937 φονέας
1190 4870 1455 4938 ἐγένοντο,
1505 4873 1596 4924 καὶ
1630 4873 1733 4924 ὑπὸ
1783 4873 1882 4943 τὴν

313 4963 467 5031 δίκην
494 4962 720 5032 ἀχθῆναι
741 4963 865 5025 τοὺς
891 4962 1229 5033 κακούργους
1252 4963 1533 5034 ἐποίησαν.
1568 4964 1631 5015 Τί
1658 4963 1882 5016 εἴπωσιν

315 5055 362 5104 οἱ
390 5051 481 5104 τὸν
503 5054 799 5124 ποιήσαντα
827 5054 1020 5116 αὐτοὺς
1049 5054 1142 5105 καὶ
1167 5053 1431 5123 τρέφοντα
1456 5053 1658 5124 Κύριον
1686 5055 1744 5106 ού
1785 5055 1882 5123 μό-

322 5161 401 5198 νον
431 5146 530 5198 οὐκ
563 5145 881 5214 ἀγαπῶντες
912 5145 1042 5215 (49),
1073 5143 1208 5198 ἀλλά
1231 5145 1323 5197 καὶ
1357 5146 1526 5212 φίλοις
1554 5148 1882 5216 κεχρημένοι

388 5413 500 5484 (45)
538 5412 629 5466 Sic
657 5408 1233 5484 mss.__Com_bef..cum
1282 5405 1416 5484 Reg.
1474 5415 1684 5460 octavo.
1743 5409 1885 5462 Editi

314 5475 439 5540 cum
461 5475 579 5536 aliis
608 5497 735 5535 mss.
773 5475 883 5533 οἶδε
913 5480 1009 5548 μὲν
1044 5478 1140 5548 τὴν
1163 5479 1364 5548 φωνήν.

389 5553 500 5625 (Ml
540 5547 1071 5625 ltaAsex_mss.Editi
1104 5547 1406 5618 περιτύχοι.
1451 5547 1572 5602 Mox
1609 5547 1758 5602 Colb.
1801 5563 1885 5603 se-

318 5618 527 5680 cundus
550 5622 718 5675 πολλά
741 5621 796 5673 δὲ
821 5618 1018 5690 παραδ.

392 5692 500 5762 (ιὸ)
555 5693 681 5747 Mss.
731 5687 970 5762 quinque
1019 5688 1325 5758 διάγνωσις.
1379 5688 1522 5743 Editi
1573 5687 1884 5755 ἐπίγνωσις.

321 5760 452 5831 Reg.
482 5760 671 5818 sextus
699 5760 920 5830 γνῶσις.

413 5827 501 5898 46)
539 5833 644 5888 Sex
679 5827 803 5886 mss.
841 5830 1059 5882 ἐπειδὰν
1092 5828 1242 5901 εὕρῃ.
1277 5829 1419 5901 Editi
1461 5827 1630 5901 εὖροι.

413 5836 501 5898 46)
539 5836 644 5888 Sex
679 5848 803 5886 mss.
841 5836 1059 5882 ἐπειδὰν
1092 5836 1242 5900 εὗρη.
1279 5836 1419 5883 Editi
1461 5836 1630 5899 εὖροι.

391 5836 504 5976 ξω)
538 5905 668 5971 Reg.
719 5913 900 5958 sextus
935 5901 1088 5971 τήνδε
1136 5891 1442 5971 ὡρμῆσθαι.
1503 5900 1634 5970 lteg.
1697 5901 1889 5954 tertius

1986 4701 2094 4738 non
2126 4684 2362 4738 incutit?
2395 4683 2668 4752 Siquidem
2713 4699 2878 4738 canes
2911 4684 3083 4748 multi,
3116 4685 3346 4738 dominis
3377 4686 3427 4738 in
3457 4686 3551 4739 de-

1986 4787 2133 4835 serto
2171 4777 2285 4830 loco
2333 4776 2648 4839 interfectis,
2677 4786 2731 4830 et
2757 4777 2856 4845 ipsi
2909 4777 3177 4831 immortui
3237 4777 3399 4832 fuisse
3443 4791 3557 4830 mea

1988 4878 2284 4923 morantur.
2324 4866 2460 4932 Quin
2489 4866 2649 4920 etiam
2699 4881 2863 4921 canes
2912 4867 3174 4934 nonnulli,
3207 4870 3332 4921 dum
3363 4883 3561 4925 recens

1986 4971 2133 5016 esset
2185 4960 2391 5026 caedes,
2429 4959 2496 5012 iis
2550 4959 2638 5027 qui
2691 4960 2984 5015 homicidas
3032 4960 3407 5029 inquirebant,
3459 4965 3565 5016 vis:

1987 5054 2147 5107 etiam
2183 5056 2346 5106 duces
2373 5051 2715 5115 exstiterunt,
2747 5051 2854 5123 85
2893 5061 3054 5121 atque
3082 5053 3137 5106 in
3191 5067 3352 5106 causa
3383 5052 3554 5118 fuere,

1989 5164 2083 5202 cur
2129 5147 2195 5201 ad
2241 5159 2456 5214 pcenam
2508 5145 2734 5200 maleﬁci
2787 5155 3123 5199 rauerentur.
3171 5144 3307 5210 Quid
3361 5146 3558 5200 dicturi

1988 5407 2143 5476 τήνδε
2172 5402 2463 5477 ὁρμᾶσθαι.
2498 5405 2616 5458 Mox
2657 5403 2788 5477 Reg,
2828 5405 2850 5457 l
2910 5405 2998 5458 ἐπὶ
3038 5404 3153 5477 τῶν
3194 5407 3559 5477 γραμμάτων.

2062 5477 2171 5544 (48)
2209 5475 2341 5557 Heg.
2378 5485 2561 5558 sextus
2587 5475 3062 5558 xaGaCdps~m_xa‘t
3088 5475 3190 5558 γῆν
3212 5475 3562 5558 κατήαχαράσν

1993 5565 2174 5609 σοντες
2197 5547 2363 5616 τριῶν
2395 5546 2711 5615 προτάσεων
2759 5545 3039 5616 ἀναιροῦσι
3097 5545 3216 5609 τάς,
3253 5545 3448 5600 terram
3481 5549 3559 5600 si-

2025 5631 2224 5669 nantes.

2135 5635 2145 5659 Ι
2213 5657 2224 5668 ι

1989 5635 2291 5757 θηῖιῗεὶῗδδίε
2321 5685 2471 5757 Regii
2507 5699 2688 5757 sextus
2722 5695 2776 5740 et
2821 5695 3065 5757 octavus.
3108 5685 3248 5739 Editi
3277 5701 3397 5740 cum
3440 5686 3561 5757 aliis

1996 5774 2126 5811 mss.
2157 5755 2479 5823 Simpliciter
2511 5756 2714 5826 Κύριον
2741 5757 2840 5808 οὐκ
2869 5755 3214 5823 ἀγαπῶντες.
3251 5757 3369 5810 Mox
3410 5756 3559 5810 multi

1998 5844 2126 5881 mss.
2157 5827 2256 5895 τῆς
2284 5827 2450 5898 αὐτῆς
2479 5825 2660 5898 αὐτοῖς
2691 5825 3000 5897 τραπέζης·
3036 5843 3156 5898 qua:
3193 5828 3353 5883 verba
3404 5827 3559 5881 aliter

2000 5900 2357 5967 disponuntur
2390 5897 2443 5950 in
2471 5897 2657 5952 editis.
