4062 6436
576 376 676 429 199

1864 373 1918 424 S.
1964 371 2042 422 BA
2055 369 2202 423 Sll.ll
2244 369 2456 421 .‘ilACNl

3696 361 3803 413 200

568 502 713 555 sunt,
740 492 828 558 qui
865 491 1138 544 Dominum
1169 489 1496 543 conditorem
1527 502 1587 541 ac
1621 491 1935 543 nutritorem
1973 503 2099 540 suun

2225 487 2332 547 τοῖς
2371 484 2590 537 λαλοῦσι
2630 482 2766 534 κατὰ
2806 481 2897 534 τοῦ
2941 481 3074 535 Θεοῦ
3110 480 3341 542 ἀδικίαν,
3387 482 3478 532 καὶ
3507 481 3606 550 τῆς
3631 477 3803 544 αὐτῆς

569 597 670 635 non
705 580 872 634 solum
919 595 1020 633 non
1061 579 1304 646 diligunt,
1332 580 1426 632 sed
1476 578 1660 634 amicis
1705 581 1865 634 etiam
1901 589 2123 633 utuntur

567 673 650 735 iis,
679 673 765 740 qui
791 671 1043 724 adversus
1076 669 1240 724 Deum
1269 668 1560 738 loquuntur
1583 667 1938 738 iniquitatem,
1965 681 2122 736 atque

563 763 798 832 ejusdem
826 778 945 816 cum
982 763 1109 831 ipsis
1165 776 1361 816 mensae
1397 761 1684 831 participes
1727 769 1872 825 sunt,
1897 775 1958 814 ac
1985 761 2122 812 inter

564 855 732 923 ipsum
767 857 1083 908 sumendum
1112 853 1287 906 cibum
1329 853 1488 922 impia
1540 863 1594 905 et
1639 851 2021 907 contumeliosa
2068 850 2119 902 iu

562 947 876 1000 nutritorem
903 945 1064 999 verba
1097 945 1367 998 tolerant?

629 1039 678 1092 5.
715 1039 783 1091 At
837 1053 960 1093 vero
994 1037 1058 1090 ad
1115 1052 1292 1090 rerum
1337 1041 1640 1089 ereatarum
1688 1034 1966 1089 redeamus
1995 1047 2120 1087 con-

562 1131 977 1199 templationem.
1038 1129 1299 1184 Animalia
1356 1142 1477 1195 quae
1536 1127 1743 1183 facilius
1799 1125 2114 1194 capiuntur,

559 1233 681 1277 sunt
711 1222 1042 1275 fecundiora.
1077 1221 1336 1289 Quocirca
1359 1222 1568 1292 lepores
1595 1229 1648 1274 et
1673 1229 1908 1287 agrestes
1942 1230 2116 1285 capra:

557 1313 752 1368 mullos
780 1323 1063 1382 procreant
1091 1313 1229 1367 fetus
1248 1355 1262 1380 ,
1292 1327 1525 1383 ovesque
1569 1311 1842 1365 silvestres
1875 1309 2116 1379 geminos

555 1413 740 1472 partus
764 1403 945 1470 edunt,
975 1415 1030 1459 ut
1059 1418 1124 1457 ne
1156 1419 1324 1475 genus
1365 1406 1430 1458 ab
1458 1401 1781 1457 animalibus
1804 1402 1962 1458 cruda
1996 1416 2116 1454 ear-

554 1510 620 1550 ne
649 1498 986 1552 vescentibus
1034 1507 1408 1565 consumptum
1432 1535 1446 1559 ,
1487 1494 1722 1550 deticiat.
1755 1493 1858 1548 Sed
1883 1507 1958 1546 ea:
1989 1490 2114 1545 fera:

553 1603 670 1656 quae
705 1598 925 1643 caeteras
975 1599 1184 1651 vorant,
1224 1601 1408 1655 parum
1447 1597 1572 1639 sunt
1626 1585 1887 1640 fecundae.
1936 1582 2114 1648 Quare

552 1673 714 1727 leaena
760 1674 844 1726 vix
895 1674 1053 1729 unius
1091 1674 1261 1728 leonis
1328 1684 1500 1728 mater
1556 1673 1802 1728 ellicitur.
1845 1671 2003 1735 Nam,
2057 1682 2115 1726 ut

551 1763 718 1825 aiunt,
750 1763 980 1818 lacerato
1013 1765 1268 1833 unguium
1305 1765 1422 1821 acie
1459 1774 1632 1829 utero,
1661 1763 1838 1832 prodit
1873 1778 1886 1812 :
1917 1763 2112 1830 vipera:

2225 574 2404 635 αὐτοῖς
2439 571 2712 645 τραπέζης
2773 571 3105 642 μετέχοντες,
3138 573 3232 626 καὶ
3281 572 3410 640 παρ’
3461 571 3631 642 αὐτὴν
3701 567 3800 638 τὴν

2222 664 2426 735 τροφὴν
2454 665 2560 716 τῶν
2587 663 2728 716 κατὰ
2767 664 2861 716 τοῦ
2902 662 3192 725 τοὲωοντος
3226 662 3580 732 βλασφημιῶν
3611 661 3803 730 ἀνεχο-

2227 771 2371 823 μενοι
2396 773 2408 817 ;

2291 1024 2341 1076 5.
2393 1023 2527 1074 Ἀλλ’
2566 1025 2654 1075 ἐπὶ
2687 1021 2784 1092 τὴν
2819 1021 3050 1092 θεωρίαν
3070 1021 3167 1090 τῆς
3198 1019 3427 1082 κτίσεως
3452 1016 3792 1086 ἐπανίι·;μεν.

2221 1114 2298 1166 Τὰ
2333 1113 2703 1185 εὐαλωτότερα
2733 1113 2837 1165 τῶν
2873 1111 3025 1172 ζώων
3051 1107 3480 1179 πολυγονώτερα.
3517 1107 3617 1162 Διὰ
3635 1107 3797 1159 τοῦτο

2219 1205 2500 1258 πολυτόκοι
2530 1207 2749 1274 λαγωοὶ,
2796 1205 2889 1256 καὶ
2943 1200 3096 1270 αἶγες
3154 1203 3361 1272 ἄγριαι,
3410 1203 3504 1254 καὶ
3541 1199 3796 1274 πρόϐατα

2218 1299 2383 1369 ἄγρια
2413 1298 2755 1368 διδυμοτόκα,
2794 1299 2879 1350 ἵνα
2913 1295 2985 1366 μὴ
3013 1296 3266 1367 ἐπιλείπῃ
3287 1293 3344 1345 τδ
3375 1293 3530 1360 γένος
3552 1297 3656 1347 ὑπὸ
3683 1293 3794 1345 τῶν

2216 1389 2508 1462 ὡμοῦόρων
2533 1393 2640 1461 (50)
2674 1388 3141 1458 ἐκδαπανὼμενον.
3184 1389 3262 1440 Τὰ
3296 1387 3349 1440 δὲ
3381 1385 3652 1455 φθαρτικὰ
3685 1386 3795 1438 τῶν

2217 1483 2414 1545 ἄλλων,
2454 1482 2756 1551 ὀλιγοτόκα.
2785 1481 2946 1533 Ὅθεν
2973 1479 3182 1538 λέοντος
3211 1479 3328 1540 ἑνὸς
3363 1476 3512 1548 μόλις
3541 1478 3574 1545 ἡ
3605 1477 3795 1529 λέαινα

2219 1576 2399 1646 μήτηρ
2438 1576 2659 1642 γίνεται.
2708 1573 2840 1631 Ταῖς
2879 1572 2984 1641 γὰρ
3037 1571 3239 1639 ἀκμαῖς
3274 1570 3381 1621 τῶν
3426 1567 3631 1637 ὀνύχων
3677 1571 3796 1621 δια-

2216 1663 2495 1735 σπαράξας
2523 1668 2620 1738 τὴν
2652 1666 2885 1735 μήτραν,
2919 1663 3059 1715 οὓτω
3102 1662 3363 1733 πρόεισιν,
3390 1663 3462 1724 ὣς
3493 1675 3662 1728 φασι·
3700 1662 3796 1712 καὶ

2212 1757 2416 1827 ἔχιδναι
2461 1760 2556 1822 τὰς
2599 1760 2810 1828 μήτρας
2846 1756 3179 1825 ἐκφαγοῦσαι
3223 1757 3601 1826 προέρχονται,
3661 1752 3795 1822 πρέ-

545 1871 777 1926 quoque,
807 1873 963 1913 eroso
989 1868 1164 1926 utero,
1190 1868 1502 1923 nascuntur,
1535 1859 1776 1912 meritam
1807 1858 2099 1911 mercedem

2211 1868 2408 1915 ποντας
2455 1856 2518 1922 τῇ
2565 1850 2942 1922 γεννησαμένη
2987 1851 3111 1912 τοὺς
3151 1849 3374 1918 μισθοὺς
3417 1847 3793 1901 ὲκτιννύουσαι

547 1951 751 2019 parenti
804 1951 1170 2020 rependentes.
1220 1952 1367 2004 Adeo
1413 1949 1548 2003 nihil
1581 1963 1685 2002 non
1735 1948 2016 2016 providmn
2053 1949 2102 2001 in

549 2045 706 2096 rebus
727 2053 826 2101 est,
857 2041 986 2094 nihil
1019 2050 1103 2095 est
1152 2055 1295 2096 cura:
1351 2041 1429 2096 eis
1471 2041 1665 2095 debita:
1711 2054 1925 2110 expers.
1957 2040 2105 2106 Quod

542 2134 584 2187 si
619 2134 728 2202 ipsa
755 2133 1066 2187 animalium
1102 2133 1342 2188 membra
1379 2133 1826 2200 consideraveris,
1853 2133 1982 2186 nihil
2013 2146 2102 2183 su-

543 2221 799 2292 perﬂuum
831 2241 857 2276 a
889 2223 1181 2278 Conditore
1224 2223 1512 2292 adjectum,
1566 2224 1701 2277 nihil
1744 2221 2101 2277 necessarium

539 2319 837 2369 detractum
870 2314 1034 2369 fuisse
1079 2316 1398 2385 comperies.
1439 2313 1751 2368 Carnivoris
1785 2311 2103 2366 animalibus

539 2413 728 2462 acutos
765 2406 972 2476 aptavit
1018 2405 1207 2460 dentes
1246 2424 1258 2460 :
1295 2405 1486 2458 talibus
1535 2404 1678 2458 enim
1723 2418 1857 2473 opus
1883 2411 1997 2458 erat
2035 2403 2103 2455 ob

538 2495 779 2552 alimenti
806 2495 1056 2565 speciem.
1084 2493 1215 2563 Qua:
1237 2509 1365 2550 vero
1394 2494 1612 2559 dimidia
1647 2508 1712 2547 ex
1747 2501 1899 2562 parte
1928 2492 2101 2546 (lentio

538 2586 636 2641 bus
657 2595 864 2641 armata
917 2597 1060 2652 sum,
1104 2602 1165 2642 ea
1217 2587 1396 2641 multis
1431 2595 1484 2638 ct
1534 2586 1696 2636 variis
1729 2585 2101 2637 alimentorum

536 2678 892 2748 receptaculis
921 2678 1192 2732 instruxit.
1225 2676 1355 2729 Nam
1388 2676 1510 2742 quin
1547 2675 1717 2740 prima
1748 2676 1860 2726 vice
1888 2690 1988 2726 non
2019 2690 2092 2728 sa-

535 2768 604 2822 tis
627 2769 696 2823 ab
731 2768 861 2838 ipsis
895 2766 1275 2822 comminuitur
1310 2764 1644 2827 alimentum,
1683 2765 1760 2817 eis
1783 2765 1904 2817 data
1930 2765 2100 2818 facul-

534 2869 616 2915 tas
636 2869 722 2915 est
752 2859 929 2916 cibum
964 2858 1275 2927 deglutitum
1329 2857 1518 2910 iterum
1568 2855 1875 2921 revocandi,
1904 2866 1962 2909 ut
2009 2872 2098 2910 ru-

535 2951 830 3006 minatione
871 2951 1156 3017 contritus,
1186 2949 1236 3004 ei
1270 2948 1410 3017 quod
1455 2947 1616 3002 alitur
1665 2949 2099 3003 accommodatus

534 3043 622 3100 sit.
661 3042 864 3112 Quibus
891 3042 1214 3098 animalibus
1237 3042 1396 3112 gulae,
1426 3056 1632 3108 omasa,
1661 3041 1885 3096 reticula
1911 3052 1964 3096 et
1990 3056 2100 3094 ma-

535 3153 638 3208 gna
666 3137 918 3193 intestina
945 3136 1148 3200 insunt,
1177 3150 1239 3190 ea
1271 3137 1323 3190 in
1363 3135 1552 3190 iisdem
1586 3151 1690 3190 non
1725 3135 1988 3190 inutiliter
2020 3149 2100 3186 re-
2127 3172 2167 3228 ϐ

535 3229 838 3283 conduntur
867 3241 881 3278 :
909 3226 1004 3282 sed
1043 3227 1465 3296 unumquodque
1499 3243 1650 3281 usum
1682 3243 1745 3280 ae
1787 3241 1978 3279 munus
2003 3240 2098 3277 ne-

533 3320 825 3374 cessarium
849 3319 1045 3388 explet.
1073 3317 1312 3387 Longum
1339 3327 1418 3372 est
1438 3318 1624 3371 cameli
1655 3317 1873 3379 collum,
1918 3325 1974 3366 ut
2002 3329 2098 3383 par

532 3411 603 3465 sit
632 3410 878 3478 pedibus,
907 3419 960 3465 et
1003 3424 1120 3463 eam
1169 3423 1272 3477 qua
1321 3409 1554 3463 vescitur
1598 3409 1815 3462 herbam
1846 3409 2094 3476 attingat.

531 3503 705 3568 Ursae,
723 3501 917 3568 leonis,
935 3503 1138 3573 tigridis
1154 3511 1205 3558 et
1231 3511 1545 3557 eaeterarum
1567 3501 1720 3568 hujus
1745 3501 1956 3571 generis
1980 3501 2095 3552 aui-

532 3595 748 3650 malium
783 3595 976 3651 collum
1010 3597 1171 3650 breve
1200 3604 1303 3660 est,
1332 3603 1386 3649 et
1415 3595 1652 3649 humeris
1686 3594 1900 3649 insitum
1928 3612 1942 3646 ι
1975 3609 2098 3663 pro-

533 3697 711 3756 pterea
748 3689 886 3756 quod
937 3689 1099 3742 herba
1151 3689 1281 3756 ipsis
1336 3687 1651 3742 alimentum
1707 3702 1814 3741 non
1864 3695 1966 3749 est,
1999 3700 2097 3739 nec

533 3793 752 3832 necesse
780 3779 1010 3833 habeant
1037 3779 1297 3832 inclinare
1341 3794 1399 3832 se
1434 3779 1498 3832 ad
1533 3789 1748 3840 terram,
1778 3794 1896 3832 cum
1927 3779 2097 3832 carui-

531 3884 658 3924 vora
686 3869 818 3934 sint,
844 3885 905 3923 ae
943 3883 1063 3924 sese
1107 3884 1172 3923 ex
1209 3870 1522 3923 animalium
1559 3869 1731 3938 prmda
1770 3879 2088 3923 sustentem.

528 3961 664 4027 Quid
690 3963 790 4016 sibi
825 3962 936 4017 vult
964 3962 1244 4031 proboscis
1276 3964 1325 4016 in
1354 3961 1684 4030 elephanto?
1716 3961 1852 4028 Quia
1894 3961 2091 4014 animal

531 4067 803 4122 magnum,
833 4061 887 4106 et
912 4054 1248 4109 terrestrium
1294 4054 1612 4117 maximum,
1637 4055 1702 4108 ad
1741 4053 2088 4122 injiciendum

530 4145 940 4200 occurrentibus
964 4155 1223 4202 terrorem
1249 4149 1594 4215 productum,
1621 4147 1832 4200 carnosi
1864 4155 1916 4200 et
1942 4145 2089 4199 obesi

530 4236 768 4304 corporis
812 4251 932 4291 esse
973 4241 1276 4306 oportebat.
1326 4239 1460 4292 Huie
1502 4241 1544 4293 si
1583 4239 1778 4292 collum
1819 4254 2090 4307 magnum,

528 4337 581 4380 et
607 4327 828 4396 pedibus
860 4341 957 4394 par
992 4329 1248 4380 tributum
1281 4329 1487 4392 fuisset,
1518 4329 1602 4381 vix
1638 4341 1822 4398 posset
1845 4332 2087 4394 tractari,

527 4427 707 4486 utpote
732 4418 871 4486 quod
903 4416 971 4471 ob
993 4435 1023 4470 n
1055 4418 1212 4472 mium
1245 4419 1563 4488 gravitatem
1591 4434 1802 4487 semper
1837 4419 2084 4473 deorsum

2211 1942 2344 2013 (51).
2384 1943 2569 2004 Οὕτως
2614 1943 2762 1994 οὐδὲν
2802 1941 3134 2012 ἀπρονόητον
3187 1944 3243 1994 ἐν
3291 1944 3401 2004 τοῖς
3439 1938 3608 2001 οὖσιν,
3669 1937 3794 1991 οὐδὲ

2207 2035 2306 2104 τῆς
2330 2033 2689 2104 ἐπιδαλούσης
2716 2034 2895 2098 αὐτοῖς
2932 2032 3246 2104 ἐπιμελείας
3269 2034 3470 2104 ἄμοιρα
3503 2034 3634 2102 (52).
3668 2032 3792 2083 Κᾶν

2207 2128 2346 2180 αὐτὰ
2384 2127 2451 2179 τὰ
2487 2126 2621 2196 μέλη
2655 2125 2761 2178 τῶν
2809 2125 2960 2190 ζώων
3005 2124 3346 2195 καταμάθῃς,
3385 2124 3655 2192 εὑρήσεις,
3708 2121 3793 2172 ὅτι

2205 2222 2330 2274 οὔτε
2357 2219 2604 2290 περιττόν
2633 2236 2683 2270 τι
2717 2222 2743 2271 ὁ
2786 2220 2976 2282 κτίσας
3027 2216 3385 2287 προσέθηκεν,
3427 2214 3548 2266 οὕτε
3595 2212 3790 2278 ἀφεῖλε

2203 2314 2312 2366 τῶν
2341 2314 2447 2384 (55)
2493 2311 2820 2380 ἀναγκαίων.
2875 2313 2998 2374 Τοῖς
3048 2311 3415 2382 σαρκοφαγοις
3451 2307 3610 2373 ζώοις
3644 2307 3790 2372 ὀξεῖς

2202 2408 2328 2469 τοὺς
2356 2405 2572 2467 ὀδόντας
2604 2406 2868 2474 ἐνήρμοσε
2890 2419 2902 2431 ·
2945 2402 3202 2454 τοιούτων
3226 2402 3333 2472 γὰρ
3366 2397 3432 2472 ἦν
3466 2401 3625 2470 χρεία
3651 2400 3792 2469 πρὸς

2203 2497 2263 2550 τὸ
2324 2497 2422 2567 τῆς
2469 2495 2672 2568 τροφῆς
2728 2492 2883 2556 εἶδος.
2921 2494 2986 2545 Ἀ
3033 2493 3087 2545 δὲ
3123 2492 3182 2556 ἐξ
3228 2494 3481 2562 ἡμισείας
3518 2491 3791 2543 ὥπλισται

2203 2593 2314 2653 τοῖς
2365 2589 2566 2653 ὀδοῦσι,
2626 2587 2844 2650 πολλαῖς
2884 2587 2974 2639 καὶ
3018 2585 3288 2647 ποικίλαις
3330 2583 3636 2651 ἀποθήκαις
3677 2582 3791 2633 τῶν

2341 2681 2553 2752 τροφῶν
2577 2680 2969 2750 παρεσκεύασε.
2996 2678 3093 2730 Διά
3117 2676 3223 2748 γὰρ
3246 2676 3305 2728 τὸ
3327 2674 3474 2747 παρὰ
3505 2675 3603 2744 τὴν
3637 2674 3793 2746 πρώ-

2202 2790 2300 2843 την
2353 2774 2427 2843 μὴ
2479 2771 2790 2843 ἀρκούντως
2844 2769 3348 2824 καταλεπτύνεσθαι
3396 2768 3494 2840 τὴν
3550 2768 3790 2839 τροφὴν,

2203 2867 2398 2918 ἔδωκεν
2441 2865 2621 2926 αὐτοῖς
2647 2864 2705 2914 τὸ
2740 2862 3046 2915 καταποθὲν
3077 2862 3237 2915 πάλιν
3265 2861 3785 2931 ἀναπεμπάζεσθαι,

2201 2955 2340 3008 ὥστε
2373 2953 2737 3008 καταλεανθὲν
2772 2953 2881 3024 (53)
2928 2954 3004 3024 τῷ
3035 2955 3368 3025 μηρυκισμῷ
3403 2951 3787 3022 προσοικειοῦ-

2205 3045 2324 3099 σθαι
2351 3045 2427 3116 τῷ
2443 3046 2777 3116 τρεφομένῳ.
2809 3044 3099 3113 Στόμαχοι,
3129 3043 3222 3096 καὶ
3243 3046 3426 3112 ἐχῖνοι,
3457 3044 3548 3095 καὶ
3583 3042 3790 3114 κεκρύ-

2202 3139 2377 3207 φαλοι,
2416 3140 2509 3190 καὶ
2545 3137 2799 3208 ἕνυστρα,
2841 3137 2941 3188 οὐκ
2995 3135 3179 3208 ἀργῶς
3225 3135 3467 3204 ἔγκειται
3512 3134 3624 3205 (56)
3675 3134 3787 3188 τῶν

2207 3229 2356 3294 ζώων
2386 3233 2494 3292 τοῖς
2544 3229 2774 3298 ἔχουσιν,
2817 3229 2928 3282 ἀλλ’
2963 3228 3276 3298 ἀναγκαίων
3309 3229 3495 3300 χρείαν
3552 3228 3789 3279 ἕκαστον

2203 3323 2484 3392 ἐκπληροῖ.
2521 3321 2738 3392 Μακρὸς
2767 3323 2794 3374 ὁ
2824 3323 3090 3394 τράχηλος
3117 3323 3218 3392 τῆς
3250 3321 3517 3390 καμήλου,
3548 3320 3637 3372 ἵνα
3670 3322 3786 3384 τοῖς

2206 3415 2359 3466 ποσὶν
2391 3413 2704 3485 ὲξισάζηται
2735 3415 2827 3467 καὶ
2859 3415 3144 3483 ἐφικνῆται
3173 3412 3283 3482 (57)
3320 3411 3417 3479 τῆς
3457 3410 3689 3482 βοτάνης
3724 3411 3784 3478 ἐξ

2201 3501 2267 3576 ἧς
2293 3506 2491 3578 ἀποζῇ.
2543 3507 2755 3577 Βραχὺς
2787 3507 2879 3559 καὶ
2912 3509 3020 3568 τοῖς
3052 3503 3221 3573 ὤμοις
3255 3501 3548 3566 ἐνδεδυκὼς
3580 3505 3610 3556 ὁ
3642 3504 3781 3575 τρά-

2197 3598 2358 3669 χηλος
2383 3599 2484 3668 τῆς
2516 3598 2718 3669 ἄρκτου
2741 3615 2753 3628 ·
2791 3598 2883 3649 καὶ
2918 3597 3130 3658 λέοντος
3165 3595 3243 3662 δὲ,
3273 3595 3366 3649 καὶ
3398 3594 3657 3667 τίγριδος,
3685 3597 3782 3648 καὶ

2195 3691 2300 3742 τῶν
2335 3688 2554 3750 λοιπῶν,
2596 3686 2701 3740 ’ὃσα
2732 3687 2918 3739 τούτου
2950 3687 3044 3740 τοῦ
3071 3685 3293 3754 γένους·
3333 3687 3415 3739 ὅτι
3447 3688 3548 3739 οὐκ
3578 3687 3644 3738 ὲκ
3677 3685 3780 3757 τῆς

2193 3781 2326 3842 πόας
2356 3782 2538 3844 αὐτοῖς
2566 3783 2597 3852 ἡ
2627 3780 2820 3852 τροφὴ,
2855 3781 2973 3833 οὐδὲ
3003 3781 3212 3850 ἀνάγκη
3250 3779 3384 3850 πρὸς
3416 3779 3514 3848 τὴν
3545 3780 3649 3849 γῆν
3682 3797 3783 3832 κα-

2191 3871 2503 3936 τακύπτεεν,
2547 3873 2914 3943 σαρκοφάγοις
2944 3867 3083 3935 οὖσι,
3118 3872 3212 3924 καὶ
3244 3873 3307 3923 ὲκ
3337 3871 3434 3941 τῆς
3454 3870 3632 3940 ἄγρας
3665 3871 3778 3923 τῶν

2197 3962 2348 4028 ζώων
2382 3964 2808 4036 διαρκουμένοις.
2865 3967 2930 4018 Τί
2989 3965 3298 4035 βούλεταιή
3345 3963 3650 4035 προνομαία
3699 3963 3779 4034 τῷ

2193 4056 2476 4125 ὲλέφαντι;
2516 4058 2637 4110 Ὅτι
2674 4058 2817 4128 μέγα
2845 4058 2906 4112 τὸ
2942 4057 3102 4122 ζῶον,
3145 4058 3237 4111 καὶ
3268 4057 3374 4110 τῶν
3421 4057 3689 4128 χερσαίων
3716 4055 3779 4108 τὸ

2196 4151 2466 4220 μέγιστον,
2495 4151 2573 4213 είς
2603 4149 2701 4219 τὴν
2731 4150 2837 4203 τῶν
2865 4151 3301 4219 ἐντυγχανόντων
3333 4149 3606 4219 ἔκπληξιν
3626 4167 3773 4220 παρ-

2193 4240 2374 4309 αχθὲν,
2421 4239 2757 4310 πολύσαρκον
2807 4239 2971 4310 ἐχρῆν
3021 4236 3160 4292 εἶναι
3213 4242 3305 4292 καὶ
3342 4238 3776 4310 συμπεφορημέ-

2195 4348 2284 4382 νον
2309 4332 2368 4383 τὸ
2395 4331 2568 4401 σῶμα.
2603 4331 2786 4400 Τούτῳ
2817 4333 2864 4382 εἰ
2893 4331 3067 4399 μέγας
3100 4332 3193 4384 καὶ
3224 4331 3497 4397 ἀναλογῶν
3534 4334 3646 4392 τοῖς
3673 4348 3774 4381 πο-

2198 4422 2278 4472 σὶν
2318 4421 2346 4471 ὁ
2370 4421 2636 4491 τράχηλος
2677 4422 2996 4492 προσετέθη,
3027 4422 3536 4492 δυσμεταχείριστος
3568 4421 3636 4474 ἀν
3675 4417 3770 4492 ἦν,

601 4600 734 4682 (50).
771 4599 922 4682 Regii
957 4603 1170 4682 “tertius
1215 4610 1490 4681 etsextus
1543 4599 1646 4652 ὑπὸ
1708 4601 1814 4655 τῶν
1862 4601 2088 4682 αἱμοϐό-

2203 4604 2342 4664 ὄντα,
2369 4601 2516 4682 nullo
2538 4604 2947 4682 iiegotiohposslt
2968 4600 3221 4670 suppleri.
3249 4601 3418 4672 Legas
3443 4602 3600 4654 velim
3627 4618 3763 4654 con-

564 4689 657 4734 ων,
685 4673 744 4723 ab
769 4674 1082 4724 animalibus
1112 4673 1410 4739 sanguinem
1432 4683 1733 4723 cu'lerorum
1762 4676 2081 4738 augentibus.

553 4742 725 4796 bidem
758 4743 886 4809 llcg.
918 4751 1103 4794 sextus
1133 4742 1275 4794 τὰδὲ
1304 4741 1574 4810 φθαρτικὰ
1611 4739 1714 4792 τῶν
1761 4740 1913 4806 ζώων
1943 4743 2080 4810 ὀλιγ.

527 4812 677 4867 Colb.
708 4812 970 4864 Sceundus
995 4811 1268 4881 φθαρτικά
1288 4811 1393 4863 τῶν
1421 4810 1590 4864 ἀλλων
1617 4810 1788 4875 ζώων.
1823 4813 1922 4864 Alii
1951 4829 2080 4866 mss.

525 4893 580 4936 et
617 4883 746 4936 editi
774 4891 832 4934 ut
869 4883 918 4933 in
955 4892 1227 4933 contexui.
1259 4882 1372 4935 Non
1418 4893 1500 4935 est
1530 4885 1668 4949 quod
1716 4883 2082 4950 scrupulosius

525 4953 611 5005 his
650 4953 901 5005 omnibus
939 4952 1090 5004 Iidem
1117 4952 1492 5013 adhibeamus,
1525 4967 1646 5005 cum
1678 4969 1782 5005 non
1813 4970 1977 5020 pauea
2015 4969 2079 5005 cx

525 5022 668 5089 vulgi
715 5022 969 5089 opinione
1005 5033 1312 5074 narrentur.
1364 5021 1549 5088 Neque
1587 5032 1762 5075 tamen
1814 5035 2082 5090 repertum

528 5094 588 5144 iri
625 5103 753 5161 puto
792 5105 1115 5160 quemquam
1157 5101 1262 5145 tam
1293 5091 1560 5157 iniquum,
1589 5093 1678 5160 qui
1715 5095 1826 5144 haec
1868 5105 1958 5144 aut
2009 5095 2084 5145 si-

528 5163 668 5213 milia
703 5175 915 5214 summo
936 5161 1053 5213 viro
1077 5163 1235 5215 rebus
1267 5161 1608 5231 gravioribus
1651 5163 1859 5215 intento
1884 5168 2072 5217 condo-

524 5247 653 5285 nare
677 5231 828 5284 nolit.

597 5303 706 5373 (51)
729 5301 906 5373 Codex
938 5299 1182 5373 Conrhel'.
1211 5316 1332 5353 eum
1369 5301 1550 5373 multis
1593 5302 1714 5355 aliis
1742 5318 1868 5357 mss.
1910 5303 2087 5355 ἐκτιν-

524 5369 704 5427 visat.
735 5372 869 5424 Editi
901 5389 1019 5425 cum
1049 5370 1211 5426 Cuisl.
1261 5373 1495 5421 secundo
1526 5372 1919 5428 ἐκτιννύουσαι.
1968 5376 2080 5426 Sla-

527 5448 618 5512 tim
650 5447 754 5495 duo
782 5459 906 5494 mss.
940 5441 1058 5494 οὐδὲ
1089 5441 1184 5509 τῆς
1220 5439 1632 5512 ἐπιϐαλλούσης.

598 5513 707 5581 (5'2)
745 5515 966 5565 Codices
999 5520 1198 5576 septem
1244 5511 1466 5581 ἄμοιρα.
1525 5513 1661 5565 Editi
1693 5525 1746 5566 et
1779 5514 1942 5567 Coisl.
1980 5513 2090 5581 pri-

529 5601 646 5638 nius
678 5585 920 5653 ἄμοιρον.
957 5583 1020 5635 Ει
1053 5584 1138 5634 hie
1169 5596 1381 5653 quoque
1417 5583 1624 5635 librarii
1667 5587 1735 5638 oh
1772 5601 1963 5635 vanum
2002 5600 2088 5634 so-

526 5651 755 5708 la3cismi
795 5665 995 5724 metum
1032 5653 1274 5704 videntur
1294 5651 1526 5724 ἄμοιρον
1579 5670 1672 5720 pro
1711 5656 1914 5724 ἄμοιρα
1951 5657 2086 5706 scri-

526 5727 722 5794 psisse,
756 5739 819 5776 eo
861 5723 1105 5774 videlicet
1158 5723 1401 5785 consilto,
1454 5734 1507 5773 ut
1551 5739 1648 5776 vox
1703 5723 1930 5794 ἄμοιρον
1971 5724 2085 5775 voci

524 5793 674 5849 οὐδέν
718 5794 1086 5861 responderet.
1119 5794 1220 5846 Sed
1253 5794 1383 5845 nihil
1412 5808 1653 5858 necesse,
1681 5793 1802 5850 cum
1843 5793 1994 5856 iilud,
2021 5793 2088 5845 τὰ

2197 4687 2424 4725 textum.
2487 4671 2680 4724 Statim
2743 4671 2889 4740 Regii
2932 4675 3158 4736 primus,
3209 4671 3399 4724 tertius
3448 4681 3499 4724 et
3538 4683 3769 4726 octavus

2191 4761 2312 4796 eum
2341 4743 2488 4795 Golb.
2514 4744 2747 4796 secundo
2771 4743 2843 4795 τὰ
2867 4741 3022 4813 μέλη.
3056 4742 3329 4796 Editicum
3356 4757 3461 4796 uno
3477 4752 3570 4795 aut
3593 4745 3769 4796 altero

2192 4829 2292 4864 ms.
2322 4811 2390 4864 τὰ
2429 4812 2592 4864 μέοη.

2192 4829 2292 4866 HIS.
2322 4829 2390 4864 τα
2429 4829 2592 4868 μεοη.

2643 4881 2886 4953 Combel‘.
2928 4899 3048 4937 cum
3105 4882 3226 4937 aliis
3269 4882 3508 4952 quinque
3560 4882 3759 4950 ἀφεῖλε

2188 4953 2316 5005 τῶν.
2340 4953 2491 5005 Ἐἀὶιί
2522 4952 2770 5020 ἀφείλετο
2799 4953 2925 5008 τῶν.

2259 5022 2584 5094 (54)(ῖοίιεχ
2610 5023 2940 5094 (Σοιιιὺρίηεῑ
2969 5023 3102 5094 Reg.
3139 5033 3364 5094 octavus
3397 5021 3607 5084 τούτοις
3643 5024 3768 5075 πολι

2187 5092 2284 5156 λάς
2315 5092 2409 5144 καὶ
2450 5094 2701 5156 ποικίλας
2749 5093 3035 5162 ἀποθήκας
3058 5092 3209 5157 πῶν,
3243 5103 3350 5147 etc.
3399 5094 3534 5162 Reg.
3571 5106 3763 5147 sextus

2189 5163 2438 5225 ποικίλας
2459 5165 2580 5225 ταῖς
2604 5167 2830 5233 τροφαῖς
2863 5165 3294 5234 παρεσκεύασεν.

2259 5234 2372 5301 (55)
2431 5231 2655 5286 Codices
2735 5231 2966 5299 qumtnor
3038 5245 3234 5302 przett-r
3315 5231 3558 5288 Combel'.
3618 5232 3760 5284 ὥστε

2189 5302 2553 5356 καταλεανθὲν
2585 5303 2680 5372 τῷ.
2720 5305 2870 5358 Coll).
2913 5306 3179 5357 secundus
3203 5320 3321 5357 cum
3364 5304 3494 5372 livg.
3528 5315 3680 5356 sexto
3708 5315 3762 5355 et

2184 5391 2306 5496 32m
2335 5372 2486 5427 Bodl.
2514 5373 2652 5425 ὥστε
2687 5373 3117 5426 καταλεανθέντα
3145 5373 3239 5444 τῷ.
3278 5375 3414 5428 Editi
3438 5372 3766 5426 καταλειαν-

2247 5461 2360 5496 ντα.

2247 5461 2360 5496 ντα.

2257 5514 2368 5582 (56)
2405 5514 2628 5567 Codices
2656 5514 2894 5584 quinque
2929 5514 3190 5583 ἔγκειται.
3230 5514 3370 5568 Editi
3423 5527 3546 5566 cum
3597 5510 3759 5570 Colb.

2183 5586 2424 5638 secundo
2453 5585 2748 5651 ἕγκεινται.

2259 5655 2540 5726 (57)(ἷυιιι.
2575 5658 2842 5710 secuiulns
2874 5657 2973 5709 οὐκ
3009 5657 3281 5726 ἐφίκηται.
3319 5655 3604 5726 Aliquanto
3635 5661 3760 5722 post

2185 5741 2319 5797 mss.
2348 5725 2551 5797 aliquot
2582 5727 2664 5778 ὃτι
2695 5728 2813 5796 ούχὶ
2862 5729 2925 5780 ἐκ
2973 5723 3092 5797 τῆς.
3132 5723 3269 5782 ΕιΙίιὶ
3316 5742 3436 5780 cmn
3467 5723 3622 5777 Colb.
3669 5739 3757 5778 se-

2185 5795 2360 5848 cundo
2389 5796 2465 5847 ὃτι
2499 5796 2615 5849 ούκ.
