4062 6488
318 451 414 503 201

1406 449 1686 501 ΙΙΟΜΙῌᾹ
1725 450 1791 501 lx
1833 447 1898 502 lN
1936 447 2426 502 ΠΕΧΑΕΜΕΚΟΝ.

3448 449 3553 505 202

318 565 394 634 τῷ
419 564 802 633 ὑπερϐάλλοντι
834 562 986 635 βάρει
1017 565 1374 633 καταρρέπων
1408 567 1493 618 ἀεὶ
1532 567 1665 634 πρὸς
1701 569 1761 619 τὸ
1792 565 1888 619 κά-

1997 578 2260 634 vergcret.
2307 564 2458 619 Nunc
2511 574 2686 618 autem
2743 575 2904 636 caput
2952 566 3166 634 quidem
3227 579 3319 634 per
3360 581 3556 632 paucas

317 673 413 708 τω.
451 653 561 705 Νῦν
589 652 644 704 δὲ
676 654 706 718 ἡ
754 653 849 721 μὲν
904 653 1111 722 κεφαλὴ
1161 653 1226 706 δι’
1248 655 1440 724 ὀλίγων
1474 654 1580 706 τῶν
1602 656 1694 708 τοῦ
1727 656 1886 726 αὐχέ-

318 764 406 806 νος
453 742 754 810 σφονδύλων
781 747 913 815 πρὸς
952 744 1050 812 τὴν
1090 745 1244 816 ῥάχιν
1273 749 1636 800 συνάπτεται·
1671 747 1781 818 ἔχει
1832 748 1887 800 δὲ

318 835 413 901 τὴν
455 835 809 904 προνομαίαν,
852 835 949 902 τὴν
975 834 1066 886 τοῦ
1103 839 1376 907 τραχήλου
1419 837 1606 906 χρείαν
1641 839 1887 908 ἀποπλη-

321 923 540 992 ρουσαν,
584 925 650 978 δι’
680 923 746 996 ἧς
776 923 867 977 καὶ
919 926 1017 996 τὴν
1058 931 1264 998 τροφὴν
1313 945 1664 999 προσάγεται,
1705 932 1797 982 καὶ
1830 930 1890 983 τὸ

319 1017 479 1068 ποτὸν
502 1018 779 1089 ἀνιμᾶται.
827 1017 986 1071 Ἀλλά
1019 1022 1112 1072 καὶ
1158 1018 1515 1090 ἀδιάρθρωτοι
1545 1022 1692 1092 αὑτῴ
1717 1025 1764 1074 οἱ
1795 1023 1888 1074 πό·

315 1107 424 1169 δες.
456 1110 616 1163 οἱονεὶ
653 1107 829 1172 κίονες
873 1111 1159 1180 ἡνωμένοι,
1195 1111 1255 1162 τὸ
1305 1111 1468 1184 βάρος
1501 1114 1889 1183 ὑποστηρίζω-

321 1215 423 1254 σιν.
467 1204 530 1254 Ei
557 1200 664 1269 γὰρ
692 1201 862 1268 χαῦνα
893 1202 1159 1270 αὑτῷ-καὶ
1191 1203 1383 1275 δίυγρα
1418 1206 1653 1272 ὑπετέθη
1687 1205 1796 1271 (58)
1819 1206 1887 1258 τὰ

320 1292 486 1352 κῶλα,
512 1293 748 1358 συνεχεῖς
783 1293 847 1346 ἂν
874 1293 1112 1360 ἐγίνοντο
1138 1293 1245 1346 τῶν
1271 1296 1486 1366 ἄρθρων
1506 1296 1562 1346 αἱ
1605 1296 1887 1361 ἐκτροπαὶ,

320 1382 741 1448 συνοκλάζοντος
769 1385 864 1438 καὶ
900 1385 1304 1458 διανισταμένου
1339 1387 1614 1454 κουφίζειν
1634 1387 1694 1438 τὸ
1725 1386 1890 1457 βάρος

320 1475 394 1546 μὴ
413 1473 779 1545 ἐξαρκούντων
800 1475 930 1546 (59).
964 1477 1076 1531 Νῦν
1096 1479 1151 1531 δὲ
1172 1480 1372 1548 βραχὺς
1402 1478 1737 1546 ἀστράγαλος
1761 1477 1891 1529 ὑπό-

318 1580 493 1615 κειται
517 1565 592 1634 τῷ
621 1565 740 1616 ποδὶ
767 1564 859 1617 τοῦ
895 1565 1181 1633 ἐλέφαντος
1210 1582 1222 1594 ⁸
1255 1563 1377 1616 οὔτε
1411 1565 1590 1634 μέντοι
1617 1567 1694 1629 εἰς
1721 1563 1889 1632 ἀγκύο

317 1653 417 1721 λην
451 1654 570 1707 οὔτε
603 1656 682 1718 εἰς
715 1655 841 1722 γόνυ
874 1655 1223 1726 διήρθρωται.
1263 1655 1335 1707 Οὐ
1367 1654 1472 1727 γάρ
1514 1656 1578 1709 ἂν
1613 1658 1888 1726 ὑπήνεγκε

315 1745 378 1798 τὸ
406 1747 512 1799 τῶν
542 1746 760 1816 ἄρθρων
786 1746 1070 1817 ὀλισθηρὸν
1103 1746 1199 1819 τὴν
1228 1747 1595 1818 πολυσαρκίαν
1617 1748 1707 1800 τοῦ
1748 1747 1886 1810 ζώου

318 1838 516 1908 πολλὴν
586 1837 732 1908 αὐτῷ
795 1838 1231 1909 περικεχυμένην
1291 1840 1385 1892 καὶ
1435 1840 1882 1909 περιτρέμουσαν.

1990 658 2217 712 cervicis
2267 669 2551 725 compages
2597 669 2718 709 eum
2772 657 2916 713 dorsi
2962 657 3112 727 Spina
3161 657 3551 725 coniungitur:

1992 746 2151 801 habet
2183 763 2308 802 vero
2342 748 2733 817 proboscidem,
2753 749 2870 802 colli
2906 749 3079 804 oﬂicio
3104 763 3167 803 ac
3191 763 3410 802 munere
3441 749 3556 800 fun-

1991 847 2337 910 gcntcm,per
2363 854 2521 907 quam
2545 852 2598 896 et
2640 841 2952 895 alimentum
3001 842 3245 904 assumit,
3285 849 3338 893 et
3374 849 3551 908 potum

1989 930 2254 985 exhaurit.
2301 930 2406 986 Sed
2449 938 2503 984 et
2529 934 2689 1000 pedes
2721 933 2886 1000 ipsius
2933 931 3171 986 articulis
3199 933 3416 985 minime
3447 930 3556 984 dis-

1991 1022 2161 1084 tincti,
2218 1024 2364 1078 velut
2410 1021 2668 1078 columna:
2706 1025 3022 1094 conjunctm,
3059 1037 3192 1074 onus
3224 1025 3552 1078 suﬂulciunt.

1991 1113 2200 1166 Etenim
2232 1115 2276 1167 si
2307 1115 2409 1168 laxi
2440 1122 2494 1168 et
2529 1113 2788 1168 ﬂexibiles
2815 1116 2978 1182 pedes
3002 1115 3049 1168 ei
3101 1112 3326 1166 fuissent
3356 1128 3549 1181 suppo-

1986 1207 2073 1260 siti
2099 1245 2112 1270 ,
2134 1206 2334 1262 crebrae
2361 1207 2514 1260 factae
2541 1207 2763 1259 fuissent
2781 1207 3129 1261 articulorum
3150 1221 3178 1260 e
3201 1205 3313 1259 suis
3338 1205 3553 1258 sedibus

1989 1299 2252 1353 motiones
2289 1319 2300 1352 :
2339 1297 2771 1369 quandoquidem
2801 1299 2926 1351 dum
2971 1298 3121 1352 ﬂexis
3160 1299 3382 1367 genibus
3419 1310 3552 1349 con-

1988 1389 2204 1452 sideret,
2235 1402 2326 1446 aut
2379 1397 2712 1459 exsurgeret,
2748 1389 2968 1442 ferendo
3010 1388 3231 1456 ponderi
3261 1402 3414 1456 pares
3446 1401 3551 1439 non

1989 1493 2188 1536 ρεςεηι.
2223 1485 2372 1540 Nune
2399 1501 2527 1540 vero
2549 1498 2743 1553 parvus
2779 1482 2915 1537 talus
2949 1481 3230 1551 subjicitur
3256 1481 3555 1546 elephantis

1990 1575 2105 1642 pedi
2140 1593 2152 1627 :
2187 1576 2298 1645 86
2333 1591 2504 1646 neque
2551 1588 2725 1630 tamen
2758 1575 2822 1629 ad
2867 1583 3230 1636 curvaturam,
3278 1587 3448 1640 neque
3491 1573 3555 1624 ad

1990 1682 2126 1736 genu
2155 1677 2466 1734 compactns
2511 1668 2751 1721 articulis
2789 1675 2890 1720 est.
2921 1663 3053 1718 Nam
3088 1665 3435 1718 articulormn
3472 1663 3554 1716 in—

1989 1759 2286 1813 constantia
2313 1772 2372 1811 ac
2411 1758 2676 1809 mobilitas
2705 1757 2925 1810 rnnltam
2983 1755 3231 1808 animalis
3279 1753 3555 1821 corpulen-

1992 1851 2137 1915 tiam,
2173 1851 2269 1918 ipsi
2308 1847 2690 1902 circumfusam
2725 1862 2789 1901 ae
2822 1848 3161 1910 titubantem,
3184 1843 3323 1899 ferre
3355 1860 3556 1912 nequa-

321 1932 482 1984 Ὅθεν
515 1932 669 2002 χρεία
698 1931 885 1998 γέγονε
924 1928 1018 1981 τοῦ
1059 1931 1331 2000 μυκτῆρος
1360 1931 1566 1982 ἐκείνου
1601 1930 1759 2000 μέχρι
1794 1948 1882 1982 πο-

1997 1957 2146 2008 quam
2197 1943 2474 2011 potuisset.
2518 1938 2668 1994 Unde
2714 1954 2877 1993 nasus
2930 1939 3017 1993 ille
3069 1940 3133 1992 ad
3180 1936 3341 2007 pedes
3389 1949 3558 2003 usque

317 2021 421 2072 δῶν
450 2021 792 2089 καθιεμένου.
835 2021 945 2090 Οὐχ
978 2024 1106 2091 ὁρᾷς
1137 2024 1193 2072 ἐν
1232 2022 1341 2083 τοῖς
1375 2020 1650 2090 πολέμοις,
1700 2023 1780 2072 ὅτι
1812 2023 1889 2071 οἱ-

321 2112 434 2165 ονεὶ
459 2113 527 2164 πό
540 2130 654 2184 ργοι
680 2113 821 2176 τινὲς
841 2113 1066 2184 ἐμψυχοι
1085 2113 1180 2183 τῆς
1200 2113 1475 2182 φάλαγγος
1495 2113 1851 2185 προηγοῦνται
1874 2131 1886 2178 ;

318 2203 352 2276 ἢ
386 2204 563 2274 βουνοί
583 2223 724 2269 τινες
759 2206 1024 2277 σάρκινοι,
1056 2205 1422 2258 ανυπόστατον
1446 2205 1660 2274 ἔχοντες
1687 2204 1784 2276 τὴν
1803 2209 1891 2274 ορ-

323 2313 450 2366 μην,
485 2296 593 2349 τῶν
641 2297 898 2348 ἐναντίοιν
938 2296 1026 2348 τὸν
1068 2296 1437 2364 συνασπισμὸν
1471 2296 1886 2358 διακόπτουσινς

319 2380 416 2447 Οἷς
444 2389 492 2438 εί
528 2387 600 2455 μὴ
641 2384 706 2456 ἦν
737 2386 1100 2452 ἀναλογοῦντα
1129 2385 1195 2437 τά
1221 2386 1388 2448 κάτω,
1434 2387 1568 2455 πρὸς
1610 2387 1795 2438 οὐδένα
1827 2388 1890 2438 ἂν

319 2480 513 2550 χρόνον
545 2480 604 2530 τὸ
639 2479 773 2541 ζῶον
802 2480 1074 2549 διήρκεσε.
1110 2478 1218 2532 Νῦν
1251 2480 1304 2532 δὲ
1339 2480 1437 2550 ἤδη
1462 2483 1600 2544 τινὲς
1625 2481 1892 2550 ἱστοροῦσι

320 2571 415 2624 καὶ
445 2572 729 2642 τριακόσια
768 2572 861 2641 ἐτη
898 2571 990 2623 καὶ
1025 2570 1192 2624 πλείω
1226 2572 1427 2625 τούτων
1460 2572 1604 2642 βιοῦν
1642 2574 1731 2626 τὸν
1782 2574 1893 2624 ἐλέ-

321 2680 498 2734 φαντα
522 2681 534 2693 ·
566 2664 651 2718 διὰ
678 2664 834 2717 τοῦτο
875 2665 1232 2736 συμπεπηγὸς
1264 2665 1374 2735 (60)
1405 2667 1497 2719 καὶ
1535 2665 1594 2718 οὐ
1624 2665 1891 2737 διηρθρω-

323 2758 484 2826 μένον
513 2759 580 2810 τά
609 2757 776 2810 κῶλα.
808 2758 917 2827 Τὴν
968 2759 1024 2809 δέ
1074 2758 1298 2828 τροφὴν,
1357 2758 1545 2828 ὥσπερ
1589 2758 1818 2827 ἔφαμεν,
1857 2760 1888 2827 ἡ

323 2849 629 2919 προνομαία
656 2849 890 2918 χαμόθεν
923 2850 1012 2900 ἐπὶ
1040 2849 1099 2899 τὸ
1133 2849 1262 2915 ὕψος
1298 2849 1621 2916 διακομίζει,
1659 2849 1891 2918 aeteae-.3;

323 2959 404 3004 τις
431 2937 561 2994 οὖσα
595 2943 687 2992 καὶ
731 2941 995 3010 ὑγροτέρα
1047 2941 1142 3006 τὴν
1200 2940 1377 3007 φύσιν.
1425 2939 1608 3001 Οὕτως
1639 2940 1840 3010 ἀληθὴς
1867 2941 1893 2990 ὁ

323 3032 496 3100 λόγος,
532 3031 613 3083 ὅτι
643 3029 795 3082 οὐδὲν
830 3029 1081 3100 περιττὸν
1114 3029 1230 3081 οὐδὲ
1268 3028 1508 3080 ἐλλεῖπον
1536 3031 1594 3080 ἐν
1626 3031 1737 3090 τοῖς
1779 3046 1892 3080 κτι-

325 3123 494 3176 σθεῐσι
527 3123 753 3175 δυνατὸν
786 3121 1094 3193 εὑρεθῆναι.
1133 3120 1300 3172 Τοῦτο
1344 3121 1523 3190 μέντοι
1556 3120 1805 3172 τοσοῦτον
1835 3120 1893 3173 ὃν

1991 2033 2274 2092 (letttissus,
2327 2033 2425 2085 fuit
2456 2031 2811 2087 necessarius.
2854 2029 3039 2084 Nonne
3087 2029 3234 2083 vides
3276 2029 3327 2081 in
3381 2027 3552 2092 bellis,

1992 2119 2132 2188 quod
2173 2119 2319 2173 velut
2354 2122 2603 2174 animata:
2637 2121 2882 2189 quaedam
2937 2129 3113 2172 turres
3150 2119 3320 2171 aciem
3356 2132 3557 2186 praece-

1993 2212 2116 2265 dant
2145 2211 2280 2264 ?aut
2312 2212 2455 2279 quod
2507 2211 2649 2264 velut
2685 2213 2865 2266 carnei
2903 2211 3118 2279 quidam
3148 2208 3332 2274 colles,
3365 2207 3556 2263 intole-

1993 2305 2145 2359 rabili
2168 2306 2364 2374 impetu
2399 2303 2631 2374 impulsi,
2667 2305 2886 2358 densata
2915 2305 3144 2359 hostium
3185 2304 3395 2373 agmina
3432 2317 3556 2371 per-

1995 2405 2245 2463 rumpant
2273 2397 2295 2449 ?
2327 2396 2532 2462 Quibus
2559 2396 2660 2450 nisi
2691 2405 2869 2466 partes
2893 2395 3114 2449 inferna:
3150 2395 3556 2464 responderent,

1994 2497 2233 2555 tempore
2269 2487 2375 2541 ullo
2403 2489 2690 2556 persistere
2723 2486 2919 2542 animal
2951 2485 3078 2540 illml
3105 2486 3322 2539 minime
3357 2493 3556 2553 posset.

1993 2577 2144 2630 Nunc
2201 2586 2378 2630 autem
2416 2578 2655 2631 referunt
2713 2578 2952 2632 nonnulli
3011 2578 3263 2631 trecentis
3307 2576 3461 2630 annis
3508 2584 3562 2629 et

1994 2669 2218 2738 amplius
2264 2668 2444 2722 vivere
2489 2667 2870 2735 elephantem:
2918 2678 3200 2738 propterea
3241 2668 3402 2739 pedes
3444 2666 3560 2734 ejus

1994 2761 2255 2831 compacti
2290 2768 2434 2825 sunt,
2491 2773 2589 2814 nec
2627 2758 2749 2812 ullis
2797 2761 3038 2814 articulis
3086 2762 3408 2813 dividuntur.
3446 2759 3560 2813 Ca:-

1996 2864 2188 2918 ternm,
2225 2854 2298 2906 uti
2330 2854 2582 2915 diximus,
2617 2852 2892 2921 prohoscis
2916 2866 2946 2905 e
2982 2861 3121 2905 terra
3149 2867 3358 2905 sursum
3407 2849 3560 2905 eﬂ‘ert

1995 2949 2303 2998 alnnentum
2338 2964 2349 2998 :
2384 2962 2444 2999 ea
2471 2960 2658 3012 nempe
2699 2943 2965 3012 serpentis
3003 2943 3162 2996 habet
3187 2943 3441 3012 speciem,
3474 2952 3555 2995 at-

1994 3035 2097 3104 ιιιιέ
2126 3051 2187 3088 ex
2220 3050 2314 3088 sua
2349 3046 2536 3087 natura
2575 3033 2782 3088 facilius
2829 3032 3076 3086 ﬂectitur.
3118 3034 3264 3086 Adeo
3309 3046 3430 3086 vera
3470 3032 3556 3084 illa

1997 3126 2258 3180 sententia
2289 3133 2394 3188 est,
2424 3123 2552 3176 nihil
2581 3125 2719 3190 quod
2753 3133 2841 3176 aut
2879 3123 3156 3183 redundet,
3194 3130 3284 3173 aut
3321 3119 3554 3181 deﬂciat,

321 3215 400 3285 τῷ
459 3214 701 3286 μεγέθει,
743 3214 1050 3285 ὑποχείριον
1108 3215 1241 3283 ἡμῖν
1301 3212 1633 3280 κατέστησεν
1681 3213 1707 3263 ὁ
1762 3211 1891 3275 Θεὸς

1999 3222 2048 3270 in
2103 3216 2261 3270 rebus
2301 3215 2496 3268 creatis
2528 3214 2754 3267 inveniri
2807 3228 2982 3280 posse.
3027 3213 3186 3280 Atqui
3235 3211 3362 3264 illud
3398 3221 3559 3264 tanta:

324 3307 485 3376 (ὥστε
540 3308 634 3360 καὶ
675 3307 1056 3376 διδασκόμενον
1111 3305 1368 3366 συνιέναι,
1420 3305 1512 3356 καὶ
1559 3304 1889 3374 τυπτόμενον

322 3399 753 3479 καταδέχεσθαι),
785 3398 1025 3467 ἐναργῶς
1053 3400 1198 3467 ἡμᾶς
1227 3394 1576 3461 ἐκδιδάσκων,
1605 3399 1684 3450 ὅτι
1713 3398 1888 3452 πάντα

324 3491 587 3555 ὑπέταξεν
620 3493 770 3560 ἡμῖν,
805 3491 892 3542 διὰ
919 3489 980 3541 τὸ
1009 3493 1126 3542 κατ’
1156 3491 1335 3542 εἰκόνα
1381 3492 1528 3559 ἡμᾶς
1564 3490 1888 3561 πεποιῆσθαι

325 3580 435 3651 (61)
465 3582 557 3634 τοῦ
585 3583 887 3644 κτίσαντος.
920 3581 993 3633 Οὐ
1021 3581 1178 3650 μόνον
1203 3580 1258 3632 δὲ
1292 3582 1348 3633 ἐν
1375 3585 1484 3644 τοῖς
1504 3583 1756 3650 μεγάλοις
1786 3582 1891 3633 τῶν

324 3672 478 3740 ζώων
499 3673 596 3744 τὴν
631 3673 1028 3743 ἀνεξιχνίαστον
1056 3673 1245 3740 σοφίαν
1271 3672 1444 3737 ἔξεστι
1475 3673 1729 3734 κατιδεῖν,
1760 3673 1891 3725 ἀλλὰ

324 3765 417 3818 καὶ
445 3769 501 3818 ἐν
531 3769 642 3830 τοῖς
673 3765 1017 3836 μικροτάτοις
1049 3763 1198 3817 οὐδὲν
1233 3764 1446 3815 ἔλαττον
1478 3766 1793 3832 συναγεῖραι
1834 3763 1893 3814 τὸ

324 3855 526 3927 θαῦμα.
563 3860 773 3927 Ὥσπερ
810 3857 917 3927 γὰρ
959 3859 1020 3909 οὐ
1064 3857 1260 3927 μᾶλλον
1296 3855 1558 3926 θαυμάζω
1594 3856 1691 3918 τὰς
1727 3856 1894 3924 μεγά-

323 3949 422 4012 λας
450 3951 556 4002 τῶν
578 3951 719 4019 ὀρῶν
752 3949 1014 4020 κορυφὰς,
1055 3949 1110 4001 αἳ
1141 3948 1218 4017 τῷ
1257 3949 1482 4018 πλησίον
1503 3945 1640 3999 εἶναι
1666 3950 1772 4000 τῶν
1807 3966 1884 4000 νε-

325 4043 442 4114 φῶν
471 4045 534 4112 τῇ
566 4045 776 4110 συνεχεῖ
802 4041 1090 4111 περιπνοία
1125 4040 1446 4104 διασώζουσι
1488 4041 1548 4091 τὸ
1597 4041 1890 4109 χειμέριον,

323 4135 358 4205 ἦ
383 4135 483 4204 τὴν
519 4136 574 4185 έν
608 4136 728 4196 ταῖς
766 4132 1004 4203 φάραγξι
1042 4131 1345 4199 κοιλότητα,
1371 4133 1428 4182 οὐ
1455 4131 1611 4199 μόνον
1639 4129 1696 4181 τὸ
1729 4129 1892 4200 δυσή-

325 4242 487 4294 νεμον
521 4223 627 4275 τῶν
658 4223 876 4294 ὑψηλῶν
906 4223 1315 4290 διαφεύγουσαν,
1350 4221 1484 4273 ἀλλὰ
1534 4222 1625 4273 καὶ
1659 4220 1895 4272 ἀλεεινὸν

326 4314 411 4365 ἀεὶ
469 4313 557 4365 τὸν
601 4313 736 4383 ἀέρα
774 4313 1128 4382 συνέχουσαν·
1182 4312 1352 4376 οὕτως
1395 4313 1487 4364 καὶ
1533 4313 1588 4363 ἐν
1636 4314 1750 4373 ταῖς
1791 4311 1896 4363 τῶν

327 4404 479 4470 ζώων
524 4408 887 4468 κατασκευαῖς
918 4407 976 4458 οὔ
1017 4405 1214 4474 μᾶλλον
1260 4403 1468 4471 ἄγαμαι
1508 4405 1598 4455 τὸν
1635 4403 1896 4468 ἐλέφαντα

323 4498 417 4550 τοῦ
454 4497 711 4567 μεγέθους
736 4497 766 4566 ἢ
790 4497 880 4550 τὸν
916 4497 1038 4566 μῦν,
1071 4498 1148 4549 ὅτι
1185 4495 1410 4565 φοϐερός
1435 4493 1646 4562 ἐστιτῷ
1677 4493 1897 4559 ἐλέφαν-

1998 3307 2376 3378 magnitudinis
2409 3306 2609 3360 animal
2650 3305 2802 3358 nobis
2855 3305 2992 3357 Deus
3039 3303 3310 3356 subdidit:
3343 3302 3475 3355 adeo
3502 3311 3562 3356 ut

1992 3405 2035 3454 si
2065 3403 2341 3461 doceatur,
2374 3396 2671 3465 intelligat;
2700 3397 2741 3446 si
2786 3394 3114 3462 percutiatur
3135 3433 3148 3455 ,
3176 3392 3430 3460 perferat.
3469 3392 3560 3445 Ni-

1994 3495 2188 3547 mirum
2217 3491 2360 3544 clare
2397 3505 2494 3543 nos
2547 3490 2735 3542 edocet
2764 3487 2904 3555 quod
2946 3486 3010 3537 ad
3044 3483 3316 3539 Creatoris
3364 3485 3555 3553 imagi-

1994 3599 2112 3635 nem
2170 3581 2367 3635 conditi
2424 3593 2648 3639 sumus,
2685 3578 2751 3629 oh
2813 3575 2863 3627 id
2905 3573 3058 3627 nobis
3111 3571 3276 3625 fuisse
3321 3571 3556 3636 subjecta

1993 3675 2188 3726 Omnia.
2225 3671 2337 3724 Non
2362 3671 2532 3724 solum
2574 3678 2749 3720 autem
2777 3673 2829 3720 in
2865 3666 3071 3734 magnis
3099 3665 3421 3716 animalibus
3463 3664 3562 3715 im-

1995 3760 2457 3832 pervestigabilem
2488 3760 2804 3826 sapientiam
2839 3757 3023 3808 videre
3057 3763 3139 3808 est
3159 3794 3172 3817 ,
3201 3754 3292 3806 sed
3316 3755 3478 3807 etiam
3508 3753 3559 3806 in

1997 3854 2230 3908 minimis
2296 3852 2464 3904 nihilo
2518 3851 2720 3902 minora
2778 3847 3035 3900 miracula
3106 3845 3358 3914 colligere
3413 3845 3557 3897 licet.

1996 3944 2445 4013 Quemadmodum
2502 3943 2641 3995 enim
2697 3955 2887 4007 magna
2941 3939 3196 3991 montium
3251 3936 3557 3999 cacumina,

1995 4055 2110 4105 qmc
2144 4038 2211 4091 ob
2245 4035 2463 4089 nubium
2497 4034 2825 4086 vicinitatem
2859 4048 2952 4098 per
2976 4032 3259 4082 continuos
3296 4026 3453 4079 ﬂatus
3477 4026 3558 4079 hi-

1995 4133 2215 4181 hernnm
2248 4127 2415 4196 frigus
2448 4132 2786 4184 conservant,
2824 4137 2924 4173 non
2971 4121 3136 4173 miror
3165 4119 3370 4188 magis,
3399 4132 3560 4186 quam

1997 4223 2210 4274 vallium
2257 4233 2516 4279 concava,
2554 4230 2669 4282 quae
2700 4230 2802 4266 non
2852 4213 3022 4265 solum
3065 4202 3346 4264 ventorum
3397 4208 3562 4262 subli-

1999 4314 2159 4364 mium
2181 4308 2438 4363 scevitiem
2475 4305 2760 4366 declinant,
2796 4303 2886 4354 sed
2926 4301 3086 4354 etiam
3120 4301 3351 4368 tepidum
3381 4312 3562 4352 aerem

1997 4414 2204 4466 semper
2236 4398 2471 4451 retinent
2508 4411 2525 4448 :
2563 4394 2640 4447 sic
2667 4393 2828 4445 etiam
2866 4390 2915 4442 in
2961 4389 3269 4442 animalium
3299 4389 3562 4443 constitu-

2001 4494 2166 4552 titme,
2206 4505 2308 4542 non
2350 4488 2520 4556 magis
2574 4484 2811 4538 admiror
2862 4483 3198 4550 elephantem
3239 4479 3306 4532 ob
3356 4477 3565 4546 magni-

324 4604 378 4640 τι
399 4606 411 4617 ·
442 4588 556 4657 ἢτδ
581 4588 903 4640 λεπτότατον
933 4588 1023 4640 τοῦ
1055 4587 1313 4658 σκορπίου
1343 4587 1585 4655 κέντρον,
1612 4584 1727 4647 πῶς
1757 4585 1891 4636 ἐκοί-

2004 4584 2256 4646 mdinem,
2290 4597 2448 4649 quam
2481 4595 2705 4640 murem,
2739 4578 2827 4645 qui
2859 4574 3180 4628 metuendus
3211 4581 3292 4624 est
3320 4569 3567 4639 elephan-

323 4677 483 4732 λανεν
516 4678 701 4748 ὥσπερ
735 4678 892 4730 αὐλὸν
942 4680 968 4729 ὁ
1027 4678 1295 4747 τεχνίτης,
1345 4675 1483 4727 ὥστε
1511 4675 1575 4727 δι’
1611 4674 1772 4726 αὑτοῦ
1805 4674 1892 4725 τὸν

327 4770 406 4825 ἱὸν
450 4773 562 4832 τοῖς
586 4768 872 4841 τρωθείσιν
918 4770 1171 4822 ἐνίεσθαι.
1228 4769 1337 4822 Καὶ
1370 4769 1553 4837 μηδεὶς
1596 4766 1893 4833 ἐγκαλείτω

324 4861 516 4915 τούτου
544 4862 724 4914 ἕνεκεν
752 4861 828 4930 τῷ
865 4863 1080 4929 ποιητῇ,
1116 4862 1196 4912 ὅτι
1235 4860 1412 4913 ἰοϐόλα
1440 4859 1553 4922 ζῶα
1594 4860 1684 4910 καὶ
1723 4858 1893 4928 φθαρ-

322 4955 453 5008 τικά
478 4955 568 5006 καὶ
597 4954 828 5023 πολέμια
854 4955 920 5022 τῇ
951 4952 1061 5022 ζωῇ
1091 4952 1245 5022 ἡμῶν
1277 4953 1636 5020 ἐπεισήγαγεν
1659 4967 1670 4979 ·
1697 4951 1727 5019 ἣ
1751 4949 1892 5001 οὕτω

399 5201 676 5272 {58)Reg.
740 5201 946 5270 primus
989 5198 1240 5268 ἐπετέθη.
1299 5198 1428 5264 Reg.
1487 5207 1671 5249 sextus
1727 5210 1896 5264 προσ-

326 5273 506 5326 ἐτέθη.

401 5290 446 5325 ευ
495 5315 506 5326 .

401 5290 514 5409 (53)
542 5342 693 5408 Regii
728 5341 952 5408 primus,
983 5340 1204 5406 quintus
1252 5347 1306 5391 et
1345 5345 1570 5409 octavus
1609 5335 1906 5409 ἐξαρκοῦν-

325 5407 420 5466 ταζ
449 5413 591 5465 Editi
624 5407 743 5465 cum
785 5409 903 5478 aliis
927 5425 1056 5462 mss.
1088 5425 1190 5462 non
1221 5408 1410 5476 paucis
1443 5407 1842 5478 ἐξαρκούντων.

400 5481 509 5552 (60)
537 5482 648 5545 Illa,
685 5481 772 5534 διὰ
803 5477 963 5531 τοῦτο
985 5478 1379 5552 συμπεπηγός,
1418 5477 1555 5552 etc.,
1587 5480 1658 5530 ita
1695 5479 1906 5552 reddita

328 5547 454 5606 sunt
486 5547 514 5605 ἐι
539 5553 705 5604 veteri
741 5547 1133 5615 interprete,’ut
1156 5547 1306 5601 dicas
1335 5549 1673 5612 elephantem
1702 5547 1909 5600 idcirco

330 5633 412 5676 tot
434 5639 696 5675 annorum
738 5620 914 5688 spatio
941 5620 1143 5682 vivere,
1172 5620 1313 5687 quod
1338 5619 1500 5688 pedes
1529 5618 1720 5671 habeat
1760 5631 1909 5669 com-

328 5702 538 5762 pactos,
574 5708 674 5762 nec:
699 5687 943 5762 articulis
978 5688 1428 5762 ullisdistinctos.
1452 5687 1558 5741 Sed
1599 5701 1793 5762 _e_a_non_
1825 5693 1909 5762 est

329 5755 620 5815 verborum
650 5761 833 5814 Basilii
878 5760 1167 5812 sententia.
1209 5757 1321 5811 Hoc
1359 5769 1536 5810 autem
1580 5758 1733 5820 dicit,
1783 5755 1907 5807 inde

333 5841 589 5886 constare
639 5833 802 5898 pedes
859 5829 1164 5896 elephantis
1217 5829 1510 5896 co:::piugi,
1547 5839 1601 5880 et
1655 5826 1906 5898 articulis

336 5901 573 5969 destitui,
601 5897 742 5958 quod
787 5900 1007 5970 elephas
1048 5909 1194 5953 tanto
1229 5900 1491 5968 temporis
1528 5897 1702 5968 spatio
1729 5897 1894 5950 vivat.

2004 4689 2055 4730 tn
2083 4696 2094 4728 :
2124 4677 2225 4737 vel,
2263 4690 2425 4743 quam
2476 4671 2844 4725 tenuissimum
2896 4665 3091 4732 scorpii
3127 4663 3390 4728 aculeum,
3433 4676 3568 4730 quo-

2002 4771 2297 4820 mmlocum
2327 4764 2519 4818 artifex
2562 4765 2676 4830 ipse
2722 4771 2973 4825 tanquam
3018 4755 3202 4809 tibiam
3251 4754 3483 4818 cavavit,
3512 4763 3568 4807 ut

2001 4875 2095 4930 per
2119 4859 2261 4910 illum
2309 4858 2455 4907 virus
2485 4853 2742 4904 sanciatis
2775 4849 3112 4903 immittatur.
3145 4846 3251 4900 Nec
3285 4846 3566 4915 quisquam

2003 4950 2207 5002 im-uset
2236 4945 2600 5005 Conditorem,
2629 4942 2768 5009 quod
2805 4940 3053 4991 animalia
3092 4947 3348 4991 venenata
3379 4937 3567 4990 exitio-

2021 5191 2249 5244 Putahat
2279 5189 2420 5240 enim
2467 5188 2702 5240 futurum
2741 5184 2922 5249 fuisse,
2962 5195 3013 5235 ut
3047 5195 3212 5238 tanta:
3254 5184 3408 5237 molis
3452 5183 3568 5235 ani-

2021 5263 2126 5313 mal
2168 5276 2271 5312 non
2313 5258 2575 5325 potuisset
2614 5269 2757 5309 stare
2795 5266 2848 5308 et
2886 5256 3201 5319 consistere,
3256 5255 3356 5306 nisi
3409 5255 3570 5319 pedes

2019 5333 2133 5396 ejus
2164 5329 2408 5382 articulis
2432 5331 2727 5381 caruissent
2767 5341 2780 5377 :
2810 5325 2899 5378 sed
2933 5325 3111 5378 Statim
3130 5339 3227 5396 suo
3245 5325 3421 5396 ipsius
3441 5339 3570 5396 pon-

2015 5393 2143 5453 dere
2182 5401 2469 5452 ruiturum.
2514 5398 2585 5449 Ita
2617 5399 2830 5465 quidem
2865 5396 3100 5448 sensisSe
3135 5393 3567 5465 Basiliumarbi-

2010 5479 2124 5524 tror
2153 5487 2165 5521 :
2199 5485 2370 5538 neque
2397 5481 2570 5538 tamen
2608 5463 2863 5538 continuo
2895 5465 3050 5538 velim
3097 5467 3232 5538 hanc
3260 5463 3565 5538 opinionem

2009 5557 2108 5608 pru
2133 5555 2256 5593 vera
2285 5533 2506 5608 ’haberi.
2531 5537 2705 5590 Probe
2735 5537 2877 5608 enim
2912 5536 3025 5587 scio
3057 5534 3432 5608 gravissimum
3467 5533 3565 5585 Pa-

2011 5605 2169 5674 trem,
2207 5610 2293 5663 cui
2349 5624 2434 5661 res
2464 5607 2726 5673 ejusmodi
2774 5605 3059 5674 diligenter
3110 5605 3416 5669 expendere
3458 5617 3564 5656 non

2007 5683 2256 5741 vacabat,
2283 5695 2376 5731 eas
2401 5694 2520 5743 qtae
2549 5692 2644 5729 sua
2671 5685 2830 5729 aetate
2867 5674 3112 5741 vigebant
3137 5674 3418 5740 opiniones
3458 5687 3564 5726 non

2007 5767 2129 5802 raro
2165 5751 2214 5802 in
2251 5749 2334 5801 his
2368 5748 2519 5801 libris
2557 5747 2824 5798 incauti-ts
2853 5753 3095 5795 secutum
3127 5759 3264 5795 esse.

2078 5820 2187 5884 (tit)
2227 5818 2355 5883 Reg.
2390 5817 2595 5882 primus
2632 5818 2772 5884 ἡμᾶς
2802 5813 3090 5884 ποιεῖσθαι.
3116 5813 3264 5866 Coll).
3301 5813 3569 5869 secundus

2005 5889 2092 5942 διὰ
2118 5890 2176 5942 τὸ
2211 5889 2330 5941 κατ’
2359 5887 2540 5941 εἰκόνα
2578 5883 2830 5955 γενέσθαι
2861 5883 2952 5938 τοῦ
2986 5885 3285 5946 κτίσαντος.
