4062 6438
568 356 671 409 205

1857 370 1914 422 S.
1963 371 2200 431 BASILII
2239 376 2453 430 MAGNI

3685 391 3794 444 204

565 481 731 539 saque
763 483 823 524 ac
847 472 966 526 vitae
989 483 1182 538 nostrae
1209 477 1548 534 adversantia
1575 481 1824 551 produxit
1849 503 1862 539 :
1886 500 1976 542 aut
2005 495 2119 561 pari

2235 493 2268 545 5‘
2325 494 2390 547 ἄν
2437 495 2549 565 (62)
2589 513 2670 559 τις
2718 497 2810 549 καὶ
2869 500 3196 571 παιδαγωγῷ
3246 502 3498 575 ἐγκαλοίη
3529 504 3610 565 είς
3640 506 3798 572 τάξιν

566 560 776 614 ratione
794 563 964 629 possit
992 567 1112 635 quis
1140 569 1443 638 vituperare
1469 575 1835 646 paedagogum,
1865 581 1953 647 qui
1992 560 2120 650 puc—

567 666 745 704 rorum
787 652 1054 710 levitatem
1084 659 1605 734 inconstantiamque
1628 666 1679 720 in
1709 671 1948 723 ordinem
1985 676 2122 729 redi-

566 754 733 811 geret,
760 746 954 815 quique
980 749 1150 820 plagis
1187 767 1248 805 ac
1277 752 1499 824 ﬂagellis
1526 773 1708 813 eorum
1753 762 2025 818 lasciviam
2061 782 2123 821 ac

561 837 969 901 protervitatem
999 842 1310 910 castigaret.

638 924 690 978 6.
729 926 872 982 Fidei
904 944 1272 1002 argumentum
1302 947 1427 990 sunt
1463 940 1666 1002 bestiae.
1697 942 1922 997 Domino
1961 950 2126 1002 conti-

569 1015 650 1068 dis
681 1017 703 1068 ?
729 1015 899 1086 Super
922 1024 1148 1090 aspidem
1177 1033 1226 1080 et
1253 1026 1551 1082 basilisrum
1577 1033 1887 1100 ambulabis,
1917 1045 1964 1088 et
1999 1054 2124 1094 con-

571 1109 797 1166 culcabis
852 1114 1046 1171 leonem
1097 1127 1144 1169 et
1196 1120 1471 1172 draconem
1505 1122 1565 1175 ¹⁸.
1615 1127 1785 1194 Atque
1844 1142 1938 1194 per
1967 1128 2124 1184 (idem

571 1211 884 1267 potestatem
949 1203 1113 1266 habes
1169 1210 1470 1265 ambulandi
1530 1227 1692 1282 super
1741 1227 2019 1284 serpentes
2064 1237 2127 1275 ac

572 1297 826 1362 scorpios.
874 1298 954 1348 An
1011 1312 1112 1351 non
1172 1301 1338 1360 vides,
1371 1301 1607 1370 viperam
1653 1304 1813 1358 Paulo
1856 1319 2126 1364 sarmenta

573 1384 842 1452 colligenti
891 1389 1270 1455 adhaerentem,
1322 1393 1630 1466 nullumque
1660 1397 1708 1449 ei
1747 1399 2126 1454 detrimentum

572 1474 884 1530 inferentem
935 1480 996 1544 ",
1022 1484 1162 1549 quod
1212 1484 1298 1537 ille
1341 1498 1556 1542 sanctus
1596 1492 1840 1544 inventus
1895 1501 1976 1544 est
2029 1493 2130 1547 title

571 1565 973 1636 plenus?Quod
1012 1576 1054 1626 si
1089 1577 1188 1630 title
1238 1593 1412 1642 cares,
1457 1595 1560 1631 non
1615 1584 1782 1652 magis
1823 1585 2007 1638 timeas
2037 1586 2128 1636 lie-

571 1658 750 1722 stiam,
799 1676 956 1730 quam
1012 1675 1152 1717 tuam
1202 1668 1366 1738 ipsius
1423 1672 1882 1736 incredulitatem,
1919 1691 2023 1746 qua
2083 1689 2131 1734 te

571 1747 741 1814 ipsum
793 1751 938 1804 omni
994 1757 1321 1825 corruptioni
1373 1760 1663 1816 obnoxium
1686 1763 1931 1817 ell'ecisti.
1968 1766 2127 1834 Atqui

2227 583 2410 650 ἄγοντι
2452 586 2549 654 τὴν
2578 587 2826 640 εὐκολίαν
2871 590 2970 659 τῆς
3017 592 3285 661 νεότητος,
3319 597 3413 648 καὶ
3440 595 3676 666 πληγαῖς
3702 598 3798 650 καὶ

2229 675 2445 742 μάστιξι
2480 676 2538 728 τὸ
2561 679 2854 731 ἀκόλαστον
2885 683 3284 752 σωφρονίζοντι.

2296 946 2344 997 6.
2389 947 2626 1010 Πίστεως
2666 952 2812 1004 ἐστιν
2851 951 3119 1016 ἀπόδειξις
3163 954 3230 1006 τὰ
3287 955 3467 1026 Θηρία.
3517 955 3795 1022 Πέποιθας

2227 1039 2319 1090 ἐπὶ
2348 1040 2587 1112 Κύριον;
2631 1042 2754 1093 Ἐπὶ
2795 1041 3021 1096 ἀσπίδα
3048 1044 3143 1094 καὶ
3174 1046 3549 1106 βασιλίσκων
3579 1047 3792 1115 ἐπιϐή-

2227 1147 2329 1196 om.
2366 1135 2460 1184 καὶ
2488 1134 2923 1201 καταπατήσεις
2956 1135 3170 1190 λέοντα
3212 1140 3306 1189 καὶ
3339 1139 3648 1207 δράκοντα.
3683 1143 3797 1194 Καὶ

2229 1220 2367 1290 ἐχεις
2398 1222 2495 1293 τὴν
2534 1223 2619 1276 διὰ
2671 1224 2906 1289 πίστεως
2936 1226 3179 1293 ἐξουσίαν
3229 1231 3418 1281 πατεῖν
3464 1230 3574 1301 (65)
3608 1229 3797 1282 ἐπάνω

2228 1314 2401 1381 ὄφεων
2441 1317 2536 1368 καὶ
2582 1315 2870 1385 σκορπίων.
2907 1320 2973 1370 Ἢ
3019 1320 3114 1388 οὺχ
3155 1320 3304 1388 ὁρᾷς.
3343 1321 3424 1374 ὅτι
3469 1323 3794 1394 φρυγανιζο-

2235 1408 2376 1476 μένῳ
2411 1407 2486 1476 τῷ
2523 1410 2717 1479 Παύλῳ
2753 1409 2954 1477 ἐνάψας
2995 1413 3022 1463 ὁ
3067 1412 3178 1481 ἕχις
3216 1412 3470 1482 οὐδεμίαν
3508 1415 3798 1486 προσετρίφ

2229 1500 2364 1567 eam
2411 1500 2632 1573 βλάϐην,
2669 1503 2753 1555 διὰ
2802 1502 2862 1554 τὸ
2887 1503 3064 1576 πλήρη
3097 1505 3330 1567 πίστεως
3357 1506 3642 1578 εὑρεθῆναι
3679 1509 3793 1579 (δι)

2231 1591 2318 1641 τὸν
2348 1589 2534 1656 ἆγιον;
2573 1595 2635 1646 ΕΞ
2660 1595 2716 1645 δὲ
2745 1593 2968 1658 ἄπιστος
2997 1592 3064 1660 εἶ,
3096 1596 3256 1666 φοϐοῦ
3288 1597 3361 1667 μὴ
3395 1598 3589 1668 μᾶλλον
3614 1601 3673 1652 τὸ
3700 1601 3798 1672 θη-

2235 1681 2344 1750 ρίον
2392 1679 2423 1749 ἢ
2478 1683 2573 1750 τὴν
2628 1681 2851 1737 σεαυτοῦ
2900 1684 3174 1750 ἀπιστίαν,
3221 1686 3286 1738 δι’
3320 1682 3386 1756 ἧς
3432 1687 3579 1757 πάσῃ
3618 1689 3800 1758 φθορᾷ

2235 1773 2454 1827 σεαυτὸν
2501 1776 2765 1829 εὐάλωτον
2805 1779 3228 1843 κατεσκεύασας.
3277 1778 3434 1832 Ἀλλὰ
3466 1780 3572 1850 γὰρ
3603 1781 3799 1834 αἰσθά-

565 1837 878 1906 jamdudum
917 1845 1140 1899 adverto
1179 1866 1204 1899 a
1242 1863 1328 1902 me
1381 1855 1703 1921 expostulari
1766 1861 2128 1924 generationis

2235 1881 2387 1932 νομαι
2416 1864 2581 1918 πάλαι
2620 1868 2686 1920 τὰ
2727 1866 2836 1935 (65)
2878 1869 3004 1937 περὶ
3036 1871 3132 1938 τῆς
3165 1837 3258 1923 ⁴τοῦ
3304 1837 3589 1942 ἀνθριίίπου
3640 1871 3798 1940 γενέ-

572 1929 803 1988 hominis
845 1938 1296 2006 explanationem,
1325 1953 1379 1997 et
1409 1945 1536 1999 mihi
1570 1946 1753 2002 videor
1784 1959 1986 2003 tantum
2024 1968 2125 2004 non

568 2020 755 2075 audire
809 2027 1082 2082 auditores
1129 2031 1180 2082 in
1236 2031 1483 2086 cordibus
1534 2036 1827 2094 clamantes
1875 2059 1887 2093 :
1935 2041 2125 2097 Nostra

569 2110 782 2178 quidem
822 2116 996 2184 qualia
1041 2134 1105 2172 ex
1140 2135 1232 2173 sua
1285 2129 1472 2177 natura
1522 2126 1630 2180 sint
1682 2129 1993 2197 edocemur,
2029 2150 2123 2189 nos

567 2214 698 2259 vero
737 2207 880 2278 ipsos
908 2213 1236 2279 ignoramus.
1266 2216 1495 2276 Necesse
1531 2223 1640 2292 87
1673 2237 1755 2279 est
1785 2227 1967 2297 igitur,
1999 2247 2130 2288 cun-

568 2295 798 2352 elatione
815 2302 958 2353 omni
985 2317 1085 2370 qua
1105 2305 1492 2375 detinebantur,
1522 2314 1754 2380 repulsa,
1773 2295 1937 2373 deliis
1961 2321 2128 2372 disse-

570 2400 708 2440 rere.
741 2389 805 2443 Et
830 2407 957 2447 vero
981 2409 1038 2448 se
1069 2397 1238 2465 ipsum
1266 2415 1616 2471 cognoscere,
1647 2407 1860 2466 videtur
1887 2425 2007 2463 esse
2042 2426 2128 2464 res

569 2480 809 2535 omnium
834 2483 1168 2544 dilﬁeillima.
1195 2491 1306 2545 Non
1338 2495 1478 2549 enim
1505 2499 1676 2554 solum
1714 2500 1896 2554 ocuius
1931 2503 2129 2557 extrin-

566 2585 691 2636 seca
722 2579 1077 2646 prospiciens,
1109 2586 1173 2636 ad
1202 2598 1370 2640 semet
1407 2592 1842 2658 conspiciendum
1884 2594 1998 2646 visu
2024 2609 2126 2648 non

573 2663 786 2718 utitur:
833 2671 924 2722 sed
957 2681 1010 2725 et
1059 2673 1168 2741 ipsa
1221 2690 1370 2729 mens
1407 2690 1612 2745 nostra,
1657 2691 1811 2736 acute
1849 2693 2126 2750 peccatum

571 2753 805 2813 alienum
835 2760 1069 2838 intuens,
1099 2767 1162 2821 ad
1191 2769 1404 2844 prepria
1439 2774 1770 2839 agnoscenda
1801 2775 1992 2828 delicta
2021 2785 2132 2829 tar-

571 2842 634 2894 da
662 2856 759 2902 est.
801 2850 1003 2907 Idcirco
1050 2867 1102 2908 et
1149 2842 1298 2912 nunc
1336 2860 1513 2914 oratio
1561 2871 1764 2927 nostra,
1801 2863 1921 2918 licet
1954 2864 2129 2919 aliena

570 2933 852 3004 diligenter
889 2950 1232 3015 transegerit,
1257 2951 1321 3002 ad
1355 2966 1414 3002 ea
1458 2967 1575 3018 qua:
1610 2955 1673 3008 ad
1710 2971 1805 3012 nos
1839 2958 2130 3024 pertinent,

573 3025 964 3098 investiganda,
999 3037 1175 3104 segnis
1203 3049 1305 3100 est,
1351 3050 1404 3092 et
1447 3044 1698 3097 tarditate
1739 3051 1888 3111 plena
1921 3063 2125 3114 :qttan-

571 3139 731 3193 quam
792 3143 897 3186 non
958 3129 1083 3186 licet
1144 3138 1311 3204 magis
1369 3153 1428 3190 ex
1480 3138 1616 3193 caelo
1657 3152 1706 3192 et
1755 3151 1915 3201 terra,
1972 3160 2130 3209 quam

574 3233 638 3272 ex
666 3228 846 3274 nostra
889 3225 1101 3293 propria
1131 3229 1508 3283 constitutione
1562 3229 1726 3283 Deum
1769 3246 2090 3298 cognoscere
2116 3274 2130 3298 ,

575 3309 624 3367 ei
675 3322 851 3377 certe,
891 3317 980 3386 qui
1032 3321 1205 3388 seipse
1252 3322 1541 3388 prudenter
1603 3333 1871 3378 scrutatus
1936 3324 2133 3391 fuerit,

575 3402 652 3456 uti
707 3407 782 3459 ait
819 3405 1077 3479 Propheta
1122 3431 1134 3464 :
1173 3412 1431 3468 Mirabilis
1473 3415 1614 3481 facta
1659 3426 1732 3469 est
1782 3418 1999 3472 scientia
2047 3427 2136 3471 tua

573 3507 638 3545 ex
691 3511 767 3546 me
815 3497 858 3526 ²⁰
892 3515 907 3548 :
946 3499 1044 3551 hoc
1086 3509 1195 3565 est,
1231 3501 1316 3554 ubi
1368 3518 1452 3558 me
1509 3504 1619 3571 ipse
1673 3507 1838 3570 novi,
1883 3517 2137 3573 prazstan-

575 3586 838 3642 tissimam
903 3599 1044 3643 tuam
1105 3592 1422 3661 sapientiam
1477 3596 1589 3662 ipse
1648 3596 1831 3649 didici.
1884 3598 1950 3650 Et
2005 3599 2135 3651 dia-i1

579 3676 712 3731 Deus
761 3694 780 3730 :
822 3678 1100 3735 Faciamus
1144 3685 1485 3740 hominem".
1517 3684 1649 3753 Ubi,
1695 3701 1895 3755 quaeso,
1925 3687 2137 3741 Judazus

577 3775 695 3827 est,
734 3771 823 3837 qui
881 3775 930 3824 in
992 3775 1390 3841 superioribus,
1436 3778 1558 3830 dum
1623 3777 1900 3848 theologia:
1957 3779 2133 3833 lumen

575 3860 720 3913 velut
773 3877 867 3930 per
914 3862 1172 3919 fenestras
1225 3869 1481 3936 quasdam
1544 3869 1896 3931 illucesceret,
1942 3886 2003 3923 ac
2048 3887 2132 3924 se-

578 3951 751 4006 cunda
805 3953 1017 4024 quidem
1081 3969 1307 4025 persona
1365 3959 1586 4028 mystice
1637 3961 2133 4026 demonstraretur,

585 4044 807 4098 necdum
865 4057 1039 4100 tamen
1081 4047 1223 4103 clare
1279 4047 1584 4119 elTulgcret,
1634 4053 1898 4121 pugnabat
1947 4054 2134 4111 adver-

582 4151 672 4191 SUS
719 4139 1027 4200 veritatem.
1057 4149 1217 4215 atque
1260 4142 1430 4211 ipsum
1468 4144 1630 4197 Deum
1675 4150 1739 4198 ad
1783 4147 2014 4216 seipsnm
2073 4148 2140 4197 lu-

580 4231 668 4298 qui
713 4231 1014 4285 aﬂirmabat
1048 4235 1067 4286 ’ί
1102 4235 1216 4302 Ipse
1261 4236 1400 4288 enim
1428 4278 1440 4298 ,
1475 4239 1680 4304 inquit,
1717 4238 1891 4303 dixit,
1927 4250 1979 4289 et
2030 4240 2140 4306 ipse

581 4321 727 4378 fecit.
754 4321 876 4376 Fiat
916 4324 1010 4380 lux
1033 4365 1049 4391 ,
1082 4337 1128 4380 et
1163 4328 1305 4394 facta
1357 4338 1434 4382 est
1469 4328 1560 4381 lux
1593 4329 1658 4379 ”.
1723 4327 1852 4381 Erat
1896 4328 2056 4397 igitur
2088 4339 2140 4381 ct

585 4421 711 4466 tunc
751 4414 803 4467 in
835 4415 1070 4482 ipsorum
1097 4415 1277 4471 verbis
1317 4417 1472 4470 obvia
1497 4417 1888 4484 manifestaque
1919 4419 2135 4484 ineptia.

584 4502 714 4574 Quis
745 4505 888 4558 enim
924 4504 1074 4560 faber
1114 4505 1407 4572 ferrarius,
1443 4517 1534 4562 aut
1567 4507 1859 4575 lignarius,
1895 4517 1986 4560 aut
2021 4509 2131 4575 quis

2243 4518 2383 4553 κτων
2409 4541 2421 4562 ,
2450 4500 2481 4568 ἢ
2507 4500 2828 4568 σκυτοτόμος
2855 4538 2868 4559 ,

583 4602 751 4660 sutor,
794 4596 940 4652 solus
986 4598 1123 4652 inter
1155 4600 1287 4662 artis
1323 4600 1676 4658 instrumenta
1727 4601 1951 4662 sedens,
1985 4599 2138 4667 adju-

584 4695 744 4745 vante
793 4688 966 4756 ipsum
1027 4693 1272 4752 nemine,
1313 4691 1454 4745 dicat
1491 4691 1605 4760 ipse
1657 4691 1806 4745 sibi:
1857 4689 2139 4752 Faciamus

585 4777 838 4848 gladium,
877 4789 970 4833 aut
1004 4790 1241 4836 aratrum
1283 4782 1726 4853 compingamus,
1766 4791 1859 4834 aut
1885 4782 2141 4835 coniicia-

584 4884 704 4924 mus
737 4871 1203 4928 calceamentum?
1235 4878 1316 4926 An
1346 4890 1449 4930 non
1490 4875 1667 4945 potius
1689 4874 1832 4943 quod
1879 4874 1977 4928 sibi
2015 4888 2141 4926 con-

584 4960 729 5013 venit
755 4976 889 5030 cpus
909 4979 1028 5017 cum
1052 4966 1266 5019 silentio
1289 4965 1550 5020 absolvit?
1575 4964 1711 5019 Sunt
1737 4966 1876 5018 enim
1901 4963 2142 5035 profeCto

585 5064 738 5121 nugae
759 5054 1017 5123 insignes,
1048 5056 1092 5108 si
1123 5054 1242 5123 quis
1276 5055 1493 5116 sedeat,
1525 5056 1888 5122 imperetque,
1921 5063 1973 5105 et
2005 5067 2140 5120 prae-

658 5213 700 5246 ¹⁸
721 5212 863 5269 Psal.
888 5228 974 5279 xc,
1015 5214 1095 5267 l3.
1185 5211 1227 5242 "
1250 5212 1367 5266 Aet.
1388 5225 1580 5275 xxvm,
1620 5209 1739 5262 5-6.

684 5359 769 5429 62)
791 5357 867 5429 l_ta
895 5357 1132 5423 quinque
1156 5367 1281 5429 mss.
1315 5350 1455 5429 Editi
1485 5363 1609 5400 vero
1633 5348 1772 5429 οὕτω
1876 5347 1960 5399 ἄν.
2010 5419 2038 5429 μ
2071 5418 2080 5427 ἱ

684 5361 769 5429 62)
792 5361 867 5408 ita
895 5361 1132 5423 quinque
1156 5367 1281 5406 mss.
1318 5361 1455 5403 bdtlt
1485 5363 1609 5400 vero
1633 5361 1772 5398 ουτω
1798 5361 1846 5414 γ
1876 5361 1960 5399 αν.
2029 5419 2038 5427 .
2071 5418 2080 5427 '

659 5361 770 5500 (65)
793 5426 922 5500 Reg.
955 5437 1137 5500 sextius
1161 5422 1406 5500 ἐξουσίαν
1443 5420 1777 5489 περιπατεῖν.
1810 5415 1926 5469 Mox
1957 5419 2081 5470 editi
2107 5416 2139 5486 ἢ

587 5494 686 5572 οὐχ
708 5501 859 5569 ὁρᾷς.
883 5494 1041 5572 Deest
1067 5494 1100 5562 ἡ
1127 5494 1414 5572 indutibus
1443 5506 1570 5541 mss.
1680 5560 1690 5572 '
1772 5557 1829 5572 Μ
2003 5557 2042 5572 r

661 5551 1027 5639 ftiift'jqdices
1063 5551 1296 5631 q'uinque
1351 5561 1590 5620 πίστεως
1641 5557 1945 5627 εύρεΟῆναι.
2003 5556 2144 5610 Edili

591 5634 820 5699 πίστεως
843 5634 1002 5690 εἶναι.
1175 5704 1184 5710 _
1323 5705 1334 5710 _
1380 5702 1399 5710 Δ
1427 5700 1436 5710 ¹
1700 5698 1734 5710 η
1879 5696 1888 5708 ,

660 5712 770 5776 (iiii)
805 5698 961 5760 Culb.
990 5704 1252 5776 secundus
1282 5700 1610 5776 αἰσθάνομαι
1643 5698 1800 5776 παλιν
1833 5698 1917 5776 τά.

664 5762 774 5846 (66)
809 5779 939 5832 'l‘rcs
974 5791 1099 5830 mss.
1130 5775 1337 5838 optima:
1382 5762 1525 5825 notae
1549 5769 1608 5820 ού
1650 5769 1755 5839 γὰρ
1797 5766 1975 5841 μόνος.
2007 5762 2148 5818 Editi

1816 5210 1860 5240 ὀ
1887 5209 2025 5263 Psal.
2061 5205 2380 5275 cxxxvmﬁ.

2232 1969 2364 2014 σεως
2391 1953 2806 2025 ἀπαιτούμενος,
2852 1956 2944 2008 καὶ
2981 1962 3259 2029 μονονουχὶ
3294 1961 3507 2015 ἀκούειν
3538 1962 3680 2014 δοκῶ
3705 1979 3799 2033 μοι

2226 2044 2332 2096 τῶν
2363 2045 2649 2116 ἀκροατῶν
2674 2050 2729 2101 ἐν
2754 2049 2873 2110 ταῖς
2901 2049 3148 2117 καρδίαις
3171 2053 3576 2118 καταϐοώντων,
3603 2057 3684 2108 ὅτι
3717 2057 3800 2107 τὰ

2231 2137 2326 2205 μὲν
2359 2137 2606 2209 ἡμέτερα
2635 2140 2792 2193 ὁποῖά
2817 2143 2938 2193 τινά
2960 2144 3073 2194 ἐστι
3097 2141 3195 2212 τὴν
3226 2143 3384 2211 φύσιν
3416 2145 3796 2215 διδασκόμεθα,

2228 2227 2372 2294 ἡμᾶς
2411 2227 2466 2279 δὲ
2495 2230 2690 2292 αὐτοὺς
2735 2230 3053 2301 ἀγνοοῦμεν.
3097 2232 3328 2304 Ἀνάγκη
3362 2230 3451 2286 οὖν
3486 2237 3680 2299 εἰπεῖν,
3706 2235 3798 2288 τὸν

2229 2317 2523 2387 κατέχοντα
2565 2325 2708 2392 ἡμᾶς
2743 2324 2898 2376 ὄκνον
2936 2327 3386 2397 παρωσαμένους.
3432 2325 3519 2398 Τῷ
3553 2327 3664 2380 ὄντι
3690 2329 3800 2398 γὰρ

2227 2412 2368 2465 ἒοικε
2401 2416 2614 2470 πάντων
2645 2416 2783 2470 εἶναι
2824 2419 3202 2488 χαλεπώτατον
3246 2421 3434 2472 ἐαυτὸν
3478 2421 3796 2489 ἐπιγνῶναι.

2229 2503 2302 2553 0'3
2330 2504 2436 2574 γὰρ
2469 2507 2623 2575 μόνον
2656 2507 2760 2575 (66)
2794 2509 3066 2578 ὀφθαλμὸς
3091 2510 3157 2561 τὰ
3197 2511 3299 2574 ἐξω
3330 2509 3536 2577 βλέπων
3570 2512 3650 2577 ἐφ’
3674 2513 3802 2563 ἐαυ-

2229 2594 2318 2646 τὸν
2354 2596 2412 2645 οὐ
2448 2596 2705 2666 κέχρηται
2739 2597 2816 2665 τῷ
2858 2600 3008 2666 ὁρᾷν,
3055 2598 3186 2652 ἀλλὰ
3240 2599 3332 2649 καὶ
3382 2598 3539 2660 αὐτὸς
3588 2601 3746 2668 ἡμῶν
3772 2605 3801 2655 ὁ

2229 2683 2370 2746 νοῦς,
2429 2683 2593 2747 ὀξέως
2649 2686 2706 2736 τὸ
2757 2686 3032 2757 ἀλλότριον
3067 2689 3364 2758 ἁμάρτημα
3418 2689 3797 2754 καταὸλέπων,

2233 2774 2428 2844 βραδύς
2479 2777 2591 2827 ἐστι
2660 2777 2795 2846 πρὸς
2840 2777 2936 2848 τὴν
2973 2777 3080 2831 τῶν
3148 2781 3359 2833 οἰκείων
3405 2781 3801 2851 ἐλαττωμάτων

2231 2868 2540 2936 ἐπίγνωσιν.
2575 2870 2671 2922 Διὰ
2704 2869 2857 2922 τοῦτο
2878 2871 2967 2924 καὶ
2990 2869 3084 2924 νῦν
3112 2874 3137 2924 ὁ
3165 2872 3335 2940 λόγος,
3362 2872 3524 2939 ὀξέως
3557 2874 3801 2926 ἐπελθὼν

2231 2959 2298 3012 τὰ
2338 2960 2612 3030 ἀλλότρια,
2671 2961 2874 3032 νωθρός
2910 2963 3023 3014 ἐστι
3086 2965 3180 3015 καὶ
3224 2966 3381 3016 ὄκνου
3417 2965 3625 3034 πλήρης
3665 2964 3802 3033 πρὸς

2232 3055 2328 3116 τὴν
2357 3054 2463 3107 τῶν
2484 3054 2698 3107 οἰκείων
2724 3053 2966 3118 ἐξέτασιν
2989 3073 2999 3084 ·
3027 3056 3199 3108 καίτοι
3225 3058 3284 3108 οὐ
3323 3056 3517 3124 μᾶλλον
3549 3056 3606 3119 ἐξ
3635 3054 3804 3122 ούραο

2233 3145 2323 3195 νοῦ
2363 3145 2453 3200 καὶ
2481 3145 2581 3212 γῆς
2612 3145 2700 3196 τὸν
2742 3145 2871 3197 Θεὸν
2909 3146 3051 3198 ἔστιν
3081 3147 3400 3212 ἐπιγνῶναι,
3438 3146 3468 3214 ἢ
3497 3145 3590 3196 καὶ
3617 3145 3680 3196 ἐκ
3704 3145 3803 3215 τῆς

2237 3232 2441 3294 οἰκείας
2489 3231 2644 3301 ἡμῶν
2695 3238 3037 3302 κατασκευῆς
3080 3235 3169 3285 τόν
3217 3251 3278 3300 γε
3335 3233 3568 3297 συνετῶς
3609 3233 3803 3286 ἐαυτὸν

2237 3322 2583 3388 ἐξετάσαντα,
2621 3321 2694 3385 ῶς
2729 3341 2890 3394 φησιν
2915 3325 2942 3374 ὀ
2983 3326 3293 3395 προφήτης·
3341 3324 3802 3392 Ἑθαυμαστώθη

2238 3416 2275 3481 τ’)
2307 3413 2527 3484 γνῶσίς
2564 3429 2679 3468 σου
2731 3415 2797 3479 ἐξ
2836 3415 2978 3484 ἐμοῦ
2999 3433 3011 3446 ’
3041 3417 3336 3479 τουτέστιν,
3368 3415 3599 3485 ἐμαυτὸν
3631 3433 3803 3470 κατα-

2243 3506 2445 3575 μαθὼν,
2485 3508 2545 3560 τὸ
2598 3509 2930 3578 ὑπερϐάλλον
2973 3509 3071 3578 τῆς
3110 3510 3166 3562 ἐν
3217 3509 3295 3560 σοι
3342 3509 3530 3576 σοφίας
3563 3509 3804 3572 ἐξεδιδά-

2238 3598 2392 3668 χθην.
2433 3600 2540 3651 Καὶ
2582 3596 2751 3652 εἶπεν
2790 3604 2821 3652 ὀ
2861 3601 3030 3664 Θεός·
3076 3599 3421 3667 Ποιήσωμεν
3467 3601 3800 3668 ἄνθρωπον.

2239 3688 2346 3742 Ποῦ
2385 3692 2526 3757 μοιὸ
2577 3689 2839 3751 Ἰουδαῖος,
2879 3690 2935 3750 ὃς
2970 3692 3025 3742 ἐν
3062 3692 3172 3751 τοῖς
3211 3693 3456 3754 κατόπιν,
3499 3690 3687 3759 ὥσπερ
3717 3691 3807 3742 διὰ

2237 3777 2463 3847 Θυρίδων
2517 3778 2678 3832 τινῶν
2720 3778 2812 3830 τοῦ
2866 3779 2963 3848 τῆς
3018 3779 3290 3846 Οεολογὲας
3345 3779 3520 3847 φωτὸς
3573 3779 3806 3848 διαλάμ-

2239 3885 2446 3929 ποντος,
2483 3870 2573 3928 καὶ
2603 3869 2853 3939 δευτέρου
2919 3869 3208 3940 προσώπου
3263 3873 3354 3923 τοῦ
3413 3871 3806 3942 ὑποδεικνυμέ-

2237 3976 2327 4010 νου
2362 3958 2470 4027 (67)
2523 3959 2621 4031 μὲν
2651 3959 2957 4029 μυστικῶς,
2985 3960 3135 4014 οῦπω
3175 3961 3231 4013 δὲ
3262 3963 3507 4033 ἐναργῶς
3547 3965 3804 4034 ἐκφανέν-

2237 4067 2348 4114 τος,
2383 4049 2516 4120 πρὸς
2543 4051 2641 4121 τὴν
2665 4051 2919 4121 ἀλήθειαν
2951 4053 3281 4123 ἀπεμάχετο,
3315 4055 3475 4108 αὑτὸν
3509 4055 3688 4124 ἐαυτῷ
3719 4056 3809 4107 λέ-

2239 4158 2349 4207 γων
2378 4140 2467 4192 τὸν
2517 4140 2648 4193 Θεὸν
2691 4141 3062 4209 διαλέγεσθαι;
3113 4145 3281 4205 Αὐτὸς
3316 4145 3424 4216 γὰρ
3469 4141 3622 4207 εἷπε,
3651 4147 3806 4214 φησι,

2243 4234 2334 4292 καὶ
2367 4233 2524 4295 αὐτὸς
2575 4233 2815 4303 ἐποίησε.
2860 4234 3174 4300 Γενηθήτω
3234 4235 3393 4302 φῶς,
3431 4237 3526 4290 καὶ
3571 4237 3810 4305 ἐγένετο

2240 4323 2382 4391 φῶς.
2410 4319 2517 4375 Ἦν
2545 4323 2642 4392 μὲν
2681 4320 2772 4384 οὖν
2812 4326 2901 4376 καὶ
2945 4325 3061 4375 τότε
3103 4326 3389 4394 πρόχειρος
3429 4329 3485 4377 ἐν
3525 4329 3636 4388 τοῖς
3676 4325 3809 4395 παρ’

2240 4412 2418 4472 αὐτῶν
2441 4412 2747 4480 λεγομένοις
2779 4414 2810 4481 ὴ
2841 4413 3054 4463 ἀτοπία.
3085 4412 3177 4474 Τίς
3218 4412 3324 4481 γὰρ
3361 4412 3594 4481 χαλκεὺς
3614 4453 3628 4476 ,
3658 4413 3691 4479 ἦ
3725 4412 3809 4463 τέ-

2913 4498 3137 4550 ἐπὶτῶν
3189 4499 3432 4569 ὀργάνων
3475 4500 3576 4568 τῆς
3613 4499 3810 4569 τέχνης

2248 4594 2404 4661 μόνος
2449 4591 2752 4659 καθήμενος
2800 4590 2930 4659 (68),
2964 4592 3173 4653 οὐδενὸς
3217 4592 3364 4661 αύτῷ
3398 4591 3807 4660 συνεργοῦντος,

2243 4683 2385 4752 λέγει
2416 4682 2574 4744 αὐτὸς
2598 4680 2788 4751 ἐαυτῷο
2823 4682 3142 4752 Ποιήσωμεν
3161 4683 3255 4752 τὴν
3287 4685 3576 4753 μάχαιραν,
3611 4684 3642 4753 ἢ
3673 4700 3811 4752 συμ-

2244 4773 2502 4843 πήξωμεν
2528 4773 2587 4825 τὸ
2610 4773 2836 4843 ἄροτρον
2855 4812 2869 4836 ,
2897 4773 2929 4842 ἣ
2954 4773 3396 4844 ἀπεργασώμεθα
3422 4773 3481 4825 τὸ
3515 4773 3767 4843 ὑπόδημα
3794 4793 3804 4804 ·

2244 4867 2356 4919 ἀλλ’
2379 4866 2497 4933 οὐχὶ
2530 4867 2704 4935 σιωπῇ
2733 4865 2830 4936 τὴν
2857 4864 3245 4917 ἐπιϐάλλουσαν
3266 4865 3541 4934 ἐνέργειαν
3559 4864 3771 4924 ἐπιτελεῖ
3794 4882 3806 4927 ;

2244 4958 2482 5026 Φλυαρία
2511 4957 2619 5026 γὰρ
2652 4956 2727 5026 τῷ
2762 4957 2874 5010 ὄντι
2893 4957 3308 5028 δεινὴβρχοντά
3338 4974 3460 5010 τινα
3489 4956 3682 5010 ἑαυτοῦ
3717 4958 3810 5009 καὶ

2243 5050 2536 5118 ἐπιστάτην
2561 5048 2850 5120 καθῆσθαι,
2874 5049 3198 5112 δεσποτικῶς
3227 5047 3415 5102 ἐαυτοῦ
3448 5049 3542 5102 καὶ
3567 5049 3810 5120 σφοδρῶς

2457 5207 2497 5239 ’³
2525 5205 2658 5260 Gen.
2686 5223 2722 5268 I,
2748 5205 2835 5260 26.
2916 5206 2957 5237 ²²
2992 5202 3126 5257 Gen.
3168 5218 3212 5265 ι,
3245 5203 3294 5257 5.

2248 5360 2365 5398 cum
2397 5343 2517 5396 aliis
2547 5343 2862 5410 quibusdam
2891 5357 3016 5393 mss.
3051 5339 3226 5407 μόνον.

2321 5413 2433 5488 (67)
2464 5407 2637 5488 Etliiio
2673 5411 3390 5488 Basil.cumquinqueunss.
3431 5407 3805 5488 praiterandl.

2249 5482 2342 5534 τοῦ
2391 5481 2864 5549 ὑποδεικνυμένου.
2929 5481 3085 5532 Deest
3147 5480 3404 5532 articulus
3465 5480 3516 5531 in
3570 5480 3807 5533 editione

2250 5553 2436 5688 Ρᾛίἓ)
2461 5623 2699 5687 Quatuor
2726 5635 2855 5671 mss.
2887 5619 3043 5687 μόνος
3084 5617 3460 5688 καθεζόμενος.
3519 5617 3659 5672 Edili
3686 5634 3806 5673 cum

2256 5694 2459 5748 duobus
2497 5706 2620 5745 mss.
2677 5688 2996 5758 καθήμενος.
