4062 6466
303 441 411 498 205

1421 440 1700 493 ΗΟΜΙΙΑΙΑ
1745 440 1807 492 lx
1855 439 1918 492 IN
1960 436 2446 492 HEXAEMERON.

3428 433 3533 489 206

307 555 761 610 κατασπεύδοντα.
807 556 942 606 ’Λλλ’
974 557 1118 626 ὅμως
1158 559 1204 609 oi
1247 558 1403 608 αὑτὸν
1441 558 1527 608 τὸν
1557 558 1754 626 Κύριον
1788 575 1862 611 συ-

1986 557 2055 610 sit
2084 557 2207 621 sibi,
2255 563 2413 624 atque
2469 552 2668 606 domini
2725 565 2872 605 more
2919 550 3265 605 vehementer
3315 566 3372 604 se
3425 552 3536 621 ipse

306 642 636 710 κοφαντῆσαι
663 643 734 711 μὴ
764 645 1214 714 κατοκνήσαντες,
1250 645 1302 696 τί
1329 645 1426 697 οὐκ
1454 646 1517 697 ἂν
1552 646 1751 698 εἴποιεν
1775 663 1868 712 γε-

306 731 687 801 γυμνασμένην
726 733 860 802 πρὸς
886 733 946 785 τὸ
977 734 1169 802 ψεῦδος
1217 735 1312 805 τὴν
1348 736 1594 803 γλῶσσαν
1624 737 1867 806 ἔχοντες

319 821 378 870 'H
409 821 588 889 μέντοι
619 821 866 891 παροῦσα
896 823 1045 892 φωνὴ
1079 823 1353 887 παντελῶς
1379 825 1555 876 αὐτῶν
1598 827 1872 895 ἀποφράσ-

305 922 386 962 σει
426 912 483 963 τὸ
521 913 710 982 στόμα·
749 915 857 967 Kal
895 911 1062 968 εἶπεν
1103 918 1134 967 ὀ
1167 918 1338 980 Θεός’
1381 917 1728 985 Ποιήσωμεν
1764 918 1868 970 ἇν-

306 1004 553 1068 θρωπον.
576 1003 665 1072 Μὴ
695 1006 788 1057 καὶ
817 1005 932 1068 νῦν,
963 1005 1081 1056 εἰπέ
1111 1023 1220 1074 μοι,
1247 1008 1627 1076 μεμονωμένον
1665 1009 1781 1059 ἐστὶ
1813 1009 1870 1060 τὸ

306 1093 627 1162 πρόσωπον;
650 1095 724 1147 Ού
755 1096 859 1166 γὰρ
885 1096 1220 1164 γέγραπται·
1251 1097 1536 1168 Γενηθήτω
1564 1099 1866 1170 ἄνθρωπος,

307 1179 460 1243 ἀλλὰ,
488 1183 832 1251 Ποιήσωμεν
855 1182 1184 1252 ἄνθρωπον.
1209 1187 1351 1250 Ἕως
1383 1186 1535 1240 οὔπω
1565 1191 1593 1240 ὁ
1624 1188 1867 1240 διδασκό-

306 1288 462 1340 μενος
497 1274 878 1344 παρεφαίνετο,
913 1277 969 1326 ὲν
1005 1275 1154 1343 βάθει
1195 1279 1535 1330 ὲκεκάλυπτο
1562 1282 1656 1349 τῆς
1691 1278 1866 1329 Οεολο-

304 1362 427 1430 γίας
454 1364 513 1416 τὸ
537 1364 644 1434 (69)
674 1365 934 1434 κήρυγμα.
1000 1367 1085 1419 ὅτε
1121 1367 1304 1421 λοιπὸν
1337 1368 1620 1438 ἀνθρώπου
1655 1368 1866 1436 γένεσις

301 1455 679 1524 προσδοκᾶται,
701 1457 1150 1528 παραγυμνοῦται
1172 1461 1203 1528 ἡ
1222 1460 1418 1522 πίστις,
1441 1460 1767 1530 καὶτρανότε
1776 1477 1866 1528 ρον

303 1559 378 1596 πα
387 1544 700 1615 ραδηλοῦται
721 1547 820 1616 τῆς
835 1549 1088 1619 ἀληθείας
1105 1550 1163 1602 τὸ
1183 1551 1374 1620 δόγμα.
1391 1549 1737 1619 Ποιήσωμεν
1767 1551 1868 1603 ἁν-

304 1639 553 1703 θρωπον.
571 1638 832 1703 Ἀκούεις,
855 1634 898 1693 ῶ
913 1643 1275 1713 Χριστομάχε,
1302 1643 1380 1694 ὅτι
1397 1642 1473 1711 τῷ
1496 1643 1735 1714 κοινωνῷ
1755 1645 1865 1712 (70)

301 1729 397 1797 τῆς
414 1729 768 1799 δημιουργίας
794 1716 1256 1803 προσδιαλέγεται,
1276 1734 1352 1785 Δι’
1371 1730 1440 1788 οὗ
1460 1735 1553 1786 καί
1583 1735 1720 1800 τοὺς
1737 1735 1868 1788 αἰῶ-

301 1833 410 1881 νας
438 1818 724 1886 ἐποίησεν
744 1839 756 1850 ·
790 1822 856 1886 ὃς
883 1822 1044 1889 φέρει
1086 1823 1156 1874 τὰ
1188 1824 1507 1890 σύμπαντα
1541 1823 1619 1888 τῷ
1650 1827 1867 1892 ῥήματι

1979 658 2186 714 urgeat.
2235 646 2612 699 Verumtamen
2651 641 2740 710 qui
2784 643 2955 711 ipsum
3000 641 3281 696 Dominum
3335 642 3538 698 calum-

1979 736 2114 789 uiari
2146 735 2300 789 veriti
2331 750 2433 787 non
2464 745 2609 796 sunt,
2640 731 2766 800 quid
2806 732 2984 784 dicere
3028 744 3132 784 non
3163 729 3403 799 possint,
3437 730 3538 786 lina

1976 844 2130 897 gnam
2191 827 2451 880 habentes
2516 825 2578 877 ad
2635 823 2974 878 mendacium
3033 823 3420 876 exercitatam?
3468 823 3539 877 At.

1977 933 2209 985 praesens
2238 933 2337 970 vox
2371 916 2592 970 omnino
2640 929 2702 970 os
2757 914 2992 982 ipsorum
3039 912 3257 982 oppilat.
3310 911 3373 964 Et
3402 913 3534 965 dixit

1975 1011 2112 1064 Deus
2143 1027 2160 1063 :
2185 1009 2470 1062 Faciamus
2499 1008 2779 1061 hominem.
2804 1004 3097 1074 Nuncjam,
3121 1004 3206 1058 die
3232 1004 3383 1069 mihi,
3406 1019 3535 1058 nun-

1973 1102 2099 1170 quid
2143 1101 2295 1154 unica
2342 1106 2423 1153 est
2471 1098 2734 1167 persona?
2769 1096 2879 1150 Non
2921 1095 3065 1149 enim
3113 1096 3375 1165 scriptum
3407 1103 3530 1150 est:

1974 1193 2089 1246 Fiat
2155 1193 2355 1254 homo,
2419 1189 2553 1253 sed,
2613 1186 2896 1240 Faciamus
2966 1185 3252 1239 hominem.
3287 1185 3535 1252 Quandiu

1973 1284 2203 1336 nondum
2230 1282 2520 1350 apparebat
2558 1279 2649 1348 qui
2681 1279 2988 1338 doceretur,
3040 1275 3094 1329 in
3144 1277 3412 1344 profundo
3443 1293 3535 1331 oc-

1971 1370 2110 1423 culta
2155 1377 2274 1422 erat
2320 1367 2597 1435 theologia:
2649 1367 2961 1435 praadicatio
2999 1384 3011 1418 :
3058 1381 3179 1419 cum
3229 1375 3405 1419 autem
3442 1367 3538 1420 Ito-

1972 1462 2130 1514 minis
2149 1469 2486 1529 exspectatur
2500 1458 2792 1527 generatio,
2814 1457 3112 1510 denudatur
3133 1457 3282 1520 fides,
3305 1456 3535 1511 clarius-

1970 1565 2071 1618 que
2113 1550 2375 1604 revehitur
2409 1547 2651 1602 veritatis
2688 1548 2900 1618 dogma.
2927 1545 3212 1600 Faciamus
3250 1547 3532 1601 hominem.

1969 1642 2158 1705 Audis,
2204 1657 2235 1694 ο
2269 1640 2469 1694 Christi
2519 1648 2879 1708 oppugnatur,
2924 1638 3098 1705 ipsum
3149 1639 3214 1693 ad
3253 1638 3411 1694 oﬂicii
3448 1654 3536 1693 so-

1970 1736 2109 1789 cium
2150 1733 2290 1800 loqui
2324 1747 2337 1785 :
2371 1729 2476 1784 Per
2519 1748 2668 1800 quem
2719 1730 2840 1798 fecit
2881 1739 2926 1783 et
2963 1730 3192 1795 swcula;
3234 1732 3320 1800 qui
3362 1742 3532 1798 portat

1970 1829 2140 1878 omnia
2185 1824 2332 1878 verba
2368 1824 2569 1877 virtutis
2608 1838 2719 1876 sua:
2759 1822 2824 1871 ³³.
2865 1820 2970 1876 Sed
3019 1837 3123 1875 non
3168 1823 3328 1877 tacite
3372 1821 3530 1877 verba

300 1908 408 1978 τῆς
441 1909 742 1981 δυνάμεως
770 1915 975 1968 αὑτοῦ.
1024 1915 1162 1966 Ἀλλ’
1197 1916 1254 1968 οὐ
1283 1916 1390 1986 γὰρ
1417 1918 1592 1987 ἡσυχῆ
1628 1917 1862 1989 παραδέ-

1971 1919 2171 1986 excipit
2211 1917 2425 1984 pietatis
2455 1934 2466 1968 :
2499 1927 2555 1968 at
2585 1912 3033 1984 quemadmodum
3078 1913 3262 1967 bestiae
3291 1929 3410 1982 quae
3437 1915 3534 1969 ho-

298 2018 450 2070 χεται
471 2002 560 2054 τὸν
588 2001 742 2071 λόγον
763 2005 858 2073 τῆς
888 2004 1163 2065 εὐσεϐείας
1185 2022 1196 2033 ⁸
1231 2003 1418 2076 ὥσπερ
1449 2006 1504 2058 δὲ
1530 2005 1634 2057 τῶν
1668 2005 1867 2076 Θηρίων

298 2091 364 2144 τὰ
411 2092 930 2162 μισανθρωπότατα,
981 2094 1197 2146 ἐπειδὰν
1242 2098 1352 2157 τοῖς
1395 2095 1624 2163 ζώγροις
1678 2099 1868 2147 ἐναπο-

299 2177 539 2249 κλεισθῇ,
589 2181 976 2252 περιδρύχεται
1015 2183 1125 2252 (71)
1171 2186 1279 2246 τοῖς
1326 2184 1639 2254 κυλίνδροις,
1671 2186 1730 2235 τὸ
1771 2185 1867 2253 μὲν

297 2270 494 2341 πικρὸν
524 2273 616 2324 καὶ
641 2274 913 2343 ἀνήμερον
956 2273 1052 2342 τῆς
1095 2274 1305 2341 φύσεως
1341 2275 1738 2344 ἐνδεικνύμενα,
1773 2276 1867 2326 ἐκ·

298 2361 582 2432 πληρῶσαι
635 2363 691 2416 δὲ
729 2365 826 2434 τὴν
873 2367 1070 2433 μανίαν
1110 2366 1210 2415 οὐκ
1254 2364 1476 2432 ἔχοντα’
1517 2363 1659 2416 οὕτω
1698 2365 1869 2416 καὶτὸ

299 2453 488 2524 ἐχθρὸν
517 2454 613 2523 τῆς
636 2453 892 2522 ἀληθείας
921 2454 1075 2521 γένος
1107 2456 1152 2504 οἱ
1193 2454 1452 2516 Ἰουδαῖοι,
1505 2455 1867 2524 στενοχωρού-

298 2561 448 2616 μενοι
483 2546 613 2614 (7:2).
651 2545 844 2608 Πολλά,
871 2545 1051 2612 φασὶν,
1088 2546 1200 2596 ἔστι
1226 2547 1291 2597 τὰ
1320 2546 1582 2616 πρόσωπα
1610 2547 1746 2616 πρὸς
1776 2547 1868 2610 οὓς

293 2637 322 2687 ὁ
369 2635 524 2701 λόγος
579 2635 768 2703 γέγονε
807 2636 899 2689 τοῦ
933 2635 1087 2690 Θεοῦ.
1133 2639 1254 2700 Τοῖς
1293 2637 1542 2705 ἀγγέλοις
1573 2638 1680 2708 γάρ
1723 2638 1866 2704 λέγει

292 2726 406 2786 τοῖς
430 2725 770 2794 παρεστῶσιν
798 2726 944 2797 αὐτῷ
963 2744 976 2756 °
1007 2726 1356 2796 Ποιήσωμεν
1378 2727 1707 2796 ἄνθρωπον.
1739 2728 1867 2780 Ἰου-

293 2814 478 2869 δαϊκὸν
508 2818 568 2870 τὸ
595 2817 839 2889 πλάσμα,
870 2820 968 2889 τῆς
1001 2820 1208 2872 ἐκεῖθεν
1254 2821 1499 2882 εὐκολίας
1543 2821 1601 2870 τὸ
1644 2820 1866 2889 μυθολό-

293 2925 466 2980 γημαο
525 2911 610 2963 ἵνα
638 2911 726 2963 τὸν
758 2912 870 2981 (75)
919 2912 1014 2963 ἕνα
1061 2911 1132 2979 μὴ
1164 2910 1593 2979 παραδέξωνται,
1635 2910 1863 2978 μυρίους

294 3000 592 3066 εἰσάγουσι.
629 3002 735 3052 Καὶ
773 3001 862 3052 τὸν
894 3001 1020 3052 Υἱὸν
1054 2999 1388 3062 ἀθετοῦντες,
1425 3001 1660 3062 οἰκέταις
1685 3001 1744 3051 τὸ
1769 3002 1866 3071 τῆς

296 3087 622 3156 συμϐουλίας
641 3089 854 3158 ἀξίωμα
873 3089 1231 3159 περιάπτουσι
1253 3107 1264 3119 ·
1293 3091 1384 3142 καὶ
1403 3092 1526 3153 τοὺς
1547 3091 1865 3160 ὁμοδούλους

293 3177 449 3248 ἡμῶν
491 3179 710 3250 κυρίους
761 3179 974 3232 ποιοῦσι
1020 3181 1117 3251 τῆς
1166 3185 1438 3251 ἡμετέρας
1489 3183 1860 3253 δημιουργίας.

1975 2010 2104 2062 tuini
2130 2018 2256 2062 sunt
2288 2007 2684 2070 iul'ensissimtr,
2719 2021 2838 2059 cum
2873 2007 2923 2059 in
2957 2005 3133 2059 caveis
3167 2006 3530 2068 includuntur,

1972 2103 2173 2154 circum
2233 2099 2526 2167 sepimeuta
2577 2096 2848 2159 frendent,
2913 2107 3073 2166 atque
3122 2099 3532 2152 amaritudinem

1972 2192 2187 2258 quidem
2221 2204 2283 2242 ac
2316 2189 2579 2242 feritatem
2615 2195 2819 2242 naturae
2857 2190 3181 2252 ostendunt,
3223 2204 3320 2243 nec
3352 2199 3533 2242 tamen

1974 2281 2205 2335 furorem
2232 2295 2384 2334 suum
2414 2288 2638 2348 possunt
2663 2277 2879 2347 explere
2911 2296 2924 2331 :
2958 2278 3026 2330 ita
3061 2288 3112 2329 et
3136 2293 3266 2347 gens
3290 2279 3533 2334 veritatis

1973 2370 2218 2431 inimica,
2252 2367 2415 2422 Judaei
2461 2367 2524 2420 ad
2571 2369 2846 2436 angustias
2885 2367 3114 2430 redacti,
3144 2367 3338 2420 multas
3381 2371 3532 2424 aiunt

1969 2474 2087 2513 esse
2139 2472 2427 2526 personas,
2480 2456 2546 2510 ad
2599 2471 2733 2524 quas
2775 2456 2864 2509 Dei
2911 2472 3089 2509 sermo
3141 2456 3374 2510 directus
3427 2466 3530 2510 est.

1971 2545 2106 2598 Dicit
2150 2546 2289 2598 enim
2339 2543 2638 2598 astantibus
2689 2545 2787 2597 sibi
2817 2545 3052 2614 angelis:
3092 2543 3374 2598 Faciamus
3427 2547 3525 2598 ho-

1968 2638 2155 2689 minem
2173 2635 2236 2687 “.
2256 2634 2531 2690 Iudaicum
2564 2644 2923 2689 commentum
2964 2647 3079 2700 est,
3105 2646 3264 2705 atque
3293 2637 3526 2691 levitatis

1969 2729 2091 2781 inde
2140 2727 2391 2795 profectae
2437 2727 2750 2780 inventum:
2791 2736 2847 2780 ut
2880 2741 2945 2780 ne
2989 2743 3149 2780 unum
3196 2728 3527 2796 suscipiant,

1969 2820 2275 2870 innumeros
2310 2818 2588 2871 inducunt.
2613 2817 2677 2870 Et
2702 2817 2895 2870 Filium
2927 2820 3294 2886 reprobantes,
3320 2819 3533 2874 famulis

1968 2906 2277 2971 dignitatem
2304 2905 2604 2957 attribuunt
2635 2907 2865 2970 consilii,
2895 2915 2947 2960 et
2977 2921 3265 2961 conservos
3302 2917 3518 2961 nostros

1966 2994 2200 3049 elﬁcinut
2234 2996 2522 3050 creatiOuis
2573 3005 2769 3049 nostra:
2804 2998 3066 3050 dominos.
3118 2995 3290 3051 Homo
3349 3001 3530 3067 perfe-

1969 3099 2087 3140 ctus
2122 3087 2187 3142 ad
2223 3087 2534 3157 angelorum
2573 3086 2819 3141 evehitur
2848 3087 3180 3155 dignitatem.
3216 3090 3385 3154 Quale
3437 3107 3531 3142 an-

1973 3187 2074 3229 tem
2104 3177 2376 3245 opiﬁcium
2419 3191 2514 3244 par
2542 3190 2661 3229 esse
2698 3186 2874 3244 potest
2904 3177 3017 3246 88
3045 3179 3343 3232 conditori?
3386 3182 3531 3235 Cou-

294 3270 680 3342 Τελειούμενος
709 3273 992 3344 ἄνθρωπος
1021 3275 1154 3344 πρὸς
1190 3275 1287 3344 τὴν
1315 3274 1420 3326 τῶν
1445 3276 1687 3342 ἀγγέλων
1712 3276 1862 3340 ἀξίαν

1971 3270 2145 3322 sidera
2173 3279 2350 3320 autem
2385 3277 2436 3321 et
2463 3282 2579 3335 qua:
2627 3275 2960 3334 sequuntur:
3000 3271 3076 3321 Ad
3120 3272 3395 3340 imaginem
3438 3289 3530 3326 ηο⁴

295 3361 572 3430 ἀνάγεται.
610 3365 766 3416 Ποῖον
809 3363 864 3415 δὲ
902 3364 1291 3435 δημιούργημα
1335 3367 1446 3418 ἴσον
1473 3366 1691 3419 δύναται
1723 3363 1860 3420 εἶναι

291 3450 372 3521 τῷ
420 3453 698 3518 κτίσαντις
741 3454 935 3508 Σκόπει
978 3455 1033 3507 δὲ
1091 3457 1185 3508 καὶ
1211 3455 1275 3507 τὰ
1314 3456 1424 3526 (74)
1464 3458 1658 3527 ἐφεξῆς
1683 3475 1694 3486 ·
1725 3461 1861 3513 Κατ’

294 3546 498 3601 εἰκόνα
530 3547 838 3614 ἡμετέραν.
872 3549 935 3599 Τί
966 3547 1140 3615 λέγεις
1175 3547 1306 3617 πρὸς
1326 3549 1517 3615 τοῦτο;
1547 3550 1634 3620 Μὴ
1669 3553 1761 3602 κα).
1790 3553 1864 3603 εἰ-

294 3636 407 3692 κὼν
439 3637 533 3708 μία
580 3639 714 3691 Θεοῦ
752 3641 844 3692 καὶ
883 3641 1164 3708 ἀγγέλων;
1205 3639 1331 3692 Υἱοῦ
1368 3641 1464 3709 μὲν
1501 3642 1606 3710 γὰρ
1637 3643 1728 3694 καὶ
1763 3644 1864 3694 Ποι-

292 3727 422 3797 τρὸς
455 3729 606 3781 πᾶσα
637 3729 847 3799 ἀνάγκη
873 3729 970 3798 τὴν
998 3727 1164 3797 αὐτὴν
1189 3723 1326 3780 εἶναι
1367 3730 1580 3799 μορφήν
1601 3748 1613 3759 ·
1648 3730 1863 3800 θεοπρε-

295 3819 414 3883 πῶς
439 3821 679 3891 δηλονότι
705 3822 803 3890 τῆς
836 3821 1042 3890 μορφῆς
1078 3821 1389 3891 νοουμένης,
1421 3821 1518 3873 οὐκ
1549 3823 1603 3872 ὲν
1627 3825 1861 3891 σχήματι

295 3912 615 3981 σωματικῷ,
647 3913 761 3963 ἀλλ’
787 3913 843 3962 ὲν
876 3911 952 3980 τῷ
988 3910 1236 3981 ἰδιώματι
1266 3913 1364 3979 τῆς
1389 3912 1862 3982 θεότητος.”Ακουε

291 4003 388 4055 καὶ
423 4003 486 4052 σὺ
517 4003 544 4052 ὁ
583 4003 645 4052 ὲκ
674 4002 770 4070 τῆς
803 4001 924 4063 νέας
973 4003 1283 4072 κατατομῆς
1332 4004 1473 4072 (75),
1525 4006 1552 4055 ὁ
1595 4004 1684 4056 τὸν
1733 4007 1860 4057 Ἰου-

289 4090 518 4160 δαῖσμδν
554 4090 867 4162 πρεσϐεύων
918 4093 973 4143 ἐν
1010 4095 1435 4163 Χριστιανισμοῦ
1484 4098 1856 4165 προσποιήσει.

292 4182 409 4234 Τίνι
439 4182 601 4250 λέγει·
655 4183 793 4237 Κατ’
823 4185 1020 4236 εἰκόνα
1050 4185 1370 4252 ἡμετέραν;
1405 4187 1518 4238 Τίνι
1553 4186 1696 4255 ἄλλῳ
1737 4205 1798 4254 γε
1827 4188 1857 4255 ἦ

290 4271 369 4341 τῷ
399 4273 788 4342 ἀπαυγὰσματι
818 4274 915 4342 τῆς
937 4274 1110 4344 δόξης,
1146 4277 1236 4327 καὶ
1259 4277 1561 4346 χαρακτῆρι
1597 4277 1695 4346 τῆς
1728 4279 1860 4328 ὑπο-

293 4366 536 4427 στάσεως
582 4366 744 4419 αύτοῦ
801 4368 932 4434 (76),
970 4369 1026 4429 ὃς
1079 4369 1224 4421 ἐστιν
1272 4368 1432 4421 εἰκὼν
1474 4368 1562 4420 τοῦ
1597 4370 1729 4422 θεοῦ
1769 4370 1861 4422 τοῦ

288 4454 559 4524 ἀοράτου;
592 4458 668 4526 Τῇ
701 4458 805 4528 ἰδίᾳ
844 4461 1018 4512 τοίνυν
1055 4461 1223 4511 εἰκόνι
1259 4464 1322 4529 τῇ
1357 4460 1536 4533 ζώσῃ,
1572 4463 1635 4528 τῇ
1678 4463 1859 4513 εἰπού-

362 4654 408 4685 ²³
439 4653 603 4709 Hebr.
639 4670 680 4718 ι,
709 4655 763 4718 2,
794 4655 848 4708 5.
926 4658 970 4689 ²²
1009 4658 1141 4712 Ceu.
1187 4674 1222 4721 ι,
1257 4655 1344 4708 26.

364 4806 476 4876 (69)
499 4808 734 4888 lta‘mss.
783 4817 1009 4888 septem.
1042 4809 1181 4888 Editi
1225 4811 1844 4888 cu_m_a_liisquihusdam
1884 4825 1922 4876 ι)

292 4892 434 4949 mss._
446 4878 755 4949 κεκάλυπτο
779 4879 875 4949 τῆς
899 4877 1222 4946 θεογνωσίας
1238 4882 1318 4932 τό.
1341 4877 1641 4948 Theologia:
1670 4893 1845 4935 autem

290 4947 727 5018 praedicationem
768 4947 893 5002 dicit
925 4950 1221 5002 doctrinam
1278 4965 1417 5014 eam,
1457 4947 1560 5017 qua
1605 4965 1847 5018 persona:

291 5016 953 5088 sanctissima_Trinitatis
983 5031 1165 5085 aperte
1191 5016 1566 5088 przedicantur.

365 5086 479 5207 (70)
533 5085 621 5139 Sic
657 5086 803 5157 Regii
843 5089 1064 5154 primus,
1113 5085 1299 5143 tertius
1354 5099 1408 5142 et
1465 5092 1684 5156 quintus
1723 5104 1842 5142 cum

365 5158 443 5207 ib.
507 5159 761 5207 secundo.
804 5158 942 5207 Editi
994 5176 1114 5207 cum
1157 5175 1260 5207 uno
1289 5171 1378 5207 :Illl.
1431 5160 1598 5207 altero
1636 5176 1734 5207 ms.
1768 5161 1842 5207 τῶ

289 5155 467 5229 Colb.
507 5155 761 5229 secundo}
804 5158 942 5211 Editi
994 5176 1122 5229 cum
1157 5175 1260 5229 uno
1289 5171 1378 5210 nnt
1431 5155 1611 5229 altero
1636 5176 1734 5211 ms.
1768 5161 1845 5229 τῷ

291 5225 470 5309 κοινῷ.
508 5225 649 5280 lul‘ra
682 5224 813 5296 Reg.
840 5238 1020 5282 sextus
1050 5228 1194 5282 solus
1234 5227 1387 5295 λόγον
1428 5229 1527 5297 τῆς
1569 5224 1841 5299 ἀληθείας·

290 5313 499 5349 ωσπερ.

363 5313 643 5440 (ᾖς’-βεδε.
673 5366 872 5440 primus
901 5367 1126 5440 ζώγροις
1157 5370 1554 5437 ὲναποσκιασθῇ
1587 5367 1850 5440 περιδρύ-

291 5452 464 5508 χ-εται.
498 5437 671 5508 Editio
703 5435 861 5508 Basili
901 5435 1029 5491 cum
1079 5449 1219 5492 sext.
1271 5455 1399 5493 mss.
1439 5435 1844 5508 περιϐρύχεται.

293 5504 468 5576 Editio
499 5506 666 5576 Daris.
704 5507 1119 5576 περιϐρυχᾶται.

363 5573 479 5650 (7'2)
512 5575 645 5650 Reg.
704 5573 907 5650 primus
940 5573 1092 5630 οὕτω
1122 5582 1213 5631 καὶ
1261 5580 1318 5631 τὸ
1368 5578 1473 5630 τῶν
1515 5579 1722 5650 ἐχθρῶν
1752 5581 1848 5647 τῆς

292 5642 571 5720 ἀληθείας..
597 5642 862 5720 Ἰουδαίων
924 5650 1099 5720 γένος,
1151 5642 1658 5720 στενοχωρούμενοι.
1717 5642 1847 5718 Reg.

297 5715 484 5788 tertius
516 5714 657 5767 οὕτω
685 5717 776 5769 καὶ
813 5718 872 5788 τὸ
921 5717 1110 5787 ἐχθρὸν
1160 5721 1258 5788 τῆς
1305 5714 1559 5788 ἀληθείας
1589 5714 1850 5772 Ἰουδαίων

294 5786 466 5850 γένος,
501 5786 1000 5859 στενοχωρούμενοι.
1022 5786 1171 5844 Ειίίιί
1196 5786 1315 5843 cum
1353 5786 1523 5845 tribus
1554 5806 1683 5844 mss.
1718 5800 1772 5844 ut
1801 5793 1849 5841 in

295 5865 566 5907 t'OIttt'xltI.

1457 4659 1501 4686 ³⁸
1535 4654 1686 4709 Joan.
1722 4672 1784 4722 x,
1814 4657 1901 4711 30.

1965 3372 2145 3413 stram.
2199 3358 2332 3424 Quid
2383 3359 2515 3411 dicis
2561 3358 2625 3411 ad
2674 3359 2804 3411 hoc?
2853 3358 2990 3412 Num
3015 3369 3069 3413 et
3098 3360 3188 3414 Dei
3227 3373 3279 3414 et
3313 3364 3529 3432 angelo-

1964 3467 2081 3504 rum
2114 3466 2215 3503 una
2255 3460 2339 3504 est
2361 3450 2576 3518 imago?
2609 3449 2725 3502 Filii
2756 3451 2971 3517 quidem
2998 3461 3053 3505 et
3085 3450 3259 3506 Patris
3287 3455 3527 3508 eamdem

1962 3557 2081 3597 esse
2119 3542 2342 3596 formam
2382 3543 2601 3594 omnino
2645 3556 2869 3595 necesse
2895 3552 3012 3606 est;
3046 3541 3214 3595 forma
3258 3544 3525 3610 videlicet,

1965 3633 2038 3685 uti
2073 3632 2237 3686 Deum
2266 3633 2440 3697 decet,
2471 3631 2762 3696 intellecta,
2808 3647 2915 3685 non
2954 3632 3006 3685 in
3045 3648 3303 3702 corporea
3334 3636 3525 3706 figura,

1963 3723 2055 3777 sed
2082 3725 2132 3776 in
2164 3723 2463 3776 diiinitatis
2493 3723 2836 3791 proprietate.
2859 3723 2999 3778 Audi
3023 3732 3077 3779 et
3106 3733 3160 3779 tu
3185 3727 3273 3794 qui
3297 3742 3360 3781 ex
3392 3744 3525 3782 nova

1962 3817 2268 3871 concisione
2300 3819 2498 3886 es,qui
2544 3818 2940 3875 Christianismi
2986 3822 3202 3875 nomine
3247 3834 3406 3891 atque
3453 3827 3527 3880 si-

1966 3908 2258 3962 mulatione
2296 3911 2504 3964 stabilis
2540 3909 2894 3964 Judaiswum.
2933 3913 3026 3967 Cui
3064 3913 3191 3968 dicit
3231 3933 3242 3968 :
3281 3917 3360 3968 Ad
3395 3917 3526 3970 ima-

1965 4004 2132 4071 ginem
2184 4005 2456 4057 nostram?
2502 4003 2618 4066 Cui,
2659 4018 2874 4070 quaeso,
2930 4004 3083 4056 alteri
3138 4019 3299 4073 quam
3346 4007 3526 4072 gloria:

1964 4095 2233 4163 Splendori
2257 4135 2272 4159 ,
2305 4105 2360 4148 et
2407 4095 2720 4148 substantia:
2752 4095 2918 4162 ipsius
2945 4095 3245 4149 characteri
3275 4136 3287 4160 ,
3327 4097 3414 4166 qui
3443 4108 3526 4151 est

1969 4185 2059 4238 Dei
2089 4184 2370 4238 invisibilis
2417 4183 2634 4252 imago?
2673 4183 2856 4251 Itaque
2900 4184 3120 4254 imagini
3160 4201 3270 4239 sua:
3301 4187 3522 4250 viventi,

1965 4293 2081 4345 quae
2116 4278 2249 4329 dixit
2282 4295 2292 4329 :
2331 4274 2441 4346 Ego
2495 4288 2540 4329 et
2584 4275 2744 4330 Pater
2784 4293 2944 4329 unum
2982 4293 3160 4331 sumus
3190 4279 3233 4308 ’⁸
3257 4295 3270 4340 ;
3296 4288 3384 4332 et:
3419 4278 3522 4343 Qui

1967 4384 2042 4419 me
2088 4369 2237 4428 uidit,
2292 4369 2418 4420 vidit
2457 4366 2666 4420 Patrem
2699 4369 2777 4427 ²⁶;
2836 4372 2957 4424 huic
3009 4372 3180 4424 dicit:
3240 4370 3522 4426 Faciamus

1966 4460 2228 4510 hominem
2255 4459 2321 4509 ad
2353 4459 2633 4526 imaginem
2659 4473 2908 4513 naslram.
2946 4461 3046 4515 Ubi
3082 4471 3164 4516 est
3193 4463 3366 4532 imago
3389 4479 3518 4529 una,

1979 4660 2023 4687 ’⁵
2059 4657 2210 4709 Juatt.
2250 4674 2356 4716 xlv.
2386 4661 2434 4710 9.

2024 4811 2135 4887 (75)
2168 4813 2317 4887 (ξομ).
2355 4815 2621 4887 secundus
2675 4816 2758 4868 ἵνα
2781 4817 2885 4887 γὰρ
2935 4818 3041 4870 τόν.
3101 4817 3249 4872 Bodl.
3301 4820 3384 4872 ἵνα
3426 4821 3518 4874 τὸν

1955 4882 2050 4957 Eua.
2078 4884 2150 4953 μὴ
2179 4883 2454 4957 δέξωνται.
2491 4886 2680 4938 Statim
2733 4882 2870 4940 idem
2909 4902 3031 4938 mss.
3087 4887 3311 4957 μυρίους
3346 4891 3520 4944 ἐπεισ-

1956 4953 2200 5032 αγουσιν.
2250 4955 2484 5008 Subinde
2523 4966 2754 5032 quatuor
2797 4970 2924 5032 mss.
2958 4957 3022 5032 το
3060 4953 3513 5032 τῆςσυμβρυλῆς,

1957 5023 2242 5097 Editi‘cuni
2272 5039 2377 5097 uno
2401 5033 2492 5078 aut
2516 5027 2683 5078 altero
2721 5040 2847 5077 mss.
2874 5026 2932 5097 τὸ
2965 5023 3438 5097 τῆς-συμϐουλίας.

2025 5092 2136 5163 (74)
2163 5092 2286 5145 Mss.
2323 5093 2563 5161 plerique
2603 5110 2788 5148 oumes
2823 5095 2914 5145 καὶ
2940 5092 3029 5150 τάξ
3064 5092 3202 5150 Εάὶἰί
3247 5101 3337 5150 καὶ
3364 5092 3443 5153 τό.

2024 5163 2135 5236 (75)
2168 5163 2536 5230 Κατατομῆς.
2582 5162 2692 5236 Vox
2743 5174 2823 5217 est
2866 5164 3033 5229 l’auli,
3063 5165 3294 5234 Philipp.
3333 5184 3415 5234 ιιι,
3459 5173 3512 5236 ‘2,

1954 5232 2176 5300 βλέπετε
2228 5236 2555 5302 κατατομήν.
2592 5232 2775 5286 Cavete
2805 5237 3168 5288 concisionem.
3203 5232 3294 5290 Sic
3334 5232 3512 5292 autem

1953 5303 2241 5369 Apostolus
2268 5307 2488 5355 vocabat
2517 5303 2726 5356 Judaeos
2753 5318 2846 5368 per
2876 5316 3263 5372 contemptum,
3299 5323 3513 5360 eorum-

1951 5387 2054 5438 que
2084 5373 2444 5426 coucisiouem
2487 5375 2534 5425 iu
2589 5387 2750 5425 carne
2805 5375 3031 5439 positam
3089 5386 3250 5428 totam
3315 5392 3512 5431 uosua:

1954 5443 2350 5495 circnmcisioui
2381 5442 2536 5509 plane
2562 5443 2826 5509 spirituali
2860 5447 3186 5511 opponebat.

2025 5511 2135 5595 (76)
2168 5511 2305 5595 Editi
2331 5511 2583 5595 cl~C0i3L
2617 5511 2822 5595 primus
2857 5527 2910 5595 et
2955 5513 3088 5595 Reg.
3110 5524 3340 5595 octavus
3381 5514 3512 5595 ὑποτ

1955 5579 2434 5652 στὰσεωςᾷαὑτοῦ.
2501 5580 2815 5652 Necialitcr
2868 5579 3060 5650 legitur
3110 5585 3160 5636 in
3223 5584 3389 5652 Epist.
3443 5587 3511 5640 ad

1955 5651 2116 5703 Hebr.
2149 5667 2184 5723 ι,
2210 5650 2260 5701 5.
2292 5653 2548 5723 LAtdeest
2576 5651 2737 5702 αὐτοῦ
2774 5655 2825 5704 iu
2852 5667 2943 5706 sex
2967 5669 3092 5706 mss.
3121 5656 3247 5717 Qun:
3269 5650 3510 5723 Sequun-

1957 5731 2042 5793 tur
2077 5721 2267 5793 verba,
2287 5720 2343 5793 ξς
2382 5722 2542 5784 ἐστιν,
2573 5729 2700 5786 ctc.,
2739 5723 3079 5789 t'epct-‘iuutur
3132 5729 3180 5774 iu
3225 5720 3392 5793 Episi.
3442 5727 3509 5776 ad

1955 5791 2155 5844 Cttloss.
2183 5806 2218 5855 I,
2252 5789 2330 5842 1
