4062 6434
563 377 666 435 207

1878 383 1938 440 s.
1975 352 2223 439 VBASlLll
2263 385 2477 442 MAGNI

3712 386 3822 441 ετξ

559 489 833 562 quomodo
880 487 1042 544 fuerit
1091 489 1510 547 dissimilitudo?
1554 491 1621 548 Et
1661 496 1782 565 fecit
1834 495 1974 551 Deus
2031 498 2123 551 Ito-

2238 516 2306 574 σῃ
2325 500 2437 568 (77)
2452 515 2467 531 ο
2485 497 2625 568 Ἐγὼ
2639 499 2735 551 καὶ
2757 502 2789 552 ὀ
2806 495 3007 567 Πατὴρ
3024 496 3093 550 ἒν
3110 497 3316 564 ἐσμεν,
3331 497 3444 559 καὶ,
3464 497 3525 550 ’0
3541 497 3818 566 ἑωρακὼς

556 586 748 638 minem
801 583 865 637 ³⁷.
913 581 1058 647 Non,
1112 581 1398 640 Fecerunt.
1445 586 1643 641 Vitavit
1687 590 1789 643 hoc
1840 590 1958 643 loco
2006 605 2129 659 per-

557 689 813 731 sonarum
875 673 1292 731 multitudinem.
1341 676 1635 748 Postquam
1688 689 1868 733 autem
1915 695 2013 747 per
2045 680 2131 734 illa

555 763 1076 831 erudivitJudzeum,
1113 781 1208 836 per
1251 768 1364 823 haec
1408 784 1534 824 vero
1585 785 1825 825 errorem
1855 772 2131 842 gentilium

556 856 827 922 exclusit,
885 866 1000 910 tuto
1059 859 1290 912 recurrit
1332 859 1398 913 ad
1448 862 1734 926 unitatem,
1766 872 1905 916 utet
1935 863 2130 917 Filium

559 959 680 998 cunt
707 943 866 998 Pa‘tre
891 944 1180 1013 intelligas,
1207 957 1262 1000 et
1286 948 1582 1014 periculum
1611 950 1967 1006 multitudinis
2005 953 2134 1006 deo-

557 1053 675 1093 rum
700 1035 947 1106 effugias.
986 1035 1053 1090 In
1087 1039 1314 1107 imagine
1352 1039 1445 1093 Dei
1482 1041 1596 1110 {erit
1621 1043 1795 1109 ipsum
1829 1044 1893 1096 ⁸⁸.
1919 1043 2131 1099 Rursus

555 1142 846 1199 personam
872 1129 989 1194 ejus
1028 1128 1118 1197 qui
1146 1145 1328 1184 secum
1375 1132 1535 1185 simul
1580 1135 1926 1202 operabatur,
1961 1137 2130 1192 intro-

553 1216 732 1272 duxit.
770 1213 884 1269 Non
917 1215 1058 1270 enim
1097 1217 1231 1271 dixit
1266 1239 1275 1271 :
1311 1217 1366 1271 In
1402 1219 1636 1288 imagine
1666 1223 1745 1273 sui
1777 1221 1975 1289 ipsius;
2011 1225 2125 1289 sed,

554 1308 622 1366 In
655 1306 750 1362 Dei
783 1309 1032 1378 imagine.
1069 1307 1124 1362 In
1169 1325 1275 1378 quo
1310 1320 1490 1364 autem
1540 1311 1787 1380 praeferat
1821 1313 1912 1368 Dei
1942 1313 2128 1383 imagi-

558 1418 685 1457 nem
715 1401 876 1455 homo
899 1441 914 1465 ,
960 1410 1013 1456 et
1039 1417 1148 1472 quo
1181 1415 1339 1470 pacto
1366 1404 1734 1460 similitudinis
1762 1405 1874 1473 ejus
1909 1406 1980 1460 sit
2007 1423 2127 1474 par-

560 1492 750 1559 ticeps,
776 1491 827 1544 in
861 1492 1229 1558 sequentibus,
1260 1492 1368 1546 Deo
1392 1498 1572 1554 dante.
1599 1508 1950 1564 exponemus.
1977 1494 2127 1550 Nunc

552 1592 730 1636 autem
772 1582 824 1636 id
853 1581 1024 1636 solum
1052 1583 1282 1648 dicatur,
1315 1584 1360 1639 si
1395 1601 1498 1638 una
1529 1595 1612 1640 est
1638 1587 1837 1654 imago.
1871 1588 2009 1640 unde
2032 1588 2125 1642 tibi

549 1675 605 1730 in
643 1685 877 1729 mentem
910 1675 1057 1728 venit
1088 1677 1415 1742 impietatem
1445 1686 1552 1731 tam
1584 1677 1975 1732 intolerandam
2002 1694 2129 1747 pro-

551 1769 715 1832 llteri,
746 1778 802 1821 ut
833 1767 1029 1821 Filium
1067 1767 1213 1822 Patri
1241 1768 1555 1824 dissimilem
1583 1769 1768 1824 dicas?
1787 1769 1831 1826 Ο
1857 1771 2123 1841 ingratum

2231 589 2355 658 ἐμὲ,
2391 589 2609 659 ἑώρακε
2638 589 2743 642 τὸν
2774 588 3036 656 Πατέρα·
3066 587 3239 658 ταύτῃ
3257 585 3426 654 λέγει’
3462 587 3820 657 Ποιήσωμεν

2232 679 2542 748 ἄνθρωπον
2564 685 2690 733 κατ’
2719 681 2918 732 εἰκόνα
2947 677 3256 747 ἡμετέραν.
3289 679 3461 731 Ὅπου
3501 678 3598 748 μία
3631 679 3814 745 εἰκὼν,

2235 771 2335 824 ποῦ
2365 773 2423 825 τὸ
2453 773 2703 842 ἀνόμοιον
2724 788 2738 836 ;
2763 775 2868 825 Καὶ
2897 771 3188 837 ἐποίησεν
3214 773 3246 822 ὀ
3281 769 3424 835 Θεὸς
3457 770 3564 822 τὸν
3591 771 3816 840 ἅνθρω-

2234 877 2369 918 πον.
2423 864 2585 933 Οὐχὶ,
2634 863 2945 934 Ἐποίησαν.
2985 863 3224 930 Ἔφυγεν
3271 859 3504 913 ἐνταῦθα
3550 861 3643 913 τὸν
3674 863 3812 935 πλη-

2234 951 2438 1022 Θυσμὺν
2465 955 2572 1006 τῶν
2605 952 2930 1025 προσώπων.
2955 954 3032 1004 Δι’
3067 952 3289 1004 ἐκείνων
3317 952 3412 1022 μὲν
3449 952 3539 1004 τὸν
3558 953 3816 1006 Ἰουδαῖον

2233 1043 2517 1109 παιδεύων,
2544 1045 2631 1098 διὰ
2656 1045 2860 1098 τούτων
2890 1045 2947 1097 δὲ
2975 1044 3064 1097 τὸν
3100 1043 3449 1116 Ἐλληνισμὺν
3485 1045 3815 1112 ἀτωκλείων,

2233 1135 2491 1203 ἀσςαλῶς
2535 1136 2839 1207 ἀνέδραμεν
2885 1137 2976 1188 ἐπὶ
3014 1135 3112 1209 τὴν
3157 1136 3386 1206 μονάδα,
3423 1137 3509 1188 ἵνα
3558 1137 3654 1189 καὶ
3689 1137 3817 1190 Υίδν

2230 1227 2357 1294 νοῇς
2391 1223 2530 1294 μετὰ
2574 1226 2804 1294 Πατρὸς,
2833 1226 2927 1278 καὶ
2972 1227 3070 1296 τῆς
3125 1226 3409 1290 πολυθεῖας
3458 1225 3708 1298 ἐκφύγῃς
3754 1229 3819 1281 τὺ

2229 1316 2587 1369 ἐπικίνδυνον.
2650 1317 2750 1368 Ἐν
2791 1317 2977 1370 εικόνι
3018 1317 3164 1370 Θεοῦ
3209 1317 3321 1388 (78)
3363 1318 3656 1382 ἐποίησεν
3705 1320 3818 1372 αὑ-

2229 1409 2352 1460 τόν.
2383 1407 2551 1460 Πάλιν
2579 1405 2669 1458 τοῦ
2696 1407 2953 1477 συνεργοῦ
2974 1408 3035 1461 τὸ
3061 1408 3349 1478 πρόσωπον
3381 1410 3814 1480 παρεισήγαγεν.

2229 1499 2303 1550 Οὐ
2326 1499 2430 1568 γὰρ
2453 1495 2727 1562 εἷπεν,Ἐν
2753 1499 2916 1551 εἰκόνι
2931 1499 3144 1563 ἑαυτοῦ,
3169 1499 3305 1564 ἀλλ’,
3325 1497 3419 1552 Ἐν
3437 1503 3622 1554 εἰκόνι
3641 1501 3814 1555 Θεοῦ.

2242 1589 2328 1641 Ἐν
2348 1590 2453 1642 τίνι
2497 1590 2595 1658 μὲν
2626 1585 2717 1642 οὖν
2761 1589 2873 1660 ἔχει
2916 1589 2976 1641 τὸ
3009 1592 3126 1641 κατ’
3162 1592 3344 1643 εἰκόνα
3375 1591 3510 1644 Θεοῦ
3547 1592 3576 1643 ὁ
3606 1591 3818 1662 ἄνθρω-

2231 1699 2353 1744 πος,
2391 1684 2485 1736 καὶ
2530 1683 2644 1745 πῶς
2693 1680 3096 1752 μεταλαμϐάνει
3135 1682 3228 1733 τοῦ
3258 1682 3377 1735 καθ’
3423 1685 3706 1753 ὁμοίωσιν,
3757 1685 3818 1736 ὲν

2229 1776 2340 1836 τοῖς
2365 1775 2580 1843 ὲψεξῆς,
2612 1774 2748 1827 θεοῦ
2779 1773 3031 1836 διδόντος,
3060 1774 3336 1844 εἰρήσεται
3358 1791 3370 1803 ·
3409 1775 3504 1827 νῦν
3527 1775 3583 1828 δὲ
3617 1775 3817 1828 τοσοῦ-

551 1859 829 1916 animum!
865 1859 1301 1928 quandoquidem
1337 1861 1745 1916 similitudinem
1791 1878 1933 1928 eam,
1969 1863 2123 1933 cujus

2228 1875 2315 1915 τον
2343 1860 2599 1928 λεγέσθω,
2634 1865 2714 1916 ὅτι
2772 1865 2818 1915 εἰ
2880 1863 2980 1931 μία
3017 1861 3214 1924 εἰκὼν,
3269 1863 3431 1918 πόθεν
3465 1881 3545 1917 σοι
3577 1865 3819 1936 ἐπῆλθεν

549 1948 726 2008 factus
753 1964 812 2003 es
837 1950 1105 2017 particeps
1128 1987 1144 2010 ,
1176 1949 1422 2001 beneticii
1454 1953 1657 2005 auctori
1705 1968 1810 2006 non
1849 1953 2122 2021 rependis,

547 2053 602 2102 et
629 2057 692 2097 ea
722 2057 840 2111 qua:
864 2042 1003 2095 dono
1029 2055 1282 2096 concessa
1316 2052 1464 2105 sunt,
1498 2045 1591 2098 tibi
1629 2045 1726 2112 ipsi
1758 2047 1974 2111 quidem
1999 2062 2124 2114 pro-

547 2134 665 2203 pria
721 2146 940 2185 manere
985 2142 1182 2202 putas,
1233 2134 1325 2186 sed
1377 2151 1481 2187 uuu
1519 2136 1653 2189 sinis
1690 2139 1887 2191 habere
1929 2138 2121 2192 Filium

552 2243 676 2278 cum
725 2226 967 2294 genitore
1016 2235 1294 2292 acceptam
1351 2241 1380 2279 a
1444 2237 1634 2280 natura
1695 2229 2118 2286 similitudinem.

548 2315 745 2370 Verum
795 2317 949 2370 nobis
995 2316 1268 2371 silentium
1321 2319 1507 2372 indicit
1548 2330 1755 2388 tempus
1801 2320 2125 2390 advespera-

546 2423 730 2472 sccns,
755 2408 953 2478 quippe
979 2410 1121 2478 quod
1149 2408 1470 2478 jamdudum
1515 2411 1679 2464 SOle
1702 2412 1767 2464 ad
1791 2413 2122 2467 occidentem

548 2502 843 2556 Ilt'llllSCl‘ll.
884 2502 980 2555 llic
1017 2503 1180 2572 igitur
1219 2512 1274 2557 et
1303 2518 1400 2556 nos
1429 2503 1588 2555 dictis
1625 2505 1861 2556 contenti
1889 2545 1903 2566 ,
1925 2504 2125 2557 oratio-

552 2607 677 2646 nem
732 2594 1129 2661 consopiamus.
1174 2592 1328 2648 Nunc
1371 2594 1589 2663 quidem
1639 2606 1898 2662 quantum
1946 2597 2126 2651 etudio

546 2694 732 2738 vestro
779 2683 1072 2738 excitando
1103 2686 1236 2740 Salis
1281 2685 1415 2751 fuit,
1466 2699 1770 2740 sermonem
1805 2687 2120 2756 attigimus:

546 2777 641 2829 sed
673 2776 1054 2845 perfectiorem
1087 2793 1264 2833 rerum
1297 2779 1690 2848 propositarum
1719 2779 2121 2849 inquisitionem

547 2867 602 2928 in
631 2869 1109 2937 consequentibus.
1149 2868 1350 2936 Spiritu
1392 2879 1580 2925 sancto
1613 2871 1932 2937 adjuvanle,
1965 2873 2120 2926 adbi—

546 2958 817 3013 bcbimus.
847 2960 1007 3015 Abite
1047 2962 1415 3027 exsultantes,
1449 2975 1640 3015 amans
1667 2962 1863 3016 Christi
1896 2964 2120 3030 concio,

544 3059 600 3106 et
625 3053 803 3106 omnis
830 3052 1042 3108 obsonii
1081 3053 1380 3122 sumptuosi
1409 3062 1463 3106 et
1489 3051 1761 3106 variorum
1809 3053 2124 3109 condimen-

547 3151 723 3197 torum
756 3145 894 3210 loco,
929 3160 1116 3198 eorum
1152 3161 1271 3212 qua:
1298 3145 1534 3198 diximus
1571 3144 1829 3198 memoria
1870 3146 2122 3201 honestas

549 3245 764 3289 vestras
790 3249 1008 3290 mensas
1055 3236 1322 3288 instruite.
1354 3235 1730 3288 Cnnlundatur
1763 3236 1853 3303 qui
1885 3237 2120 3290 dissimi-

548 3324 831 3380 litudinem
863 3324 1109 3379 inducit:
1145 3325 1348 3394 pudore
1381 3322 1644 3376 atliciatur
1682 3323 1937 3378 Judmus:
1986 3342 2121 3396 gau-

547 3418 670 3472 deat
697 3416 819 3486 pius
869 3416 1210 3487 dogmatibus
1238 3414 1484 3470 veritatis
1520 3432 1533 3468 :
1565 3413 1896 3482 glorificetur
1939 3416 2119 3472 Domi-

547 3523 651 3574 nus
676 3547 692 3574 ,
727 3509 812 3562 cui
854 3508 1021 3579 gloria
1054 3520 1107 3562 et
1144 3509 1424 3578 imperium
1464 3507 1515 3560 in
1550 3506 1745 3560 siccula
1779 3509 2096 3564 saeculorum

546 3603 586 3657 Α
599 3615 741 3658 nten.

2226 1955 2475 2029 ἀφόρητα
2518 1955 2817 2020 δυσσεῦεἰν,
2868 1957 3121 2027 ἀνόμοιον
3170 1956 3380 2024 λέγοντι
3424 1956 3513 2008 τὸν
3563 1957 3692 2009 Υἱὸν
3738 1958 3818 2028 τῷ

2227 2046 2431 2116 Πατρί;
2466 2048 2528 2097 Ὢ
2550 2048 2646 2116 τῆς
2669 2048 2992 2118 ἀχαριστίας
3015 2049 3027 2101 ι
3055 2044 3122 2120 ἦς
3147 2045 3440 2119 μετὲλαϐες
3471 2049 3816 2118 ὁμοιότητος,

2225 2136 2426 2208 ταύτης
2451 2138 2510 2190 οὐ
2562 2137 2852 2208 μεταδίδως
2885 2138 2962 2208 τῷ
3005 2140 3299 2213 εὐεργέτῃ
3344 2139 3438 2192 καὶ
3487 2138 3667 2208 σαυτῷ
3716 2140 3818 2210 μὲν

2226 2229 2389 2302 κύρια
2424 2231 2606 2301 μένειν
2637 2229 2704 2282 τὰ
2737 2232 2801 2282 ἐκ
2833 2230 2932 2300 τῆς
2979 2232 3200 2302 χάριτος
3247 2231 3666 2304 παρασχεθέντα
3702 2232 3816 2300 (79)

2225 2318 2485 2390 νομίζεις,
2512 2319 2589 2389 τῷ
2620 2319 2676 2372 δὲ
2716 2318 2830 2389 Υἱῷ
2863 2318 2959 2391 τὴν
2997 2322 3061 2372 ὲκ
3088 2321 3303 2389 φύσεως
3347 2322 3640 2391 ὁμοιότητα
3677 2322 3818 2392 πρὸς

2225 2413 2313 2465 τὸν
2342 2415 2680 2482 γεννήσαντα
2705 2411 2850 2482 ἔχειν
2884 2413 2982 2465 οὐκ
3007 2415 3358 2484 ἐπιτρέπεις;
3403 2415 3562 2468 Ἀλλὰ
3599 2414 3814 2485 σιωπὴν

2224 2504 2334 2574 γὰρ
2361 2507 2489 2574 ἡμῖν
2523 2507 2804 2558 ἐπιτάσσει
2834 2504 3019 2559 λοιπὸν
3049 2509 3080 2576 ἡ
3113 2508 3321 2577 ἑσπέρα
3349 2506 3516 2560 παλαι
3551 2509 3693 2578 πρὸς
3722 2507 3817 2560 δυ-

2227 2593 2371 2662 σμὰς
2399 2594 2490 2646 τὸν
2515 2593 2665 2663 ἥλιον
2707 2595 3143 2664 παραπέμψασα.
3185 2597 3447 2650 Ἐνταῦθα
3490 2596 3552 2668 δὴ
3585 2593 3679 2649 οῦν
3720 2598 3816 2650 τὸν

2226 2683 2381 2753 λόγον
2439 2686 2533 2738 καὶ
2579 2687 2742 2755 ἡμεῖς
2789 2687 3208 2756 κατευνάσωμεν
3263 2689 3395 2757 (80),
3448 2689 3816 2760 ἀρκεσθέντες

2224 2781 2335 2843 τοῖς
2363 2779 2692 2850 εἰρημένοις.
2721 2777 2832 2830 Νῦν
2859 2777 2954 2848 μὲν
2982 2774 3074 2830 οὖν
3099 2780 3220 2831 ὅσον
3243 2779 3502 2850 διεγεῖραι
3536 2782 3690 2850 ὑμῶν
3721 2781 3816 2833 τὸν

2227 2867 2387 2937 ζῆλον
2424 2867 2518 2920 τοῦ
2577 2867 2735 2935 λόγου
2780 2864 3172 2936 παρηψάμε9α’
3206 2866 3304 2936 τὴν
3358 2867 3414 2918 δὲ
3469 2870 3816 2938 τελειοτέραν

2227 2959 2354 3030 περὶ
2385 2959 2493 3011 τῶν
2525 2958 2902 3031 προκειμένων
2938 2957 3184 3022 ἐξέτασιν
3211 2959 3268 3010 ὲν
3307 2960 3416 3019 τοῖς
3444 2959 3568 3028 ἑξῆς
3600 2959 3816 3012 ἀποδώ-

2227 3069 2390 3124 σομεν
2421 3056 2486 3123 τῇ
2524 3052 2785 3122 συνεργίᾳ
2816 3051 2910 3105 τοῦ
2951 3052 3291 3124 Πνεύματος.
3329 3052 3521 3104 Ἀπιτὲ
3560 3052 3672 3122 (81)
3721 3071 3814 3122 μοι

2225 3145 2525 3214 χαίροντες,
2552 3147 2584 3214 ὴ
2623 3144 2962 3215 φιλόχριστος
2993 3146 3276 3214 ἐκκλησία,
3302 3146 3418 3199 ἀντὶ
3449 3145 3652 3207 παντὸς
3669 3146 3811 3215 ὕψου

2228 3235 2552 3299 πολυτελοῦς
2577 3238 2670 3289 καὶ
2691 3254 2801 3289 των
2834 3237 3093 3290 ποικίλων
3123 3239 3553 3309 καρυκευμάτων
3575 3242 3644 3309 τῇ
3672 3240 3813 3308 μνή-

2224 3343 2296 3396 μῃ
2326 3326 2432 3378 τῶν
2466 3326 2768 3396 εἰρημένων
2819 3329 2918 3390 τὰς
2963 3329 3165 3396 σεμνὰς
3206 3329 3359 3397 ὑμῶν
3391 3329 3811 3399 κατακοσμοῦν-

2221 3433 2309 3479 τες
2333 3417 2629 3488 τραπέζας.
2676 3418 3135 3484 Κατςιισχυνέσθω
3179 3422 3208 3471 ὁ
3241 3421 3510 3489 ἀνόμοιος,
3551 3422 3811 3492 ἐντρεπὲ-

2222 3508 2333 3561 σθω
2363 3511 2390 3561 ὁ
2443 3507 2711 3572 Ἰουδαῖος,
2750 3509 3065 3577 ἀγαλλέσθω
3093 3513 3207 3572 τοῖς
3254 3511 3483 3580 δόγμασι
3524 3513 3628 3582 τῆς
3673 3512 3810 3580 ἀλη-

2221 3600 2369 3665 θείας
2395 3603 2422 3655 ὀ
2454 3600 2565 3671 (82)
2597 3600 2846 3672 εὐσεϐὴς,
2881 3599 3186 3665 δοξαζέσθω
3217 3605 3245 3654 ό
3279 3603 3502 3672 Κύριος,
3535 3597 3580 3673 ᾧ
3623 3607 3656 3675 ἡ
3685 3602 3814 3668 δόξα

2227 3695 2319 3751 καὶ
2345 3695 2404 3746 τὸ
2437 3695 2635 3765 κράτος
2662 3696 2738 3757 είς
2766 3695 2891 3758 τοὺς
2926 3693 3129 3757 αἰῶνας
3151 3693 3261 3746 τῶν
3297 3693 3526 3750 αἰώνων.
3569 3698 3769 3769 Ἀμήν.

2315 3907 2428 3922 ri;—
2447 3909 2888 3920 ——_—...___-__—...__
2906 3914 3068 3922 —.——

1842 4095 2459 4188 MONITUM.

619 4532 734 4604 89
770 4531 954 4588 Basilii
1011 4534 1066 4585 in
1102 4533 1343 4586 Psalmoe
1392 4533 1668 4588 orationes
1721 4544 1846 4603 post
1889 4534 2038 4605 Opus
2072 4551 2164 4589 sex
2213 4538 2420 4590 dierum
2471 4536 2705 4590 edendas
2744 4550 2862 4592 esse
2902 4539 3285 4608 judicavimus.
3319 4538 3499 4592 Visum
3533 4546 3614 4592 cst
3661 4539 3806 4591 enim

556 4628 892 4697 Scripturam
930 4641 958 4680 a
994 4625 1272 4695 Scriptura
1301 4641 1404 4679 non
1437 4642 1711 4696 separare.
1738 4627 1892 4696 Quod
1924 4629 1971 4684 si
1997 4638 2254 4698 utrasque
2286 4631 2559 4683 orationes
2593 4640 2645 4683 ct
2671 4631 2722 4683 in
2752 4626 3113 4686 Hexaemeron
3137 4635 3262 4687 etin
3299 4629 3540 4684 Psalmos
3576 4629 3718 4681 inter
3748 4644 3807 4683 se

560 4736 878 4789 comparare
922 4720 1170 4774 volumus
1195 4759 1210 4782 ,
1251 4733 1355 4772 non
1391 4720 1596 4783 negabo
1630 4722 1844 4790 quidem
1890 4723 2101 4793 priores
2134 4723 2526 4791 posterioribus
2561 4722 2716 4793 longe
2758 4727 2898 4795 apud
2933 4727 3186 4793 antiquos
3226 4725 3394 4780 fuisse
3426 4723 3753 4778 celebriores
3786 4741 3801 4776 :

560 4812 650 4866 sed
686 4828 789 4864 non
831 4812 987 4867 facile
1032 4810 1326 4867 concedam
1371 4810 1615 4865 utiliores
1655 4828 1796 4870 esse.
1822 4814 1888 4868 Et
1921 4825 1982 4868 ut
2024 4814 2189 4870 semel
2230 4815 2401 4869 dicam
2443 4814 2584 4884 quod
2636 4817 2846 4881 sentio,
2879 4816 3185 4886 eloquentia
3231 4817 3274 4870 si
3320 4823 3595 4885 spectetur
3643 4826 3805 4884 atque

557 4903 798 4956 Varietas
824 4903 1147 4972 argumenti,
1181 4906 1358 4971 patiar
1388 4901 1749 4957 Hexaemeron
1773 4908 2064 4973 anteponi;
2095 4908 2138 4960 si
2182 4904 2388 4961 fructus
2414 4917 2574 4976 atque
2599 4909 2821 4972 utilitas,
2857 4924 2960 4962 non
2995 4909 3145 4963 item.

623 4994 869 5050 PSulmos
905 5011 1103 5063 paucos
1129 4996 1515 5060 interpretatus
1539 5005 1614 5047 est
1645 4994 1894 5061 Basilius,
1921 5007 2015 5050 aut
2039 5007 2186 5051 certe
2212 5013 2505 5066 paucorum
2536 5000 3035 5066 interpretationem
3063 5001 3127 5054 ad
3158 5016 3255 5057 nos
3288 5015 3456 5070 usque
3481 4995 3805 5076 pervenisse

621 5153 666 5183 ’⁷
695 5150 889 5217 Gen.t,
923 5149 1012 5204 27.
1055 5150 1100 5180 "
1136 5151 1262 5205 ibid.

625 5314 735 5385 (77)
763 5312 854 5367 Sic
897 5312 1112 5385 codices
1141 5321 1266 5365 tres.
1288 5311 1448 5385 qliditi
1481 5309 1626 5382 ζώσῃ
1660 5329 1713 5364 τε
1743 5313 1836 5365 καὶ
1869 5312 2122 5384 είπούσῃο

568 5383 798 5438 Ἰεῖγώτε
832 5383 926 5436 καὶ
952 5383 1000 5434 ὁ.
1043 5383 1323 5435 (Ionscntit
1362 5395 1538 5435 textus
1565 5400 1720 5435 sacer
1742 5399 1861 5436 cum
1895 5398 2021 5435 mss.

623 5455 734 5523 (78)
804 5454 891 5505 ’Ev
937 5452 1115 5523 εἰκόνι
1166 5450 1326 5505 Θεοῦ’
1389 5453 1476 5505 ubi
1538 5451 1678 5506 LXX
1735 5453 2128 5521 signiﬁcantius

549 5521 672 5582 κατ’
706 5521 891 5577 εἰκόνα
920 5521 1076 5576 Θεοῦ.

621 5596 933 5666 (79)]ἢιῗκη
973 5595 1194 5666 quintus
1252 5610 1333 5645 σοι
1383 5592 1818 5666 παρασχεθέντα.
1888 5594 2127 5666 Subinde

551 5669 677 5720 catiti
711 5664 790 5733 τῷ
813 5665 869 5716 δὲ
894 5664 1084 5735 Κυρίῳ
1115 5666 1236 5733 τήν.
1279 5668 1347 5717 At
1378 5663 1473 5718 sex'
1503 5681 1632 5720 mss.
1669 5665 1744 5735 τῷ
1774 5663 1830 5716 δὲ
1859 5665 1970 5734 Υἱῷ
2004 5665 2123 5735 τήν.

551 5735 690 5793 infra
732 5735 860 5804 Reg.
886 5738 1091 5803 primus
1125 5737 1203 5798 εἰς
1225 5735 1454 5804 δυσμάς.

625 5804 734 5875 (80)
764 5802 900 5871 Reg.
927 5805 1145 5872 quintus
1176 5802 1676 5874 καταέτπλσώμεθα.
1710 5802 1843 5875 Reg.
1887 5807 1918 5859 3
1950 5821 2118 5858 7.1119

2243 5313 2560 5385 παύσωμεν.
2593 5313 2729 5385 Editi
2756 5330 2875 5368 cum
2902 5313 3168 5385 aliquibus
3196 5331 3322 5370 mss.
3354 5328 3408 5370 ut
3436 5318 3487 5370 in
3522 5327 3692 5377 textu.

2309 5383 2593 5455 (81)“Ε‹Ιίιί
2624 5384 2782 5437 ἄπιτε
2829 5383 2978 5453 γοῦν.
3018 5383 3172 5440 Deest
3201 5387 3331 5454 γοῦν
3368 5387 3418 5439 in
3455 5391 3656 5440 nostris
3702 5407 3795 5444 sex

2235 5471 2366 5508 mss.
2393 5467 2443 5507 ct
2472 5457 2521 5509 in
2564 5455 2711 5508 Bodl.
2763 5457 2825 5507 lit
2858 5455 3070 5522 quidem
3102 5458 3359 5523 particula
3383 5455 3514 5523 γοῦν
3535 5474 3597 5508 cn
3626 5467 3796 5519 magis

2234 5535 2479 5598 suspecta
2523 5527 2694 5598 rideri
2733 5526 2917 5589 debet,
2949 5527 3087 5591 quod
3122 5527 3317 5579 Basilio
3349 5542 3689 5598 nequaquam
3720 5529 3796 5581 fa-

2234 5597 2457 5648 miliaris
2490 5597 2578 5649 sit.

2306 5665 2417 5738 (82)
2447 5666 2596 5721 (Συηι.
2635 5664 3170 5738 θεοιιιιιίιιςλδόγμασι
3217 5665 3318 5735 τῆς
3364 5666 3694 5738 Ἐκκλησίας
3745 5669 3794 5722 ὀ.

2235 5735 2424 5791 Statim
2464 5739 2601 5792 idem
2631 5737 2797 5793 codex
2826 5735 3046 5807 κράτος,
3077 5739 3110 5805 ἡ
3147 5739 3279 5808 τιμὴ
3307 5738 3398 5790 καὶ
3428 5735 3800 5809 προσκύνησις

2229 5821 2328 5869 εις.
