4062 6454
296 434 403 488 9.09
1503 429 1787 486 HOMILIA
1824 428 1893 485 IN
1936 430 2266 487 PSALMUM
2306 431 2347 489 1.
3430 423 3537 478 ξω

296 555 529 601 constat.
572 545 696 601 Mihi
732 545 946 614 quidem
975 545 1197 601 dubium
1233 561 1337 601 non
1368 553 1471 609 est,
1510 546 1636 615 quin
1671 546 2023 615 gravissimus
2065 545 2225 600 Pater
2245 556 2300 600 et
2330 547 2467 601 alios
2496 544 2732 615 psalmos
2759 546 3143 612 interpretatus
3166 542 3263 603 sit,
3289 555 3412 594 cum
3447 539 3534 591 vix

297 646 471 713 possit
505 642 683 697 afferri
715 643 875 708 ratio,
906 657 1005 697 cur
1045 643 1142 697 hos
1164 657 1301 711 quos
1333 641 1595 696 habemus
1623 641 1966 710 exposuisset
1994 656 2130 696 unos
2160 659 2174 694 :
2217 640 2313 696 sed
2345 651 2522 696 tamen
2553 640 2620 695 iis
2648 642 2896 695 assentiri
2920 655 3026 693 non
3058 651 3219 707 queo,
3252 636 3344 705 qui
3369 649 3530 703 argu-

295 750 542 795 mentum
568 738 931 793 certissimum
964 747 1124 809 atque
1152 738 1615 791 evidentissimum
1646 752 1711 793 ex
1746 738 2193 806 interpretatione
2226 737 2416 806 psnlmi
2447 736 2660 805 septimi
2692 745 2746 788 et
2774 730 3031 789 tricesimi
3065 729 3171 798 peti
3204 740 3365 796 posse
3388 724 3536 778 arbi-

295 841 527 888 trantur.
554 831 703 900 Quod
732 834 874 888 enim
892 831 1191 901 aiunt(83),
1221 832 1377 885 citari
1404 833 1453 884 in
1485 832 1588 886 hac
1612 832 2056 900 interpretatione
2084 832 2515 901 explanationem
2538 831 2728 902 psalmi
2749 829 2910 891 sexti,
2939 840 3039 881 nec
3088 835 3262 878 tamen
3290 836 3408 875 eam
3443 836 3535 875 us-

300 938 463 993 quam
497 940 835 995 comparere,
868 926 919 979 id
952 924 1104 979 futile
1132 934 1215 979 est
1246 926 1468 979 omnino
1493 936 1543 979 et
1571 926 1748 979 inane.
1777 925 1873 979 llla
1897 927 2041 979 enim
2069 928 2260 994 psalmi
2289 927 2547 982 tricesimi
2583 924 2797 995 septimi
2828 919 3221 990 interpretatio,
3245 917 3322 972 uti
3351 923 3537 969 osten-

292 1018 503 1080 demus,
540 1018 759 1073 Eusebii
809 1019 948 1073 fetus
980 1028 1098 1082 est,
1130 1033 1238 1074 non
1271 1016 1481 1071 Basilii.
1509 1016 1711 1072 Praeter
1743 1018 1842 1071 hos
1873 1032 2009 1087 quos
2046 1018 2310 1075 habemus
2338 1019 2609 1089 psalmos,
2643 1015 2795 1072 citari
2836 1022 2891 1067 et
2920 1013 3057 1067 alios
3100 1027 3129 1064 a
3162 1007 3532 1077 Metaphrasta

291 1110 437 1165 haud
469 1110 777 1182 ignoramus
808 1130 821 1165 :
855 1111 950 1165 sed
984 1110 1363 1181 Metaphrasta:
1390 1113 1443 1166 in
1473 1112 1667 1167 litteris
1698 1114 1995 1168 auctoritas
2018 1128 2079 1167 ea
2118 1130 2225 1169 non
2251 1126 2356 1183 est,
2391 1131 2552 1184 quam
2587 1129 2730 1168 caeco
2766 1115 2965 1182 impetu
3003 1108 3157 1177 sequi
3186 1122 3462 1176 cogamur.

362 1202 829 1259 Circumferuntur
856 1202 1071 1255 nomine
1098 1201 1278 1256 Basilii
1310 1203 1491 1257 decem
1527 1210 1579 1255 et
1615 1210 1821 1270 septem
1856 1200 2134 1256 Orationes
2167 1204 2222 1255 in
2252 1201 2516 1260 Psalmos.
2557 1203 2662 1257 Sed
2703 1202 2814 1256 fere
2848 1198 3096 1255 convenit
3131 1198 3272 1252 inter
3313 1198 3533 1261 doctos,

291 1304 522 1357 alteram
564 1302 617 1356 in
647 1299 959 1354 vicesimum
1006 1310 1254 1353 octavum
1294 1299 1558 1368 psalmum
1590 1297 1867 1352 homiliam
1900 1299 1964 1351 ad
1988 1313 2111 1352 eum
2153 1299 2374 1354 minime
2418 1301 2691 1367 pertinere
2734 1318 2749 1353 :
2785 1299 2878 1353 sed
2923 1310 3057 1366 opus
3093 1308 3215 1348 esse
3246 1293 3491 1363 plagiarii
3517 1331 3533 1357 ,

292 1398 378 1450 vel
410 1396 589 1464 pctius
616 1390 844 1447 studiosi
892 1389 1219 1460 cuiuspiam,
1257 1390 1345 1458 qui
1377 1404 1433 1443 se
1472 1404 1728 1443 exercere
1755 1430 1771 1453 ,
1807 1397 1863 1443 et
1889 1387 2145 1442 Basilium
2178 1389 2375 1444 imitari
2415 1388 2666 1445 voluerit.
2706 1390 2893 1447 Oratio
2921 1405 3134 1462 quoque
3164 1392 3215 1445 in
3246 1390 3534 1460 septimum

288 1499 346 1543 et
378 1488 707 1543 tricesimum
754 1484 1022 1555 psalmum
1052 1494 1300 1555 StISpecta
1339 1482 1553 1552 quidem
1583 1482 1699 1536 visa
1739 1491 1824 1537 est
1847 1482 2213 1538 Combelisio:
2253 1484 2348 1537 sed
2408 1484 2576 1537 noluit
2631 1485 2922 1555 quidquam
2977 1495 3240 1547 statuere,
3272 1493 3362 1535 aut
3411 1497 3535 1551 pro-

290 1585 563 1640 nuntiare.
592 1582 860 1636 Potuisset
890 1589 1091 1646 tamen,
1127 1595 1248 1634 cum
1281 1578 1456 1633 oratio
1488 1577 1597 1645 illa,
1634 1590 1691 1633 ut
1723 1578 2064 1641 monuimus,
2098 1586 2374 1632 auctorem
2406 1578 2599 1633 habeat
2638 1596 2741 1633 non
2777 1578 3034 1633 Basilium
3060 1619 3075 1642 ,
3104 1578 3196 1631 sed
3226 1575 3532 1631 Eusebium.

289 1676 367 1729 De
402 1676 481 1727 his
506 1674 678 1728 fusius
699 1674 748 1727 in
773 1673 1116 1728 Praafatione.

361 1763 602 1831 Reliqua:
623 1764 930 1832 quindecim
964 1765 1238 1819 orationes
1268 1779 1365 1833 pro
1392 1765 1626 1833 genuino
1664 1763 1848 1817 Basilii
1882 1764 1990 1818 fetu
2028 1763 2299 1816 habentur
2325 1764 2392 1816 ab
2419 1762 2692 1816 omnibus.
2732 1761 2813 1817 Me
2852 1763 3067 1830 quidem
3106 1775 3429 1829 magnopere
3458 1767 3537 1813 tot

286 1856 622 1909 eruditorum
654 1855 893 1908 virorum
918 1867 1223 1909 commovet
1253 1858 1545 1908 auctoritas
1572 1872 1584 1907 :
1622 1854 1715 1907 sed
1742 1871 1806 1908 ne
1834 1854 1887 1908 in
1909 1868 2094 1908 eorum
2127 1852 2449 1905 sententiam
2480 1855 2797 1917 concedam,
2828 1853 3116 1922 prohibent
3151 1851 3338 1915 multa,
3366 1864 3539 1919 eaque

288 1947 636 2017 gravissima.
674 1947 779 2000 Res
808 1959 984 2002 autem
1027 1947 1431 2016 inquisitionem
1475 1945 1767 2015 longiorem
1808 1947 2313 2017 diligentioremque
2357 1960 2476 1999 cum
2511 1944 2778 2013 postulet,
2829 1944 2880 1998 id
2911 1945 3245 1999 commodius
3278 1943 3446 1996 multo
3478 1942 3534 1996 in

297 2038 615 2107 pr:rfatione
642 2040 873 2107 generali
900 2039 1292 2105 praestabimus.
1322 2037 1505 2092 Dicam
1532 2039 1727 2102 obiter,
1761 2040 2059 2103 orationes,
2085 2055 2201 2109 qum
2238 2053 2360 2091 vere
2386 2037 2565 2090 Basilii
2600 2044 2747 2100 sunt,
2773 2037 2838 2091 ad
2873 2037 3126 2105 pupulum
3153 2037 3360 2090 habitas
3387 2049 3532 2088 esse.

288 2122 450 2198 Inque
475 2138 740 2185 conventu
776 2128 989 2196 publico
1018 2131 1417 2197 pronuntiatus,
1456 2144 1511 2187 et
1549 2147 1885 2202 qumcunque
1916 2134 2055 2187 hanc
2093 2141 2271 2185 notam
2311 2146 2417 2198 pne
2450 2145 2507 2184 se
2539 2145 2641 2181 non
2676 2126 2797 2191 fert,
2826 2143 2944 2183 eam
2975 2132 3043 2182 ob
3074 2128 3122 2181 id
3156 2128 3324 2181 solum
3354 2138 3539 2194 suspe-

284 2236 428 2278 etam
458 2225 625 2277 videri
657 2222 871 2276 debcrc.

358 2314 575 2385 Legenti
604 2316 729 2369 mihi
768 2316 818 2369 id
841 2330 996 2386 opus,
1037 2315 1178 2384 quod
1222 2315 1485 2369 edendum
1529 2319 1737 2369 curavit
1767 2316 1846 2369 vir
1883 2316 2226 2371 doctissimus
2266 2312 2543 2366 Balthasar
2584 2310 2907 2378 Corderius,
2971 2314 3208 2367 occurrit
3250 2312 3535 2371 dilucultas

286 2407 429 2464 haud
463 2409 677 2476 exigua.
712 2407 844 2462 Nam
873 2408 1162 2461 maximam
1200 2418 1405 2476 partem
1432 2422 1615 2461 eorum
1652 2423 1768 2477 qua:
1793 2408 1845 2461 in
1869 2407 2285 2463 Commentario
2316 2405 2581 2460 Theodori
2619 2402 2949 2458 Heracleota:
2973 2404 3246 2474 legebam,
3296 2411 3535 2475 comperi

287 2504 421 2558 nihil
444 2503 585 2558 aliud
617 2519 774 2567 esse.
818 2505 917 2558 nisi
950 2505 1118 2569 ipsam
1155 2503 1336 2556 Basilii
1373 2506 1428 2557 in
1466 2500 1705 2557 Psalmos
1752 2503 2187 2572 explanationem
2210 2543 2225 2568 ,
2258 2502 2418 2570 idque
2451 2501 2516 2553 ad
2557 2500 2801 2554 verbum.
2834 2496 3073 2554 Verebar
3099 2515 3201 2553 una
3239 2512 3304 2552 ex
3342 2510 3532 2568 parte,

289 2600 752 2654 Commentariun)
790 2601 935 2654 illum
964 2600 1245 2655 Theodoro
1276 2602 1534 2660 adimere.
1566 2601 1633 2654 ob
1666 2612 1903 2654 veterum
1935 2600 2196 2655 librorum
2222 2602 2624 2664 auctoritatem,
2656 2601 2722 2655 ad
2749 2614 2977 2669 quorum
3005 2597 3163 2653 fidem
3191 2598 3293 2653 hoc
3321 2599 3369 2653 ei
3399 2614 3536 2670 Opus

289 2696 549 2748 tributum
586 2707 668 2750 est
695 2715 707 2750 :
743 2712 806 2750 rx
837 2697 1027 2761 altera,
1061 2708 1337 2750 oratorum
1368 2698 1630 2765 optimum
1658 2695 1914 2750 Basiliam
1940 2696 2064 2749 furti
2093 2696 2356 2750 dedecore
2384 2705 2546 2759 atque
2574 2693 2791 2747 infamia
2822 2709 3110 2763 aspergere
3138 2710 3243 2748 non
3269 2705 3530 2763 poteram.

291 2788 399 2843 Sed
435 2806 539 2843 non
572 2792 657 2843 ditt
690 2807 981 2859 suspensus
1013 2791 1085 2843 fui
1114 2801 1166 2845 et
1206 2792 1464 2846 incertus.
1496 2791 1629 2844 Nam
1656 2792 1837 2846 statim
1865 2792 2059 2861 agnovi
2087 2791 2543 2845 Commentariutn
2577 2807 2696 2844 eum
2728 2792 2818 2859 qui
2865 2792 3084 2845 nomine
3128 2790 3395 2845 Theodori
3427 2791 3534 2844 cir-

292 2882 611 2948 cunilertur,
637 2879 905 2937 Theodori
944 2885 1102 2937 unius
1130 2901 1263 2952 opus
1303 2901 1408 2938 non
1436 2902 1576 2947 esse,
1610 2888 1702 2939 sed
1732 2886 2044 2949 multorum,
2075 2884 2343 2955 Origenis,
2373 2884 2608 2949 Eusebii,
2644 2884 2826 2938 Basilii
2863 2884 3052 2954 ipsius,
3086 2884 3293 2953 Didymi
3319 2924 3333 2947 ,
3366 2880 3530 2936 Joan-

287 2972 373 3025 nis
400 2972 793 3043 (Jhrysostmni.
830 2974 1177 3038 Theodoreti,
1212 2986 1317 3029 etc.
1346 2976 1461 3031 Uno
1487 2977 1670 3039 verbo,
1704 2978 1975 3030 constabit
1998 2992 2059 3029 ex
2085 2976 2400 3045 prafatione
2421 3017 2435 3039 ,
2472 2975 2933 3029 Commentariutn
2961 2975 3222 3029 hactenus
3249 2973 3533 3027 Theodoro

288 3058 620 3116 lleraclcotzn
653 3064 967 3119 aitributum
999 3066 1048 3117 in
1073 3065 1393 3120 Catenarum
1420 3081 1643 3119 innuero
1671 3069 1853 3134 reponi
1883 3069 2075 3121 merito
2103 3082 2277 3136 posse.
2305 3069 2381 3121 Ex
2408 3084 2514 3138 quo
2550 3069 2627 3131 lit,
2666 3078 2723 3122 ut
2749 3066 2981 3123 Basilius
3011 3079 3192 3122 noster
3221 3067 3535 3140 longissime

287 3150 357 3203 ab
383 3154 525 3206 omni
554 3156 893 3222 expilationis
921 3157 1156 3223 furtique
1182 3156 1489 3223 suspicione
1515 3156 1704 3209 abesse
1726 3157 1936 3212 debeat.

357 3241 474 3295 Jam
507 3244 551 3297 si
582 3245 847 3313 quispiam
880 3254 1104 3309 quierat,
1132 3260 1235 3312 quo
1261 3254 1521 3313 tempore,
1556 3260 1663 3313 quo
1689 3245 1807 3300 loco
1831 3246 2023 3301 habitcc
2050 3248 2158 3301 sint
2185 3249 2286 3302 illa:
2318 3249 2499 3303 Basilii
2529 3252 2580 3302 in
2613 3249 2853 3303 l’satmos
2884 3264 3168 3314 orationes,
3203 3260 3531 3320 respondere

288 3344 593 3402 promptum
626 3350 730 3386 non
766 3335 888 3386 erit.
926 3335 1020 3388 Vix
1054 3336 1195 3389 enim
1228 3351 1288 3389 ea
1317 3336 1383 3390 de
1412 3352 1471 3391 re
1493 3338 1628 3391 certi
1661 3338 1955 3408 quidquam
1988 3340 2150 3393 statui
2195 3354 2353 3410 posse
2384 3341 2737 3396 arbitramur.
2765 3339 3030 3396 Malutnus
3055 3352 3235 3394 autem
3269 3343 3336 3396 de
3371 3344 3534 3401 rebus

288 3426 469 3489 silere,
503 3439 660 3493 quam
691 3425 880 3479 falsum
918 3426 1119 3495 aliquid
1148 3439 1239 3482 aut
1268 3430 1533 3484 incertum
1567 3435 1939 3499 pronuntiare.

362 3518 530 3573 Nemo
568 3521 729 3590 paulo
762 3522 1042 3577 humanior
1070 3525 1264 3590 nescit,
1302 3525 1665 3590 Ambrosium,
1692 3542 1814 3579 ουιιι
1840 3543 1966 3581 suos
1992 3529 2044 3579 in
2074 3526 2439 3581 Hexaemeron
2486 3528 2653 3581 libros
2683 3528 2979 3589 scriberet,
3023 3528 3286 3595 permulta
3317 3529 3384 3582 ad
3413 3543 3531 3582 ver-

288 3614 414 3667 bum
448 3628 477 3668 e
501 3613 700 3669 Basilio
725 3616 1041 3684 sumpsisse.
1075 3617 1181 3672 Sed
1214 3634 1317 3672 non
1342 3619 1414 3672 ita
1451 3628 1632 3673 notum
1665 3630 1769 3682 est,
1801 3636 1922 3674 eum
1951 3620 2049 3673 hoc
2074 3620 2211 3673 idem
2240 3620 2451 3686 fecisse,
2486 3636 2606 3674 cum
2632 3619 2870 3688 psalmos
2904 3622 3167 3689 quasdam
3202 3623 3531 3693 interpreta-

292 3718 456 3760 retur.
491 3706 595 3760 Nec
628 3709 875 3778 cuiquam
906 3709 955 3763 id
990 3710 1178 3763 mirum
1216 3710 1380 3764 videri
1407 3710 1586 3775 debet,
1620 3726 1743 3766 cum
1774 3712 2088 3766 Ambrosius
2118 3712 2167 3765 in
2195 3711 2547 3780 explanandis
2578 3710 2807 3765 Psalmis
2830 3729 2936 3767 non
2972 3714 3139 3768 multa
3171 3716 3459 3768 admodum
3498 3733 3529 3772 a

291 3804 489 3856 Basilio
518 3813 790 3858 mutuatus
828 3806 914 3860 sit.
958 3806 1221 3870 Quoniam
1267 3816 1441 3859 tamen
1475 3822 1580 3861 non
1606 3809 1797 3861 desunt
1837 3809 2031 3876 quibus
2070 3810 2364 3875 jucundum
2414 3809 2485 3862 sit
2525 3818 2577 3862 et
2612 3819 2824 3875 gratum
2858 3820 3183 3873 cognoscere
3223 3807 3350 3871 quid
3385 3807 3526 3863 alius

290 3898 519 3964 scriptor
544 3896 609 3949 ab
641 3896 747 3949 alio
779 3898 1086 3965 sumpserit,
1120 3897 1208 3950 illa
1243 3897 1513 3953 Ambrosii
1547 3898 1687 3961 loca,
1725 3900 2196 3968 quantulacunque
2226 3913 2371 3963 sunt,
2406 3917 2503 3955 suo
2536 3901 2653 3955 loco
2684 3901 2949 3954 adnotare
2976 3912 3083 3952 non
3119 3897 3342 3967 pigebit.

364 3986 558 4041 Videre
585 3997 667 4041 est
691 3988 741 4039 in
776 3988 980 4041 Latinis
1003 3989 1331 4043 editionibus
1367 3992 1609 4060 quaedam
1638 3995 1692 4045 in
1723 3990 1960 4046 Psalmos
1999 3994 2243 4058 Scholia,
2276 4011 2394 4063 quae
2432 3996 2625 4049 Basilio
2654 3994 2992 4057 tribuuntur;
3020 3992 3115 4046 sed
3138 3993 3204 4046 de
3228 3993 3295 4048 iis
3322 3994 3530 4065 longius

292 4077 562 4133 disserere
592 4094 808 4133 necesse
836 4096 941 4134 non
971 4081 1199 4136 videtur.
1234 4079 1429 4137 Notum
1458 4095 1541 4138 est
1571 4084 1715 4138 enim
1751 4098 1813 4138 ea
1847 4084 2116 4145 epitomen
2148 4100 2269 4139 esse
2305 4102 2333 4139 e
2360 4085 2729 4157 Chrysostomi
2762 4095 2819 4139 et
2847 4083 3171 4139 Theodoreti
3200 4085 3352 4139 libris
3385 4086 3529 4141 male

290 4173 742 4231 consarcinatam.
772 4174 902 4229 Cum
932 4194 1061 4249 ergo
1090 4195 1152 4233 ea
1187 4180 1404 4235 Scholia
1439 4182 1489 4234 in
1534 4182 1733 4250 Spuriis
1760 4190 1922 4248 atque
1961 4181 2276 4238 adulterinis
2308 4184 2430 4252 poni
2458 4193 2707 4252 oportere
2740 4182 3013 4236 fateantur
3045 4196 3257 4245 omnes,
3283 4183 3334 4235 id
3364 4182 3530 4237 semel

288 4269 505 4319 notasse
526 4267 658 4320 satis
693 4268 1033 4333 habebimus,
1067 4287 1164 4325 nec
1206 4288 1427 4340 usquam
1466 4272 1694 4340 amplius
1724 4272 1789 4326 de
1813 4271 1881 4326 iis
1906 4273 2230 4338 mentionem
2272 4275 2434 4330 ullam
2464 4275 2740 4331 faciemus.
2775 4274 2906 4330 Nam
2948 4277 3004 4330 in
3045 4278 3205 4333 rebus
3229 4276 3531 4347 perspicuis

293 4364 530 4422 tempore
559 4359 880 4414 abutendum
917 4371 970 4416 et
995 4365 1325 4429 argumentis
1359 4380 1460 4416 non
1498 4374 1744 4433 putamus
1778 4361 1911 4434 (84).

565 4626 700 4681 ΤΟΥ
723 4629 809 4681 ΕΝ
826 4631 1047 4686 ΑΙἸΟΙΣ
1080 4633 1349 4687 ΠΑΤΡΟΣ
1386 4634 1582 4690 ΗΜΩΝ

1554 4636 1582 4689 Ἴ
2341 4638 2587 4695 SANCTI
2622 4637 2873 4696 PATRIS
2910 4639 3158 4697 NOSTBI

759 4821 1363 4923 ΒΑΣΙΛΕΙΟΥ,

1348 4887 1363 4923 ›
2538 4839 2952 4929 BASILH,

424 5027 873 5100 ’Δρχιεπισκόπου
922 5033 1257 5101 Καισαρείας
1296 5034 1708 5100 Καππαδοκίας,

1679 5054 1708 5100 ξ,
2208 5042 2466 5099 Carsareie
2491 5044 2842 5115 Cappadociae
2871 5046 3283 5115 archiepiscopi,

390 5194 636 5247 OMIAIA
670 5195 793 5246 ΕΙΣ
822 5196 953 5249 ΤῡΝ
978 5196 1266 5249 ΠΡΩΤΟΝ
1287 5199 1591 5254 ΨΑΛΜΟΝ
1604 5198 1740 5265 (85).
1878 5212 1927 5269 Α

1878 5212 1927 5269 Α
2135 5201 2455 5257 ΗΟΜΙΜΑ
2498 5200 2586 5256 ΙΝ
2630 5200 2981 5258 ΡδΑιΜῐΙΜ
3031 5202 3348 5261 PRIMUM.

352 5324 401 5378 1.
435 5326 591 5380 Πᾶσα
636 5324 824 5397 Γραφὴ
880 5325 1231 5390 Θεόπνευσυτος
1284 5331 1376 5382 καὶ
1418 5327 1707 5399 ὠφέλιμος,
1762 5329 1848 5383 διὰ

2023 5333 2132 5404 90
2167 5336 2217 5389 l.
2257 5335 2445 5389 Omnis
2491 5334 2767 5406 Scriptura
2807 5347 2889 5391 est
2936 5338 3189 5393 divinitus
3223 5340 3482 5409 inspirata

278 5415 438 5470 τοῦτο
471 5422 842 5489 συγγραφεῖσα
876 5420 1026 5490 παρὰ
1056 5419 1147 5472 τοῦ
1176 5419 1509 5489 Πνεύματος,
1546 5421 1632 5485 ἶν’,
1663 5421 1851 5492 ὥσπερ

1951 5432 2114 5490 atque
2145 5424 2287 5478 utilis
2318 5424 2384 5489 ”,
2420 5426 2539 5477 ideo
2566 5440 2595 5477 a
2630 5425 2831 5494 Spiritu
2867 5435 3054 5481 sancto
3083 5430 3388 5497 conscripta
3417 5474 3430 5492 ,
3462 5451 3513 5487 υ.

282 5510 339 5563 ὲν
365 5508 526 5579 κοινῷ
555 5510 663 5561 τῶν
705 5509 891 5579 ψυχῶν
961 5512 1197 5583 ἰατρείῳ,
1248 5511 1447 5578 πάντες
1481 5511 1753 5583 ἄνθρωποι
1788 5515 1848 5566 τὸ

1953 5516 2099 5569 velut
2132 5517 2185 5570 in
2233 5517 2506 5571 communi
2544 5516 2846 5570 animarum
2883 5517 3245 5571 curandarum
3280 5518 3512 5584 ofliciua.

282 5604 420 5673 [αμα
446 5600 535 5655 τοῦ
566 5602 767 5655 οἰκείου
792 5600 991 5664 πάθους
1014 5604 1241 5665 ἕκαστος
1264 5601 1633 5673 ἐκλεγώμεοα.
1671 5604 1849 5675 "lupa

1953 5619 2049 5658 nos
2100 5623 2286 5661 omnes
2342 5614 2604 5676 quotquot
2645 5620 2832 5661 sumus
2879 5606 3124 5663 homines
3158 5608 3227 5663 ad
3269 5620 3516 5666 nostrum

355 5718 398 5749 ”
423 5716 465 5770 11
498 5716 639 5770 Tini.
679 5731 775 5780 Iit,
806 5715 890 5770 16.

354 5809 463 5953 $83)
490 5811 700 5867 'l'illem.
735 5827 855 5880 pag.
883 5812 1006 5867 290.
1626 5888 1629 5889 ν

378 5881 467 5951 84)
493 5880 575 5938 Cf.
606 5896 724 5939 can.
765 5882 823 5938 ll
878 5881 1004 5939 Vitta
1035 5882 1092 5938 S.
1132 5882 1318 5939 Basilii
1360 5895 1486 5941 tom.
1518 5884 1555 5939 Ι.
1604 5885 1761 5943 Ευιι.
1945 5902 1958 5933 ι

1962 5884 1971 5907 ν
2020 5816 2253 5895 (ὃῆιυδίε
2292 5834 2418 5874 mss.
2448 5816 2516 5871 At
2544 5816 2671 5872 editi
2707 5817 2785 5877 εἰς
2824 5816 2921 5885 τὴν
2965 5814 3138 5887 ἀρχὴν
3166 5813 3261 5869 τοῦ
3294 5830 3514 5890 «parte»

1945 5902 2180 5953 ιταλμου.

378 5881 467 5951 84)
493 5880 575 5938 Cf.
606 5896 724 5939 can.
765 5882 823 5938 ll
878 5881 1004 5939 Vitta
1035 5882 1092 5938 S.
1132 5882 1318 5939 Basilii
1360 5895 1486 5941 tom.
1518 5884 1555 5939 Ι.
1604 5885 1761 5943 Eun.
1945 5884 2180 5957 ψαλμοῦ.
