4062 6440
593 371 693 427 211

1899 388 1956 442 S.
2000 390 2241 445 BASILII
2281 393 2491 448 MAGNI

3728 402 3839 458 212

595 494 842 547 morbum
894 498 1188 553 sanandum
1252 503 1513 557 medelam
1585 507 1814 569 seligere
1871 512 2137 577 possimus

2264 516 2390 582 γὰρ,
2423 518 2574 585 φησὶ,
2619 519 2987 570 καταπαύσει
3021 521 3303 589 ἁμαρτίας
3334 522 3621 591 μεγάλας.
3661 523 3836 577 ⁸Ἀλλα.

598 583 862 639 Medicina
909 589 1082 651 enim,
1119 591 1294 660 inquit
1344 593 1622 666 Scriptura
1648 638 1663 660 ,
1697 599 1894 652 sedabit
1946 615 2156 665 peccaui

592 692 784 745 magna
818 677 884 732 '°.
920 680 1077 734 Aliud
1118 681 1279 752 igitur
1314 687 1582 755 propheta.-
1619 690 1840 749 docent.
1888 691 2027 745 aliud
2061 694 2142 745 hi-

591 768 805 832 storici,
837 770 980 823 aliud
1013 770 1093 825 lex
1118 813 1133 835 ,
1170 775 1314 829 aliud
1340 780 1544 845 species
1568 779 1684 846 ejus
1708 797 1825 849 qua:
1858 784 1907 835 in
1938 784 2158 837 Prover-

591 855 698 911 biis
724 857 993 915 invenitur
1018 865 1428 922 exhortationis.
1459 870 1527 922 At
1568 871 1826 940 quidquid
1857 873 1908 926 iu
1944 877 2153 929 exteris

594 951 728 1003 utile
758 961 836 1005 est
859 990 876 1015 ,
909 954 998 1007 hic
1042 972 1177 1011 unus
1209 957 1542 1014 Psalmorum
1583 962 1721 1016 liber
1763 964 2153 1033 c0inplecutur.

597 1038 932 1099 Vaticinatur
960 1046 1160 1113 futura,
1192 1052 1401 1107 animos
1431 1065 1649 1108 revocat
1691 1056 1755 1110 ad
1786 1058 2022 1111 historiae
2047 1075 2156 1113 me-

595 1135 822 1190 moriam
845 1176 860 1201 ,
895 1142 1197 1206 pra-scribit
1228 1143 1350 1197 vita:
1386 1146 1726 1201 instituenda:
1755 1150 1968 1202 modum
1997 1168 2010 1204 :
2038 1164 2156 1216 qua:

593 1234 720 1278 sunt
751 1229 954 1296 agenda
1002 1236 1261 1302 suggerit.
1291 1236 1359 1291 Et
1386 1254 1493 1294 uno
1518 1241 1705 1306 verbo,
1730 1243 1864 1297 liber
1894 1245 1979 1298 hic
2008 1261 2154 1298 com-

595 1329 758 1372 mune
784 1321 1050 1390 quoddam
1086 1335 1168 1378 est
1206 1330 1357 1382 bonae
1390 1331 1645 1386 doctrina:
1683 1336 2107 1403 promptuarium
2140 1353 2155 1390 :

592 1409 684 1477 qui
711 1410 968 1481 quidquid
1006 1416 1225 1471 cuilibet
1259 1420 1595 1488 profuturum
1625 1426 1729 1490 sit,
1764 1426 2047 1495 diligenter
2071 1427 2155 1480 oi-

590 1496 714 1550 fert.
740 1497 873 1552 Nam
914 1503 1153 1572 antiquis
1184 1509 1486 1564 animarum
1516 1513 1829 1568 vulneribus
1861 1517 2101 1571 medetur
2138 1537 2151 1571 :

589 1595 891 1653 promptam
934 1607 1100 1660 nuper
1131 1596 1403 1653 vulnerato
1440 1603 1727 1656 sanitatem
1762 1607 1936 1659 reddit
1972 1611 2152 1676 :quod

591 1688 790 1743 a‘grum
823 1690 906 1734 est
934 1681 1108 1748 fovet,
1140 1690 1279 1756 quod
1327 1706 1454 1744 vero
1487 1692 1752 1747 incolume
1776 1705 1829 1747 et
1855 1695 2146 1767 integrum,

590 1780 894 1822 conservat.
925 1774 990 1825 Et
1014 1776 1225 1829 tandem
1259 1780 1345 1832 hic
1375 1781 1525 1844 liber,
1564 1789 1734 1851 quoad
1768 1786 1880 1854 ejus
1912 1789 2024 1843 fieri
2051 1804 2149 1859 po-

591 1864 699 1909 test
725 1898 738 1917 .
771 1875 965 1927 pravos
998 1877 1209 1920 coercet
1240 1868 1480 1934 affectus,
1519 1877 1607 1942 qui
1640 1891 1735 1944 per
1761 1878 2032 1931 hominum
2073 1881 2149 1933 vi-
2187 1846 2225 1900 Β

592 1956 698 2000 tam
738 1948 789 2002 in
820 1952 1029 2008 animos
1060 1958 1203 2011 varie
1238 1971 1584 2026 grassantur:
1616 1975 1775 2034 atque
1806 1967 1854 2019 id
1879 1983 1998 2021 cum
2023 1984 2152 2023 con-

587 2036 743 2089 cinna
786 2044 1013 2107 quadarn
1056 2047 1321 2102 suavitate
1361 2061 1520 2120 atque
1570 2055 1844 2123 voluptate
1871 2097 1884 2119 ,
1916 2071 2035 2125 quae
2063 2061 2152 2113 ho-

588 2140 769 2182 nesms
806 2131 1085 2197 ingenerat
1132 2139 1506 2205 cogitationes.
1548 2142 1758 2197 Etenim
1796 2147 1882 2198 ubi
1921 2147 2151 2216 Spiritus

589 2228 806 2272 Sunt-tus
854 2239 1021 2291 genus
1060 2224 1336 2282 hominum
1382 2234 1651 2301 perspexit
1691 2234 1755 2287 ad
1800 2236 2146 2292 excolendam

587 2307 837 2363 virtutem
863 2315 1049 2369 adduci
1079 2318 1162 2371 vix
1201 2335 1378 2387 posse,
1409 2335 1461 2377 et
1482 2342 1509 2378 ιι
1549 2328 1703 2381 nobis
1738 2329 1806 2383 ob
1830 2340 2065 2383 nostram
2094 2332 2147 2386 in

593 2400 921 2469 voluptatem
968 2412 1379 2476 propensionem
1424 2416 1560 2469 viam
1608 2431 1811 2474 rectam
1840 2423 2144 2489 contemni,

588 2492 717 2558 quid
757 2494 903 2564 agit?
930 2497 1202 2569 Dogmatis
1248 2504 1542 2561 immiscuit
1582 2511 1874 2567 harmonia:
1918 2516 2147 2569 dulcedi-

587 2594 737 2642 nem.
782 2594 839 2636 ut
878 2601 1057 2641 rerum
1092 2593 1393 2646 auditarum
1419 2596 1749 2662 jucunditate
1780 2617 1843 2654 ac
1870 2604 2146 2659 dulcedine

584 2671 916 2742 eloquiorum
971 2681 1253 2737 utilitatem
1321 2689 1623 2744 nescientes
1692 2694 2140 2765 pereiperemus:

583 2761 726 2819 haud
753 2766 910 2825 aliter
951 2782 1113 2842 atque
1156 2775 1427 2845 sapientes
1464 2782 1655 2838 medici
1677 2761 1816 2853 ,(ιυί
1846 2761 1860 2765 ⁷
1883 2802 2146 2843 nausean-

582 2858 726 2913 tibus
756 2861 1025 2928 potionem
1063 2870 1379 2927 amariorem
1423 2874 1631 2940 daturi,
1671 2879 1867 2946 saapius
1913 2881 2139 2937 calicem

584 2950 743 3005 melle
774 2953 1201 3015 circumliniunt.
1233 2962 1356 3016 Ideo
1399 2967 1651 3021 concinni
1688 2969 1761 3022 illi
1811 2973 2138 3040 psalmorum

582 3051 882 3101 concentus
929 3049 1218 3118 excogitati
1271 3053 1427 3107 nobis
1471 3065 1626 3120 sunt,
1658 3070 1716 3110 ut
1760 3060 1797 3114 ii
1849 3064 1939 3131 qui
1989 3066 2138 3133 pueri

579 3144 705 3187 sunt
728 3142 902 3201 :etate,
932 3148 1025 3191 aut
1050 3140 1211 3193 etiam
1233 3145 1452 3197 omnino
1485 3145 1725 3201 moribus
1751 3160 1873 3204 sunt
1891 3155 2134 3221 juvenes,
2165 3176 2206 3233 ο

581 3223 707 3278 dum
739 3226 791 3280 in
813 3229 1045 3296 speciem
1086 3233 1301 3301 quidem
1326 3244 1543 3289 cantant
1564 3278 1578 3301 ,
1608 3238 1781 3307 reipsa
1815 3249 1988 3296 tamen
2020 3247 2133 3299 ani-

585 3331 702 3371 mas
730 3319 982 3374 erudiant
1013 3336 1159 3377 suas.
1194 3322 1293 3378 Vix
1331 3328 1476 3380 enim
1514 3343 1746 3397 unquam
1781 3346 1917 3385 unus
1952 3334 2141 3404 aliquis

578 3422 607 3461 e
638 3409 816 3464 multis
851 3422 907 3465 et
953 3428 1019 3466 ex
1060 3413 1337 3471 desidibus
1383 3418 1661 3486 discessit,
1696 3424 1785 3491 qui
1819 3434 2140 3494 praeceptum

581 3503 936 3569 apostolicum
969 3516 1062 3559 aut
1089 3509 1457 3575 propheticum
1490 3516 1747 3570 memoria
1783 3517 2013 3571 retineat
2042 3535 2055 3571 :
2088 3528 2143 3573 at

578 3592 907 3661 psalmorum
931 3596 1145 3649 oracula
1172 3610 1224 3652 et
1255 3601 1397 3654 domi
1427 3604 1783 3670 modulantur,
1815 3618 1869 3663 et
1892 3608 1945 3663 in
1966 3609 2139 3664 forum

580 3685 991 3743 circumferunt.
1022 3687 1087 3741 Et
1107 3689 1317 3743 etiamsi
1348 3693 1468 3757 quis
1503 3693 1555 3746 in
1588 3695 1713 3751 fera:
1748 3701 1963 3754 modum
1985 3700 2139 3757 valde

580 3786 795 3843 testuet,
832 3777 919 3833 ubi
952 3778 1171 3848 psalmis
1201 3780 1492 3836 demulceri
1524 3789 1767 3855 coeperit,
1800 3793 1980 3846 statim
2005 3808 2134 3848 cou-

574 3868 746 3937 sapita
773 3881 867 3935 per
894 3868 1172 3924 melodiam
1196 3871 1358 3925 animi
1384 3871 1597 3928 feritate
1621 3875 1755 3931 abit.

644 3958 699 4012 2.
740 3958 985 4015 Psalmus
1039 3961 1396 4029 tranquillitas
1459 3977 1542 4017 est
1591 3966 1929 4033 animarum,
1986 3974 2135 4041 pacis

576 4049 802 4113 arbiter,
872 4051 1223 4105 tumultuosas
1293 4054 1734 4126 turbulentasque
1785 4061 2135 4130 cogitationes

574 4141 891 4210 compescit.
944 4142 1010 4197 Ut
1039 4148 1282 4213 reprimit
1320 4150 1823 4205 excandescentiam
1866 4163 1919 4206 et
1969 4155 2131 4209 animi

573 4233 1013 4297 concitationem,
1072 4234 1144 4288 ita
1208 4237 1483 4292 lasciviam
1553 4240 1807 4299 refrenat.
1856 4243 2135 4300 Amicitias

574 4327 825 4381 conciliat
858 4327 1124 4395 psalmus:
1167 4331 1441 4384 consociat
1474 4332 1793 4389 dissidentes
1819 4374 1834 4399 ,
1868 4335 2008 4389 inter
2036 4336 2133 4389 ini-

576 4418 745 4473 micos
797 4420 1025 4489 gratiam
1087 4421 1382 4491 componit.
1413 4420 1543 4488 Quis
1597 4423 1737 4476 enim
1780 4426 1954 4481 adhuc
2009 4442 2130 4481 eum

2265 607 2361 673 μὲν
2388 604 2480 659 οὖν
2516 610 2787 676 προφῆται
2850 611 3178 674 παιδεύουσι,
3224 615 3316 666 καὶ
3357 615 3489 668 ἄλλα
3542 618 3833 685 ἱστορικοὶ,

2262 698 2354 747 καὶ
2385 700 2412 749 ό
2440 699 2599 767 νόμος
2631 701 2814 771 ἕτερα,
2845 702 2940 754 καὶ
2973 702 3106 756 ἄλλα
3133 705 3193 756 τὸ
3229 702 3365 768 εἶδος
3393 710 3491 777 τῆς
3536 727 3837 778 παροιμία⁸

2260 787 2362 854 κῆς
2388 790 2773 858 παραινέσεως.
2830 793 2892 845 'H
2926 792 2980 845 δὲ
3012 793 3119 846 τῶν
3161 795 3403 865 Ψαλμῶν
3446 797 3624 866 βίϐλος
3666 799 3728 851 τὸ
3770 801 3835 852 ἐκ

2260 879 2476 932 πάντων
2527 880 2795 951 ὠφέλιμον
2838 885 3174 955 περιείληφε.
3220 886 3552 957 Προφητεύει
3597 889 3667 943 τὰ
3702 890 3833 959 μέλ-

2257 970 2450 1022 λοντα·
2490 972 2725 1040 ἱστορίας
2760 975 3193 1045 ὑπομιμνήσκει·
3245 976 3523 1046 νομοθετεῖ
3565 979 3642 1049 τῷ
3693 980 3831 1050 βίῳο

2259 1061 2566 1115 ὑποτίθεται
2600 1063 2668 1116 τὰ
2699 1066 2943 1132 πρακτέα
2967 1083 2979 1097 ο
3019 1069 3114 1121 καὶ
3162 1068 3497 1133 ἁπαξαπλῶς
3533 1072 3711 1124 κοινὸν
3737 1092 3836 1126 τα-

2260 1152 2429 1221 μιεῖόν
2463 1155 2609 1206 ἐστιν
2631 1155 2850 1222 ἀγαθῶν
2872 1157 3212 1229 διδαγμάτων
3231 1199 3245 1222 ,
3267 1160 3325 1213 τὸ
3354 1161 3569 1231 ἑκάστῳ
3598 1163 3836 1231 πρόσφο-

2259 1261 2348 1313 ρον
2393 1244 2534 1298 κατὰ
2583 1246 2682 1316 τὴν
2711 1248 3024 1316 ἐπιμέλειαν
3053 1250 3459 1322 ὲξευρίσκουσα.
3494 1253 3572 1305 Τά
3614 1270 3674 1305 τε
3721 1254 3834 1325 γὰρ

2260 1334 2461 1387 παλαιὰ
2494 1335 2778 1407 τραύματα
2828 1338 2934 1391 τῶν
2975 1340 3157 1411 ψυχῶν
3191 1343 3427 1408 ὲξιᾶται,
3475 1344 3569 1397 καὶ
3603 1344 3683 1414 τῷ
3716 1362 3833 1396 νει)⁹

2257 1424 2445 1496 τρώτῳ
2470 1428 2689 1498 ταχεῖαν
2715 1430 2907 1497 ἐπάγει
2940 1430 3049 1499 (86)
3079 1432 3174 1502 τὴν
3200 1434 3571 1506 ἐπανόρθωσιν
3592 1477 3607 1501 ,
3640 1436 3737 1489 καὶ
3768 1438 3834 1489 τὸ

2257 1516 2538 1584 νενοσηκὸς
2579 1523 2975 1589 περιποιεῖται,
3026 1523 3119 1574 καὶ
3164 1524 3222 1576 τὸ
3256 1526 3509 1597 ἀκέραιον
3541 1526 3827 1590 διασώζειο

2256 1606 2347 1656 καὶ
2378 1606 2511 1669 ὅλως
2539 1608 2745 1680 ἐξαιρεί
2770 1613 2838 1665 τὰ
2867 1612 3033 1683 πάθη,
3062 1613 3179 1666 καθ’
3208 1616 3328 1667 ὅσον
3360 1612 3470 1670 οἷόν
3508 1637 3589 1681 τε,
3621 1620 3693 1671 τά
3718 1637 3834 1673 ποι-

2256 1695 2421 1760 κίλως
2444 1703 2560 1761 ταῖς
2583 1702 2781 1771 ψυχαῖς
2810 1704 2867 1755 ὲν
2895 1705 2969 1775 τῷ
3006 1704 3104 1774 βίῳ
3138 1705 3243 1759 τῶν
3278 1708 3370 1760 ἀνθ
3383 1710 3577 1779 ρώπων
3606 1712 3829 1766 ἐνδυνα-

2257 1788 2515 1842 στεύοντα
2544 1808 2555 1819 ·
2586 1794 2679 1844 καὶ
2709 1794 2864 1848 τοῦτο
2912 1795 3048 1865 μετά
3080 1814 3222 1859 τινος
3250 1798 3603 1868 ψυχαγωγίας
3649 1805 3830 1872 ἐμμε“’

2254 1878 2378 1943 λοῦς
2433 1881 2524 1933 καὶ
2586 1882 2775 1954 ἡδονῆς
2839 1887 3089 1959 σώφρονα
3151 1888 3404 1958 λογισμὸν
3468 1892 3827 1962 ἐμποιούσης.

2265 1971 2481 2042 Ἐπειδὴ
2540 1972 2649 2044 γὰρ
2698 1970 2802 2029 εἶδε
2851 1978 2910 2029 τὸ
2959 1978 3180 2049 Πνεῦμα
3217 1979 3276 2031 τὸ
3318 1980 3468 2047 ἆγιον
3508 1980 3830 2049 δυσάγωγον

2252 2059 2386 2128 πρὸς
2406 2061 2607 2132 ἀρετὴν
2636 2061 2696 2113 τὸ
2722 2063 2875 2132 γένος
2900 2066 3003 2119 τῶν
3030 2067 3350 2140 ἀνθρώπων,
3371 2070 3464 2122 καὶ
3491 2069 3579 2121 διὰ
3602 2071 3663 2121 τὸ
3688 2073 3830 2141 πρὸς

2250 2150 2439 2221 ἡδονὴν
2500 2154 2799 2224 ὲπιρῤεπὲς
2850 2155 2941 2208 τοῦ
2991 2159 3150 2228 ὀρθοῦ
3214 2161 3327 2231 βίου
3383 2161 3829 2231 καταμελοῦντας

2250 2244 2429 2311 ἡμᾶς·
2490 2244 2542 2297 τί
2575 2248 2749 2312 ποιεῖ;
2785 2247 2857 2300 Τὸ
2907 2251 2971 2303 ὲκ
3006 2252 3103 2321 τῆς
3132 2252 3394 2324 μελῳδίας
3438 2254 3671 2325 τερπνὸν
3715 2257 3829 2317 τοῖς

2246 2330 2507 2402 δόγμασιν
2544 2336 2917 2407 ἐγκατέμιξεν,
2953 2338 3039 2391 ἵνα
3063 2339 3139 2409 τῷ
3170 2345 3427 2413 προσηνεί
3454 2345 3546 2396 καὶ
3574 2342 3703 2413 λείῳ
3725 2346 3829 2413 τῆς

2246 2424 2413 2494 ἀκοῆς
2442 2427 2501 2479 τὸ
2529 2429 2591 2480 ὲκ
2620 2428 2727 2482 τῶν
2761 2429 2932 2499 λόγων
2970 2430 3238 2502 ὠφέλιμον
3278 2432 3647 2498 λανθανόντως
3686 2435 3824 2487 ὐπο-

2244 2513 2519 2585 δεξώμεθα
2539 2534 2550 2545 ⁸
2576 2519 2714 2572 κατὰ
2735 2521 2859 2584 τοὺς
2884 2522 3078 2590 cogam);
3100 2523 3207 2575 τῶν
3230 2525 3443 2595 ἰατρῶν,
3465 2527 3535 2584 οἳ,
3558 2526 3668 2579 τῶν
3689 2543 3827 2597 φαρ-

2250 2605 2434 2671 μάκων
2457 2609 2526 2659 τὰ
2560 2612 2932 2682 αὐστηρότερα
2968 2615 3139 2666 πίνειν
3173 2615 3401 2678 διδόντες
3440 2621 3551 2679 τοῖς
3591 2618 3823 2669 κακοσί-

2244 2708 2377 2753 τοις,
2412 2694 2584 2762 μέλιτι
2632 2698 2885 2762 πολλάκις
2935 2702 3031 2771 τὴν
3074 2703 3268 2757 κύλικα
3309 2706 3669 2774 περιχρίουσι.
3723 2705 3825 2758 Διὰ

2242 2780 2400 2833 τοῦτο
2426 2782 2494 2835 τὰ
2534 2785 2825 2855 ἐναρμόνια
2866 2790 3037 2843 ταῦτα
3092 2793 3224 2863 μέλη
3258 2794 3366 2846 τῶν
3414 2795 3642 2865 ψαλμῶν
3689 2797 3824 2865 ἡμῖν

2242 2871 2601 2944 ἐπινενόηται,
2633 2875 2718 2927 ἵνα
2764 2877 2813 2928 οἱ
2862 2878 2971 2948 (87)
3022 2880 3206 2943 παῖδες
3240 2883 3334 2951 τὴν
3362 2885 3608 2953 ἠλικίαν,
3645 2887 3678 2956 ἢ
3728 2890 3824 2939 καὶ

2240 2961 2375 3025 ὅλως
2415 2967 2462 3017 οἱ
2489 2968 2671 3037 νεαροὶ
2698 2968 2755 3021 τὸ
2782 2964 2931 3040 ἦθος,
2953 2969 3031 3040 τῷ
3065 2971 3161 3039 μὲν
3195 2972 3367 3023 δοκεῖν
3404 2974 3716 3043 μελῳδῶσι,
3751 2980 3819 3047 τῇ

2238 3053 2297 3106 δὲ
2322 3054 2546 3125 ἀληθεία
2566 3058 2663 3121 τὰς
2692 3059 2867 3130 ψυχὰς
2892 3060 3336 3115 ὲκπαιδεύωνται.
3368 3061 3508 3118 Οὔτε
3544 3063 3655 3135 γὰρ
3682 3066 3819 3118 ἁπο-

2243 3145 2484 3199 στολικόν
2505 3165 2587 3211 τις
2617 3149 2736 3202 οὔτε
2766 3155 3097 3223 προφητικὸν
3138 3155 3504 3226 παράγγελμα
3533 3156 3641 3209 τῶν
3683 3159 3819 3210 πολ-

2243 3234 2349 3288 λῶν
2404 3236 2501 3289 καὶ
2552 3236 2808 3307 ῥᾳθύμων
2864 3241 3059 3309 ῥᾳδίως
3110 3244 3239 3297 ποτὲ
3293 3248 3356 3315 τῇ
3408 3248 3597 3319 μνήμῃ
3643 3265 3817 3301 κατα-

2243 3324 2383 3395 σχὼν
2429 3324 2539 3396 (88)
2600 3326 2838 3396 ἀπῆλθε·
2886 3330 2954 3381 τὰ
2997 3330 3054 3383 δὲ
3102 3333 3209 3386 τῶν
3245 3335 3471 3405 ψαλμῶν
3525 3337 3679 3406 λόγια
3720 3339 3817 3390 καὶ

2240 3420 2359 3468 κατ’
2392 3414 2538 3472 οἷκον
2572 3418 2885 3489 μελῳδοῦσι,
2941 3422 3036 3473 καὶ
3069 3424 3161 3475 ἐπὶ
3192 3425 3293 3493 τῆς
3332 3428 3535 3499 ἀγορᾶς
3584 3430 3815 3501 περιφέ-

2242 3522 2393 3575 ρουσι
2412 3526 2425 3538 ·
2464 3510 2556 3562 καί
2580 3510 2680 3562 πού
2711 3528 2793 3575 τις
2822 3510 2931 3564 τῶν
2966 3512 3170 3583 σφόδρα
3198 3514 3682 3585 ὲκτεθηριωμένων
3710 3520 3817 3571 ὑπὸ

2240 3596 2433 3667 θυμοῦ,
2468 3602 2682 3655 ἐπειδὰν
2727 3603 2955 3674 ἄρξηται
3010 3603 3089 3674 τῷ
3132 3604 3330 3676 ψαλμῷ
3385 3608 3815 3679 κατεπᾴδεσθαι,

2239 3689 2476 3760 ἀπῆλθεν
2528 3692 2712 3756 εὐθὺς,
2739 3696 2799 3747 τὸ
2830 3696 3079 3767 ἀγριαῑον
3124 3698 3223 3769 τῆς
3260 3699 3435 3771 ψυχῆς
3472 3703 3538 3771 τῇ
3576 3699 3816 3773 μελῳδία

2238 3781 2634 3851 κατακοιμίσας
2662 3783 2791 3855 (89).

2304 3966 2357 4018 2.
2388 3964 2616 4036 Ψαλμὸς
2649 3964 2856 4038 γαλήνη
2888 3968 3102 4038 ψυχῶν,
3133 3972 3431 4045 βραϐευτὴς
3472 3977 3719 4047 εἰρήνης,
3751 3979 3814 4031 τὸ

2235 4059 2495 4128 θορυϐοῦν
2520 4061 2613 4112 καὶ
2659 4063 2920 4130 κυμαῖνον
2953 4062 3057 4114 τῶν
3098 4062 3368 4133 λογισμῶν
3407 4070 3810 4127 καταστέλλων.

2234 4149 2516 4203 Μαλάσσει
2553 4150 2651 4219 μὲν
2697 4149 2806 4220 γὰρ
2832 4149 2931 4219 τῆς
2955 4150 3129 4221 ψυχῆς
3172 4153 3230 4204 τὸ
3259 4154 3598 4226 θυμούμενον
3616 4200 3631 4223 ,
3661 4162 3724 4213 τὸ
3753 4162 3810 4215 δὲ

2232 4240 2527 4295 ἀκόλαστον
2568 4241 2905 4312 σωφρονίζει.
2949 4242 3178 4313 Ψαλμὸς
3233 4244 3414 4312 φιλίας
3471 4254 3807 4318 συναγωγδς,

2232 4332 2423 4395 ’ἐνωσις
2461 4333 2781 4400 διεστώτων,
2819 4335 3207 4407 ὲχθραινόντων
3249 4336 3678 4411 διαλλακτήριον.
3712 4344 3809 4406 Τις

2232 4422 2343 4491 γάρ
2369 4422 2448 4474 ἔτι
2473 4423 2663 4494 ἐχθρὸν
2686 4424 2934 4494 ἡγεῖσθαι
2966 4425 3186 4479 δύναται
3222 4427 3340 4496 μεθ’
3369 4422 3429 4480 οὗ
3462 4429 3591 4499 μίαν
3620 4431 3805 4501 ἀφῆκε

574 4523 804 4579 quocum
841 4526 1000 4564 unam
1033 4512 1100 4566 ad
1136 4512 1301 4566 Deum
1336 4529 1519 4568 vocem
1550 4514 1751 4577 emisit,
1778 4516 1893 4571 loco
1931 4519 2133 4573 inimici

2245 4513 2371 4583 πρὸς
2397 4514 2524 4567 Θεὸν
2556 4516 2652 4587 τὴν
2694 4521 2914 4589 φωνήν;
2966 4520 3124 4571 Ὥστε
3158 4522 3250 4572 καὶ
3294 4522 3355 4573 τὸ
3406 4523 3666 4591 μέγιστον
3697 4526 3805 4577 τῶν

573 4603 773 4658 habere
801 4602 1003 4671 possit?
1030 4603 1213 4671 Itaque
1243 4615 1296 4658 et
1336 4606 1596 4661 bonorum
1631 4608 1919 4661 maximum
1960 4611 2133 4663 chari-

574 4702 737 4749 tatem
778 4690 1031 4747 conciliat
1059 4692 1384 4760 psalmorum
1421 4706 1610 4751 cantus
1633 4737 1649 4764 ,
1690 4698 1780 4766 qui
1811 4712 2129 4755 concentum

575 4798 677 4841 ceu
702 4784 966 4853 quoddam
1006 4782 1111 4854 91
1142 4783 1411 4839 vinculum
1445 4788 1511 4841 ad
1557 4789 1896 4843 concordiam
1946 4793 2129 4847 ineun-

567 4877 691 4933 dam
722 4876 989 4931 adinvenit
1014 4915 1030 4941 ,
1077 4876 1438 4947 populumque
1476 4879 1543 4932 ad
1584 4879 1731 4933 ebori
1780 4882 1937 4937 unius
1981 4899 2124 4955 sym-

566 4969 823 5039 phoniam
858 4970 1167 5039 congregat)
1225 4967 1502 5025 Daemones
1554 4972 1789 5038 psalmus
1824 4974 1994 5045 fugat,
2033 4993 2121 5030 ac-

569 5058 736 5114 cersit
802 5056 1112 5125 angelorum
1187 5058 1571 5125 patrocinium;
1635 5059 1904 5114 ministrat
1974 5077 2123 5115 arma

566 5156 756 5205 contra
784 5157 1077 5203 nocturnos
1124 5148 1372 5209 timores,
1419 5149 1731 5203 diurnorum
1783 5152 2016 5207 laborum
2043 5164 2125 5209 est

568 5236 827 5305 requies:
878 5234 1161 5289 infantium
1215 5235 1496 5302 securitas,
1547 5251 1921 5295 ornamentum
1968 5242 2122 5311 juve-

626 5368 673 5403 ³⁶
686 5370 863 5428 Eccle.
893 5387 925 5425 ι
942 5411 958 5436 ,
984 5372 1039 5427 4.

786 5506 917 5580 Reg.
950 5509 1225 5580 secundus
1253 5510 1532 5578 ἐπανάγει.
1566 5512 1762 5565 Ibidem
1805 5513 1856 5563 in
1899 5525 2120 5580 utraque

569 5576 808 5651 editione
844 5577 1005 5651 Basil.
1030 5590 1082 5630 et
1126 5579 1292 5631 Paris.
1346 5583 1413 5631 ita
1442 5576 1673 5647 legitur,
1719 5576 2112 5651 ἐπανόρθωσιν·

567 5647 666 5717 gat
689 5645 749 5699 τὸ
770 5649 1051 5715 νενοσηκὸς
1073 5652 1450 5717 περιποιεῖται.
1495 5645 1596 5704 Sed
1625 5651 1732 5714 illa,
1766 5653 1858 5704 καὶ
1877 5645 1955 5711 τό,
1988 5668 2118 5715 etc.,

575 5715 631 5771 in
660 5717 859 5798 nostris
884 5733 1017 5798 iuss.
1042 5715 1154 5770 nou
1194 5722 1547 5798 reperiuntur.
1580 5720 1805 5798 Uiide_si
1846 5724 1927 5798 cui
1977 5725 2123 5775 vidc-

577 5793 765 5841 rentur
793 5786 1153 5846 additamenta
1183 5786 1301 5845 ess-0
1348 5790 1709 5855 librariorum,
1744 5793 1793 5845 iu
1842 5790 1955 5857 ejus
1996 5808 2120 5845 sen-

2238 4602 2456 4671 ἀγαθῶν
2501 4608 2599 4678 τὴν
2632 4608 2851 4679 ἀγάπην
2883 4611 2915 4679 ἡ
2946 4608 3236 4679 ψαλμῳδία
3282 4614 3598 4684 παρέχεται,
3642 4619 3805 4669 οἱονεὶ

2238 4693 2529 4766 σύνδεσμόν
2576 4715 2693 4749 τινα
2721 4700 2857 4770 πρὸς
2895 4701 2990 4771 τὴν
3023 4701 3211 4755 ἕνωσιν
3247 4704 3346 4774 τὴν
3382 4706 3641 4775 συνῳδίαν
3681 4710 3801 4761 ἐπι-

2234 4787 2490 4856 νοήσασα,
2551 4790 2645 4841 καὶ
2697 4792 2777 4853 εἰς
2824 4792 2940 4855 ἑνὸς
2971 4793 3130 4864 χοροῦ
3180 4797 3495 4864 συμςςωνίαν
3543 4797 3634 4850 τὸν
3675 4797 3801 4851 λαὸν

2236 4877 2666 4948 συναρμόζουσα.
2715 4881 2943 4953 Ψαλμὸς
3001 4884 3265 4955 δαιμόνων
3336 4887 3801 4961 φυγαδευτήριον,

2228 4967 2325 5037 τῆς
2354 4968 2461 5021 τῶν
2492 4970 2737 5037 ἀγγέλων
2759 4974 3005 5045 βοηθείας
3028 4978 3287 5046 ἐπαγωγή
3306 4994 3317 5005 ·
3341 4978 3503 5032 ὅπλον
3529 4983 3586 5033 ὲν
3616 4984 3802 5052 φόϐοις

2231 5064 2582 5130 νυκτερινοῖς,
2630 5063 2933 5129 ἀνάπαυσις
2987 5068 3167 5119 κόπων
3216 5070 3523 5141 ἡμερινῶν·
3583 5076 3801 5144 νηπίοις

2229 5152 2492 5222 ἀσφάλεια
2514 5196 2530 5221 ,
2556 5157 2893 5226 ἀκμάζουσιν
2920 5160 3376 5235 ἐγκαλλώπισμα,
3404 5184 3503 5233 πρε
3516 5168 3799 5240 σευτὲροις

2230 5248 2565 5317 παρηγορία,
2600 5252 2810 5317 γυναιξὶ
2832 5253 3030 5323 κόσμος
3059 5254 3477 5323 ἀρμοδιώτατος.
3526 5258 3637 5322 Τὰς
3671 5263 3799 5333 ἐρη-

2229 5517 2447 5568 tentiam
2475 5516 2629 5569 facile
2656 5516 3025 5568 concederem.

2300 5585 2411 5651 (87)
2441 5585 2663 5637 Codices
2695 5587 2799 5637 duo
2824 5584 2898 5647 ὡς
2925 5587 2996 5636 οἱ.

2299 5656 2408 5728 (88)
2447 5654 2594 5728 Unus
2615 5673 2643 5705 e
2670 5656 2995 5708 Colbertiiiis
3043 5657 3501 5728 παρακατασχὼν.

2301 5725 2410 5793 (81))
2448 5724 2624 5779 Codex
2657 5742 2789 5779 unus
2816 5726 3231 5795 κατακοιμήσας.
