4062 6460
219 397 327 456 215

1430 400 1713 455 HOMILIA
1751 399 1817 453 IN
1858 401 2186 464 PSALMUH
2219 410 2260 464 1.

3344 410 3450 462 214

220 516 353 584 μίας
399 515 612 578 οἰκίζει,
677 512 775 575 τὰς
830 512 1030 582 ἀγορὰς
1092 513 1449 584 σωφρονίζει·
1508 516 1779 588 εἰσαγομέ-

1897 538 2046 591 num,
2077 540 2265 580 senum
2294 526 2590 582 consolatio
2611 564 2624 589 ,
2656 525 3221 583 convenientissimum
3257 525 3451 578 mulie-

218 624 331 670 νοις
354 607 462 677 (90)
486 606 835 675 στοιχείωσις,
861 606 1271 675 προκοπτόντων
1292 609 1536 679 αῠξησις,
1562 612 1789 663 τελειου-

222 700 397 768 μένων
423 699 712 765 στήριγμα,
730 694 1051 767 Ἐκκλησίας
1080 699 1247 765 φωνή.
1281 694 1446 762 Οὗτος
1476 699 1572 761 τὰς
1602 701 1789 771 ἑορτὰς

219 787 539 857 φαιδρύνει,
566 782 717 850 οῦτος
752 786 850 858 τὴν
892 789 1032 842 κατὰ
1069 788 1199 839 Θεὸν
1241 788 1412 861 λύπην
1452 791 1786 862 δημιουργεῖ.

217 879 448 947 Ψαλμὸς
475 878 581 950 γὰρ
613 880 708 931 καὶ
731 882 794 933 ὲκ
816 879 1022 950 λιθίνης
1055 881 1162 950 (9i)
1192 884 1416 953 καρδίας
1446 882 1675 952 δάκρυον
1701 886 1790 939 ὲκ-

224 970 496 1022 καλεῖται·
529 971 746 1042 ψαλμὸς
784 975 841 1026 τὸ
884 974 993 1026 τῶν
1038 973 1281 1041 ἀγγέλων
1313 977 1491 1047 ἔργον,
1536 975 1595 1027 τὸ
1623 977 1788 1048 οὐρά·-

217 1078 333 1116 νίον
364 1062 697 1133 πολίτευμα,
731 1066 792 1117 τὸ
842 1065 1205 1133 πνευματικὸν
1254 1067 1521 1138 θυμίαμα.
1585 1068 1646 1119 Ὢ
1692 1070 1790 1139 τῆς

220 1154 394 1222 σοφῆς
422 1155 660 1219 ἐπινοίας
692 1156 784 1208 τοῦ
818 1154 1156 1220 διδασκάλου,
1190 1159 1323 1228 όμοῦ
1354 1174 1413 1209 τε
1462 1157 1606 1227 ᾄδειν
1642 1162 1789 1231 ἡμᾶς

219 1245 319 1299 καὶ
363 1246 430 1300 τὰ
455 1247 702 1317 λυσιτελῆ
748 1248 1035 1316 μανθάνειν
1068 1250 1490 1319 μηχανωμένουί
1538 1250 1656 1304 ὅθεν
1697 1254 1787 1305 καὶ

222 1336 421 1406 μᾶλλόν
447 1357 558 1400 πως
581 1335 896 1394 ἐντυποῦται
916 1336 1022 1409 (9‘2)
1036 1344 1154 1403 ταῖς
1176 1341 1370 1409 ψυχαῖς
1382 1339 1448 1392 τὰ
1464 1340 1782 1411 διδάγματα.

218 1428 404 1480 Βίαιον
450 1430 545 1497 μὲν
605 1428 711 1498 γὰρ
761 1429 988 1502 μάθημα
1037 1433 1096 1484 οὐ
1154 1434 1362 1500 πέφυκε
1427 1437 1782 1506 παραμένειν,

217 1521 289 1573 τὰ
316 1521 371 1571 δὲ
402 1521 537 1590 μετά
566 1521 806 1597 τέρψεως
837 1526 926 1577 καὶ
970 1527 1188 1597 χάριτος
1217 1526 1531 1596 εἰσδυόμενα
1563 1529 1669 1595 (95)
1700 1544 1789 1597 μο-

215 1610 518 1683 νιμώτερόν
558 1630 673 1677 πως
709 1618 828 1678 ταῖς
859 1615 1056 1684 ψυχαῖς
1101 1614 1257 1685 ἡμῶν
1302 1617 1550 1680 ὲνιζάνει.
1589 1618 1650 1668 Τί
1682 1618 1788 1689 γὰρ

212 1703 316 1757 οὐκ
362 1702 425 1755 ἂν
477 1704 667 1773 μάθοις
731 1706 1004 1769 ἐντεῦθεν;
1063 1705 1121 1757 οὐ
1174 1706 1273 1775 τῆς
1325 1707 1543 1776 ἀνδρίας
1588 1707 1647 1759 τὸ
1691 1724 1788 1777 με-

211 1794 587 1865 γαλοπρεπές;
638 1798 696 1847 οὐ
737 1797 835 1865 τῆς
896 1796 1235 1865 δικαιοσύνης
1300 1797 1360 1849 τὸ
1428 1798 1684 1869 ἀκριϐἐς;
1724 1800 1783 1852 οὐ

1892 630 2005 668 rum
2038 619 2220 682 decus,
2259 616 2565 685 frequentat
2589 616 2936 687 solitudines,
2973 619 3145 673 forum
3180 617 3448 669 emendat.

1893 703 2137 763 Psalmus
2186 708 2566 776 incipientibus
2612 708 2822 762 initium
2880 718 2997 775 est,
3062 691 3450 764 incrementum

1893 797 2319 866 proficientibus,
2360 800 2611 868 perfectis
2636 800 3076 883 firmamentum;
3114 817 3213 857 vox
3239 810 3322 855 est
3352 798 3454 851 Ec-

1890 889 2069 944 clesiaa
2103 909 2116 944 ι
2152 892 2383 947 laetificat
2430 892 2545 946 dies
2575 892 2784 948 festos:
2830 906 2950 945 eam
2989 906 3110 960 quae
3158 892 3450 947 secundum

1889 979 2054 1035 Deum
2076 991 2175 1047 est,
2194 982 2464 1038 tristitiam
2482 995 2649 1038 creat.
2674 985 2967 1038 Enimvero
2988 982 3226 1051 psalmus
3246 999 3273 1036 e
3290 985 3453 1039 corde

1892 1072 2100 1142 lapideo
2123 1075 2229 1129 ciet
2262 1076 2546 1147 lacrymas.
2578 1075 2818 1130 Psalmus
2846 1076 3155 1146 angelorum
3184 1088 3318 1140 opus
3345 1084 3449 1137 est,

1892 1162 2132 1217 caelestis
2157 1166 2521 1229 conversatio,
2546 1165 2824 1234 spirituale
2849 1166 3162 1237 thymiama.
3179 1162 3224 1216 0
3240 1163 3455 1231 sapiens

1895 1256 2135 1327 magistri
2165 1258 2465 1324 inventum,
2495 1259 2584 1327 qui
2610 1268 2780 1311 artem
2806 1273 2911 1327 qua
2934 1258 3090 1313 simul
3114 1270 3452 1319 caneremus,

1887 1359 1939 1402 et
1986 1348 2133 1403 utilia
2171 1349 2525 1412 disceremus,
2579 1350 2937 1419 excogitavit;
2998 1351 3135 1403 unde
3186 1357 3239 1401 et
3286 1343 3456 1416 magis

1887 1441 2281 1511 quodammodo
2336 1440 2530 1495 animis
2583 1452 2843 1511 praecepta
2898 1442 3299 1509 imprimuntur.
3353 1437 3455 1493 Vix

1892 1534 2035 1584 enim
2069 1532 2265 1585 durare
2292 1529 2424 1584 solet
2449 1530 2589 1598 quod
2622 1529 2816 1583 invitus
2845 1528 3101 1583 didiceris
3133 1548 3146 1583 :
3190 1529 3333 1598 quod
3360 1543 3456 1581 au-

1892 1629 1994 1675 tem
2028 1622 2263 1691 jucunde
2293 1620 2635 1689 suaviterque
2669 1630 2947 1688 acceptum
2976 1628 3091 1683 est,
3138 1622 3376 1674 tenacius
3399 1620 3452 1672 in

1893 1713 2083 1768 animis
2138 1715 2337 1768 nostris
2388 1712 2603 1766 insidet.
2662 1711 2800 1776 Quid
2861 1712 3003 1765 enim
3075 1712 3198 1764 inde
3247 1713 3455 1765 discere

1896 1818 1998 1856 non
2091 1807 2292 1872 queas?
2365 1819 2543 1859 nonne
2626 1803 2961 1857 fortitudinis
3043 1803 3455 1857 claritudinem?

212 1886 570 1956 σωφροσύνης
618 1887 677 1937 τὸ
738 1887 961 1955 σεμνόν;
1017 1888 1077 1940 ού
1119 1887 1179 1940 τὸ
1233 1887 1330 1958 τῆς
1374 1891 1779 1960 φρονήσεωςτέ-

1890 1894 2297 1963 nonnejustitiaa
2318 1898 2701 1967 integritatem,
2724 1899 3039 1967 gravitatem
3061 1896 3450 1964 temperantiae,

206 1972 391 2038 λειονς
426 1978 485 2028 ού
534 1979 817 2047 μετανοίας
859 1980 1085 2051 τρόπον;
1126 1982 1223 2052 οὐχ
1265 1983 1536 2052 ὑπομονῆς
1580 1985 1781 2053 μέτρα;

212 2068 316 2137 οὐχ
367 2069 394 2121 ὅ
422 2086 473 2120 τι
508 2070 573 2122 ἂν
604 2070 775 2134 εἴποις
800 2072 907 2141 (94)
938 2073 1046 2125 τῶν
1092 2074 1345 2141 ἁγαθῶν;
1396 2075 1657 2127 Ἐνταῦθα
1706 2078 1782 2129 ἔνι

217 2157 467 2226 θεολογία
498 2160 699 2226 τελεία,
735 2163 1033 2232 πρόρρησις
1076 2162 1175 2229 τῆς
1218 2162 1307 2213 διὰ
1351 2163 1553 2232 σαρκὸς
1597 2164 1781 2234 ἐπιδη-

212 2251 349 2321 μίας
389 2251 643 2322 Χριστοῦ,
689 2252 881 2323 ἁπειλὴ
923 2254 1173 2324 κρίσεως,
1219 2254 1565 2317 ἀναστάσεως
1606 2254 1780 2317 ἐλπὶς,

211 2345 379 2417 φόϐος
412 2344 702 2408 κολάσεως,
736 2344 1055 2412 ἐπαγγελίαι
1087 2344 1264 2415 δόξης,
1300 2346 1611 2417 μυστηρίων
1645 2346 1781 2399 ἀπο-

210 2435 507 2505 καλύψεις·
548 2435 743 2499 πάντα,
779 2434 965 2509 ὥσπερ
994 2436 1049 2488 ὲν
1086 2435 1305 2507 μεγάλῳ
1337 2437 1443 2489 τινὶ
1492 2438 1581 2489 καὶ
1622 2436 1782 2507 κοινῷ

208 2528 463 2597 ταμιείῳ,
500 2532 564 2599 τῇ
604 2528 766 2599 βίϐλῳ
800 2528 905 2580 τῶν
941 2526 1184 2599 Ψαλμῶν
1214 2528 1656 2600 τεθησαύρισται,
1691 2530 1777 2600 ἢν,

210 2617 424 2671 πολλῶν
465 2618 630 2671 ὄντων
662 2619 905 2687 ὀργάνων
940 2620 1236 2691 μουσικῶν,
1285 2621 1421 2689 πρὸς
1455 2621 1515 2672 τὸ
1556 2621 1781 2690 λεγόμε-

207 2725 303 2763 νον
344 2708 636 2779 ψαλτήριον
678 2710 918 2779 ἥρμοσεν
966 2713 994 2763 ό
1043 2715 1324 2782 προφήτης
1350 2752 1363 2774 ,
1409 2712 1509 2782 τὴν
1553 2714 1777 2775 ἄνωθεν,

208 2802 335 2871 ἐμοὶ
377 2800 553 2852 δοκεῖν
583 2799 715 2869 (95),
759 2800 1055 2873 ὲνηχοῦσαν
1114 2801 1260 2873 αύτῷ
1296 2803 1455 2873 χάριν
1497 2803 1649 2873 παρὰ
1687 2804 1778 2856 τοῦ

207 2891 525 2962 Πνεῦματος
576 2891 1004 2963 ἐνδεικνύμενος,
1064 2894 1194 2947 διότι
1248 2894 1404 2949 τοῦτο
1459 2896 1619 2966 μόνον
1672 2896 1780 2949 τῶν

212 2982 488 3060 μουσικῶν
518 2983 760 3053 ὀργάνων
794 2985 887 3056 τὴν
920 2986 1098 3039 αἰτίαν
1130 2987 1237 3041 τῶν
1268 2987 1517 3055 φθόγγων
1561 2990 1625 3042 ἐκ
1672 2990 1778 3043 τῶν

207 3070 417 3123 ἄνωθεν
447 3071 579 3140 ἔχει.
608 3074 683 3142 Τῇ
718 3074 918 3145 κιθάρα⁴
947 3076 1043 3144 μὲν
1073 3077 1180 3146 γὰρ
1212 3078 1304 3129 καὶ
1335 3081 1400 3147 τῇ
1428 3078 1565 3148 λύρᾳ
1599 3080 1776 3133 κάτωο

1885 1986 2182 2055 prudentia:
2206 1986 2586 2054 perfectionem
2609 1988 2632 2041 ἶ)
2661 2002 2835 2042 nonne
2859 1986 3189 2056 paruitenlite
3212 1986 3453 2048 modum,

1885 2088 1978 2131 aut
2038 2078 2307 2146 patientiae
2366 2080 2710 2132 mensuram?
2767 2093 2942 2132 nonne
3001 2078 3213 2131 tandem
3271 2077 3455 2131 omnia

1888 2184 2216 2239 quaecunque
2270 2168 2497 2238 proferri
2556 2178 2779 2236 possunt
2832 2169 3012 2222 bona?
3069 2168 3164 2221 Hic
3216 2167 3453 2236 perfecta

1886 2262 2168 2329 theologia,
2199 2263 2287 2316 hic
2316 2261 2380 2315 de
2412 2260 2612 2315 Christi
2646 2261 2698 2315 in
2740 2274 2958 2314 carnem
3003 2260 3233 2313 adventu
3264 2258 3454 2311 vatici-

1886 2351 2055 2416 nium,
2091 2353 2177 2405 hic
2215 2353 2559 2408 comminatio
2594 2352 2802 2423 judicii,
2848 2351 3260 2408 resurrectionis
3302 2365 3447 2419 spes,

1887 2442 2048 2496 timor
2083 2442 2353 2511 supplicii,
2397 2442 2576 2510 gloria:
2620 2444 3024 2512 promissiones,
3067 2442 3450 2513 mysteriorum

1883 2533 2173 2596 revelatio;
2217 2534 2395 2586 omnia
2441 2535 2490 2586 iu
2524 2534 2856 2587 Psalmorum
2895 2535 3034 2587 libro
3064 2533 3205 2585 velut
3242 2536 3291 2586 in
3333 2549 3452 2585 ma-

1876 2625 1984 2694 gno
2010 2626 2239 2695 quodam
2266 2637 2318 2679 et
2347 2624 2618 2677 communi
2661 2626 3027 2693 promptuario
3065 2626 3448 2679 reconduntur.

1881 2718 2048 2782 Quem
2100 2718 2314 2784 librum,
2370 2718 2581 2771 tametsi
2639 2718 2849 2770 diversa
2914 2726 3040 2770 sunt
3098 2716 3451 2770 instrumenta

1882 2809 2115 2871 musica,
2174 2809 2240 2860 ad
2300 2810 2642 2875 psalterium,
2698 2809 2841 2879 quod
2899 2817 3119 2867 vocant,
3184 2807 3451 2874 Propheta

1881 2899 2099 2968 aptavit.
2151 2897 2357 2967 Quippe
2411 2900 2661 2967 gratiam,
2716 2909 2773 2952 ut
2822 2900 2947 2952 mihi
3006 2899 3240 2960 videtur,
3292 2899 3343 2952 in
3386 2911 3455 2952 eo

1881 2993 2112 3061 desuper
2157 3005 2184 3043 a
2239 2999 2425 3043 sancto
2467 2988 2669 3056 Spiritu
2721 3003 2974 3044 resonare
3022 2990 3277 3050 ostendit,
3329 3003 3454 3056 pro-

1879 3093 2060 3152 pterea
2113 3084 2254 3152 quod
2314 3082 2417 3135 hoc
2460 3079 2630 3134 solum
2685 3094 2747 3132 ex
2804 3080 3025 3133 musicis
3078 3077 3453 3132 instrumentis

210 3162 303 3215 θεν
336 3166 361 3215 ὁ
394 3164 594 3232 χαλκὸς
633 3166 832 3233 ὑπηχεῖ
866 3166 998 3237 πρὸς
1032 3166 1091 3219 τὸ
1126 3166 1430 3238 πλῆκτρον·
1468 3170 1527 3225 τὸ
1571 3170 1774 3240 ψαλτή-

1884 3175 2004 3229 editi
2048 3176 2164 3228 soni
2206 3187 2422 3227 causam
2476 3174 2543 3225 ab
2590 3170 2781 3224 altiore
2818 3170 2936 3224 loco
2980 3170 3160 3224 habet.
3204 3168 3337 3222 Nam
3373 3171 3449 3223 ci-

210 3272 326 3328 ριον
373 3255 428 3308 δὲ
465 3254 622 3308 τοῦτο
658 3256 765 3309 τῶν
804 3257 1113 3327 ἁρμονικῶν
1150 3258 1371 3329 ῥυθμῶν
1414 3260 1616 3314 ἄνωθεν
1663 3262 1777 3331 ἔχει

206 3348 309 3411 τὰς
343 3349 592 3419 ἀφορμάς
613 3365 626 3378 ·
664 3350 748 3401 ἵνα
778 3351 869 3405 καί
904 3351 1063 3423 ἡμεῖς
1091 3350 1158 3403 τὰ
1185 3350 1296 3403 ἄνω
1328 3350 1509 3422 ζητεῖν
1543 3353 1777 3424 μελετῶ-

211 3457 336 3514 μεν,
374 3442 463 3492 καὶ
498 3442 569 3511 μὴ
601 3444 666 3509 τῇ
703 3442 858 3513 ἡδονῇ
892 3441 981 3495 τοῦ
1017 3442 1207 3512 μέλους
1233 3444 1323 3496 ἐπὶ
1358 3445 1423 3497 τὰ
1448 3445 1546 3515 τῆς
1576 3446 1776 3517 σαρκὸς

207 3533 359 3602 πάθη
388 3533 842 3603 καταφερώμεθα.
885 3537 1117 3588 Κάκεῖνο
1144 3536 1199 3589 δὲ
1237 3533 1388 3607 οἶμαι
1432 3539 1520 3591 τὸν
1562 3557 1776 3613 προφη-

206 3624 361 3680 τικὸν
387 3626 542 3693 λόγον
575 3626 782 3694 βαθέως
812 3629 939 3695 ἡμῖν
966 3628 1056 3678 καὶ
1076 3628 1250 3695 σοφῶς
1269 3627 1357 3680 διὰ
1372 3630 1468 3699 τῆς
1489 3631 1580 3682 τοῦ
1609 3634 1774 3703 ὀργά-

207 3738 304 3775 νου
322 3719 665 3787 κατασκευῆς
704 3718 1044 3787 ἐνδεδεῖχθαι,
1066 3719 1147 3771 ὅτι
1178 3722 1225 3771 οί
1261 3722 1517 3790 ἐμμελεῖς
1559 3726 1653 3776 καὶ
1682 3726 1775 3776 εύ-

208 3814 473 3884 ἁρμοστοι
492 3811 770 3880 τὰςψυχὰς
794 3811 978 3882 ῥᾳδίαν
998 3811 1177 3882 ἔχουσι
1205 3812 1314 3881 (96)
1349 3813 1444 3883 τὴν
1472 3817 1550 3878 εἰς
1580 3816 1647 3867 τὰ
1667 3818 1777 3883 ἄνῳ

208 3907 457 3978 πορείαν.
470 3905 693 3974 Ἱδωμεν
707 3904 762 3956 δὲ
778 3890 962 3956 λοιπὸν
980 3904 1070 3959 καὶ
1083 3905 1180 3975 τὴν
1197 3904 1370 3975 ἀρχὴν
1385 3906 1493 3959 τῶν
1508 3908 1773 3978 Ψαλμῶν.

1883 3268 2051 3320 ιιιιιτω
2109 3281 2172 3319 ac
2212 3265 2338 3332 lyrae
2375 3279 2449 3317 tes
2487 3276 2551 3317 ex
2597 3262 2839 3317 inferiori
2889 3273 3044 3331 parte
3073 3263 3305 3315 sonitum
3340 3263 3453 3316 edit

1881 3358 1948 3412 ad
2005 3356 2295 3427 plectrum;
2351 3355 2663 3423 psalterium
2722 3368 2853 3406 vero
2903 3368 2929 3405 a
2984 3363 3134 3421 parte
3183 3355 3449 3423 superiori

1881 3448 2161 3503 concinna:
2204 3460 2314 3500 sua:
2355 3444 2736 3499 modulationis
2774 3444 3034 3512 originem
3071 3443 3211 3499 ducit
3247 3461 3261 3498 :
3303 3455 3361 3497 ut
3394 3452 3451 3499 et

1882 3557 1979 3596 nos
2025 3555 2143 3609 quae
2185 3552 2396 3591 sursum
2433 3547 2557 3590 sunt
2600 3550 2839 3605 qnmrere
2880 3536 3212 3595 studeamus,
3244 3544 3300 3588 et
3344 3550 3449 3587 non

1882 3642 2175 3691 concentus
2216 3631 2496 3686 dulcedine
2546 3631 2612 3683 ad
2653 3629 2830 3682 carnis
2869 3628 3159 3698 spurcitias
3206 3626 3444 3680 devolva-

1883 3742 2019 3780 mur.
2075 3725 2213 3790 Quin
2280 3731 2332 3774 et
2387 3720 2695 3789 prophetica
2750 3720 2910 3771 verba
2962 3731 3057 3786 per
3107 3718 3447 3771 instrumenti

1884 3818 2040 3886 hujus
2070 3821 2401 3867 structuram
2437 3810 2544 3862 alta
2582 3809 2816 3877 quadam
2861 3819 2915 3862 et
2961 3807 3192 3875 sapienti
3237 3808 3450 3862 ratione

1884 3908 2037 3973 illud,
2071 3905 2281 3974 opinor,
2324 3902 2479 3956 nobis
2516 3900 2826 3967 ostendunt,
2859 3900 3026 3968 quod,
3064 3914 3290 3968 quorum
3333 3900 3449 3952 ani-

208 4016 333 4055 mus
370 4001 652 4070 aequabilis
692 4010 795 4063 est,
857 4000 1097 4068 beneque
1140 4002 1493 4069 compositus,
1557 4003 1622 4058 iis
1679 4007 1985 4075 expeditum
2034 4002 2136 4055 iter
2190 3999 2256 4051 ad
2309 3998 2589 4066 superiora
2647 4003 2845 4064 pateat.
2900 3993 3168 4048 (laterum
3232 3993 3445 4047 initium

208 4092 547 4149 Psaltnorum
593 4093 890 4146 videamus.

284 4184 336 4236 5.
368 4184 666 4251 Μακάριος
706 4185 880 4253 ἀνὴρ,
929 4187 995 4251 ὃς
1023 4189 1131 4241 οὐκ
1168 4188 1457 4256 ἐπορεύθη
1490 4190 1560 4243 ἐν
1579 4189 1781 4259 ,ϐουλῂ

1948 4190 2003 4245 5.
2053 4190 2210 4243 Vsus.
2246 4188 2295 4241 l.
2335 4184 2532 4239 Beatus
2562 4183 2660 4247 vir,
2693 4182 2781 4251 qui
2826 4197 2928 4233 non
2968 4181 3095 4233 abiit
3139 4181 3193 4233 in
3228 4180 3445 4233 com-ilio

205 4274 463 4335 ἀσεϐῶν.
498 4276 782 4345 Οίκοδόμοι
814 4276 910 4346 μὲν
938 4272 1031 4329 οὖν
1076 4278 1279 4349 μεγέθη
1328 4282 1779 4352 κατασκευασμά-

1884 4285 2175 4353 impiorum.
2232 4280 2373 4333 Sane
2425 4277 2703 4331 architecti
2757 4289 2875 4328 cum
2925 4274 2976 4327 in
3024 4272 3188 4326 altum
3233 4273 3446 4342 erigunt

204 4384 319 4419 των
362 4368 441 4429 εἰς
480 4366 611 4437 ὕψος
657 4364 918 4436 αἴροντες,
950 4368 1343 4436 ἁναλογοῦντας
1372 4372 1449 4441 τῷ
1496 4372 1617 4443 ῦψει
1651 4375 1778 4438 τοὺς

1884 4374 2069 4429 molem
2120 4372 2490 4432 aedificiorum,
2541 4368 2883 4421 fundamenta
2929 4364 3197 4419 altitudini
3248 4378 3445 4418 conve-

206 4457 488 4527 θεμελίους
533 4458 955 4512 ὑποϐάλλονται·
987 4460 1077 4511 καὶ
1122 4463 1410 4532 ναυπηγοὶ,
1449 4468 1772 4538 μυριοφόρον

1884 4465 2075 4519 nieutia
2134 4463 2380 4530 iaciunt;
2445 4460 2679 4529 itemque
2742 4460 2956 4512 navium
3021 4457 3258 4511 artifices
3317 4472 3442 4510 cum

209 4552 625 4621 συμπηγνύντες
657 4551 876 4615 ὁλκάδα,
915 4552 1313 4622 συμϐαίνουσαν
1348 4553 1424 4624 τῷ
1470 4554 1621 4626 βάρει
1666 4557 1772 4609 τῶν

207 4644 505 4712 ἀγωγίμων
542 4644 638 4716 τὴν
670 4645 861 4714 τρόπιν
894 4646 1212 4715 πήγνυνται.
1245 4645 1354 4698 Καὶ
1385 4648 1442 4698 ὲν
1472 4649 1536 4717 τῇ
1566 4649 1773 4716 γενέσει

206 4734 317 4791 τῶν
344 4733 496 4797 ζώων
529 4736 561 4804 ἡ
591 4736 787 4806 καρδία
820 4734 1004 4807 πρώτη
1044 4737 1439 4808 καταϐληθεῖσα
1484 4738 1631 4810 παρὰ
1676 4741 1773 4810 τῆς

208 4822 443 4891 φύσεως,
474 4823 842 4892 ἀναλογοῦσαν
873 4824 950 4895 τῷ
997 4825 1236 4894 μέλλοντι
1282 4827 1627 4882 συνίστασθαι
1653 4828 1773 4899 ζώῳ

206 4917 305 4987 τὴν
346 4915 496 4987 παρὰ
545 4916 642 4985 τῆς
688 4916 898 4984 φύσεως
940 4915 1203 4985 λαμϐάνει
1256 4916 1581 4988 καταϐολήν·
1637 4919 1771 4971 διότι

207 5008 536 5078 συμμέτρως
553 5010 671 5071 ταῖς
692 5008 918 5071 οἰκείαις
946 5009 1140 5078 ἀρχαῖς
1174 5012 1656 5081 περιυφαινομένου
1679 5013 1772 5066 τοῦ

206 5096 477 5168 σώματος,
512 5101 568 5151 αἱ
616 5100 758 5152 κατὰ
806 5099 874 5153 τά
924 5100 1127 5169 μεγέθη
1169 5100 1419 5171 διαφοραὶ
1464 5104 1570 5155 τῶν
1620 5104 1771 5168 ζώων

205 5189 612 5247 ἀποτελοῦνται.
649 5192 825 5261 Ὅπερ
856 5187 947 5245 οῦν
980 5192 1091 5259 (97)
1120 5191 1363 5261 θεμέλιος
1403 5196 1457 5246 ἐν
1491 5197 1639 5265 οἴκῳ,
1676 5197 1769 5248 καὶ

280 5369 404 5443 (90),
425 5367 561 5423 Editi
592 5378 646 5443 et
676 5368 910 5437 quinque
950 5383 1079 5423 mss.
1115 5368 1505 5437 εἰσαγομένοις.
1533 5369 1632 5424 Alii
1658 5372 1760 5424 duo

208 5438 335 5499 mss.
362 5438 748 5508 εἰσαγομένων.

278 5512 387 5580 (91)
418 5510 641 5565 Codices
667 5509 771 5561 duo
798 5510 905 5561 ἀπὸ
936 5508 1162 5577 λιθίνης.

277 5581 388 5651 (92)
407 5582 505 5635 Alii
530 5594 657 5651 mss.
676 5594 793 5631 cum
809 5584 893 5633 ed.
915 5580 1249 5633 ἐντυποῦται.
1270 5580 1369 5635 Alii
1391 5579 1759 5634 ὲντυποῦνται.

281 5650 392 5718 (93)
423 5651 512 5704 Sic
559 5650 727 5713 major
752 5665 876 5715 pars
928 5665 1055 5702 mss.
1100 5653 1167 5703 At
1190 5651 1314 5703 editi
1353 5664 1406 5705 et
1451 5668 1579 5704 tnss.
1629 5667 1761 5702 nou-

210 5723 335 5778 nulli
368 5721 428 5773 τὸ
458 5721 581 5772 δὲ...
614 5719 973 5789 εἰσδυόμενον.

281 5792 388 5861 (91)
429 5791 580 5844 Collt.
608 5808 741 5840 unus
770 5792 943 5859 εἴπῃς.
982 5789 1082 5842 Nec
1123 5796 1190 5845 ita
1246 5793 1408 5845 multo
1457 5802 1571 5857 post
1628 5790 1755 5858 RPg.

1880 4554 2246 4626 przegrandem
2282 4563 2335 4606 et
2365 4552 2670 4606 onerariam
2706 4564 2894 4604 navem
2925 4556 3268 4611 construunt,
3304 4548 3443 4600 cari-

1881 4661 2001 4699 nam
2031 4661 2151 4715 qua;
2183 4644 2545 4700 vehendarum
2586 4642 2844 4697 mercium
2884 4640 3035 4693 oneri
3081 4654 3177 4706 par
3209 4640 3280 4696 sit
3310 4654 3441 4709 sup-

1877 4744 2099 4804 ponunt.
2162 4735 2299 4801 Quin
2344 4744 2398 4788 et
2451 4735 2501 4787 in
2552 4733 2905 4787 animantium
2962 4732 3308 4799 generatione
3346 4746 3441 4785 cor

1878 4827 2018 4896 quod
2076 4828 2304 4895 primum
2367 4824 2688 4878 naturaliter
2756 4823 3049 4885 formatur,
3110 4831 3435 4875 structuram

1876 4918 2091 4974 animali
2138 4919 2416 4989 ﬁgurando
2458 4919 2704 4970 idoneam
2741 4932 2769 4969 a
2813 4925 2999 4968 natura
3041 4915 3253 4981 accipit.
3295 4914 3439 4979 Qua-

1877 5020 2093 5079 propter
2114 5026 2235 5066 cum
2260 5025 2461 5080 corpus
2493 5009 2878 5064 convenienter
2904 5008 3135 5077 propriis
3162 5006 3439 5074 principiis

1875 5103 2222 5156 constitutum
2256 5111 2360 5166 est,
2390 5111 2499 5155 tum
2538 5100 2848 5153 animalium
2889 5098 3199 5167 magnitudo
3226 5095 3435 5150 diversa

1871 5197 2119 5253 eliicitur.
2148 5193 2265 5260 Quo
2289 5195 2450 5265 igitur
2479 5193 2637 5247 modo
2669 5192 2735 5247 ad
2764 5190 2981 5246 domum
3020 5203 3079 5243 se
3112 5187 3270 5243 habet
3310 5187 3433 5243 fun-

1870 5372 2135 5426 sccundus
2167 5370 2521 5439 ἀποκάλυψις.

1941 5441 2050 5509 (93)
2083 5441 2222 5494 Editi
2244 5450 2298 5493 et
2329 5436 2459 5496 mss.
2484 5440 2685 5507 aliquot
2711 5436 2832 5506 ἐμοὶ
2856 5436 3049 5489 δοκεῖν.
3079 5436 3182 5490 Alii
3215 5437 3434 5505 quidam

1871 5525 2001 5564 mss.
2038 5512 2159 5580 ἐμοὶ
2185 5510 2348 5564 δοκεῖ.

1941 5580 2053 5650 (96)
2070 5575 2222 5633 Ἐύὶιί
2252 5596 2370 5635 cum
2406 5580 2577 5633 tribus
2624 5593 2753 5631 mss.
2784 5578 2862 5630 ὅτι
2896 5576 3017 5631 οἰ...
3071 5575 3273 5646 ἔχουσι.
3328 5576 3429 5628 Alii

1872 5662 1980 5704 tres
2011 5664 2138 5703 mss.
2174 5652 2257 5702 ἵνα
2282 5652 2398 5704 οἱ...
2431 5650 2613 5718 ἔχωσι.

1942 5719 2053 5789 (97)
2085 5720 2219 5808 βξάὶιί
2270 5732 2319 5774 et
2380 5712 2609 5788 quatuor
2667 5735 2791 5771 mss.
2842 5719 2979 5785 ὅπερ
3037 5712 3149 5769 οὖν.
3188 5714 3289 5769 Alii
3328 5717 3430 5769 duo

1868 5807 2052 5863 ωσπερ
2078 5807 2183 5843 ουν.
