4062 6498
575 407 679 460 215

1870 401 1926 454 S.
1968 399 2208 455 BASILII
2248 394 2462 448 MAGNI

3716 390 3822 441 916

568 524 900 581 damentum,
930 526 983 572 et
1021 517 1087 570 ad
1123 517 1300 570 navim
1331 518 1537 582 carina,
1562 527 1618 572 et
1643 521 1707 574 ad
1740 518 1988 572 animalis
2014 533 2135 573 cor-
2165 567 2166 574 η

2270 530 2294 564 ν
2326 510 2494 578 πλοίῳ
2522 512 2733 579 τρόπις,
2768 507 2860 559 καὶ
2908 508 2966 557 ἐν
3010 507 3219 576 σώματι
3254 502 3390 568 ζώου
3430 508 3651 575 καρδία,
3689 506 3823 557 ταύ-

569 627 670 681 pus
706 624 819 674 cor,
860 609 1048 664 eodem
1087 608 1153 661 ad
1185 607 1522 662 Psalmorum
1566 608 1816 678 generale
1843 623 2135 677 argumen-

572 714 682 755 tum
706 714 764 755 se
791 699 950 754 habet
974 701 1131 754 etiam
1163 699 1270 769 92
1295 700 1455 754 breve
1479 698 1606 752 illud
1632 699 1974 770 prommium.
2001 700 2135 753 Nam

571 807 695 846 cum
743 792 908 847 David
951 790 1017 844 ad
1068 791 1257 853 multa,
1302 804 1476 860 eaque
1518 793 1706 858 ardua,
1751 802 1805 844 et
1843 789 2140 845 innumeris

574 881 864 937 sudoribus
910 893 974 933 ac
1024 880 1296 933 laboribus
1351 877 1548 932 referta
1601 881 1652 934 in
1696 878 1838 932 serie
1879 880 2141 932 orationis

575 984 719 1029 esset
764 973 1166 1034 exhortaturus,
1218 968 1271 1021 in
1322 977 1660 1024 antecessum
1716 966 1876 1020 finem
1927 967 2140 1020 beatum

577 1063 790 1133 pietatis
823 1058 1306 1129 pr0pugnatoribus
1341 1059 1822 1122 commonstravit;
1867 1064 1923 1110 ut
1969 1059 2140 1112 bono-

577 1165 694 1203 rum
745 1147 899 1202 nobis
939 1147 1298 1216 repositorum
1345 1165 1439 1218 spe
1484 1148 1756 1203 molestias
1799 1147 1921 1201 vitae
1965 1150 2144 1202 animo

574 1254 730 1308 aequo
758 1237 1206 1306 perferamus.Sic
1230 1243 1390 1294 etiam
1415 1255 1662 1307 asperum
1687 1253 1752 1292 ac
1774 1237 2142 1293 diliieillimum

579 1334 684 1387 iter
718 1331 1042 1386 facientibus
1085 1334 1149 1385 ad
1194 1331 1542 1385 sustinendos
1590 1330 1800 1385 labores
1847 1333 2146 1384 levamento

577 1433 661 1477 est
709 1425 1052 1478 commodum
1111 1432 1493 1490 speratumqne
1550 1420 1941 1485 diversorium;
1987 1428 2147 1486 atque

581 1514 970 1570 mercatoribus
1019 1515 1085 1566 ad
1136 1512 1526 1581 peragrandum
1574 1525 1725 1565 mare
1769 1512 1975 1564 animos
2024 1507 2150 1562 facit

581 1606 943 1674 parandarum
977 1604 1233 1657 mercium
1264 1602 1589 1656 desiderium
1617 1621 1631 1656 :
1660 1601 1786 1672 quin
1817 1609 1869 1653 et
1897 1598 2149 1669 agricolis

580 1698 824 1749 laborum
865 1709 1081 1750 sensum
1122 1695 1518 1763 quodammodo
1556 1709 1680 1764 spes
1713 1692 1903 1746 messis
1942 1691 2147 1746 adimit.

581 1785 941 1852 Quamobrem
977 1796 1033 1839 et
1076 1787 1380 1839 communis
1425 1786 1545 1839 vita:
1592 1784 1925 1846 emendator,
1965 1782 2151 1836 doctor

582 1894 828 1949 magnus,
861 1879 1081 1947 spiritus
1109 1879 1373 1945 veritatis,
1405 1879 1676 1947 sapienter
1708 1893 1770 1932 ac
1804 1877 1941 1931 scite
1974 1879 2152 1931 statim

583 1977 652 2027 ah
694 1973 847 2028 initio
884 1974 1179 2026 mercedem
1227 1973 1526 2040 proposuit,
1566 1980 1620 2022 ut
1659 1987 1816 2039 supra
1865 1979 2158 2039 prwsentes

586 2064 796 2116 labores
823 2061 1014 2125 evecti,
1043 2060 1225 2112 animo
1258 2062 1322 2111 ad
1360 2066 1686 2112 :eternorum
1728 2061 1988 2113 bonorum
2030 2074 2158 2127 gau-

585 2153 672 2207 dia
712 2167 1078 2222 properemus.
1117 2151 1306 2224 Beatus
1341 2151 1436 2217 vir,
1469 2151 1558 2220 qui
1599 2168 1700 2204 non
1741 2151 1868 2204 abiit
1903 2153 1954 2202 in
1983 2149 2157 2202 causi-

588 2245 659 2298 lio
697 2245 998 2312 impiorum.
1033 2246 1184 2308 Quod
1223 2260 1351 2310 ergo
1385 2259 1505 2296 vere
1547 2243 1743 2295 bonmn
1795 2240 2023 2303 exsistit,
2062 2239 2156 2290 im-

587 2340 778 2409 primis
807 2337 1156 2404 neprtecipue
1203 2335 1415 2387 beatum
1466 2335 1859 2400 prmdicaudun‘t
1901 2340 2002 2383 est.
2047 2329 2160 2383 Hoc

589 2439 765 2484 autem
800 2429 937 2480 Dens
979 2435 1080 2478 est.
1124 2423 1271 2478 Unde
1300 2434 1351 2475 et
1401 2421 1598 2474 Paulus
1641 2421 1706 2474 de
1736 2420 1950 2473 Christo
1999 2433 2153 2470 men-

592 2523 791 2575 tionem
842 2517 1108 2578 facturus,
1161 2515 1283 2568 ait:
1339 2510 1636 2566 Secundum
1688 2509 2163 2578 mmu'festationem

597 2611 733 2666 beati
770 2613 883 2676 Dei,
920 2622 964 2664 et
1000 2608 1290 2664 Saluatoris
1330 2607 1494 2660 nostri
1543 2604 1670 2658 Jesu
1703 2601 1898 2656 Christi
1923 2603 1990 2658 ³¹.
2027 2603 2164 2658 Bea-

595 2718 708 2758 tuut
738 2705 881 2760 enim
913 2717 1036 2757 rere
1057 2710 1158 2765 est,
1191 2701 1332 2769 quod
1364 2714 1458 2768 per
1485 2713 1542 2752 se
1565 2701 1761 2752 bonum
1797 2707 1901 2762 est,
1930 2696 1995 2750 ad
2024 2697 2164 2765 quod

597 2795 888 2861 respiciunt
917 2792 1117 2854 omnia,
1147 2790 1287 2858 quod
1325 2791 1576 2842 universa
1602 2789 1936 2850 desiderant,
1969 2798 2163 2839 natura

593 2885 967 2948 immutabilis,
993 2882 1176 2936 herilis
1197 2881 1446 2950 dignitas,
1475 2882 1579 2932 vita
1620 2879 2013 2948 perturbatioiii
2040 2878 2168 2930 ιιιΗὶ

590 2981 843 3041 obnoxia,
871 2976 1061 3032 hilaris
1081 2975 1289 3029 vivendi
1314 2971 1842 3042 ratio,qu:ealterari
1872 2981 1962 3022 aut
1987 2971 2172 3023 immu-

600 3071 700 3124 tari
719 3071 921 3138 nequit,
938 3066 1058 3122 fons
1074 3068 1400 3130 scaturiens,
1417 3065 1686 3118 uberrima
1706 3063 1898 3130 gratia,
1920 3062 2175 3114 inexhau-

2236 619 2335 672 την
2371 618 2457 671 μοι
2499 601 2645 653 δοκεί
2676 600 2771 668 τὴν
2800 598 3026 666 δύναμιν
3056 599 3197 669 ἔχειν
3227 596 3360 670 πρὸς
3399 595 3498 666 τὴν
3532 598 3666 668 ὃλην
3713 597 3826 651 τῶν

2239 692 2483 762 Ψαλμῶν
2533 691 2874 762 κατασκευὴν
2902 687 3041 759 [καὶ]
3095 691 3156 742 τὸ
3205 689 3374 761 βραχὺ
3427 686 3590 740 τοῦτο
3631 691 3826 760 προοί-

2233 802 2382 855 μιον.
2434 782 2649 852 Ἐπειδὴ
2700 784 2807 854 γὰρ
2850 779 3017 833 πολλὰ
3062 782 3156 832 καὶ
3202 784 3430 836 ἐπίπονα
3474 779 3570 833 καὶ
3610 783 3829 848 μυρίων

2245 876 2480 946 ἱδρώτων
2501 876 2590 928 καὶ
2616 873 2791 927 πόνων
2811 875 3046 945 γέμοντα
3068 878 3351 941 παραινεῖν
3379 872 3584 944 μέλλει,
3605 874 3831 939 προῖόν-

2243 983 2331 1027 to;
2363 965 2458 1017 τοῦ
2491 967 2670 1030 λόγου,
2718 968 2830 1026 τοῖς
2859 966 2958 1034 τῆς
3003 962 3279 1024 εὐσεϐείας
3311 965 3646 1031 ἀγωνισταῖς
3683 977 3829 1029 προ-

2243 1057 2419 1110 λαϐὼν
2452 1056 2693 1122 ὑπέδειξε
2719 1056 2777 1107 τὸ
2803 1057 3069 1129 μακάριον
3096 1054 3268 1115 τέλος,
3298 1054 3383 1105 ἵνα
3408 1059 3473 1126 τῇ
3507 1053 3685 1108 ἐλπίδι
3716 1052 3831 1103 τῶν

2245 1151 2615 1219 ἀποκειμένων
2666 1146 2883 1215 ἀγαθῶν
2936 1149 3154 1207 ἀλύπως
3197 1143 3290 1196 τοῦ
3332 1144 3448 1214 βίου
3494 1148 3564 1198 τὰ
3596 1144 3836 1213 ἀλγεινά

2245 1243 2585 1314 διαφέρωμεν
2614 1242 2743 1312 (98).
2770 1240 2957 1304 Οὕτως
2981 1244 3074 1294 καὶ
3102 1237 3396 1307 ὁδοιπόροις
3417 1244 3681 1309 τραχεῖαν
3707 1236 3836 1288 ὁδὸν

2247 1336 2628 1405 πορευομένοις
2663 1333 2753 1386 καὶ
2786 1331 3046 1386 δύσϐατον
3076 1329 3316 1397 κουφίζει
3350 1330 3440 1381 τὸν
3474 1331 3677 1400 μόχθον
3711 1332 3840 1382 ἐπι-

2247 1428 2454 1497 τήδειον
2497 1427 2680 1489 αὑτοῖς
2717 1425 3084 1494 προσδοκηθέν
3118 1421 3492 1490 καταγώγιονο
3530 1424 3626 1474 καὶ
3657 1421 3839 1493 ἐμπό-

2255 1532 2376 1586 ρους
2407 1518 2550 1577 ποιεῖ
2573 1515 2669 1585 τῆς
2694 1512 2967 1581 θαλάσσης
2989 1513 3332 1581 κατατολμᾷν
3365 1513 3395 1581 ἡ
3427 1510 3697 1580 ἐπιθυμία
3722 1513 3838 1564 τῶν

2251 1607 2579 1675 ἀγωγίμων·
2619 1605 2710 1657 κα)⁹
2754 1604 3014 1672 γεωργῶν
3063 1601 3514 1669 ὑποκλ.ἐπτει(99)
3553 1601 3684 1661 τοὺς
3733 1602 3839 1653 τέο

2253 1716 2375 1760 νους
2421 1701 2452 1767 ἡ
2495 1699 2593 1767 τῆς
2642 1695 2975 1765 ἐπικαρπίας
3009 1696 3178 1758 ἐλπίς.
3223 1695 3312 1746 Διὸ
3353 1697 3442 1746 καὶ
3468 1695 3496 1744 ὀ
3523 1693 3704 1754 κοινὸς
3739 1694 3838 1746 τοῖ

2258 1789 2368 1858 βίου
2402 1789 2710 1859 διορθωτὴς,
2747 1790 2774 1840 ὁ
2810 1787 2981 1857 μέγας
3017 1787 3353 1850 διδάσκαλος,
3383 1787 3442 1838 τὺ
3480 1785 3702 1856 πνεῦμα
3739 1787 3845 1855 τῆς

2257 1881 2529 1951 ἀληθείας.
2572 1881 2749 1950 σοφῶς
2776 1881 2869 1933 καὶ
2898 1880 3160 1951 ἐντέχνως
3187 1881 3313 1940 τοὺς
3346 1879 3570 1950 μισθοὺς
3596 1877 3845 1948 προεϐαέ

2255 1974 2376 2025 λετο
2409 1974 2504 2042 (ε),
2548 1974 2654 2036 ἵνα,
2688 1971 3124 2042 ὑπερκύπτοντες
3169 1974 3292 2035 τοὺς
3326 1975 3382 2024 ἐν
3410 1974 3565 2044 χερσὶ
3613 1973 3842 2033 πόνους,

2256 2069 2320 2135 τῇ
2369 2065 2574 2137 διανοίᾳ
2616 2063 2749 2133 πρὸς
2789 2064 2888 2132 τὴν
2932 2063 3234 2117 ἀπόλαυσιν
3278 2064 3384 2116 τῶν
3418 2065 3656 2116 αἰωνίων
3702 2065 3846 2128 ἀγα-

2259 2157 2366 2210 θῶν
2396 2158 2470 2227 (2)
2503 2155 2869 2227 ἐπειγώμεθα.
2911 2153 3213 2222 Μακάριος
3242 2157 3416 2222 ἀνὴρ,
3458 2155 3525 2218 ὃς
3555 2157 3669 2206 οὐκ
3695 2155 3846 2206 ἐπο-

2257 2255 2437 2320 ρεύοη
2469 2253 2537 2304 ἐν
2560 2251 2765 2318 ,ϐουλῇ
2787 2249 3039 2305 ἀσεϐῶν.
3079 2251 3232 2302 Ἔστι
3270 2251 3365 2319 μὲν
3398 2245 3489 2300 οὖν
3531 2247 3594 2299 τὸ
3633 2248 3850 2318 κυρίως

2262 2347 2354 2398 καὶ
2386 2344 2614 2413 πρώτως
2650 2343 3004 2413 μακαριστὸν,
3035 2341 3096 2394 τὸ
3128 2339 3394 2409 ἀληθινῶς
3422 2339 3646 2407 ἀγαθόν.
3671 2337 3850 2391 Τοῦτο

2262 2439 2317 2490 δέ
2346 2439 2490 2487 ἐστιν
2522 2437 2549 2486 ὁ
2600 2435 2750 2497 Θεός.
2799 2435 2962 2486 Ὅθεν
3009 2435 3102 2485 καὶ
3151 2430 3380 2492 Παῦλος,
3427 2431 3740 2500 ὑπόμνησιν
3769 2429 3847 2499 (5)

2269 2527 2472 2600 μέλλων
2505 2525 2772 2578 ποιεῖσθαι
2821 2523 3079 2595 Χριστοῦ,
3125 2524 3282 2578 Κατὰ
3318 2522 3432 2588 τὴν
3460 2523 3848 2592 ἐπιφάνειαν,

2267 2621 2418 2690 φησὶ,
2448 2617 2552 2671 τοῦ
2571 2616 2865 2685 μακαρίου
2898 2615 3066 2680 Θεοῦ,
3097 2614 3195 2667 καὶ
3220 2614 3492 2683 Σωτῆρος
3528 2613 3704 2682 ἡμῶν
3743 2615 3853 2681 Ἰη-

2268 2711 2382 2764 σοῦ
2416 2709 2688 2777 Χριστοῦ.
2725 2709 3010 2779 Μακάριον
3041 2707 3149 2780 γὰρ
3178 2707 3255 2778 τῷ
3287 2707 3399 2780 ὄντι
3431 2707 3491 2760 τὸ
3519 2707 3850 2764 αὑτὸκα).ον,

2269 2802 2405 2870 πρὸς
2424 2801 2451 2853 ὃ
2478 2801 2652 2854 πάντα
2681 2798 2996 2861 ἀποϐλέπει,
3024 2791 3084 2851 οὗ
3116 2800 3289 2852 πάντα
3315 2800 3547 2867 ἐφίεται,
3595 2801 3628 2867 ἡ
3692 2799 3854 2867 ἄτρε-

2271 2909 2400 2952 πτος
2433 2891 2613 2960 φύσις,
2642 2892 2702 2943 τὸ
2730 2892 3045 2944 δεσποτικὸν
3075 2891 3309 2960 ἀξίωμα,
3360 2892 3392 2959 ἡ
3421 2890 3685 2958 demto;
3713 2888 3851 2957 ζωὴν

2270 2986 2302 3050 ἡ
2333 2983 2533 3043 ἄλυπος
2571 2981 2893 3052 ὀιεξαγωγὴ,
2941 2982 3069 3049 περὶ
3101 2983 3167 3051 ἢν
3199 2983 3296 3034 οὑκ
3343 2982 3486 3032 ἔστιν
3516 2981 3812 3042 ἀλλοίωσις
3837 3019 3852 3039 ,

2273 3068 2340 3142 ἦς
2375 3073 2470 3142 οὑχ
2494 3070 2720 3123 ἅπτεται
2750 3069 3014 3140 μεταόολή
3036 3087 3048 3100 ⁸
3076 3073 3107 3140 ἡ
3143 3071 3380 3139 βρύουσα
3413 3071 3586 3139 πηγὴ,
3617 3072 3652 3140 ἡ
3686 3070 3855 3138 ἀφθο-

601 3174 719 3216 stus
761 3167 1063 3215 thesaurus.
1124 3160 1284 3228 Atqui
1333 3159 1579 3214 homines
1620 3157 1792 3226 ignari
1827 3195 1842 3221 ,
1885 3155 2166 3222 mundique

2279 3181 2365 3226 νος
2422 3163 2598 3233 χάρις.
2657 3163 2685 3214 ὁ
2741 3161 3081 3230 ἀδαπάνητος
3133 3161 3422 3230 θησαυρός.
3485 3159 3748 3229 Ἀμαθεῖς
3799 3161 3854 3213 δὲ

598 3251 978 3321 amantes,qui
1002 3250 1124 3305 boni
1155 3252 1323 3320 ipsius
1355 3251 1601 3320 ignorant
1628 3256 1898 3310 naturam,
1926 3263 2009 3299 res
2026 3245 2174 3297 nihili

599 3345 795 3414 saepius
820 3343 1112 3411 restituant,
1145 3345 1381 3408 divitias,
1420 3343 1725 3405 sanitatem,
1754 3340 1874 3392 vita:
1925 3338 2178 3406 splendo-

602 3454 752 3495 rem:
785 3454 1008 3508 quarum
1037 3453 1214 3491 rerum
1255 3439 1384 3489 nihil
1414 3445 1496 3489 est
1523 3449 1616 3488 sua
1653 3434 1819 3501 ipsius
1850 3442 2040 3485 natura
2074 3432 2172 3485 bo-

605 3545 731 3584 num
761 3545 776 3590 ;
807 3541 908 3580 non
945 3525 1117 3579 solum
1150 3528 1291 3594 quod
1318 3522 1474 3577 facile
1507 3538 1556 3576 ιιι
1584 3520 1855 3574 contraria
1881 3527 2174 3580 mutentur,

601 3624 697 3682 sed
727 3620 870 3690 quod
902 3635 967 3674 ne
1017 3620 1184 3674 bonos
1211 3618 1421 3686 quidem
1459 3617 1668 3670 valeant
1695 3628 2033 3684 possessores
2054 3626 2178 3667 suos

605 3715 848 3769 reddere.
886 3711 1017 3777 Quis
1045 3711 1187 3766 enirn
1211 3711 1280 3765 ob
1309 3711 1527 3765 divitias
1551 3708 1773 3777 justus?
1805 3706 1928 3776 quis
1957 3713 2178 3775 propter

601 3804 890 3858 sanitatem
947 3802 1293 3871 temperans?
1350 3801 1458 3854 lino
1489 3815 1617 3854 sane
1659 3801 1773 3854 huic
1801 3799 1980 3852 omnia
2043 3797 2181 3851 male

610 3895 882 3948 mentibus
926 3894 990 3946 ad
1035 3893 1362 3961 peccandum
1412 3905 1556 3958 saepe
1590 3889 1917 3942 inserviunt.
1985 3889 2181 3942 Beatus

613 3990 776 4056 igitur
835 3987 943 4054 ille,
1002 3985 1092 4055 qui
1151 3999 1214 4038 ea
1271 3999 1389 4053 qua:
1452 3981 1670 4050 plurimi
1728 3991 1855 4034 sunt.
1914 3983 2179 4043 habenda,

611 4079 869 4150 possidet,
897 4079 1098 4147 quique
1125 4090 1335 4139 eorum,
1366 4091 1484 4143 quae
1520 4081 1790 4142 nequeunt
1837 4071 2058 4134 auferri,
2089 4073 2183 4125 ho-

612 4186 802 4225 norum
858 4171 1127 4239 particeps
1175 4179 1277 4223 est.
1311 4167 1416 4222 Sed
1447 4183 1554 4238 quo
1587 4176 1745 4236 pacto
1796 4167 1939 4221 hunc
1991 4179 2183 4234 cngno-

610 4261 863 4316 ει-θηιιιει
924 4261 1028 4325 Qui
1062 4248 1165 4313 non
1235 4261 1362 4312 abiit
1427 4260 1484 4311 in
1540 4259 1756 4312 consilio
1791 4259 2087 4327 impiorum.
2117 4254 2184 4308 Et

613 4353 922 4423 priusuuam
953 4365 1216 4418 exponam
1254 4351 1380 4418 quid
1412 4359 1485 4402 s:t
1513 4366 1617 4402 non
1647 4351 1848 4404 abiisse
1875 4349 1930 4402 itt
1960 4346 2183 4402 consilio

615 4445 928 4514 impiorum,
946 4442 1049 4498 loci
1077 4441 1235 4510 hujus
1259 4439 1610 4509 quaestionem
1637 4441 1790 4494 vobis
1813 4442 2021 4495 solvere
2044 4442 2180 4493 volo.

2278 3254 2373 3308 ἄ·δο
2382 3271 2551 3326 ρωποι
2574 3255 2664 3306 καὶ
2689 3253 3024 3322 φιλόκοσμοι,
3057 3253 3375 3321 ἀγνοοῦντες
3403 3251 3568 3304 αὑτοῦ
3595 3252 3692 3303 τοῦ
3721 3253 3857 3320 ἀγά-

2279 3346 2370 3398 θοῦ
2427 3346 2522 3416 τὴν
2576 3347 2753 3412 φύσιν,
2812 3344 3172 3417 μακαρίζουσι
3216 3344 3476 3407 πολλάκις
3520 3343 3591 3396 τὰ
3627 3345 3856 3414 μηδενὸς

2277 3437 2420 3502 ἄξια,
2471 3436 2715 3502 πλοῦτον,
2767 3438 2994 3506 ὑγίειαν,
3028 3437 3378 3509 περιφάνειαν
3413 3436 3527 3508 βίου
3550 3453 3563 3466 ·
3597 3430 3676 3490 ὧν
3705 3437 3857 3491 οὐδέν

2277 3529 2422 3580 ἐστιν
2452 3527 2652 3596 ἀγαθὸν
2687 3531 2750 3599 τῇ
2787 3528 2979 3582 ἐαυτοῦ
3017 3529 3210 3598 φύσει·
3245 3531 3304 3584 οὑ
3342 3529 3501 3601 μόνον
3539 3528 3735 3582 καθότι
3761 3531 3859 3598 ρᾳ-

2276 3621 2394 3674 δίαν
2437 3620 2546 3690 ἔχει
2575 3620 2672 3692 τὴν
2703 3623 2840 3693 πρὸς
2869 3624 2937 3677 τὰ
2985 3625 3199 3678 ἐναντία
3234 3625 3591 3695 περιτροπὴν,
3632 3622 3749 3674 ἀλλ’
3778 3621 3857 3673 ὅτι

2284 3713 2414 3784 μηδὲ
2446 3711 2679 3782 ἀγαθοὺς
2711 3713 2932 3768 δύναται
2983 3717 3108 3779 τοὺς
3152 3716 3518 3785 κεκτημένους
3548 3711 3855 3765 ἀποτελεῖν.

2281 3808 2375 3871 Τίς
2429 3806 2536 3878 γὰρ
2598 3806 2802 3870 δίκαιος
2853 3808 2940 3860 διὰ
2989 3810 3280 3878 χρήματα;
3339 3807 3422 3866 τίς
3479 3802 3715 3874 σώφρων
3767 3802 3856 3854 διὰ

2283 3900 2519 3967 ὑγίειαν;
2551 3901 2867 3953 Τοὺναντίον
2910 3899 3006 3967 μὲν
3035 3894 3146 3960 οὖν,
3183 3898 3273 3949 καὶ
3296 3894 3564 3964 ὑπηρεσία
3595 3893 3856 3957 πολλάκις

2283 3991 2420 4059 πρὸς
2447 3991 2720 4060 ἁμαρτίαν
2757 3992 2870 4050 τοῖς
2902 3988 3085 4049 κακῶς
3129 3986 3430 4056 χρωμένοις
3469 3985 3674 4036 τούτων
3727 3987 3857 4038 Exa-

2285 4099 2407 4134 στον
2426 4083 2648 4149 γίνεται.
2677 4082 2959 4150 Μακάριος
2975 4076 3066 4134 οὖν
3092 4080 3202 4133 sxa.
3229 4079 3478 4131 πλείστου
3508 4078 3632 4142 ἀξια
3658 4096 3859 4148 κεκτη-

2286 4173 2463 4242 μένος,
2497 4174 2526 4224 ὁ
2551 4172 2658 4226 τῶν
2703 4172 3080 4243 ἀναφαιρέτων
3111 4171 3332 4241 ἀγαθῶν
3370 4172 3614 4241 μέτοχος.
3657 4171 3858 4223 Τοῦτον

2282 4265 2336 4317 δὲ
2370 4265 2482 4327 πῶς
2509 4264 2951 4334 ἐπιγνωσόμεθα;
2986 4267 3090 4329 Ὃς
3118 4267 3227 4318 οὐκ
3254 4264 3546 4330 ἐπορεύθη
3575 4257 3856 4325 «ἐι-,ϐουλῇ

2283 4356 2535 4410 ἀσεϐῶν.
2571 4359 2680 4412 Καὶ
2723 4358 2852 4429 πρίν
2898 4375 2961 4426 γε
3001 4359 3191 4420 εἰπεῖν,
3223 4357 3274 4410 τί
3317 4358 3376 4408 τὸ
3409 4356 3481 4425 μὴ
3526 4353 3855 4422 πορευθῆναι

2286 4450 2341 4499 ἐ-ν
2373 4447 2530 4519 βουλῇ
2568 4448 2804 4512 ἀσεϐῶν,
2837 4448 3092 4518 βούλομαι
3128 4449 3252 4516 ὑμῖν
3279 4448 3340 4498 τὸ
3384 4447 3440 4495 ἐν
3471 4443 3547 4512 τῷ
3579 4443 3732 4512 τόπῳ
3763 4442 3856 4510 ζη-

618 4537 727 4590 Cur
773 4534 1060 4604 Propheta,
1122 4533 1320 4602 inquis,
1362 4536 1534 4586 solum
1586 4532 1857 4584 hominem
1913 4531 2077 4600 eligit,
2120 4547 2166 4583 at

2286 4539 2545 4609 τοὺμενον
2586 4539 2854 4593 διαλῦσαι.
2902 4539 3000 4591 Διά
3043 4540 3116 4600 τί,
3151 4537 3333 4606 φησιν,
3376 4537 3404 4587 ὁ
3454 4535 3739 4603 προφήτης
3771 4533 3857 4582 τὸν

619 4626 877 4696 praedicat
952 4625 1212 4680 beatum?
1277 4641 1402 4678 num
1461 4622 1711 4676 mulieres
1763 4637 1793 4674 a
1855 4623 2183 4677 beatitudine

618 4718 888 4773 exclusit?
921 4719 1073 4772 Absit
1101 4719 1113 4772 ι
1140 4718 1426 4772 Enimvero
1458 4717 1557 4769 viri
1592 4726 1644 4769 et
1700 4715 1941 4769 mulieris
1972 4731 2073 4768 una
2103 4726 2184 4768 est

620 4812 792 4865 virtus
817 4824 832 4863 :
859 4810 1294 4880 quandoquidem
1325 4813 1604 4877 utriusque
1631 4808 1839 4862 creatio
1863 4807 2063 4860 honore
2091 4824 2186 4874 par

619 4917 725 4968 est.
758 4922 820 4961 ac
843 4908 1067 4975 proinde
1094 4907 1375 4974 utriusque
1405 4920 1616 4973 quoque
1645 4919 1848 4956 merces
1864 4913 1948 4956 est
1971 4901 2181 4956 eadem.

622 4999 758 5060 Audi
803 4997 1094 5052 Genesim:
1139 4996 1280 5050 Fecit
1335 4998 1472 5050 Deus
1522 4996 1816 5057 hominem,
1873 4993 2078 5062 inquit;
2115 4995 2184 5044 ad

694 5155 734 5186 "
763 5155 866 5210 Tit.
897 5171 956 5216 ιι,
992 5157 1073 5210 15.

698 5291 809 5358 (98)
841 5291 1179 5343 Cttllwttinus
1210 5306 1344 5340 unus
1374 5289 1757 5356 ὑποφέρωμεν.

701 5354 810 5429 (99)
834 5360 935 5412 Pro
958 5360 1286 5412 ὑποκλέπτει
1323 5375 1364 5412 s.
1389 5354 1582 5410 runtur
1618 5357 1937 5423 simpliciter
1979 5354 2030 5407 in
2057 5354 2191 5407 duo-

627 5433 730 5487 bus
762 5445 889 5483 mss.
922 5429 1161 5482 κλέπτει.

699 5500 774 5571 (1)
805 5499 981 5571 [Index
1010 5516 1149 5571 unus
1174 5496 1553 5571 προεϐἀλλετο.

706 5564 784 5635 i9.)
807 5569 980 5623 Editio
1009 5569 1178 5622 Paris.
1210 5564 1316 5621 τῶν
1339 5566 1709 5636 ἀποκειμένων
1740 5564 1980 5634 ἀγαθῶν.
2014 5572 2081 5616 At
2112 5577 2196 5636 πριι-

637 5631 780 5695 ιὶτιίιι
809 5640 928 5693 libri
956 5655 1113 5691 manu
1146 5639 1373 5697 exarati,
1399 5631 1623 5692 unornm
1653 5639 1700 5687 in
1735 5631 1851 5687 aliis
1881 5637 2072 5702 legitur
2088 5631 2197 5684 τῶν

633 5709 1015 5777 ἀποκειμένων
1041 5709 1270 5761 αἰωνίων
1299 5708 1535 5775 ἀγαθῶν·
1596 5706 1648 5758 in
1693 5705 1809 5758 aliis
1837 5720 1978 5777 vero_
1997 5704 2199 5777 simpli-

639 5784 757 5832 ritts
787 5773 892 5831 τῶν
919 5780 1147 5831 αίωνίων
1172 5773 1406 5845 ἀγαθῶν·
1453 5787 1506 5829 et
1530 5777 1598 5828 ita
1637 5777 1917 5840 scripsisse
1945 5773 2198 5845 Basilinm

635 5861 911 5920 putamus,
954 5868 1018 5904 ne
1045 5864 1198 5904 vet-es
1221 5841 1292 5903 'in
1318 5864 1392 5899 ων
1426 5847 1731 5902 desinentes
1763 5847 1960 5899 irustra
2017 5841 2196 5897 multi-

2289 4630 2455 4700 ἄνδρα
2507 4631 2666 4700 μόνον
2719 4630 3074 4699 ἐκλεξάμενος
3117 4625 3444 4696 μακαρίζει;
3491 4621 3599 4693 ἆρα
3652 4623 3726 4693 μὴ
3768 4622 3856 4674 τοῦ

2293 4722 2641 4793 μακαρισμοῦ
2685 4722 2780 4783 τὰς
2821 4723 3081 4788 γυναῖκας
3132 4715 3452 4778 ἀπέκλεισε;
3493 4713 3583 4783 Μὴ
3619 4712 3855 4780 γένοιτοι

2291 4816 2404 4868 Μία
2449 4816 2554 4886 γὰρ
2585 4815 2752 4887 ἀρετὴ
2798 4814 2988 4884 ἀνδρὸς
3020 4813 3110 4865 καὶ
3148 4809 3427 4879 γυναικὸς,
3470 4808 3658 4876 ἐπειδὴ
3704 4808 3854 4876 καὶὴ

2290 4906 2465 4968 κτίσις
2493 4905 2820 4976 ἀμφοτέροις
2846 4903 3125 4973 ὁμότιμος,
3153 4901 3290 4953 ὥστε
3318 4901 3411 4951 καὶ
3439 4901 3467 4951 ὁ
3495 4897 3685 4968 μισθὸς
3714 4900 3741 4949 ὁ
3771 4898 3858 4948 αὑ-

2290 4995 2376 5056 τῦς
2416 4995 2760 5065 ἀμφοτέροις.
2815 4994 3013 5045 Ἀκουε
3063 4993 3160 5061 τῆς
3204 4990 3491 5052 Γενέσεως·
3558 4990 3856 5054 Ἐποίησε,

2315 5285 2595 5336 )Iicttrenlu
2608 5299 2651 5334 r.

2315 5303 2651 5336 )IlCill'l‘Jlllll'.

2300 5303 2314 5353 ι
2373 5354 2450 5422 (5)
2488 5353 2540 5405 ln
2586 5351 2794 5404 duobus
2833 5364 2968 5422 mss.
3018 5359 3112 5422 pro
3159 5343 3465 5412 ὑπόμνησιν
3515 5340 3712 5405 legitur
3748 5340 3855 5419 ἐπί-

2305 5414 2519 5496 μνὴσιν.
2558 5422 2651 5474 llic
2682 5422 2848 5482 locus,
2879 5419 2929 5496 id
2963 5416 3102 5484 quod
3137 5426 3514 5496 ututnunquant
3557 5424 3652 5461 usu
3689 5414 3847 5466 veni'.

2302 5483 2564 5546 i-un'ilalus
2617 5501 2694 5541 est
2751 5505 2813 5541 ex
2869 5483 3095 5540 duohus.
3146 5483 3324 5535 Prima
3379 5495 3503 5548 pars
3543 5488 3753 5548 sumpta
3798 5496 3855 5531 ex

2303 5564 2471 5620 Enist.
2500 5562 2518 5613 ι
2543 5563 2605 5612 ad
2636 5559 2872 5613 Timoth.
2905 5573 2941 5614 I.
2983 5555 3042 5608 H
3086 5571 3097 5604 :
3131 5551 3288 5605 Κατά
3314 5551 3374 5602 τὸ
3415 5547 3745 5620 Εὑαγγέλιον
3769 5549 3857 5616 τῆς

2302 5618 2456 5704 ὥξης
2482 5629 2573 5684 τοῦ
2599 5628 2863 5704 μακαρίοὺ
2904 5625 3062 5704 Θεοῦ)
3118 5624 3283 5675 altera
3299 5635 3442 5704 ‘vero
3487 5634 3552 5671 ex
3581 5618 3855 5704 'EiList.“atl

2304 5687 2482 5757 Τίἶιῖἶιι
2518 5717 2574 5758 ιι,
2599 5687 2672 5754 ’15
2707 5716 2719 5752 :
2752 5687 2859 5752 Καὶ
2885 5695 3272 5765 ἐπιφάνειαν...
3299 5690 3546 5760 Σωτῆρος
3571 5687 3728 5757 ἡμῶν
3767 5691 3856 5758 ’1η-

2308 5774 2400 5828 arx]
2428 5769 2680 5843 Χριστοῦ.
