4062 6466
235 409 344 462 217

1438 407 1716 462 IIOMILIA
1754 407 1818 461 IN
1859 406 2185 459 PS.\LMlZM
2226 407 2267 458 1.

3361 419 3467 473 213

233 520 390 591 φησι,
437 520 470 570 0'
505 520 647 584 Θεος
697 519 806 572 τὸν
854 519 1182 588 ἄνθρωπον·
1235 518 1359 569 κατ’
1418 515 1623 571 εἰκὼ-ἁ
1656 520 1787 572 Θεοί

1908 517 2185 585 imaginem
2221 514 2316 566 Dei
2339 516 2461 582 fecit
2489 520 2637 572 illum
2658 534 2678 584 ;
2703 518 2993 573 masculum
3024 532 3070 575 et
3098 523 3349 592 feminum
3393 530 3473 597 fe-

231 608 521 673 ἐποίησεν
562 608 778 661 αὐτόν’
826 607 1012 676 ἄρσεν
1045 607 1142 662 καὶ
1183 605 1338 677 θῆλυ
1381 608 1665 674 ἐποίησεν
1697 614 1798 662 αι’)-

233 699 396 760 rode.
434 693 528 751 Ὧν
556 701 611 752 δὲ
642 702 672 762 ἡ
715 701 874 767 φύσις
918 705 1035 773 μία,
1076 699 1280 753 τούτων
1316 703 1408 754 καὶ
1449 702 1714 772 ἐνέργειαι
1743 706 1797 755 αἱ

231 791 508 861 αὐταίμγ
542 787 615 845 ὧν
638 792 692 842 δὲ
721 792 779 843 τὸ
813 792 967 865 ἔργον
1004 796 1135 851 ἴσον.
1161 794 1356 845 τούτων
1385 795 1473 846 καὶ
1502 798 1528 845 ὁ
1560 792 1744 861 μισθὸς
1773 797 1800 847 ὁ

229 884 412 946 αὑτός.
453 884 551 937 Διὰ
599 883 651 934 τί
702 880 813 948 οὖν,
869 885 1059 955 ἀνδρὸς
1109 884 1382 956 μνησθεὶς,
1435 885 1534 953 τὴν
1571 886 1800 950 γυναῖκα.

229 975 648 1044 ἁπεσιώπησεν;
695 977 813 1030 ’Ὁτι
843 979 1030 1048 ἀρκεῖν
1060 978 1322 1048 ἡγήσατο,
1361 978 1486 1047 μιᾶς
1515 975 1679 1047 οὔσης
1703 977 1798 1045 τῆς

230 1066 465 1135 φύσεως,
495 1067 557 1118 ἐκ
581 1065 673 1118 τοῦ
715 1067 1182 1138 ἡγεμονικωτέρου
1211 1071 1271 1122 τὸ
1299 1069 1418 1121 ὅλον
1447 1065 1795 1131 ἐνδείξασθαι.

227 1155 531 1221 Μακάριος
541 1153 835 1223 curm-iu),
855 1157 919 1222 ὃς
932 1159 1040 1210 οὐκ
1059 1159 1350 1228 ἐπορεύθη
1366 1159 1800 1227 ἐνβουλῇάσε-

229 1247 368 1301 ϐῶν.
391 1249 584 1302 Σκόπει
606 1249 712 1302 τῶν
745 1251 1001 1319 ῥημάτων
1021 1251 1078 1304 τὸ
1105 1253 1326 1324 ἀκριϐὲς
1345 1252 1440 1320 (5),
1460 1253 1572 1315 πῶς
1593 1253 1795 1322 ἑκάστη

228 1338 375 1404 λέξις
413 1340 694 1408 δογμάτων
736 1342 1106 1413 πεπλήρωται.
1138 1347 1249 1397 Οὐκ
1276 1338 1446 1407 εἶπεν,
1489 1347 1584 1408 Ὂς
1613 1347 1671 1397 οὐ
1705 1361 1798 1397 πο-

229 1432 446 1501 ρεύεται
480 1433 536 1482 ὲν
567 1431 724 1505 βουλῇ
753 1434 984 1499 ἀσεϐῶν,
1030 1437 1164 1499 ἀλλ’,
1212 1437 1308 1499 Ὃς
1348 1437 1455 1490 οὐκ
1485 1437 1792 1505 ἐπορεύθη.

241 1519 301 1572 Ὀ
337 1521 434 1589 μὲν
467 1522 572 1593 γάρ
618 1526 672 1576 ἐν
708 1525 788 1594 τῷ
833 1526 929 1596 βίῳ
956 1527 1235 1595 τυγχάνων
1266 1525 1414 1581 οὔπω
1443 1529 1792 1600 μακαριστὸς,

225 1613 316 1666 διὰ
349 1613 408 1665 τὸ
450 1615 640 1687 ἄδηλον
669 1619 764 1689 τῆς
807 1618 1109 1680 ἐκϐάσεως·
1141 1619 1168 1669 ὁ
1206 1617 1262 1670 δὲ
1297 1621 1700 1691 συμπληρώσας
1728 1621 1794 1674 τὰ

223 1706 599 1772 ἐπιϐάλλοντα,
629 1711 720 1761 καλ¹
761 1710 1133 1780 ἀναντιρρήτῳ
1163 1710 1304 1764 τέλει
1327 1713 1423 1784 τὴν
1456 1712 1599 1782 ζωὴν
1624 1730 1793 1765 κατα-

221 1797 464 1860 κλείσας,
496 1795 647 1861 οὗτος
683 1800 778 1870 ἤδη
811 1799 1065 1867 ἀσφαλῶς
1097 1804 1474 1875 μακαρίζεται.
1504 1804 1600 1856 Διὰ
1624 1805 1676 1856 τί
1704 1801 1794 1858 οὖν

1904 608 1974 660 cit
2032 606 2202 659 eos”.
2242 604 2478 671 Quorum
2537 621 2715 666 autem
2771 620 2964 665 natura
3020 616 3368 681 una,horum
3415 631 3469 673 et

1902 699 2143 752 actiones
2168 700 2366 752 emdcm
2395 716 2409 763 ;
2439 713 2665 768 quorum
2705 714 2787 759 est
2817 704 3024 772 zeqnale
3073 722 3229 777 opus,
3277 714 3465 766 horum

1901 797 1956 841 et
1985 802 2189 842 met-res
2215 791 2424 844 eadem.
2457 791 2632 855 Quare
2659 809 2807 864 ergo,
2840 794 2939 849 viri
2977 795 3116 850 facta
3169 802 3465 864 mentione,

1903 879 2178 934 mulierem
2229 882 2436 936 tacuit?
2463 882 2725 947 Quoniam
2763 891 2895 944 satis
2947 902 3068 942 esse
3113 891 3465 956 existimavit,

1901 988 2020 1027 cum
2041 986 2142 1024 una
2166 973 2236 1026 sit
2261 983 2450 1026 natura
2472 973 2772 1036 amborum,
2803 992 2897 1042 per
2922 980 3240 1050 praecipuam
3259 994 3464 1048 partem

1901 1075 2068 1118 totum
2097 1064 2420 1132 signiﬁcare.
2446 1064 2637 1120 Beatus
2661 1065 2767 1136 93
2794 1067 2950 1136 igitur
2980 1074 3073 1132 vir,
3098 1073 3187 1143 qui
3215 1088 3314 1126 non
3340 1075 3466 1126 abiit

1898 1158 1952 1210 in
1978 1159 2199 1212 comitio
2245 1159 2547 1228 impiorum.
2588 1158 2878 1214 Censidera
2916 1165 3198 1219 verborum
3242 1180 3466 1220 aceura-

1902 1249 2100 1302 tionem
2137 1268 2152 1306 :
2192 1251 2455 1314 quomodo
2480 1250 2731 1318 ηιιωιίιιοι
2762 1251 2926 1305 dictio
2952 1259 3232 1310 sententiis
3263 1259 3460 1314 referta

1899 1340 1990 1395 sit.
2026 1339 2140 1392 Non
2167 1341 2320 1407 dixit,
2353 1341 2454 1407 Qui
2492 1355 2596 1393 non
2633 1343 2744 1395 abit
2794 1343 2845 1396 in
2878 1345 3102 1398 consilio
3133 1345 3416 1413 impiorum
3447 1369 3462 1417 ;

1900 1434 2016 1498 sed,
2054 1431 2156 1498 Qui
2187 1450 2289 1486 non
2320 1435 2471 1487 abiit.
2519 1434 2618 1500 Qui
2652 1435 2792 1488 enim
2825 1437 2875 1489 in
2923 1439 3021 1491 hac
3051 1439 3157 1491 vita
3199 1453 3465 1504 versatur,

1899 1524 2132 1578 nondum
2167 1533 2385 1592 propter
2417 1528 2679 1579 incertum
2726 1529 2927 1582 exitum
2974 1530 3159 1583 beatus
3191 1540 3276 1584 est
3321 1547 3461 1600 pra:-

1899 1615 2196 1670 dicandus:
2232 1615 2318 1683 qui
2348 1631 2475 1668 vero
2493 1631 2654 1670 suum
2679 1618 3245 1687 explet-'eritollieinm,
3274 1625 3467 1677 vitam-

1896 1722 1999 1776 que
2029 1719 2176 1763 ccrto
2217 1707 2322 1761 line
2353 1708 2630 1772 clauserit,
2665 1712 2707 1763 is
2747 1710 2856 1777 jam
2887 1713 3072 1766 beatus
3109 1726 3220 1768 tuto
3245 1717 3462 1771 dicitur.

1896 1798 2006 1853 Cur
2037 1801 2198 1871 igitur
2232 1799 2372 1854 beati
2412 1800 2500 1867 qui
2527 1800 2803 1856 ambulant
2832 1803 2881 1855 in
2915 1803 3031 1871 lege
3065 1804 3317 1860 Domini?
3358 1823 3462 1861 non

223 1889 483 1957 μακάριοι
533 1889 579 1938 οξ
627 1887 978 1958 πορευόμενοι
1023 1892 1078 1944 ἐν
1109 1892 1256 1963 νόμῳ
1309 1893 1543 1962 κυρίους
1593 1894 1652 1945 οὐ
1685 1893 1787 1967 γὰρ

1893 1892 2033 1944 enim
2064 1895 2150 1947 hic
2201 1891 2479 1961 Scriptura
2515 1906 2608 1946 eos
2636 1895 2725 1961 qui
2771 1894 3201 1961 ambulaverunt,
3235 1900 3328 1951 sed
3370 1913 3465 1953 eos

217 1980 348 2041 τοὺς
381 1979 740 2049 πορευθέντας
785 1982 916 2044 ἐκεῖ,
951 1983 1090 2035 ἀλλά
1115 1986 1240 2047 τοὺς
1279 1985 1357 2038 ἔτι
1398 1987 1792 2055 πορευομένους

222 2073 592 2140 μακαριστοὺς
643 2074 670 2123 ό
714 2073 865 2142 λόγος
899 2075 1106 2127 τίθεται
1134 2092 1148 2106 ’
1181 2076 1262 2128 ὃτι
1296 2080 1344 2129 οί
1373 2078 1434 2130 τὸ
1470 2077 1670 2144 ἀγαθὸν
1703 2081 1794 2151 ἐρ-

216 2164 533 2234 γαζόμενοι,
562 2169 616 2219 ὲν
665 2167 811 2236 αὐτῷ
842 2166 917 2236 τῷ
953 2166 1098 2236 ἔργῳ
1133 2167 1192 2219 τὸ
1230 2170 1520 2222 ἀπόδεκτον
1545 2170 1754 2240 ἔχουσιν
1776 2191 1788 2204 ·

215 2257 270 2307 0i.
298 2256 355 2308 δὲ
388 2257 446 2308 τὸ
476 2258 641 2310 κακὸν
673 2258 961 2326 φεύγοντες
988 2258 1107 2320 οὐκ,
1136 2257 1228 2311 ἐὰν
1254 2258 1399 2325 ἅπαξ
1431 2277 1530 2313 που
1559 2263 1590 2331 ἢ
1615 2261 1793 2313 δεύτε-

221 2366 316 2419 ρον
347 2349 633 2402 ἐκκλίνωσι
680 2350 779 2421 τὴν
833 2352 1126 2422 ἁμαρτίαν,
1180 2353 1471 2418 ὲπαινετοὶ,
1531 2353 1645 2405 ἀλλ’
1697 2354 1792 2405 ἐὰν

211 2439 485 2512 δυνηθῶσι
512 2440 604 2494 τοῦ
635 2442 804 2496 κακοῦ
835 2445 932 2514 τὴν
962 2446 1153 2515 πεῖραν
1187 2445 1266 2507 εἰς
1293 2444 1353 2496 τὸ
1382 2445 1642 2506 παντελὲς
1665 2445 1783 2497 δια-

213 2535 428 2606 δρᾶναι.
472 2536 563 2589 Ἐκ
592 2536 646 2590 δὲ
675 2539 768 2608 τῆς
786 2537 876 2590 τοῦ
903 2537 1059 2606 λόγου
1110 2537 1425 2602 ἀκολουθίας
1475 2539 1568 2592 κοιλ⁵
1608 2539 1789 2609 ἕτερον

211 2634 350 2699 ἡμῖν
381 2630 582 2700 ἄπορον
605 2632 846 2698 ἀνεφάνη
863 2631 961 2700 (6),
979 2632 1075 2682 Διὰ
1096 2632 1147 2682 τί
1167 2632 1285 2699 οὐχ).
1299 2632 1390 2685 τὸν
1429 2632 1789 2702 κατορθοῦντα

213 2720 316 2790 τὴν
347 2722 546 2790 ἀρετὴν
575 2721 888 2792 μακαρίζει,
916 2721 1052 2773 ἀλλὰ
1076 2722 1165 2773 τὸν
1204 2723 1276 2793 μὴ
1304 2723 1636 2792 πεποιηκότα
1693 2723 1788 2792 τὴν

213 2812 526 2882 ἁμαρτίαν;
561 2810 746 2874 Οὕτως
773 2810 879 2881 γὰρ
903 2812 994 2864 καὶ
1027 2812 1209 2877 ἵππος,
1241 2813 1331 2864 καὶ
1354 2810 1498 2881 βοῦς,
1530 2811 1621 2862 καὶ
1647 2809 1790 2873 λίθος

214 2905 707 2977 μακαρισθήσεται.
726 2905 880 2956 Ποῖον
905 2905 1011 2976 γὰρ
1035 2903 1236 2974 ἄψυχον
1255 2903 1383 2974 ἔστη
1408 2905 1464 2957 ὲν
1486 2902 1588 2972 ὀδῷ
1614 2904 1788 2974 ἁμαρ-

210 2997 400 3050 τωλῶν
423 3019 436 3062 ,
453 3000 652 3068 ἦνποίον
666 2997 856 3065 ἄλογον
871 2999 959 3049 ἐπὶ
976 3015 1030 3050 κς
1049 2996 1211 3068 θέδρᾳ
1227 2996 1299 3067 (7)
1319 2995 1394 3048 λοι
1404 2995 1518 3066 μῶν
1538 2996 1755 3048 ἐκάθισε
1771 3013 1783 3060 ς

209 3090 424 3160 Μικρὸν
457 3089 554 3158 μὲν
583 3086 673 3142 οὖν
722 3089 1048 3158 ἀναμείνας,
1097 3089 1346 3159 εὑρήσεις
1381 3088 1435 3141 τὸ
1467 3088 1620 3157 ἴαμα.
1667 3089 1789 3139 Ἐπ-

209 3181 335 3247 άγει
365 3180 490 3250 γάρ’
511 3179 661 3232 Ἀλλ’
682 3179 717 3246 ἣ
744 3180 813 3231 ἐν
836 3179 908 3248 (8)
930 3177 1007 3241 τῷ
1041 3178 1200 3246 νόμῳ
1227 3179 1447 3245 Κυρίου
1474 3179 1537 3230 τὸ
1561 3177 1785 3246 θέλημα

1895 1980 1986 2050 qui
2013 1982 2187 2035 adhuc
2215 1981 2510 2044 ambulant,
2541 1982 2792 2048 praedicat
2824 1982 3009 2037 beatos
3043 2001 3058 2037 :
3092 1986 3342 2052 quoniam
3370 1988 3461 2055 qni

1895 2073 2097 2128 faciunt
2125 2075 2342 2139 bonum,
2373 2075 2424 2127 in
2453 2075 2565 2140 ipsa
2598 2077 2806 2128 actione
2839 2090 3241 2146 consequuntur
3270 2094 3316 2146 ολ
3342 2096 3374 2149 p
3405 2097 3466 2134 o-

1892 2167 2206 2229 bationem;
2244 2163 2339 2218 setl
2411 2164 2501 2231 qni
2557 2164 2728 2217 vitant
2781 2167 2998 2230 malum,
3056 2169 3306 2222 laudandi
3356 2189 3461 2224 non

1891 2268 2035 2321 sunt,
2065 2259 2109 2312 si
2144 2258 2284 2313 forte
2302 2256 2467 2311 semel
2489 2269 2581 2310 ant
2607 2260 2800 2311 iterum
2825 2270 3098 2328 peccatum
3119 2262 3462 2329 evitat-crint,

1891 2350 1982 2403 sed
2017 2352 2059 2404 si
2087 2352 2308 2405 omnino
2343 2351 2467 2404 mali
2498 2351 2888 2418 experientiam
2917 2353 3190 2409 declinare
3230 2358 3457 2424 possint.

1890 2435 2065 2503 Atque
2096 2437 2254 2487 etiam
2282 2437 2447 2489 altera
2482 2437 2769 2492 dillicnltas
2792 2454 2855 2493 ex
2881 2441 3141 2494 orationis
3167 2446 3306 2496 serie
3339 2458 3461 2496 sese

1892 2527 2048 2579 nobis
2097 2527 2291 2578 obtulit
2328 2544 2341 2580 :
2379 2527 2486 2580 Cur
2532 2544 2653 2581 enm
2703 2531 2788 2596 qui
2844 2531 2972 2584 colit
3026 2533 3301 2596 virtutem,
3352 2551 3456 2587 noi‘.

1893 2615 2037 2669 dicat
2065 2615 2303 2680 beatum,
2332 2616 2427 2668 sed
2470 2631 2612 2680 eum,
2655 2618 2746 2687 qui
2773 2629 3049 2681 pet-catum
3092 2636 3197 2672 non
3224 2622 3456 2678 admisit.

1887 2703 2000 2759 Hac
2030 2708 2171 2760 enim
2200 2709 2412 2762 ratione
2431 2722 2621 2778 equus,
2643 2710 2736 2763 bos
2764 2719 2817 2763 et
2850 2710 2982 2779 lapis
3008 2710 3186 2766 felices
3212 2723 3461 2782 poterunt

1888 2799 2166 2866 appellari.
2215 2801 2343 2868 Qua:
2395 2803 2539 2855 enim
2593 2816 2678 2855 res
2731 2802 3021 2855 inanimato
3077 2805 3225 2858 stetit
3275 2806 3326 2858 in
3373 2807 3458 2860 via

1887 2894 2267 2960 peccatorum?
2290 2904 2376 2947 aut
2399 2910 2518 2961 qua:
2543 2909 2629 2949 res
2657 2895 2879 2948 rationis
2902 2910 3098 2964 expers
3121 2896 3172 2949 in
3200 2897 3455 2952 cathedra

1886 2985 2201 3054 pestilentia:
2227 2986 2406 3040 sedit?
2439 2986 2685 3041 Profecto
2711 2989 2752 3040 si
2788 2987 3061 3054 paululum
3101 3000 3462 3056 exspectave-

1887 3075 1981 3140 ris,
2017 3075 2310 3128 remedium
2337 3075 2597 3130 invenies.
2633 3074 2798 3128 Infert
2832 3075 2974 3129 enim
3011 3076 3200 3146 (rans.
3229 3077 3318 3146 2):
3349 3077 3456 3130 Sed

1886 3165 1940 3219 in
1997 3167 2106 3237 lege
2163 3165 2381 3220 Domini
2433 3166 2677 3222 voluntas
2722 3166 2854 3235 ejus.
2906 3164 3073 3220 Porro
3101 3167 3294 3220 divinae
3323 3168 3455 3236 legis

208 3270 420 3325 αὺτοῦ.
436 3247 590 3325 Gelon
605 3273 660 3325 δὲ
677 3247 1054 3342 νόμουμελέτη
1071 3269 1163 3320 ἐπὶ
1193 3269 1283 3322 τὸν
1308 3270 1519 3337 λογικὸν
1539 3270 1693 3338 μόνον
1713 3270 1785 3341 (9)

1891 3256 2166 3313 meditatio
2190 3259 2238 3312 ei
2269 3257 2392 3322 soli,
2435 3259 2525 3327 qui
2555 3257 2822 3328 partiCeps
2848 3255 3073 3311 rationis
3105 3266 3211 3324 est,
3250 3271 3452 3310 conve-

211 3365 424 3420 πίπτει.
449 3366 637 3436 Ἡμεῖς
660 3364 716 3418 δε
740 3367 956 3418 κακεῖνο
976 3363 1084 3434 (l0)
1107 3363 1354 3432 λέγομεν,
1384 3363 1464 3415 ὅτι
1497 3359 1637 3432 ἀρχὴ
1655 3363 1787 3432 πρὸς

207 3454 310 3524 τὴν
349 3455 610 3525 ἀνάληψιν
640 3459 744 3509 τῶν
774 3455 973 3520 καλῶν,
1014 3457 1046 3526 ἡ
1082 3451 1424 3523 ἀναχώρησις
1449 3451 1555 3504 τῶν
1581 3450 1782 3505 κακῶν.

212 3549 544 3601 Ἐκκλινον
576 3549 704 3621 γὰρ,
742 3551 927 3620 φησιν,
968 3550 1086 3604 ἀπὸ
1140 3547 1350 3611 κακοῦ,
1387 3548 1485 3603 καὶ
1527 3548 1788 3616 ποίησον

208 3640 458 3708 ἀγαθόν.

282 3726 334 3779 4.
355 3727 538 3796 Σοφῶς
555 3725 644 3781 οὖν
672 3729 762 3781 καὶ
794 3729 1053 3799 ἐντέχνως
1074 3734 1364 3802 προσάγων
1393 3733 1536 3803 ἡμᾶς
1568 3733 1647 3794 εἰς
1672 3732 1782 3802 (Η)

205 3818 431 3889 ἀρετὴν,
461 3819 558 3890 τὴν
584 3820 929 3891 ἀναχώρησιν
952 3824 1050 3892 τῆς
1075 3823 1272 3885 κακίας
1297 3825 1469 3894 ἀρχὴν
1492 3825 1784 3893 ἐποιήσατο

211 3907 317 3960 τῶν
367 3907 564 3961 καλῶν.
612 3909 673 3960 Εἰ
703 3908 810 3979 γὰρ
849 3908 1008 3971 εὐθὺς
1061 3907 1326 3980 προέϐαλέ
1363 3925 1444 3960 σοι
1481 3909 1549 3961 τὰ
1581 3907 1780 3974 τέλεια,

205 4000 542 4071 ἀπώκνησας
582 4000 646 4054 ἂν
673 4001 809 4072 πρὸς
852 3999 949 4071 τὴν
979 4001 1317 4071 ἐγχείρησιν·
1356 3999 1449 4051 νῦν
1475 3998 1531 4051 δὲ
1561 4001 1672 4061 τοῖς
1702 3999 1784 4051 εὐ-

208 4092 558 4161 ληπτοτέροις
611 4109 668 4144 σε
709 4090 1037 4162 προσεθίζει,
1086 4093 1171 4145 ἵνα
1217 4089 1633 4162 κατατολμήσῃς
1673 4089 1782 4142 τῶν

207 4179 424 4250 εφεξῆς.
460 4182 700 4252 Κλίμακι
739 4184 847 4252 γὰρ
897 4182 1270 4253 προσεοικέναι
1305 4181 1468 4251 φαίην
1501 4180 1565 4235 ἂν
1609 4179 1781 4248 ἔγωγε

206 4282 306 4351 τῆς
334 4279 611 4344 εὐσεϐείας
653 4289 750 4353 την
779 4283 1008 4351 ἄσκησιν
1033 4299 1045 4310 ³
1097 4281 1323 4350 κλίμακι
1349 4278 1552 4351 ἐκείνῃ,
1577 4277 1644 4347 ἢν
1668 4275 1776 4330 εἶδέ

214 4405 337 4440 ποτε
369 4389 398 4439 ὁ
428 4387 693 4459 μακάριος
734 4385 946 4447 Ἰακὼϐ,
974 4380 1042 4456 ἦς
1069 4385 1137 4436 τὰ
1178 4383 1276 4453 μὲν
1323 4379 1391 4454 ἦν
1417 4379 1683 4450 πρόσγειά
1721 4397 1779 4433 τε

208 4491 304 4544 καὶ
334 4490 444 4562 (12)
479 4489 810 4561 χαμαίζηλα,
837 4489 903 4542 τά
936 4490 991 4542 δὲ
1021 4489 1164 4559 ὑπὲρ
1194 4486 1353 4540 αὐτὸν
1378 4486 1476 4555 ἤδη
1515 4485 1604 4539 τὸν
1628 4486 1782 4538 060a-

204 4590 295 4642 νον
325 4591 644 4644 άνετείνετο.
675 4589 835 4641 Ὥστε
860 4589 938 4641 δεῖ
961 4591 1086 4652 τοὺς
1115 4587 1499 4658 εἰσαγομένους
1529 4585 1665 4657 πρὸς
1689 4586 1777 4638 τὸν

1889 4568 1988 4622 que
2042 4553 2188 4607 humi
2221 4555 2495 4622 depressa,

205 4691 328 4744 κατ’
367 4690 565 4762 ἀρετὴν
592 4691 704 4761 βίον
735 4692 846 4752 τοῖς
876 4687 1111 4760 πρώτοις
1138 4687 1366 4760 βαθμοῖς
1394 4685 1702 4740 ἐπιϐάλλειν
1721 4685 1783 4738 τὸ

208 4798 374 4868 ἴχνος,
405 4797 658 4852 κάκεῖθεν
685 4797 773 4851 ἀεὶ
804 4795 912 4848 τῶν
953 4795 1148 4866 ἐφεξῆς
1193 4795 1515 4856 ἐπιϐαίνειν,
1566 4792 1671 4854 ἓως
1713 4792 1778 4845 ἂν

208 4907 346 4980 πρὸς
372 4907 432 4960 τὸ
471 4908 688 4977 ἐφικτὸν
719 4906 851 4975 ὕψος
889 4907 956 4976 τῇ
1000 4903 1309 4975 ἀνθρωπίνῃ
1357 4901 1515 4971 φύσει
1560 4899 1647 4953 διὰ
1677 4900 1774 4968 τῆς

205 5015 324 5068 κατ’
356 5014 533 5083 ὀλίγον
560 5013 841 5085 προκοπῆς
870 5011 1161 5066 ἀναϐῶσιν.
1199 5010 1408 5081 Ὥσπερ
1433 5005 1526 5060 οὖν
1555 5007 1644 5059 ἐπὶ
1676 5006 1773 5074 τῆς

275 5153 318 5182 ³¹
359 5149 550 5205 Genes.
589 5166 628 5214 ι,
653 5148 743 5203 εγ.
818 5149 862 5181 ³³
900 5147 1045 5203 Psal.
1077 5159 1268 5210 xxxvr,
1302 5144 1391 5196 27.

280 5292 354 5362 (4)
387 5291 476 5344 Sic
505 5305 634 5362 mss.
659 5289 920 5362 plerique.
946 5288 1106 5362 Abest
1143 5283 1404 5362 articulus
1437 5282 1503 5362 a‘b
1522 5282 1756 5362 excusis.

277 5351 353 5424 {5}
384 5362 557 5414 Editio
587 5351 756 5413 Paris.
790 5351 979 5411 σκόπει
1002 5355 1108 5409 τῶν
1138 5354 1395 5426 ῥημάτων
1427 5353 1486 5405 τὸ
1516 5351 1759 5422 ἀκριϐὲς,

203 5423 395 5484 σκόπει
421 5430 559 5493 πῶς,
608 5443 714 5484 etc.
763 5427 866 5482 Sed
899 5444 995 5480 vox
1039 5423 1226 5478 σκόπει
1275 5423 1448 5491 primo
1503 5426 1763 5493 duntaxat

204 5501 319 5556 loco
351 5501 400 5553 in
433 5492 555 5554 mss
595 5500 809 5568 legitur,
829 5511 928 5551 nec
956 5496 1148 5550 mirum
1175 5496 1225 5548 id
1248 5493 1415 5547 videri
1442 5492 1620 5556 debet,
1641 5506 1760 5544 cum

202 5573 437 5626 securido
469 5574 584 5623 loco
614 5584 836 5638 prorsus
856 5568 1146 5638 redundet.

274 5639 350 5705 (6)
385 5640 561 5693 Codex
597 5637 734 5694 unus
765 5637 960 5707 ἐφάνη.

272 5699 346 5777 (7)
378 5710 513 5762 Editi
545 5720 601 5763 et
640 5725 772 5766 mss.
802 5699 1006 5776 aliquot
1037 5704 1293 5774 καθέδρα.
1308 5702 1434 5766 Alii,
1468 5699 1754 5771 καθέδρας.

202 5779 641 5854 ΔΙίιῂκαΘέδραν.
752 5847 785 5854 __
902 5845 923 5854 _
1070 5853 1073 5854 ν
1118 5843 1248 5854 _....
1345 5842 1478 5854 η...
1623 5839 1634 5854 .
1678 5841 1689 5854 .

270 5839 344 5920 (8)
374 5851 465 5905 Sic
491 5839 646 5920 1115s.,
676 5847 869 5920 quibus
897 5845 1080 5904 favent
1118 5843 1305 5900 Biblia.
1345 5842 1483 5897 Editi
1513 5839 1647 5895 ἀλλὰ
1674 5841 1750 5895 ἐν.

1889 3347 1986 3400 nit.
2011 3345 2116 3401 Nos
2148 3357 2328 3402 autem
2363 3356 2415 3402 et
2446 3344 2573 3401 illud
2627 3348 2875 3412 dicimus,
2913 3348 3234 3416 principium
3277 3348 3452 3402 bono-

1889 3453 2004 3490 rum
2036 3440 2506 3505 acquirendarum,
2537 3454 2807 3494 recessum
2838 3453 2960 3493 esse
2988 3455 3016 3492 a
3045 3439 3205 3493 malo.
3235 3438 3452 3494 Declina

1886 3546 1918 3582 α
1951 3530 2112 3595 malo,
2146 3531 2334 3594 inquit,
2366 3541 2413 3585 et
2442 3531 2526 3600 fac
2555 3533 2745 3584 bonum
2766 3531 2829 3582 ³³.

1954 3727 2006 3781 4.
2044 3727 2227 3799 Itaque
2267 3743 2391 3783 cum
2443 3729 2512 3783 ad
2567 3730 2818 3784 virtutem
2853 3744 2950 3784 nos
3003 3730 3301 3794 induceret,
3358 3745 3448 3785 sa-

1884 3819 2098 3888 pienter
2120 3835 2182 3873 ac
2217 3820 2352 3874 scite
2378 3820 2631 3874 vitiorum
2681 3818 2882 3890 fugam,
2919 3821 3179 3874 bonorum
3227 3821 3438 3875 initium

1884 3911 2042 3965 fecit.
2073 3911 2286 3965 Etenim
2321 3913 2366 3966 si
2398 3913 2577 3966 statim
2626 3927 2686 3968 ea
2732 3927 2852 3981 quas
2898 3920 3019 3966 sunt
3063 3911 3320 3980 perfecta,
3352 3911 3446 3966 tibi

1881 4004 2265 4073 proposuisset,
2315 4004 2384 4056 ad
2410 4018 2472 4057 ea
2528 4006 2778 4057 tentanda
2835 4003 3029 4056 fuisses
3065 4001 3445 4067 cunctantior;

1883 4110 2024 4149 nunc
2048 4109 2177 4148 vero
2215 4093 2280 4148 ad
2305 4107 2367 4148 ea
2396 4108 2516 4162 quae
2543 4103 2698 4163 captu
2732 4093 2969 4148 faciliora
2999 4102 3142 4157 sunt,
3179 4103 3228 4149 te
3261 4109 3448 4148 assue-

1881 4185 2029 4248 l'acit,
2061 4191 2120 4238 ut
2139 4199 2201 4239 ea
2218 4199 2335 4254 quae
2351 4192 2667 4255 sequuntur,
2693 4185 3028 4255 aggrediare.
3061 4183 3173 4253 Ego
3195 4185 3444 4254 equidem

1883 4276 2098 4346 pietatis
2126 4277 2572 4331 exercitationem
2605 4276 2765 4331 scala:
2796 4275 3131 4330 consimilem
3160 4289 3280 4330 esse
3320 4289 3442 4330 cre-

1881 4369 2133 4434 diderim,
2174 4369 2419 4424 videlicet
2440 4370 2597 4423 scala:
2620 4368 2713 4433 illi,
2745 4384 2906 4439 quam
2927 4368 3113 4423 beatus
3127 4367 3292 4424 Iacob
3311 4367 3442 4423 olim

1886 4461 2033 4529 vidit,
2086 4461 2240 4531 cujus
2284 4462 2496 4530 quidem
2548 4477 2673 4531 pars
2716 4474 2918 4516 terram
2978 4463 3253 4528 tangebat,
3305 4468 3446 4512 erat-

2551 4568 2675 4622 pars
2707 4567 2836 4608 vero
2874 4552 3046 4604 altera
3086 4550 3223 4604 ultra
3268 4550 3441 4618 ipsum

1881 4646 2072 4699 ctelum
2102 4647 2492 4715 porrigebatur.
2531 4644 2708 4711 Quare
2741 4657 2960 4698 necesse
3001 4650 3106 4706 est,
3156 4650 3214 4695 ut
3269 4641 3304 4694 ii
3347 4639 3438 4708 qui

1878 4744 2005 4789 sunt
2070 4737 2136 4789 ad
2190 4737 2444 4790 virtutem
2509 4735 2872 4799 instituendi,
2929 4734 3118 4803 primis
3184 4733 3443 4802 gradibus

1875 4826 2195 4882 admoveant
2223 4827 2534 4898 vestigium,
2561 4827 2792 4895 indeque
2815 4829 2880 4882 ad
2930 4836 3217 4896 sequentes
3244 4826 3441 4896 gradus

1873 4933 2084 4988 semper
2105 4922 2397 4988 progressi,
2425 4922 2638 4974 tandem
2668 4919 2918 4987 paulatim
2941 4919 3348 4990 progrediendo,
3372 4917 3438 4971 ad

1870 5007 2206 5063 altitudinem
2247 5009 2496 5063 humanae
2541 5021 2743 5064 naturre
2791 5025 2894 5064 non
2941 5011 3198 5078 imparem
3249 5023 3435 5077 perve-

1938 5281 2014 5350 (9)
2042 5279 2181 5350 Reg.
2203 5277 2466 5350 secundus
2510 5279 2602 5331 ἐπὶ
2647 5277 2756 5331 τῶν
2787 5276 3018 5347 λογικῶν
3068 5278 3246 5348 μόνον.
3280 5277 3430 5331 Colb.

1868 5349 2198 5422 primusert't
2225 5350 2284 5402 τὸ
2311 5349 2544 5422 λογικόν.

1940 5418 2051 5490 (10)
2084 5420 2208 5474 Post
2241 5435 2420 5474 vocem
2458 5421 2680 5473 κάκεῖνο
2723 5418 2773 5471 in
2819 5418 2988 5473 tribus
3037 5433 3166 5471 tn~s.
3218 5417 3436 5470 additur

1914 5491 2053 5543 όνον.

1873 5508 2053 5630 Parion
2081 5558 2350 5630 Scriptum
2398 5558 2670 5630 invenitur
2720 5559 2771 5612 in
2819 5559 2992 5630 tribus
3027 5572 3157 5610 mss.
3197 5556 3434 5630 eiadwa

1867 5631 2013 5700 ἡμᾶς
2036 5625 2188 5700 πρός.
2207 5625 2420 5700 ἽΙὺὶιιειη
2450 5629 2578 5700 Heg.
2610 5631 2799 5700 tertius
2825 5625 3168 5700 @valtbpqotv
3197 5627 3304 5680 τῶν
3332 5644 3434 5680 κα-

1867 5697 1978 5753 κῶν
2000 5697 2355 5770 ποιούμενος,
2381 5698 2553 5769 ἀρχὴν
2573 5699 2681 5770 τῶν
2710 5698 2890 5754 καλῶν
2921 5697 3134 5769 εὕρατο.

1934 5769 2043 5892 (ΙΞΞ
2067 5764 2203 5825 Editi
2231 5764 2495 5841 πρόσγέιᾶ
2511 5764 2709 5827 καί.Αι
2741 5785 2869 5826 mss.
2901 5764 3135 5824 nonnulli
3168 5764 3434 5839 πρόσγειά

1953 5857 2020 5892 κα
2049 5879 2062 5892 .

1865 5857 1922 5893 τε
1953 5857 2062 5894 και.
