4062 6480
597 393 697 444 219

1893 397 1949 451 S.
1994 393 2234 450 BASILll
2267 393 2484 449 MAGNI

3746 391 3852 447 220

597 509 766 562 niam.
800 507 1264 572 Quemadmodum
1291 509 1524 580 igiturin
1544 509 1686 566 scala
1723 512 1926 580 primus
1948 515 2161 584 gradus,

2282 511 2528 581 ιλίμακος
2563 510 2749 581 πρώτη
2805 507 3134 578 ἀνάϐασιςὴ
3179 509 3277 578 τῆς
3321 506 3423 577 γῆς
3470 506 3852 579 ἀναχώρησιςο

590 614 840 656 recessus
891 600 958 652 ab
995 599 1158 652 humu
1205 608 1288 653 est
1321 619 1332 653 :
1379 601 1452 654 ita
1503 601 1556 656 in
1593 603 1714 656 vitae
1745 601 1990 659 instituto
2019 602 2158 672 quod

595 690 888 744 secundum
921 691 1083 744 Deum
1116 691 1207 755 sit,
1236 693 1512 759 profectus
1567 694 1800 755 initium,
1834 693 2102 750 discessus
2130 707 2158 746 a

598 781 738 832 malo
760 790 866 834 est.
899 780 1128 835 Prorsus
1160 793 1339 836 autem
1373 782 1586 840 facilius
1613 795 1694 840 est
1724 786 1948 841 omnino
1978 785 2160 848 otiari,

596 883 755 936 quam
773 869 996 937 quodvis
1023 885 1155 938 opus
1171 870 1347 926 facere
1364 890 1374 922 :
1399 873 1545 927 verbi
1566 875 1768 943 gratia:
1793 872 1911 927 Non
1925 876 2126 930 occides
2145 890 2163 937 ,'

598 976 701 1012 non
745 961 1113 1025 maechaberis;
1151 979 1250 1015 non
1282 963 1538 1029 furaberis
1563 967 1628 1021 “.
1664 966 1859 1020 Horum
1894 966 2166 1037 quodlibet

599 1063 802 1103 meram
852 1053 1083 1105 actionis
1123 1062 1174 1105 et
1211 1062 1389 1109 motus
1434 1055 1786 1123 privationem
1821 1060 2069 1125 postulat.
2102 1055 2167 1109 ll-

601 1139 689 1192 lttd
719 1156 865 1204 vero,
887 1142 1082 1210 Diliges
1112 1146 1405 1212 proximum
1434 1156 1581 1200 tuum
1609 1150 1738 1200 sicut
1768 1149 2056 1215 “ipsum”;
2081 1157 2162 1200 et:

612 1230 785 1289 Vende
815 1252 930 1303 qua:
951 1236 1130 1300 habes,
1164 1248 1211 1290 et
1240 1239 1305 1288 (la
1332 1239 1725 1306 pauperibus";
1759 1249 1812 1292 et
1839 1257 1851 1292 :
1876 1239 1936 1294 Si
1969 1241 2084 1309 quis
2119 1247 2166 1290 te

601 1326 946 1393 angariaverit
985 1329 1125 1381 mille
1147 1345 1353 1396 passus,
1382 1335 1508 1386 vade
1535 1349 1651 1386 cum
1678 1329 1769 1383 illo
1797 1332 1981 1396 duo",
2010 1331 2164 1396 digna

603 1417 817 1470 athletis
861 1434 1022 1487 opera
1068 1430 1225 1484 sunt,
1274 1423 1468 1492 quibus
1522 1423 1797 1492 patrandis
1855 1423 2165 1492 animojatn

606 1508 726 1560 forti
767 1521 819 1564 et
853 1522 1069 1565 strenuo
1100 1528 1234 1582 Optls
1264 1526 1365 1570 est.
1397 1518 1577 1582 Quare
1627 1515 1772 1569 illius
1827 1517 2024 1570 mirare
2076 1531 2167 1569 sa-

606 1601 881 1667 pientiam,
915 1605 1002 1672 qui
1054 1621 1148 1675 per
1202 1623 1264 1660 ea
1305 1623 1423 1676 qute
1456 1606 1700 1660 faciliora
1751 1618 1805 1660 et
1839 1607 2170 1676 expeditiora

605 1702 752 1754 sunt,
785 1695 849 1746 ad
879 1695 1261 1764 perfectionem
1308 1713 1402 1751 nos
1438 1697 1676 1751 deducit.
1713 1697 1837 1752 Tria
1872 1710 2050 1753 autent
2077 1714 2172 1752 no-

605 1793 688 1848 bis
727 1798 1004 1861 proposuit
1030 1798 1221 1851 merito
1251 1798 1510 1864 cavenda,
1545 1814 1612 1852 ne
1645 1797 1894 1854 videlicet
1920 1800 2172 1855 abeamus

606 1885 658 1938 iu
695 1888 916 1940 consilio
942 1887 1249 1956 impiorum,
1278 1903 1343 1942 ne
1366 1898 1568 1944 stemus
1594 1891 1646 1943 in
1687 1891 1765 1944 via
1801 1901 2167 1959 peccatorum,
2207 1873 2246 1927 Β

606 1991 674 2030 ne
701 1978 750 2030 in
786 1979 1040 2032 cathedra
1076 1980 1396 2048 pestilentia:
1430 1983 1737 2037 sedeamus.
1779 1984 1977 2037 Rerum
2017 1993 2173 2039 natu-

608 2082 722 2120 ram
753 2079 988 2132 secutus,
1006 2069 1279 2141 94verba
1305 2072 1406 2128 hoc
1426 2074 1613 2129 ordine
1636 2075 1915 2144 disposuit.
1937 2074 2171 2131 Primum

607 2163 748 2215 cnim
779 2161 1171 2230 deliberamus;
1195 2164 1387 2219 deinde
1411 2165 1848 2220 deliberationem
1872 2167 2171 2236 firmamus;

611 2263 880 2319 postremo
913 2254 1069 2307 rebus
1109 2254 1422 2310 deliberatis
1452 2256 1775 2311 insistimus.
1801 2257 1941 2313 Ante
1989 2261 2172 2313 omnia

611 2344 775 2409 igitur
803 2345 994 2399 mentis
1015 2356 1208 2400 nostra:
1226 2347 1486 2400 munditia
1513 2347 1834 2403 declaranda
1860 2365 1976 2405 erat
1996 2351 2173 2417 beata,

609 2435 862 2501 quoniam
954 2438 1132 2492 cordis
1210 2439 1542 2506 propositum
1624 2442 1898 2497 actionum
1984 2458 2174 2512 corpo-

613 2539 826 2578 rearum
916 2528 1065 2580 radix
1158 2530 1390 2586 exsistit.
1466 2529 1807 2589 Adulterium
1898 2537 2040 2590 enim
2123 2535 2173 2586 iu

607 2615 906 2687 voluptuosi
977 2619 1152 2674 anima
1223 2622 1398 2691 primo
1477 2623 1754 2678 incensum
1813 2664 1828 2688 ,
1907 2625 1980 2677 ita
2057 2638 2176 2677 eam

610 2713 1013 2780 corruptionem
1080 2730 1198 2783 qua:
1272 2731 1367 2784 per
1418 2732 1612 2784 corpus
1698 2717 1792 2779 fit,
1848 2717 2002 2784 parit.
2065 2715 2174 2769 Uu-

612 2799 678 2852 de
735 2810 790 2854 et
839 2802 1097 2855 Dominus
1150 2804 1292 2856 intus
1341 2819 1462 2857 esse
1518 2805 1593 2855 ait
1653 2819 1769 2872 quae
1830 2805 2180 2873 coinquinant

613 2889 886 2943 hominem
916 2891 979 2945 ³⁸.
1026 2892 1286 2956 Quoniam
1350 2903 1525 2945 autem
1576 2893 1866 2948 admissum
1923 2895 1973 2948 iu
2016 2896 2178 2949 Deum

613 2992 927 3050 peccatum,
979 2981 1226 3050 impietas
1267 2984 1483 3051 proprie
1529 2982 1747 3048 dicitur,
1787 2985 1926 3039 absit
1976 2995 2033 3039 ut
2084 3003 2184 3039 un-

616 3089 776 3143 quam
818 3075 882 3129 de
932 3075 1040 3130 Deo
1086 3091 1182 3141 per
1224 3075 1649 3130 incredulitatem
1693 3078 2030 3132 dubitemus!
2071 3079 2182 3132 l-loc

619 3181 854 3236 namque
889 3178 970 3222 est
1017 3169 1206 3221 abiisse
1247 3170 1301 3220 in
1341 3169 1556 3220 consilio
1595 3169 1892 3235 impiorum,
1933 3172 1974 3221 si
2010 3171 2057 3222 in
2093 3180 2184 3224 tuo

619 3262 786 3313 corde
811 3259 1008 3312 dixeris
1034 3277 1046 3310 :
1073 3258 1206 3310 Num
1242 3259 1376 3312 Deus
1399 3267 1502 3323 est,
1531 3257 1620 3326 qui
1656 3259 1905 3312 universa
1942 3259 2184 3313 modere—

620 3357 712 3404 tur
738 3359 791 3403 et
818 3349 1115 3420 gubernet?
1142 3348 1277 3404 Num
1304 3351 1442 3405 Deus
1468 3352 1521 3404 in
1547 3350 1697 3406 cmlis
1724 3360 1824 3414 est,
1850 3351 1940 3420 qui
1970 3350 2186 3420 dispono

624 3450 708 3498 set
737 3440 982 3512 singula?
1007 3451 1160 3496 estne
1195 3440 1492 3510 judicium?
1519 3442 1656 3496 Num
1686 3442 1974 3513 unicuique
1995 3458 2188 3497 secun-

623 3535 749 3588 dum
785 3549 946 3601 Opera
996 3550 1089 3587 sua
1138 3534 1480 3587 retribnenda
1516 3545 1598 3590 est
1636 3537 1881 3590 merces?
1913 3537 2020 3589 Cur
2050 3551 2181 3606 ergo

617 3623 745 3690 justi
788 3631 963 3690 egent,
1014 3630 1326 3689 peccatores
1372 3639 1500 3676 vero
1557 3624 1834 3677 abundant
1877 3626 2104 3694 opibus?
2134 3625 2186 3679 hi

619 3728 782 3782 aegra,
817 3713 888 3764 illi
933 3711 1086 3764 firma
1128 3722 1253 3764 sunt
1290 3710 1635 3765 valetudine?
1666 3713 1716 3765 hi
1751 3714 2076 3779 inhonorati,
2115 3716 2188 3768 illi

621 3811 744 3858 sunt
773 3805 1005 3856 maximo
1033 3804 1084 3856 in
1105 3803 1342 3857 honore?
1363 3801 1610 3871 Nunquid
1645 3802 1864 3857 fortuito
1901 3805 2073 3857 fertur
2100 3806 2188 3860 hic

622 3897 876 3959 mundus,
913 3906 966 3950 et
1000 3895 1275 3952 temerarii
1310 3895 1526 3963 quidam
1571 3909 1729 3950 casus
1769 3897 2188 3967 uniuscujusque

623 3991 792 4043 vitam
824 4000 1023 4044 temere
1047 3989 1386 4058 partiuntur?
1418 3989 1541 4044 llaec
1563 3987 1607 4042 si
1629 3990 1976 4059 cogitaveris,
2005 3989 2188 4044 abiiSti

624 4081 677 4136 in
714 4083 943 4136 consilio
995 4083 1303 4153 impiorum.
1356 4084 1552 4138 Beatus
1590 4083 1778 4153 igitur,
1818 4083 1908 4151 qui
1960 4083 2026 4137 de
2079 4082 2187 4137 Deo

626 4171 763 4225 nihil
794 4172 980 4225 habuit
1003 4173 1375 4240 dubitationis,
1403 4174 1494 4243 qui
1518 4174 1659 4229 circa
1683 4172 1968 4244 praesentia
1998 4171 2189 4242 pusillo

623 4283 729 4323 non
761 4278 842 4323 est
867 4269 1070 4329 animo.
1107 4270 1199 4324 sed
1230 4278 1509 4339 exspectat
1555 4271 1729 4324 futura
1755 4287 1769 4334 ;
1801 4271 1886 4326 cui
1920 4270 2191 4324 incredula

623 4361 692 4415 de
720 4375 804 4425 eo,
824 4361 913 4428 qui
949 4375 1046 4412 nos
1072 4361 1300 4422 creavit,
1329 4361 1566 4428 suspicio
1605 4376 1710 4414 non
1749 4360 1966 4415 insedit.
1996 4361 2190 4415 Beatus

625 4462 803 4506 autem
838 4464 892 4506 et
929 4451 1035 4516 ille,
1059 4451 1147 4518 qui
1184 4454 1236 4504 in
1263 4452 1345 4504 via
1369 4462 1712 4521 peccatorum
1743 4467 1845 4505 non
1875 4452 2040 4505 stetit.
2069 4450 2186 4505 Vita

2261 601 2429 664 οὕτως
2449 602 2540 653 ἐπὶ
2563 601 2662 670 τῆς
2691 599 2831 653 κατὰ
2861 600 2992 652 Θεὸν
3018 598 3311 667 πολιτείας,
3339 595 3481 668 ἀρχὴ
3502 598 3614 667 (15)
3647 618 3857 672 προκο-

2262 693 2368 763 πῆς
2402 695 2429 746 6
2454 693 2730 764 χωρισμὸς
2757 691 2849 744 τοῦ
2881 690 3073 746 κακοῦ.
3101 690 3278 755 ’Ὀλως
3305 692 3362 744 δὲ
3388 691 3536 744 πᾶσα
3556 690 3732 760 ἀργία
3763 696 3860 748 καί

2261 786 2361 855 τῆς
2390 786 2656 857 τυχούσης
2684 784 2936 856 πράξεώς
2965 787 3112 838 ἐστιν
3136 783 3517 854 εὐμαρεστέρα
3538 797 3551 811 ·
3591 776 3736 848 οἷον,
3772 788 3857 837 Οὐ

2264 879 2708 946 φονεύσεις-οὺ
2742 879 3114 946 μοιχεύσεις·
3168 875 3240 927 οὺ
3298 877 3567 945 κλέψεις.
3629 875 3861 945 Ἀργίας

2264 969 2463 1021 τούτων
2482 969 2706 1022 ἕκαστον
2727 967 2822 1020 καὶ
2839 970 3128 1039 ἀκινησίας
3147 965 3338 1019 δεῖται.
3368 965 3726 1035 Ἀγαπήσεις
3744 967 3861 1035 (1.1)

2265 1063 2370 1114 τὸν
2401 1064 2669 1129 πλησίον
2701 1077 2816 1116 σου
2843 1060 2925 1126 ὼς
2953 1061 3214 1115 σεαυτόν
3241 1075 3253 1088 ο
3280 1059 3392 1124 καὶ,
3413 1061 3713 1130 Πώλ-ησώ·
3737 1074 3863 1111 σου

2266 1155 2337 1208 τὰ
2367 1152 2732 1221 ὑπάρχοντα,
2781 1153 2879 1208 καί
2942 1152 3046 1218 δὸς
3097 1151 3387 1223 πτωχοῖς·
3424 1153 3538 1217 καὶ,
3588 1153 3730 1206 Ἐάν
3767 1150 3863 1217 τίς

2268 1262 2340 1298 σε
2369 1247 2735 1314 ἀγγαριεύσῃ
2762 1247 2967 1316 μίλιον
3005 1245 3092 1310 ἓν,
3119 1247 3308 1315 ὕπαγε
3344 1245 3469 1309 μετ’
3497 1248 3688 1300 αὑτοῦ
3723 1245 3862 1307 δύο,

2268 1335 2615 1407 ἐνεργηματά
2641 1337 2786 1388 ἐστιν
2816 1335 3072 1404 ἀθληταῖς
3101 1337 3396 1406 πρέποντα,
3425 1333 3520 1385 καὶ
3548 1334 3732 1405 ψυχῆς
3759 1336 3862 1407 ἤδη

2269 1428 2526 1498 νεανικῆς
2552 1425 2782 1496 δεόμενα
2819 1426 2955 1496 πρὸς
2980 1424 3334 1495 κατόρθωσιν.
3378 1425 3538 1476 Ὥστε
3573 1423 3864 1495 θαύμασον

2269 1522 2367 1592 τὴν
2399 1521 2588 1591 σοφίαν
2615 1519 2707 1572 τοῦ
2761 1522 2848 1576 διὰ
2881 1520 2988 1574 τῶν
3016 1519 3437 1590 εύμαρεστέρων
3466 1517 3560 1570 καὶ
3589 1517 3860 1588 εὐληπτο-

2270 1611 2328 1663 τέ
2340 1629 2443 1681 ρων
2456 1612 2736 1678 ἐνάγοντος
2750 1613 2898 1682 ἡμᾶς
2914 1610 3048 1683 πρὸς
3065 1608 3160 1680 τὴν
3171 1609 3288 1660 τελε
3299 1607 3614 1679 ίωσιν.Τρία
3641 1608 3700 1659 δέ
3735 1628 3866 1678 προ-ι

2274 1701 2461 1756 ἐϐαλεν
2481 1705 2609 1775 ἡμῖν
2625 1703 2692 1756 τά
2716 1703 2962 1773 φυλακῆς
2980 1703 3122 1769 ἄξια,
3150 1700 3222 1771 μὴ
3247 1701 3577 1771 πορευθῆναι
3605 1703 3665 1751 ἐν
3693 1700 3863 1772 βουλῇ

2273 1795 2504 1858 ἀσεϐῶν,
2539 1796 2610 1866 μὴ
2643 1797 2833 1864 στῆναι
2879 1798 2936 1847 ἐν
2965 1794 3067 1864 ὀδῷ
3095 1792 3452 1863 ἁμαρτωλῶν,
3493 1791 3568 1860 μὴ
3593 1791 3867 1861 καθεσθῆ·

2275 1905 2362 1941 ναι
2401 1889 2492 1940 ἐπὶ
2535 1885 2796 1956 καθέδρας
2833 1886 2944 1955 (15)
2978 1885 3200 1956 λοιμῶν.
3248 1884 3324 1953 Τῇ
3374 1883 3532 1951 φύσει
3573 1884 3686 1936 τῶν
3727 1902 3870 1955 πρα-

2277 1980 2500 2049 γμάτων
2522 1977 2805 2048 ἑπόμενος,
2850 1976 2948 2045 τὴν
2978 1976 3129 2041 τάξιν
3162 1975 3361 2044 ταύτην
3391 1975 3501 2036 τοῖς
3545 1976 3868 2045 εἰρημένοις

2277 2070 2561 2141 ἐπέθηκεν.
2597 2067 2966 2138 Βουλευόμεθα
2995 2067 3102 2139 γὰρ
3144 2067 3402 2139 πρότερον
3423 2107 3436 2130 ,
3473 2061 3591 2119 εἶτα
3622 2067 3865 2133 ἱστῶμεν

2278 2165 2336 2216 τὸ
2370 2164 2638 2234 βούλευμα
2661 2205 2674 2226 ,
2707 2160 2824 2216 εἶτα
2871 2163 2983 2224 τοῖς
3026 2159 3386 2230 βουλευθεῖσιν
3421 2159 3860 2230 ὲναπομένομεν.

2281 2255 2517 2325 Πρώτως
2548 2253 2639 2309 οὖν
2684 2252 3016 2325 μακαριστὸν
3050 2253 3110 2306 τὸ
3141 2256 3197 2306 ὲν
3242 2254 3305 2322 τῇ
3336 2251 3544 2322 διανοίᾳ
3577 2249 3739 2320 ἡμῶν
3770 2264 3866 2299 κα-

2281 2346 2463 2418 θαρὸν,
2495 2346 2678 2414 ἐπειδὴ
2713 2346 2837 2414 ῥίζα
2876 2343 2985 2396 τῶν
3023 2344 3110 2397 διὰ
3142 2345 3234 2397 τοῦ
3271 2341 3521 2413 σώματος
3564 2340 3865 2410 ἐνεργειῶν

2279 2440 2338 2491 τὸ
2364 2440 2419 2492 ἐν
2458 2438 2651 2507 καρδίᾳ
2683 2436 2972 2506 βούλευμα.
3019 2437 3081 2488 Ἡ
3113 2437 3220 2506 γὰρ
3250 2435 3484 2506 μοιχεία,
3529 2437 3586 2486 ἐν
3611 2435 3679 2502 τῇ
3713 2432 3865 2503 ψυχῇ

2279 2529 2372 2582 τοῦ
2397 2530 2503 2600 (16)
2543 2528 2820 2598 φιληδόνου
2857 2527 3070 2599 πρῶτον
3117 2526 3531 2596 ἀναφλεχθεῖσα,
3575 2524 3721 2577 οὕτω
3765 2527 3867 2595 τὴν

2281 2620 2366 2672 διὰ
2406 2619 2499 2672 τοῦ
2535 2618 2783 2688 σώματος
2829 2617 3035 2686 φθορὰν
3074 2617 3466 2687 ἀπεργάζεται.
3502 2615 3671 2668 ’Ὁθεν
3709 2618 3808 2668 καὶ
3839 2619 3867 2670 6

2282 2711 2363 2762 Κύ
2375 2711 2482 2780 ριός
2503 2727 2662 2778 φησιν
2683 2708 2890 2762 ἔνδοθεν
2911 2705 3132 2762 εἶναιτὰ
3149 2708 3428 2761 κοινοῦντα
3442 2709 3530 2760 τὸν
3548 2707 3646 2762 ἄνθ
3658 2726 3862 2779 ρωπον.

2295 2801 2509 2874 Ἐπειδὴ
2533 2803 2589 2855 δὲ
2611 2801 2832 2855 ἀσέϐεια
2848 2801 3049 2874 κυρίως
3067 2801 3279 2871 λέγεται
3297 2802 3329 2872 ὴ
3353 2801 3431 2864 είς
3443 2800 3575 2854 Θεὸν
3592 2802 3867 2873 ἁμαρτία,

2291 2897 2364 2967 μὴ
2381 2896 2588 2964 γένοιτο
2603 2894 2857 2961 δέξασθαι
2873 2897 3020 2966 ἡμᾶς
3040 2895 3098 2960 ἐξ
3116 2895 3370 2958 ἀπιστίας
3387 2895 3515 2948 ποτέ
3529 2895 3866 2965 ἀμφιϐολίαν

2290 2989 2418 3058 περὶ
2448 2987 2582 3039 Θεοῦ
2610 2989 2621 3039 ί
2652 2987 2821 3039 Τοῦτο
2843 2988 2950 3056 γάρ
2975 2989 3088 3038 ἐστι
3107 2987 3167 3038 τὸ
3193 2986 3551 3054 πορευθῆναι
3575 2983 3870 3049 ὲνβουλῇ

2288 3077 2541 3140 ἀσεϐῶν,
2581 3077 2676 3128 ἐὰν
2723 3079 2882 3148 εἴπῃς
2932 3078 2989 3127 ἐν
3041 3079 3106 3147 τῇ
3155 3078 3350 3149 καρδίᾳ
3383 3095 3510 3130 σουο
3551 3073 3707 3144 *Αρα
3751 3075 3868 3127 ἔστι

2288 3169 2418 3232 Θεὸς
2449 3168 2724 3239 κυϐερνῶν
2756 3168 2826 3221 τά
2860 3169 3188 3240 σύμπαντα;
3219 3167 3329 3241 ἆρα
3360 3169 3474 3221 ἔστι
3503 3167 3638 3230 Θεὸς
3684 3169 3744 3218 ἐν
3786 3168 3870 3219 οὑ-

2289 3260 2451 3330 ρανῴ,
2466 3260 2760 3332 οἰκονομῶν
2775 3261 2843 3315 τὰ
2858 3263 2969 3332 (17)
2983 3263 3106 3316 καθ’
3118 3264 3344 3316 ἕκαστον
3361 3277 3374 3323 ;
3397 3256 3504 3330 ἆρα
3521 3259 3706 3330 κρίσις
3722 3277 3736 3319 ;
3759 3256 3869 3330 ἆρα

2287 3349 2640 3414 ἀνταπόδοσις
2675 3350 2889 3422 ἐκάστῳ
2910 3352 3050 3405 κατὰ
3082 3351 3141 3404 τὸ
3162 3351 3318 3421 ἔργον
3342 3347 3505 3400 αὐτοῦ
3527 3365 3540 3413 ;
3573 3350 3673 3402 Διά
3700 3349 3752 3401 τί
3775 3346 3869 3402 οὖν

2291 3441 2490 3496 δίκαιοι
2526 3444 2798 3510 πένονται,
2847 3446 2938 3498 καὶ
2993 3441 3305 3512 ἀμαρτωλοδ⁹
3336 3439 3692 3505 πλουτοῦσιν;
3721 3436 3867 3495 οὗτοι

2290 3529 2846 3592 ἀσθενοῦσι,κάκεῖνοι
2877 3531 3140 3602 ἔρρωνται
3165 3546 3178 3593 ;
3215 3525 3358 3583 οὗτοι
3389 3530 3593 3601 ἄτιμοι,
3623 3531 3871 3584 κάκεῖνοι

2290 3620 2522 3685 ἕνδοξοι;
2558 3625 2780 3692 Μήποτε
2809 3621 3126 3690 αὐτομάτως
3152 3622 3180 3672 6
3221 3622 3424 3693 κόσμος
3471 3622 3726 3693 φέρεται,
3770 3623 3867 3675 καὶ

2295 3713 2572 3781 συντυχίαι
2623 3713 2766 3774 τινὲς
2822 3712 3005 3780 ἄλογοι
3059 3712 3308 3775 ἀτάκτως
3356 3714 3569 3782 ἑκάστῳ
3622 3713 3870 3784 ἀποκληο

2293 3804 2443 3875 ροῦσι
2489 3804 2597 3873 (18)
2642 3805 2768 3865 τοὺς
2805 3803 2980 3873 βίους;
3018 3804 3142 3857 Ἐὰν
3175 3803 3346 3857 ταῦτα
3389 3803 3703 3874 διανοηθῇς.
3739 3807 3868 3858 ἐπο-

2294 3894 2487 3964 ρεύθης
2517 3896 2573 3946 ἐν
2607 3892 2765 3964 βουλῇ
2790 3894 3020 3947 ἀσεϐῶν.
3055 3894 3339 3965 Μακάριος
3371 3889 3463 3946 οὖν
3495 3893 3554 3956 ὃς
3573 3895 3676 3947 οὐκ
3706 3895 3868 3948 ἔλαϐε

2290 3986 2417 4056 περὶ
2470 3984 2604 4037 Θεοῦ
2638 3985 2954 4055 δισταγμὸν,
2995 3985 3022 4036 ὁ
3058 3986 3133 4056 μὴ
3166 3983 3583 4056 μικροψυχήσας
3618 3987 3753 4056 περὶ
3793 3987 3867 4041 τὰ

2289 4077 2550 4147 παρόντα,
2585 4076 2698 4129 ἀλλ’
2731 4077 3015 4148 ἀναμένων
3042 4076 3113 4129 τὰ
3144 4077 3569 4150 προσδοκώμενα
3589 4095 3604 4108 ·
3656 4079 3717 4143 ὃς
3764 4081 3866 4134 οὐκ

2290 4171 2415 4240 ἔσχε
2471 4172 2598 4241 περὶ
2646 4169 2738 4222 τοῦ
2788 4169 3070 4233 κτίσαντος
3102 4171 3249 4242 ἡμᾶς
3295 4171 3561 4241 ὑπόληψιν
3609 4172 3863 4226 ἄπιστον.

2290 4264 2576 4334 Μακάριος
2609 4262 2664 4314 δὲ
2702 4262 2974 4324 κάκεῖνος,
3028 4261 3087 4324 ὃς
3122 4263 3178 4315 ἐν
3231 4261 3333 4332 ὁδῷ
3379 4263 3719 4333 ἁμαρτωλῶν
3765 4265 3867 4315 οὐκ

2292 4355 2442 4426 ἔστη.
2493 4355 2639 4416 Ὁδὸς
2665 4355 2762 4424 μὲν
2794 4349 2886 4406 οὖν
2918 4357 2946 4406 6
2978 4352 3091 4422 βίος
3138 4353 3352 4423 εἴρηται
3384 4354 3470 4405 διὰ
3499 4355 3600 4423 τὴν
3636 4356 3772 4424 πρὸς
3803 4355 3864 4406 τὸ

2290 4447 2441 4509 τέλος
2463 4447 2690 4499 ἑκάστου
2720 4445 2825 4498 τῶν
2864 4443 3228 4512 γεννηθέντων
3248 4443 3473 4506 ἕπειξιν.
3509 4445 3725 4516 Ὥσπερ
3755 4445 3865 4516 γὰρ

624 4544 812 4614 utique
857 4544 1051 4597 dicitur
1091 4543 1198 4609 via,
1231 4543 1373 4612 quod
1411 4542 1637 4613 quilibet
1675 4543 1726 4594 in
1762 4543 1923 4595 vitam
1976 4541 2179 4606 ingres-

2290 4538 2338 4590 οί
2384 4540 2440 4589 ἐν
2484 4539 2594 4600 τοῖς
2627 4534 2830 4597 πλοίοις
2871 4533 3218 4596 καθεύδοντες
3261 4534 3583 4605 αὐτομάτως
3618 4537 3725 4588 ὑπὸ
3767 4533 3861 4588 τοῦ

623 4652 740 4702 sus,
786 4637 851 4690 ad
891 4638 1050 4691 linem
1091 4644 1358 4705 properet.
1403 4634 1863 4700 Quemadmodum
1910 4633 2051 4685 enitu
2097 4631 2189 4698 qui

628 4731 682 4787 in
712 4730 940 4801 navigiis
969 4731 1260 4795 dormiunt,
1287 4737 1479 4798 sponte
1503 4741 1532 4781 a
1571 4736 1731 4781 vento
1776 4727 1827 4779 in
1879 4734 2066 4793 portus
2097 4723 2189 4776 dc-

628 4826 916 4889 ducuntur,
979 4831 1036 4877 et
1081 4821 1328 4890 quamvis
1381 4819 1480 4890 ipsi
1529 4833 1864 4889 nequaquam
1927 4817 2187 4880 sentiant,

626 4932 816 4971 cursus
868 4924 1043 4969 tamen
1086 4929 1178 4968 eos
1225 4914 1291 4968 ad
1332 4912 1616 4968 terminum
1666 4911 1967 4980 urgetzsic
2005 4917 2062 4963 et
2088 4922 2188 4963 nos

627 5007 899 5064 dillluente
928 5006 1050 5060 vita:
1074 5017 1272 5059 nostra;
1302 5013 1561 5073 tempore,
1603 5001 1899 5056 insensibili
1936 5001 2062 5054 vita:
2089 5013 2184 5054 no-

631 5113 756 5158 strtc
802 5116 961 5156 cursu
1013 5098 1159 5153 velut
1210 5096 1469 5151 continuo
1514 5095 1744 5164 quodam
1799 5104 1852 5149 et
1893 5093 2186 5163 irrequieto

638 5206 786 5251 motu
837 5193 1199 5261 unusquisque
1239 5190 1305 5245 ad
1349 5188 1627 5260 proprium
1657 5187 1816 5241 finem
1852 5187 2185 5243 festinamus.

707 5357 750 5388 “
789 5355 957 5411 Exod.
993 5372 1060 5409 xx
1093 5395 1107 5414 ,
1165 5355 1231 5409 15
1257 5383 1284 5395 -
1317 5351 1403 5407 15.
1480 5352 1523 5383 ³⁵
1573 5348 1762 5404 Matth.
1797 5365 1885 5403 xu
1920 5392 1936 5416 ,
1985 5349 2070 5404 19.
2146 5346 2190 5379 ³⁸
2231 5346 2473 5401 ibid.21.

705 5499 823 5570 (1³5)
851 5500 979 5570 Beg.
1003 5497 1268 5570 secundus
1304 5494 1544 5570 unum}.

707 5563 821 5637 (14)
853 5563 983 5634 11θῇ.
1016 5566 1283 5620 secundus
1304 5565 1363 5637 τὸ
1387 5563 1464 5637 δέ,
1499 5563 1850 5637 Ἀγαπήσεις.

706 5629 819 5704 (153
858 5629 1037 5690 ΕιΊιῐε
1067 5651 1279 5705 quoque
1310 5636 1364 5688 in
1402 5629 1666 5702 aliquibus
1699 5629 1838 5685 'mss.
1868 5630 2065 5705 legitur
2095 5629 2187 5705 ἐπὶ

633 5699 920 5776 καθέδραν.
954 5706 1058 5776 Nec
1086 5699 1174 5759 ita
1195 5699 1359 5776 inulto
1387 5699 1506 5776 post
1561 5718 1692 5776 mss.
1721 5701 1974 5776 nonnulli
2010 5699 2187 5768 βουλὸ-

638 5771 841 5848 μεθαλ.
879 5771 1577 5848 βούλημα.,.βουληθεῖσιν.
1603 5771 1840 5828 Subinde
1894 5772 2024 5838 Reg.
2075 5781 2185 5824 ter-

638 5845 741 5903 tius
771 5849 830 5900 τὸ
863 5845 1142 5917 ἐγκάρδιον
1178 5845 1438 5915 βούλημα.

2293 4630 2598 4700 πνεύματος
2613 4629 2704 4681 ἐπὶ
2736 4626 2959 4696 λιμένας
2993 4625 3234 4694 ἄγονται,
3269 4626 3371 4680 κᾶν
3398 4628 3552 4680 αὐτοὶ
3576 4629 3653 4698 μὴ
3679 4629 3865 4682 αίσθά-

2292 4742 2510 4786 νωνται,
2537 4721 2651 4775 ἀλλ’
2674 4723 2702 4774 6
2737 4720 2934 4791 δρόμος
2961 4720 3158 4782 αὐτοὺς
3181 4720 3317 4791 πρὸς
3340 4718 3399 4771 τὸ
3423 4719 3574 4782 τέλος
3610 4720 3818 4789 ἐπείγει
3845 4741 3858 4752 ·

2292 4816 2431 4870 οῦτω
2467 4815 2559 4867 καὶ
2587 4816 2766 4883 ἡμεῖς,
2790 4812 2885 4866 τοῦ
2914 4813 3105 4885 χρόνον
3135 4811 3234 4882 τῆς
3267 4811 3412 4882 ζωῆς
3454 4811 3614 4882 ἡμῶν
3645 4819 3861 4886 παραρ-

2296 4906 2526 4978 ρἐντος,
2545 4903 2653 4959 οἷόν
2703 4923 2808 4957 τινι
2836 4905 3046 4974 κινήσει
3077 4905 3288 4972 συνεχεῖ
3320 4902 3412 4955 καὶ
3435 4902 3700 4974 ἀπαύστῳ
3729 4905 3863 4974 πρὸς

2295 5000 2353 5053 τὸ
2398 5002 2594 5051 οἰκεῖον
2622 4998 2848 5060 ἕκαστος
2890 4996 3063 5066 πέρας
3098 4994 3175 5064 τῷ
3211 4993 3526 5048 λανθάνοντι
3556 4995 3744 5066 δρόμῳ
3767 4997 3860 5065 τῆς

2294 5091 2436 5160 ζωῆς
2473 5089 2629 5160 ἡμῶν
2670 5086 3123 5156 κατεπειγὸμεθα.
3164 5080 3319 5149 Οἷον,
3357 5084 3664 5149 καθεύδεις,
3710 5087 3800 5138 καὶ
3834 5087 3860 5137 ὁ

2295 5186 2483 5254 χρόνος
2517 5199 2575 5234 σε
2610 5179 2936 5250 παρατρέχει
2963 5195 2976 5209 ο
3031 5179 3367 5249 ἐγρήγορας,
3419 5179 3514 5231 καὶ
3557 5177 3784 5246 ἄσχολος
3813 5172 3863 5227 εἴ

2550 5344 2592 5374 ³⁷
2617 5340 2804 5396 Matth.
2831 5355 2882 5405 v,
2907 5339 2994 5393 41.
3036 5340 3079 5372 ³⁸
3108 5337 3298 5394 Matth.
3325 5338 3506 5403 ",18.

2357 5482 2851 5555 (16)(ἶοι1εξ-υιιιιε
2883 5481 2939 5555 ἐν
2978 5476 3046 5548 τῇ
3090 5477 3288 5547 καρδία
3336 5474 3454 5528 τοῦ.
3499 5471 3641 5526 Infra
3692 5472 3856 5526 codex

2285 5549 2422 5610 unus
2447 5549 2777 5622 ἀμφιϐολίαν
2803 5549 2941 5602 τινά.
2982 5619 2993 5622 _
3093 5619 3103 5622 Α
3292 5615 3317 5622 _
3438 5612 3450 5622 ,
3507 5610 3561 5622 ης
3613 5610 3646 5622 _,

2357 5610 2668 5691 (l7)'Colb.
2737 5629 2923 5691 segtus
3059 5615 3358 5691 οἰκονομῶν
3391 5612 3471 5666 τό.
3507 5610 3855 5691 Statim‘uuo

2287 5679 2412 5747 ms‘s.
2450 5679 2737 5752 ἀντίδοσις.
2793 5688 3034 5742 Subinde
3067 5691 3171 5742 duo
3203 5679 3384 5740 itidem
3437 5697 3570 5736 mss.
3606 5679 3753 5733 κατά
3789 5681 3854 5733 τά

2286 5764 2421 5834 ἔργα
2445 5761 2632 5834 αύτοῦ.
2851 5829 2861 5834 _
3069 5827 3099 5834 ⁸
3144 5827 3173 5834 __
3487 5824 3510 5834 ᾗ
3609 5824 3625 5834 ‘
3751 5821 3774 5831 _

2357 5824 2468 5903 (t8)
2495 5833 2625 5903 Reg.
2665 5829 2930 5888 secundus
2978 5839 3028 5884 et
3061 5827 3215 5883 Colb.
3257 5836 3440 5881 sextus
3484 5824 3851 5894 διακληροῦσι.
