4062 6488
241 428 342 485 2‘31

1433 430 1712 485 llOiillJA
1755 431 1817 486 IN
1858 428 2183 487 PSALMUM
2217 431 2251 486 Ι.

3369 430 3477 470 σοι)

3372 460 3479 488 2-3ιὰ

240 545 342 614 τὴν
372 544 606 596 διάνοιαν
628 560 640 571 '
674 544 784 596 ἀλλ’
833 543 980 612 ὅμως
1014 545 1045 613 ἡ
1088 541 1198 612 ζωὴ
1234 537 1556 605 δαπανᾶται,
1589 544 1691 596 κᾶν
1715 536 1812 614 τὴν

1920 545 2156 613 Exempli
2204 556 2388 605 causa,
2437 543 2662 608 dormis,
2707 554 2913 611 tempus
2951 554 3002 598 te
3055 545 3223 614 fugit;
3267 546 3478 613 vigilas,

246 633 498 702 αἴσθησιν
523 633 679 702 ἡμῶν
730 632 1016 702 διαφεύγῃ.
1053 632 1260 703 Δρόμον
1285 628 1376 685 οὖν
1403 652 1520 686 τινα
1548 635 1813 704 τρέχομεν

247 725 448 788 πάντες
501 725 775 796 ἄνθρωποι
814 764 829 782 .
861 725 994 797 πρὸς
1052 723 1112 776 τὸ
1170 727 1365 778 οἰκεῖον
1409 727 1559 788 τέλος
1589 727 1814 788 ἕκαστος

246 816 588 886 ἐπειγόμενοι
637 816 780 886 (19)’
813 816 900 868 διὰ
935 815 1092 867 τοῦτο
1125 817 1325 880 πάντες
1381 818 1546 887 ἐσμὲν
1587 820 1642 869 ἐν
1688 817 1809 886 ὀδῷ.

247 908 352 959 Καὶ
366 907 505 959 οὕτω
521 908 562 960 δ’
577 908 642 960 ἂν
661 909 842 970 λάϐοις
866 908 962 977 τῆς
991 907 1112 960 ὀδοῦ
1132 909 1228 978 τὴν
1245 909 1470 962 ἔννοιαν.
1507 910 1812 980 Ὀδοιπόρος

243 1000 549 1069 ἐφέστηκας
567 1001 642 1068 τῷ
661 1000 757 1069 βίῳ
774 1001 943 1069 τούτῳ
963 1018 976 1030 ·
1001 1001 1178 1054 πάντα
1200 1002 1466 1072 παρέρχῃ,
1488 1001 1664 1054 πάντα
1692 1019 1814 1054 κατ-

247 1089 470 1142 όπινσου
503 1092 725 1157 γίνεται.
766 1086 916 1153 Εἶδες
946 1092 1035 1144 ὲπί
1061 1093 1156 1161 τῆς
1182 1091 1299 1143 ὁδοῦ
1331 1093 1514 1158 φυτὸν,
1548 1092 1578 1162 ἦ
1609 1093 1745 1144 πόαν
1776 1091 1809 1162 ἦ

250 1181 562 1252 ὗδωρ,ἣὸτι
583 1183 644 1234 ἂν
659 1182 792 1252 τύχῃ
806 1183 909 1234 τῶν
928 1183 1113 1248 ἀξίων]
1128 1182 1414 1252 θεάματος·
1442 1182 1633 1254 μικρὸν
1661 1185 1812 1255 ἐτέρ-

254 1273 412 1342 ςοθης,
451 1270 568 1325 εἶτα
621 1273 983 1344 παρέδραμες.
1017 1275 1182 1326 Πάλιν
1214 1274 1460 1345 ἐνέτυχες
1497 1277 1680 1343 λίθοις,
1723 1279 1815 1330 καὶ

251 1367 504 1433 ςεάραγξι,
535 1365 628 1414 καὶ
658 1367 938 1434 κρημνοῖς,
965 1366 1056 1416 καὶ
1086 1366 1394 1430 σκοπέλοις,
1423 1369 1514 1421 καὶ
1542 1370 1813 1438 σκόλοψιν,

247 1456 358 1523 {‘20)
391 1458 539 1525 ἦπου
566 1456 657 1506 καὶ
673 1454 900 1525 θηρίοις,
921 1457 1013 1508 καὶ
1035 1457 1302 1526 ἑρπετοῖς,
1325 1460 1706 1523 καὶάκάνθαις,
1723 1462 1814 1515 καί

247 1561 387 1598 τισιν
402 1546 576 1607 ἄλλοις
592 1545 698 1597 τῶν
713 1534 975 1616 ὀχληρῶψ
997 1549 1190 1618 μικρὸν
1210 1550 1455 1620 ὴνιάθης,
1474 1547 1589 1623 εἶτα
1607 1553 1814 1604 κατέλι-

252 1655 366 1700 πες.
397 1639 646 1702 Τοιοῦτος
688 1642 715 1691 6
761 1640 903 1709 βίος,
942 1639 1064 1694 οὕτε
1103 1642 1171 1694 τὰ
1195 1644 1399 1713 τερπνὰ
1445 1644 1663 1713 μόνιμα,
1691 1644 1811 1696 οὔτε

245 1732 312 1781 τὰ
353 1730 571 1802 λυπηρᾶ
624 1732 821 1804 διαρκῆ
871 1734 1226 1806 κεκτημένος.
1272 1735 1334 1785 Ἦ
1385 1735 1500 1796 ὁδὸς
1549 1736 1646 1786 οὐκ
1699 1736 1811 1786 ἔστι

247 1822 334 1891 σὴ,
380 1822 492 1874 ἀλλ’
533 1823 652 1876 οὐδὲ
699 1824 765 1878 τά
806 1828 1047 1897 παρόντα
1081 1827 1169 1882 σά.
1218 1826 1337 1877 Ἐπὶ
1371 1824 1478 1877 τῶν
1499 1826 1808 1893 ὁδευόντων,

243 1913 380 1983 ὁμοῦ
412 1932 468 1966 τε
491 1916 518 1966 6
548 1915 759 1987 πρῶτος
787 1917 846 1969 τὸ
877 1895 1018 1987 ἱῐχνος
1043 1918 1280 1987 ἐκίνησε,
1313 1917 1406 1970 καὶ
1449 1917 1608 1980 εὐθὺς
1636 1920 1663 1971 6
1695 1923 1810 1990 μετ’
1843 1895 1884 1948 Β

247 2007 410 2058 αὑτὸν
453 2014 548 2080 τὴν
591 2008 745 2078 βάσιν
782 2011 999 2079 ἤνεγκε,
1036 2011 1129 2063 καὶ
1176 2010 1292 2080 μετ’
1317 2011 1521 2063 ἐκεῖνον
1559 2013 1812 2081 6639316-

249 2113 424 2166 μενος.

319 2278 371 2331 5.
403 2278 597 2330 Σκόπει
639 2279 694 2330 δὲ
727 2280 819 2331 καὶ
860 2279 925 2332 τὰ
966 2279 1056 2331 τοῦ
1098 2280 1211 2350 βίου
1247 2282 1293 2331 εἰ
1329 2281 1401 2350 μὴ
1441 2281 1809 2351 παραπλήσια.

244 2369 494 2439 Σήμερον
523 2370 618 2439 τὴν
649 2370 749 2440 γῆν
785 2371 847 2422 σὺ
874 2369 1242 2439 ἐγεώργῃσας,
1285 2371 1375 2421 καὶ
1415 2369 1600 2439 αὔριον
1636 2371 1810 2436 ἄλλος,

245 2463 342 2512 καὶ
372 2462 490 2531 μετ’
519 2463 721 2513 ἐκεῖνον
752 2461 954 2530 ἕτερος.
998 2461 1158 2530 Ὁρᾷς
1197 2462 1320 2524 τοὺς
1363 2463 1563 2532 ἀγροὺς
1595 2462 1815 2527 τούτους

245 2556 340 2604 καὶ
385 2555 481 2614 τὰς
527 2553 832 2615 πολυτελεῖς
865 2554 1069 2617 οἱκίαςς
1121 2555 1267 2606 Πόσα
1302 2555 1399 2626 ἤδη
1444 2557 1677 2628 ὀνόματα
1723 2560 1814 2628 ἀφ’

245 2639 308 2696 οὗ
355 2646 544 2712 γέγονε
583 2645 786 2698 τούτων
813 2646 921 2716 (2|)
960 2647 1186 2700 ἕκαστον
1229 2650 1463 2720 ῆμειιξιεῑ
1503 2651 1607 2704 Τοῦ
1648 2652 1816 2715 δεῖνος

248 2738 467 2804 ἐλέγετο
489 2779 502 2801 ,
554 2732 671 2789 εἶτα
716 2739 1105 2811 μετωνομάσθη
1141 2741 1276 2810 πρὸς
1316 2741 1499 2812 ἕτερον
1524 2758 1537 2772 ·
1569 2743 1704 2813 πρὸς
1727 2744 1815 2796 τὸν

245 2830 396 2882 δεῖνα
425 2829 706 2900 μετῆλθεν,
739 2826 857 2883 εἶτα
886 2830 978 2882 νῖν.¹
1013 2830 1170 2883 ἄλλου
1199 2832 1434 2898 λέγεται.
1454 2829 1682 2904 7Ap‘o-Sv
1705 2834 1814 2904 (22)

247 2922 347 2990 οὐχ
377 2921 492 2984 ὁδὸς
540 2921 694 2991 ἡμῶν
733 2923 761 2972 6
793 2921 924 2990 βίος,
953 2921 1137 2974 ἄλλοτε
1173 2921 1326 2975 ἄλλον
1367 2925 1814 2994 μεταλαμϐάνων,

249 3014 345 3065 καὶ
370 3015 572 3076 πάντας
608 3013 744 3083 ἔχων
772 3014 1020 3083 ἀλλήλοις
1059 3015 1465 3083 ὲρεπομένουςς
1515 3015 1817 3082 Μακάριος

248 3101 343 3157 ηὖν
392 3104 459 3170 ὃς
500 3105 595 3157 ἐπὶ
633 3104 736 3171 τῆς
775 3104 916 3157 ὀδοῦ
948 3103 1065 3155 τῶν
1095 3104 1452 3171 ἁμαρτωλῶν
1490 3108 1599 3158 οὐκ
1643 3107 1812 3174 ἕστη.

1913 644 1964 688 et
2002 635 2174 704 agitas
2213 633 2410 703 aliquid
2471 644 2682 699 mente;
2727 635 3076 690 nihilominus
3127 645 3304 690 tamen
3349 638 3474 702 vita,

1913 725 2123 778 etiamsi
2173 740 2276 778 non
2319 726 2634 792 sentiamus,
2681 727 3001 782 absumitur.
3029 726 3227 782 Omnes
3257 743 3386 798 ergo
3411 728 3476 780 ad

1913 817 2189 887 propriam
2254 818 2481 887 quisque
2547 828 2744 872 metam
2817 830 3194 889 properantes,
3258 835 3477 874 cursum

1914 910 2200 977 quemdam
2231 909 2522 974 currimus,
2555 913 2909 979 quamobrem
2936 928 3120 967 smnus
3160 913 3208 964 in
3241 911 3325 966 via
3363 928 3472 965 om-

1917 1016 2032 1055 nes.
2068 1000 2181 1055 Hoc
2206 1002 2369 1054 etiam
2399 1002 2555 1056 modo
2585 1004 2723 1055 viam
2756 1003 3053 1072 intelligere
3085 1004 3277 1072 possis.
3300 1005 3355 1058 In
3380 1005 3483 1058 hac

1919 1092 2023 1144 vita
2056 1092 2232 1145 viator
2259 1107 2350 1156 es;
2383 1093 2560 1145 omnia
2601 1103 2900 1159 transeunt,
2931 1103 3050 1163 post
3092 1107 3298 1165 tergum
3334 1107 3478 1150 tuum

1922 1180 2296 1248 relinquuntur
2323 1180 2525 1234 omnia.
2557 1180 2820 1246 Plantam,
2857 1185 3098 1246 herbam,
3137 1199 3354 1253 aquam,
3392 1193 3484 1238 aut

1917 1273 2128 1341 quidvis
2167 1273 2310 1326 aliud
2360 1283 2575 1342 aspectu
2630 1275 2846 1344 dignum
2888 1276 2940 1328 in
2978 1275 3058 1327 via
3094 1275 3269 1329 vidisti
3304 1294 3316 1328 :
3350 1293 3485 1344 pau—

1922 1364 2029 1414 lum
2071 1362 2388 1427 ohlectalus,
2441 1377 2564 1414 mox
2622 1365 2886 1432 praeteris.
2929 1364 3132 1416 Rursus
3175 1365 3225 1415 in
3255 1362 3482 1428 lapides,

1918 1453 2218 1517 convalles,
2259 1453 2574 1523 prtecipitia,
2608 1455 2857 1522 scopulos
2883 1466 2936 1510 et
2970 1457 3140 1523 palos,
3176 1464 3267 1508 aut
3318 1454 3481 1508 etiam

1919 1546 1970 1597 in
2001 1544 2170 1608 feras,
2193 1544 2244 1596 in
2287 1545 2539 1598 animalia
2571 1546 2832 1613 repentia,
2867 1548 2916 1599 in
2949 1549 3148 1616 spinas,
3181 1556 3236 1602 et
3263 1547 3314 1601 in
3338 1546 3484 1599 aliud

1915 1637 2142 1703 quodvis
2180 1635 2536 1690 infortunium
2591 1638 2823 1691 incidisti
2852 1655 2864 1689 :
2892 1653 3172 1708 postquam
3201 1655 3260 1694 es
3296 1639 3490 1708 paulu-

1917 1727 2024 1780 lum
2054 1726 2307 1792 afﬂictus,
2339 1744 2461 1782 mox
2493 1730 2594 1784 ista
2622 1730 2905 1801 reliquisti.
2933 1731 3054 1785 Vita
3077 1742 3158 1786 est
3181 1729 3438 1798 ejusmodi
3466 1744 3483 1782 :

1920 1835 2093 1888 neque
2129 1820 2245 1889 ejus
2280 1820 2484 1876 deliciae
2512 1837 2688 1892 neque
2724 1825 2980 1879 molestiae
3025 1834 3335 1880 constanter
3361 1838 3484 1892 per-

1914 1921 2185 1966 severant.
2219 1910 2332 1966 Tua
2361 1928 2467 1966 non
2501 1923 2584 1968 est
2609 1915 2722 1968 haec
2752 1914 2856 1976 via,
2896 1929 3070 1984 neque
3115 1923 3216 1970 tua:
3244 1929 3370 1969 sunt
3399 1932 3484 1972 res

1915 2016 2230 2073 prmsentes.
2279 2003 2425 2058 Inter
2463 2006 2716 2073 viatores,
2757 2006 2916 2060 simul
2951 2016 3008 2060 ut
3057 2009 3264 2075 primus
3293 2010 3483 2076 pedem

1916 2100 2101 2160 movit,
2138 2099 2258 2150 huic
2311 2099 2584 2166 proximus
2617 2099 2778 2152 infert
2809 2099 3053 2168 gradum,
3082 2107 3133 2150 et
3180 2110 3302 2168 post
3339 2102 3482 2155 hunc

1916 2185 2051 2238 alter
2076 2187 2165 2254 qni
2202 2188 2462 2254 sequitur.

1985 2276 2036 2329 5.
2081 2277 2253 2330 ‘v'elim
2295 2288 2470 2331 autem
2503 2279 2772 2341 attendas,
2809 2295 2935 2332 num
2984 2281 3148 2334 etiam
3177 2282 3298 2335 vita:
3329 2296 3489 2336 casus

1921 2366 2031 2419 sint
2056 2367 2344 2420 assimiles.
2383 2366 2554 2421 Hodie
2585 2377 2639 2422 tu
2663 2368 2872 2422 coluisti
2907 2379 3126 2438 terram,
3167 2387 3289 2426 cras
3325 2375 3482 2436 alter,

1916 2467 2035 2525 post
2066 2458 2204 2511 hunc
2231 2457 2373 2514 colet
2401 2469 2455 2514 et
2489 2459 2648 2514 alius.
2690 2461 2851 2516 Vides
2896 2477 3056 2530 agros
3087 2464 3182 2518 hos
3211 2473 3265 2519 et
3298 2464 3488 2520 domos

1917 2551 2293 2617 sumptuosas?
2347 2550 2569 2617 Quoties
2621 2553 2851 2621 singula,
2913 2570 2981 2609 ex
3034 2572 3140 2626 quo
3195 2558 3485 2622 exsistunt,

1917 2655 2111 2694 nomen
2151 2639 2261 2708 jam
2299 2645 2599 2697 mutavere!
2636 2643 2963 2698 Dicebantur
2989 2645 3146 2715 hujus
3176 2664 3313 2712 esse,
3338 2658 3489 2718 post-

1917 2743 1980 2783 ea
2023 2732 2153 2797 ipsis
2214 2731 2520 2800 impositum
2566 2742 2649 2788 est
2695 2749 2890 2788 nomen
2945 2737 3186 2805 alterius,
3225 2742 3290 2794 ad
3320 2742 3486 2794 alium

1920 2827 2292 2892 transierunt,
2326 2836 2438 2882 tum
2478 2829 2690 2882 demum
2758 2828 2982 2885 alterius
3032 2847 3150 2887 esse
3209 2834 3483 2890 dicuntur.

1920 2917 2106 2974 Nonne
2141 2935 2269 2990 ergo
2301 2921 2406 2974 vita
2450 2930 2631 2976 nostra
2661 2922 2744 2977 via
2774 2933 2880 2988 est,
2911 2924 3016 2978 alio
3057 2936 3295 2994 tempore
3321 2927 3486 2983 alium

1918 3012 2214 3080 excipiens,
2246 3021 2299 3065 et
2330 3012 2380 3065 in
2411 3028 2512 3082 qua
2544 3013 2644 3066 sibi
2676 3014 2903 3068 invicem
2932 3017 3229 3069 succedunt
3260 3019 3490 3074 omnes?

1919 3098 2112 3153 Beatus
2151 3105 2325 3169 itaque
2358 3104 2448 3170 qui
2477 3103 2533 3154 in
2566 3103 2644 3155 via
2677 3113 3011 3169 peccatorum
3035 3102 3143 3172 95
3181 3120 3280 3156 non
3319 3107 3484 3158 stetit.

249 3197 324 3248 T6
357 3196 433 3260 δὲ,
477 3198 596 3248 Οὐκ
625 3195 794 3260 ἔστη,
827 3195 877 3247 τί
924 3197 1110 3258 ὲστιν;
1161 3195 1277 3247 Ἔτι
1313 3196 1403 3248 ἐπὶ
1449 3197 1545 3266 τῆς
1594 3196 1815 3268 πρώτης

1922 3190 2052 3244 Illud
2101 3202 2301 3255 autem,
2346 3193 2469 3245 Non
2527 3194 2690 3257 stetit,
2743 3194 2870 3262 quid
2928 3193 3029 3248 sibi
3083 3194 3234 3247 vult?
3267 3193 3400 3249 Dum
3431 3196 3488 3251 in

249 3287 466 3356 ἡλικίας
492 3287 640 3347 ὄντες
672 3287 720 3336 οἱ
750 3284 1046 3356 ἄνθρωποι,
1078 3285 1199 3339 οὔτε
1229 3288 1286 3339 ὲν
1311 3288 1477 3360 κακία
1494 3290 1678 3359 ἐσμὲν,
1697 3287 1815 3342 οὗτε

248 3381 309 3431 ἐν
346 3380 510 3448 ἀρετῇ
542 3378 908 3446 (άνεπίδεκτος
946 3379 1054 3450 γὰρ
1087 3381 1119 3450 ἡ
1154 3381 1336 3451 ἡλικία
1368 3381 1466 3449 τῆς
1493 3381 1657 3444 ἓξεως
1690 3383 1818 3433 ἑκα-

247 3468 434 3540 τέρας)
463 3485 475 3498 ·
506 3468 724 3521 ἐπειδάν
772 3469 826 3521 δὲ
856 3472 884 3522 6
918 3469 1071 3537 λόγος
1093 3470 1249 3540 ἡμῶν
1279 3471 1671 3542 συμπληρωθῇ,
1701 3473 1818 3525 τότε

247 3559 458 3628 γίνεται
486 3559 544 3611 τὸ
574 3560 951 3633 γεγραμμένον
974 3577 987 3590 ⁸
1045 3561 1373 3627 Ἐλθούσης
1401 3561 1468 3613 δὲ
1511 3561 1620 3629 τῆς
1663 3563 1821 3616 ἐντο-

246 3652 402 3720 λῆς,
461 3655 497 3720 ἠ
546 3654 798 3721 ἁμαρτία
850 3654 1168 3721 ἀνέζησεν,
1218 3654 1332 3722 ἐγὼ
1380 3653 1447 3706 δὲ
1496 3654 1815 3709 ἀπέῡανον.

264 3743 711 3797 Ἐπανατέλλουσι
740 3745 847 3814 γὰρ
864 3745 1110 3813 λογισμοὶ
1137 3744 1384 3813 πονηροὶ,
1405 3745 1467 3796 ὲκ
1488 3745 1594 3797 τῶν
1635 3747 1821 3801 παθῶν

248 3837 349 3904 τῆς
381 3836 579 3906 σαρκὸς
610 3840 727 3900 ταῖς
748 3837 946 3906 ψυχαῖς
971 3835 1125 3904 ἡμῶν
1163 3835 1547 3904 ἐντικτόμενοι.
1594 3836 1684 3907 Τῷ
1706 3838 1818 3890 ὄντι

248 3928 358 3996 γὰρ
403 3926 628 3979 ἐλθοῦσα
659 3929 690 3996 ἡ
719 3926 926 3995 ἐντολὴ,
982 3926 1256 3978 τουτέστιν
1301 3930 1332 3996 ὴ
1382 3926 1680 3993 διάγνωσις
1710 3927 1818 3980 τῶν

251 4018 453 4081 καλῶν,
491 4017 586 4068 ἐὰν
619 4017 691 4086 μὴ
721 4018 1112 4089 κατακρατὴσῃ
1143 4017 1236 4070 τοῦ
1273 4019 1510 4088 χείρονος
1538 4018 1818 4089 λογισμοῦ,

251 4108 389 4162 ἀλλὰ
424 4108 752 4179 συγχωρήσῃ
788 4108 890 4160 ὑπὸ
919 4107 1024 4160 τῶν
1059 4107 1245 4162 παθῶν
1269 4110 1820 4182 ἐξανδραποδισθῆναι

250 4202 342 4253 τὸν
369 4201 656 4271 λογισμόν·
684 4201 913 4272 ἁνέζησε
950 4202 1048 4273 μὲν
1083 4203 1115 4273 ἠ
1159 4202 1421 4274 ἁμαρτία,
1447 4203 1681 4257 ἀπέθανε
1710 4205 1765 4257 δὲ
1793 4207 1822 4258 6

250 4287 396 4351 νοῦς,
425 4289 614 4357 νεκρὸς
650 4291 934 4358 γενόμενος
961 4293 1070 4353 τοῖς
1095 4292 1515 4363 παραπτώμασι.
1541 4295 1822 4364 Μακάριος

251 4375 344 4431 οὖν
367 4383 393 4430 6
422 4380 494 4449 μὴ
524 4381 840 4451 ἐγχρονίσας
864 4384 929 4451 τῇ
952 4381 1054 4451 ὁδῷ
1081 4382 1188 4433 τῶν
1235 4384 1655 4452 ἁμαρτανόντων
1685 4386 1819 4456 (23),

251 4471 388 4524 ἀλλὰ
424 4472 665 4541 λογισμῷ
707 4473 934 4542 βελτίονι
991 4474 1127 4542 πρὸς
1173 4473 1268 4544 τὴν
1309 4474 1503 4543 εὐσεϐῆ
1548 4477 1821 4530 πολιτείαν

1922 3284 2089 3354 prima
2123 3285 2297 3338 adhuc
2332 3285 2675 3340 consistimus
2725 3295 2904 3349 aetate,
2942 3300 3042 3341 nec
3089 3286 3341 3356 improbi,
3389 3301 3489 3342 nec

1922 3377 2119 3428 virtute
2151 3376 2358 3443 praediti
2396 3392 2580 3431 sumus
2610 3375 2694 3447 (ea
2720 3377 2864 3430 enim
2896 3386 3026 3431 aetas
3057 3377 3274 3431 habitus
3293 3375 3492 3433 utrius-

1921 3482 2025 3536 que
2062 3481 2229 3535 capax
2277 3483 2382 3521 non
2422 3471 2559 3538 est);
2592 3468 2683 3522 sed
2718 3479 3070 3536 posteaquam
3121 3472 3256 3524 ratio
3300 3484 3486 3526 nostra

1922 3559 2154 3627 perlecta
2182 3568 2264 3614 est
2284 3568 2446 3627 atque
2476 3559 2766 3624 cumulata,
2800 3573 2929 3614 tunc
2962 3560 3022 3613 (it
3055 3562 3197 3630 quod
3227 3567 3490 3633 scriptum

1924 3661 2008 3705 est
2035 3665 2049 3703 :
2076 3651 2141 3702 At
2178 3666 2294 3703 cum
2328 3649 2546 3703 uenisset
2590 3650 2914 3716 mandatum,
2969 3661 3235 3719 peccatum
3284 3654 3491 3721 reuixit,

1923 3761 2015 3812 ego
2065 3753 2239 3796 autent
2268 3754 2505 3795 mortuus
2540 3759 2653 3795 sum
2676 3742 2743 3796 ”.
2769 3742 3028 3797 Oriuntur
3047 3744 3188 3795 enim
3227 3744 3378 3797 mala)
3401 3760 3493 3799 co-

1922 3837 2223 3906 gitationcs,
2265 3851 2382 3904 quae
2423 3851 2488 3890 ex
2533 3835 2715 3889 carnis
2745 3833 3137 3903 cupiditatibus
3190 3835 3242 3888 in
3286 3835 3488 3892 animis

1924 3927 2119 3980 nostris
2155 3935 2500 3993 generantur.
2544 3923 2675 3977 Nam
2724 3925 2904 3992 reipsa
2953 3925 3041 3980 ubi
3076 3927 3222 3980 venit
3269 3928 3493 3981 manda-

1924 4028 2057 4080 tum,
2088 4019 2192 4072 hoc
2224 4024 2326 4078 est,
2362 4015 2485 4070 boni
2527 4016 2848 4086 honestique
2882 4017 3164 4084 judicium,
3198 4017 3240 4070 si
3285 4020 3492 4087 cogita-

1925 4111 2122 4163 tionem
2159 4107 2396 4178 pcjorem
2427 4121 2530 4161 non
2575 4107 2790 4173 vicerit,
2826 4108 2918 4161 sed
2951 4122 2978 4160 a
3004 4106 3183 4177 pravis
3216 4106 3494 4164 aﬂectibus

1922 4204 2157 4256 animum
2204 4201 2256 4255 in
2290 4201 2603 4256 servitutem
2639 4201 2806 4270 redigi
2852 4201 3084 4254 siverit:
3127 4202 3322 4257 revixit
3364 4200 3491 4270 qui-

1921 4296 2039 4348 dem
2066 4302 2368 4365 peccatum,
2404 4308 2553 4348 mens
2594 4308 2723 4347 vero
2752 4292 2985 4362 peccatis
3021 4292 3340 4360 interempta
3375 4308 3492 4346 mo-

1925 4389 2080 4441 ritur.
2118 4387 2313 4441 Beatus
2350 4386 2532 4455 igitur,
2582 4385 2672 4452 qui
2726 4385 2779 4437 in
2833 4383 2921 4437 via
2984 4392 3330 4452 peccatorum
3382 4400 3491 4441 non

1924 4479 2238 4533 immoratus
2278 4486 2383 4540 est,
2426 4478 2518 4530 sed
2562 4475 2779 4530 saniore
2823 4474 3048 4530 consilio
3081 4475 3147 4529 ad
3180 4476 3321 4546 piam
3358 4493 3492 4532 con-

253 4563 660 4634 μεταπηδὴσας.
699 4565 801 4616 Δύο
823 4566 930 4635 γάρ
964 4567 1101 4619 εἰσιν
1126 4564 1234 4617 ὁδοὶ
1275 4567 1513 4619 ἐναντίαι
1547 4566 1816 4637 ἀλλήλαις·

1927 4569 2284 4623 versationem
2317 4581 2376 4622 se
2422 4567 2645 4637 recepit.
2681 4566 2808 4620 Duae
2855 4581 3088 4636 namque
3127 4577 3252 4621 sunt
3287 4567 3390 4623 vite
3419 4568 3496 4623 in-

249 4654 287 4725 ἠ
325 4655 420 4725 μὲν
454 4653 680 4706 πλατεῖα
695 4657 786 4707 καὶ
807 4657 1136 4727 εὐρύχωρος,
1170 4656 1277 4727 ἡδὲ
1303 4658 1461 4727 στενὴ
1493 4659 1585 4711 καὶ
1605 4657 1820 4730 τεθλιμ-

255 4749 412 4819 μένη.
462 4749 570 4802 Καὶ
609 4747 700 4800 δύο
739 4748 942 4818 ὁδηγοὶ,
980 4750 1238 4820 ἑκάτερος
1285 4750 1420 4821 πρὸς
1471 4749 1659 4802 ἑαυτὸν
1697 4752 1818 4802 ἐπι-

253 4843 506 4910 στρέφειν
541 4842 651 4912 (24)
686 4841 997 4912 ἐπιχειρῶν.
1029 4844 1177 4912 Ἔχει
1221 4838 1312 4895 οὖν
1345 4846 1376 4913 ἠ
1418 4843 1514 4913 μὲν
1557 4841 1672 4895 λεία
1704 4843 1820 4907 666;

252 4935 345 4987 καὶ
379 4935 587 5004 πρανὴς
622 4936 732 5006 (25)
765 4934 953 5006 ὁδηγὸν
984 4934 1278 5006 ἀπατηλὸν,
1309 4935 1533 5004 δαίμονα
1562 4938 1814 5005 πονηρὸν,

247 5027 316 5078 δι’
351 5026 543 5096 ἡδονῆς
578 5027 714 5095 πρὸς
743 5027 840 5097 τὴν
883 5025 1156 5079 ἀπώλειαν
1198 5027 1323 5089 τοὺς
1372 5025 1669 5095 ἑπομένους
1700 5027 1817 5078 ἐπι-

250 5119 574 5188 συρόμενον·
610 5119 641 5188 ἡ
673 5119 728 5171 δὲ
760 5122 989 5189 τραχεῖα
1029 5118 1123 5172 καὶ
1164 5118 1397 5189 ἀνάντης
1428 5116 1654 5185 ἄγγελον
1683 5119 1817 5186 ἀγα-

249 5209 360 5266 θὸν.
391 5211 478 5263 διὰ
497 5211 605 5266 τῶν
635 5211 904 5264 ἐπιπόνων
936 5213 1034 5280 τῆς
1068 5210 1269 5282 ἀρετῆς
1298 5209 1434 5280 πρὸς
1467 5210 1526 5261 τὸ
1550 5208 1816 5278 μακάριον

323 5355 366 5387 ³³
400 5355 557 5411 ROm.
586 5373 680 5422 VII,
717 5358 769 5412 9.

322 5536 436 5605 (l9)
474 5533 609 5587 Editi
637 5533 1004 5605 ἐπειγόμενοι.
1041 5530 1109 5587 At
1157 5547 1286 5588 mss.
1323 5542 1556 5599 quatuor
1601 5528 1812 5595 ἐπειγό-

252 5622 435 5744 μεᾶδδ
477 5673 566 5728 Sic
585 5674 750 5730 editio
780 5673 938 5728 Basil.
975 5673 1299 5744 cumtribns
1347 5686 1475 5744 mss.
1511 5669 1638 5723 Illud
1663 5710 1678 5734 ,
1720 5666 1812 5719 καὶ

251 5742 525 5814 σκόλοψιν,
553 5746 603 5798 in
635 5744 868 5799 editione
898 5744 1068 5798 Paris.
1097 5742 1528 5814 desiderabatur.

322 5809 438 5899 (2η
464 5817 552 5870 Sic
617 5831 744 5872 mss.
794 5825 1045 5884 quatuor.
1104 5813 1276 5868 Etlitio
1334 5810 1506 5866 Paris.
1555 5809 1811 5879 ὀνόματα,

249 5905 471 5948 μουτων.

1930 4672 2008 4714 ter
2049 4673 2107 4714 se
2151 4659 2476 4715 contrarize:
2509 4675 2611 4715 una
2643 4659 2751 4714 lata
2800 4668 2855 4715 et
2902 4659 3156 4729 spatiosa,
3189 4659 3356 4713 altera
3397 4675 3494 4715 an-

1927 4763 2078 4822 gusta
2103 4762 2158 4806 et
2185 4763 2476 4808 coarctata.
2521 4754 2633 4806 Duo
2680 4754 2842 4805 etiam
2874 4761 3001 4806 sunt
3025 4752 3122 4806 via:
3152 4753 3337 4818 duces,
3357 4767 3494 4824 quo-

1929 4859 2047 4897 rmn
2102 4853 2330 4912 uterque
2379 4842 2640 4895 viatorem
2697 4841 2763 4894 ad
2827 4855 2885 4896 se
2931 4840 3204 4896 attrahere
3241 4854 3490 4897 conatur.

1930 4934 2092 4988 Plana
2124 4937 2337 5004 quidem
2357 4945 2411 4988 et
2435 4933 2656 4988 declivis
2686 4934 2772 4988 via
2805 4935 2969 4988 habet
2997 4933 3239 4987 fallacem
3275 4935 3491 5000 ducem,

1924 5025 2123 5078 malum
2170 5024 2466 5078 daemonem
2498 5023 2588 5093 qui
2622 5039 2715 5077 cos
2753 5023 2843 5092 qui
2881 5039 2940 5078 se
2968 5034 3288 5091 sequuntur,
3319 5025 3370 5078 in
3409 5025 3493 5079 in-

1925 5117 2140 5169 teritum
2180 5129 2276 5184 per
2322 5115 2647 5186 voluptatem
2701 5116 2907 5168 trahit:
2937 5130 3125 5185 aspera
3161 5132 3285 5171 vero
3318 5127 3375 5172 et
3404 5133 3487 5171 ar-

1927 5208 2025 5260 dua
2053 5207 2162 5269 via,
2199 5209 2395 5262 bonum
2427 5208 2696 5276 angelum,
2725 5209 2817 5277 qui
2839 5222 3099 5278 sequaces
3130 5223 3253 5262 suos
3285 5227 3378 5280 por
3413 5209 3493 5264 la-

1985 5528 2095 5599 (22)
2129 5528 2216 5582 Sic
2245 5542 2372 5582 mss.
2404 5527 2636 5598 plurimi.
2663 5531 2817 5582 Deest
2849 5526 2940 5580 οὖν
2973 5529 3022 5581 in
3055 5532 3117 5582 cd
3146 5530 3286 5584 tione
3318 5529 3488 5585 Paris.

1986 5601 2099 5670 ('25)
2132 5599 2264 5670 Reg.
2294 5601 2565 5651 secundus
2591 5599 2698 5670 τῶν
2725 5599 3083 5668 ἁμαρτωλῶν.

1984 5668 2095 5740 (24)
2149 5669 2340 5721 Nostra
2401 5670 2566 5722 editio
2605 5668 2774 5723 Paris.
2830 5671 3164 5739 ἐπιτρέφειν.
3231 5670 3296 5722 At
3357 5688 3486 5724 mss.

1912 5739 2283 5809 ἐπιστρέφειν.

1987 5807 2096 5878 (25)
2133 5808 2306 5862 Editio
2335 5815 2562 5878 utraque
2595 5807 2762 5865 Basil.
2793 5819 2845 5864 et
2880 5810 3053 5862 Paris.
3077 5808 3191 5872 662-;
3225 5811 3318 5862 καὶ
3348 5811 3476 5865 πλα-

1912 5883 2030 5935 τεῖα
2055 5876 2146 5933 καὶ
2177 5878 2405 5946 πρανής.
2445 5876 2668 5936 Brcvius
2706 5896 2830 5937 mss.
2863 5881 2977 5942 ὁδὸς
3008 5881 3098 5932 καὶ
3127 5883 3358 5950 πρανὴς-
