4062 6434
626 364 734 420 223

1933 357 1991 414 S.
2032 357 2277 414 BASlLll
2321 353 2540 412 HAGNI

3775 353 3883 408 22$

625 476 843 530 boriosa
876 471 1088 526 virtutis
1123 469 1382 525 exercitia
1433 470 1499 524 ad
1553 469 1766 524 beatum
1804 469 1961 524 tinem
1997 473 2183 540 perdu-

2292 469 2444 532 τέλος
2478 468 2605 531 τοὺς
2647 469 2943 539 ἑπομένους
2985 468 3209 537 ἄγοντα.
3241 468 3384 531 Ἕως
3421 468 3520 538 μὲν
3552 465 3651 523 οὖν
3683 470 3884 541 νήπιός

620 567 718 622 cit.
747 567 877 620 Dum
913 564 1077 632 igitur
1111 564 1340 634 quisque
1373 571 1618 617 nostrum
1653 575 1788 630 puer
1815 572 1918 624 eat,
1953 576 2188 631 przesen-

622 667 703 712 tes
737 657 1079 726 persequitur
1105 655 1428 724 voluptates,
1465 667 1637 722 neque
1666 654 1830 706 habet
1859 653 2021 705 ullam
2053 663 2190 706 tem-

623 748 769 816 poris
807 745 972 799 futuri
1017 747 1326 810 rationem,
1369 759 1544 812 neque
1590 757 1774 796 curam
1811 743 1961 812 :jant
2010 752 2190 796 autem

624 841 709 894 vir
744 840 940 902 lactus,
973 850 1086 908 post
1107 840 1292 908 judicii
1339 839 1747 908 perfectionem,
1775 837 1954 891 videre
1981 837 2080 891 sibi
2114 836 2193 889 vi-

620 933 777 985 detur
813 933 976 984 vitam
1015 933 1064 984 in
1099 933 1354 984 virtutem
1397 940 1452 984 et
1496 931 1685 984 vitium
1732 927 1992 990 divisam;
2024 938 2192 995 atque

619 1023 791 1077 oculis
825 1022 989 1074 animi
1030 1025 1080 1074 in
1116 1032 1410 1090 utrumque
1447 1035 1587 1090 saepe
1628 1019 1910 1087 conjectis,
1942 1019 2190 1088 proprie-

623 1121 760 1166 tates
812 1111 1093 1178 utriusque
1157 1111 1298 1163 inter
1336 1124 1395 1163 se
1452 1109 1736 1178 aequaliter
1782 1109 2025 1163 diversas
2069 1123 2190 1163 esse

613 1201 841 1269 judicat.
877 1201 941 1255 Et
983 1201 1201 1269 quidem
1237 1210 1581 1270 peccatorum
1631 1201 1738 1255 vita
1779 1201 2015 1256 ostendit
2051 1215 2188 1254 cun-

619 1301 737 1345 ctas
789 1293 1068 1361 prmsentis
1121 1291 1300 1344 saeculi
1362 1291 1661 1360 voluptates
1707 1291 2015 1360 :justorum
2061 1305 2188 1344 vero

617 1384 754 1447 vita,
795 1383 906 1437 sola
955 1382 1118 1436 futuri
1172 1382 1271 1436 :evi
1309 1384 1446 1437 bona
1492 1393 1901 1438 conunonstrat.
1937 1381 2002 1436 Et
2044 1393 2188 1438 certe

617 1477 996 1531 salvandorum
1045 1478 1128 1528 via
1179 1487 1381 1545 quanto
1439 1477 1747 1546 pulchriora
1795 1477 2078 1546 pollicetur
2104 1478 2188 1530 fu-

620 1578 760 1629 tura,
798 1576 946 1620 tanto
997 1567 1346 1620 laboriosiora
1395 1568 1616 1621 exhibet
1679 1567 2004 1634 praesentia:
2039 1568 2189 1620 volu-

615 1658 789 1727 ptaria
819 1668 996 1711 autem
1024 1667 1077 1710 et
1109 1657 1316 1725 impura
1347 1658 1452 1710 vita
1489 1657 1667 1710 nonin
1701 1667 1974 1725 posterum
2003 1673 2191 1726 exspe-

616 1750 864 1813 ctandas,
896 1750 989 1803 sed
1035 1749 1148 1815 jam
1182 1759 1473 1815 praesentes
1524 1748 1744 1803 delicias
1775 1750 2048 1818 pr0ponit.
2086 1749 2191 1802 Ita-

2292 561 2438 612 ἐστιν
2469 558 2700 620 ἕκαστος
2740 557 2914 626 ἡμῶν,
2948 557 3011 609 τὸ
3042 559 3100 610 ὲν
3133 556 3211 628 τῷ
3237 558 3464 628 παρόντι
3494 557 3593 628 ἡδὺ
3635 557 3879 623 διώκων,

2291 649 2545 718 οὐδεμίαν
2587 647 2682 700 τοῦ
2729 646 3014 717 μέλλοντος
3052 646 3377 718 κηδεμονίαν
3419 651 3661 701 ποιεῖται
3685 665 3698 678 ⁸
3737 650 3882 719 ἀνὴρ

2289 739 2346 791 δὲ
2367 738 2465 809 ἤδη
2498 736 2808 806 γενόμενος,
2836 737 2973 808 μετὰ
2995 737 3084 790 τὸν
3109 736 3456 808 ἀπαρτισμὸν
3484 739 3592 791 τῶν
3625 739 3879 800 ἐννοιῶν,

2291 824 2401 882 οἷον
2435 830 2568 898 όρᾷν
2610 828 2758 881 δοκεί
2783 829 2870 882 τὸν
2903 829 3015 898 βίον
3042 829 3189 898 αὐτῷ
3221 829 3538 898 σχιζόμενον
3569 832 3710 901 πρὸς
3748 833 3880 901 ἁρε-

2291 919 2387 990 τὴν
2431 921 2523 973 καὶ
2567 921 2788 984 κακίαν,
2835 921 2929 974 καὶ
2964 923 3142 976 πυκνὰ
3175 922 3286 991 (26)
3341 923 3470 993 πρὸς
3515 923 3785 994 ἑκάτερον
3818 924 3879 974 τὸ

2292 1009 2446 1079 ὄμμα
2477 1012 2573 1081 τῆς
2598 1011 2777 1082 ψυχῆς
2810 1014 3220 1084 μεταστρέφων,
3255 1013 3573 1084 παράλληλα
3605 1015 3788 1080 κρίνει
3809 1017 3878 1069 τὰ

2293 1102 2540 1172 ἑκατέρῳ
2574 1104 2865 1173 προσόντα.
2911 1104 3019 1157 Καὶ
3055 1108 3083 1158 ό
3121 1106 3220 1175 μὲν
3242 1106 3350 1159 τῶν
3388 1107 3734 1178 ἁμαρτωλῶν
3764 1108 3877 1176 βίος

2293 1193 2469 1247 πάντα
2493 1194 2726 1248 δείκνυσι
2749 1195 2818 1250 τὰ
2838 1196 2932 1250 τοῦ
2959 1198 3224 1266 παρόντος
3258 1198 3447 1261 αἰῶνος
3485 1215 3540 1250 τε
3552 1199 3728 1268 ρπνὰ·
3759 1202 3789 1251 ό
3819 1199 3875 1251 δὲ

2289 1283 2398 1336 τῶν
2411 1283 2656 1350 δικαίων,
2697 1286 2834 1355 μόνα
2855 1287 3222 1356 ὑποφαίνειτὰ
3242 1288 3332 1340 τοῦ
3365 1289 3650 1360 μέλλοντος
3668 1289 3870 1356 ἀγαθά.

2290 1376 2399 1429 Καὶ⁸
2433 1377 2466 1446 ἡ
2505 1375 2604 1446 μὲν
2629 1376 2737 1428 τῶν
2780 1377 3096 1447 σωζομένων
3122 1378 3238 1442 ὁδός
3263 1379 3385 1431 ὅσον
3419 1379 3559 1431 καλᾶ
3588 1379 3876 1448 ὑπισχνεῐο

2287 1483 2377 1520 ται
2409 1467 2477 1520 τὰ
2527 1466 2810 1537 μέλλοντα,
2857 1468 3108 1524 τοσοῦτον
3158 1470 3390 1524 ἐπίπονα
3448 1471 3752 1540 παρέχεται
3807 1470 3874 1523 τὰ

2290 1560 2533 1632 παρόντα
2553 1576 2566 1588 ο
2601 1561 2630 1612 ό
2654 1559 2710 1611 δὲ
2733 1560 2862 1630 ἡδὺς
2893 1560 2986 1613 καὶ
3016 1563 3310 1625 ἀκόλαστος
3347 1562 3459 1632 βίος
3489 1563 3610 1632 οὐχὶ
3645 1562 3876 1631 προσδο-

2289 1652 2544 1722 κωμένην
2588 1653 2668 1714 εἰς
2706 1650 2956 1722 ὕστερον,
2993 1651 3106 1704 ἀλλ’
3139 1653 3238 1724 ἢδη
3283 1654 3562 1724 παροῦσαν
3590 1655 3875 1724 προτείνε-

2288 1760 2376 1796 ται
2402 1743 2512 1812 (27)
2540 1745 2638 1812 τὴν
2666 1743 2986 1797 ἀπόλαυσιν.
3033 1742 3258 1815 Ἰλιγγιᾷ
3285 1741 3374 1797 οὖν
3401 1747 3550 1798 πᾶσα
3578 1745 3748 1816 ψυχὴ,
3777 1745 3874 1798 καί

616 1855 722 1908 que
743 1839 1004 1907 vertigine
1036 1839 1243 1892 laborat
1275 1839 1452 1890 anima
1481 1838 1679 1904 omnis,
1717 1849 1881 1907 atque
1915 1838 2183 1892 titubanti-

2294 1836 2613 1903 μετοκλάζει
2661 1839 2773 1899 τοῖς
2817 1836 3118 1906 λογισμοῖς,
3173 1838 3298 1889 ὅταν
3333 1837 3431 1906 μὲν
3475 1839 3758 1907 ἐνθυμηθῇ
3805 1838 3872 1891 τὰ

615 1932 718 1986 bus
772 1931 1189 2000 cogitationibus
1251 1931 1673 2000 agitaturzcum
1733 1929 1948 1998 quidem
2006 1945 2185 1984 secum

620 2024 847 2078 revolvit
881 2035 1100 2088 aeterna,
1147 2025 1298 2090 eligit
1341 2024 1616 2086 virtutem,
1658 2037 1778 2074 cum
1809 2039 1935 2077 vero
1968 2024 2188 2091 respicit

615 2118 682 2170 ad
705 2118 1013 2185 prazsentia,
1055 2115 1380 2182 voluptatem
1418 2114 1655 2181 prefert.
1687 2115 1783 2169 llic
1825 2116 2019 2170 bonam
2055 2132 2180 2170 cor-

619 2211 764 2279 poris
797 2208 1162 2263 habitudinem
1191 2209 1474 2277 conspicit,
1509 2208 1580 2262 ibi
1605 2211 1786 2264 carnis
1822 2212 2134 2266 servitutem
2167 2231 2180 2268 :

618 2302 705 2371 hic
727 2302 1068 2364 fbl'it'lalClll,
1109 2301 1178 2354 ibi
1209 2301 1471 2370 jejunium
1508 2316 1521 2352 :
1554 2300 1643 2354 hic
1666 2304 1963 2357 cachinnos
1991 2303 2186 2357 immo-

615 2391 787 2457 dicos,
809 2393 876 2446 ibi
904 2392 1168 2460 plurimas
1202 2392 1510 2463 lacrymas:
1542 2393 1630 2446 hic
1677 2393 2042 2458 saltationem,
2075 2395 2185 2450 illic

618 2496 990 2550 precationem
1017 2498 1028 2533 :
1060 2483 1148 2537 hic
1190 2484 1375 2547 tibias,
1417 2483 1526 2536 illic
1569 2486 1840 2553 gemitus:
1868 2486 1956 2539 hic
1979 2498 2186 2539 scorta-

619 2575 844 2638 tionetn,
877 2574 986 2626 illic.
1010 2575 1393 2643 virginitatem.
1425 2573 1689 2639 Quoniam
1719 2576 1879 2644 igitur
1895 2578 2036 2645 quod
2062 2591 2185 2628 vere

616 2663 814 2719 bonum
847 2673 948 2725 est.
992 2665 1045 2717 id
1090 2665 1351 2718 duntaxat
1383 2668 1594 2720 ratione
1623 2681 1719 2736 per
1749 2668 1904 2720 iidem
1938 2682 2184 2735 compre-

617 2757 775 2810 hendi
831 2765 1004 2824 potest
1052 2755 1230 2823 (longe
1257 2754 1398 2808 enim
1443 2757 1616 2818 abest,
1654 2770 1752 2809 nec
1805 2755 1937 2808 vidit
1971 2756 2182 2820 oeulos,

615 2860 716 2900 nec
761 2848 911 2898 auris
945 2844 1254 2914 audivit“),
1283 2847 1486 2915 peccati
1536 2860 1664 2898 vero
1716 2840 1955 2899 suavitas
2002 2861 2182 2914 prout-

617 2943 786 3000 ptam,
815 2943 868 2985 et
897 2949 990 3001 per
1013 2947 1203 2986 omnes
1237 2948 1428 2986 sensus
1459 2934 1706 2986 liuentem
1734 2936 2054 3002 voluptatem
2087 2937 2183 2990 ha-

616 3026 736 3088 bet;
780 3024 982 3077 idcirco
1030 3026 1254 3088 beatus,
1289 3026 1378 3094 qui
1431 3037 1648 3094 propter
1680 3027 1962 3095 voluptatis
2004 3028 2183 3082 illece-

616 3115 740 3170 bras
770 3131 873 3168 non
905 3115 1164 3170 deductus
1189 3125 1271 3169 est
1298 3117 1364 3170 ad
1410 3118 1709 3182 interitum,
1744 3121 1838 3173 sed
1870 3135 2018 3188 spem
2047 3122 2182 3173 salu-

2291 1926 2503 1996 αἱὼνια,
2538 1927 2635 1998 τὴν
2668 1929 2869 2000 ἀρετὴν
2921 1929 3240 2000 αίρουμένη,
3294 1930 3422 1981 ὃταν
3469 1928 3526 1981 δὲ
3583 1931 3872 2001 ἀποϐλέψῃ

2291 2017 2423 2087 πρὸς
2451 2020 2518 2072 τὰ
2549 2023 2812 2091 παρόντα,
2846 2021 2940 2093 τὴν
2969 2023 3162 2093 ἡδονὴν
3195 2020 3534 2093 προτιμῶσα.
3564 2015 3694 2072 Ὧδε
3745 2021 3872 2089 βλέ-

2287 2129 2380 2163 πει
2435 2113 2637 2182 σαρκὸς
2687 2114 3004 2178 εὐπάθειαν,
3055 2117 3170 2168 ἐκεῖ
3220 2113 3591 2182 δουλαγωγίαν
3628 2123 3866 2184 σαρκός·

2283 2197 2385 2257 ὧδε
2435 2205 2626 2276 μέθην,
2675 2207 2790 2258 ἐκεῖ
2823 2207 3105 2273 νηστείαν·
3144 2202 3244 2259 ὧδε
3291 2207 3532 2274 γέλωτας
3575 2208 3863 2275 ἀκρατεῖς,

2285 2296 2400 2348 ἐκεῖ
2428 2295 2662 2366 δάκρυον
2695 2295 2911 2364 δαψιλές
2939 2315 2951 2326 ’
2982 2295 3213 2348 ἐνταῦθα
3241 2297 3484 2367 ὄρχησιν,
3521 2298 3687 2350 κάκεῖ
3708 2314 3873 2369 προσι

2285 2389 2481 2457 ευχήνο
2525 2388 2722 2451 αὐλοὺς
2771 2382 2892 2448 ὧδε,
2949 2389 3110 2441 κάκεῖ
3162 2389 3532 2458 στεναγμούς·
3585 2383 3691 2443 ὧδε
3729 2408 3868 2461 πορ-

2283 2479 2452 2542 νείαν,
2489 2480 2650 2532 κάκεῖ
2687 2481 3003 2551 παρθενίαν.
3049 2481 3201 2534 Ἐπεὶ
3235 2477 3326 2534 οὖν
3363 2482 3422 2534 τὸ
3460 2482 3559 2552 μὲν
3593 2482 3872 2552 ἀληθινῶς

2284 2569 2484 2636 ἀγαθὸν
2531 2570 2773 2640 λογισμῷ
2814 2572 3017 2640 ληπτόν
3057 2577 3172 2626 ἐστι
3205 2574 3292 2628 διὰ
3339 2574 3576 2638 πίστεως
3616 2576 3868 2646 (μακρὰν

2283 2660 2390 2731 γὰρ
2424 2660 2754 2730 ἀπῴκισται,
2787 2663 2879 2714 καὶ
2913 2663 3187 2732 ὀφθαλμὸς
3231 2667 3330 2717 οὐκ
3360 2662 3486 2730 εἶδε,
3511 2668 3606 2718 καὶ
3637 2663 3734 2729 οὖς
3767 2669 3870 2720 οὐκ

2283 2753 2525 2823 ἢκουσε),
2552 2754 2612 2806 τὸ
2641 2753 2698 2806 δὲ
2729 2752 2827 2823 τῆς
2857 2754 3130 2824 ἁμαρτίας
3170 2755 3264 2825 ἡδὺ
3301 2758 3589 2826 πρόχειρον
3628 2758 3746 2826 ἔχει
3772 2756 3870 2810 καὶ

2281 2843 2370 2896 διὰ
2398 2844 2576 2916 πάσης
2607 2844 2913 2914 αἰσθήσεως
2944 2845 3170 2914 ῥέουσαν
3195 2846 3294 2916 τὴν
3316 2846 3642 2898 ἀπόλαυσιν·
3687 2849 3868 2916 μακαο

2285 2955 2396 3007 ριος
2431 2940 2458 2990 ό
2498 2939 2572 3008 μὴ
2614 2939 2977 3011 περιτραπεὶς
3012 2939 3074 2991 ἐκ
3130 2937 3240 3007 (28)
3273 2936 3379 2989 τῶν
3415 2937 3513 3007 τῆς
3555 2937 3752 3008 ἡδονῆς
3778 2939 3866 2991 δε·-

2281 3029 2603 3098 λεασμὰτων
2635 3031 2772 3101 πρὸς
2818 3030 2918 3102 τὴν
2952 3029 3252 3090 ἀπώλειαν.
3305 3027 3442 3082 ἀλλὰ
3485 3028 3550 3081 δι’
3588 3031 3869 3101 ὑπομονῆς

2281 3119 2378 3189 τὴν
2412 3119 2600 3172 ἐλπίδα
2638 3121 2735 3192 τῆς
2765 3121 3036 3192 σωτηρίας
3079 3120 3536 3192 ἀπεκδεχόμενος,
3572 3121 3669 3174 καὶ
3708 3124 3764 3174 ἐν
3797 3126 3864 3194 τῇ

620 3206 692 3259 tis
719 3215 993 3275 exspectat
1020 3221 1113 3274 per
1147 3206 1479 3273 patientiam,
1513 3224 1576 3259 ac
1639 3210 1690 3260 in
1729 3223 1956 3278 utraque
1983 3212 2066 3263 via
2101 3227 2180 3266 se-

2283 3211 2478 3282 ἐκλογῇ
2512 3211 2618 3264 τῶν
2652 3212 2784 3264 ὁδῶν
2801 3213 3076 3284 ἑκατέρων
3100 3214 3174 3287 μὴ
3201 3213 3397 3277 ἐπιϐὰς
3420 3217 3519 3285 τῆς
3543 3211 3667 3266 ὀδοῦ
3703 3213 3870 3284 ἀγού-

613 3299 883 3354 dernenda
915 3297 1053 3350 viam
1079 3299 1144 3348 ad
1179 3297 1442 3350 deteriora
1483 3297 1768 3352 ducentem
1801 3315 1903 3352 non
1946 3304 2108 3370 capit.

687 3391 740 3444 6.
789 3387 951 3443 Vsus.
993 3391 1042 3443 l.
1074 3388 1141 3442 Et
1171 3389 1225 3442 in
1251 3389 1504 3443 cathedra
1535 3391 1846 3457 prstilentiw
1877 3408 1979 3445 non
2026 3395 2178 3447 sedit.

615 3481 751 3538 Num
784 3485 901 3538 illas
930 3485 1056 3538 dicit
1087 3485 1394 3550 cathedras,
1426 3486 1476 3538 in
1507 3487 1703 3554 quibus
1740 3498 1924 3542 nostra
1951 3504 2180 3558 corpora

615 3574 781 3644 quieti
824 3573 1046 3626 damus?
1080 3573 1258 3640 Ecqua
1299 3581 1381 3625 est
1422 3571 1546 3640 ligni
1580 3589 1700 3626 cum
1744 3585 1966 3641 peccato
2015 3577 2184 3632 socie-

618 3673 722 3728 tas,
753 3671 810 3716 nt
850 3661 1162 3715 cathedram
1203 3676 1232 3713 a
1270 3669 1559 3731 peccatore
1611 3675 2034 3733 pmoccupatam
2064 3677 2181 3720 tan-

615 3771 775 3824 quam
805 3755 1073 3809 exitialem
1126 3753 1310 3822 lugere
1355 3755 1620 3810 debeam?
1652 3753 1847 3809 Nonne
1879 3756 2086 3810 firmam
2118 3773 2181 3813 ac

616 3845 863 3899 stabilem
889 3845 941 3900 in
966 3847 1076 3898 vitii
1100 3846 1492 3915 approbatione
1517 3862 1722 3900 moram
1737 3847 1847 3919 96
1868 3846 2179 3902 cathedram

615 3936 722 3990 dici
764 3935 917 3990 nobis
943 3940 1235 4004 putandum
1271 3939 1396 3993 est?
1427 3937 1578 4005 Quod
1607 3953 1899 3995 caveamus
1941 3949 2178 4008 oportet,

617 4039 902 4100 propterea
941 4030 1082 4099 quod
1126 4031 1362 4084 studiosa
1395 4033 1448 4086 in
1487 4035 1722 4101 peccatis
1757 4049 1906 4089 mora
1938 4034 2180 4090 habitum

616 4124 900 4194 quemdam
935 4122 1026 4192 qui
1062 4121 1150 4176 vix
1193 4124 1373 4176 excuti
1419 4134 1612 4192 potest,
1641 4128 1690 4179 in
1733 4129 1929 4182 animis
1965 4130 2183 4198 ingenc-

616 4227 720 4271 rat.
752 4214 850 4270 Vix
905 4216 1043 4270 enim
1079 4225 1302 4270 Satiatur
1335 4215 1665 4271 inveteratus
1707 4220 1873 4272 animi
1937 4221 2177 4284 morbus,

615 4310 848 4377 malique
879 4309 1197 4364 exercitatio
1234 4320 1473 4379 tempore
1533 4311 1848 4364 conlirmata
1877 4325 1890 4362 :
1918 4312 2024 4366 imo
2055 4327 2180 4366 vero

615 4401 796 4457 sanari
854 4401 1074 4454 omnino
1105 4415 1208 4453 non
1259 4409 1459 4469 potest,
1492 4401 1536 4455 si
1574 4400 1906 4455 consuetudo
1939 4400 1991 4454 in
2026 4412 2178 4454 natu-

613 4507 730 4550 ram
759 4500 1017 4553 transeat,
1045 4491 1096 4544 id
1130 4492 1270 4559 quod
1296 4492 1611 4562 plerumque
1643 4493 1844 4547 evenit.
1870 4491 2174 4562 Optandum

615 4584 777 4655 igitur
812 4581 996 4648 luerit,
1029 4593 1087 4638 ut
1113 4597 1182 4638 ne
1209 4585 1537 4651 attingamus
1561 4584 1781 4638 malum.
1806 4585 2060 4639 Attamen
2093 4599 2178 4638 se-

613 4678 786 4732 cunda
835 4686 1078 4744 superest
1122 4675 1416 4745 navigatio,
1447 4686 1504 4730 ut
1527 4677 1710 4730 statim
1743 4687 1863 4747 post
1891 4677 2180 4745 experien-

616 4756 770 4823 tiam.
788 4769 916 4822 illud
951 4777 1203 4836 tanquam
1233 4767 1420 4824 bestiae
1458 4779 1734 4822 venenatae
1776 4768 1984 4838 plagam
2011 4766 2178 4822 decli-

615 4874 824 4924 nemus,
855 4863 1151 4916 secundum
1183 4860 1528 4916 Salomonem
1567 4860 1633 4912 de
1677 4860 1913 4928 improba
1951 4858 2177 4913 muliere

613 4951 935 5008 scribentem
963 4969 978 5007 :
1014 4950 1098 5007 Ne
1126 4953 1334 5021 injicias
1371 4951 1582 5006 oculum
1616 4960 1762 5004 tuum
1810 4953 1864 5004 in
1915 4968 2052 5013 eam,
2085 4951 2176 5004 sed

613 5043 792 5110 γαίης
818 5058 881 5097 ne
907 5042 1205 5096 moreris“.
1235 5043 1298 5097 Et
1324 5056 1451 5098 vero
1477 5040 1743 5112 quosdam
1780 5040 1925 5104 novi,
1958 5041 2048 5110 qui
2081 5052 2176 5108 per

685 5199 726 5229 θ’
755 5207 765 5248 t
798 5195 924 5252 (or.
959 5213 1025 5262 tt,
1054 5195 1108 5251 9.
1193 5195 1237 5227 ⁸³
1260 5195 1419 5251 Prov.
1451 5195 1646 5262 tx,18.

681 5359 796 5484 336)
847 5359 949 5414 Pro
989 5357 1168 5412 πυκνά
1217 5356 1411 5426 legitur
1458 5360 1509 5414 in
1569 5358 1840 5427 aliquibus
1887 5373 2013 5413 mss.
2075 5375 2175 5410 πυ-

614 5446 795 5570 xviii)
825 5500 963 5555 Eilit.
1001 5497 1290 5566 προτείνει.
1323 5498 1392 5551 At
1420 5514 1548 5553 mss.
1598 5513 1705 5552 non
1750 5499 1904 5568 pauci
1959 5497 2177 5570 προτεί-

612 5587 797 5710 v‘igg)
826 5639 915 5694 Sic
943 5654 1072 5693 mss.
1103 5638 1340 5708 plurimi.
1374 5635 1575 5693 Vocula
1605 5641 1668 5692 ὲκ
1697 5639 1748 5691 in
1776 5637 1934 5693 editis
1960 5636 2176 5691 deside-

827 5780 964 5836 Edili
991 5780 1098 5834 ἀπὸ
1123 5779 1300 5836 ξύλου.
1326 5782 1391 5835 At
1425 5796 1556 5837 mss.
1585 5778 1691 5834 ἀπὸ
1727 5778 1817 5832 τοῦ
1851 5778 2027 5843 ξύλου.

2284 3317 2382 3370 σης
2415 3304 2506 3354 ἐπὶ
2536 3303 2603 3355 τὰ
2625 3303 2861 3376 χείρονα.

2352 3393 2404 3444 6.
2432 3393 2541 3445 Καὶ
2571 3395 2667 3446 ἐπὶ
2687 3395 2976 3464 καθέδρας
2999 3396 3224 3460 λοιμῶν
3251 3401 3363 3452 οὐκ
3391 3396 3697 3453 ἐκάθισεν.
3720 3394 3868 3469 *Αρα

2280 3485 2510 3548 ταύτας
2544 3485 2689 3553 λέγει
2745 3488 2845 3549 τὰς
2898 3489 3202 3558 καθέδρας,
3254 3492 3337 3559 ἐφ’
3385 3486 3458 3543 ὧν
3508 3491 3868 3561 ἀναπαύομεν

2279 3579 2312 3648 ὴ
2323 3577 2436 3648 μῶν
2456 3576 2524 3629 τὰ
2555 3576 2811 3648 σώματας
2838 3579 2944 3631 Καὶ
2975 3580 3058 3641 τίς
3084 3582 3115 3651 ὴ
3141 3581 3246 3632 ἀπὸ
3277 3581 3370 3634 τοῦ
3403 3581 3558 3646 ξύλου
3589 3583 3702 3654 (29)
3729 3584 3866 3655 πρὸς

2281 3669 2555 3741 ἁμαρτίαν
2586 3669 2895 3740 μετάδοσις,
2926 3668 3067 3722 ὣστε
3099 3688 3165 3741 με
3199 3673 3298 3742 τὴν
3330 3674 3434 3726 ὑπὸ
3463 3675 3556 3727 τοῦ
3599 3679 3866 3748 ἁμαρτω»

2279 3758 2372 3812 λοῦ
2415 3759 2959 3832 προκαταληφθείσαν
3002 3761 3270 3834 καθέδραν
3300 3763 3374 3826 ὡς
3409 3765 3678 3836 βλαϐερὰν
3728 3771 3868 3822 ἁπο-

2281 3851 2543 3920 φεύγειν;
2577 3853 2645 3905 Ἢ
2688 3853 2928 3923 νομίζειν
2974 3855 3121 3923 ἡμᾶς
3163 3854 3268 3926 χρὴ
3303 3856 3571 3927 καθέδραν
3608 3858 3864 3926 λέγεσθαι

2280 3939 2378 4010 τὴν
2422 3943 2642 4012 ἑδραίαν
2688 3945 2782 3998 καὶ
2830 3945 3056 4014 μόνιμον
3089 3947 3146 3998 ὲν
3181 3949 3244 4017 τῇ
3295 3946 3471 4018 κρίσει
3530 3948 3628 4018 τῆς
3665 3951 3866 4014 κακίας

2281 4031 2591 4103 διατριῦἡν;
2637 4037 2700 4088 Ὃ
2747 4036 3047 4103 φυλακτέον
3087 4039 3236 4107 ἡμῖν,
3268 4039 3400 4091 διότι
3446 4039 3506 4092 τὸ
3558 4040 3866 4108 φιλοπόνως

2283 4123 2716 4196 προσδιατρίϐειν
2748 4129 2869 4188 ταῖς
2913 4129 3207 4197 ἁμαρτίαις
3238 4130 3348 4191 ’έξιν
3383 4130 3501 4182 τινὰ
3542 4132 3864 4201 δυσκίνητον

2278 4220 2399 4279 ταῖς
2429 4216 2628 4287 ψυχαῖς
2672 4219 2908 4288 ἐμποιεῖ.
2959 4217 3274 4270 Παλαιωθὲν
3305 4219 3411 4290 γὰρ
3449 4220 3624 4282 πάθος
3655 4223 3862 4292 ψυχῆς,

2280 4311 2376 4364 καὶ
2389 4309 2562 4363 κακοῦ
2591 4309 2788 4380 μελέτη
2819 4309 2995 4380 χρόνῳ
3020 4309 3377 4380 βεϐαιωθεῖσα
3403 4311 3657 4378 δυσίατός
3679 4315 3853 4377 ἐστιν,

2279 4403 2311 4473 ἢ
2349 4403 2442 4456 καὶ
2469 4403 2686 4467 ἀνίατος
2710 4402 3010 4469 παντελῶς,
3041 4406 3120 4468 είς
3145 4403 3326 4474 φύσιν,
3352 4405 3428 4469 ὡς
3443 4405 3513 4459 τὰ
3545 4407 3740 4473 πολλὰ,
3766 4408 3861 4461 τοῦ

2281 4495 2434 4559 ἔθους
2489 4495 2901 4566 μεθισταμένου.
2937 4497 3115 4568 Εὐχῆς
3151 4498 3248 4568 μὲν
3276 4493 3366 4552 οὖν
3394 4498 3541 4565 ἇξίον
3575 4501 3651 4572 μὴ
3689 4518 3862 4572 προσ-

2286 4585 2524 4655 άψασθαι
2575 4586 2668 4639 τοῦ
2710 4587 2899 4640 κακοῦ.
2941 4588 3201 4652 Δεύτερος
3229 4589 3285 4642 δὲ
3316 4589 3500 4653 πλοῦς,
3529 4591 3691 4655 εὐθὺς
3724 4594 3862 4662 μετὰ

2284 4675 2381 4744 τὴν
2410 4677 2604 4745 πεῖραν
2630 4675 2817 4748 ῶσπερ
2843 4677 3046 4729 ἱοὸόλου
3085 4677 3299 4750 πληγὴν
3324 4680 3682 4748 ἀποφεύγειν,
3721 4685 3862 4737 κατὰ

2277 4766 2337 4818 τὸ
2365 4769 2748 4840 γεγραμμένον
2777 4769 2927 4840 παρὰ
2956 4769 3048 4823 τοῦ
3083 4772 3425 4842 Σολομῶντος
3467 4773 3596 4844 περὶ
3625 4775 3727 4845 τῆς
3760 4794 3859 4844 γυ-

2277 4860 2462 4924 ναικὸς
2494 4862 2592 4930 τῆς
2625 4861 2855 4930 φαύλης,
2904 4863 2984 4916 ὅτι
3023 4863 3118 4933 Μὴ
3156 4863 3494 4935 ἐπιστήσῃς
3545 4867 3664 4920 σὸν
3703 4868 3858 4938 ὄμμα

2279 4951 2426 5019 πρὸς
2438 4954 2651 5022 αὐτὴν,
2666 4956 2801 5009 ἀλλ’
2816 4941 3235 5026 ἁζποπήδησον
3245 4956 3331 5026 μὴ
3345 4958 3708 5028 ἐγχρονίσῃς
3724 4961 3855 5029 (30).

2279 5041 2393 5097 Νῦν
2438 5045 2496 5098 δὲ
2540 5042 2658 5098 οἶδά
2701 5064 2853 5112 τινας
2891 5050 2949 5100 ὲν
2990 5050 3200 5119 νεότητι
3247 5050 3383 5121 πρὸς
3413 5051 3483 5104 τὰ
3512 5051 3614 5120 τῆς
3658 5052 3857 5123 σαρκὸς

2348 5357 2661 5434 (50)Ε;Ιίι]ο
2709 5359 2880 5434 Paris.
2919 5360 2992 5432 μὴ
3021 5363 3275 5433 χρονίσης
3312 5363 3370 5414 ἐν
3411 5362 3490 5431 τῷ
3518 5363 3692 5434 τόπῳ.
3747 5366 3852 5420 Sed

2277 5429 2520 5490 illud,év
2557 5429 2635 5498 τῷ
2661 5433 2832 5502 τόπῳ.
2870 5429 2928 5483 in
2952 5429 3189 5486 editione
3218 5429 3388 5485 liasil.
3431 5429 3480 5483 et
3552 5438 3603 5488 in
3645 5429 3852 5490 itus-ris

2274 5515 2365 5552 sex
2401 5515 2532 5553 mss.
2568 5505 2734 5554 deest.
2782 5503 2856 5554 [Sx
2909 5516 3014 5569 quo
3067 5506 3142 5564 tit,
3178 5513 3258 5555 -ιιι
3295 5519 3358 5556 ex
3393 5503 3583 5560 Bibliis
3613 5509 3849 5557 additum

2275 5569 2441 5645 fuisse
2504 5571 2650 5645 credi
2697 5574 2906 5645 merito
2929 5573 3113 5645 possit.
3152 5572 3213 5625 Et
3250 5577 3349 5625 hoc
3404 5577 3732 5638 notari-lum,
3762 5594 3854 5645 pro

2274 5639 2526 5713 χρονίσῃς
2556 5640 2652 5708 legi
2697 5641 2747 5694 in
2780 5642 3015 5696 editione
3049 5641 3207 5698 Basil.
3267 5656 3317 5696 ct
3367 5645 3419 5698 in
3463 5648 3666 5713 aliquot
3725 5639 3850 5701 nisa.

2274 5712 2613 5781 έγχρονίσῃς.
