4062 6456
1483 393 1764 445 HUMILIA
1803 401 1837 447 Ι.

1942 395 2234 449 ’δλωιυΜ
2277 396 2315 447 l.
3407 404 3511 461 2'26

293 500 439 574 πάθη
479 503 991 573 κατολισθήσαντας,
1016 507 1110 558 καὶ
1141 503 1300 577 μέχρι
1325 504 1514 570 πολιᾶς
1546 507 1659 578 (5i)
1688 510 1837 581 αὐτῆ

1960 526 2111 565 suam
2135 509 2473 579 iuventutem
2519 514 2573 568 in
2623 519 2801 572 carnis
2832 518 2958 573 vitia
2989 520 3217 592 delapsi,
3253 521 3318 575 ad
3349 522 3518 590 ipsam

288 591 378 648 διὰ
404 594 691 666 συνήθειαν
720 592 814 646 τοῦ
848 595 1019 655 κακοῦ
1041 599 1161 658 ταῖς
1188 597 1484 668 ἁμαρτίαις
1514 600 1855 671 παραμένον-

286 702 406 750 τας.
455 688 542 749 Ὠς
589 683 696 756 γὰρ
748 686 796 738 οἱ
859 687 919 738 ἑν
994 687 1236 760 βορϐόρῳ
1285 689 1689 760 καλινδούμενοι
1742 693 1852 762 (52)

286 780 457 848 χοῖροι
480 776 564 829 ἀεὶ
588 776 1052 845 προσπλάττουσιν
1083 781 1292 844 ἑαυτοῖς
1321 781 1412 834 τὸν
1452 781 1620 851 πηλόν
1639 797 1652 810 ⁸
1681 780 1853 846 οὕτως

287 863 430 922 οὗτοι
460 867 519 919 τὸ
542 869 604 921 ἑκ
635 869 731 939 τῆς
764 868 957 940 ἡδονῆς
987 867 1174 939 αἶσχος
1216 871 1336 925 καθ’
1372 873 1606 943 ἑκάστην
1643 873 1854 945 ἡμέραν

286 960 850 1030 προσαναμάσσονται.
904 961 1187 1032 Μακάρων
1243 964 1341 1034 μὲν
1387 959 1479 1015 οὖν
1511 963 1569 1015 τὸ
1617 963 1694 1034 μὴ
1741 965 1854 1018 δια-

285 1048 540 1120 νοηθῆναι
572 1050 633 1104 τὸ
678 1051 942 1123 πονηρόν·
986 1051 1034 1103 εί
1087 1053 1143 1106 δὲ
1187 1054 1327 1108 κατά
1361 1055 1714 1127 συναρπαγὴν
1757 1055 1851 1109 τοῦ

284 1137 477 1210 ἐχθροῦ
510 1139 676 1204 ἑδέξω
699 1144 762 1214 τῇ
785 1144 928 1213 ψυχῇ
960 1141 1297 1214 βουλεύματα
1323 1144 1598 1208 ἀσεϐείας,
1627 1145 1699 1218 μὴ
1723 1150 1852 1216 στῇς

284 1232 377 1286 ἐπὶ
409 1234 506 1302 τῆς
553 1233 844 1305 ἁμαρτίας.
884 1237 945 1289 Ei
987 1236 1042 1288 δὲ
1084 1236 1178 1288 καὶ
1220 1236 1376 1289 τοῦτο
1422 1237 1715 1301 πέπονθας,
1776 1238 1850 1309 μὴ

282 1324 593 1396 ἑνιδρυνθῇς
621 1326 698 1397 τῷ
729 1328 899 1398 κακῷ.
930 1330 1019 1398 Μὴ
1051 1326 1228 1380 τοίνυν
1260 1327 1530 1399 καθεσθῇς
1567 1330 1658 1382 ἑπὶ
1708 1330 1842 1383 καθ-

282 1414 440 1485 έδρας
459 1415 558 1485 τῆς
587 1418 695 1472 τῶν
719 1420 940 1490 λοιμῶν.
968 1419 1030 1471 Εἰ
1056 1419 1164 1490 (55)
1194 1421 1420 1492 ἐνόησας
1449 1421 1710 1496 καθέδραν
1728 1423 1850 1477 τίνα

283 1508 676 1580 φησὶνὸλόγος,
708 1513 790 1564 ὅτι
834 1511 932 1579 τὴν
952 1509 1146 1582 διαρκῆ
1171 1512 1318 1580 λέγει
1347 1513 1438 1567 τοῦ
1467 1514 1638 1567 κακοῦ
1678 1533 1845 1587 προσ-

281 1598 483 1667 εδρίαν,
511 1600 764 1665 ἐξέτασον
789 1600 973 1656 λοιπὸν
997 1603 1153 1665 τίνας
1183 1603 1433 1672 ὠνόμασε
1459 1603 1586 1666 τοὺς
1605 1603 1842 1674 λοιμούς.

278 1689 414 1744 Φασὶ
452 1692 514 1761 δὴ
552 1693 642 1744 τὸν
689 1691 876 1762 λοιμὸν
921 1693 969 1745 οἱ
1015 1693 1144 1763 περὶ
1187 1693 1358 1745 ταῦτα
1410 1693 1593 1757 δεινοὶ,
1629 1696 1847 1748 ἐπειδὰν

278 1780 396 1845 ἑνὸς
419 1781 702 1854 ἀνθρώπου
736 1783 767 1855 ἢ
796 1784 1022 1855 κτήνους
1056 1783 1280 1854 ἅψηται,
1313 1784 1453 1838 κατά
1491 1785 1723 1839 διάδοσιν
1756 1787 1846 1840 ἐπὶ

278 1875 487 1940 πάντας
536 1878 662 1942 τοὺς
706 1877 1021 1948 ἑγγίζοντας
1081 1878 1464 1947 διανέμεσθαι·
1518 1880 1677 1948 φύσιν
1735 1880 1843 1953 γὰρ

275 1964 413 2020 εἶναι
448 1970 545 2038 τῆς
572 1969 726 2022 νόσου
753 1969 1026 2042 τοιαύτην,
1050 1970 1111 2024 τὸ
1142 1970 1200 2036 ἑξ
1223 1970 1466 2042 ἀλλήλων
1492 1971 1696 2035 πάντας
1723 1973 1846 2026 ἀνα·

275 2058 582 2127 πιμπλάναι
612 2060 710 2128 τῆς
737 2062 1063 2131 ἀρρωστίας.
1100 2062 1340 2116 Τοιοῦτοι
1368 2062 1425 2115 δέ
1446 2063 1589 2126 τινές
1622 2065 1726 2117 είσι
1752 2065 1844 2117 καὶ

272 2149 322 2200 oi
365 2148 592 2220 ἐργάται
615 2150 714 2220 τῆς
737 2152 984 2221 ἀνομίας.
1027 2153 1218 2218 Ἀλλος
1248 2155 1357 2227 γὰρ
1381 2155 1526 2226 ἄλλῳ
1553 2155 1653 2226 τῆς
1682 2156 1838 2211 νόσου

277 2242 645 2312 μεταδιδόντες
678 2243 1019 2297 συννοσοῦσιν
1044 2245 1294 2316 ἀλλήλοις
1314 2289 1328 2314 ,
1357 2248 1454 2302 καὶ
1483 2249 1845 2304 συναπόλλυν-

270 2350 378 2388 ται.
420 2335 488 2386 ’Ἡ
513 2336 610 2406 οὐχ
649 2337 780 2406 ὁρᾷς
809 2338 933 2398 τοὺς
969 2336 1197 2407 πόρνους
1229 2341 1349 2402 τοὺς
1379 2342 1470 2394 ἐπὶ
1508 2343 1605 2414 τῆς
1641 2343 1844 2416 ἀγορᾶς

271 2426 634 2499 καθημένους,
676 2429 771 2482 καὶ
814 2429 1230 2497 καταγελῶντας
1263 2431 1370 2482 τῶν
1403 2435 1840 2505 σωφρονούντων,

271 2520 366 2573 καὶ
397 2521 782 2591 διηγουμένους
817 2522 1026 2577 ἑαυτῶν
1054 2521 1122 2575 τὰ
1146 2523 1245 2593 τῆς
1277 2524 1539 2595 αἰσχύνης
1571 2527 1732 2597 ἔργα,
1776 2530 1843 2583 τά

269 2609 364 2662 τοῦ
392 2611 613 2673 σκότους
635 2613 1065 2684 ἐπιτηδεύματα,
1106 2614 1201 2667 καὶ
1226 2615 1293 2668 τὰ
1316 2616 1458 2688 πάθη
1490 2619 1588 2688 τῆς
1621 2621 1842 2691 ἀτιμίας

271 2702 786 2774 ἀπαριθμουμένους
807 2705 880 2770 ὡς
908 2709 1205 2778 ἀριστείας,
1237 2710 1268 2780 ἡ
1292 2727 1443 2774 τινας
1474 2711 1638 2775 ἄλλοις
1657 2713 1845 2785 ἀνδρα-

268 2795 498 2864 γαθίαςς
535 2789 694 2849 Οὗτοί
723 2799 858 2849 εἰσιν
887 2801 934 2850 oi
967 2799 1142 2869 λοιμοὶ
1173 2803 1222 2854 οἱ
1257 2801 1318 2854 τὸ
1361 2803 1492 2856 ἴδιον
1537 2803 1702 2858 κακὸν
1751 2805 1844 2858 ἐπὶ

272 2889 476 2950 πάντας
493 2889 644 2955 ἄγειν
660 2888 1106 2957 φιλονεικοῦντες,
1137 2894 1230 2944 καὶ
1246 2893 1473 2959 πολλοὺς
1500 2895 1710 2961 ἑαυτοῖς
1731 2897 1842 2968 (54)

268 2979 682 3050 παραπλησίους
711 2979 964 3048 γενέσθαι
1017 2982 1479 3055 φιλοτιμούμενοι,
1528 2988 1614 3040 ἵνα
1668 2989 1725 3041 ὲν
1775 2991 1840 3060 τῇ

268 3071 523 3142 κοινωνίᾳ
544 3072 652 3125 τῶν
680 3072 864 3126 κακῶν
895 3073 1199 3144 διαφύγωσι
1229 3076 1296 3130 τὰ
1323 3079 1519 3149 ὀνείδη.
1564 3079 1700 3134 Οὔτε
1736 3081 1841 3152 γὰρ

1959 617 2130 672 usque
2171 604 2421 659 canitiem
2455 605 2506 657 iu
2540 609 2778 674 peccatis
2812 620 3029 678 propter
3070 614 3196 666 mali
3230 624 3519 668 consuetu-

1958 699 2136 751 dinem
2181 709 2685 766 perseveraverunt.
2720 700 3179 768 Quemadmodum
3217 707 3359 762 enim
3394 721 3520 761 sues

1957 793 2048 857 qui
2086 804 2209 845 sese
2242 789 2292 842 in
2325 805 2482 846 coeno
2530 792 2840 858 obvolvunt,
2881 810 3094 865 semper
3116 799 3282 867 magis
3311 815 3373 854 ac
3404 816 3519 854 ma-

1958 881 2037 948 gis
2064 882 2176 937 luto
2203 893 2603 952 asperguntur;
2637 886 2716 940 sic
2748 886 2782 939 ii
2834 889 3072 956 quotidie
3105 890 3274 960 magis
3300 907 3364 945 ac
3405 909 3517 946 tna-

1958 970 2038 1037 gis
2070 972 2362 1042 voluptatis
2393 974 2494 1027 sibi
2517 976 2749 1032 dedecus
2778 977 3021 1033 inurunt.
3045 978 3328 1036 Beatitudo
3357 983 3518 1054 igitur

1953 1069 2036 1112 est
2065 1063 2264 1118 malum
2321 1078 2427 1118 non
2479 1070 2788 1134 cogitasse:
2823 1070 2868 1125 si
2921 1079 3098 1124 tamen
3147 1073 3349 1128 inimici
3397 1076 3519 1130 dolo

1953 1149 2175 1204 consilia
2224 1152 2514 1224 impietatis
2560 1157 2828 1224 receperis
2869 1159 2921 1213 in
2970 1161 3170 1223 anima,
3207 1177 3275 1216 ne
3301 1168 3517 1221 steteris

1956 1239 2004 1291 iu
2033 1251 2272 1308 peccato.
2311 1245 2462 1312 Quod
2509 1247 2553 1302 si
2584 1247 2748 1303 etiam
2796 1247 2849 1303 id
2879 1249 2970 1304 tibi
3001 1252 3250 1320 contigit,
3284 1253 3336 1310 in
3374 1259 3517 1311 malo

1954 1346 2018 1383 ne
2052 1347 2386 1400 permaneas.
2418 1337 2493 1391 Ne
2532 1339 2697 1408 igitur
2724 1339 2931 1397 sederis
2962 1342 3012 1397 in
3063 1346 3316 1400 cathedra
3349 1351 3516 1418 pesti-

1951 1425 2262 1481 lentiarum.
2306 1427 2364 1482 Si
2405 1429 2728 1486 intellexisti
2758 1450 3046 1504 quamnam
3085 1439 3402 1495 cathedram
3429 1443 3512 1496 di-

1949 1529 2035 1572 cat
2062 1519 2363 1590 Scriptura,
2396 1521 2648 1576 nimirum
2684 1524 2892 1594 longam
2923 1529 2974 1581 in
3002 1533 3142 1587 malo
3168 1548 3502 1604 perseveran

1950 1611 2096 1676 tiam,
2128 1613 2194 1668 de
2244 1624 2441 1670 cancro
2486 1615 2742 1685 exquiras
2789 1618 2948 1674 velim
3003 1635 3134 1690 quas
3176 1626 3503 1693 pestilentia:

1950 1703 2210 1756 nominet.
2256 1706 2420 1761 Aiunt
2454 1707 2710 1764 harumce
2745 1722 2923 1763 rerum
2966 1712 3120 1781 periti
3167 1723 3390 1783 pestem,
3419 1719 3505 1773 ubi

1950 1805 2111 1845 ttnum
2146 1792 2438 1861 hominem,
2465 1808 2558 1852 aut
2578 1799 2880 1868 jumentum
2905 1804 3162 1874 attigerit,
3191 1805 3242 1860 itt
3268 1822 3510 1878 quosque

1948 1885 2220 1952 proximos
2272 1901 2364 1952 per
2408 1890 2555 1944 vices
2592 1906 2837 1962 serpere;
2892 1898 3225 1950 contendunt
3272 1913 3509 1969 namque

1947 1974 2102 2042 hujus
2159 1977 2328 2032 morbi
2383 1989 2628 2033 naturatn
2691 1985 2846 2038 talem
2906 1995 3048 2052 esse,
3081 1998 3137 2044 ut
3170 2005 3356 2047 omnes
3388 2008 3508 2049 sese

1946 2080 2130 2124 mutuo
2173 2073 2494 2141 aegritudine
2535 2075 2796 2145 repleant.
2832 2079 2989 2135 Tales
3035 2083 3215 2151 itaque
3257 2097 3384 2142 sunt
3414 2089 3510 2142 ini-

1946 2161 2174 2230 quitatis
2220 2166 2474 2234 operarii.
2517 2165 2652 2221 Nam
2681 2168 2819 2224 alter
2857 2171 3009 2226 alteri
3035 2176 3278 2229 morbum
3311 2177 3506 2248 imper-

1950 2253 2145 2309 tientes
2192 2267 2454 2326 agrotant
2497 2259 2677 2325 simul,
2725 2263 2994 2334 simulque
3041 2277 3286 2338 pereunt.
3320 2269 3506 2326 Nonne

1944 2345 2176 2399 cinaedos
2207 2347 2473 2418 conspicis
2501 2351 2551 2404 in
2579 2351 2697 2408 foro
2727 2355 2999 2418 sedentes,
3035 2358 3124 2428 qui
3159 2369 3340 2416 castos
3372 2377 3504 2431 quo.

1944 2451 2048 2504 que
2084 2436 2332 2504 irrident,
2360 2443 2557 2511 quique
2585 2459 2679 2497 sua
2713 2447 3056 2514 turpitudinis
3089 2465 3248 2520 opera
3277 2466 3502 2508 narran-

1945 2538 2048 2595 tes,
2095 2531 2442 2587 tenebrarum
2489 2535 2664 2589 studia
2694 2547 2748 2590 et
2778 2539 3096 2607 cupiditates
3124 2542 3505 2612 ignominiosos

1945 2629 2196 2690 tanquam
2236 2623 2500 2692 prazclare
2539 2637 2710 2696 gesta,
2748 2638 2840 2683 aut
2883 2629 2986 2683 alia
3021 2633 3265 2702 quaedam
3291 2638 3504 2706 egregia

1944 2709 2181 2768 facinora
2210 2716 2674 2772 commemorant?
2703 2716 2888 2775 Pestes
2915 2732 3043 2777 sunt
3081 2724 3139 2791 ii,
3165 2726 3256 2796 qui
3302 2727 3356 2781 in
3389 2744 3504 2784 om-

1945 2820 2040 2858 nes
2073 2806 2450 2864 transfundere
2477 2821 2740 2864 conantnr
2768 2813 3040 2881 praprium
3082 2816 3344 2884 morbum,
3371 2821 3504 2873 ntul-

1946 2902 2133 2962 tosque
2164 2894 2264 2947 sibi
2301 2896 2508 2950 similes
2535 2899 2649 2953 lieri
2682 2917 3008 2973 magnopere
3034 2905 3276 2974 cupiunt,
3306 2918 3364 2963 ut
3409 2927 3504 2981 per

1949 2979 2089 3036 hanc
2125 2983 2386 3037 malorum
2419 2991 2959 3047 communicationem
2994 2995 3267 3052 infamiam
3311 2979 3502 3057 vitent.

1943 3069 2078 3123 Nam
2130 3086 2302 3141 neque
2356 3073 2494 3143 ignis
2548 3079 2828 3133 materiam
2866 3085 3220 3154 suscipienda:
3273 3086 3505 3146 ﬂamma:

267 3160 379 3233 πῦρ
407 3163 858 3236 εύκαταπρήστου
881 3165 1012 3236 ῦλης
1039 3167 1312 3236 ἁψάμενον
1338 3168 1563 3223 δυνατὸν
1614 3171 1688 3242 μὴ
1720 3172 1837 3241 ούχὶ

1946 3162 2186 3217 idoneam
2223 3173 2433 3231 nactus,
2470 3167 2712 3224 cohiberi
2761 3181 2954 3238 potest,
2985 3167 3276 3246 quominus
3326 3182 3504 3237 subsi-

267 3255 359 3307 ἑπὶ
409 3259 590 3310 πᾶσαν
637 3258 806 3327 αὐτὴν
843 3258 1113 3327 διαϐῆναι,
1159 3259 1332 3321 άλλως
1366 3277 1424 3312 τε
1459 3260 1559 3313 κᾶν
1610 3263 1837 3333 ἐπιτύχῃ

1943 3250 2038 3305 liat
2078 3252 2142 3306 ad
2191 3255 2496 3310 universam
2529 3279 2542 3313 :
2579 3259 2837 3326 maxime,
2882 3261 2933 3319 si
2972 3264 3265 3323 vehemens
3315 3281 3502 3330 ventus

266 3348 574 3419 πνεύματος
602 3349 860 3420 ἑπιφόρου
889 3350 987 3420 τὴν
1015 3350 1188 3419 φλόγα
1243 3350 1651 3420 διακομίζοντος
1673 3370 1685 3382 ’
1714 3353 1837 3406 οὔτε

263 3440 363 3511 τὴν
406 3442 697 3511 ἁμαρτίαν,
737 3439 854 3503 ἐνὸς
895 3442 1198 3513 ἁψαμένην,
1248 3443 1323 3513 μὴ
1353 3443 1472 3514 οὐχὶ
1507 3446 1598 3498 ἐπὶ
1633 3445 1839 3510 πάντας

263 3532 390 3593 τοὺς
433 3529 748 3600 ἐγγίζοντας
805 3529 1051 3596 διελθεῖν,
1108 3532 1449 3597 ἑξαπτόντων
1505 3534 1675 3604 αὐτὴν
1731 3534 1838 3588 τῶν

265 3623 589 3693 πνευμάτων
648 3623 747 3694 τῆς
809 3624 1094 3695 πονηρίας.
1146 3623 1219 3676 Τὸ
1270 3623 1379 3695 γὰρ
1429 3625 1529 3695 τῆς
1585 3624 1837 3697 πορνείας

266 3715 483 3784 πνεῦμα
508 3717 608 3769 οὐκ
633 3716 880 3787 ἀνέχεται
909 3718 965 3768 ἐν
1002 3715 1079 3787 τῷ
1108 3716 1188 3769 ἑνὶ⁵
1233 3717 1422 3788 στῆναι
1455 3716 1565 3788 (55)
1602 3717 1700 3791 τὴν
1723 3717 1836 3771 ἀτι-

267 3804 417 3874 μίαν,
436 3806 548 3858 άλλ⁸
570 3807 729 3870 εὐθὺς
750 3807 1033 3878 ἡλικιῶται
1053 3824 1112 3860 συ
1122 3808 1605 3880 μπαρελήφθησαν·
1638 3807 1832 3879 κῶμοι,

263 3896 361 3951 καὶ
378 3897 568 3968 μέθαι,
586 3901 678 3952 καὶ
700 3900 898 3970 αίσχρά
927 3901 1257 3971 διηγήματαδ
1286 3902 1475 3972 ἑταίρα
1501 3900 1615 3972 (56)
1636 3901 1835 3972 συμπί-

263 4007 448 4054 νουσα,
482 3990 655 4062 τούτῳ
687 3992 1111 4062 προσμειδιῶσα,
1149 3995 1398 4046 κάκεῖνον
1436 3994 1830 4065 διερεθίζουσα,

263 4085 359 4136 καὶ
384 4084 594 4147 πάντας
625 4083 760 4155 πρὸς
785 4084 885 4154 τὴν
906 4085 1074 4153 αύτὴν
1101 4085 1376 4155 ἁμαρτίαν
1427 4086 1829 4155 συμφλέγουσα.

261 4168 409 4242 ’Δρα
450 4174 644 4244 μικρὸς
667 4175 695 4226 ὁ
719 4173 906 4243 λοιμὸς
935 4168 1106 4238 οὗτος,
1143 4173 1175 4245 ἢ
1204 4175 1376 4245 μικρά
1421 4176 1453 4245 ἡ
1483 4175 1715 4239 διάδοσις
1738 4176 1832 4230 τοῦ

262 4265 465 4331 κακοῦ;
498 4265 562 4318 Τί
601 4265 677 4331 δὲ,
718 4265 746 4316 ὁ
792 4265 880 4317 τὸν
923 4265 1249 4336 πλεονέκτην
1285 4264 1542 4337 ζηλῶν,ἢ
1579 4265 1606 4317 ό
1639 4266 1727 4319 τὸν
1773 4268 1831 4332 ἐξ

265 4355 429 4428 ἄλλης
451 4357 592 4421 τινὸς
623 4357 886 4428 πονηρίας
917 4357 1187 4428 περιφανῆ
1213 4374 1336 4411 τινα
1377 4358 1657 4428 πολιτικὴν
1678 4358 1832 4412 δυνα-

266 4448 445 4501 στείαν
500 4447 977 4519 περιϐεϐλημένον,
1024 4447 1056 4518 ἢ
1117 4448 1284 4502 ἐθνῶν
1340 4449 1635 4519 ἡγεμονίαν
1684 4450 1832 4520 έχον-

1943 3343 2285 3397 transfundat
2305 3342 2576 3400 ﬂammam
2608 3364 2623 3402 :
2656 3363 2831 3420 neque
2855 3352 2972 3408 fieri
2999 3365 3192 3425 potest,
3224 3369 3282 3415 ut
3309 3376 3502 3432 pecca-

1942 3445 2074 3504 tum,
2111 3437 2254 3506 quod
2285 3453 2449 3492 unum
2485 3439 2716 3510 aliquem
2765 3446 3026 3516 attigerit,
3062 3449 3129 3504 ad
3155 3466 3343 3508 omnes
3372 3454 3504 3510 vici-

1939 3544 2035 3584 nos
2067 3545 2169 3585 non
2207 3539 2461 3600 transeat,
2509 3535 2553 3588 si
2607 3539 2859 3607 nequitiae
2886 3543 3108 3608 spiritus
3147 3542 3276 3596 illud
3311 3559 3504 3600 accen-

1936 3622 2083 3677 dant.
2122 3621 2337 3678 Manere
2378 3625 2518 3679 enim
2569 3626 2622 3680 in
2678 3645 2784 3684 uno
2833 3631 3167 3700 iniquitatem
3218 3650 3324 3690 non
3375 3639 3502 3694 sinit

1935 3713 2157 3780 Spiritus
2207 3717 2401 3782 stupri,
2451 3716 2544 3769 sed
2616 3718 2799 3771 statim
2852 3723 3018 3775 coaevi
3085 3726 3497 3798 consociantur;

1935 3807 2353 3860 comessationes
2384 3845 2399 3871 ,
2477 3808 2809 3875 ebrietates,
2893 3827 3169 3871 sermones
3245 3818 3498 3887 obsceni;

1935 3907 2174 3947 scortum
2225 3903 2582 3964 compotans,
2622 3896 2744 3954 huic
2788 3901 3053 3970 arridens,
3112 3905 3262 3962 illum
3314 3923 3503 3978 provoo

1936 4001 2086 4050 cans,
2131 3986 2196 4040 ad
2249 3987 2387 4041 idem
2418 4001 2700 4057 peccatum
2749 3996 3060 4051 accendens
3096 4012 3308 4057 omnes.
3354 4001 3494 4058 Num

1937 4093 2098 4146 parva
2150 4079 2265 4134 haec
2318 4082 2660 4148 pestilentia,
2710 4098 2839 4139 num
2890 4087 3101 4144 modica
3143 4089 3330 4148 isthaac
3375 4111 3499 4165 pec-

1934 4171 2036 4223 cati
2091 4173 2378 4243 contagio?
2411 4173 2550 4240 Quid
2594 4188 2744 4243 vero,
2773 4177 3016 4248 quisquis
3071 4197 3289 4240 avarum
3332 4203 3496 4243 anuu-

1933 4261 2092 4326 latur,
2140 4273 2232 4314 aut
2293 4278 2414 4317 eum
2448 4303 2464 4328 ,
2530 4264 2620 4332 qui
2679 4279 2776 4334 per
2846 4268 3062 4340 aliquod
3111 4275 3253 4332 aliud
3319 4280 3496 4338 scelus

1932 4352 2278 4419 conspicuam
2329 4357 2619 4422 quamdam
2697 4374 2760 4416 ac
2837 4361 3050 4416 civilem
3117 4369 3493 4426 auctoritatem

1934 4442 2158 4510 adeptus
2199 4451 2314 4511 est,
2370 4456 2462 4498 aut
2513 4449 2750 4514 gentium
2813 4452 2979 4507 habet
3049 4455 3358 4525 imperium,
3404 4470 3498 4516 aut

262 4559 350 4603 τα,
406 4541 440 4612 ἢ
501 4542 873 4612 στρατοπέδων
922 4541 1174 4612 ἄρχοντα,
1217 4536 1336 4595 εἶτα
1375 4545 1488 4606 τοῖς
1533 4544 1828 4612 αἰσχίστοις

1942 4536 2265 4590 exercituum
2305 4537 2408 4590 dux
2442 4548 2546 4603 est,
2574 4542 2766 4596 deinde
2814 4544 2858 4596 si
2911 4543 3194 4602 allectibus
3249 4551 3496 4620 turpissi-

263 4633 489 4687 πάθεσιν
553 4634 957 4705 ὲμφυρόμενον,
1013 4635 1133 4704 οὐχ).
1198 4636 1332 4706 αὐτῇ
1528 4635 1672 4706 ψυχῇ
1733 4635 1821 4688 τὸν

260 4721 443 4792 λοιμὸν
514 4722 842 4796 παρεδέξατο
874 4762 888 4784 ,
955 4722 1014 4774 τὸ
1077 4722 1170 4776 τοῦ
1248 4723 1578 4794 ζηλουμένου
1656 4724 1820 4776 κακὸν

259 4816 456 4867 οίκεῖον
508 4815 870 4885 ποιούμενος;
910 4815 975 4865 Αἱ
1023 4813 1130 4885 γὰρ
1182 4813 1321 4867 κατά
1371 4815 1462 4867 τὸν
1515 4814 1630 4883 βίον
1680 4815 1820 4884 λαμ-

261 4907 526 4978 πρότητες
579 4907 1059 4975 συναναφαίνουσιν
1114 4905 1224 4976 (57)
1284 4905 1504 4968 ἑαυταῖς
1561 4905 1822 4968 καὶτοὺς

263 4999 407 5069 βίους
433 4997 541 5050 τῶν
575 4999 973 5068 περιϐλέπτων·
1019 4997 1114 5051 καὶ
1155 4995 1480 5067 στρατιῶται
1525 4998 1622 5068 μὲν
1654 4996 1729 5060 ὡς
1760 4997 1828 5049 τά

262 5090 429 5144 πολλά
467 5092 577 5151 τοῖς
617 5090 1109 5161 στρατοπεδάρχαις
1141 5088 1543 5160 ἑξομοιοῦνταιο
1587 5091 1635 5141 oi
1677 5089 1733 5141 δὲ
1767 5091 1826 5142 ἐν

327 5247 438 5334 151)
472 5243 610 5299 Editi
637 5242 1090 5316 μέχριτελευτῆς.
1116 5246 1184 5298 At
1215 5261 1343 5300 mss.
1392 5255 1622 5315 quatuor
1654 5243 1818 5315 μέχρι

257 5335 611 5456 ποΐδῗὶῖῐίεςζ.
664 5387 850 5438 tertius
901 5394 959 5438 et
999 5384 1179 5456 Coisl.
1221 5384 1659 5456 κυλινδούμενοι,
1699 5384 1814 5456 Vox

255 5454 430 5534 χοῖροι
469 5458 621 5510 deest
678 5457 736 5534 in_
789 5471 920 5534 mss_.
953 5455 1283 5534 _n9nn~nllis._
1314 5454 1603 5534 Aliquanto
1651 5454 1811 5534 infra,

257 5523 398 5604 κατὰ
434 5526 784 5604 συναρπαγην
819 5523 910 5578 τοῦ
933 5523 1175 5604 Ῠὲχθρρῦ,
1220 5525 1285 5578 ad
1334 5528 1574 5604 verbum,
1612 5527 1814 5604 ,διιέντε-

254 5600 427 5680 ptione
456 5595 658 5651 inimici
687 5610 705 5649 :
738 5597 837 5650 huc
866 5603 965 5656 est,
997 5595 1211 5662 fallacia
1263 5604 1312 5648 et
1352 5595 1488 5648 malo
1534 5595 1655 5649 dolo
1704 5596 1810 5648 iui-

255 5681 437 5800 ηυῗέδ)
464 5733 552 5788 Sic
575 5749 704 5787 mss.
740 5734 925 5787 nostri.
963 5735 1030 5787 At
1053 5735 1178 5786 editi
1212 5734 1332 5786 ἐπεὶ
1353 5730 1421 5785 εί.

327 5806 439 5877 (54)
468 5806 558 5859 Sic
609 5815 736 5858 ntss.
769 5807 834 5856 At
890 5819 1018 5857 vero
1046 5804 1174 5857 editi
1221 5803 1516 5867 αύτοῖς.....
1541 5803 1806 5875 γίνεσθαι.

569 5897 836 5958 ΡΑτιιοι..
885 5895 1002 5957 Gn.
1051 5895 1285 5956 XXIX.

1933 4627 2035 4680 mis
2079 4628 2476 4685 contaminatus
2529 4631 2714 4697 fuerit,
2763 4649 2943 4689 nonne
2994 4635 3047 4690 in
3075 4639 3254 4693 animo
3281 4646 3494 4715 excepit

1927 4719 2033 4788 97
2056 4729 2280 4788 pestem,
2309 4731 2440 4788 tum,
2472 4738 2596 4776 cum
2628 4725 2827 4779 malum
2859 4724 2974 4794 ejus
2998 4743 3155 4798 quem
3185 4735 3491 4801 aemulatur,

1929 4812 2202 4880 proprium
2254 4814 2356 4867 sibi
2417 4815 2684 4869 reddidit?
2717 4816 2852 4872 Nam
2887 4829 2938 4874 et
2984 4821 3151 4878 vitam
3180 4840 3367 4880 eorum
3401 4829 3493 4898 qui

1929 4903 2152 4968 clarent,
2179 4916 2362 4958 secum
2389 4907 2680 4962 ostendunt
2710 4907 2812 4963 illas
2846 4911 2979 4982 ipsa:
3004 4914 3298 4984 dignitates
3323 4919 3444 4974 vita:
3474 4939 3488 4975 :

1930 5003 1984 5048 et
2015 4994 2212 5050 milites
2247 4995 2460 5064 quidem
2499 4997 2810 5070 plerumque
2835 5004 3143 5061 consimiles
3178 5017 3303 5062 sunt
3333 5010 3487 5066 duci-

1931 5086 2066 5155 bus;
2100 5085 2282 5156 populi
2319 5102 2450 5143 vero
2479 5088 2531 5143 in
2561 5090 2869 5150 civitatibus
2893 5095 3175 5152 imitantur
3201 5101 3489 5170 magistra-

1921 5242 2062 5315 Mos,
2073 5243 2179 5315 duo
2206 5258 2336 5300 mss.
2365 5245 2716 5315 διαφεύγωσι.

1991 5313 2296 5391 (55)Coisl.
2319 5313 2473 5393 cum
2503 5313 2634 5393 neg.
2698 5320 2855 5374 tertio
2910 5323 3120 5393 στῆναι.
3175 5323 3318 5382 Editi
3364 5345 3486 5385 cum

1920 5382 2038 5471 aliis
2087 5382 2220 5471 mss.
2253 5385 2464 5471 στῆσαι.
2511 5382 2748 5471 Ἰιιέῃβδ.
2786 5382 3052 5471 nonnullis
3101 5410 3211 5471 ‘pro
3243 5382 3488 5471 ﬁstula—ti

1919 5453 2420 5535 legiturgttapriav
2455 5473 2470 5510 :
2509 5457 2562 5535 in
2591 5457 2714 5535 aliis
2741 5461 3058 5535 quibusdam
3089 5453 3343 5535 ἀνομίαν.

1989 5524 2101 5605 ςδϐ)
2137 5524 2277 5592 Ἆρες
2306 5527 2493 5605 tertius
2531 5525 2728 5605 ἑταίρα
2761 5524 2943 5601 τούτῳ
2988 5524 3350 5605 συμπίνουσα,
3389 5540 3487 5594 κά-

1918 5591 2091 5663 κείνῳ
2112 5591 2536 5665 προσμειδιῶσα,
2574 5591 2746 5668 τούτῳ
2802 5591 3245 5674 προσομιλοῦσα,

1916 5677 2025 5726 νον,
2064 5673 2171 5717 etc.

1992 5733 2105 5857 (37v)
2154 5734 2244 5792 Sic
2300 5749 2431 5793 mss.
2472 5736 2714 5809 plerique
2768 5754 2978 5798 omnes.
3021 5742 3160 5802 Editi
3188 5750 3489 5821 συνεμφαί-

1992 5822 2010 5857 J
2054 5822 2069 5856 ι
2105 5840 2119 5857 ο

1919 5821 2119 5862 νουσιν.

3113 5906 3152 5968 8
