4062 6442
554 354 652 418 Ξδι

1871 357 1925 408 S.
1974 355 2217 410 BASlLll
2260 357 2402 410 MAG
2417 359 2478 408 Nl

3729 363 3843 416 232

557 481 716 549 igitur
743 476 934 529 mirum
963 473 1129 526 videri
1161 473 1337 535 debet,
1370 473 1414 526 si
1450 485 1595 524 nunc
1627 484 1842 538 quoque
1872 484 2128 539 corpora-

2247 475 2365 540 ιτὰρ.
2409 486 2592 539 φησιν,
2624 471 2659 534 ἠ
2682 468 2866 536 σοφία
2894 468 3011 521 ἀπὸ
3044 469 3162 522 τῶν
3185 470 3413 524 τέκνων
3443 471 3644 540 αὐτῆς
3669 489 3681 502 ·
3721 474 3843 536 καὶ,

558 571 624 624 lis
669 567 786 638 ejus
844 575 998 636 pater
1048 573 1310 625 taceatur,
1365 564 1672 632 praecipuus
1731 575 1862 615 vero
1924 561 2139 618 Davidis

559 662 765 713 amicus
791 656 1108 711 vocatus-sit
1133 658 1364 709 dextera:
1393 653 1560 717 ﬁlius,
1582 651 1783 721 quippe
1810 652 1903 721 qui
1929 670 1956 705 a
1982 652 2141 708 factis

557 752 656 806 sibi
687 764 988 820 congruum
1031 761 1330 817 cognomen
1364 745 1702 816 acquisierit.

630 1023 684 1077 2.
718 1025 879 1077 Vens.
918 1023 968 1076 2.
1009 1022 1230 1077 Domine
1262 1021 1403 1075 Deus
1425 1037 1588 1085 meus,
1617 1022 1672 1074 in
1698 1030 1747 1075 te
1774 1037 2004 1090 speravi,
2032 1021 2143 1074 sal-

561 1147 676 1184 eum
709 1147 785 1181 me
809 1127 911 1196 fac.
939 1127 1167 1182 Putalur
1191 1125 1416 1194 simplex
1446 1124 1706 1194 quiddam
1740 1138 1882 1188 esse,
1920 1133 1974 1178 et
2002 1122 2144 1190 quod

560 1247 588 1283 a
621 1231 810 1300 quovis
853 1239 999 1284 recte
1030 1228 1205 1296 possit
1240 1225 1496 1295 proferri,
1535 1225 1662 1280 illud
1695 1225 1946 1280 videlicet
1985 1243 1998 1278 :
2041 1223 2146 1277 Do-

562 1333 698 1384 mine
731 1330 868 1383 Deus
902 1345 1066 1392 meus,
1096 1329 1149 1381 in
1175 1337 1224 1382 te
1261 1331 1493 1396 speravi,
1523 1327 1726 1382 salvum
1759 1342 1840 1380 me
1869 1326 1974 1394 fac.
2007 1326 2143 1379 For-

564 1430 727 1484 tassis
760 1445 862 1484 non
897 1430 965 1482 ita
1004 1444 1059 1483 se
1091 1444 1178 1482 res
1213 1429 1398 1482 habet.
1433 1427 1535 1492 Qui
1575 1439 1808 1494 namque
1844 1425 1896 1477 in
1929 1425 2145 1478 homine

563 1541 760 1600 sperat,
785 1541 876 1585 aut
904 1532 990 1599 qui
1023 1530 1091 1584 ob
1125 1529 1326 1597 aliquid
1359 1528 1504 1580 aliud
1533 1526 1862 1580 mundanum
1896 1525 2142 1588 elfertur,

563 1642 711 1702 puta,
743 1631 812 1686 ob
865 1640 1184 1700 potestatem
1209 1671 1223 1690 ,
1269 1629 1352 1683 vel
1402 1629 1469 1681 ob
1499 1627 1743 1693 divitias,
1777 1626 1858 1681 vel
1887 1627 1956 1681 ob
1989 1627 2141 1694 quid-

563 1734 706 1800 piam
735 1731 877 1785 aliud
905 1745 1113 1790 eorum,
1141 1745 1259 1800 quas
1285 1729 1426 1782 inter
1459 1744 1543 1783 res
1574 1729 1749 1783 claras
1777 1746 1804 1784 a
1837 1730 2028 1784 multis
2062 1747 2145 1785 re-

2256 563 2396 615 Ἐὰν
2422 556 2482 632 ᾖ,
2509 561 2691 631 ιρησὶν,
2717 560 2846 613 ἐκεῖ
2866 561 2997 626 υίὸς
3024 561 3286 628 εἰρήνης.
3317 561 3481 615 Οὐδὲν
3507 559 3602 616 οὖν
3635 563 3841 634 θαυμα-

2245 652 2370 704 στὸν
2416 653 2509 704 καὶ
2537 651 2631 703 νῦν
2673 649 3015 721 σιωπηθῆναι
3053 651 3151 719 μὲν
3183 650 3346 704 αὑτοῦ
3381 652 3472 706 τὸν
3519 656 3838 724 σωματικὸν

2245 743 2488 814 πατέρα,
2533 742 2712 808 δεξιᾶς
2757 743 2812 795 δὲ
2854 743 2966 794 υἱὸν
3017 742 3108 794 τὸν
3153 743 3496 814 ἀρχιεταίρον
3542 746 3639 798 τοῦ
3671 747 3842 798 Δαόὶδ

2244 833 2646 904 ὀνομασθῆναι,
2683 833 2790 885 ἀπὸ
2826 833 2925 901 τῆς
2953 831 3204 902 πράξεως
3231 832 3507 904 πρέποντα
3533 836 3716 906 έαυτῳ
3745 835 3843 888 τὸν

2246 924 2631 995 χρηματισμὸν
2665 923 2914 976 λαϐόντα.

2315 1017 2368 1071 2.
2407 1018 2582 1084 Κύριε
2615 1021 2647 1071 ὀ
2677 1017 2821 1080 Θεός
2857 1033 3009 1084 μου,
3045 1016 3140 1070 ἐπί
3183 1016 3281 1070 σοί
3322 1016 3589 1084 ἤλπισα,
3625 1019 3842 1074 σῶσόν

2243 1124 2338 1177 με.
2382 1106 2752 1177 Νομιζόμενον
2785 1106 2988 1158 ἁπλοῦν
3016 1103 3154 1161 εἶναι
3186 1106 3281 1160 καὶ
3314 1107 3418 1160 ὑπὸ
3449 1107 3545 1160 τοῦ
3576 1111 3842 1178 τυχόντος

2250 1200 2414 1267 ὑγιῶς
2447 1199 2808 1269 ἀναφέρεσθαι
2836 1197 3094 1251 δύνασθαι
3123 1199 3181 1252 τὸ
3205 1236 3223 1264 ,
3251 1199 3430 1267 Κύριε
3457 1202 3488 1251 ὀ
3517 1199 3663 1264 Θεός
3687 1217 3836 1267 μου,

2248 1293 2343 1344 ἐπὶ
2362 1293 2461 1344 σοὶ
2490 1292 2740 1359 ἤλπισα,
2773 1291 2980 1344 σῶσόν
2999 1309 3097 1360 με,
3126 1291 3267 1362 τάχα
3298 1293 3359 1344 οὐ
3389 1290 3631 1344 τοιοῦτόν
3661 1294 3835 1344 ἐστιν.

2260 1385 2317 1437 Ὀ
2346 1383 2452 1454 γὰρ
2501 1383 2584 1433 ἐπ’
2620 1380 2900 1451 ἄνθρωπον
2949 1381 3217 1448 ἐλπίζων,
3252 1381 3284 1452 ἢ
3340 1383 3425 1433 ἐπ’
3457 1381 3583 1435 ἄλλο
3626 1399 3678 1432 τι
3726 1383 3840 1434 τῶν

2249 1475 2390 1528 κατὰ
2424 1475 2512 1528 τὸν
2548 1472 2659 1542 βίον
2693 1472 3181 1544 μετεωριζόμενος,
3230 1469 3339 1527 οἷον
3372 1475 3463 1526 ἐπὶ
3492 1473 3837 1535 δυναστείαν,

2248 1568 2279 1639 ἦ
2317 1568 2591 1639 χρήματα,
2617 1567 2649 1636 ἡ
2681 1582 2733 1618 τι
2759 1565 2866 1618 τῶν
2899 1566 3052 1635 παρὰ
3072 1571 3184 1630 τοῖς
3219 1567 3431 1629 πολλοῖς
3456 1565 3839 1637 νομιζομένων

2249 1657 2386 1714 εἷναι
2435 1659 2734 1730 λαμπρῶν,
2789 1659 2847 1710 ού
2895 1657 3114 1711 δύναται
3169 1662 3373 1712 εἰπεῖν’
3411 1662 3586 1728 Κύριε
3626 1663 3659 1713 ὀ
3689 1661 3840 1724 Θεός

2245 1772 2382 1822 μου,
2418 1754 2515 1806 ἐπὶ
2556 1753 2654 1806 σοί
2683 1751 2936 1820 ἤλπισα.
2990 1751 3364 1822 Παράγγελμα
3409 1753 3512 1822 γάρ
3562 1756 3681 1806 ἐστι
3706 1793 3720 1815 ,
3760 1752 3840 1822 μὴ

562 1845 840 1906 putantur,
876 1851 981 1888 non
1022 1843 1199 1904 potest
1237 1832 1422 1887 dicere
1466 1848 1480 1885 :
1516 1831 1738 1887 Domine
1787 1831 1924 1886 Deus
1969 1848 2137 1894 meus,

2247 1849 2481 1913 ἐλπίζειν
2507 1851 2590 1901 ἐπ’
2625 1849 2924 1919 ἄρχοντας·
2969 1845 3083 1909 καὶ,
3129 1845 3593 1913 Ἐπικατάρατος
3615 1844 3839 1912 ἀνθρω-

563 1939 619 1993 iu
649 1948 698 1992 te
730 1939 930 2002 speravi
956 1937 1022 1993 ⁸⁸.
1055 1935 1390 2003 Praeceptum
1420 1934 1562 1988 enim
1600 1943 1705 1996 est,
1744 1949 1850 1986 non
1887 1943 2140 1998 oportere

565 2030 616 2084 in
651 2027 984 2098 principibus
1013 2039 1237 2094 sperare
1263 2023 1340 2086 ";
1374 2032 1451 2084 et,
1488 2019 1804 2073 Maledictus
1839 2019 2014 2080 homo,
2046 2017 2135 2085 qui

564 2119 783 2188 conﬁdit
829 2119 882 2171 in
915 2117 1142 2170 homine.
1188 2113 1650 2180 Quemadmodum
1702 2124 1801 2164 nec
1847 2109 2139 2178 quidquam

565 2209 718 2262 aliud!
733 2215 945 2275 oportet
971 2215 1163 2275 praeter
1194 2203 1359 2258 Deum
1401 2202 1580 2257 colere
1611 2220 1622 2255 :
1659 2201 1738 2256 sic
1771 2215 1868 2256 nec
1917 2200 1970 2254 in
2002 2199 2132 2262 alio,

560 2314 724 2369 quam
754 2299 805 2351 in
837 2297 941 2351 Deo
973 2295 1084 2367 99
1111 2295 1354 2349 omnium
1395 2294 1623 2349 Domino
1668 2307 1817 2359 spem
1851 2307 2133 2361 reponere.

563 2392 692 2459 Spes
725 2391 860 2445 enim
893 2406 1027 2452 mea,
1062 2390 1252 2457 inquit,
1285 2396 1334 2442 et
1366 2389 1595 2440 cantatio
1635 2403 1750 2439 mea
1789 2385 2047 2439 Dominus
2068 2385 2134 2435 ⁸ο.

564 2484 670 2539 Sed
699 2481 968 2551 quomodo
999 2489 1154 2548 rogat
1177 2519 1190 2542 ,
1230 2489 1287 2532 ut
1319 2480 1551 2548 primum
1593 2489 1842 2532 servetur
1877 2491 1905 2528 a
1952 2489 2135 2542 perse-

565 2572 856 2641 quentibus
877 2609 892 2633 ,
922 2569 1116 2624 deinde
1138 2607 1153 2633 ,
1198 2576 1256 2621 ut
1296 2567 1594 2622 liberetur?
1627 2566 1820 2620 Puncti
1862 2565 2140 2620 distinctio

565 2665 768 2719 claram
795 2663 981 2717 reddet
1000 2661 1345 2717 sententiam.
1373 2659 1588 2715 Salvum
1607 2676 1687 2713 me
1713 2659 1797 2722 fac
1820 2676 1883 2713 ex
1899 2659 2140 2713 omnibus

563 2757 988 2827 persequentibus
1014 2771 1094 2807 me
1112 2793 1126 2818 ,
1154 2763 1198 2808 et
1231 2753 1395 2806 libera
1417 2769 1518 2816 me,
1545 2750 1730 2822 (Vens.
1761 2753 1815 2823 5)
1845 2770 1906 2807 ne
1933 2754 2141 2824 quando

564 2852 735 2918 rapiat
768 2859 824 2903 ut
856 2851 933 2902 leo
970 2851 1200 2902 animam
1230 2862 1419 2900 meam.
1458 2843 1588 2910 Quae
1635 2847 1797 2915 igitur
1838 2845 2140 2901 (liﬂ'erentia

567 2945 708 2996 inter
747 2942 953 2996 servari
995 2949 1048 2992 et
1096 2937 1354 2993 liberari?
1395 2936 1659 2991 Nimirum
1707 2938 1923 3008 proprie
1966 2939 2140 2994 salute

566 3050 702 3106 epus
733 3044 816 3089 est
844 3032 1109 3089 debilibus
1142 3049 1155 3087 :
1194 3032 1284 3102 qui
1318 3047 1446 3087 vero
1471 3030 1785 3086 detinentur
1818 3032 1871 3087 in
1915 3032 2142 3102 captivi-

570 3138 698 3194 tate,
723 3129 963 3197 indigent
988 3138 1045 3180 ut
1068 3126 1382 3181 liberentur.
1414 3125 1706 3194 Propterea
1737 3126 1783 3180 is
1804 3125 2019 3194 quidem
2046 3125 2135 3194 qui

567 3235 662 3290 per
692 3235 750 3274 se
771 3218 964 3275 debilis
994 3225 1096 3283 est,
1130 3225 1184 3269 et
1216 3225 1392 3269 tamen
1427 3215 1480 3267 in
1510 3230 1568 3269 se
1599 3215 1795 3269 retinet
1827 3214 2011 3278 tidem,
2045 3230 2138 3280 per

567 3309 840 3379 prepriam
904 3305 1063 3360 ﬁdem
1133 3305 1200 3358 ad
1256 3303 1484 3358 salutem
1556 3313 1913 3373 praeparatur.
1975 3302 2140 3356 Fides

568 3402 737 3465 enim,
771 3401 973 3470 inquit,
1019 3410 1109 3453 tua
1154 3408 1202 3452 te
1245 3399 1444 3452 salvam
1476 3397 1598 3466 fecit
1633 3397 1713 3464 ⁸¹;
1742 3405 1816 3460 et,
1867 3394 1994 3450 Fiat
2048 3396 2139 3450 tibi

567 3491 700 3545 sicut
726 3489 991 3542 credidisti
1015 3489 1082 3541 ".
1117 3486 1215 3554 Qui
1255 3502 1382 3542 vero
1416 3487 1724 3543 liberandus
1776 3497 1877 3549 est.
1904 3487 2136 3558 pretium

569 3599 665 3652 pro
697 3597 754 3635 se
787 3581 999 3635 aliunde
1044 3578 1453 3648 persolvendum
1499 3588 1795 3646 exspectat.
1832 3579 2019 3646 Itaque
2051 3579 2138 3633 cui

571 3673 814 3728 imminet
842 3681 897 3725 et
929 3670 1205 3739 impendet
1235 3685 1401 3731 mors,
1435 3671 1478 3724 is
1514 3687 1634 3723 eum
1666 3671 1765 3724 sibi
1797 3671 2045 3724 conscius
2073 3674 2139 3724 sil

569 3765 894 3820 salvatorem
927 3778 1045 3818 esse
1070 3778 1255 3828 unum,
1275 3771 1434 3832 atque
1457 3778 1618 3815 unum
1641 3761 2006 3824 liberatorem,
2029 3762 2104 3813 ait
2125 3780 2136 3813 :

570 3855 637 3908 In
667 3865 713 3910 te
733 3855 955 3924 speravi,
984 3855 1186 3909 salvum
1217 3870 1295 3907 me
1324 3854 1409 3923 [ac
1431 3854 1498 3909 ab
1528 3853 1868 3917 inﬁrmitate,
1900 3863 1946 3904 et
1977 3851 2138 3903 libera

569 3964 650 4000 me
698 3962 729 4000 a
778 3948 1112 4016 captivitate.
1166 3946 1434 4000 Existimo
1491 3956 1691 4010 autem,
1740 3956 1994 4000 strenuos
2051 3943 2140 3996 Dei

571 4040 823 4104 athletas,
855 4041 945 4109 qui
983 4055 1103 4093 cum
1131 4039 1494 4094 invisibilihus
1525 4038 1760 4092 inimicis
1796 4053 1890 4108 per
1924 4051 2139 4090 omnem

573 4147 723 4186 suam
753 4134 918 4184 vitam
959 4131 1112 4184 valde
1139 4132 1411 4184 collncmti
1445 4140 1589 4194 sunt,
1634 4139 1916 4199 postquam
1954 4144 2138 4182 eorum

572 4239 761 4277 omnes
809 4222 1190 4278 insectationes
1241 4221 1559 4292 eﬂ‘ugerint,
1615 4237 1778 4289 prope
1825 4221 1946 4274 vitae
1980 4219 2140 4273 linem

574 4316 914 4378 ceustitutos,
944 4331 972 4368 a
1010 4313 1189 4369 satculi
1225 4313 1464 4380 principe
1510 4311 1834 4370 exatniuari,
1875 4323 1932 4362 ut
1966 4313 2008 4362 si
2055 4326 2141 4362 re-

575 4406 852 4474 periantur
884 4415 977 4459 aut
1016 4406 1237 4459 vulnera
1270 4419 1334 4457 ex
1367 4403 1786 4465 certaminibus,
1816 4411 1910 4454 aut
1937 4402 2145 4469 aliquas

2243 1953 2390 2001 πως,
2437 1937 2504 2002 ὃς
2549 1936 2662 2003 τὴν
2705 1933 2926 1988 ἐλπίδα
2960 1934 3086 2004 ἔχει
3123 1934 3216 1986 ἐπ’
3251 1934 3584 2001 ἄνθρωπον.
3615 1935 3838 2005 Ὠσπερ

2243 2029 2363 2082 οὐδὲ
2396 2029 2576 2080 σέϐειν
2605 2028 2730 2082 ἄλλο
2772 2045 2825 2080 τι
2857 2027 3009 2097 παρὰ
3041 2027 3130 2080 τὸν
3162 2025 3292 2078 Θεὸν
3323 2025 3620 2096 προσῆκεν,
3657 2024 3838 2090 οὗτε-ις

2243 2121 2362 2174 οὐδὲ
2395 2121 2486 2173 ἐπὶ
2542 2120 2696 2174 ἄλλον
2758 2118 2998 2184 ἐλπίζειν
3050 2119 3082 2188 ἢ
3133 2119 3224 2171 ἐπὶ
3269 2118 3359 2170 τὸν
3393 2117 3524 2170 Θεὸν
3551 2116 3662 2170 τῶν
3690 2119 3836 2173 πάδ-

2241 2229 2348 2266 των
2380 2212 2601 2282 Κύριον.
2646 2211 2844 2276 Ἐλπίς
2884 2211 2993 2281 γάρ
3027 2227 3147 2279 μου
3170 2250 3183 2274 ,
3221 2209 3387 2280 φησὶ,
3420 2209 3518 2263 καί
3559 2209 3837 2278 ὖμνησίς

2234 2323 2354 2374 μου
2383 2305 2494 2372 (51)
2530 2307 2561 2357 ὀ
2588 2305 2819 2372 Κύριος.
2861 2303 2984 2366 Πῶς
3009 2303 3065 2355 δὲ
3101 2301 3315 2373 πρῶτον
3349 2300 3586 2372 σωθῆναι
3611 2298 3836 2370 εὔχεται

2241 2398 2306 2448 ὲκ
2332 2395 2439 2448 τῶν
2463 2395 2785 2459 διωκόντων,
2821 2390 2937 2446 εἶτα
2959 2393 3218 2464 ρυσθῆναι
3245 2410 3259 2458 ;
3300 2392 3358 2445 'H
3387 2393 3640 2461 διαστολὴ
3683 2394 3835 2461 σαφῆ

2243 2487 2458 2554 ποιήσει
2493 2486 2581 2538 τὸν
2614 2486 2788 2552 λόγον.
2825 2483 3037 2539 Σῶσον
3069 2487 3176 2556 γάρ
3211 2501 3288 2554 με
3331 2484 3400 2537 ἐκ
3441 2483 3684 2538 πάντων
3711 2481 3837 2536 τῶν

2243 2576 2576 2628 διωκόντων
2597 2594 2691 2643 με.
2717 2576 2813 2628 καὶ
2834 2577 3022 2643 ῥῦσαί
3041 2594 3150 2645 με,
3189 2576 3274 2644 μή
3309 2591 3452 2629 ποτε
3476 2575 3724 2644 ἁρπάσῃ
3749 2576 3837 2642 ὡς

2241 2668 2398 2722 λέων
2433 2666 2548 2734 τὴν
2571 2665 2780 2735 ψυχήν
2802 2684 2941 2734 μου.
2990 2667 3084 2729 Τίς
3118 2663 3210 2719 οὖν
3245 2669 3276 2736 ἠ
3314 2667 3545 2738 διαφορὰ
3591 2665 3688 2718 τοῦ
3725 2666 3837 2719 σώ-

2244 2759 2429 2825 ζεσθαι
2475 2760 2568 2813 καὶ
2610 2758 2703 2812 τοῦ
2761 2759 2984 2830 ῥύεσθαι
3042 2759 3186 2828 (52);
3237 2761 3354 2812 Ὀτι
3403 2760 3501 2828 τῆς
3549 2759 3835 2830 σωτηρίας

2246 2854 2342 2924 μὲν
2372 2852 2573 2924 κυρίως
2599 2854 2645 2904 οἱ
2675 2849 3028 2911 ἀσθενοῦντες
3052 2848 3331 2919 χρῄζουσι,
3358 2849 3452 2901 τοῦ
3480 2848 3744 2920 ῥυσθῆναι
3771 2848 3831 2902 δὲ

2243 2948 2292 3000 οἱ
2328 2947 2386 2999 ὲν
2409 2948 2475 3016 τῇ
2508 2943 2852 3015 αἰχμαλωσίᾳ
2899 2942 3272 3013 κατεχόμενοι.
3323 2940 3422 2992 Διὰ
3466 2939 3622 2991 τοῦτο
3651 2941 3680 2991 ὁ
3729 2940 3833 3009 μὲν

2244 3040 2299 3092 ὲν
2340 3037 2516 3107 ἐαυτῷ
2562 3037 2700 3106 ἔχων
2737 3036 2834 3107 τὴν
2871 3035 3186 3107 ἀσθένειαν,
3245 3035 3301 3085 ὲν
3340 3030 3517 3100 ἐαυτῷ
3557 3030 3612 3082 δὲ
3647 3029 3833 3082 λαϐὰν

2245 3131 2340 3201 τὴν
2374 3132 2590 3191 πίστιν,
2639 3131 2742 3183 ὑπὸ
2783 3132 2881 3200 τῆς
2929 3129 3132 3193 οίκείας
3182 3128 3415 3190 πίστεως
3463 3128 3830 3195 οἰκονομεῖται

2245 3222 2379 3292 πρὸς
2411 3223 2469 3274 τὸ
2496 3220 2750 3290 σωθῆναι.
2789 3221 2849 3273 Ἠ
2877 3223 3079 3286 πίστις
3100 3219 3210 3288 γάρ
3233 3235 3372 3282 σου,
3407 3217 3557 3288 φησὶ,
3589 3211 3831 3268 σέσωκέ

2242 3329 2346 3365 σε·
2401 3315 2526 3373 καὶ,
2574 3313 2891 3378 Γενηθήτω
2943 3330 3040 3365 σοι
3083 3314 3162 3378 ὠς
3219 3313 3607 3374 ἐπίστευσας.
3665 3307 3724 3358 ’0
3771 3305 3832 3359 δι

2243 3405 2469 3473 ὀφείλων
2645 3403 2904 3474 ῥυσθῆναι
2934 3404 3096 3473 τιμὴν
3130 3403 3328 3467 ἔξωθεν
3360 3402 3498 3472 ὑπὲρ
3531 3398 3697 3452 αὑτοῦ
3730 3415 3832 3450 κα-

2241 3495 2530 3566 τατεθῆναι
2572 3493 2890 3561 ὀφείλουσαν
2936 3492 3217 3561 ἀναμένει.
3270 3492 3325 3544 Ὀ
3358 3491 3536 3543 τοίνυν
3582 3487 3688 3541 ὑπὸ
3736 3488 3834 3542 τὸν

2243 3587 2471 3640 θάνατον
2502 3585 2597 3647 ὢν,
2628 3585 2804 3649 εἰδὼς,
2841 3585 2924 3637 ὅτι
2954 3578 3035 3646 εἷς
3059 3586 3088 3636 ὁ
3121 3582 3327 3646 σώζων,
3360 3579 3438 3646 εἷς
3473 3586 3500 3635 ὁ
3525 3580 3833 3654 λυτρούμε-

2241 3698 2347 3743 νος,
2393 3680 2521 3732 Ἐπί
2555 3679 2653 3731 σοὶ
2676 3718 2689 3741 ,
2727 3677 2889 3748 φησὶν
2911 3717 2924 3740 ,
2953 3675 3190 3744 ἤλπισα
3210 3717 3223 3739 ,
3255 3674 3458 3727 σῶσόν
3491 3691 3566 3741 με
3598 3673 3706 3726 ἀπὸ
3730 3673 3832 3741 τῆς

2243 3773 2564 3834 ἀσθενείας,
2614 3771 2710 3824 καὶ
2762 3770 2950 3840 ῥῦσαί
2989 3787 3067 3839 με
3114 3769 3222 3822 ἀπὸ
3271 3768 3369 3838 τῆς
3431 3766 3833 3836 αίχμαλωσίας,

2244 3861 2408 3933 Οἶμαι
2443 3865 2497 3915 δὲ
2523 3904 2536 3928 ,
2566 3866 2645 3916 ὅτι
2678 3866 2725 3916 οἱ
2757 3867 2990 3932 γενναῖοι
3022 3863 3114 3915 τοῦ
3142 3861 3275 3914 (θεοῦ
3322 3857 3552 3929 ἀθληταὶ
3572 3898 3586 3921 ,
3631 3856 3833 3918 ἱκανῶς

2245 3956 2394 4023 παρὰ
2443 3955 2618 4007 πάντα
2649 3955 2738 4007 τὸν
2773 3955 2980 4006 ἑαυτῶν
3024 3955 3136 4023 βίον
3178 3956 3288 4015 τοῖς
3335 3952 3588 4023 ἁοράτοις
3617 3948 3834 4020 ἐχθροῖς

2246 4042 2768 4114 προσπαλαίσαντες,
2795 4041 3015 4093 ἐπειδὰν
3043 4042 3220 4102 πάσας
3266 4041 3443 4093 αὐτῶν
3472 4039 3834 4107 ύπεκφύγωσι

2244 4140 2342 4201 τὰς
2368 4136 2596 4200 διώξεις,
2626 4135 2761 4204 πρὸς
2801 4133 2876 4203 τῷ
2909 4133 3051 4185 τέλει
3078 4133 3170 4185 τοῦ
3197 4132 3315 4202 βίον
3343 4133 3644 4201 γενόμενοι,
3684 4134 3836 4201 ἐρευ-

2245 4226 2440 4281 νῶνται
2477 4227 2580 4280 ὑπὸ
2615 4224 2706 4277 τοῦ
2744 4225 3001 4293 ἄρχοντος
3049 4223 3140 4276 τοῦ
3187 4224 3410 4286 αἰῶνος,
3454 4224 3578 4288 ἵνα,
3621 4221 3687 4274 ἂν
3736 4223 3834 4290 μὲν

2246 4321 2537 4390 εὑρεθῶσιν
2571 4320 2786 4388 ἔχοντες
2815 4318 3102 4389 τραύματα
3132 4316 3238 4370 ἀπὸ
3265 4316 3374 4368 τῶν
3412 4313 3832 4384 παλαισμάτων,

2246 4409 2278 4478 ἢ
2312 4409 2530 4473 σπίλους
2565 4409 2735 4471 τινας,
2775 4409 2868 4461 καὶ
2892 4408 3095 4472 τύπους
3118 4408 3215 4478 τῆς
3243 4408 3537 4478 ἁμαρτίας,
3567 4421 3839 4474 κατασχε-

575 4497 833 4558 maculas,
866 4505 956 4548 aut
995 4497 1199 4564 peccati
1234 4494 1460 4564 vestigia
1495 4495 1787 4548 retinuisse
1815 4534 1830 4558 ,
1862 4495 2140 4547 detinean-

2249 4501 2452 4554 θῶσιν·
2494 4502 2587 4554 ὲέιν
2617 4500 2672 4552 δὲ
2716 4501 2954 4571 ,ἄτρωτοι
3009 4501 3272 4572 εύρεθῶσι
3330 4501 3422 4551 καὶ
3464 4498 3703 4560 ἄσπιλοι,
3759 4496 3836 4558 ὡς

571 4597 701 4641 tur:
734 4588 815 4642 sin
851 4598 1027 4640 autem
1062 4588 1409 4641 inveniantur
1443 4585 1769 4640 invulnerati
1811 4595 1865 4641 et
1915 4587 2146 4638 inteme-

578 4677 704 4744 rati,
732 4694 758 4731 a
789 4679 1004 4732 Christo
1031 4689 1288 4746 tanquam
1323 4677 1507 4730 invicti
1544 4685 1598 4728 et
1623 4677 1777 4729 liberi
1815 4678 1867 4728 in
1899 4678 2140 4745 requiem

579 4771 989 4826 transferantur.
1027 4769 1160 4824 Orat
1199 4769 1363 4838 igitur
1411 4782 1506 4836 pro
1535 4766 1640 4820 sita
1677 4770 1926 4836 praesenti
1959 4781 2014 4824 et
2061 4768 2143 4821 fu—

647 4927 692 4958 ⁸⁸
725 4927 917 4982 Psalm.
945 4942 1109 4986 cxvn,
1135 4927 1186 4978 9.
1268 4923 1312 4954 “
1334 4923 1532 4978 Jercm.
1563 4937 1690 4982 xvu.
1718 4923 1768 4976 5.

653 5089 760 5160 (51)
787 5088 914 5160 Ϋοιι
935 5104 1034 5157 μου
1065 5085 1244 5160 addita
1273 5097 1352 5140 est
1385 5101 1447 5160 ex
1489 5085 1618 5160 lieg.
1647 5084 1886 5160 secunth
1911 5085 2142 5160 elgCollt.

578 5154 750 5216 serito.
809 5154 1007 5210 lbitlein
1058 5157 1323 5210 editiones
1386 5154 1588 5209 νοτίς(
1614 5165 1669 5210 et
1713 5154 1874 5208 Basil.
1905 5157 2022 5219 πῶς
2065 5157 2142 5211 δέ.

582 5234 736 5284 Deest
765 5229 819 5279 δέ
851 5229 1077 5298 iutuss._
1103 5226 1253 5298 llaud
1290 5227 1443 5298 longe
1478 5227 1587 5289 illa,
1625 5227 1698 5298 μὴ
1735 5226 2148 5298 ὄντος-λυτρου-

581 5301 764 5371 μένου,
811 5297 943 5366 μηδὲ
1015 5296 1318 5362 σώζοντος,
1383 5296 1752 5371 θὼίιιηιιιτὶιι
1822 5296 2146 5371 Culherttttis

579 5367 771 5438 quarto
806 5380 857 5421 et
885 5371 1113 5434 septimo
1141 5378 1260 5436 post
1301 5381 1458 5438 voces
1484 5367 1661 5436 ψυχήν
1696 5382 1797 5436 μου
1835 5381 1865 5438 '_
1896 5368 1988 5419 sed
2019 5383 2141 5420 cum

581 5435 754 5493 desint
788 5442 839 5492 in
862 5438 981 5491 aliis
1014 5454 1106 5490 sex
1145 5435 1275 5490 mss.
1315 5435 1706 5504 videanturque
1734 5453 1766 5490 e
1818 5435 2142 5504 glossemate

581 5511 818 5570 ﬂuxisse,
862 5510 1064 5562 ideirco
1094 5509 1334 5559 inserere
1363 5522 1422 5558 ea
1457 5508 1732 5559 contextui
1769 5507 2061 5558 noluimus.

651 5582 762 5647 (52)
793 5580 1018 5632 Codices
1041 5579 1244 5644 aliquot
1273 5576 1556 5649 ρυσθῆναι.
1594 5577 1914 5649 Subindeiu
1967 5578 2141 5649 tribus

582 5667 710 5704 mss.
735 5653 925 5719 legitur
963 5647 1341 5719 οἰκοδομεῖται.
1375 5647 1514 5719 Editi
1549 5662 1672 5719 vero
1692 5647 1877 5719 et'alii
1924 5648 2138 5719 quidam

584 5737 710 5772 mss.
771 5716 1152 5786 οἰκονομεῖται.
1203 5718 1320 5770 Mox
1371 5718 1535 5770 editio
1582 5717 1754 5770 Paris.
1811 5716 2022 5786 Σέσωκέ
2058 5733 2137 5776 σε,

585 5789 811 5856 πορεύου
841 5791 916 5850 εἰς
951 5785 1188 5857 εἰρήνην,
1233 5790 1324 5839 καὶ
1357 5786 1658 5854 γενηθήτω,
1699 5798 1805 5841 etc.
1843 5785 1939 5837 Ubi
1992 5798 2142 5838 notat

1849 4925 1892 4955 ⁵⁰
1923 4926 2059 4980 Psal.
2092 4945 2216 4993 va,
2255 4933 2308 4994 :‘i,
2341 4937 2391 4985 t5.

2251 4595 2547 4666 ἁκράτητοι
2585 4594 2756 4657 ὄντες,
2792 4594 2868 4656 ὼς
2896 4592 3169 4663 ἐλεύθεροι
3199 4593 3304 4644 ὑπὸ
3329 4589 3562 4662 Χριστοῦ
3592 4589 3836 4642 avertat}-

2254 4702 2471 4738 σωνται.
2511 4685 2742 4754 Εῦχεται
2778 4682 2870 4739 οὖν
2898 4685 3022 4756 περί
3059 4701 3118 4736 τε
3160 4686 3259 4753 τῆς
3293 4681 3525 4734 ἐνταῦθα
3561 4681 3708 4750 ζωῆς
3741 4680 3838 4732 καὶ

2252 4778 2379 4846 περὶ
2418 4779 2512 4846 τῆς
2545 4776 2859 4848 μελλούσης.
2890 4776 3097 4831 Σῶσον
3124 4776 3231 4847 γάρ
3255 4792 3348 4845 με,
3383 4776 3568 4847 φησὶν,
3601 4773 3836 4828 ἐνταῦθα

2471 4933 2512 4962 ⁵¹
2558 4930 2686 4986 Luc.
2715 4948 2809 4996 \‘II,
2850 4930 2938 4985 50.
3017 4932 3063 4962 "
3105 4929 3292 4985 Matth.
3341 4943 3460 4994 vut,
3501 4929 3588 4982 15.

2254 5092 2336 5144 vir
2366 5090 2769 5145 eruditissimus
2798 5089 3024 5144 Ducaaus
3057 5089 3168 5152 illa,
3204 5085 3437 5156 πορεύου
3463 5085 3543 5146 είς
3587 5084 3832 5153 είρήνην,

2253 5164 2435 5214 addita
2473 5160 2639 5215 fuisse
2691 5177 2755 5214 ex
2795 5160 2936 5213 Oliv.
2966 5170 3018 5212 et
3040 5159 3283 5226 Anglicis
3321 5172 3334 5206 :
3374 5170 3495 5224 quae
3518 5157 3682 5226 verba
3729 5156 3832 5225 legi

2249 5246 2466 5298 quoque
2498 5235 2549 5284 in
2580 5232 2788 5284 duobus
2819 5230 3002 5300 Regiis
3046 5225 3177 5300 mss.
3231 5243 3360 5300 non
3399 5225 3829 5300 dissiittulamus.

2251 5292 2356 5355 Sed
2381 5292 2597 5364 tamen,
2627 5317 2749 5354 cum
2798 5292 3108 5354 hiec'verba
3151 5299 3202 5351 in
3235 5297 3472 5351 editione
3526 5292 3828 5350 Basileeusi

2251 5373 2454 5434 desint,
2483 5383 2537 5424 et
2561 5373 2616 5424 iu
2648 5371 2893 5438 plurimis
2919 5386 3074 5431 IllSS.,
3094 5383 3326 5435 ettmque
3345 5377 3606 5434 praeterea
3632 5367 3832 5418 seriem

2251 5444 2515 5495 orationis
2574 5444 2976 5510 interrumpere
3015 5442 3319 5500 videantur,
3353 5438 3714 5506 expungenda
3768 5448 3832 5488 ea

2251 5526 2580 5566 censuimus.

2324 5581 2438 5651 (55)
2475 5583 2565 5636 Sic
2595 5591 2799 5648 septem
2839 5595 2967 5634 mss.
3000 5594 3152 5651 atque
3178 5593 3239 5631 ac
3271 5577 3543 5651 editiones
3564 5573 3747 5651 Paris.
3776 5585 3831 5651 et

2251 5646 2429 5774 gas”.
2459 5657 2525 5708 At
2564 5646 2712 5709 Colb.
2759 5662 2985 5707 mtarlus
3031 5646 3085 5706 ei
3114 5649 3316 5704 Catena
3349 5647 3682 5703 Corderiaua
3726 5649 3756 5700 ὁ
3779 5646 3832 5698 δὲ

2284 5739 2440 5774 ελων.

2284 5739 2418 5774 ελων
2430 5765 2440 5776 .
