4062 6456
282 418 384 470 255

1461 414 1743 469 IIOMlLIA
1781 416 1845 469 IN
1884 417 2211 472 PSALMUM
2253 417 2366 498 VII.

3421 415 3525 467 2'54

277 525 398 580 ἀπὸ
435 522 551 576 τῶν
587 525 922 579 διωκόντων
956 525 1066 596 (54)
1088 542 1101 556 ·
1142 527 1328 594 ῥῦσαι
1367 527 1424 578 δέ
1456 543 1532 595 με
1557 528 1670 579 ἐκεῖ
1698 531 1754 581 ὲν
1779 530 1840 600 τᾷ

1963 540 2108 589 tura.
2141 534 2356 588 Salvum
2381 535 2546 598 enim,
2581 534 2774 606 tnquit,
2805 549 2881 586 me
2906 534 3014 600 fac,
3053 530 3142 584 hic
3169 546 3198 582 a
3223 544 3528 599 persequen-

280 614 456 686 καιρῷ
490 615 587 686 τῆς
615 616 861 687 ἐρεύνης,
887 615 972 684 μή
1003 633 1146 671 ποτε
1183 618 1427 687 ἁρπάσῃ
1460 619 1539 683 ὡς
1569 619 1724 673 λέων
1746 622 1858 690 τὴν

277 707 490 776 ψυχήν
510 726 650 777 μου.
686 709 796 762 Καὶ
823 708 995 761 ταῦτα
1041 709 1229 780 μάθοις
1261 711 1325 765 ἂν
1354 711 1410 776 ἐξ
1446 710 1608 762 αὑτοῦ
1636 712 1727 762 τοῦ
1751 715 1856 767 Κυ-

280 800 397 869 ρίου
434 801 682 869 λέγοντος
728 800 855 870 περὶ
887 800 979 853 τὸν
1020 803 1206 873 καιρὸν
1251 802 1342 856 τοῦ
1385 802 1625 864 πάθως’
1665 803 1792 856 Νῦν
1825 809 1856 858 o’

277 890 477 962 ἄρχων·
516 892 620 946 τοῦ
651 892 880 960 κόσμου
912 895 1126 948 τούτου
1171 895 1437 963 ἔρχεται,
1491 893 1589 944 καὶ
1631 895 1698 946 ἐν
1729 896 1856 964 ἐμοὶ

276 982 397 1043 ἔξει
447 981 642 1035 οὐδέν.
709 983 847 1037 Ἀλλ’
882 987 909 1038 6
966 987 1092 1056 μὲν,
1152 987 1224 1055 μὴ
1282 985 1510 1054 ποιήσας
1561 986 1851 1058 ἁμαρτίαν,

277 1075 462 1142 ἔλεγεν
485 1074 626 1144 ἔχειν
654 1075 806 1130 οὐδέν
830 1095 841 1106 ·
874 1076 1144 1146 ἀνθρώπῳ
1173 1076 1228 1127 δὲ
1263 1073 1529 1144 αὔταρκες
1555 1115 1568 1138 ,
1609 1079 1702 1132 ἐὰν
1732 1077 1854 1129 τολ-

282 1169 431 1238 μήσῃ
460 1170 630 1222 εἰπεῖν
655 1208 669 1231 ,
703 1171 783 1221 ὃτι
812 1169 1062 1238 Ἔρχεται
1094 1168 1121 1217 ὁ
1153 1168 1333 1235 ἄρχων
1360 1166 1454 1219 τοῦ
1491 1170 1693 1240 κόσμου
1733 1168 1855 1221 τού-

276 1277 394 1323 του,
425 1261 519 1315 καὶ
549 1262 605 1312 ὲν
648 1260 770 1328 ἐμοὶ
819 1258 929 1320 ἕξει
968 1258 1123 1325 ὀλίγα
1157 1258 1251 1309 καὶ
1296 1259 1484 1329 μικρά.
1512 1261 1766 1321 Κίνδυνος
1799 1259 1853 1311 δὲ

276 1351 449 1405 ταῦτα
482 1351 691 1412 παθεῖν,
724 1348 816 1401 ἐὰν
847 1348 921 1420 μὴ
944 1348 1154 1418 ἔχωμεν
1178 1349 1268 1402 τὸν
1299 1348 1657 1423 λυτρούμενον
1681 1351 1848 1421 ἡμᾶς,

281 1444 414 1514 μηδὲ
447 1443 537 1493 τὸν
569 1439 827 1504 σώζοντα.
879 1440 1022 1511 Πρὸς
1051 1441 1119 1494 τὰ
1146 1441 1238 1494 δύο
1278 1443 1344 1496 τὰ
1387 1445 1718 1513 προκείμενα
1761 1441 1852 1491 δύο

276 1535 393 1586 ἐστὶ
423 1531 493 1582 τά
522 1532 864 1603 ὲπαγόμενα’
895 1531 1104 1586 Σῶσόν
1117 1549 1192 1600 με
1215 1533 1281 1584 ἐκ
1312 1532 1415 1584 τοῦ
1443 1533 1713 1600 πλήθους
1736 1529 1852 1581 τῶν

276 1622 613 1674 διωκόντων
638 1639 734 1691 με,
767 1622 864 1675 καὶ
885 1621 1069 1689 ῥῦσαι
1102 1621 1213 1691 (55)
1239 1662 1252 1685 ,
1289 1623 1374 1674 ἵνα
1405 1623 1477 1691 μή
1509 1638 1637 1673 ποτε
1668 1621 1847 1689 ἁρπα-

279 1712 412 1776 σθῶ,
441 1713 515 1777 ὡς
543 1714 615 1783 μὴ
642 1713 791 1776 ὄντος
816 1713 1204 1782 λυτρουμένου.

346 1805 398 1856 5.
421 1807 593 1871 Κύριε
613 1807 644 1857 ό
669 1804 810 1867 Θεός
826 1820 964 1871 μου,
996 1805 1046 1856 ει
1078 1802 1337 1868 ἐποίησα
1372 1804 1565 1867 τοῦτο,
1592 1808 1644 1858 εὶ
1679 1806 1848 1859 ἐστιν

275 1893 477 1946 ἀδικία
506 1894 575 1946 ἐν·
617 1895 790 1963 χερσί
825 1911 964 1962 μου,
996 1896 1048 1946 εί
1094 1892 1479 1946 ἀηαπέδωκα
1515 1896 1636 1959 τοῖς
1666 1898 1843 1950 ἀντα-
1885 1871 1904 1924 ί

277 1983 596 2038 ποδιδοῦσί
622 2003 724 2054 μοι
782 1985 954 2049 κακὰ,
1006 1983 1364 2053 ἁποπέσοιμι
1419 1986 1530 2053 ἄρα
1571 1988 1687 2040 ἀπὸ
1732 1988 1849 2041 τῶν

273 2073 502 2144 ἐχθρῶν
519 2093 638 2144 μου
682 2076 874 2141 κενός.
905 2072 1268 2138 Καταδιώξαι
1301 2073 1415 2142 ἄρα
1445 2078 1476 2128 ὁ
1507 2075 1716 2142 ἐχθρὸς
1737 2077 1850 2142 τὴν

275 2165 488 2234 ψυχήν
505 2185 643 2236 μου,
679 2168 774 2220 καὶ
799 2165 1141 2220 καταλάϐοι.
1183 2165 1415 2236 Σύνηθες
1445 2168 1508 2236 τῇ
1560 2167 1745 2237 Γραφῇ
1790 2167 1849 2220 τὸ

272 2257 376 2327 τῆς
417 2260 819 2322 ἀνταποδόσεως
857 2260 1026 2328 ὄνομα
1052 2259 1150 2310 οὐκ
1185 2259 1275 2311 ἐπὶ
1313 2257 1421 2311 τῶν
1454 2259 1843 2330 νομιζομένων.

273 2349 349 2411 ὼς
378 2350 718 2420 ὑπάρξαντός
742 2366 887 2411 τινος
917 2348 1121 2416 ἀγαθοῦ
1153 2349 1184 2418 ἢ
1215 2350 1408 2413 κακοῦ,
1453 2350 1610 2420 μόνον
1644 2352 1848 2422 λαμϐά-

271 2456 405 2503 νειν,
435 2439 572 2493 ἀλλὰ
617 2441 710 2494 καὶ
763 2440 855 2493 ἐπὶ
884 2438 991 2491 τῶν
1041 2441 1584 2512 προκαταρχομένων·
1635 2443 1709 2504 ὼς
1756 2444 1848 2495 ἐπὶ

270 2531 388 2596 τοῦ,
429 2532 779 2598 Ἁνταπόδος
804 2532 883 2599 τῷ
909 2533 1264 2600 δούιλῳοεου.
1306 2532 1450 2584 Ἀντὶ
1495 2531 1603 2602 γὰρ
1641 2533 1733 2585 τοῦ
1767 2536 1847 2586 εί-

272 2625 416 2686 πείν,
451 2623 568 2686 Δὸς,
598 2623 833 2695 εἴρηται,
873 2624 1246 2688 Ἀνταπόδος.
1274 2622 1428 2686 Δόσις
1454 2624 1551 2693 μὲν
1572 2619 1665 2676 οὖν
1704 2625 1848 2677 ἐστιν

272 2713 306 2782 ἡ
341 2715 586 2784 καταρχὴ
629 2716 725 2784 τῆς
759 2715 1024 2777 εὐποιίας,
1051 2714 1302 2778 ἀπόδοσις
1325 2714 1431 2784 δὲή
1460 2714 1554 2768 τοῦ
1598 2717 1711 2768 ἴσου
1750 2717 1848 2769 ἀν·-

269 2805 590 2875 τιμέτρησις
613 2805 763 2874 παρά
791 2804 883 2857 τοῦ
912 2801 969 2857 εὖ
993 2805 1315 2868 πεπονθότος
1340 2807 1466 2875 (56)·
1500 2808 1846 2871 ἀνταπόδοσις

270 2896 328 2949 δὲ
360 2896 590 2966 δευτέρα
617 2913 700 2959 τις
731 2896 872 2967 ἀρχὴ
907 2896 1000 2948 καὶ
1029 2896 1273 2967 περίοδος
1307 2896 1412 2948 τῶν
1444 2898 1844 2968 καταϐαλλομέ-

270 3006 376 3042 νων
403 2989 482 3051 εῐς
508 3007 659 3052 τινας
693 2989 911 3056 ἀγαθῶν
944 2990 976 3059 ἢ
1009 2989 1212 3042 κακῶν.
1258 2985 1420 3059 Οἶμαι
1461 2990 1538 3052 δὲ,
1571 2991 1696 3042 ὅταν
1727 2993 1846 3044 ἀντὶ

267 3080 368 3148 τῆς
392 3081 658 3151 αἰτήσεως
696 3081 860 3134 οἱονεὶ
886 3080 1180 3149 ἀπαίτησίν
1219 3098 1338 3132 τινα
1365 3080 1685 3150 ποιούμενος
1715 3083 1742 3132 6
1770 3081 1848 3132 λό·

268 3189 364 3240 γος
386 3175 484 3245 τὴν
513 3176 864 3229 ἀνταπόδοσιν
882 3175 1132 3245 ὲπιζητῇ,
1161 3175 1395 3228 τοιοῑτόν
1414 3192 1534 3227 τινα
1557 3175 1680 3228 νοῦν
1700 3193 1842 3248 παρ-

272 3267 412 3335 ιστᾷ·
445 3267 544 3330 ὅτι,
590 3268 661 3320 T6
700 3269 852 3340 παρά
891 3272 990 3340 τῆς
1029 3271 1240 3339 φύσεως
1292 3268 1601 3336 ἀναγκαίως
1635 3269 1843 3337 ὀφειλό-

271 3373 432 3426 μενον
465 3358 560 3428 τῆς
594 3361 904 3430 ἐπιμελείας
929 3363 1084 3432 χρέος
1118 3364 1229 3424 τοῖς
1262 3362 1502 3429 ἐγγόνοις
1538 3361 1686 3428 παρὰ
1736 3362 1842 3415 τῶν

306 3450 669 3518 εννησάντων,
703 3452 862 3504 τοῦτό
892 3471 976 3522 μοι
1017 3455 1318 3522 παράσχου.
1343 3455 1705 3524 Χρεωστείται
1733 3454 1841 3526 γὰρ

265 3545 477 3608 τέκνοις
507 3546 655 3616 παρὰ
690 3547 893 3617 πατρὸς
943 3545 1083 3599 κατά
1115 3547 1211 3615 τὴν
1257 3547 1487 3617 φυσικὴν
1541 3547 1768 3618 στοργήν
1805 3551 1836 3619 ὴ

268 3635 397 3705 περὶ
442 3635 535 3688 τοῦ
566 3635 680 3705 βίου
737 3637 981 3708 πρόνοια.
1030 3637 1328 3709 Ὀφείλουσι
1372 3637 1498 3707 γὰρ,
1563 3639 1742 3708 φησὶν,
1791 3642 1838 3692 οἱ

265 3731 444 3795 γονεῖς
463 3730 577 3791 τοῖς
610 3728 820 3791 τέκνοις
853 3727 1221 3799 θησαυρίζειν,
1257 3729 1342 3780 ἵνα
1377 3728 1511 3799 πρὸς
1539 3728 1614 3798 τῷ
1639 3728 1734 3799 ζῇν
1761 3730 1838 3781 ἔτι

266 3819 361 3872 καὶ
387 3820 482 3882 τὰς
512 3820 652 3873 κατὰ
680 3821 770 3873 τὸν
804 3819 915 3889 βίον
940 3821 1119 3882 αὐτοῖς
1152 3820 1401 3890 ἀφορμὰς
1431 3820 1835 3890 παράσχωνται.

267 3908 517 3962 Τοιοῦτόν
553 3911 667 3962 ἐστι
699 3910 955 3972 πολλάκις
988 3910 1078 3962 ἐπὶ
1091 3909 1190 3979 τῆς
1220 3910 1439 3980 Γραφῆς
1471 3912 1526 3962 ἐν
1556 3914 1673 3973 ταῖς
1704 3929 1837 3982 προ-

267 4003 658 4068 καταρκτικαῖς
674 4001 974 4071 ἐνεργείαις
994 4000 1050 4052 τὸ
1076 4001 1321 4071 ἀπόδομα
1344 4003 1374 4071 ἢ
1406 4001 1466 4055 τὸ
1495 4003 1838 4074 ἀνταπόδομα

269 4090 848 4162 παραλαμϐανόμενον.
879 4093 990 4145 Νῦν
1028 4094 1083 4144 δὲ
1116 4093 1255 4146 ἔοικε
1281 4094 1543 4166 θαρρεῖνὸ
1575 4095 1838 4167 λέγωντῴ

271 4182 344 4253 μὴ
380 4183 782 4237 ἀντιδεδωκέναι
827 4187 937 4246 τοῖς
973 4185 1378 4238 ἀκαταποδιδοῦσι
1409 4187 1572 4253 κακὰ,
1606 4187 1677 4258 μὴ
1712 4191 1837 4242 ἀντ-

265 4275 656 4328 αποδεδωκέναι
677 4275 746 4328 τὰ
762 4277 1020 4346 ὃμοια.Εὶ
1043 4272 1154 4330 οὖν
1184 4277 1439 4342 ἐποίησα
1469 4278 1662 4341 τοῦτο,
1678 4280 1770 4332 καὶ
1787 4283 1838 4334 ει

264 4366 652 4420 ἀνταπέδωκα
675 4366 796 4432 τοῖς
812 4367 1280 4421 ἀνταποδιδοῦσί
1300 4385 1401 4435 μοι
1425 4368 1594 4433 κακὰ,
1617 4371 1837 4424 ἀποπέ-

263 4469 426 4523 σοιμι
459 4456 571 4524 ἄρα
601 4459 718 4512 ἀπὸ
741 4457 856 4512 τῶν
885 4457 1113 4527 ἐχθρῶν
1135 4475 1251 4525 μου
1276 4459 1468 4522 κενός.
1510 4461 1676 4523 Κενὸς
1705 4462 1837 4514 ἀπο»

266 4548 452 4599 πίπτει
507 4548 614 4601 ἀπὸ
642 4550 749 4602 τῶν
806 4550 1016 4621 ἐχθρῶν
1063 4549 1090 4601 6
1135 4550 1231 4620 τῆς
1274 4550 1490 4621 χάριτος
1524 4552 1622 4622 τῆς
1653 4555 1715 4605 ὲκ
1739 4553 1829 4606 τοῦ

264 4637 623 4709 πληρώματος
648 4640 741 4693 τοῦ
760 4641 996 4712 Χριστοῦ
1031 4641 1296 4696 ἐκπεσών.
1331 4642 1692 4707 Καταδιώξαι
1719 4643 1832 4710 ἄρα

263 4734 296 4782 ὀ
319 4731 528 4799 ἐχθρός
552 4732 666 4801 τὴν
690 4734 900 4801 ψυχήν
921 4752 1059 4803 μου,
1092 4736 1188 4788 καὶ
1217 4735 1558 4799 καταλάϐοι,
1594 4739 1691 4790 καὶ
1722 4755 1829 4789 κα-

261 4823 598 4890 ταπατῆσαι
628 4829 715 4890 εἰς
740 4826 856 4895 γῆν
881 4825 995 4894 τὴν
1013 4827 1162 4893 ζὶυήν
1187 4846 1324 4897 μου.
1356 4828 1461 4880 Τοῦ
1497 4830 1590 4899 μὲν
1620 4830 1825 4882 δικαίου

261 4912 295 4982 ἡ
342 4911 507 4983 ψυχὴ.
565 4917 904 4987 χωριζομένη
952 4917 1050 4986 τῆς
1104 4920 1238 4989 πρὸς
1287 4921 1347 4972 τὸ
1405 4921 1560 4991 σῶμα
1608 4939 1825 4992 συμπα-

261 5001 407 5066 θείας
440 5005 572 5074 (57),
602 5009 698 5079 τὴν
723 5008 865 5078 ζωὴν
895 5007 1006 5077 ἔχει
1050 5011 1436 5082 κεκρυμμένην
1470 5013 1564 5065 σὺν
1587 5013 1664 5083 τῷ
1691 5016 1825 5084 Χρι-

330 5118 376 5148 ⁵³
412 5116 566 5173 Joan.
614 5136 722 5188 xw,
763 5120 852 5175 ὅθ.
946 5122 991 5153 ⁸⁸
1031 5121 1172 5175 Pszil.
1218 5138 1406 5187 cxvnt,
1455 5126 1538 5179 i7.

333 5212 445 5278 (56)
471 5210 560 5282 Sic
589 5214 824 5281 quinque
856 5229 984 5268 mss.
1014 5212 1144 5282 Reg.
1180 5229 1316 5268 unus
1359 5225 1412 5269 et
1454 5217 1603 5271 Coll).
1637 5231 1820 5274 sextus

255 5281 720 5335 καταδιωκόντων.
751 5285 1024 5338 Editiones
1052 5281 1216 5336 Bitsil.
1251 5295 1304 5336 et
1327 5285 1498 5339 Paris.
1535 5298 1590 5339 et
1616 5288 1814 5342 Catena

255 5355 478 5406 L‘order.
515 5353 956 5406 καταδιωκόντων
991 5371 1057 5423 με
1087 5371 1100 5406 :
1125 5355 1216 5407 sed
1253 5355 1404 5418 illud,
1449 5374 1539 5423 με,
1575 5357 1628 5411 in
1675 5359 1818 5412 nullo

257 5375 478 5406 LUI‘thT.
515 5375 956 5406 καταοιωκοντων
991 5375 1057 5423 με
1087 5375 1100 5406 Ξ
1125 5375 1216 5407 seu
1253 5375 1404 5418 llllltl,
1491 5375 1539 5416 ε,
1575 5375 1628 5411 tn
1675 5375 1818 5412 ιιιιιιο

257 5434 360 5497 ius.
388 5424 668 5497 reperitur,
699 5423 801 5476 nisi
839 5424 983 5497 forte
1017 5427 1068 5476 in
1102 5439 1228 5477 uno.
1282 5423 1400 5480 Mox
1449 5375 1586 5497 ᾔεις.
1629 5431 1819 5482 tertius

256 5490 417 5562 habet
448 5493 688 5562 εὑρίσκει
720 5509 815 5561 pro
839 5493 970 5558 ἕξει.

329 5560 441 5638 (55)
503 5560 923 5638 (Iolb._quartu_s
975 5563 1310 5638 διωκόντων,
1356 5568 1448 5619 καὶ
1509 5567 1668 5638 ῥῦσαί
1730 5586 1817 5638 με.

256 5628 456 5704 Ibideni
513 5628 778 5704 reperitur
822 5633 913 5684 τοῦ
975 5634 1026 5686 in
1070 5628 1338 5704 aliquibus
1381 5628 1519 5690 mss:
1567 5651 1692 5691 ante
1723 5628 1816 5690 λυο

253 5700 573 5776 τρουιμὲνου.
611 5702 751 5754 Infra
793 5704 846 5776 in
883 5719 989 5776 uno
1021 5720 1121 5758 IIIS.
1157 5700 1376 5773 perinde
1402 5724 1464 5760 ac
1501 5712 1550 5760 in
1613 5709 1818 5762 Catena

251 5769 475 5887 (lorlder.
545 5786 640 5840 pro
691 5771 1062 5842 νομιζομένων
1125 5769 1321 5846 legitur
1377 5777 1782 5848 ἁντιδιδομένων

254 5853 338 5887 nia
365 5853 410 5887 υ.

254 5853 410 5890 Nlalt}.

1627 5128 1673 5158 "
1713 5129 1749 5182 II
1782 5129 1904 5184 Cor.

1963 624 2102 677 tibus
2129 642 2244 690 me;
2275 625 2440 678 libera
2475 641 2554 678 me
2587 641 2716 682 vero
2743 626 2854 683 illic
2881 634 3123 695 tempore
3149 622 3436 686 examinis,
3466 639 3529 676 ne

1962 725 2170 782 quando
2194 718 2362 784 rapiat
2395 727 2452 770 ut
2475 717 2553 771 leo
2594 719 2823 772 animam
2859 732 3050 771 meam.
3081 717 3146 770 Et
3171 715 3286 769 haec
3313 730 3379 769 ex
3413 719 3526 783 ip50

1961 805 2186 864 Domino
2234 808 2442 861 discere
2483 819 2657 877 potes,
2690 810 2834 863 circa
2871 823 2982 866 suze
3014 808 3281 875 passionis
3317 814 3525 872 tempus

1957 898 2168 954 dicente
2197 921 2209 954 :
2245 898 2403 952 Nunc
2433 900 2672 968 princeps
2700 900 2858 968 hujus
2891 901 3071 954 mundi
3098 902 3254 963 venit,
3287 910 3332 954 et
3363 902 3416 953 in
3444 917 3525 952 me

1965 1006 2068 1041 non
2088 993 2290 1045 habebit
2309 991 2671 1060 quidquam”.
2697 990 2982 1044 Enimvero
2999 994 3086 1061 qui
3112 1000 3388 1061 peccatum
3417 1007 3520 1043 non

1957 1083 2274 1148 admiserat,
2308 1083 2443 1137 nihil
2489 1082 2692 1137 habere
2723 1082 2933 1136 dicebat
2959 1099 2972 1145 ;
3002 1086 3131 1137 satis
3156 1093 3336 1138 autem
3362 1079 3523 1134 fuerit

1959 1172 2194 1236 homini,
2241 1175 2283 1227 si
2328 1176 2525 1228 audeat
2561 1173 2742 1228 dicere
2789 1194 2800 1227 :
2856 1174 3014 1227 Venit
3057 1176 3305 1244 princeps
3337 1175 3519 1228 mundi

1959 1261 2137 1329 hujus,
2173 1273 2226 1317 et
2256 1266 2306 1316 in
2340 1280 2426 1320 tne
2456 1264 2673 1319 habebit
2719 1280 2886 1332 pauca
2922 1274 2974 1318 et
3001 1279 3182 1334 parva.
3215 1267 3281 1318 At
3313 1267 3521 1330 pericu-

1956 1354 2062 1406 lum
2101 1363 2183 1408 est
2209 1369 2274 1407 ne
2321 1355 2433 1408 haec
2466 1355 2741 1418 accidant,
2776 1355 2877 1410 nisi
2909 1356 3048 1409 adsit
3070 1355 3158 1424 qui
3189 1355 3434 1419 redimat,
3468 1366 3521 1406 et

1955 1445 2130 1497 salvos
2157 1459 2254 1498 nos
2286 1443 2465 1497 faciat.
2509 1445 2726 1499 Duobus
2750 1448 3038 1517 propositis
3062 1449 3164 1500 duo
3188 1447 3519 1515 Sllitjtlligllll-

1956 1545 2059 1587 tur.
2086 1534 2303 1589 Salvum
2327 1550 2407 1586 me
2433 1536 2518 1603 fac
2545 1552 2611 1588 ea:
2629 1540 2963 1592 multitudine
2987 1538 3399 1607 persequentium
3420 1553 3516 1598 nte,

1953 1635 2003 1676 et
2035 1625 2199 1679 libera
2249 1641 2350 1686 nte,
2399 1640 2464 1677 ne
2495 1631 2709 1684 ouando
2745 1630 2940 1698 rapiar,
2976 1632 3127 1696 quasi
3163 1644 3265 1683 non
3309 1629 3380 1680 sit
3428 1627 3519 1694 qui

1954 1719 2195 1771 redimat.

2021 1810 2073 1862 5.
2118 1809 2280 1865 Vens.
2311 1810 2425 1864 4-6.
2467 1809 2686 1865 Domine
2719 1812 2856 1865 Deus
2885 1829 3050 1874 meus,
3083 1814 3130 1865 si
3159 1811 3253 1878 feci
3293 1813 3517 1872 istud,si

1951 1912 2023 1953 est
2053 1902 2304 1971 iniquitas
2336 1905 2392 1957 in
2434 1903 2677 1957 manibus
2701 1903 2852 1969 meis,
2881 1904 2925 1956 si
2959 1905 3162 1956 reddidi
3189 1903 3521 1955 retribuenti-

1952 1995 2045 2045 bus
2070 1994 2198 2046 mihi
2231 1994 2394 2057 mala,
2420 1997 2653 2048 decidam
2678 2011 2798 2065 ergo
2827 1996 2889 2046 ab
2922 1995 3148 2048 inimicis
3172 1996 3296 2048 meis
3319 1995 3514 2046 inanis.

1959 2085 2307 2154 Persequatur
2351 2103 2472 2153 ergo
2502 2087 2747 2142 inimicus
2787 2089 3017 2141 animum
3059 2103 3257 2149 meam,
3291 2096 3336 2139 et
3371 2102 3516 2139 com-

1949 2178 2256 2246 prehendat.
2297 2176 2578 2248 Scriptura
2620 2193 2726 2231 non
2773 2178 2945 2232 solum
2994 2189 3212 2247 recepto
3242 2193 3388 2231 more
3428 2194 3515 2231 re-

1949 2270 2254 2324 tributionis
2279 2285 2473 2325 nomen
2501 2283 2763 2339 usurpare
2804 2270 2960 2333 solet,
2993 2285 3112 2322 cum
3148 2269 3393 2323 videlicet
3425 2268 3518 2322 bo-

1948 2376 2072 2414 num
2124 2361 2338 2430 aliquod
2375 2370 2469 2413 aut
2520 2360 2719 2413 malum
2759 2361 3070 2428 praecessit,
3121 2362 3213 2415 sed
3260 2363 3311 2413 in
3362 2361 3518 2416 initio

1946 2453 2106 2504 etiam
2153 2453 2460 2512 actionum;
2515 2459 2571 2502 ut
2605 2449 2658 2503 in
2704 2451 2807 2504 hoc
2851 2450 2969 2505 loco
3012 2469 3024 2503 :
3083 2449 3327 2503 Iletribue
3367 2465 3516 2502 servo

1948 2553 2032 2594 tuo
2061 2541 2125 2594 “.
2158 2541 2293 2594 Cum
2320 2539 2460 2594 enim
2492 2539 2672 2594 dicere
2701 2541 3010 2606 debuisset,
3067 2541 3277 2594 tribue:
3312 2541 3512 2594 dictum

1946 2643 2046 2694 est,
2081 2631 2347 2687 Retribue.
2385 2634 2520 2686 Dare
2546 2633 2733 2704 igitur,
2758 2632 2971 2686 initium
2997 2643 3080 2688 est
3103 2633 3512 2688 benefaciendi:

1949 2723 2168 2777 reddere
2194 2737 2341 2788 vero,
2369 2723 2508 2777 actio
2537 2725 2651 2792 ejus
2672 2723 2765 2792 qui
2806 2723 3121 2779 benelicium
3151 2725 3382 2792 accepit,
3416 2739 3516 2794 par

1945 2818 2058 2886 pari
2112 2817 2431 2880 referentis;
2470 2818 2754 2871 retributio
2795 2828 2970 2871 autem
3005 2818 3297 2872 secundum
3337 2818 3511 2886 quod-

1947 2913 2065 2964 dam
2114 2920 2196 2964 est
2244 2909 2589 2978 principium,
2634 2923 2698 2964 ac
2747 2908 3063 2963 vicissitudo
3113 2909 3372 2961 bonorum
3419 2917 3511 2960 aut

1947 3003 2205 3055 malorum
2246 3002 2406 3071 100
2435 3003 2486 3054 in
2512 3001 2772 3070 quosdam
2798 2999 3132 3054 collatorum.
3159 2998 3270 3052 Mea
3294 3000 3512 3068 quidem

1946 3093 2233 3156 sententia,
2266 3108 2390 3146 cum
2422 3107 2602 3146 sermo
2641 3107 2739 3160 pro
2773 3091 3033 3160 petitione
3067 3106 3263 3146 nomen
3289 3091 3510 3144 adhibet

1871 3216 1913 3272 ο
1948 3181 2099 3246 quasi
2125 3182 2460 3250 repetitionis
2483 3182 2800 3251 alicujus,et
2822 3183 3231 3236 retributionem
3261 3183 3507 3251 requirit,

1950 3272 2108 3325 talem
2135 3272 2420 3340 quemdam
2447 3288 2680 3337 ,sensum
2728 3275 2947 3342 pr:el'ert
2993 3291 3005 3326 :
3063 3272 3511 3328 Provitlentiaaac

1946 3379 2088 3416 cum
2120 3363 2381 3428 debitum,
2414 3364 2556 3431 quod
2589 3372 2777 3416 natura
2812 3365 3165 3419 necessarioa
3191 3365 3509 3432 parentibus

1946 3455 2067 3508 liliis
2094 3455 2336 3519 debetur,
2361 3455 2461 3510 hoc
2488 3455 2617 3509 mihi
2646 3455 2861 3511 exhibe.
2895 3455 3102 3511 Liberis
3127 3456 3271 3511 enim
3299 3472 3326 3510 a
3358 3465 3512 3524 patre

1942 3547 2234 3601 secundum
2263 3547 2559 3601 naturalem
2592 3562 2832 3601 amorem
2861 3549 3085 3601 debetur
3112 3562 3287 3602 rerum
3321 3549 3388 3601 ad
3426 3548 3507 3599 vi-

1943 3651 2049 3692 tam
2071 3636 2452 3706 pertinentium
2481 3651 2631 3690 cura.
2665 3635 2868 3692 Debent
2894 3637 3058 3701 enim,
3089 3637 3285 3706 inquit,
3316 3651 3518 3704 parcum

1943 3739 2023 3783 tes
2056 3729 2180 3783 ﬁliis
2224 3729 2590 3782 thesaurizare
2615 3730 2683 3792 ⁸⁵,
2715 3738 2772 3783 ut
2797 3739 2992 3798 praeter
3015 3729 3210 3789 vitam,
3241 3729 3415 3781 adhuc
3455 3736 3511 3781 et.

1940 3821 2148 3876 vivendi
2181 3822 2417 3875 subsidia
2452 3823 2532 3876 eis
2565 3824 3000 3876 subministrent.
3033 3819 3090 3873 ιιι
3123 3821 3309 3890 primis
3338 3822 3506 3876 actio-

1942 3913 2098 3966 nibus
2126 3929 2263 3981 szepe
2292 3915 2358 3966 ad
2393 3915 2534 3968 hunc
2562 3916 2778 3966 modum
2811 3913 2864 3966 in
2897 3912 3179 3982 Scriptura
3217 3924 3506 3983 usurpatur

1942 4001 2194 4064 redditio,
2223 4018 2316 4056 seu
2349 4004 2650 4056 retributio.
2686 4001 2837 4057 Nunc
2869 4013 3045 4057 autem
3075 4003 3331 4071 pr0pheta
3362 4005 3412 4056 in
3439 4019 3504 4057 eo

1939 4095 2148 4148 videtur
2175 4093 2470 4161 conlidere,
2505 4097 2647 4163 quod
2691 4110 2788 4148 nec
2830 4096 3124 4150 reddiderit
3155 4095 3506 4148 retribuenti-

1940 4187 2041 4241 bus
2078 4186 2247 4253 mala,
2295 4201 2394 4240 nec
2439 4187 2636 4240 similia
2680 4187 2992 4242 reddiderit.
3042 4186 3253 4253 Itaque,
3304 4183 3362 4239 Si
3403 4187 3504 4246 feci

1938 4279 2100 4341 istud,
2124 4290 2170 4333 et
2199 4281 2244 4332 si
2268 4281 2471 4333 reddidi
2493 4281 2897 4333 retribuentibus
2922 4279 3049 4332 mihi
3073 4281 3235 4344 mala,
3265 4281 3502 4333 decidunt

1938 4386 2061 4439 ergo
2097 4372 2160 4424 ab
2195 4372 2428 4424 inimicis
2462 4373 2586 4425 meis
2619 4373 2813 4424 inanis.
2848 4370 3024 4425 Inanis
3056 4376 3120 4426 ab
3151 4372 3383 4426 inimicis
3409 4375 3501 4426 de-

1936 4463 2068 4515 cidit
2094 4463 2168 4525 is,
2203 4464 2292 4530 qui
2334 4476 2399 4516 ex
2435 4463 2628 4532 gratia,
2661 4479 2782 4532 qua:
2814 4479 2878 4519 ex
2927 4464 3262 4533 plenitudine
3294 4466 3499 4519 Christi

1865 4584 1907 4640 υ
1937 4565 2048 4616 est,
2096 4554 2315 4607 excidit.
2374 4553 2728 4624 Persequatur
2777 4557 2940 4624 igitur
2971 4558 3217 4609 inimicus
3269 4560 3501 4610 animam

1939 4662 2128 4707 meam,
2167 4656 2214 4698 et
2248 4647 2643 4712 comprehendat
2686 4657 2734 4700 et
2775 4649 3039 4701 conculcet
3075 4651 3126 4700 in
3170 4659 3308 4701 terra
3341 4650 3501 4702 vitam

1938 4755 2127 4793 meam.
2161 4737 2295 4793 Justi
2326 4740 2544 4808 quidem
2572 4742 2749 4794 anima
2785 4742 2852 4793 ab
2889 4739 3169 4794 aﬂ‘ectibus
3199 4753 3250 4793 et
3281 4756 3502 4796 consor-

1938 4834 2011 4886 tio
2050 4833 2296 4899 corporis
2333 4845 2538 4886 secreta
2563 4873 2576 4896 ,
2606 4833 2767 4885 vitam
2809 4832 3110 4886 habetcum
3141 4832 3356 4887 Christo
3379 4834 3498 4888 abs-

1933 4925 2204 4978 conditam
2255 4925 2307 4977 in
2345 4926 2490 4989 Deo,
2529 4935 2587 4976 ut
2624 4940 2744 4976 cum
2791 4923 3043 4991 Apostolo
3075 4925 3252 4979 dicere
3291 4935 3496 4992 queat:

1952 5013 2072 5068 Vico
2099 5024 2271 5068 autem
2307 5015 2421 5084 jam
2447 5031 2547 5068 non
2570 5031 2682 5082 ego,
2707 5015 2827 5066 vivit
2856 5031 2973 5068 vero
2990 5015 3045 5068 in
3069 5032 3147 5069 me
3171 5014 3411 5070 Christus
3429 5017 3495 5082 ἐς

1944 5145 2041 5194 xn,
2076 5129 2159 5182 14.
2237 5129 2282 5159 ⁵⁸
2318 5129 2435 5183 Gal.
2469 5143 2526 5193 n,
2558 5126 2645 5181 20.

1991 5217 2113 5290 ’(56)
2150 5220 2250 5295 Sic
2277 5220 2570 5274 (Zolbertini
2599 5230 2824 5287 quartus
2843 5229 2896 5273 et
2918 5221 3177 5295 septimus
3209 5238 3330 5275 enim
3363 5225 3491 5295 Reg.

1926 5302 2096 5344 sexto.
2149 5292 2251 5343 Alii
2305 5301 2537 5357 quatuor
2592 5307 2719 5342 mss.
2773 5305 2893 5359 cum
2950 5292 3107 5345 editis
3143 5292 3493 5359 πεπονθότος.

1926 5360 2089 5413 Paulo
2122 5372 2242 5429 post
2277 5361 2425 5414 Colb.
2460 5371 2684 5427 quartus
2713 5358 2975 5428 ἐπιζητεῖ.
3013 5362 3206 5415 Ibidem
3233 5364 3281 5414 in
3306 5358 3493 5418 eodem

1927 5447 2026 5504 ius.
2059 5431 2257 5504 legitur
2290 5430 2639 5504 naptcrcdvatt.
2677 5430 2795 5483 Mox
2834 5435 2936 5504 duo
2972 5432 3335 5504 uiss_._'réxvm.
3384 5435 3496 5491 Hoc

1927 5501 2043 5568 ipso
2077 5501 2128 5552 in
2159 5500 2272 5553 loco
2306 5501 2459 5554 Coll).
2492 5500 2755 5567 septimus
2787 5502 2912 5570 περὶ
2945 5502 3049 5553 τῶν
3071 5502 3205 5570 βίου.

1992 5571 2104 5636 (57)
2138 5570 2232 5623 Hic
2258 5572 2471 5642 variant
2504 5582 2716 5642 veteres
2749 5571 2866 5623 libri
2892 5583 3029 5624 tnlcr
3062 5590 3138 5626 se.
3169 5576 3220 5625 ΙΙΙ
3246 5573 3327 5626 hi5
3356 5575 3491 5642 10-3“

1929 5650 2014 5712 tur
2044 5641 2330 5706 συναφείας
2361 5659 2393 5712 ελ
2433 5642 2484 5693 iu
2520 5641 2643 5712 illis,
2677 5643 2750 5692 uti
2791 5644 2840 5693 in
2896 5642 3074 5702 editis,
3124 5641 3488 5712 συμπαθείας.

1927 5708 2141 5781 lbident
2173 5713 2338 5762 editio
2371 5710 2544 5763 Paris.
2602 5709 2714 5778 ἕχει
2746 5713 2843 5781 τήν
2885 5729 2897 5764 :
2943 5713 3035 5764 sed
3094 5708 3208 5766 illa'
3244 5718 3490 5781 repetitio

1929 5780 2145 5853 articuli
2183 5783 2605 5853 ItOtlwl‘epcllillll‘
2659 5786 2709 5835 in
2757 5780 2888 5836 tnss.
2939 5783 2993 5836 lu
3042 5780 3317 5853 aliquibus
3355 5803 3484 5841 mss.

1931 5851 2127 5917 legitur
2161 5850 2255 5903 σὺν
2295 5850 2514 5921 Χριστῴ
