4062 6442
579 362 682 419 £55
1896 365 1952 418 S.
1998 363 2245 419 BASlLll
2282 363 2496 420 MAGNI
3738 364 3844 418 236

578 486 663 541 et,
702 476 856 541 Quod
889 486 1062 530 antem
1099 493 1235 532 nunc
1267 477 1376 532 rivo
1410 479 1465 533 in
1495 495 1681 546 carne,
1711 482 1766 537 in
1804 480 1908 550 [ide
1941 480 2052 533 vivo
2081 479 2140 534 ⁸⁷.

2251 477 2360 548 στῷ
2391 479 2448 530 ὲν
2474 476 2552 550 τῷ
2571 479 2709 547 Θεῳ·
2741 476 2882 530 ὥστε
2897 478 3155 534 δύνασθαι
3185 475 3362 545 λέγειν
3395 478 3538 534 κατά
3575 478 3670 533 τὸν
3687 479 3845 531 Ἀπό-

576 567 888 623 Peccatoris
924 576 1126 634 autem,
1164 578 1220 626 et
1261 569 1415 637 ejus,
1457 572 1546 642 qui
1594 574 1890 630 secundum
1928 586 2140 627 carnem

2252 569 2454 635 στολον,
2488 572 2568 624 ὅτι
2595 569 2686 622 Ζῶ
2723 569 2792 622 δὲ
2827 572 3029 626 οὐκέτι
3059 572 3194 643 ἐγὼ,
3219 569 3285 640 ζῇ
3321 570 3390 622 δὲ
3421 573 3490 624 ἐν
3516 573 3648 643 ἐμοὶ
3701 572 3842 640 Χρε-

573 658 732 725 vivit,
765 658 1154 729 corporeisque
1185 658 1544 730 voluptatibus
1576 662 1907 735 inquinatur,
1942 663 2145 731 anima,

572 749 632 806 in
665 752 849 807 carnis
873 752 1265 822 cupiditatibus
1298 764 1552 826 tauquam
1585 756 1639 811 in
1683 758 1795 812 luto
1834 754 2144 812 volutatur:

573 856 735 911 quam
782 843 1149 899 conculcatam
1187 847 1359 918 magis
1387 860 1449 900 ac
1491 849 1663 916 magis
1703 847 1954 902 inimicus
1997 861 2148 901 com-

575 932 869 1000 maculare,
905 944 961 990 et
991 935 1152 990 veluti
1187 935 1351 993 humo
1387 935 1592 1005 ingesta
1622 941 1855 994 obruere
1891 947 2139 1003 conatur,

574 1025 789 1082 irruens
826 1025 881 1080 in
904 1026 1195 1096 iacentem,
1227 1039 1280 1084 et
1310 1028 1422 1083 suis
1461 1029 1689 1095 pedibus
1736 1028 1885 1082 illum
1917 1028 1971 1082 in
2000 1037 2142 1084 terra

575 1127 879 1188 proterens,
904 1119 1006 1173 hoc
1029 1129 1131 1182 est.
1172 1120 1224 1175 in
1257 1121 1372 1190 ipso
1396 1133 1623 1188 corpore
1653 1120 1978 1175 conculcans
2001 1120 2143 1190 ejus,

572 1208 666 1277 qui
692 1209 872 1277 lapsus
899 1219 1003 1276 est,
1036 1211 1221 1267 vitam.
1253 1211 1315 1264 Et
1343 1209 1566 1280 gloriam
1606 1227 1772 1263 meum
1799 1210 1856 1264 in
1882 1209 2144 1277 pulverem

573 1299 819 1354 deducat.
856 1299 1178 1358 Sanctorum
1207 1301 1349 1356 enim
1398 1304 1488 1370 qui
1531 1301 1582 1354 in
1625 1301 1778 1356 cmlis
1813 1315 2142 1356 conversan-

576 1400 685 1456 lur,
725 1400 782 1448 et
826 1392 928 1448 sibi
975 1394 1026 1448 in
1077 1393 1343 1447 thesauris
1386 1392 1730 1462 sempiternis
1771 1389 1910 1444 bona
1946 1407 2145 1461 conge-

576 1491 723 1551 runt,
749 1483 916 1552 gloria
943 1486 993 1537 in
1021 1485 1158 1537 caelo
1180 1497 1298 1548 est;
1335 1496 1672 1539 terrenorum
1703 1498 1830 1537 vero
1859 1491 1912 1536 et
1947 1499 2143 1540 secun-

573 1573 700 1625 dmn
728 1589 940 1628 carnem
988 1577 1280 1630 virentium
1326 1577 1496 1645 gloria
1523 1579 1575 1630 in
1614 1575 1832 1646 pulvere
1871 1577 2143 1632 demorari

573 1665 789 1719 dicitur.
833 1666 932 1732 Qui
981 1670 1125 1721 enim
1171 1669 1222 1721 in
1261 1671 1454 1739 opibus
1502 1669 1730 1722 terrenis
1761 1667 2046 1738 gloriatur,
2090 1679 2146 1723 et

574 1756 852 1811 hominum
879 1757 1138 1812 honorem
1176 1760 1324 1814 brevi
1369 1770 1611 1828 tempore
1657 1759 1975 1815 duraturum
2019 1775 2144 1828 pro-

573 1849 840 1916 sequitur,
872 1862 935 1903 ac
973 1865 1152 1904 rerum
1186 1851 1545 1919 corporalium
1595 1851 1749 1920 copia
1797 1851 2054 1914 confidit,
2094 1850 2143 1906 is
2173 1836 2219 1897 Β

572 1939 675 1995 sibi
709 1941 934 2008 gloriam
978 1940 1267 2009 conciliat,
1312 1957 1418 1996 non
1468 1942 1520 1997 in
1569 1942 1767 1999 ctelum
1804 1944 2140 2008 tendentem,

570 2031 662 2094 sed
694 2033 745 2086 in
775 2032 995 2101 pulvere
1025 2047 1449 2096 permanentem.

642 2312 805 2369 Vens.
849 2316 899 2367 7.
944 2316 1205 2387 Exsurge,
1241 2316 1482 2379 Domine,
1517 2317 1572 2369 in
1615 2317 1696 2370 ira
1728 2327 1816 2371 tnu
1853 2333 1872 2372 :
1907 2321 2141 2373 exaltare

569 2406 624 2460 in
651 2405 843 2475 ﬁnibus
873 2407 1204 2462 inimicorum
1230 2425 1486 2466 meorum.
1535 2409 1846 2481 Mysterium
1893 2426 2140 2466 resurre-

569 2498 767 2555 ctionis
801 2497 912 2568 iam
941 2499 1199 2571 compleri
1231 2496 1453 2572 exoptat
1493 2501 1780 2572 Propheta,
1822 2504 1887 2557 ad
1934 2503 2139 2571 peccati

568 2606 758 2647 eorum
786 2593 1168 2659 abolitionem;
1197 2607 1288 2648 aut
1315 2610 1429 2649 eam
1457 2595 1507 2647 in
1542 2611 1703 2647 cruce
1731 2595 2136 2662 exaltationetn,

566 2670 687 2752 quia
719 2683 895 2739 futura
932 2697 1084 2749 erat,
1123 2696 1402 2754 postquam
1450 2685 1515 2737 ad
1561 2685 1804 2738 ultimum
1852 2688 2137 2743 terminum

565 2784 716 2830 esset
763 2775 1104 2830 inimicorum
1145 2776 1347 2831 malitia
1386 2789 1593 2833 evecta.
1632 2778 1737 2832 Aut
1761 2780 1924 2833 etiam
1961 2783 2142 2838 verbis

569 2865 698 2931 illis,
735 2863 987 2921 Exaltare
1014 2868 1069 2920 in
1109 2867 1303 2935 ﬁnibus
1345 2869 1681 2923 inimicorum
1714 2887 1977 2937 meorum,
2020 2873 2142 2927 talis

566 2956 814 3022 quaedam
839 2958 1081 3027 subjecta
1112 2972 1196 3014 est.
1219 2962 1403 3014 notio:
1438 2963 1716 3024 nimirum,
1741 2963 2138 3029 quantumlibet

567 3047 873 3101 ascenderit
909 3049 1131 3113 malitia,
1165 3049 1381 3102 etiamsi
1415 3053 1479 3103 ad
1517 3053 1840 3105 immensum
1873 3067 2138 3122 pervene-

571 3137 661 3204 rit,
693 3152 860 3209 seque
905 3139 958 3193 in
990 3141 1258 3197 inﬁnitum
1287 3142 1559 3208 eﬂuderit,
1587 3159 1649 3199 ea
1685 3161 1787 3214 qua
1826 3146 1992 3216 polles
2024 3147 2134 3201 vir-

2249 661 2414 727 στός’
2453 663 2566 725 καὶ,
2629 663 2698 714 Ὃ
2728 661 2796 715 δὲ
2820 661 2937 716 νῦν
2968 662 3040 721 ζῶ
3060 665 3130 716 ἐν
3159 662 3362 732 σαρκὶ,
3401 661 3471 714 ἐν
3499 666 3708 719 πίστει
3745 661 3837 724 ζῶ.

2249 750 2355 803 Τοῦ
2376 751 2432 804 δὲ
2463 750 2791 824 ἀμαρτωλοῦ
2823 751 2916 805 καὶ
2950 751 3093 804 κατὰ
3138 753 3314 825 σάρκα
3345 750 3544 816 ζῶντος
3571 756 3668 808 καὶ
3698 772 3841 825 cutt-

2249 844 2598 914 πεφυρμένου
2623 845 2744 906 ταῖς
2764 842 2854 897 τοῦ
2877 841 3127 912 σώματος
3165 844 3377 914 ἡδοναῖς
3398 843 3430 914 ὴ
3462 841 3608 914 ψυχὴ
3635 840 3752 900 οἷον
3783 844 3840 897 ἐν

2252 932 2499 1005 βορϐόρῳ
2553 936 2665 996 τοῖς
2703 935 2899 988 πάθεσι
2941 933 3042 1004 τῆς
3088 935 3290 1005 σαρκὸς
3324 934 3734 1005 ὲγκεκύλισται’
3770 936 3839 1007 ἡν

2248 1025 2340 1078 καὶ
2401 1025 2733 1079 καταπατῶν
2766 1025 2794 1076 ὁ
2833 1025 3024 1097 ἐχθρὸς
3057 1023 3148 1077 ἐπὶ
3184 1025 3347 1081 πλέον
3375 1025 3696 1099 ὲκμολύνειν
3741 1030 3840 1083 καὶ

2245 1118 2410 1170 οἱονεὶ
2441 1117 2839 1189 καταχωννύειν
2868 1117 3488 1186 φιλονεικεῖ,ὲπιϐαίνων
3510 1118 3586 1190 τῷ
3619 1136 3841 1172 πεπτω-

2245 1210 2380 1273 κότι,
2403 1211 2497 1262 καὶ
2524 1213 2633 1275 τοῖς
2663 1207 2854 1264 ἑαυτοῦ
2882 1210 3008 1262 ποσὶ
3044 1209 3370 1262 καταπατῶν
3393 1213 3472 1275 εἰς
3513 1211 3639 1281 γῆν,
3674 1227 3840 1262 τουτ-

2245 1303 2412 1363 έστιν,
2446 1303 2524 1365 είς
2551 1303 2612 1354 τὸ
2643 1302 2800 1372 σῶμα
2854 1298 2950 1370 τὴν
2983 1300 3127 1372 ζωὴν
3162 1300 3254 1354 τοῦ
3289 1300 3692 1372 ὀλισθήσαντος.
3717 1303 3835 1355 Καὶ

2245 1393 2359 1460 τὴν
2384 1393 2573 1456 δόξαν
2601 1412 2719 1462 μου
2750 1395 2836 1458 εἰς
2863 1392 3016 1459 χοῦν
3055 1392 3537 1459 κατασκηνὼσαι.
3573 1396 3696 1449 Τῶν
3731 1393 3838 1466 μὲν

2244 1482 2412 1551 ἁγίων
2438 1485 2499 1535 τὸ
2534 1482 2834 1555 πολίτευμα
2861 1482 3090 1552 ἐχόντων
3114 1484 3173 1536 ὲν
3205 1485 3472 1554 οὐρανοῖς,
3511 1487 3604 1538 xui.
3634 1488 3840 1557 θησαυ-

2246 1572 2505 1645 ριζόντων
2539 1577 2754 1640 ἑαυτοῖς
2785 1577 2841 1629 ὲν
2862 1576 2974 1638 τοῖς
3005 1575 3244 1639 αἰωνίοις
3274 1576 3569 1648 θησαυροῖς
3596 1580 3666 1632 τὰ
3699 1583 3840 1649 ἀγα·

2244 1667 2333 1730 θὲ,
2362 1671 2395 1738 ἠ
2420 1666 2546 1731 δόξα⁴
2566 1668 2712 1722 ἐστὶν
2744 1671 2800 1723 ἐν
2827 1671 2939 1730 τοῖς
2957 1668 3223 1739 οὐρανοῖς·
3279 1669 3388 1723 τῶν
3424 1669 3478 1722 δὲ
3509 1671 3707 1740 χοῖκῶν
3738 1673 3837 1725 καὶ

2245 1761 2386 1814 κατά
2416 1761 2590 1830 σάρκα
2629 1760 2866 1824 ζώντων,
2899 1761 2932 1831 ἡ
2971 1760 3096 1826 δόξα
3131 1761 3309 1815 αὐτῶν
3340 1762 3717 1832 κατασκηνοῦν
3753 1766 3838 1827 εἰς

2246 1852 2336 1904 τὸν
2371 1852 2495 1922 χοῦν
2517 1850 2754 1918 λέγεται.
2803 1852 2859 1905 'U
2889 1851 2999 1922 γὰρ
3026 1853 3116 1906 ἐπὶ
3140 1853 3218 1923 τῷ
3245 1853 3411 1924 χοῖκῴ
3436 1853 3650 1924 πλούτῳ
3675 1853 3837 1921 δοξα-

2247 1945 2489 2014 ζόμενος,
2527 1945 2659 1996 καὶὸ
2687 1945 2786 2015 τὴν
2809 1945 3165 2017 ὀλιγοχρόνιον
3181 1946 3346 2016 τιμὴν
3383 1947 3492 1999 τῶν
3522 1946 3836 2018 ἀνθρώπιον

2247 2036 2540 2107 περιέπων,
2579 2036 2672 2089 καὶ
2700 2037 2728 2089 ὁ
2754 2038 2845 2089 ἐπὶ
2864 2041 2975 2100 τοῖς
3021 2041 3351 2106 σωματικοῖς
3391 2040 3835 2108 πλεονεκτήμασι

2247 2127 2542 2194 πεποιθὼς,
2593 2129 2751 2194 δόξαν
2805 2129 2983 2198 ἑαυτῷ
3017 2128 3148 2198 ἔχει,
3189 2128 3288 2180 οὐκ
3340 2129 3705 2182 ἀνανεύουσαν
3748 2130 3835 2192 εἰς

2243 2219 2490 2288 οὐρανὸν,
2515 2221 2628 2274 ἀλλ’
2656 2225 2735 2280 εἰς
2760 2223 2851 2275 τὸν
2883 2220 3010 2290 χοῦν
3045 2220 3500 2291 ἐναπομένουσαν.

2325 2312 2651 2380 Ἀνάστηθι,
2676 2314 2872 2380 Κύριε,
2913 2313 2982 2365 ἐν
3021 2310 3168 2382 ὀργῇ
3211 2330 3347 2368 σου’
3400 2312 3670 2382 ὑψώθητι
3709 2312 3831 2383 (58)

2242 2404 2312 2457 ἐν
2337 2402 2459 2469 τοῖς
2487 2404 2702 2472 πέρασι
2723 2402 2842 2457 τῶν
2867 2403 3098 2473 ἐχθρῶν
3120 2421 3258 2474 μου.
3292 2405 3365 2458 Τὸ
3408 2406 3706 2475 μυστήριον
3729 2406 3834 2474 τῆς

2243 2493 2592 2559 ἀναστάσεως
2615 2495 2715 2566 ἤδη
2757 2495 3094 2566 ἐνεργεῖσθαι
3126 2494 3339 2565 εὔχεται
3365 2497 3392 2546 ὁ
3426 2496 3721 2563 Προφήτης
3749 2496 3833 2556 εἰς

2244 2588 2497 2660 ἀθέτησιν
2524 2587 2625 2658 τῆς
2653 2587 2928 2658 ἁμαρτίας
2954 2585 3151 2638 αὐτῶν·
3182 2583 3329 2654 ῆτὴν
3353 2583 3446 2635 ἐπὶ
3465 2582 3558 2635 τοῦ
3585 2583 3830 2654 σταυροῦ

2245 2681 2471 2752 ὕεζιωσιν,
2500 2681 2620 2750 ἥτις
2648 2678 2974 2748 γενήσεσθαι
2995 2676 3186 2748 ἔμελλε
3220 2675 3355 2747 μετά
3371 2675 3432 2728 τὸ
3457 2676 3536 2738 εἰς
3551 2675 3644 2728 τὸν
3663 2674 3826 2745 ἔσχα-

2242 2791 2333 2827 τον
2363 2774 2485 2845 ὄρον
2512 2773 2607 2841 τὴν
2637 2771 2836 2824 κακίαν
2875 2769 2983 2822 τῶν
3024 2769 3233 2841 ἐχθρῶν
3279 2768 3581 2839 ὑψωθῆναι.
3619 2770 3692 2821 ’Ἡ
3727 2770 3830 2822 καὶ

2241 2865 2320 2929 τὸ,
2382 2862 2660 2932 ἠὑώθητι
2710 2863 2781 2916 ἐν
2829 2862 2955 2930 τοῖς
3001 2862 3217 2931 πέρασι
3263 2863 3378 2916 τῶν
3426 2859 3658 2932 ἐχθρῶν
3677 2879 3825 2930 μου,

2242 2954 2478 3008 τοιοῦτόν
2505 2972 2628 3008 τινα
2653 2954 2944 3010 ὑποϐάλλει
2969 2956 3113 3011 νοῦν·
3133 2957 3214 3010 ὃτι
3241 2956 3362 3008 ὅσον
3387 2956 3451 3008 ἂν
3470 2954 3764 3024 κορυσωθῇ
3784 2957 3818 3022 ἠ

2243 3048 2428 3112 κακία,
2455 3048 2550 3101 καὶ
2567 3048 2802 3122 προέλθῃ
2825 3048 2917 3103 ἐπὶ
2949 3050 3010 3102 τὸ
3034 3049 3267 3119 ἄμετρον
3302 3047 3395 3099 καὶ
3424 3044 3815 3114 ἀπεριόριστον

2242 3140 2487 3212 χυθεῖσα,
2523 3144 2587 3212 τῇ
2639 3142 2925 3213 περιουσίᾳ
2972 3140 3072 3208 τῆς
3106 3138 3384 3206 δυνάμεως
3429 3134 3654 3187 δύνασαι
3685 3134 3822 3203 (59),

567 3231 701 3287 tutis
743 3233 1070 3288 abundantia
1093 3276 1108 3299 ,
1142 3247 1291 3305 potes
1323 3246 1376 3291 tu
1401 3277 1416 3302 ,
1459 3210 1914 3307 quemadmodum
1967 3242 2138 3298 bonus

2242 3210 2429 3305 ὥσπερ
2461 3210 2663 3302 ἀγαθὸς
2714 3210 2910 3303 ίατρὸςὴ
2933 3227 3358 3300 προκαταλαϐὼν
3390 3227 3489 3296 τῆς
3536 3227 3707 3297 νομῆς
3749 3226 3824 3279 τὰ

566 3321 811 3378 medicus
855 3324 1194 3392 depascentis
1219 3328 1389 3380 morbi
1427 3329 1686 3382 terminos
1717 3347 2096 3399 pra-occupans
2122 3375 2136 3395 ,

563 3411 758 3466 sistere
803 3416 1050 3466 morbum
1098 3429 1433 3480 grassantem
1480 3432 1542 3469 ac
1579 3431 1906 3484 serpentem,
1931 3435 1981 3475 et
2018 3426 2136 3490 ejus

563 3500 974 3557 continuitatem
1003 3502 1172 3573 plagis
1199 3504 1305 3558 tuis
1332 3503 1711 3574 obiurgatoriis
1739 3511 2078 3565 exscindere.

638 3594 692 3648 ι.
734 3593 802 3648 Et
841 3610 1097 3664 exsurge,
1133 3595 1350 3650 Domine
1394 3597 1531 3652 Deus
1579 3615 1744 3663 mens,
1780 3601 1834 3654 in
1877 3617 2134 3670 pra’cepto

562 3691 702 3755 quod
734 3689 1016 3741 mandasti.
1063 3689 1238 3743 l’otest
1289 3691 1372 3743 hic
1405 3705 1584 3743 serum
1652 3706 1708 3747 et
1781 3695 1846 3748 ad
1892 3711 2132 3751 resurre—

565 3777 762 3832 ctionis
785 3779 1100 3848 mysterium
1128 3779 1346 3834 referri:
1372 3783 1505 3836 adeo
1527 3791 1584 3834 ut
1609 3781 1874 3849 Propheta
1894 3785 2130 3854 judicem

562 3871 899 3934 exhortetur,
925 3881 983 3926 ut
1015 3883 1273 3941 exsurgat
1304 3874 1370 3927 ad
1413 3875 1781 3945 cujuscunque
1817 3881 2018 3947 peccati
2055 3881 2133 3935 ιιι-

568 3966 767 4018 tionem
793 4006 807 4030 ,
836 3973 891 4018 et
925 3965 989 4019 ad
1020 3968 1266 4021 mandata
1302 3982 1418 4035 qua:
1458 3967 1610 4021 nobis
1649 3979 1775 4022 ante
1811 3973 2134 4042 praescripsit

565 4056 914 4123 perﬁcienda.
953 4057 1105 4131 101
1135 4057 1319 4113 Potest
1353 4074 1566 4128 quoque
1599 4072 1654 4116 ct
1688 4062 1752 4116 de
1782 4074 1926 4118 statu
1956 4081 2133 4121 rerum

566 4144 871 4212 l‘rophetm,
899 4159 956 4199 ut
989 4159 1115 4201 tunc
1139 4157 1277 4214 erat,
1301 4149 1494 4217 accipi,
1519 4165 1582 4204 ac
1613 4151 1656 4206 si
1689 4153 1854 4207 Deum
1879 4167 2047 4226 roget,
2080 4167 2137 4211 ut

564 4239 630 4291 ad
662 4239 950 4293 vindictam
1017 4241 1264 4309 przecepti
1312 4244 1450 4310 quod
1504 4246 1796 4310 mandavit,
1859 4260 2131 4318 exsurgat.

565 4328 1093 4399 ?r;eceptumautem
1125 4341 1289 4383 erata
1320 4333 1426 4385 Deo
1444 4331 1623 4385 datum
1652 4352 1665 4386 :
1694 4334 1912 4390 Honora
1934 4351 2135 4407 patrent

564 4432 715 4474 tuum
743 4433 791 4475 et
820 4432 1039 4476 matrem
1057 4421 1125 4489 ⁸⁸;
1154 4423 1292 4489 quod
1319 4424 1491 4492 ipsimi
1511 4424 1627 4490 ejus
1661 4425 1799 4479 [ilius
1824 4428 1933 4496 jam
1959 4429 2135 4484 fuerat

2242 3325 2474 3395 πέρατα,
2513 3323 2707 3391 στῆσαι
2729 3323 2825 3392 τὴν
2858 3321 3010 3372 νόσον
3051 3319 3358 3389 νεμομένην
3395 3319 3485 3370 καὶ
3517 3317 3818 3388 ἓρπουσαν,

2241 3419 2333 3470 καὶ
2372 3415 2623 3483 διακόψαι
2657 3414 2825 3484 αὐτῆς
2864 3414 2962 3484 τὴν
2991 3414 3270 3482 συνέχειαν
3305 3414 3426 3474 ταῖς
3450 3409 3823 3473 παιδευτικαίς

2239 3525 2330 3559 σου
2362 3507 2614 3578 πληγαῖς.

2307 3599 2360 3652 4.
2398 3599 2505 3653 Καὶ
2535 3596 2898 3668 ἐξεγέρθητι,
2929 3600 3105 3665 Κύριε
3141 3601 3173 3652 ό
3199 3597 3341 3662 Θεός
3368 3614 3510 3666 μου,
3536 3598 3606 3650 ἐν
3621 3610 3820 3664 προσ-

2237 3691 2479 3762 τάγματι
2503 3683 2554 3757 ᾧ
2571 3692 2865 3745 ἑνετείλω.
2903 3692 3133 3745 Δύναται
3166 3691 3263 3760 μὲν
3290 3691 3383 3742 καὶ
3407 3689 3499 3740 ἐπὶ
3527 3687 3587 3739 τὸ
3612 3687 3824 3758 μυστή-

2238 3802 2350 3854 ριον
2377 3785 2478 3854 τῆς
2512 3784 2860 3846 ἀναστάσεως
2888 3785 2915 3836 ὁ
2948 3783 3103 3851 λόγος
3145 3779 3537 3852 ἀναφέρεσθαι,
3566 3795 3823 3850 παρακα-

2234 3879 2448 3941 λοῦντος
2478 3876 2570 3929 τοῦ
2604 3876 2888 3947 Προφήτου
2912 3874 3260 3945 ἐξεγερθῆναι
3284 3873 3374 3924 τὸν
3407 3873 3598 3943 κριτὴν
3622 3873 3701 3934 είς
3723 3873 3820 3924 ὲκ-

2237 3972 2448 4042 δῖκησιν
2491 3970 2691 4034 παντὸς
2733 3970 3147 4040 ἁμαρτήματος,
3185 3967 3279 4020 καὶ
3331 3965 3429 4030 τὰς
3461 3965 3822 4038 προδιατετα-

2239 4082 2270 4132 γ
2282 4064 2444 4135 μένας
2469 4066 2601 4135 ἡμῖν
2645 4061 2865 4125 ἐντολὰς
2895 4061 3229 4132 ’τελεσθῆναι⁹
3261 4059 3484 4114 δύναται
3512 4059 3569 4112 δὲ
3601 4060 3697 4111 καὶ
3724 4059 3819 4110 ἐπὶ

2237 4159 2335 4228 τὴν
2364 4157 2484 4209 τότε
2512 4155 2843 4210 κατάστασιν
2888 4153 2995 4206 τῶν
3040 4153 3380 4225 πραγμάτων
3404 4151 3496 4204 τοῦ
3525 4152 3818 4222 Προφήτου

2241 4249 2628 4319 λαμϐάνεσθαι,
2681 4246 3122 4319 παρακαλοῦντος
3152 4246 3501 4317 ἐξεγερθῆναι
3539 4244 3630 4297 τὸν
3684 4243 3819 4296 Θεὸν

2239 4345 2319 4405 εἰς
2347 4342 2623 4411 ἐκδίκησιν
2644 4339 2737 4392 τοῦ
2767 4338 3184 4409 προστάγματος
3211 4334 3271 4391 οὗ
3296 4336 3618 4389 ἐνετείλατο.
3637 4335 3817 4404 Πρόσ-

2238 4451 2422 4502 ταγμα
2471 4432 2527 4485 δὲ
2557 4427 2645 4501 ἦν,
2684 4431 2824 4499 Τίμα
2853 4429 2962 4481 τὸν
2993 4428 3217 4495 πατέρα
3249 4445 3364 4480 σου
3389 4426 3488 4478 καὶ
3510 4425 3624 4492 τὴν
3644 4422 3820 4492 μητέο

563 4523 956 4583 transgressus.
996 4514 1119 4568 Ideo
1153 4513 1319 4568 Deum
1363 4517 1701 4581 adhortatur,
1755 4529 1811 4572 ut
1854 4536 1956 4576 non
1996 4538 2132 4577 cuu-

2242 4542 2313 4593 (α
2340 4523 2475 4594 (60),
2507 4521 2656 4594 παρὰ
2695 4519 2829 4573 Θεοῦ
2879 4519 3180 4590 δεδομένον,
3223 4519 3359 4588 ὅπερ
3407 4515 3625 4588 παρέϐη
3653 4515 3818 4578 ὁυίὺς

562 4616 775 4661 ctanter
819 4618 874 4661 et
929 4607 1074 4660 illum
1154 4609 1325 4676 ipsum
1383 4611 1637 4678 corrigat,
1688 4622 1742 4665 e'.
1787 4615 1984 4669 multos
2039 4631 2127 4670 re-

562 4699 741 4754 frenet
773 4718 789 4756 :
821 4700 914 4755 sed
959 4711 1216 4771 exsurgat
1271 4702 1322 4756 in
1372 4703 1473 4770 ira,
1527 4714 1579 4757 et
1635 4721 1953 4775 exsurgens,
2011 4723 2140 4778 pro-

562 4793 739 4862 prium
789 4793 1026 4849 vindicet
1061 4801 1393 4852 maudatum.
1427 4797 1540 4852 Non
1589 4801 1755 4862 enim,
1812 4801 2005 4869 inquit,
2050 4818 2137 4857 me

563 4884 872 4949 ulcisceris,
905 4887 999 4941 sed
1048 4900 1368 4956 prmeeptum
1409 4901 1555 4944 tuum
1601 4896 1905 4961 neglectum
1936 4933 1953 4958 ,
1993 4896 2136 4963 quod

563 4975 678 5042 ipse
740 4977 1026 5031 mandasti.
1073 4978 1234 5039 Vsus.
1283 4980 1338 5034 8.
1395 4981 1463 5034 Et
1517 5000 1778 5052 synagoga
1831 4985 2137 5052 populorum

562 5069 912 5123 circumdabit
942 5081 1010 5125 te.
1047 5071 1271 5127 Constat
1295 5074 1438 5128 enim
1469 5074 1602 5139 fore,
1633 5085 1710 5138 ut,
1736 5079 2002 5147 castigato
2036 5075 2138 5129 im-

561 5160 730 5230 probo
749 5177 876 5229 uno,
911 5164 1064 5219 multi
1085 5176 1494 5221 convertantur.
1525 5168 1709 5235 Itaque
1735 5171 1853 5238 ejus
1877 5169 2134 5224 malitiam

637 5283 680 5314 "
720 5280 839 5336 Gal.
876 5299 933 5344 ll,
966 5283 1056 5336 20.
1132 5284 1178 5314 ⁸⁸
1213 5284 1381 5338 Exod.
1413 5303 1501 5345 xx.
1551 5287 1634 5342 12.

637 5401 755 5522 (ὅδὲ
803 5401 896 5457 Sic
949 5401 1252 5455 Colbertini
1316 5413 1543 5469 quartus
1596 5414 1650 5456 et
1699 5405 1982 5470 septimus.
2030 5403 2143 5465 Illa,

637 5470 726 5522 ’ὠώ
762 5490 872 5522 τιτι.
913 5483 1043 5522 διο..
1109 5472 1490 5522 desiderantur
1532 5475 1582 5522 in
1627 5474 1807 5522 editis.
1845 5473 2143 5522 Theudotiu

578 5470 872 5554 'rtheqn,
906 5483 1043 5554 ρκ’...
1109 5472 1490 5554 desiderantur
1532 5475 1582 5554 inn
1627 5474 1807 5554 editis.
1845 5473 2145 5553 Theodotio

564 5541 807 5623 EV_OU}L(§)
835 5543 927 5595 ἐπὶ
946 5543 1082 5623 ’τοὺς
1122 5541 1349 5613 ἐχθρούς
1387 5559 1508 5623 an,
1539 5543 1600 5623 in
1623 5544 1821 5623 furore
1849 5560 2004 5623 super
2054 5544 2148 5595 ini-

564 5611 731 5670 micos
756 5611 914 5667 meos.
946 5611 1080 5679 Reg.
1115 5611 1320 5673 sextus,
1347 5611 1455 5664 τῶν
1479 5613 1687 5683 ἐχθρῶν
1718 5631 1833 5667 σου.
1862 5615 2146 5681 Aliquanto

562 5697 684 5753 post
715 5685 882 5754 editio
922 5683 1095 5739 Paris.
1122 5694 1177 5738 et
1205 5683 1338 5752 Reg.
1377 5699 1568 5738 sextus
1602 5683 1814 5754 ἐχθρῶν
1849 5702 1942 5736 σου
1973 5684 2147 5738 τοιοῦ-

560 5773 671 5806 τον.
708 5753 993 5821 Vulgatam
1027 5767 1079 5807 et
1111 5755 1242 5807 alios
1268 5770 1397 5806 mss.
1426 5754 1594 5805 seculi
1624 5753 1832 5808 sturnus.

636 5825 746 5897 (δυ)
778 5823 874 5880 llzc
908 5826 1057 5880 locus
1091 5835 1199 5879 tum
1240 5827 1289 5878 in
1321 5827 1499 5893 editis,
1533 5837 1641 5879 lum
1672 5827 1722 5879 in
1762 5829 1962 5882 Catena
2012 5827 2147 5883 Cor-

2239 4614 2422 4669 αὑτοῦ.
2453 4613 2543 4665 Διὸ
2577 4611 2882 4681 παρακαλεῖ
2921 4614 2999 4673 εἰς
3032 4609 3194 4662 αὑτοῦ
3226 4627 3284 4662 τε
3333 4609 3543 4661 ἐκείνου
3585 4608 3818 4677 ἐπανόρ-

2243 4712 2408 4763 θωσιν
2443 4708 2536 4759 καὶ
2562 4705 2936 4778 σωφρονισμὸν
2962 4705 3068 4756 τῶν
3093 4702 3299 4755 πολλῶν
3336 4704 3409 4772 μὴ
3441 4702 3815 4773 μακροθυμεῖν

2232 4801 2323 4853 τὸν
2355 4799 2507 4861 Θεὸν,
2551 4797 2665 4851 ἀλλ’
2712 4797 3001 4868 ἐγερθῆναι
3049 4798 3105 4848 ἐν
3129 4797 3286 4866 ὀργῇ,
3332 4795 3428 4847 καὶ
3457 4794 3818 4848 διαναστάντα

2235 4891 2521 4960 ἐκδικῆσαι
2549 4890 2648 4959 τὴν
2679 4888 2814 4942 ἰδίαν
2842 4888 3080 4960 ἐντολήν.
3118 4888 3192 4940 Οὐ
3219 4886 3325 4955 γὰρ
3361 4887 3483 4956 ἐμὲ,
3513 4887 3700 4956 φησιν,
3724 4888 3815 4939 ἐκ-

2233 4985 2496 5054 δικήσεις,
2533 4982 2669 5034 ἀλλά
2695 4981 2756 5033 τὸ
2787 4981 3114 5053 πρόσταγμα
3152 4979 3211 5031 τὸ
3261 4978 3350 5030 σὺν
3383 4976 3814 5048 καταφρονηθὲν,

2235 5077 2263 5128 ὃ
2297 5077 2457 5138 αὐτὸς
2487 5074 2754 5128 ἐνετείλω.
2803 5073 2911 5126 Καὶ
2958 5071 3278 5140 συναγωγὴ
3311 5069 3478 5126 λαῶν
3513 5067 3814 5123 κυκλώσει

2235 5184 2328 5221 σε.
2369 5167 2536 5237 Δῆλον
2563 5168 2621 5221 δὲ
2658 5169 2759 5230 ὅτι,
2785 5167 2901 5230 ἐνὸς
2927 5165 3107 5218 ἀδίκου
3131 5163 3612 5234 σωφρονισθέντος,
3631 5160 3815 5212 πολλοὶ

2246 5404 2376 5455 derii
2425 5405 2562 5458 male
2606 5403 3028 5472 interpungitur.
3084 5399 3215 5454 Nam
3267 5399 3395 5461 illa,
3446 5397 3733 5468 δυνάμεως
3760 5409 3814 5450 et

2244 5473 2491 5536 δύνασαι,
2549 5474 2756 5542 virgula
2807 5489 2834 5524 a
2875 5490 2932 5525 se
2989 5473 3214 5526 iuvit-ein
3249 5472 3666 5538 tlisjunguntur:
3697 5485 3814 5535 qute

2247 5555 2426 5597 tamen
2462 5546 2577 5598 sine
2631 5544 2733 5596 ulla
2766 5544 2971 5613 virgula
3022 5543 3163 5613 inter
3189 5557 3268 5613 se
3334 5543 3617 5608 conjuncta
3649 5556 3812 5607 opur-

2247 5625 2444 5667 turrat.
2472 5613 2799 5668 Cnllocauda
2835 5611 3004 5665 fuerat
3033 5611 3234 5677 virgula
3281 5619 3401 5677 post
3452 5612 3678 5663 verbum
3715 5628 3808 5680 χυ-

2247 5683 2422 5736 θεῖσα.
2453 5685 2816 5752 Interpuuctio
2847 5686 3010 5750 malo,
3045 5683 3182 5749 quod
3215 5682 3291 5746 tit,
3316 5680 3509 5734 malam
3539 5682 3810 5750 interpre-

2248 5756 2506 5809 tationem
2543 5756 2772 5823 peperit.

2322 5823 2430 5897 (60)
2463 5826 2611 5880 Coll).
2656 5834 2877 5899 quartus
2905 5824 3109 5899 μητέρα
3157 5838 3266 5875 σου.
