4062 6456
257 421 364 476 237

1457 412 1742 470 HOMILIA
1779 412 1845 469 IN
1884 410 2213 469 PSALMUM
2253 413 2360 468 VII.

3385 407 3491 463 938

259 532 660 604 ἐπιστρέψουσι.
689 531 800 602 Τὴν
827 522 920 584 οὖν
952 529 1138 584 τούτου
1173 530 1432 602 πονηρίαν
1467 528 1710 593 κόλασον,
1739 529 1822 581 ἴνα

1932 528 2080 597 puni,
2117 536 2176 581 ut
2210 528 2373 582 multa
2415 526 2731 598 populorum
2774 540 3038 596 synagoga
3081 535 3133 582 te
3171 525 3488 584 circumdet.

263 626 427 696 πολλὴ
462 625 751 694 συναγωγὴ
779 623 921 676 λαῶν
954 622 1204 694 κυκλὼσῃ
1235 640 1314 676 σε.
1361 623 1467 677 Καὶ
1504 622 1654 690 ὑπὲρ
1689 624 1824 676 ταύ-

261 737 365 786 της
388 722 472 785 είς
507 721 661 788 ὕψος
685 719 1072 786 ἐπίστρεψον.
1109 718 1280 788 ’Υπὲρ
1309 719 1406 787 τῆς
1435 716 1738 787 κυκλούσης
1764 734 1822 769 σε

264 812 603 880 συναγωγῆς,
641 811 706 879 ἢν
732 810 943 880 ἐκτήσω
963 810 1049 862 διά
1077 811 1172 880 τῆς
1201 810 1338 862 κατά
1371 809 1528 881 χάριν
1556 827 1825 878 συγκατα-

262 902 471 963 ϐἀσεως
504 901 595 953 καὶ
625 902 950 972 οἰκονομίας,
979 901 1302 972 ἐπίστρεψον
1337 903 1415 964 είς
1462 900 1522 953 τὸ
1568 899 1700 970 ὕψος
1727 901 1824 970 τῆς

260 993 436 1062 δόξης,
458 993 522 1062 ἢν
555 988 695 1063 εἶχες
728 994 830 1065 πρδ
858 994 950 1047 τοῦ
976 996 1065 1048 τὸν
1099 997 1296 1065 κόσμον
1327 992 1596 1063 γενέσθαι.
1617 994 1825 1062 Κύριος

263 1083 670 1150 κρινεῖλαούς.
697 1086 967 1156 Πολλαχοῦ
999 1087 1096 1156 τῆς
1126 1087 1346 1156 Γραφῆς
1375 1088 1403 1138 6
1437 1085 1562 1155 περὶ
1587 1085 1683 1154 τῆς
1711 1085 1826 1157 κρί-

266 1192 401 1236 σεως
458 1177 894 1248 ἐγκατέσπαρται
946 1178 1119 1245 λόγος,
1149 1177 1223 1241 ὡς
1270 1178 1692 1246 ἀναγκαιότατος
1737 1181 1826 1231 καὶ

265 1264 720 1332 συνεκτικώτατος
773 1271 852 1332 είς
883 1268 1230 1322 διδασκαλίαν
1275 1269 1554 1332 εὐσεϐείας
1594 1272 1703 1332 τοῖς
1749 1271 1826 1332 εἰς

262 1357 392 1409 Θεὸν
419 1358 504 1412 διὰ
546 1361 716 1431 Ἰησοῦ
749 1361 984 1432 Χριστοῦ
1031 1363 1468 1416 πεπιστευκόσιν.
1528 1362 1742 1434 Ἐπειδὴ
1772 1363 1825 1415 δὲ

267 1448 610 1520 πολυτρόπως
637 1454 663 1504 6
697 1470 760 1505 πε
772 1455 822 1523 pi.
847 1453 946 1522 τῆς
978 1452 1207 1524 κρίσεως
1236 1455 1603 1526 ἐγγέγραπται
1650 1454 1824 1521 λόγος,

258 1541 397 1605 δόξῖι
450 1545 570 1597 τινὰ
621 1546 712 1597 καὶ
745 1544 1002 1613 σύγχυσιν
1032 1545 1175 1616 ἔχειν
1223 1549 1332 1610 τοῖς
1369 1548 1443 1618 μὴ
1482 1547 1723 1619 ἀκριϐῶς
1759 1549 1826 1602 τὰ

263 1635 634 1705 σημαινόμενα
669 1636 1085 1691 διαστέλλουσιν.
1153 1639 1213 1690 '0
1251 1639 1548 1691 πιστεύων
1598 1639 1704 1707 γὰρ
1742 1641 1827 1702 εἰς

258 1724 361 1792 ἐμὲ
387 1729 456 1779 οὐ
496 1729 773 1795 κρίνεται-
812 1732 844 1781 ό
882 1729 948 1782 δὲ
981 1728 1250 1783 ἀπιστῶν
1289 1730 1404 1798 ἤδη
1447 1729 1705 1797 κέκριται
1763 1733 1824 1783 Εί

256 1815 312 1867 δὲ
343 1819 369 1870 6
417 1819 490 1889 μὴ
528 1819 796 1873 πιστεύων
825 1821 1009 1891 ὅμοιός
1061 1821 1169 1891 (fil)
1200 1823 1313 1874 ἐστι
1350 1821 1426 1892 τῷ
1475 1823 1676 1886 ἀσεϐεῖ,
1710 1825 1824 1888 πῶς

1936 618 2004 673 Ει
2058 628 2267 689 propter
2314 620 2445 674 hanc
2507 623 2558 674 in
2595 621 2758 674 altum
2809 621 3088 688 regredere.
3120 618 3347 688 Propter
3379 618 3490 672 cir-

1929 713 2268 768 cumdantem
2308 721 2360 766 te
2393 726 2736 784 synagogam,
2775 725 2956 778 quam,
2992 711 3278 766 demittens
3308 720 3360 764 te
3395 724 3492 778 per

1928 805 2179 873 gratiam,
2203 813 2256 856 et
2280 817 2494 857 carnem
2517 804 2761 869 induens,
2799 803 3101 875 possedisti,
3133 804 3414 871 regredere
3433 801 3484 854 in

1927 897 2259 951 altitudinem
2292 895 2493 966 gloriaz,
2512 911 2669 964 quam
2688 895 3008 954 antemundi
3034 904 3206 949 ortum
3225 894 3482 948 habebas.

1935 989 2093 1044 Vsus.
2125 987 2179 1042 9.
2198 987 2452 1040 Dominus
2463 987 2717 1056 judicabit
2743 987 2978 1058 populos.
2997 985 3169 1041 Multis
3195 985 3486 1054 Scriptura:

1927 1083 2056 1137 locis
2115 1081 2180 1136 de
2218 1079 2420 1150 judicio
2445 1080 2716 1150 inspersus
2745 1090 2829 1135 est
2876 1094 3077 1144 sermo,
3113 1088 3364 1148 tanquam
3392 1077 3484 1147 qui

1929 1175 2159 1227 maxime
2185 1172 2522 1226 necessarius
2547 1173 2635 1237 sit,
2694 1183 2976 1242 servetque
3013 1171 3243 1226 maxime
3269 1171 3320 1223 in
3369 1170 3484 1240 pie-

1928 1263 2049 1317 tatis
2071 1261 2314 1316 doctrina
2343 1276 2457 1326 eos,
2493 1263 2580 1330 qui
2612 1262 2663 1314 in
2698 1263 2859 1316 Deum
2884 1277 2979 1331 per
2999 1261 3178 1316 Jesum
3213 1259 3480 1314 Christum

1924 1357 2288 1412 crediderunt.
2351 1356 2615 1422 Quoniam
2676 1365 2850 1409 autem
2895 1356 3104 1410 diverse
3166 1353 3232 1407 de
3282 1352 3483 1422 judicio

1926 1450 2158 1518 scriptus
2189 1457 2271 1504 est
2301 1462 2502 1511 sermo,
2533 1446 2896 1502 confusionem
2926 1448 3208 1516 quamdam
3243 1445 3307 1497 iis
3342 1443 3485 1496 vide-

1923 1541 2070 1595 bitur
2112 1554 2322 1610 parere,
2368 1539 2457 1606 qui
2500 1539 2674 1594 minus
2723 1549 2972 1594 accurate
3007 1541 3105 1594 has
3151 1539 3485 1606 distinguunt

1926 1629 2366 1700 signiﬁcationes.
2396 1627 2646 1692 Quienim
2667 1629 2828 1682 credit
2855 1629 2906 1680 in
2933 1645 3030 1694 me,
3053 1647 3155 1682 non
3171 1628 3484 1696 judicatur:

1924 1722 2010 1787 qui
2043 1730 2214 1773 autem
2265 1734 2368 1772 non
2405 1718 2595 1782 credit,
2617 1719 2731 1789 jam
2748 1717 3020 1788 judicatus
3051 1729 3122 1772 est
3142 1719 3208 1770 ".
3246 1716 3396 1783 Quod
3438 1717 3483 1768 si

1925 1811 1992 1874 is,
2027 1811 2116 1880 qui
2150 1826 2253 1866 non
2289 1812 2480 1878 credit,
2518 1810 2709 1865 similis
2734 1819 2816 1865 est
2844 1811 3026 1878 impio,
3070 1810 3336 1879 quomodo
3367 1808 3482 1862 dic—

258 1907 469 1978 εῖρηται
492 1909 550 1962 τὸ
581 1913 654 1982 μὴ
691 1890 1089 1984 ἀναστήσεσθαι
1143 1890 1358 1977 ἀσεϐεῖς
1395 1890 1452 1967 ἐν
1477 1916 1683 1984 κρίσει;
1715 1918 1822 1970 Καὶ

1927 1909 2033 1953 ιιιιιι
2069 1911 2150 1956 est
2187 1903 2376 1970 impios
2415 1903 2465 1956 in
2486 1900 2694 1970 judicio
2728 1916 2832 1956 non
2870 1916 2986 1957 esse
3013 1901 3484 1957 resurrecturos”?

258 1999 307 2049 εἰ
352 2001 400 2051 οί
427 2001 766 2065 πιστεύοντες
786 2003 888 2055 υἱοὶ
911 2003 1042 2055 Θεοῦ
1067 2003 1155 2055 διὰ
1171 2006 1268 2074 τῆς
1286 2005 1518 2066 πίστεως
1547 2006 1818 2072 γεγόνασι,

258 2090 351 2141 καὶ
364 2089 452 2142 διά
476 2091 632 2143 τοῦτο
676 2092 812 2156 ἄξιοί
839 2096 944 2146 είσι
985 2093 1078 2146 τοῦ
1109 2096 1199 2146 καὶ
1227 2095 1378 2147 αὐτοὶ
1416 2095 1528 2147 θεοὶ
1558 2112 1658 2166 χρη
1670 2097 1823 2166 ματί-

257 2180 389 2246 ζειν,
427 2182 544 2246 πῶς
567 2184 697 2247 Θεὸς
727 2184 854 2256 ἔστη
902 2187 959 2238 ἐν
1007 2189 1291 2256 συναγωγῇ
1321 2186 1478 2253 θεῶν,
1508 2189 1563 2239 ἐν
1597 2189 1744 2258 μέσῳ
1768 2188 1822 2241 δὲ

257 2274 410 2338 θεοὺς
438 2276 731 2345 διακρινεῖ;
787 2278 923 2330 Ἀλλ’
958 2278 1098 2331 ἔοικε
1126 2279 1186 2330 τὸ
1238 2279 1510 2350 κρίνεσθαι
1550 2280 1677 2332 ποτὲ
1726 2281 1822 2350 μὲν

256 2365 348 2416 ἐπὶ
390 2367 482 2419 τοῦ
515 2369 624 2440 (6‘2)
676 2369 1086 2440 δοκιμάζεσθαι
1131 2371 1235 2424 ὑπὸ
1276 2371 1372 2440 τῆς
1404 2372 1626 2442 Γραφῆς
1652 2390 1823 2441 παρα-

255 2457 643 2527 λαμϐάνεσθαι,
692 2463 819 2514 ποτὲ
845 2462 900 2515 δὲ
933 2463 1024 2516 ἐπὶ
1069 2463 1162 2516 τοῦ
1217 2465 1687 2532 κατακρίνεσθαν
1733 2466 1823 2518 ἐπὶ

261 2549 360 2616 μὲν
384 2549 476 2601 τοῦ
513 2550 940 2619 δοκιμάζεσθαι,
972 2552 1046 2616 ὡς
1075 2554 1156 2616 τὸ,
1180 2551 1394 2620 Κρῖνόν
1406 2571 1502 2621 με,
1526 2555 1717 2620 Κύριε,
1737 2552 1823 2605 ὅτι

254 2639 367 2708 ἐγὼ
398 2641 467 2693 ἐν
489 2642 701 2710 ἀκακία
737 2662 852 2712 μου
901 2645 1246 2713 ἐπορεύθην·
1299 2646 1490 2714 ἐπάγει
1532 2646 1638 2716 γὰρ
1689 2647 1819 2698 ἐκεῖ-

255 2731 694 2801 Δοκίμασόνμε,
731 2737 924 2803 Κύριε,
957 2736 1056 2789 καὶ
1091 2738 1380 2805 πείρασόν
1405 2754 1501 2806 με·
1534 2739 1626 2791 ἐπὶ
1656 2738 1710 2791 δὲ
1729 2738 1821 2792 τοῦ

255 2824 691 2894 κατακρίνεσθαι,
721 2827 793 2888 ὡς
827 2827 936 2897 (65)
965 2827 1042 2891 τὸ,
1069 2829 1138 2880 Ei
1184 2829 1291 2896 γὰρ
1323 2829 1573 2896 ἑαυτοὺς
1599 2831 1823 2898 ἐκρίνο-

249 2932 384 2983 μεν,
415 2919 524 2969 οὐκ
544 2917 620 2970 ἂν
635 2918 999 2987 ἐκρινόμεθα·
1030 2921 1076 2972 εἰ
1096 2920 1201 2991 γὰρ
1227 2923 1448 2985 ἐαυτοὺς
1469 2922 1817 2995 ἐξητάζομεν,

255 3005 437 3073 φησὶν,
472 3007 572 3059 οὑκ
600 3007 664 3060 ἂν
711 3011 1030 3081 κατακρίσει
1067 3011 1495 3082 ὑπεϐαλλόμεθα.
1552 3014 1718 3067 Πάλιν
1748 3017 1821 3069 εί-

258 3112 413 3165 ρηται
441 3097 897 3168 κριθήσεσθαιτδν
915 3103 1116 3172 Κύριον
1140 3104 1272 3173 πρὸς
1305 3105 1481 3158 πᾶσαν
1494 3105 1669 3176 σάρκα
1686 3105 1818 3176 (σιν

252 3186 546 3251 τουτέστιν,
582 3191 638 3241 ἐν
665 3190 739 3260 τῷ
779 3189 1060 3263 ἐξετασμῷ
1083 3193 1188 3246 τῶν
1224 3194 1566 3265 βεϐιωμένων
1611 3198 1823 3268 ἑκάστῳ
1849 3234 1891 3290 C

253 3278 442 3332 ἑαυτὸν
489 3281 776 3336 ὑποϐάλλει
813 3288 878 3355 τῇ
908 3286 1105 3356 κρίσει,
1143 3288 1234 3340 καὶ
1264 3287 1331 3340 τά
1369 3288 1560 3341 ἐαυτοῦ
1590 3293 1818 3361 προστά-

252 3386 437 3440 γματα
489 3373 908 3444 ἀντιπαρεξάγει
965 3379 1076 3439 τοῖς
1101 3379 1510 3448 πεπραγμένοις
1565 3381 1669 3433 ὑπὸ
1714 3382 1819 3434 τῶν

251 3463 666 3534 ἡμαρτηκότων,
709 3467 1139 3538 ἀπολογούμενος
1183 3470 1320 3539 μετά
1355 3471 1694 3536 ἀποδείξεων,
1739 3475 1819 3526 ὅτι

254 3553 427 3606 πάντα
449 3552 517 3606 τὰ
559 3556 638 3617 είς
669 3556 828 3608 αὑτὸν
859 3557 1058 3628 ἥκοντα
1096 3560 1189 3612 ἐπὶ
1228 3560 1472 3631 σωτηρίᾳ
1500 3562 1608 3614 τῶν
1644 3582 1821 3635 κρινο-

255 3643 429 3714 μένων
454 3645 769 3716 πεποίηκεν,
798 3648 882 3701 ἵνα
908 3650 1217 3720 πειθόμενοι
1250 3653 1297 3703 οί
1324 3654 1700 3723 ἡμαρτηκότες
1747 3656 1822 3719 ὡς

253 3734 421 3804 ἔνοχοι
442 3739 552 3799 τοῖς
582 3739 994 3809 ἁμαρτήμασιν,
1027 3743 1411 3813 ἀποδεχόμενοι
1442 3743 1538 3816 τὴν
1569 3746 1717 3800 θείαν
1744 3748 1820 3799 δί-

253 3844 374 3896 κην,
396 3828 609 3892 ἑκόντες
644 3832 952 3894 προσῶνται
979 3833 1088 3903 (65)
1112 3835 1170 3886 τὸ
1203 3835 1486 3890 ἐπιϐάλλον
1511 3838 1690 3902 αὐτοῖς
1714 3840 1822 3893 ἐπι-

253 3919 453 3989 τίμιον.

324 4011 375 4065 5.
405 4013 557 4066 Ἔστι
595 4014 651 4066 δὲ
704 4017 796 4069 καὶ
828 4016 955 4069 ἄλλο
1005 4018 1398 4088 σημαινόμενον
1447 4021 1550 4073 ὑπὸ
1600 4025 1696 4092 τῆς
1727 4023 1816 4074 τοῦ

253 4103 529 4173 κρίνεσθαι
558 4107 761 4176 φωνῆς,
791 4107 933 4161 καθά
971 4125 1135 4178 φησιν
1165 4112 1192 4162 6
1223 4110 1445 4181 Κύριος
1478 4114 1819 4167 Βασίλισσα

250 4201 429 4252 νότου
471 4200 847 4269 ἐγερθήσεται
892 4204 960 4257 ἑν
1000 4203 1074 4271 τῇ
1111 4205 1320 4272 κρίσει,
1358 4205 1455 4257 καὶ
1491 4205 1827 4272 κατακρινεῖ

250 4291 368 4356 τὴν
393 4292 605 4361 γενεὰν
625 4296 866 4362 ταύτην.
899 4296 1034 4359 Τοὺς
1061 4297 1168 4367 γὰρ
1195 4299 1699 4368 ἀποστρεφομένους
1724 4299 1820 4371 τὴν

252 4379 402 4431 θείαν
453 4381 814 4448 διδασκαλίαν,
857 4387 952 4438 καὶ
997 4387 1372 4455 ἀφιλοκάλους,
1407 4389 1498 4441 καὶ
1547 4390 1820 4454 παντελῶς

249 4471 737 4542 ἀπεστραμμένους
773 4477 838 4529 τὰ
869 4479 1189 4532 παιδευτικὰ
1217 4480 1313 4550 τῆς
1341 4480 1528 4548 σοφίας
1554 4481 1815 4550 δόγματα,

1925 1993 1988 2046 Et
2028 1993 2071 2047 si
2109 1995 2407 2060 credentes,
2454 2006 2547 2063 per
2590 1993 2750 2048 Iidem
2792 1993 2920 2049 facti
2966 2005 3090 2048 sunt
3128 1993 3221 2047 ﬁlii
3261 1990 3382 2056 Dei,
3423 2009 3484 2046 ac

1924 2097 2204 2157 propterea
2235 2087 2375 2156 digni
2411 2095 2535 2140 sunt
2557 2088 2644 2155 qui
2685 2096 2738 2140 et
2778 2087 2876 2156 ipsi
2899 2096 3155 2141 vocentur
3190 2087 3291 2150 dii',
3346 2101 3484 2155 quo-

1925 2181 2081 2235 modo
2127 2178 2268 2232 Deus
2304 2179 2464 2234 stabit
2495 2179 2548 2232 in
2597 2193 2864 2250 synagoga
2920 2178 3165 2242 deorum,
3206 2177 3258 2231 in
3311 2177 3486 2230 medio

1925 2281 2103 2326 autem
2130 2270 2258 2325 deos
2279 2269 2594 2338 dijudicabit
2615 2271 2698 2323 “‘3
2733 2269 2924 2324 Verum
2953 2269 3166 2324 videtur
3195 2268 3485 2339 aliquando

1917 2363 2157 2431 judicare
2193 2379 2287 2432 pro
2327 2363 2548 2432 probare
2576 2377 2604 2415 a
2639 2361 2910 2430 Scriptura
2959 2363 3166 2431 accipi:
3195 2360 3486 2430 aliquando

1923 2467 2052 2506 vero
2083 2467 2179 2520 pro
2203 2451 2566 2505 condemnare.
2603 2449 2846 2506 Sumitur
2875 2453 3086 2521 quidem
3114 2469 3209 2522 pro
3237 2451 3481 2519 probare,

1924 2543 2078 2598 verbi
2112 2544 2304 2612 gratia,
2355 2544 2549 2597 Judica
2591 2560 2692 2608 me,
2727 2543 2967 2608 Domine,
2999 2546 3244 2613 quoniam
3282 2560 3375 2613 ego
3429 2545 3481 2594 in

1925 2637 2221 2689 innocentia
2251 2653 2365 2689 mea
2403 2637 2667 2705 ingressus
2691 2652 2843 2690 sum:
2887 2637 2957 2692 ibi
2986 2639 3130 2692 enim
3165 2636 3438 2706 subiungit
3467 2655 3479 2691 :

1927 2725 2104 2781 Proba
2138 2744 2236 2790 me,
2264 2727 2503 2794 Domine,
2539 2737 2588 2782 et
2615 2737 2752 2782 tenta
2775 2731 2930 2784 me".
2966 2729 3208 2783 Sumitur
3234 2744 3362 2784 vero
3387 2745 3485 2798 pro

1924 2821 2285 2884 condemnare,
2315 2827 2371 2872 ut
2404 2821 2456 2874 in
2487 2820 2577 2875 illo
2603 2840 2614 2875 :
2642 2820 2793 2887 Quod
2832 2822 2878 2875 si
2909 2824 3246 2891 nosmetipsos
3263 2823 3484 2891 judica-

1924 2927 2114 2976 remus,
2151 2927 2254 2964 non
2292 2913 2468 2982 utique
2497 2913 2944 2974 iudicaremur“:
2984 2915 3025 2968 si
3061 2915 3228 2978 enim,
3287 2914 3480 2982 inquit,

1924 3015 2020 3056 nos
2039 3003 2181 3072 ipsos
2199 3012 2674 3070 perscrutaremur,
2693 3004 3122 3058 condemnationi
3147 3018 3482 3071 nequaquam

1925 3091 2326 3162 subjiceremur.
2369 3092 2573 3149 Rursus
2617 3095 2819 3148 dictum
2893 3104 2975 3148 est
3031 3094 3316 3148 Dominum
3363 3109 3483 3146 cum

1923 3184 2068 3237 omni
2101 3197 2264 3237 carne
2291 3181 2552 3252 judicium
2601 3184 2937 3251 subiturum;
2972 3184 3023 3237 id
3052 3193 3153 3249 est,
3205 3185 3259 3237 in
3293 3184 3484 3251 exqui~

1925 3273 2089 3328 renda
2116 3273 2329 3329 ratione
2353 3287 2537 3328 eorum
2567 3290 2684 3345 quae
2709 3276 2902 3345 cuique
2932 3275 3054 3328 dum
3106 3275 3332 3337 viveret,
3365 3284 3486 3328 acta

1922 3374 2064 3428 sunt,
2099 3364 2301 3433 judicio
2346 3380 2404 3421 se
2433 3367 2545 3434 ipse
2577 3365 2813 3437 subjicit,
2856 3375 2910 3420 et
2946 3381 3041 3421 sua
3068 3374 3335 3437 prmeepta
3387 3378 3484 3433 op-

1923 3459 2070 3527 ponit
2101 3457 2254 3512 ractis
2291 3467 2656 3526 peccatorum,
2691 3459 3020 3528 argumentis
3053 3473 3116 3514 ac
3149 3460 3486 3515 demonstra-

1924 3553 2154 3606 tionibus
2175 3566 2436 3607 excusans
2465 3567 2542 3618 se,
2569 3551 2710 3620 quod
2733 3551 2786 3604 in
2819 3550 3046 3605 salutem
3072 3550 3484 3619 iudicandorum

1921 3644 2096 3697 omnia
2125 3656 2242 3712 quae
2270 3642 2336 3696 ad
2368 3657 2424 3697 se
2467 3642 2787 3707 attinebant,
2828 3640 3034 3705 fecerit,
3082 3649 3140 3693 ut
3179 3639 3214 3694 ii
3240 3640 3329 3709 qui
3359 3655 3484 3708 pec-

1923 3745 2200 3800 caverunt,
2238 3733 2322 3787 ubi
2352 3748 2665 3804 persuasum
2703 3731 2866 3786 fuerit
2902 3731 3002 3786 sibi
3033 3746 3093 3786 se
3124 3731 3363 3799 peccatis
3387 3730 3484 3785 ob-

1923 3829 2111 3882 noxios
2161 3841 2301 3888 esse,
2349 3826 2755 3879 convenientem
2795 3825 2894 3878 sibi
2923 3837 3154 3891 pcnnam,
3187 3824 3482 3891 approbato

1917 3920 2118 3991 judicio
2147 3919 2352 3983 divino,
2384 3917 2528 3971 haud
2559 3916 2710 3969 inviti
2737 3915 3026 3981 perferant.

1991 4014 2044 4066 5.
2086 4012 2201 4068 Vox
2258 4019 2437 4064 autem
2482 4009 2727 4077 judicare
2782 4007 2942 4061 habet
2987 4015 3042 4060 et
3075 4006 3232 4059 aliam
3269 4020 3483 4075 quoque

1921 4103 2402 4175 signiﬁcationem,
2457 4112 2514 4154 ut
2558 4117 2678 4155 cum
2730 4100 2858 4154 dicit
2932 4099 3228 4152 Dominus:
3287 4097 3488 4168 Regina.

1921 4199 2278 4262 austrisurget
2314 4195 2366 4246 in
2387 4193 2612 4262 judicio,
2635 4204 2680 4246 et
2709 4191 3069 4245 condemnabit
3100 4189 3484 4258 generationem

1922 4286 2149 4345 istam“.
2179 4283 2277 4350 Qui
2309 4284 2449 4337 enim
2481 4282 2715 4335 divinam
2740 4291 3056 4334 aversantur
3074 4280 3396 4344 doctrinam,
3429 4289 3484 4334 et

1923 4384 2174 4436 decorum
2212 4378 2604 4445 honestumque
2631 4374 2753 4429 odio
2783 4373 2997 4436 habent,
3021 4381 3074 4424 et
3094 4371 3370 4438 sapientia:
3389 4372 3485 4425 do-

1922 4481 2098 4543 gmata
2123 4471 2187 4525 ad
2218 4468 2518 4523 docendum
2554 4467 2746 4521 idonea
2783 4465 2936 4534 102
2961 4479 3182 4534 prorsus
3214 4464 3482 4518 detestan-

252 4563 533 4631 συγκρίσει
556 4566 646 4617 καὶ
675 4568 1095 4638 ἀντιπαραθέσει
1122 4571 1227 4624 τῶν
1262 4571 1400 4623 κατά
1429 4572 1523 4642 τὴν
1562 4573 1694 4626 ἰδίαν
1727 4591 1818 4641 γε-

1925 4577 2031 4630 tur,
2057 4571 2335 4631 postquam
2381 4558 2559 4614 collati
2583 4557 2780 4612 fuerint
2807 4568 2863 4612 et
2893 4557 3188 4625 comparati
3218 4573 3341 4610 eum
3371 4557 3480 4610 suis

249 4652 373 4705 νεάν
397 4655 488 4706 ἐπὶ
516 4659 579 4726 τῇ
617 4658 743 4728 περὶ
771 4660 839 4711 τὰ
880 4659 1017 4712 καλὰ
1075 4663 1275 4732 σπουδῇ
1306 4663 1704 4731 διενεγκόντων,
1732 4667 1820 4735 βα-

249 4744 482 4815 ρυτέραν
514 4750 646 4820 φησι⁵
691 4751 987 4821 λαμϐάνειν
1013 4753 1108 4824 τὴν
1153 4754 1246 4806 ἐπὶ
1277 4757 1387 4818 τοῖς
1419 4755 1698 4826 παρεθεῖσι
1723 4775 1819 4810 κα-

325 4857 546 4932 "_J_oan.
573 4879 653 4928 ιιι,
679 4866 766 4919 18.
879 4868 922 4897 ⁶⁰
949 4867 1089 4922 Psal.
1124 4885 1163 4932 ι,
1197 4869 1247 4922 5.

247 4945 345 4992 χιι,
367 4929 453 4984 ιε.

320 5042 429 5113 (6|)
455 5041 885 5116 Colb.___qttartu_s
911 5044 938 5094 6
986 5045 1147 5106 αὑτός
1198 5061 1293 5115 pro
1339 5047 1541 5116 ὅμοιος.
1575 5047 1811 5102 Subinde

246 5110 378 5165 mss.
413 5110 656 5164 nonnulli
690 5111 973 5181 διακρίνει.

323 5181 431 5246 (6‘2)
477 5181 588 5234 Non
642 5185 964 5235 conveniunt
1009 5184 1148 5236 inter
1190 5201 1249 5238 se
1296 5202 1424 5238 mss.
1452 5187 1616 5239 hit-et
1645 5187 1805 5241 inira.

245 5252 348 5324 Alii
377 5253 577 5324 habent
609 5252 700 5324 ἐπὶ
850 5254 963 5324 ,ΑΙιὶ
995 5255 1086 5304 ἐπὶ
1123 5254 1219 5324 τῷ.
1259 5256 1361 5307 Alii
1407 5259 1634 5324 denique
1689 5273 1810 5310 eum

244 5321 407 5374 editis
460 5323 553 5396 ἐπὶ
589 5321 702 5375 τοῦ.
750 5321 948 5396 Ibidem
1004 5325 1128 5374 editi
1172 5321 1602 5396 κατακρίνεσθαι
1654 5342 1666 5379 :
1719 5329 1812 5382 sed

248 5393 665 5463 mss_.i,rsi_nnum
688 5393 948 5461 excipias,
984 5393 1353 5463 κατακρίνειν.

320 5461 431 5530 (63)
469 5460 558 5514 Sic
607 5461 759 5515 Colb.
802 5460 1048 5530 quartus.
1098 5460 1254 5517 Det-st
1285 5463 1359 5526 ὡς
1401 5465 1450 5517 in
1480 5467 1640 5520 editis
1669 5477 1723 5520 et
1760 5469 1809 5520 in

243 5529 368 5606 aliis
402 5529 531 5606 mss.
592 5531 756 5584 Paulo
814 5529 931 5598 post
967 5535 1129 5586 editio
1170 5532 1761 5606 Paris._6ta§nra§opsv
1796 5553 1808 5587 :

244 5603 347 5722 52d
380 5601 548 5668 u‘mjor
587 5617 712 5669 pars
768 5621 894 5655 mss.
931 5621 1034 5656 una
1068 5621 1186 5657 eum
1229 5604 1464 5656 editione
1499 5601 1812 5676 Βθδιιξὲξη-

244 5688 273 5722 τ
317 5688 498 5722 εοιιεν.

242 5688 498 5740 ταςομεν.

320 5742 432 5807 (64)
495 5740 672 5793 Mouet
709 5742 1073 5809 p"l'i|iSSinll|S
1127 5746 1210 5798 vir
1263 5745 1487 5797 Dur-mus
1537 5744 1637 5811 legi
1669 5747 1807 5803 apud

243 5810 534 5883 .Ieremiaut
582 5827 715 5872 XXV.
760 5812 820 5866 ’51
850 5854 862 5876 ,
934 5814 1175 5883 κρίνεται
1240 5815 1398 5875 αὐτὸς
1453 5810 1813 5883 πρὸςίπᾶσαν

248 5881 446 5950 σάρκα.
476 5881 609 5937 Hinc
638 5883 907 5938 concludit
931 5881 1014 5939 hic
1057 5885 1283 5940 fortasse
1317 5881 1509 5940 melius
1559 5886 1656 5952 legi
1690 5885 1811 5954 κρί-

1355 4871 1393 4900 ⁶¹
1428 4868 1569 4925 Psal.
1609 4887 1791 4934 Lust,
1822 4873 1871 4925 1.

1919 4655 2240 4726 aequalibus,
2273 4653 2364 4723 qui
2395 4665 2569 4706 rerum
2595 4651 2858 4704 bonarum
2889 4649 3068 4704 studio
3105 4650 3477 4714 excelluerint,

1921 4751 2017 4803 hos
2053 4747 2186 4801 dicit
2216 4746 2284 4800 ob
2329 4759 2389 4798 ea
2434 4757 2552 4811 qua:
2578 4742 2877 4797 omiserunt
2915 4757 3125 4810 pcenatn
3178 4742 3476 4811 graviorem

1979 4868 2022 4898 δ’
2046 4863 2184 4917 Psal.
2232 4877 2355 4921 xxv,
2392 4858 2441 4921 4,
2473 4857 2526 4910 2.
2635 4857 2678 4887 ⁸³
2710 4856 2725 4909 Ι
2756 4857 2877 4911 Cor.
2922 4873 2995 4919 χι,
3026 4858 3110 4910 51.
3177 4865 3193 4884 ⁸
3219 4857 3261 4886 ⁸³
3291 4855 3476 4908 Matth.

1920 5045 2125 5099 νεσθαι,
2167 5046 2270 5096 Sed
2320 5043 2504 5111 religio
2550 5044 2701 5097 nobis
2743 5042 2842 5095 fuit
2887 5049 3086 5095 textum
3143 5049 3480 5094 commutare

1919 5127 2102 5168 contra
2131 5115 2284 5166 ﬁdem
2303 5115 2542 5166 omnium
2560 5129 2688 5168 mss.
2709 5114 2796 5180 qui
2816 5119 3128 5182 constanter
3143 5111 3344 5182 habent
3361 5128 3478 5182 κρι-

1918 5184 2197 5256 θήσεσθαι.
2231 5184 2498 5240 Fortassis
2533 5199 2635 5236 non
2675 5185 2860 5256 inepte
2880 5181 3102 5235 verbum
3122 5181 3329 5249 κρίνειν
3352 5181 3477 5256 pes-

1921 5252 1988 5308 sit
2019 5258 2117 5309 hoc
2151 5257 2266 5309 loco
2321 5256 2463 5308 sumi
2490 5270 2586 5321 pro
2617 5269 2680 5306 eo
2722 5254 2861 5320 quod
2890 5262 2990 5305 est.
3023 5267 3350 5318 comparare,
3377 5252 3476 5304 hac

1921 5327 2185 5379 sententia
2217 5345 2228 5379 :
2265 5325 2468 5377 Dictum
2494 5333 2566 5375 est
2586 5325 2770 5375 iterum
2808 5323 2920 5389 fore
2963 5330 3019 5373 ut
3056 5321 3304 5372 Dominus
3336 5337 3474 5372 com-

1920 5410 2132 5464 paretur
2157 5397 2211 5447 in
2258 5393 2460 5463 judicio
2494 5409 2609 5444 cum
2641 5394 2782 5445 omni
2814 5409 2986 5464 carne.
3031 5391 3097 5444 Et
3131 5406 3254 5443 vero
3290 5390 3476 5464 (Domi-

1923 5463 2022 5519 nus
2052 5468 2101 5517 in
2130 5466 2329 5531 judicio
2355 5479 2411 5516 se
2437 5464 2550 5530 ipse
2580 5463 2976 5530 quodammodo
2997 5463 3325 5528 comparabit
3351 5477 3471 5512 cum

1923 5537 2206 5588 creaturis.
2233 5534 2341 5588 Hoc
2367 5544 2448 5586 est
2478 5548 2490 5582 :
2535 5545 2799 5601 praacepla
2849 5548 2941 5586 sua
2971 5533 3302 5600 comparabit
3349 5546 3471 5582 eum

1923 5607 1987 5660 iis
2007 5622 2127 5674 qua:
2161 5608 2211 5656 in
2240 5621 2331 5656 sua
2358 5603 2587 5670 quisque
2607 5606 2722 5675 Σὶιςι
2749 5604 2994 5675 gesserit.

1993 5670 2103 5744 (65)
2151 5676 2237 5729 Sie
2274 5685 2380 5744 tres
2430 5689 2561 5728 mss.
2607 5670 2765 5727 Edili‘
2794 5688 2922 5724 vero
2969 5670 3268 5744 7:_pdsot.v-._o_.
3317 5670 3469 5744 Colit.

1921 5739 2142 5812 qu‘trtus
2163 5743 2452 5814 προῶνται,
2481 5746 2609 5813 Meg.
2650 5755 2870 5810 quartus
2910 5739 3174 5812 πρόοιντο.
3203 5739 3334 5814 δὐκ
3374 5742 3473 5792 αὺ-

1920 5819 2030 5878 τοῖς
2052 5812 2275 5868 ιΙεεειιιι
2310 5815 2487 5880 editis,
2530 5812 2621 5868 sed
2656 5817 2919 5883 reperitur
2949 5831 3014 5883 ιιι
3045 5829 3169 5864 mss.
3200 5812 3318 5865 Mox
3356 5829 3476 5866 vet-

1921 5888 1984 5939 ιω
2018 5886 2125 5952 illa,
2158 5887 2213 5938 ἓν
2248 5888 2310 5956 τῇ
2352 5886 2860 5954 κρίσει,ιιι1]ρςίιιιι15
2887 5901 2950 5940 ex
2984 5882 3132 5937 Coll).
3160 5895 3371 5952 quarto.
