4062 6438
563 361 669 418 2'59

1878 358 1936 416 S.
1978 357 2222 414 BASILII
2256 359 2469 416 MAGNI

3705 358 3806 412 9.le

563 493 683 536 esse
714 477 959 534 daturos.
988 476 1239 533 Arbitror
1274 484 1454 532 autem
1478 490 1690 542 omnes,
1725 487 1990 548 quotquot
2020 479 2122 534 hoc

2234 478 2499 549 τάκρισιν.
2522 477 2686 546 Οἶμαι
2714 477 2792 542 δὲ,
2832 477 2914 530 ὅτι
2949 477 3046 546 οὐχ
3071 476 3267 546 ὁμοίως
3301 476 3655 547 κριθήσονται
3677 477 3810 530 πάν-

564 577 829 624 terrestre
877 581 1071 636 corpus
1117 581 1395 636 recepere,
1439 568 1554 636 pari
1600 569 1756 623 modo
1791 584 1819 622 a
1855 569 2000 639 justo
2037 571 2126 624 illo

558 659 742 728 judice
785 673 888 712 non
933 673 1054 712 esse
1091 657 1437 725 iudicandos,
1477 659 1620 728 quod
1658 673 1778 728 quae
1827 657 2125 714 forinsecus

564 749 856 815 unicuique
901 758 1142 801 nostrum
1182 748 1455 812 accidunt,
1481 757 1662 816 utpote
1705 747 1862 813 longe
1888 747 2028 801 inter
2069 763 2128 801 se

561 841 810 902 diversa,
851 837 1273 907 uniuscujusque
1313 836 1577 908 judicium
1624 839 1834 892 varium
1870 837 2124 893 elﬁciant.

561 931 696 986 Nam
726 945 914 986 earum
958 945 1136 984 rerum
1181 944 1499 996 concursus,
1541 945 1661 999 quae
1704 931 1756 982 in
1802 941 1984 983 nostra
2023 945 2127 984 non

561 1032 686 1078 sunt
719 1029 1007 1089 potestate,
1055 1021 1146 1075 sed
1182 1036 1283 1077 nos
1314 1021 1649 1076 circumdant
1678 1021 1761 1076 vel
1796 1022 2012 1086 invitos,
2039 1032 2131 1076 aut

562 1123 819 1183 aggravat
863 1121 1080 1183 peccata
1119 1123 1327 1176 nostra,
1371 1124 1462 1167 aut
1493 1112 1654 1168 elIicit
1691 1113 1914 1167 leviora.
1956 1111 2133 1169 Ponas

561 1204 704 1258 enim
750 1203 818 1259 de
857 1212 1043 1274 stupro
1083 1203 1212 1259 ferri
1243 1203 1521 1271 judicium.
1548 1206 1655 1260 Sed
1685 1206 1776 1274 qui
1828 1205 1875 1260 id
1917 1205 2136 1260 admisit

568 1295 798 1367 peccati,
835 1295 1015 1365 pravis
1056 1305 1174 1350 erat
1224 1296 1292 1349 ab
1329 1296 1479 1351 initio
1517 1297 1800 1352 institutus
1845 1296 2084 1351 moribus
2115 1314 2129 1350 :

564 1386 834 1456 siquidem
862 1401 928 1440 ex
955 1387 1246 1456 impudicis
1293 1387 1608 1454 parentibus
1658 1395 1819 1440 natus
1849 1382 2048 1450 fuerat,
2080 1399 2131 1439 et

563 1478 616 1531 in
632 1475 954 1548 ﬂagitiorum
975 1478 1362 1533 consuetudine
1380 1479 1665 1544 educatus,
1685 1477 1737 1531 in
1761 1475 2131 1540 ebrietatibus,

565 1569 615 1622 in
633 1570 1137 1635 comessationibus,
1173 1570 1223 1624 in
1249 1570 1500 1624 obscenis
1525 1570 1884 1624 sermonibus.
1910 1568 2130 1632 Contra,

564 1659 764 1730 aliquis
803 1661 941 1715 alios
987 1677 1147 1729 quem
1187 1661 1415 1729 plurima
1469 1662 1533 1715 ad
1564 1661 1764 1729 optima
1795 1676 2020 1729 quasque
2047 1675 2134 1714 se-

561 1754 757 1806 ctanda
805 1753 1140 1819 invitabant,
1191 1752 1471 1817 educatio,
1527 1752 1788 1821 magistri,
1835 1752 2132 1808 diviniores

2224 583 2317 630 τες
2344 567 2394 619 οί
2427 568 2488 620 τὸ
2515 569 2698 638 γήϊνον
2737 567 2893 620 τοῦτο
2921 567 3080 638 σῶμα
3127 567 3482 630 ἀναλαεόντες
3517 566 3671 636 παρὰ
3716 567 3808 621 τοῦ

2224 659 2432 712 δικαίου
2463 658 2672 730 κριτοῦ,
2702 659 2833 712 διότι
2859 659 2926 712 τὰ
2962 658 3158 723 ἔξωθεν
3184 658 3561 726 συμπίπτοντα
3596 659 3812 729 ἑκάστῳ

2225 750 2380 821 ἡμῶν
2413 751 2564 822 παρά
2593 749 2724 803 πολύ
2751 751 3074 821 διαφέροντα
3102 749 3513 820 παραλλαγῆναι
3544 751 3812 820 ποιεῖτὴν

2227 842 2456 896 ἑκάστου
2480 842 2659 912 κρίσιν
2681 841 2810 911 (66).
2857 843 2927 894 Ἦ
2961 842 3068 913 γὰρ
3110 841 3328 912 βαρύνει
3362 842 3491 910 ⁴ἡμῖν
3525 840 3596 892 τά
3631 841 3814 910 ἀμαρ-

2228 934 2522 1004 τηματα,ἢ
2561 934 2656 988 καὶ
2707 932 2951 1002 κουφίζει
3009 937 3041 1004 ὴ
3095 933 3202 985 τῶν
3250 932 3350 985 οὐκ
3385 932 3647 1000 ἐφ’ήμίν,
3697 932 3812 985 ἀλλ’

2230 1026 2498 1088 ἀκουσίως
2521 1026 2957 1097 περιϊσταμένων
2983 1027 3128 1096 ἡμᾶς
3150 1023 3440 1094 συνδρομή.
3472 1022 3813 1076 ’Υττοκείσθω

2230 1117 2337 1188 γὰρ
2365 1118 2619 1188 πορνείαν
2675 1111 2815 1170 εἶναι
2860 1116 2921 1168 τὸ
2975 1116 3311 1188 κρινόμενον.
3362 1114 3521 1166 Ἀλλὰ
3555 1113 3762 1183 ταύτην
3788 1116 3815 1166 ό

2237 1211 2334 1278 μέν
2376 1227 2458 1272 τις
2508 1211 2746 1280 ἥμαρτε,
2803 1210 3063 1279 πονηροῖς
3095 1208 3250 1278 nam
3275 1206 3334 1259 τὸ
3361 1203 3421 1270 ἐξ
3463 1205 3639 1275 ἀρχῆς
3669 1205 3816 1255 ἐντε-

2234 1300 2561 1370 θραμμένος·
2603 1303 2697 1354 καὶ
2724 1301 2834 1372 γάρ
2853 1301 2948 1354 καὶ
2986 1299 3090 1352 ὑπὸ
3115 1299 3316 1367 γονέων
3341 1297 3586 1364 ἀσελγῶν
3613 1298 3694 1357 είς
3723 1297 3814 1348 τὸν

2235 1389 2348 1459 βίον
2381 1389 2656 1460 παρήχθη,
2694 1390 2788 1442 κα)Ι
2823 1389 3199 1459 συνανετράφη
3238 1390 3305 1457 τῇ
3346 1388 3474 1456 περὶ
3511 1385 3578 1436 τά
3632 1383 3817 1451 φαῦλα

2236 1480 2508 1553 συνηθείᾳ,
2547 1482 2733 1551 μέθαις
2775 1482 2869 1535 καὶ
2894 1479 3100 1550 κώμοις
3148 1480 3242 1532 καὶ
3278 1479 3520 1550 αἰσχροῖς
3548 1476 3817 1544 διηγήμα-

2236 1589 2338 1625 σιν.
2384 1572 2574 1635 ΙἈλλος
2625 1571 2682 1625 δέ
2715 1588 2818 1633 τις,
2873 1571 3042 1624 πολλά
3095 1571 3232 1640 ἔχων
3284 1568 3351 1622 τά
3392 1567 3817 1638 προκαλούμενα

2234 1661 2396 1715 αὐτὸν
2457 1662 2549 1713 ἐπὶ
2609 1659 2678 1713 τά
2725 1659 3003 1721 κάλλιστα,
3056 1657 3383 1730 ἀνατροφὴν,
3437 1655 3814 1717 διδασκάλους,

2236 1753 2498 1825 ἀκρόασιν
2521 1751 2691 1820 λόγων
2717 1751 2827 1821 (67)
2867 1750 3169 1820 θειοτέρων,
3211 1747 3610 1818 ἀναγνώσματα
3644 1748 3818 1815 σωτή⁹

561 1855 841 1896 aermones
883 1842 950 1895 ab
989 1855 1054 1896 eo
1086 1842 1277 1906 auditi,
1317 1842 1574 1897 lectiones
1605 1841 1888 1908 salutares,
1930 1843 2131 1898 monita

2239 1865 2349 1918 ρια,
2380 1845 2697 1916 νουθέτησιν
2745 1843 2960 1912 γονέων,
3004 1842 3313 1912 διηγήματα
3342 1843 3474 1914 πρὸς
3511 1843 3820 1911 σεμνότητα

562 1945 864 2001 parentum,
899 1933 1162 2004 colloquia
1203 1937 1268 1990 ad
1297 1938 1616 2006 gravitatem
1649 1947 1702 1990 et
1728 1937 1795 1991 ad
1820 1936 2131 2005 pudicitiam

564 2024 934 2089 inl'0rmantia,
973 2030 1144 2082 victus
1191 2028 1500 2083 moderatus
1539 2047 1549 2080 ε
1598 2029 1643 2082 is
1689 2029 1733 2081 si
1775 2028 2029 2093 deinceps
2071 2026 2124 2079 in

562 2118 739 2173 simile
782 2129 1061 2188 peccatum
1091 2129 1253 2188 atque
1305 2119 1444 2173 alius
1494 2119 1746 2188 delapsus
1797 2126 1901 2182 est,
1957 2130 2134 2170 ηοιιιιο

563 2210 687 2265 vita
717 2224 949 2281 peractas
984 2213 1247 2264 rationem
1282 2210 1608 2273 redditurus,
1641 2223 1829 2278 pmnas
1857 2208 2136 2279 graviores

563 2319 726 2375 quam
753 2304 889 2359 alter
911 2303 1030 2373 jure
1063 2304 1267 2373 optimo
1292 2302 1475 2358 dabit?
1509 2300 1600 2356 Ille
1629 2301 1770 2356 enim
1803 2303 1869 2356 ob
1895 2302 1944 2355 id
1962 2299 2131 2355 solum

561 2397 926 2460 accusabitur,
953 2397 1092 2465 quod
1153 2395 1478 2449 salutaribus
1536 2393 1789 2449 subsidiis
1838 2393 2020 2446 animo
2051 2393 2134 2445 iu—

562 2491 764 2557 apersis
800 2498 944 2544 recte
997 2503 1128 2543 usus
1164 2505 1268 2542 non
1304 2489 1376 2542 sit
1410 2506 1422 2540 :
1471 2488 1558 2542 hic
1591 2502 1715 2541 vero
1746 2498 2028 2554 praeterea,
2065 2485 2134 2538 ob

567 2579 618 2633 id
642 2580 828 2644 etiam,
863 2581 1004 2648 quod
1036 2581 1201 2634 multa
1230 2579 1296 2632 ad
1327 2578 1553 2634 salutem
1583 2579 1890 2646 adjumenta
1919 2586 2130 2637 nactus,

563 2680 783 2742 propter
836 2671 1303 2738 intemperantiam
1369 2679 1425 2723 et
1489 2657 1746 2736 temporis
1825 2667 2132 2720 brevissimi

567 2763 831 2818 incuriam
859 2777 917 2816 se
946 2763 1058 2830 ipse
1097 2760 1414 2829 prodiderit.
1440 2758 1702 2816 Similiter
1733 2769 1913 2812 autem
1949 2770 2004 2811 et
2037 2757 2128 2826 qui

567 2857 635 2908 ab
695 2855 847 2909 initio
919 2855 971 2908 in
1029 2855 1226 2923 pietate
1293 2853 1394 2905 luit
1459 2851 1755 2916 institutus,
1811 2864 2133 2922 omnemque

566 2948 616 2998 in
684 2945 777 2999 Dei
843 2947 1110 3012 dogmatis
1186 2945 1378 2997 vitavit
1421 2943 1873 3012 perversitatem,
1943 2954 1994 2996 et
2039 2945 2131 3012 qui

565 3036 835 3091 enutritus
864 3045 945 3088 est
978 3036 1028 3088 in
1065 3032 1159 3087 Dei
1183 3033 1316 3102 lege,
1350 3049 1466 3101 qtne
1488 3046 1648 3087 omne
1693 3041 1912 3086 accusat
1938 3046 2130 3100 pecca-

570 3141 702 3195 tum,
747 3136 802 3181 et
859 3128 925 3180 ad
984 3126 1249 3181 contraria
1303 3135 1604 3195 provocat,
1652 3125 1699 3179 is
1751 3141 1855 3179 non
1901 3125 2128 3180 similem

569 3222 782 3276 habebit
822 3220 1138 3276 idololatria».
1175 3221 1600 3282 excusationem,
1630 3229 1791 3289 atque
1839 3218 1949 3284 ille,
1978 3221 2064 3287 qui
2099 3236 2127 3273 a

569 3313 880 3378 parentibus
931 3310 1212 3377 exlegibus
1245 3311 1503 3362 educatus
1558 3317 1662 3372 est,
1697 3319 1752 3362 et
1800 3325 1828 3360 a
1882 3311 2131 3376 gentibus

567 3401 926 3457 idololatriam
992 3401 1060 3453 ab
1129 3399 1352 3453 exordio
1415 3399 1516 3452 fuit
1581 3399 1826 3454 edoctus.
1881 3399 2132 3452 Dominus

560 3496 823 3565 judicabit
862 3494 1099 3563 populos.
1143 3491 1313 3546 Aliter
1353 3491 1618 3555 Judmum,
1663 3494 1820 3548 aliter
1851 3492 2128 3564 Scytbam.

568 3590 658 3642 Ille
689 3590 831 3642 enim
858 3589 909 3642 in
948 3589 1061 3656 lege
1095 3587 1390 3656 acquiescit
1427 3595 1482 3641 et
1520 3588 1570 3640 in
1602 3587 1708 3642 Deo
1745 3589 2031 3658 gloriatur,
2070 3603 2134 3641 ac

568 3681 758 3751 probat
784 3679 1027 3733 meliora.
1048 3677 1181 3731 Cum
1208 3679 1349 3732 enim
1381 3693 1446 3731 cx
1474 3679 1593 3747 lege
1624 3680 1694 3732 sit
1722 3679 2043 3743 instructus,
2071 3696 2134 3732 ac

581 3786 779 3846 praeter
809 3790 1120 3829 communes
1175 3775 1418 3828 notiones
1467 3776 1780 3842 prophetica
1829 3785 1886 3829 et
1942 3777 2131 3845 legulia

573 3870 771 3938 scripta
831 3870 878 3924 ei
922 3883 1134 3938 semper
1179 3877 1502 3932 cantetttur,
1563 3867 1860 3937 eademque
1913 3869 1980 3922 ab
2018 3869 2134 3936 ipsi)

576 3962 911 4026 ediscantur,
940 3963 983 4014 si
1016 3961 1285 4030 quidpiam
1328 3972 1520 4030 praeter
1545 3961 1632 4030 jus
1677 3961 1960 4017 admisisse
1988 3962 2134 4015 inve-

570 4057 770 4118 niatur,
838 4058 1092 4122 imputata
1142 4055 1243 4107 sibi
1298 4065 1517 4122 peccata
1575 4055 1917 4111 habebuntur
1982 4055 2135 4124 longe

571 4143 836 4212 graviOra.
873 4143 943 4194 At
980 4139 1192 4210 Scytha:
1222 4140 1486 4197 Nomades
1529 4143 1828 4211 agrestibus
1877 4154 1932 4197 et
1987 4145 2134 4199 inltu-

574 4234 746 4286 manis
775 4234 985 4287 educati
1014 4233 1272 4299 moribus,
1294 4234 1495 4304 rapinis
1509 4244 1562 4288 et
1584 4235 1925 4288 contumeliis
1939 4240 2135 4292 mutuis

570 4324 792 4387 assueti,
839 4323 931 4377 ira:
965 4324 1417 4392 impotentissimi,
1458 4335 1509 4379 et
1543 4325 1595 4379 in
1640 4341 1697 4381 se
1725 4325 1956 4380 invicem
1989 4327 2135 4379 iacil-

572 4417 696 4468 lime
727 4415 1002 4470 iracundia
1033 4415 1464 4482 effervescentes,
1494 4418 1639 4473 soliti
1671 4433 1884 4473 omnem
1914 4427 2135 4472 comen-

2238 1941 2330 1992 καὶ
2366 1939 2717 2008 σωφροσύνην
2745 1935 3036 1997 τυποῦντα,
3095 1934 3300 1986 δίαιταν
3347 1934 3816 2003 κατεσταλμένην,

2236 2026 2351 2082 εἶτα
2387 2029 2702 2099 ὑπενεχθεὶς
2733 2030 2812 2091 είς
2841 2027 2939 2096 τὴν
2972 2027 3162 2096 ὁμοίαν
3195 2025 3466 2094 ἁμαρτίαν
3505 2023 3582 2092 τῷ
3621 2023 3817 2093 ἑτέρῳ,

2236 2123 2329 2173 καὶ
2357 2120 2529 2183 διδοὺς
2561 2121 2716 2188 λόγον
2742 2119 2850 2171 τῶν
2887 2118 3252 2188 βεϐιωμένων,
3293 2117 3409 2179 πῶς
3438 2117 3561 2186 οὐχ).
3585 2113 3820 2186 βαρυτέ-

2241 2229 2337 2282 ρας
2365 2210 2517 2282 παρά
2562 2212 2652 2265 τὸν
2703 2212 2892 2283 ἓτερον
2924 2211 2951 2262 ὁ
3001 2209 3240 2273 τοιοῦτος
3287 2210 3507 2271 δικαίως
3546 2209 3818 2278 τιμωρίας

2234 2304 2628 2376 άξιωθήσεταις
2677 2303 2733 2357 '0
2780 2304 2876 2374 μὲν
2926 2303 3033 2373 γὰρ
3062 2302 3458 2373 ὲγκληθήσεται
3491 2302 3584 2354 ἐπὶ
3626 2302 3816 2370 μόναις

2233 2403 2348 2463 ταῖς
2381 2397 2928 2469 ὲγκατεσπαρμέναις
2966 2397 3105 2452 κατά
3132 2397 3230 2461 τὰς
3264 2397 3470 2458 ἐννοίας
3525 2393 3819 2466 σωτηρίοις

2232 2492 2525 2559 ἀφορμαῖς,
2558 2489 2632 2552 ὡς
2650 2490 2710 2541 οὐ
2736 2488 3080 2560 χρησάμενος
3104 2489 3290 2550 αὐταῖς
3323 2487 3510 2555 ὑγιῶς·
3536 2487 3564 2537 ό
3587 2486 3646 2538 δὲ
3681 2485 3818 2556 πρὸς

2233 2580 2405 2648 τούτῳ
2441 2583 2534 2633 καὶ
2582 2583 2655 2644 ὼς
2689 2581 2887 2649 πολλῆς
2913 2580 3087 2650 τυχὼν
3124 2582 3204 2643 είς
3251 2579 3310 2632 τὸ
3355 2578 3590 2647 σωθῆναι
3630 2593 3819 2645 συνερ-

2235 2669 2409 2736 γείας,
2448 2671 2541 2722 καὶ
2570 2671 2634 2722 δι’
2663 2672 2929 2740 ἀκρασίαν
2963 2673 3055 2723 καὶ
3071 2671 3167 2739 τὴν
3200 2671 3254 2722 ὲν
3290 2668 3610 2740 βραχυτάτῳ
3639 2665 3820 2736 καιρῷ

2234 2761 2561 2834 ἀπροσεξίαν
2589 2760 2936 2832 προδεδωκὼς
2966 2762 3175 2813 ἑαυτόν.
3209 2761 3434 2830 Ὁμοίως
3461 2760 3518 2810 δὲ
3557 2760 3653 2810 καὶ
3681 2761 3708 2810 ό
3741 2762 3821 2810 ὲν-

2232 2856 2560 2927 τρεφόμενος
2577 2851 2812 2924 ἀρχῆθεν
2845 2855 2911 2921 τῇ
2933 2851 3202 2921 εὐσεϐείᾳ,
3235 2852 3329 2903 καὶ
3359 2852 3538 2902 πᾶσαν
3565 2849 3819 2917 διαστρο-

2233 2946 2338 3016 φὴν
2371 2943 2624 3013 ἐκφυγὼν
2651 2943 2708 2994 ὲν
2743 2943 2858 3002 τοῖς
2897 2939 3024 3009 περὶ
3070 2939 3206 2991 Θεοῦ
3241 2938 3519 3007 δόγμασιν,
3558 2939 3819 3008 ἐντρεφό-

2237 3053 2395 3107 μενος
2427 3035 2482 3089 δὲ
2509 3035 2603 3088 καὶ
2625 3034 2772 3105 νόμῳ
2801 3031 2933 3085 Θεοῦ
2967 3029 3301 3085 διαϐάλλοντι
3332 3030 3507 3080 πᾶσαν
3538 3029 3820 3098 ἁμαρτίαν

2234 3130 2329 3182 καὶ
2354 3127 2778 3198 προκαλουμένῳ
2807 3126 2899 3178 ἐπὶ
2946 3125 3013 3178 τά
3045 3123 3282 3186 ἐναντία,
3331 3123 3428 3191 οὐχ
3465 3121 3660 3190 ὁμοίαν
3703 3121 3818 3184 ἕξει

2233 3221 2671 3291 είδωλολατρείας
2705 3217 2998 3285 ἀπολογίαν
3040 3216 3116 3286 τῷ
3154 3215 3261 3270 ἀπὸ
3298 3213 3548 3284 πατέρων
3595 3213 3816 3282 ἀνόμων

2234 3311 2720 3380 ἀνατεθραμμένῳ,
2757 3308 2850 3361 καὶ
2886 3307 3054 3360 ἐθνῶν
3103 3305 3340 3376 ἀρχῆθεν
3380 3303 3488 3373 (68)
3526 3301 3819 3356 εἰδωλολα-

2235 3403 2380 3471 τρεῖν
2405 3401 2820 3471 δεδιδαγμένων.
2869 3401 3084 3467 Κύριος
3129 3396 3322 3466 κρινεῖ
3351 3398 3559 3461 λαούς.
3601 3395 3816 3458 ΙἌλλως

2234 3492 2324 3544 τὸν
2388 3491 2654 3552 Ἰουδαῖον,
2690 3493 2782 3544 καὶ
2836 3490 3006 3552 ἄλλως
3043 3489 3132 3541 τὸν
3179 3487 3409 3558 Σκύθην.
3449 3488 3505 3539 ὐ
3544 3486 3642 3556 μὲν
3703 3487 3817 3556 γὰρ

2236 3581 2641 3635 ἐπαναπαύεται
2669 3582 2837 3650 νόμῳ,
2863 3582 2956 3631 καὶ
2990 3580 3255 3648 καυχᾶται
3289 3581 3344 3630 ἐν
3367 3577 3505 3646 Θεῷ,
3545 3577 3637 3629 καὶ
3667 3575 3816 3627 δοκι-

2240 3671 2398 3745 μάζει
2429 3673 2494 3724 τὰ
2527 3671 2867 3740 διαφέροντα.
2918 3672 3333 3740 Κατηχούμενος
3368 3671 3441 3722 ῶν
3479 3672 3542 3722 ἐκ
3579 3668 3673 3721 τοῦ
3718 3671 3812 3721 νό-

2239 3781 2361 3833 μου,
2396 3762 2488 3815 καὶ
2521 3760 2654 3832 πρὸς
2678 3763 2794 3822 ταῖς
2829 3761 3030 3819 κοιναῖς
3059 3759 3144 3810 ἀεὶ
3173 3757 3400 3818 ἐννοίαις
3434 3757 3813 3826 κατεπαδόμε-

2235 3875 2342 3920 νος,
2395 3858 2488 3910 καὶ
2533 3854 2919 3924 παιδευόμενος
2968 3852 3035 3904 τά
3101 3849 3409 3920 προφητικὰ
3466 3850 3558 3900 καὶ
3613 3849 3816 3916 νομικά

2234 3953 2556 4023 γράμματα,
2588 3950 2681 4003 ἐὰν
2731 3948 2925 4020 εὑρεθῇ
2956 3948 3188 4009 πταίσας
3244 3943 3596 4015 παρανόμως,
3630 3941 3816 4011 πολλῷ

2239 4041 2511 4112 βαρύτερα
2541 4039 2648 4104 ἕξει
2676 4038 3030 4108 λελογισμένοι
3075 4039 3143 4090 τὰ
3180 4038 3567 4107 ἁμαρτήματα.
3607 4030 3816 4086 Σκύθαι

2234 4134 2288 4185 δὲ
2324 4131 2589 4200 Νομάδες,
2624 4129 2918 4198 ἀνημέροις
2946 4129 3038 4180 καὶ
3067 4125 3449 4196 ἁπανθρὼποις
3482 4123 3814 4193 συντραφέν-

2235 4241 2323 4286 τες
2356 4222 2562 4292 ήθεσιν,
2611 4222 2888 4291 ἁρπαγαῖς
2938 4219 3028 4271 καὶ
3062 4220 3200 4287 βίαις
3254 4221 3371 4278 ταῖς
3419 4217 3536 4268 κατ’
3569 4215 3815 4284 ἀλλήλων

2236 4313 2593 4384 ἐνειθισμένοι
2626 4310 2759 4379 (69),
2809 4309 3064 4380 ἀκρατῶς
3110 4309 3206 4379 μὲν
3239 4307 3451 4378 ἔχοντες
3487 4304 3682 4374 θυμοῦ,
3716 4307 3815 4356 καὶ

2235 4404 2468 4465 εὐκόλως
2487 4403 2565 4464 εἰς
2592 4403 2714 4464 τούς
2743 4401 2859 4452 κατ’
2893 4399 3134 4469 ἀλλήλων
3160 4397 3536 4468 παροξυσμοὺς
3567 4393 3784 4466 ὲρεθιζό
3809 4430 3813 4433 -

574 4508 774 4560 tionem
804 4507 948 4562 ferro
981 4510 1256 4574 dirimere,
1308 4511 1674 4580 sanguineque
1731 4510 1914 4580 praelia
1975 4509 2131 4563 ﬁnire

2240 4513 2418 4565 pavor,
2453 4495 2630 4546 πᾶσαν
2677 4492 2732 4546 δὲ
2761 4491 3092 4562 φιλονεικίαν
3144 4491 3348 4560 σιδήρῳ
3390 4489 3596 4560 κρίνειν
3639 4504 3812 4540 συνει-

569 4599 766 4662 edocti,
818 4603 861 4654 si
917 4615 1078 4669 quam
1131 4603 1514 4656 humanitatem
1565 4613 1658 4656 aut
1702 4603 1994 4657 bonitatem
2031 4601 2131 4656 sibi

579 4693 809 4747 invicem
864 4692 1238 4759 ostenderint,
1293 4709 1386 4762 per
1430 4695 1686 4764 praeclara
1737 4711 1834 4749 sua
1888 4695 2132 4749 facinora

567 4787 857 4842 vindictam
915 4786 1245 4842 acerbiorem
1301 4787 1453 4841 nobis
1507 4796 1720 4857 parant.
1770 4785 1964 4840 Judica
2019 4804 2129 4853 me,

573 4878 808 4943 Domine,
865 4878 1150 4933 secundum
1215 4877 1483 4948 justitiam
1531 4896 1718 4942 meam,
1773 4879 2129 4932 etsecuudum

569 4971 920 5023 innocentiam
988 4987 1156 5026 meum
1220 4986 1374 5038 super
1426 4985 1525 5022 me.
1559 4968 1682 5022 Haec
1723 4973 1885 5023 verba
1918 4969 2130 5036 superbi

570 5060 791 5129 aliquid.
822 5070 874 5114 et
898 5064 1038 5129 quod
1065 5063 1357 5130 precationi
1398 5059 1653 5115 Pltariszei
1677 5075 1793 5114 sese
1823 5060 2132 5115 cxtollentis

570 5152 804 5204 assimile
843 5152 934 5214 sit,
968 5152 1285 5206 videbuntur
1338 5155 1534 5207 habere
1572 5171 1584 5205 :
1619 5160 1850 5204 attamen
1906 5151 2134 5205 candide

572 5242 1102 5311 ittluenli,Propltetn
1118 5246 1184 5298 ab
1216 5245 1316 5297 hoc
1339 5246 1515 5297 animo
1545 5243 1726 5311 procul
1762 5243 1915 5312 103
1945 5243 2132 5294 abesse

569 5333 914 5402 judicabitur.
966 5336 1158 5389 Judica
1196 5353 1296 5401 me,
1337 5334 1572 5398 Domine,
1615 5336 1807 5401 inquit,
1849 5335 2128 5388 secundum

643 5495 754 5566 (66)
783 5495 913 5562 Reg.
944 5495 1133 5549 tertius
1162 5495 1320 5566 liabet
1342 5495 1564 5566 γνώμην
1589 5511 1684 5562 pro
1701 5496 1898 5566 κρίσιν.
1929 5496 2129 5550 Ibidem

573 5569 624 5628 in
649 5565 834 5620 eodem
866 5569 1049 5618 codice
1081 5565 1271 5634 legitur
1297 5566 1453 5634 ἡμῶν
1479 5565 1566 5618 τά.

643 5637 753 5706 (67)
783 5636 911 5705 Reg.
936 5636 1136 5706 tertius
1179 5635 1442 5706 ἀκρόασιν
1480 5635 1694 5703 λογίων.
1737 5635 1926 5689 Statim
1960 5636 2125 5691 codex

573 5703 710 5762 idem
740 5703 1036 5776 σωτηρίας.

647 5777 755 5846 (68)
785 5774 932 5830 Colb.
959 5784 1182 5844 quartus
1219 5775 1386 5830 ἐθνῶν
1422 5775 1478 5839 ἐξ
1511 5774 1704 5844 ἀρχῆς.
1740 5776 1935 5831 lbidcm
1965 5774 2125 5830 editio

2239 4585 2498 4656 θισμένοι,
2530 4585 2624 4636 καὶ
2666 4584 2857 4654 αἵματι
2903 4582 3003 4646 τὰς
3038 4582 3212 4654 μάχας
3247 4582 3390 4636 λύειν
3421 4582 3812 4652 δεδιδαγμένοι,

2239 4679 2331 4731 ἐάν
2362 4698 2412 4732 τι
2444 4677 2579 4748 πρὸς
2607 4677 2868 4747 ἀλλήλους
2897 4675 3275 4746 φιλάνθρωπον
3314 4676 3407 4727 κει)¹
3433 4674 3668 4744 χρηστὸν
3700 4676 3807 4724 ἐςτι-

2236 4771 2687 4841 δείξωνταιμήμῖν
2712 4769 3014 4838 βαρυτέραν
3045 4767 3132 4819 διὰ
3154 4767 3258 4818 τῶν
3285 4766 3427 4819 ίδίων
3452 4765 3808 4835 κατορθωμά-

2237 4881 2342 4915 των
2368 4864 2466 4933 τὴν
2495 4861 2761 4932 τιμωρίαν
2802 4857 3296 4928 παρασκευάζουσι.
3337 4857 3554 4925 Κρῖνόν
3575 4873 3672 4924 με,
3704 4859 3802 4909 Kr}-

2226 4970 2340 5020 ριε,
2373 4951 2519 5005 κατὰ
2560 4950 2673 5017 τὴν
2713 4949 3108 5013 δικαιοσύνην
3159 4963 3300 5013 μου,
3347 4947 3441 5000 καί
3494 4947 3641 4999 κατὰ
3697 4946 3798 5012 tip-

2235 5047 2489 5098 ἀκακίαν
2517 5062 2635 5112 μου
2668 5044 2758 5096 ἐπ’
2806 5043 2954 5112 ἐμοί.
2991 5040 3139 5104 Δόξει
3181 5044 3284 5095 τιό
3311 5040 3463 5109 λόγος
3492 5041 3775 5102 άλαζονικὶ

2239 5137 2379 5204 ἔχειν
2419 5135 2513 5187 καὶ
2540 5133 2915 5203 παραπλήσιον
2942 5133 3004 5199 τῇ
3037 5131 3167 5200 εὐχῇ
3202 5130 3295 5183 τοῦ
3327 5128 3585 5200 ὑψοῦντος
3620 5129 3766 5180 ἑαυτὲ

2236 5226 2546 5296 Φαρισαίου’
2583 5225 2936 5293 εὐγνωμόνως
2975 5221 3031 5273 δὲ
3070 5222 3354 5275 σκοποῦντι
3397 5219 3611 5290 μακράν
3640 5220 3771 5288 γενὴ

2238 5335 2386 5370 σεται
2411 5321 2509 5388 τῆς
2536 5316 2789 5385 τοιαύτης
2839 5313 3127 5377 διαθέσεως
3178 5317 3205 5367 ό
3252 5316 3553 5384 προφήτης.
3590 5310 3790 5378 Κρῒνόι

2241 5495 2410 5548 l‘aris.
2437 5493 2854 5560 δεδιδαγμένων.
2880 5490 3054 5544 Editin
3077 5489 3240 5560 Basil.
3260 5503 3380 5560 Cum
3403 5485 3586 5552 Regiis
3609 5488 3800 5556 primo,

2239 5568 2474 5617 secundo
2537 5573 2589 5614 et
2629 5557 2846 5626 'quarto
2905 5559 3286 5628 δεδιδαγμένῳ.
3351 5557 3588 5628 Subinde
3673 5572 3801 5628 mss.

2236 5652 2422 5688 omnes
2459 5622 2863 5701 κατηχούμενος
2908 5630 3001 5684 ὢν.
3042 5622 3178 5701 Είιίιί
3227 5622 3628 5701 κατηχούμενος
3679 5622 3800 5701 Αοῦν.

2307 5703 2415 5771 (69)
2466 5697 2640 5757 Editio
2692 5697 2862 5755 Paris.
2891 5699 3192 5771 ὴθισμένοι.
3239 5699 3415 5752 Ειιίιίο
3473 5697 3636 5753 Basil.
3675 5697 3799 5769 ἐνη-

2236 5769 2498 5845 Οισμένοι,
2529 5774 2594 5826 At
2625 5787 2752 5826 mss.
2784 5782 2889 5825 tres
2916 5769 3291 5836 ἐνειθισμένοι.
