4062 6464
320 404 423 462 941

1521 405 1809 463 HOMILIA
1850 409 1917 463 ΙΝ
1950 410 2279 468 PSALMUM
2306 412 2416 468 VII.

3449 419 3551 475 2ιῖ

311 530 411 587 με,
432 519 633 585 Κύριε,
668 516 819 588 φησὶ,
858 515 1011 571 κατὰ
1037 516 1151 585 τὴν
1196 518 1592 587 δικαιοσύνην
1620 538 1761 589 μου,
1786 522 1862 575 Πο

1988 523 2259 594 justitiam
2293 542 2479 580 meam.
2517 526 2790 598 Multiplex
2841 538 2957 597 est,
3011 530 3205 602 inquit,
3243 533 3310 589 de
3342 532 3548 601 iustitia

315 608 434 673 λὺς,
459 609 642 680 φησὶν,
667 609 813 662 ἐστὶν
847 609 878 661 ό
914 609 1160 681 περὶτῆς
1191 608 1535 680 δικαιοσύνης
1570 610 1745 678 λόγος,
1798 628 1862 665 κα

1995 631 2194 680 sermo,
2225 631 2287 671 ac
2302 618 2523 685 justitla
2545 619 2794 689 perfectae
2819 621 2950 677 ﬁnes
2970 632 3126 693 captu
3142 634 3267 678 sunt
3288 624 3548 683 diliiciles.

312 698 613 769 δυσέφικτα
644 699 740 770 τῆς
770 698 979 763 τελείας
1006 698 1346 771 δικαιοσύνης
1374 700 1442 753 τὰ
1472 700 1702 771 πέρατα.
1735 702 1862 755 Ἔστ

1989 706 2087 761 Est
2117 710 2260 763 enim
2293 719 2349 762 et
2382 709 2696 779 angelorum
2717 713 2928 781 justitia
2981 716 3245 783 quaedam,
3291 730 3410 786 qua:
3450 720 3550 774 bno

315 791 425 864 γάρ
442 802 486 845 τε
544 791 639 845 καὶ
663 792 908 859 ἀγγέλων
935 792 1243 863 δικαιοσύνη
1262 792 1772 865 ὑπραναὸεσηκυῖα
1789 793 1887 865 τὴν

314 884 425 938 τῶν
456 882 780 955 ἀνθρώπων,
837 886 931 939 καὶ
972 886 1128 947 εἴτις
1159 884 1296 957 ὑπὲρ
1341 885 1609 954 ἀγγέλους
1637 885 1886 956 δύναμις,

1989 812 2203 851 manam
2238 798 2392 869 longe
2423 810 2647 871 superat
2670 820 2695 859 τ
2727 812 2783 857 ει
2808 805 2852 859 si
2886 821 2991 875 qua
3026 815 3109 862 est
3136 807 3303 862 virtus
3347 810 3552 879 angelis

1995 891 2278 959 superior,
2324 892 2552 961 iustitia:
2605 897 2972 964 praestantiam
3027 901 3380 969 magnitudini
3437 916 3550 956 sua:

312 975 684 1042 ἀναλογοῦσαν
710 974 823 1046 ἔχει
842 974 919 1046 τῷ
943 974 1158 1045 μεγέθει
1185 975 1280 1028 καὶ
1305 974 1403 1045 τὴν
1425 976 1520 1045 τῆς
1542 975 1862 1046 δικαιοσύνη

1988 992 2377 1051 congruentem
2430 982 2613 1041 habet.
2648 984 2788 1052 Quin
2833 990 2990 1042 etiam
3026 998 3108 1043 cst
3139 990 3420 1067 ipsiusmet
3454 991 3545 1047 Dei

312 1066 605 1137 ὑπεροχήν·
637 1068 731 1120 καὶ
754 1066 916 1121 αὑτοῦ
942 1065 1034 1118 τοῦ
1069 1066 1204 1120 Θεοῦ
1228 1069 1261 1137 ἡ
1291 1067 1604 1138 δικαιοσύνη
1638 1071 1671 1138 ἡ
1702 1070 1872 1140 ὑπερ-

309 1154 508 1225 έχουσα
544 1158 721 1211 πάντα
758 1157 902 1220 νοῦν,
939 1158 1174 1229 apem;
1204 1152 1337 1211 οῦσα
1370 1159 1462 1213 καὶ
1500 1159 1878 1230 ἀκατάληπτος

308 1249 457 1319 πάσῃ
480 1251 545 1320 τῇ
562 1251 759 1319 γενητῇ
790 1248 897 1318 (70)
931 1247 1110 1317 φύσει.

378 1338 431 1393 ϐ.
473 1340 604 1409 Ἐμὲ
640 1335 750 1393 οὖν
773 1339 998 1406 κρῖνον,
1033 1340 1232 1408 Κύριε,
1270 1338 1421 1392 κατὰ
1458 1337 1573 1407 τὴν
1599 1339 1755 1409 ἐμὴν
1787 1339 1875 1394 διο

305 1432 657 1498 καιοσύνην·
701 1429 963 1494 τουτέστι,
996 1428 1093 1500 τὴν
1132 1428 1359 1499 ἐφικτὴν
1394 1431 1508 1493 τοῖς
1551 1429 1875 1501 ἀνθρώποις,

1992 1072 2227 1142 justitia.
2254 1089 2374 1142 qua:
2419 1089 2634 1130 omnem
2676 1078 3005 1132 transcendit
3031 1077 3380 1148 intellectum,
3404 1096 3544 1150 qua-

1983 1174 2089 1229 que
2123 1158 2410 1215 ineiiabilis
2443 1173 2551 1227 est,
2581 1161 2836 1232 omnique
2879 1174 3076 1219 creatte
3110 1173 3315 1219 natura:
3343 1165 3543 1221 incom-

1983 1249 2374 1315 prehensibilis.

2057 1342 2110 1395 6.
2153 1339 2240 1395 Me
2274 1341 2437 1410 igitur
2464 1340 2673 1411 judico,
2708 1340 2950 1409 Domine,
2976 1347 3257 1401 secundum
3278 1346 3542 1416 justitiam

1986 1445 2194 1496 meum;
2224 1431 2276 1486 id
2308 1442 2412 1497 est,
2442 1448 2584 1498 eam,
2617 1448 2735 1503 qua:
2761 1434 2828 1490 ab
2878 1435 3183 1493 hominibus
3213 1443 3417 1510 acquiri
3447 1459 3541 1512 po-

305 1522 400 1575 καὶ
424 1522 650 1592 δυνατὴν
679 1524 788 1585 τοῖς
818 1523 876 1574 ὲν
907 1521 1069 1592 σαρκὶ
1100 1521 1252 1587 ζῶσι.
1278 1520 1386 1575 Καὶ
1414 1520 1565 1574 κατὰ
1593 1520 1706 1589 τὴν
1735 1522 1862 1576 ἀχα-

1986 1526 2110 1581 test,
2146 1533 2376 1589 quaeque
2399 1534 2589 1575 eorum
2619 1521 2710 1591 qui
2748 1521 2801 1575 in
2832 1536 2995 1578 carne
3026 1525 3234 1591 vivunt,
3266 1530 3406 1585 vires
3435 1547 3538 1586 non

302 1615 438 1667 κίαγ
466 1630 583 1683 μου
610 1614 701 1665 ἐπ’
730 1613 880 1682 ἐμοί.
932 1611 1087 1666 Οὕτω
1126 1611 1235 1684 γὰρ
1287 1612 1521 1683 μάλιστα
1555 1614 1862 1667 συνίσταται

1981 1619 2215 1677 superat.
2249 1606 2315 1662 Et
2343 1613 2627 1665 secundum
2662 1612 3013 1668 innocentiam
3058 1633 3226 1671 nteant
3262 1636 3419 1689 super
3439 1640 3536 1678 me.

299 1706 335 1773 ἠ
366 1704 601 1765 διάθεσις
636 1703 729 1756 τοῦ
768 1703 1015 1771 λέγοντος
1060 1704 1194 1757 πολὺ
1246 1704 1461 1775 μακράν
1496 1701 1630 1761 οὖσα
1650 1707 1746 1777 τῆς
1774 1723 1862 1775 φα-

1980 1695 2071 1752 Sic
2093 1699 2235 1751 enim
2269 1699 2503 1754 maxime
2533 1700 2804 1769 loquentis
2836 1702 3060 1762 aﬂectus
3107 1709 3287 1776 procul
3331 1725 3360 1762 a
3399 1711 3539 1766 Pha-

303 1794 559 1866 ρισαῖκῆς
587 1794 982 1865 ὑπερηφανίας.
1024 1795 1281 1850 Ἀκακίαν
1319 1796 1427 1867 γὰρ
1457 1796 1648 1849 ἑαυτοῦ
1679 1797 1862 1868 ὀνομά-

1978 1787 2119 1843 τίεαιί
2154 1789 2464 1859 arrogantia
2508 1790 2767 1861 probatur
2797 1792 3015 1849 distare.
3050 1794 3259 1852 Etenim
3284 1799 3539 1855 innocen-

299 1887 382 1949 ζει
410 1883 506 1957 τὴν
536 1886 695 1941 οἱονεὶ
725 1886 1091 1958 ἀκεραιότητα
1142 1888 1235 1938 καὶ
1257 1887 1511 1958 ἀπειρίαν
1539 1886 1646 1943 τῶν
1684 1887 1862 1957 χρησί·

1977 1883 2105 1936 tiam
2142 1898 2295 1937 suam
2318 1883 2584 1948 nominat,
2623 1886 2777 1953 quasi
2810 1887 3230 1955 simplicitatem,
3260 1905 3325 1945 ac
3372 1891 3536 1955 inscio

299 1996 418 2047 μων
456 1980 534 2042 είς
554 1978 777 2047 γνῶσιν,
830 1980 971 2033 κατὰ
1019 1979 1078 2031 τὸ
1115 1981 1402 2049 εἰρημένον
1443 1981 1500 2034 ὲν
1536 1983 1654 2044 ταῖς
1676 1981 1862 2053 Παροι-

1976 1974 2104 2027 tiam
2163 1989 2351 2028 eorum
2402 1988 2522 2043 quae
2572 1975 2789 2044 cognitu
2854 1977 3003 2030 utilia
3055 1989 3228 2033 sunt:
3296 1980 3436 2034 sicut
3482 1981 3536 2035 in

298 2069 468 2139 μίαις,
497 2071 576 2123 ὃτι
615 2071 871 2136 Ἀκακος
898 2072 1164 2124 πιστεύει
1189 2072 1366 2125 παντὶ
1391 2073 1568 2141 λόγῳ.
1608 2073 1759 2126 Ἐπεὶ
1780 2070 1871 2127 οῦν

296 2163 514 2226 πολλοῖς
540 2163 863 2231 ἀφυλάκτως
897 2162 1295 2232 περιπίπτομεν
1330 2163 1390 2229 ἐξ
1417 2165 1671 2237 ἀπειρίας
1695 2167 1744 2218 oi
1783 2166 1873 2221 ἀν-

294 2253 524 2324 θρωποιη,
558 2256 900 2323 παραιτεῖται
945 2253 1035 2305 τὸν
1084 2254 1215 2308 Θεὸν
1236 2256 1339 2308 καὶ
1372 2256 1515 2322 ἀξιοῖ
1546 2255 1871 2328 συγγνώμης

292 2344 476 2413 τυχεῖν
510 2342 602 2394 ἐπὶ
633 2345 697 2412 τῇ
722 2343 945 2414 ἀκακία.
987 2344 1080 2398 Ἐκ
1101 2345 1157 2398 δὲ
1183 2345 1376 2399 τούτου
1404 2347 1559 2417 δῆλόν
1593 2350 1739 2401 ἐστιν
1787 2349 1870 2401 ὅτι

294 2431 798 2502 ταπεινοφροσύνην
844 2432 939 2487 τοῦ
980 2433 1225 2503 λέγοντος
1258 2436 1549 2506 παρίστησι
1588 2435 1785 2505 μᾶλλον
1833 2436 1866 2507 ἢ

293 2523 672 2594 ὑπερηφανίαν
729 2526 798 2579 τά
844 2528 1127 2599 εἰρημένα.
1188 2526 1407 2594 Κρῖνον
1449 2525 1557 2596 γάρ
1585 2543 1685 2595 με,
1713 2528 1866 2598 φησὶ,

296 2615 453 2668 κατὰ
487 2614 601 2683 τὴν
624 2616 778 2686 ἐμὴν
818 2617 1236 2686 δικαιοσύνην,
1265 2616 1358 2670 καὶ
1395 2617 1579 2689 κρῖνὸν
1612 2636 1679 2689 με
1719 2619 1869 2673 κατὰ

1972 2066 2278 2123 Proverbiis
2322 2067 2522 2122 dicitur
2554 2085 2567 2121 :
2598 2066 2856 2123 lnnocens
2905 2069 3069 2124 credit
3116 2073 3254 2125 omni
3303 2073 3535 2127 verba".

1974 2160 2238 2227 Quoniam
2274 2161 2454 2229 itaque
2504 2176 2600 2216 nos
2632 2161 2881 2217 homines
2919 2163 2973 2218 in
3010 2163 3199 2219 multis
3227 2163 3441 2219 incaute
3468 2180 3535 2220 ex

1974 2252 2238 2320 imperitia
2302 2249 2664 2319 oﬂ‘endimus,
2727 2252 2895 2307 Deum
2947 2264 3123 2321 rogat,
3182 2256 3423 2325 petitque
3479 2264 3538 2309 ut

1972 2346 2180 2397 veniam
2216 2355 2435 2412 propter
2490 2344 2854 2398 innocentiam
2891 2355 3231 2414 asseqnatur.
3268 2347 3394 2402 Inde
3436 2363 3539 2403 au-

1973 2442 2076 2486 tem
2106 2432 2449 2488 manifestum
2487 2442 2571 2487 est
2598 2433 2869 2500 loquentis
2891 2434 3244 2488 lmmilitatem
3266 2436 3348 2491 his
3379 2438 3537 2491 dictis

1970 2526 2140 2597 magis
2176 2526 2426 2593 indicari,
2466 2542 2627 2596 quam
2683 2527 3012 2595 superbiam.
3043 2527 3236 2581 Judica
3267 2546 3345 2582 me
3367 2529 3536 2599 enim,

1975 2619 2169 2687 inquit,
2241 2621 2525 2673 secundum
2582 2617 2849 2687 justitiam
2905 2635 3091 2684 meam,
3130 2630 3177 2672 et
3226 2620 3402 2689 iudica
3451 2636 3537 2676 me

290 2708 413 2774 τὴν
436 2710 696 2764 ἀκακίαν
722 2710 821 2781 τὴν
854 2707 1016 2763 οὖσαν
1064 2710 1150 2762 ἐπ’
1179 2709 1322 2781 ἐμοί.
1364 2710 1437 2763 Τὸ
1473 2712 1570 2781 μὲν
1592 2711 1862 2783 δικαίωμά

1970 2712 2252 2766 secundum
2304 2712 2657 2765 innocentiam
2717 2713 2769 2764 in
2826 2727 2911 2765 me
2958 2713 3325 2768 exsiStentem.
3355 2712 3537 2782 Itaque

292 2818 401 2873 μου
430 2803 494 2873 τῇ
525 2801 774 2873 ἀσθενείᾳ
817 2800 1200 2872 παρεξετάζων
1242 2803 1310 2872 τῇ
1338 2800 1673 2873 ἀνθρωπίνῃ,
1726 2801 1862 2855 οῦτω

1970 2803 2229 2872 iustitiam
2262 2803 2479 2872 quidem
2518 2819 2690 2856 meam
2742 2804 3033 2875 fragilitate
3082 2807 3314 2858 humana
3347 2806 3532 2859 adme-

290 2892 476 2964 κρῖνόν
523 2909 609 2963 με·
664 2892 761 2963 τὴν
792 2891 849 2945 δὲ
878 2891 1156 2964 ἁπλότητα
1197 2891 1305 2947 τῶν
1330 2893 1543 2965 τρόπων
1578 2911 1677 2964 μου
1702 2910 1862 2947 κατα-

1970 2899 2125 2960 tiens,
2162 2898 2241 2952 sic
2264 2896 2446 2965 judica
2480 2913 2606 2952 me:
2643 2914 2849 2951 morum
2886 2913 3010 2953 vero
3054 2915 3292 2954 meorum
3325 2900 3533 2969 simpli-

297 2983 507 3056 μαθὼν,
536 2984 609 3056 μὴ
643 2985 716 3047 ὼς
741 2984 851 3055 (71)
883 2984 1108 3057 ὲντρεχῆ
1142 3002 1232 3056 με,
1270 2984 1403 3055 μηδὲ
1446 2985 1522 3048 ὡς
1551 2984 1862 3056 εὐπερίδλε-

1971 2988 2190 3039 citatem
2227 2987 2434 3049 doctus,
2484 3000 2569 3040 me
2605 3002 2709 3041 non
2742 2998 2801 3041 ut
2839 3004 3111 3059 sagacem,
3152 3005 3325 3060 neque
3369 3002 3426 3046 ut
3481 2994 3533 3047 in

290 3093 426 3129 πτον
449 3079 527 3141 εἰς
546 3072 614 3130 τὰ
641 3077 732 3129 τοῦ
756 3077 961 3148 κόσμου
985 3076 1303 3147 πράγματα,
1339 3075 1511 3140 οὕτως
1535 3078 1862 3149 ἁμαρτάνον-

1971 3079 2156 3132 mundi
2242 3079 2474 3147 negotiis
2526 3077 3020 3147 circumspectum,
3087 3080 3159 3134 ita
3226 3092 3532 3150 peccantem

287 3167 362 3222 τά
393 3186 456 3238 με
475 3168 862 3240 καταδικάσῃς.
896 3166 1310 3237 Συντελεσθήτω
1333 3167 1395 3238 δὴ
1428 3170 1659 3240 πονηρία
1692 3173 1862 3241 ἁμαρ-

1970 3169 2311 3223 condentnes.
2345 3168 2505 3223 Vens.
2564 3169 2651 3223 10.
2685 3168 3084 3224 Consummatur
3124 3188 3260 3224 nunc
3302 3176 3532 3242 nequitia

285 3258 497 3313 τωλῶν.
546 3260 833 3329 Ἀντικρυς
883 3258 1130 3329 μαθητής
1184 3260 1300 3312 ἐστι
1339 3259 1449 3313 τῶν
1498 3261 1862 3330 εύαγγελικῶν

1970 3271 2313 3327 peccatorum.
2352 3260 2476 3316 llaec
2505 3263 2595 3332 qui
2651 3272 2923 3331 precatur,
2956 3261 3142 3329 procul
3178 3263 3336 3318 dubio
3362 3279 3533 3321 evan-

286 3349 726 3420 προσταγμάτων
745 3347 956 3403 όταῦτα
997 3347 1311 3422 εὐχόμενος.
1342 3351 1705 3424 Προσεύχεται
1759 3353 1865 3427 γὰρ

286 3438 433 3509 ὑπὲρ
462 3440 568 3492 τῶν
600 3438 1011 3512 ἐπηρεαζόντων
1034 3442 1214 3507 αὑτὸν,
1236 3442 1401 3507 ἀξιῶν
1425 3443 1618 3515 πέρατι
1642 3445 1733 3496 καὶ
1755 3445 1865 3517 ὅρῳ

283 3529 396 3582 τινὶ
433 3530 533 3602 τὴν
573 3531 836 3602 πονηρίαν
859 3531 965 3585 τῶν
990 3532 1409 3604 ἁμαρτανόντων
1437 3532 1863 3605 περιγραφῆναι.

288 3623 500 3695 Ὠσπερ
521 3622 586 3678 ἂν
608 3624 661 3678 εί
676 3642 759 3690 τις
773 3626 912 3698 ὑπὲρ
929 3626 1034 3678 τῶν
1053 3626 1365 3696 καμνόντων
1391 3628 1452 3681 τὸ
1470 3627 1626 3698 σῶμα
1644 3644 1868 3697 προσευ-

284 3714 513 3787 χόμενος
525 3717 691 3785 λέγοι·
708 3718 1112 3788 Συντελεσθὴτω
1126 3718 1188 3787 δὴ
1205 3720 1237 3789 ἡ
1251 3719 1401 3782 νόσος
1412 3719 1519 3772 τῶν
1532 3718 1863 3790 καμνόντων.

287 3809 409 3861 Ἵνα
422 3809 528 3880 γάρ
547 3808 620 3878 μὴ
636 3808 727 3860 ἐπὶ
739 3809 896 3861 πλέον
912 3810 1156 3879 ἕρπουσα
1170 3810 1243 3873 ὼς
1257 3810 1365 3879 (7'2)
1379 3812 1685 3883 γάγγραινα
1697 3810 1866 3881 νομὴν

283 3899 582 3971 λαμϐάνῃή
604 3898 866 3969 ἁμαρτία,
882 3897 1098 3969 εὔχεται
1116 3918 1189 3954 πα
1197 3899 1265 3971 ρά
1279 3900 1432 3964 Θεοῦ,
1455 3902 1645 3972 στῆναι
1657 3902 1750 3956 καὶ
1762 3904 1866 3971 ὀρι-

285 3990 483 4059 σθῆναι
498 3988 593 4059 τὴν
607 3989 696 4041 ἐπὶ
710 3989 869 4043 πλέον
885 3990 1039 4061 χύσιν
1051 3992 1149 4062 τῆς
1164 3993 1455 4064 ἁμαρτίας,
1470 3995 1497 4045 ὁ
1508 3994 1732 4061 ἀγαπῶν
1742 3995 1866 4057 τοὺς

282 4082 512 4151 ἐχθροὺς
532 4079 716 4144 αὑτοῦ,
733 4082 825 4134 καὶ
841 4081 1018 4145 καλῶς
1031 4085 1202 4137 ποιεῖν
1225 4084 1347 4146 τοὺς
1372 4083 1657 4153 μισοῦντας
1676 4083 1859 4154 βουλό-

284 4186 469 4240 μενος,
494 4170 587 4223 καὶ
606 4169 693 4222 διά
705 4168 861 4224 τοῦτο
878 4174 1308 4243 προσευχόμενος
1326 4175 1465 4245 ὑπὲρ
1492 4172 1600 4224 τῶν
1623 4174 1859 4245 ἐπηρεα-

282 4261 484 4327 ζόντων
521 4263 825 4317 αὑτόν.Καὶ
863 4264 1511 4330 κατευθυνεῖςδίκαιον.
1542 4262 1715 4336 Et.qu
1742 4264 1862 4318 ὁδί-

1965 3354 2254 3424 gelicorum
2312 3363 2702 3425 praeceptorum
2753 3353 3047 3423 discipulus
3097 3365 3199 3408 est.
3230 3354 3360 3411 Orat
3386 3357 3529 3411 enim

1965 3459 2062 3514 pro
2088 3446 2529 3515 persequentibus
2546 3445 2738 3516 ipsum,
2768 3445 3001 3514 petitque
3020 3455 3074 3500 ut
3106 3446 3208 3501 line
3231 3457 3285 3502 et
3306 3449 3532 3504 termino

1967 3537 2204 3605 quodam
2286 3545 2629 3603 peccatorum
2701 3536 2956 3604 iniquitas
3032 3536 3527 3593 circumscribatur.

1968 3629 2448 3696 Quemadmodum.
2483 3629 2528 3682 si
2596 3629 2719 3697 quis
2776 3643 2872 3697 pro
2926 3630 2992 3683 iis
3049 3631 3138 3700 qui
3194 3646 3341 3700 aegro
3405 3643 3530 3687 sunt

1967 3733 2211 3788 corpore,
2263 3719 2582 3788 deprecans,
2626 3718 2870 3774 diceret:
2920 3721 3334 3776 Consummetur
3388 3740 3528 3778 mmc

1966 3810 2337 3880 :rgrotantium
2398 3813 2639 3866 morbus.
2701 3811 2910 3866 Etenim
2970 3828 3035 3867 ne
3099 3828 3321 3882 serpens
3369 3814 3529 3871 latius

1966 3914 2266 3974 peccatum,
2294 3902 2436 3957 velut
2459 3918 2743 3973 gangraena
2776 3904 3000 3959 ulterius
3027 3907 3371 3975 depascatur,
3398 3909 3528 3976 petit

1966 4012 1996 4049 a
2044 3996 2191 4061 Deo,
2251 4006 2310 4049 ut
2360 3994 2603 4060 sistatur,
2656 3994 3237 4065 circumscribaturquc
3299 3999 3527 4065 amplior

1966 4090 2174 4157 peccati
2225 4086 2461 4142 επιιείοι
2520 4088 2719 4155 quippe
2773 4087 3017 4141 inimicos
3062 4102 3190 4141 suos
3248 4089 3523 4156 diligebat,

1969 4181 2141 4250 iisque
2171 4178 2365 4247 quibus
2404 4177 2612 4230 invisus
2661 4185 2800 4238 erat,
2833 4176 3047 4231 volebat
3097 4178 3437 4244 benefacere.
3471 4195 3526 4236 et

1967 4272 2089 4327 ideo
2114 4268 2437 4339 precabatur
2482 4281 2579 4334 pro
2606 4270 3054 4337 persequentibus
3087 4270 3283 4338 ipsum.
3336 4270 3405 4324 Et
3438 4274 3523 4325 di-

280 4370 435 4417 καιος
448 4354 785 4426 ὀνομάζεται·
820 4357 913 4409 καὶ
926 4355 1089 4425 εύθὴς
1111 4357 1267 4427 ή(75)
1290 4356 1485 4428 καρδία
1514 4358 1547 4428 ἠ
1567 4356 1858 4427 κατωρθω-

1970 4364 2105 4431 riges
2134 4359 2358 4430 justum.
2400 4355 2585 4413 Justus
2628 4359 2937 4412 nominatur
2987 4369 3164 4413 rectus
3198 4378 3212 4414 :
3249 4364 3378 4415 item
3405 4377 3521 4425 cor,

284 4441 444 4514 μένη.
459 4444 523 4495 Τί
537 4441 628 4497 οὖν
655 4444 896 4514 βούλεται
909 4445 1139 4499 ἐνταῦθα
1153 4447 1185 4515 ἡ
1204 4446 1473 4516 προσευχὴ
1486 4445 1560 4514 τῷ
1572 4446 1824 4517 Προφήτῃ
1842 4462 1856 4510 ἓ

280 4530 516 4602 Εῦχεται
537 4535 645 4606 γὰρ
670 4536 760 4589 τὸν
778 4536 874 4608 ἥδη
903 4535 1092 4607 ἔχοντα
1110 4537 1207 4606 τὴν
1235 4536 1501 4608 εὐθύτητα
1532 4537 1855 4589 κατευθύνε-

281 4624 426 4679 σθαι.
446 4626 518 4678 Οὐ
536 4624 643 4696 γὰρ
664 4628 728 4681 ἀν
750 4646 829 4692 τις
848 4629 987 4682 εἴποι
1016 4623 1154 4680 εἶναί
1185 4644 1237 4680 τι
1251 4631 1307 4681 ὲν
1341 4627 1416 4697 τῷ
1434 4627 1626 4697 δικαίῳ
1647 4626 1855 4679 σκολιὸν

278 4717 400 4773 οὐδὲ
416 4716 836 4789 διεστραμμένον
853 4720 973 4774 οὐδὲ
994 4720 1392 4791 στραγγαλιῶδε
1400 4737 1443 4782 ς.
1461 4719 1611 4789 Τάχα
1624 4718 1677 4770 δὲ
1691 4720 1855 4788 ἀναγ-

281 4808 415 4864 καία
430 4808 571 4879 ὑπὲρ
596 4808 689 4862 τοῦ
715 4810 924 4865 δικαίου
946 4810 1229 4882 ὴαῖτησις,
1251 4813 1338 4866 ἵνα
1354 4812 1413 4865 τὸ
1433 4809 1573 4865 κατὰ
1600 4810 1854 4881 πρόθεσιν

279 4901 447 4959 αύτοῦ
480 4901 635 4966 suos;
663 4902 755 4955 καὶ
770 4903 829 4954 τὸ
851 4904 1205 4976 ἀδιάστροφον
1226 4904 1324 4973 τῆς
1341 4902 1583 4974 γνώμης,
1611 4902 1766 4957 τοῦτο
1785 4907 1848 4975 τῇ

281 4998 436 5070 παρά
456 4996 551 5051 τοῦ
577 4996 711 5051 Θεοῦ
737 4999 1074 5069 χειραγωγίᾳ
1102 4997 1458 5069 κατευθυνθῇ,
1482 4997 1557 5060 ὡς
1593 4999 1727 5069 μήτε
1750 4998 1853 5050 ὑπὸ

280 5089 565 5152 ἀσθενείας
597 5090 759 5143 αὐτὸν
796 5089 1092 5143 ἀπονευσαί
1132 5106 1260 5143 ποτε
1306 5090 1398 5142 τοῦ
1432 5089 1591 5142 οἱονεὶ
1631 5089 1853 5151 κανόνος

280 5184 382 5251 τῆς
416 5180 672 5251 ἀληθείας
726 5180 857 5251 (74),
886 5182 1021 5252 μήτε
1063 5181 1167 5234 ὑπὸ
1212 5179 1304 5232 τοῦ
1332 5178 1526 5253 ἐχθροῦ
1569 5181 1665 5249 τῆς
1723 5181 1853 5250 ἁλη-

365 5274 410 5308 ⁶⁸
450 5269 609 5326 Prov.
636 5288 747 5338 xw,
784 5274 869 5328 15.

353 5360 467 5430 (70)
501 5361 721 5417 Variant
774 5363 887 5418 fere
936 5366 1079 5419 inter
1126 5379 1185 5420 se
1244 5378 1375 5419 mss.
1407 5373 1539 5427 tum,
1594 5381 1713 5419 cum
1750 5380 1848 5414 vox

276 5431 540 5502 γεννητός
565 5436 823 5488 occurrit.
856 5435 1125 5490 Scribitur
1145 5437 1288 5489 enim
1334 5436 1383 5487 in
1431 5436 1551 5489 aliis
1577 5434 1853 5491 codicibus

279 5519 405 5557 cum
462 5502 656 5567 duplici
682 5521 711 5556 ν
743 5521 757 5556 :
787 5504 839 5558 in
876 5505 995 5558 aliis
1028 5520 1148 5557 cum
1183 5507 1361 5559 unico.
1401 5503 1511 5557 Hoc.
1542 5506 1658 5561 loco
1688 5504 1853 5557 editio

283 5571 451 5645 Basil.
485 5581 536 5623 et
580 5570 726 5645 lt_egii
752 5575 955 5643 primus
988 5584 1042 5628 et
1064 5585 1255 5629 sextus
1291 5576 1513 5645 γενητῇ.
1552 5576 1729 5631 Editio
1747 5571 1849 5625 Pa-

283 5643 377 5711 ris.
406 5643 660 5711 γεννητῇ.

355 5710 468 5783 (7l)
507 5710 805 5786 Verborum
852 5712 1099 5786 illorum,
1136 5715 1210 5786 μὴ
1241 5715 1336 5779 ὼς,
1373 5714 1846 5786 etc.,_iuterprctn-

283 5780 486 5834 tionem
524 5780 715 5835 melius
738 5781 1024 5853 intelliges,
1060 5784 1101 5837 si
1130 5780 1455 5839 ea'invertas
1477 5824 1491 5842 .
1515 5784 1615 5838 hoc
1643 5780 1797 5838 modo
1824 5801 1837 5837 :

281 5868 486 5906 morum
528 5868 640 5907 vero
673 5866 902 5906 meorum
941 5854 1321 5925 simplicitatem
1368 5858 1577 5917 doctus,
1609 5857 1680 5909 ita
1725 5872 1852 5921 pcc-.

1963 4452 2161 4503 virtute
2189 4459 2461 4511 ornatum,
2484 4458 2703 4501 vocatur
2733 4454 2953 4499 rectum.
2975 4447 3110 4514 Quid
3133 4448 3294 4519 igitur
3320 4449 3407 4506 bic
3422 4454 3522 4508 sibi

1963 4543 2073 4597 vult
2092 4542 2369 4611 Propheta:
2393 4538 2627 4606 precatio
2645 4536 2744 4593 ιο.
2758 4547 2812 4591 at
2827 4539 2969 4593 enim
2988 4552 3045 4594 ut
3062 4540 3106 4595 is
3127 4542 3215 4611 qui
3223 4541 3333 4611 jam
3348 4555 3524 4599 rectus

1962 4642 2067 4700 est,
2086 4634 2363 4701 dirigatur.
2384 4629 2551 4685 Nemo
2580 4631 2723 4686 enim
2750 4631 2949 4688 dixerit
2976 4648 3096 4688 esse
3126 4635 3177 4688 in
3200 4636 3348 4705 justo
3370 4636 3524 4704 quid-

1960 4742 2119 4795 quam
2136 4724 2427 4793 obliquum,
2443 4732 2534 4777 aut
2553 4735 2938 4791 transversum,
2952 4736 3042 4779 aut
3056 4736 3376 4782 tortuosum.
3393 4727 3525 4784 For-

1962 4818 2121 4873 tassis
2147 4826 2327 4871 autem
2387 4816 2691 4872 necessaria
2741 4826 2822 4871 est
2857 4830 2955 4886 pro
2978 4816 3124 4884 justo
3169 4821 3433 4889 precatio,
3464 4834 3523 4877 ut

1960 4918 2169 4963 rectum
2198 4905 2362 4960 animi
2389 4906 2503 4976 ejus
2538 4906 2894 4974 propositum,
2914 4908 3525 4967 mentisitmnutabilitas

1961 4999 2055 5058 Dei
2090 5002 2253 5056 ductu
2284 5002 2576 5070 dirigatur,
2601 5016 2668 5055 ne
2689 5002 2903 5071 quando
2925 5017 3033 5070 przc
3050 5004 3363 5060 inﬁrmitate
3380 5022 3409 5059 a
3431 5022 3524 5062 ve-

1960 5093 2135 5147 ritatis
2168 5093 2320 5162 quasi
2345 5107 2550 5146 canone
2573 5092 2841 5159 deﬂectat,
2866 5109 2996 5148 neve
3010 5110 3130 5147 etim
3159 5098 3401 5152 veritatis
3422 5101 3520 5152 ini-

1974 5189 2142 5241 Inicus
2170 5187 2443 5256 perversis
2486 5188 2749 5257 dogmatis
2787 5188 2964 5242 laedat.
3000 5186 3253 5245 Scrutatts
3285 5196 3444 5245 corda
3471 5205 3520 5247 et

1960 5374 2160 5440 cantent
2185 5379 2269 5440 {ne
2311 5374 2622 5440 contemnes.
2653 5381 2753 5418 non
2788 5377 2856 5440 ut
2908 5381 3168 5440 sagacem,
3205 5386 3384 5440 neque,
3409 5381 3516 5429 etc.

1961 5434 2255 5506 Martiali).
2283 5436 2540 5503 septimus
2568 5436 2980 5506 ἐπηρεαζόντων
3006 5435 3171 5506 αύτῷ.

2028 5504 2138 5570 (72)
2178 5488 2578 5583 Ιῖεείὶἶριιςὶιιιυε
2603 5488 2689 5560 et"
2713 5488 2901 5583 Icilius
2942 5505 3035 5557 ἐπὶ
3078 5488 3258 5563 πλεῖον
3320 5514 3518 5583 προκό-

1955 5589 2166 5626 πτουσα
2198 5573 2293 5637 ὡς.
2334 5576 2435 5628 Alii
2473 5592 2602 5629 mss.
2637 5586 2693 5629 ut
2719 5578 2866 5631 editi.

2027 5642 2139 5710 (75)
2175 5642 2265 5698 Sic
2316 5659 2445 5697 mss.
2485 5660 2604 5698 cum
2648 5648 2882 5701 editione
2932 5645 3098 5704 Basil.
3129 5649 3306 5708 Editie
3338 5652 3509 5709 Paris.

1953 5715 2120 5787 si;be
2138 5717 2279 5769 6.....
2312 5714 2471 5787 εὐθὺς
2491 5718 2545 5786 ἡ.

2020 5783 2128 5854 (τί)
2152 5787 2300 5839 Colit.
2334 5783 2557 5854 quartus
2579 5787 2798 5852 κανόνος
2816 5788 2911 5858 τῆς
2945 5788 3176 5855 εὐθείας.
