4062 6442
574 381 704 438 ἐπ’

1886 378 1943 434 S.
1985 376 2235 433 BASILII
2269 374 2482 433 MAGNI

3725 375 3832 429 ΞΗ

579 512 727 551 renes
760 494 895 548 Deus
923 493 1091 562 juste.
1145 492 1588 563 Quandoquidem
1633 492 1908 566 Scriptura
1957 496 2129 550 multi:

2246 493 2397 556 θείας
2455 496 2567 558 τοῖς
2625 493 3025 565 ὲνδιαστρόφοις
3082 492 3314 565 δόγμασι
3376 491 3828 563 παραϐλαϐἧναι.

578 586 633 639 ἱιι
670 584 803 639 locis
827 598 923 638 cor
951 598 1048 653 pro
1076 577 1359 653 principali
1397 581 1591 637 animai
1627 594 1778 655 parte
1808 586 2030 656 accipit,
2056 601 2139 641 re-

578 690 678 731 nes
707 689 838 729 vero
884 689 979 743 pro
1014 676 1431 746 concupiscente
1454 714 1471 740 ,
1518 674 1606 731 hic
1633 691 1848 747 quoque
1901 677 2137 745 idipsum

576 762 843 831 signiﬁcat
880 780 897 817 :
936 762 1422 831 nitnirumJudica
1444 779 1542 829 me,
1577 764 1740 830 Deus,
1774 778 1883 821 tum
1906 780 1969 819 ex
2004 765 2139 819 meis

575 852 722 907 circa
746 852 994 921 pietatem
1031 853 1318 924 dogmatis,
1356 860 1469 906 tum
1500 867 1566 908 ex
1584 855 1819 911 motibus
1847 852 2136 910 affectuum

576 957 819 996 meorum
858 961 872 997 :
911 954 966 999 tu
994 958 1228 1013 namque
1253 944 1415 999 corda
1448 955 1503 1001 et
1553 960 1709 1002 renes
1755 946 2135 1017 perscrutaris.

570 1031 847 1088 Scrutatio
881 1034 1099 1104 preprie
1124 1044 1205 1087 est
1240 1033 1537 1103 inquisitio,
1576 1036 1861 1092 tormentis
1885 1035 2138 1091 omnibus

573 1122 845 1193 adjuncta,
876 1142 1037 1198 quam
1070 1127 1330 1183 adversus
1354 1131 1745 1184 examinandos
1769 1128 2139 1196 adhibentju-

570 1212 740 1279 dices,
775 1227 832 1270 ut
856 1218 887 1270 ii
918 1217 1005 1284 qui
1040 1215 1091 1270 in
1121 1231 1181 1271 se
1215 1226 1398 1283 legunt
1429 1220 1717 1288 postulata,
1745 1218 1795 1271 id
1822 1218 1963 1287 quod
1998 1217 2135 1272 late-

573 1304 685 1370 bat,
724 1306 776 1361 in
827 1305 1063 1359 medium
1104 1306 1153 1358 vi
1185 1306 1430 1361 dolorum
1463 1307 1760 1377 proferant.
1794 1304 2043 1360 Profecto
2080 1306 2133 1360 in

567 1394 763 1465 judicis
806 1393 964 1466 104
1000 1397 1243 1451 οιςιπηίηο
1276 1398 1452 1452 omnis
1514 1398 1718 1451 erroris
1768 1395 1976 1465 experti
2023 1405 2134 1451 tam

569 1484 945 1554 cogitationes,
997 1499 1157 1554 quam
1211 1486 1449 1541 actiones
1480 1497 1679 1541 nostra:
1726 1486 2130 1556 expenduntur.

567 1575 737 1630 Nemo
762 1574 926 1645 igitur
955 1591 1139 1631 verum
1159 1575 1394 1645 judicem
1416 1579 1733 1649 praeveniat,
1768 1587 1895 1632 ante
1925 1586 2135 1647 tempus

561 1667 766 1734 judicct
813 1684 993 1735 nemo,
1050 1669 1400 1741 Quoadusque
1450 1674 1619 1725 veniat
1654 1671 1929 1737 Dominus,
1957 1672 2047 1739 qui
2082 1678 2133 1724 et

566 1758 886 1812 illumiuubit
939 1760 1247 1815 abscondita
1291 1760 1646 1824 tenebrarum,
1693 1773 1741 1816 et
1769 1763 2130 1822 manifestabit

2260 580 2499 642 Ἐτάζων
2548 583 2796 652 καρδίας
2842 582 2940 636 καί
2992 582 3245 651 νεφροὺς
3286 586 3320 638 ό
3370 582 3517 648 Θεὸς
3552 582 3827 647 δικαίως.

2258 674 2472 746 Ἐπειδὴ
2496 675 2723 746 καρδίαν
2747 678 2780 746 η
2812 676 2851 727 Γ
2855 673 3002 747 ραφὴ
3032 674 3293 746 πολλαχοῦ
3323 676 3416 729 ἐπὶ
3438 674 3537 728 τοῦ
3560 676 3831 745 ἡγεμονι-

2246 766 2342 819 κοῦ
2389 768 2832 839 παραλαμϐάνει,
2878 767 3111 837 νεφροὺς
3161 768 3217 820 δὲ
3268 768 3538 838 πολλαχοῦ
3589 768 3689 820 ἐπὶ
3736 766 3828 819 τοῦ

2246 857 2636 929 ἐπιθυμητικοῦ
2668 859 2769 929 τῆς
2806 860 3005 931 ψυχῆς,
3039 859 3131 911 καί
3158 858 3387 914 ἐνταῦθα
3433 861 3497 913 τὸ
3546 859 3689 913 αὐτὸ
3725 876 3827 928 ση-

2247 948 2423 1017 μαίνει
2442 966 2456 979 ο
2491 950 2593 1014 ὅτι,
2640 948 2703 1001 'O
2738 948 2898 1015 Θεὸς,
2933 948 3143 1018 κρῖνόν
3163 965 3240 1016 με
3263 950 3353 1001 ὲπί
3382 967 3440 1002 τε
3467 952 3584 1012 τοῖς
3612 948 3827 1017 δόγμα-

2245 1056 2327 1091 σιν
2355 1034 2435 1102 οίς
2461 1038 2568 1110 ἔχω
2601 1039 2731 1109 περὶ
2776 1040 2874 1110 τῆς
2914 1037 3219 1101 εὐσεϐείας,
3247 1040 3339 1092 καὶ
3365 1040 3457 1092 ἐπὶ
3497 1041 3614 1101 τοῖς
3659 1040 3825 1108 κινή-

2246 1146 2377 1199 μασι
2414 1133 2527 1193 τοῖς
2557 1128 2907 1199 παθητικοῖς·
2946 1131 3011 1184 σὺ
3043 1128 3151 1200 γάρ
3193 1123 3245 1180 εἷ
3268 1130 3299 1180 ὁ
3328 1128 3533 1192 ὲτάζων
3584 1126 3825 1197 καρδίας

2242 1218 2337 1270 καὶ
2376 1218 2624 1290 νεφρούς.
2675 1218 2939 1288 Ἐτασμὸς
2969 1217 3173 1289 κυρίως
3200 1215 3343 1268 ἐστὶν
3386 1218 3419 1286 ἡ
3449 1214 3589 1286 μετά
3624 1214 3825 1266 πασῶν

2244 1306 2488 1376 βασάνων
2517 1305 2898 1378 προσαγομένη
2929 1307 3122 1378 ἔρευνα
3145 1305 3297 1376 παρὰ
3324 1306 3431 1357 τῶν
3459 1304 3670 1375 κριτῶν
3706 1306 3825 1364 τοῖς

2240 1397 2662 1469 ὲξεταζομένοις,
2712 1398 2800 1451 ῐνα
2848 1398 2899 1449 oi.
2947 1398 3279 1470 κρύπτοντες
3326 1396 3452 1465 παρ’
3483 1398 3705 1458 ἑαυτοῖς
3752 1394 3826 1447 τὰ

2240 1488 2642 1561 ἐπιζητούμενα
2672 1491 2738 1560 τῇ
2770 1489 2982 1562 ἀνάγκῃ
3008 1490 3116 1543 τῶν
3157 1489 3332 1541 πόνων
3361 1490 3440 1550 εἰς
3474 1486 3537 1539 τὸ
3563 1487 3818 1556 ἐμφανὲς

2238 1581 2619 1651 καταστήσωσι
2665 1579 2725 1633 τὸ
2769 1579 3046 1634 λανθάνον.
3092 1582 3181 1635 Ἐν
3226 1578 3335 1651 γὰρ
3378 1579 3491 1640 τοῖς
3526 1576 3817 1647 ἀπαραλο-

2238 1673 2442 1741 γίστοις
2476 1671 2791 1742 ὲξετασμοῖς
2829 1671 2921 1724 τοῦ
2956 1672 3138 1743 κριτοῦ
3174 1670 3456 1735 ὲτάζονται
3504 1670 3605 1740 μὲν
3652 1668 3819 1738 ἡμῶν

2236 1765 2284 1816 οί
2324 1763 2602 1833 λογισμοὶ,
2650 1762 2929 1822 ὲτάζονται
2973 1764 3029 1817 δὲ
3061 1765 3156 1818 καὶ
3196 1764 3250 1817 αί
3305 1761 3554 1834 πράξεις.
3602 1758 3821 1827 Μηδεὶς

564 1849 783 1903 consilia
815 1852 1048 1905 cordium
1075 1852 1141 1905 “.
1184 1850 1374 1919 Itaque
1408 1851 1536 1905 dum
1575 1862 1849 1906 scrutatur
1874 1832 2037 1908 corda
2073 1864 2128 1909 et

2232 1851 2325 1909 οῦν
2370 1832 2800 1926 προλαμϐανέτω
2848 1852 2959 1923 (75)
3003 1854 3092 1907 τόν
3124 1832 3375 1925 ἀληθινὸν
3412 1850 3631 1922 κριτὴν,
3672 1847 3817 1918 μηδὲ.

566 1956 723 1995 renes
748 1941 905 2006 Deus,
935 1958 1085 1997 suam
1112 1943 1645 2012 ostenditjustitiam.
1676 1944 1739 1998 Et
1761 1945 1976 2014 quidem
2002 1960 2129 2000 exa-

564 2032 823 2088 minatum
857 2043 942 2089 est
968 2048 1063 2088 cor
1090 2034 1430 2097 Abrahae,an
1462 2036 1625 2091 Deum
1652 2051 1717 2090 ex
1749 2046 1856 2092 tota
1884 2053 1980 2092 sua
2018 2040 2132 2093 ani-

2232 1947 2337 2018 πρδ
2362 1944 2552 2017 καιροῦ
2578 1962 2661 2007 τις
2687 1943 2938 2015 κρινέτω,
2966 1946 3109 2010 Ἕως
3130 1946 3205 2001 ἂν
3234 1947 3382 2012 ἔλθῃ
3409 1947 3441 1998 ὁ
3466 1944 3707 2009 Κύριος,
3742 1939 3817 2005 ὃς

2230 2039 2327 2091 καὶ
2359 2039 2604 2107 φωτίσει
2649 2038 2721 2091 τὰ
2768 2036 2999 2105 κρυπτὰ
3034 2038 3137 2091 τοῦ
3168 2038 3449 2100 σκότους,
3487 2034 3585 2087 καί
3620 2048 3816 2101 φανε-

563 2141 650 2181 ma
698 2136 750 2181 et
786 2142 852 2181 ex
904 2135 1019 2182 toto
1059 2127 1224 2181 corde
1268 2126 1535 2196 diligeret,
1590 2131 1808 2197 quando
1836 2126 2016 2198 jussus
2048 2137 2129 2184 est

2232 2128 2406 2198 ρώσει
2431 2127 2537 2195 τὰς
2554 2128 2790 2193 βουλὰς
2814 2126 2932 2181 τῶν
2958 2129 3229 2195 καρδιῶν.
3267 2128 3355 2180 Ἐν
3382 2122 3473 2179 οὖν
3491 2124 3570 2194 τῷ
3591 2124 3817 2186 ὲτάζειν

562 2219 714 2275 Isaac
749 2234 848 2289 pro
888 2218 1204 2273 holocausto
1242 2218 1439 2273 oﬂ'erre
1471 2237 1484 2274 :
1526 2230 1584 2273 ut
1617 2224 1953 2291 compertum
1987 2230 2134 2277 esset

562 2311 732 2365 ﬁlium
769 2326 925 2369 suum
960 2310 1027 2365 ab
1071 2312 1186 2380 ipso
1231 2325 1390 2380 supra
1426 2312 1591 2364 Deum
1621 2327 1726 2365 non
1760 2312 1952 2365 amari.
1990 2311 2135 2366 Exa-

563 2411 800 2457 nunatus
830 2412 913 2457 est
940 2412 1120 2458 autem
1157 2412 1211 2457 et
1232 2401 1423 2466 Jacob,
1452 2402 1637 2458 fratris
1670 2404 1879 2458 insidiis
1906 2404 2130 2473 petitus,

562 2505 621 2549 ut
645 2492 887 2549 fraterna
923 2494 1093 2565 ipsius
1132 2494 1369 2549 charitas
1402 2495 1543 2549 inter
1568 2505 1712 2549 tanta
1738 2495 1879 2550 Esau
1910 2506 2132 2565 peccata

560 2585 731 2641 nihilo
752 2586 1029 2641 remissior
1058 2596 1363 2656 appareret.
1388 2585 1572 2656 Itaque
1590 2588 1779 2641 borum
1802 2588 1965 2641 corda
1995 2603 2132 2642 exao

562 2679 695 2733 mini
726 2679 877 2733 fuere
904 2678 1167 2748 subjecta.
1194 2679 1332 2745 Quin
1361 2689 1415 2733 et
1448 2694 1607 2734 renes
1636 2677 1857 2748 Josephi
1904 2680 2129 2748 expensi

561 2770 800 2833 fuerunt,
847 2769 1086 2838 quando,
1139 2769 1342 2823 lasciva
1385 2768 1602 2823 domina
1634 2784 1818 2824 amore
1840 2768 1957 2837 ejus
1984 2769 2131 2823 insa-

560 2862 764 2927 niente,
796 2860 1056 2931 voluptati
1080 2861 1408 2931 turpissima:
1459 2862 1796 2917 honestatem
1852 2863 2128 2932 pudicltize

557 2953 964 3025 praetulitildeo
986 2964 1161 3009 autem
1186 2956 1440 3024 probatus
1468 2963 1569 3019 est,
1610 2964 1668 3009 ut
1699 2954 1972 3009 communi
1995 2969 2129 3008 con-

559 3062 724 3102 sensu
751 3045 1292 3116 spectatoresjudicii
1332 3047 1423 3100 Dei
1471 3046 1766 3102 faterentur
1793 3046 1915 3114 jure
1946 3047 1995 3100 ei
2028 3048 2126 3099 de—

561 3140 690 3192 ferri
723 3141 1003 3203 honorem,
1030 3139 1169 3206 quod
1199 3138 1338 3192 illius
1365 3138 1587 3192 castitas
1632 3140 1683 3191 in
1729 3139 1939 3207 magnis
1974 3138 2120 3190 neri-

557 3232 694 3285 culis
729 3231 921 3285 mirum
955 3230 1007 3284 ln
1034 3230 1248 3283 modum
1278 3229 1556 3284 elusisset.

2231 2222 2456 2294 καρδίας
2490 2223 2584 2291 καὶ
2617 2222 2847 2292 νεφροὺς
2886 2222 2915 2273 ὁ
2946 2220 3075 2283 Θεὸς
3106 2220 3165 2273 τὸ
3198 2218 3392 2273 ἑαυτοῦ
3424 2217 3643 2270 δίκαιον.
3670 2217 3815 2268 ἀναο

2231 2315 2428 2384 φαίνει.
2484 2312 2718 2382 Ἠτάσθη
2766 2312 2864 2382 μὲν
2891 2307 3043 2382 οὖνὴ
3084 2311 3280 2383 καρδία
3310 2308 3405 2362 τοῦ
3450 2306 3730 2379 Ἀϐραάμ,
3762 2308 3815 2359 εί

2232 2406 2422 2475 ἀγαπᾷ
2458 2404 2549 2457 τὸν
2590 2404 2726 2456 Θεὸν
2756 2402 2815 2467 ἐξ
2864 2402 2991 2472 ὅλης
3018 2404 3113 2473 τῆς
3144 2402 3321 2472 ψυχῆς
3366 2399 3527 2453 αὑτοῦ
3549 2439 3563 2461 ,
3615 2399 3716 2451 καὶ
3751 2399 3816 2463 ἐξ

2231 2497 2355 2566 ὅλης
2377 2496 2473 2566 τῆς
2500 2496 2746 2563 καρδίας,
2772 2496 2859 2547 ὅτε
2883 2494 3175 2564 ἐκελεύσθη
3200 2492 3556 2560 ὀλοκαύτωμα
3579 2492 3813 2557 ἀνενεγ-

2232 2592 2345 2641 κεῖν
2389 2589 2478 2641 τὸν
2531 2588 2737 2653 Ἰσαάκ,
2772 2588 2858 2640 ἵνα
2896 2590 3059 2657 φανῇ,
3088 2588 3167 2640 ὃτι
3205 2587 3305 2639 οὐκ
3333 2586 3523 2654 ἀγαπᾷ.
3550 2583 3642 2635 τὸν
3687 2583 3814 2634 υἱὸν

2232 2680 2369 2751 ὑπὲρ
2397 2680 2487 2732 τὸν
2513 2680 2644 2733 Θεόν
2662 2698 2673 2710 ·
2701 2679 2908 2750 ὴτάσθη
2941 2679 2999 2732 δὲ
3027 2679 3121 2732 καὶ
3158 2676 3352 2731 Ἰακὼϐ
3382 2675 3813 2744 ἐπιϐουλευόμε-

2230 2790 2316 2836 νος
2344 2772 2447 2825 ὑπὸ
2472 2772 2565 2824 τοῦ
2594 2770 2820 2837 ἀδελφοῦ
2844 2811 2856 2834 ,
2892 2771 2976 2822 ἵνα
3007 2769 3200 2842 λάμψῃ
3228 2771 3285 2821 ὲν
3323 2767 3591 2830 τοσούτοις
3622 2768 3817 2835 ἀμαρ-

2228 2862 2428 2930 τήμασι
2452 2860 2543 2913 τοῦ
2584 2859 2755 2912 Ἡσαῦ
2793 2861 2867 2930 μὴ
2892 2857 3275 2929 ἀμϐλυνομένη
3306 2855 3469 2909 αὑτοῦ
3491 2857 3523 2923 ἠ
3555 2853 3812 2923 φιλαδελ-

2230 2952 2342 3021 φία.
2379 2952 2595 3005 Τούτων
2642 2952 2740 3021 μὲν
2771 2947 2863 3003 οῦν
2892 2953 2947 3003 αἱ
2983 2949 3201 3020 καρδίαι
3238 2946 3577 3017 ὴτάσθησαν·
3611 2944 3815 3014 νεφροὶ

2227 3043 2283 3096 δὲ
2310 3042 2624 3113 ἡτάσθησαν
2649 3040 2742 3093 τοῦ
2779 3038 2993 3110 Ἰωσὴφ,
3017 3041 3126 3100 ὅτε,
3148 3037 3499 3107 ὲπιμανείσης
3528 3034 3681 3103 αὐτῷ
3704 3033 3813 3095 εἰς

2229 3134 2526 3188 ἀκολάστου
2553 3131 2855 3202 δεσποίνης,
2886 3131 2946 3183 τὸ
2978 3130 3170 3199 σεμνὸν
3198 3128 3296 3197 τῆς
3321 3126 3676 3195 σωφροσύνης
3701 3123 3813 3193 τῆς

2150 3206 2192 3264 C
2226 3226 2533 3296 ἀσχήμονος
2570 3224 2763 3295 ἡδονῆς
2809 3221 3191 3294 προετίμησεν.
3233 3221 3327 3283 Εἰς
3372 3217 3531 3272 τοῦτο
3573 3216 3632 3269 δὲ
3688 3215 3813 3284 (76)

550 3322 784 3395 ἡτάσθη,
817 3322 903 3375 ἵνα
925 3324 973 3375 oi
1024 3321 1212 3376 θεαταὶ
1240 3321 1340 3392 τῆς
1374 3322 1605 3393 κρίσεως
1667 3320 1763 3374 τοῦ
1826 3321 1960 3375 Θεοῦ
2016 3318 2318 3373 συνθῶνται
2353 3318 2575 3381 δικαίως
2608 3316 3017 3387 ἀπονεμομένην
3062 3314 3209 3385 αὐτῷ
3246 3313 3346 3382 τὴν
3385 3311 3579 3381 τιμὴν,
3610 3308 3701 3361 διὰ
3746 3306 3813 3361 τὸ

553 3418 613 3471 ὲν
653 3415 907 3488 μεγάλοις
947 3414 1388 3486 δοκιμαστηρίοις
1429 3414 1780 3486 ύπερλάμψαι
1823 3414 1984 3469 αὑτοῦ
2019 3412 2119 3485 τὴν
2158 3412 2480 3483 σεμνότητα.

624 3514 677 3566 7.
708 3511 872 3567 Vens.
923 3510 1008 3564 Η.
1044 3512 1319 3564 Auxilium
1357 3527 1524 3564 meum
1562 3527 1592 3563 a
1627 3509 1868 3565 Domino.
1903 3511 2128 3579 Proprie

554 3604 645 3673 qui
679 3613 1084 3673 oppugnantur,
1116 3602 1374 3658 adversus
1402 3603 1631 3671 impetus
1677 3603 1900 3657 hostiles
1929 3602 2127 3657 in-‘bel-

553 3694 623 3748 lis
657 3693 916 3747 auxilium
947 3701 1217 3762 quaerunt.
1249 3694 1313 3747 Et
1348 3693 1435 3748 hic
1462 3694 1645 3762 itaque
1682 3693 1981 3748 invisibiles
1999 3707 2127 3747 suos

557 3785 808 3841 inimicos
837 3785 1079 3840 sentiens
1109 3785 1395 3855 quispiam,
1425 3784 1837 3854 periculumque
1858 3784 2001 3853 quod
2024 3783 2127 3839 sibi

557 3876 626 3931 ab
664 3876 897 3931 inimicis
919 3875 1094 3946 ipsum
1146 3876 1670 3932 circumsedentibus
1711 3876 2005 3946 impendet,
2044 3875 2127 3929 in-

561 3982 739 4035 tuens,
768 3969 911 4023 dicet
940 3968 1270 4021 :.Auxilium
1322 3983 1501 4021 meum
1530 3984 1634 4022 non
1668 3982 1734 4022 ex
1768 3968 1993 4033 divitiis,
2031 3982 2127 4021 ne-

554 4074 660 4129 que
690 4074 756 4113 ex
793 4058 901 4113 ullo
938 4058 1205 4127 corporali
1238 4058 1497 4125 subsidio,
1529 4074 1706 4129 neque
1751 4075 1817 4115 ex
1864 4060 2123 4129 potentia,

554 4162 647 4205 aut
672 4152 807 4207 meis
832 4152 1057 4212 viribus,
1089 4164 1262 4216 neque
1290 4165 1357 4206 ex
1386 4149 1491 4205 ulla
1514 4152 1837 4220 cognatione
1867 4152 2124 4220 humana,

556 4243 649 4297 sed
687 4242 960 4297 Auxilium
994 4258 1161 4295 meum
1193 4258 1224 4293 a
1254 4240 1499 4295 Domino.
1532 4241 1703 4308 Quale
1726 4253 1905 4295 autem
1949 4244 2127 4296 mittat

554 4334 809 4388 auxilium
839 4334 1152 4388 timentibus
1178 4349 1239 4388 se
1278 4336 1556 4397 Dominus,
1589 4335 1713 4389 alibi
1747 4351 1774 4387 a
1806 4335 2016 4403 psalmo
2042 4336 2128 4390 di-

554 4424 783 4478 dicimus
834 4424 1085 4479 dicente:
1145 4422 1399 4479 Imminet
1421 4430 1636 4495 angelus
1683 4425 1893 4479 Domini
1926 4427 1979 4480 in
2015 4428 2124 4479 cir-

552 4518 697 4570 cuitu
727 4516 1018 4568 timentium
1048 4532 1189 4582 eum,
1216 4528 1263 4570 et
1295 4518 1483 4584 eripiet
1508 4534 1594 4571 eos
1626 4518 1691 4575 °".
1724 4518 1786 4571 Et
1815 4519 1939 4573 alibi
1968 4538 1980 4573 :
2018 4518 2127 4571 An-

554 4610 698 4679 gelus
720 4609 809 4679 qui
838 4607 974 4661 eruit
1005 4626 1086 4662 me
1113 4610 1180 4663 ⁸⁸.
1212 4609 1317 4675 Qui
1344 4610 1519 4664 salvos
1567 4611 1696 4680 facit
1742 4622 1910 4665 rectos
1945 4611 2121 4667 corde.

563 4700 760 4754 [iectus
797 4698 962 4753 corde
1000 4698 1044 4753 is
1080 4708 1183 4763 est,
1212 4701 1366 4770 cujus
1388 4703 1604 4757 animus
1631 4718 1802 4773 neque
1838 4704 1903 4755 ad
1938 4718 2126 4757 exces-

2300 3507 2352 3561 7.
2408 3506 2479 3560 'H
2501 3503 2753 3571 ,ϐοήθειά
2778 3520 2898 3573 μου
2931 3500 3089 3569 παρὰ
3130 3499 3234 3553 τοῦ
3270 3497 3437 3552 Θεοῦ.
3484 3494 3708 3565 Κυρίως
3744 3496 3812 3547 ὲν

2226 3598 2482 3669 πολέμοις
2519 3597 2660 3651 κατά
2703 3596 2802 3657 τάς
2849 3594 3068 3663 ἐφόδους
3099 3591 3205 3645 τῶν
3243 3590 3498 3644 ἐναντίων
3540 3588 3640 3649 τὰς
3672 3585 3810 3656 βοη-

2226 3693 2373 3756 θείας
2402 3691 2759 3765 ἐπιζητοῦσιν
2774 3691 2823 3742 οἱ
2849 3686 3259 3757 πολεμούμενοι.
3293 3684 3402 3737 Καὶ
3430 3680 3667 3735 ἐνταῦθα
3688 3681 3807 3731 τοί-

2224 3802 2318 3838 νυν
2354 3786 2382 3837 ὁ
2412 3784 2519 3837 τῶν
2556 3783 2805 3855 ἀοράτων
2838 3779 3044 3851 ἐχθρῶν
3076 3776 3268 3830 ἑαυτοῦ
3314 3772 3809 3841 ἐπαισθανόμενος,

2225 3878 2319 3931 καὶ
2343 3876 2434 3929 τὸν
2462 3874 2743 3945 ἐφεστῶτα
2774 3871 2918 3941 αὐτῷ
2942 3870 3182 3924 κίνδυνον
3205 3866 3356 3939 παρά
3376 3865 3483 3918 τῶν
3506 3879 3810 3934 περιστρα-

2224 3968 2661 4039 τοπεδευομένων
2697 3966 2854 4019 αὑτὸν
2881 3962 3155 4033 πολεμίων
3186 3959 3348 4031 ὁρῶν,
3382 3957 3498 4027 ὲρεῖ
3519 3972 3533 3985 ⁸
3586 3955 3653 4006 Ἡ
3684 3953 3812 4022 βοή-

2226 4058 2348 4113 Θειά
2384 4076 2483 4129 μου
2512 4058 2611 4110 οὐκ
2642 4060 2705 4110 ὲκ
2736 4053 2983 4116 πλούτου,
3013 4051 3135 4105 οὐδὲ
3166 4052 3227 4103 ὲκ
3262 4044 3587 4118 σωματικῶν
3627 4045 3805 4112 ἀφορ-

2229 4152 2365 4222 μῶν,
2408 4149 2529 4203 ούδὲ
2583 4151 2647 4202 ὲκ
2686 4147 2963 4217 δυνάμεως
3006 4144 3103 4197 κα)⁵
3133 4141 3318 4211 ἰσχύος
3363 4138 3524 4209 ἐμῆς,
3572 4136 3694 4189 οὐδὲ
3738 4136 3809 4187 ἐκ

2229 4243 2546 4312 συγγενείας
2579 4238 2943 4311 ἀνθρωπίνης,
2973 4236 3084 4290 ἀλλ’
3128 4235 3200 4288 Ἦ
3224 4229 3473 4296 ,ϐοήθειὰ
3491 4246 3610 4297 μου
3642 4226 3809 4293 παρὰ

2226 4336 2330 4389 τοῦ
2366 4334 2533 4388 Θεοῦ.
2574 4333 2827 4402 Ποταπὴν
2871 4330 2928 4383 δὲ
2972 4327 3288 4399 συμμαχίαν
3328 4320 3647 4376 ἀποστέλλει
3688 4320 3807 4380 τοῖς

2228 4428 2581 4499 φοϐουμένοις
2610 4426 2768 4479 αὐτὸν
2797 4427 2825 4478 ὁ
2866 4423 3069 4494 Κύριος
3089 4467 3101 4486 ,
3133 4418 3364 4489 ἀλλαχοῦ
3399 4414 3811 4486 μεμαθήκαμεν

2226 4520 2320 4573 τοῦ
2351 4518 2566 4590 ψαλμοῦ
2598 4516 2874 4585 λέγοντος·
2909 4509 3554 4583 Παρεμὸαλεῖᾶγγελος
3581 4508 3808 4573 Κυρίου

2227 4613 2429 4674 κύκλῳ
2463 4610 2580 4664 τῶν
2617 4606 3001 4677 φοϐουμένων
3031 4604 3245 4665 αὐτὸν,
3277 4601 3373 4653 καὶ
3403 4600 3659 4667 ῥύσεται
3694 4599 3807 4650 αὑ·-

2226 4704 2401 4768 τούς·
2440 4702 2533 4755 καὶ
2574 4699 2841 4770 ἀλλαχοῦ·
2894 4700 2957 4751 '0
2990 4696 3240 4767 ἄγγελος
3285 4695 3317 4746 ὀ
3360 4690 3659 4759 ρυόιιενός
3705 4705 3805 4756 με.

553 4807 693 4856 sum,
728 4806 899 4862 tneque
924 4790 989 4845 ad
1019 4790 1286 4846 defectum
1324 4794 1516 4861 vergit,
1549 4796 1642 4850 sed
1671 4796 1735 4850 ad
1765 4796 1998 4850 medimn
2016 4796 2125 4848 vir-

2235 4795 2347 4849 Τοῦ
2401 4792 2691 4858 σώζοντος
2746 4792 2889 4858 τοὺς
2950 4789 3141 4853 εὐθεῖς
3201 4784 3275 4853 τῇ
3335 4783 3569 4851 καρδίᾳ.
3628 4780 3810 4843 Εύθύς

554 4883 685 4937 tutis
716 4883 986 4955 dirigitur.
1038 4882 1137 4950 Qui
1194 4886 1340 4939 enim
1384 4901 1413 4937 a
1447 4885 1759 4943 fortitudine
1797 4889 1863 4943 ad
1914 4889 2123 4943 minora

553 4972 804 5035 ili-flectit,
862 4974 1150 5030 timiditate
1197 4976 1563 5045 perVertitur;
1614 4980 1705 5045 qui
1736 4994 1865 5049 vero
1895 4981 1962 5033 ad
2007 4995 2121 5033 ma-

549 5065 666 5130 jora
704 5064 1076 5135 progreditur,
1131 5066 1403 5121 delabitur
1457 5066 1509 5120 in
1561 5068 1867 5123 audaciam.
1916 5070 2121 5135 Quam-

554 5155 741 5209 ohrcm
771 5153 1142 5224 hujuscemodi
1174 5158 1423 5213 homines
1464 5158 1553 5227 qui
1586 5174 1614 5211 a
1649 5158 1826 5212 medio
1865 5161 2125 5215 aberrant

553 5247 635 5300 vel
670 5261 918 5308 excessu,
954 5246 1040 5300 vel
1072 5250 1307 5314 defectu,
1342 5251 1668 5320 obliquos'et
1692 5250 1939 5305 obtortos
1976 5253 2124 5307 Scri-

553 5347 707 5408 ptura
736 5340 977 5393 nominat
1006 5339 1072 5391 ".
1120 5340 1582 5406 Quemadmodum
1635 5342 1775 5396 enim
1818 5344 1956 5396 linea
1988 5346 2125 5398 obli-

625 5496 669 5528 “
697 5498 715 5552 Ι
740 5497 864 5553 Cor.
890 5517 964 5559 tv,
990 5500 1042 5555 5.

767 5631 916 5707 (Ξοη).
948 5648 1176 5702 quartus
1201 5634 1532 5707 προλαϐἐτω.

629 5699 740 5774 (76)
780 5700 911 5771 Reg.
953 5699 1146 5759 tertius
1282 5709 1531 5758 τοσοῦτον
1568 5706 1643 5757 δέ.
1691 5708 1974 5774 Aliquanto
2010 5718 2128 5773 [ubi

560 5770 712 5827 Coll).
748 5770 976 5841 quailus
1031 5774 1282 5846 βοηθείας
1340 5776 1606 5845 ζητοῦσιν.
1654 5770 1965 5830 Μυχ’ἰι.ιριιι
2012 5770 2125 5829 ius.

2230 4886 2346 4940 ἐστι
2384 4886 2495 4955 (Ti)
2522 4887 2587 4955 τῇ
2624 4884 2820 4955 καρδίᾳ
2847 4886 2875 4937 ὁ
2898 4884 2987 4936 τὸν
3015 4878 3271 4950 λογισμὸν
3304 4878 3377 4948 μὴ
3404 4876 3541 4947 ἔχων
3572 4875 3809 4945 ῥέποντα

2232 4979 2367 5050 πρὸς
2400 4976 2701 5048 ὑπερϐολὴν
2747 4976 2879 5047 μηδὲ
2915 4973 3179 5042 ἔλλειψιν,
3209 4971 3324 5025 ἀλλ’
3369 4968 3808 5037 ἀπευθυνόμενος

2231 5071 2367 5142 πρὸς
2398 5071 2458 5123 τὸ
2490 5069 2654 5139 μέσον
2695 5070 2791 5139 τῆς
2821 5068 3036 5138 ἀρετῆς.
3086 5066 3143 5119 Ὀ
3172 5064 3279 5136 γάρ
3311 5063 3418 5116 ἀπὸ
3453 5062 3552 5130 τῆς
3583 5060 3808 5131 ἀνδρίας

2231 5163 2323 5215 ἐπὶ
2349 5162 2409 5214 τὸ
2436 5160 2657 5214 ἔλαττον
2696 5158 3064 5231 παρεκκλίνας
3089 5156 3229 5210 κατὰ
3257 5154 3455 5206 δειλίαν
3480 5152 3635 5203 διαστ
3647 5150 3806 5221 ρέφε-

2230 5271 2319 5306 ται
2340 5270 2353 5282 ·
2388 5255 2415 5306 ὁ
2442 5253 2499 5305 δὲ
2532 5254 2627 5306 ἐπὶ
2672 5254 2827 5307 πλέον
2869 5249 3195 5321 ύπερταθεὶς
3235 5248 3325 5299 ἐπὶ
3356 5246 3453 5316 τὴν
3487 5244 3811 5314 θρασύτητα

2232 5344 2531 5398 ἀποκλίνει.
2566 5345 2764 5415 Διόπερ
2794 5343 3015 5406 τούτους
3045 5341 3287 5401 σκολιοὺς
3314 5340 3347 5408 ἡ
3380 5336 3572 5407 Γραφὴ
3610 5334 3808 5404 ὀνομά-

1123 5502 1164 5531 ⁶⁷
1196 5500 1333 5555 Psal.
1367 5504 1627 5557 ιλκιιι.8.
1708 5504 1750 5533 ⁵⁸
1774 5501 1907 5556 Ceu.
1939 5520 2123 5565 sunt,
2169 5505 2255 5560 16.
2332 5506 2374 5537 ⁸⁸
2406 5504 2581 5561 chit.
2619 5522 2763 5567 XIV],
2792 5503 2881 5556 21.

2237 5637 2650 5707 ἐπαισθόμενος.
2684 5636 2822 5690 Infra
2854 5634 2986 5704 lieg.
3018 5634 3206 5688 tertius
3239 5631 3347 5685 τῶν
3381 5630 3810 5701 στρατοπεδευο-

2243 5711 2305 5760 ειέ
2320 5727 2433 5760 κων.

2241 5753 2583 5848 r'iiijlicg.
2627 5778 2820 5833 tertius
2844 5787 2895 5831 cl
2926 5776 3076 5832 (λιιι).
3107 5783 3333 5844 quartus
3366 5770 3527 5844 εύθὴς
3548 5772 3688 5823 ἐστι.
