4062 6458
206 396 330 453 245

1423 390 1705 450 IIOMILIA
1745 396 1811 450 IN
1853 398 2179 454 PSALMUM
2213 401 2324 456 VII.

3364 405 3463 460 256

210 513 329 581 ζει,
364 515 491 576 τοὺς
521 515 639 578 ταῖς
674 514 1000 588 ὑπερϐολαῖς
1033 516 1125 569 καὶ
1174 515 1442 587 enatam
1488 517 1583 570 τοῦ
1632 520 1785 589 μέσοι

1900 536 2002 590 qua
2032 521 2107 587 ﬁt,
2139 537 2259 576 cum
2277 522 2392 591 ejus
2419 523 2686 578 rcctitudo
2704 521 2929 577 modoin
2955 536 3276 585 convexum.
3307 529 3464 580 modo

208 607 707 679 διαμαρτάνοντας.
749 611 959 679 Ὥσπερ
1002 609 1111 682 γάρ
1158 611 1346 665 σκολιά
1383 610 1615 684 γραμμὴ
1654 614 1795 682 γίνεο

210 718 333 761 ται,
369 700 498 753 ποτὲ
532 702 627 773 μὲν
662 702 756 756 ἐπὶ
794 702 856 755 τὸ
897 704 1115 777 κυρτὸν,
1149 706 1279 758 ποτὲ
1311 703 1367 758 δὲ
1400 705 1493 758 ἐπὶ
1520 706 1582 758 τὸ
1619 708 1795 762 κοῖλον

206 795 321 864 τῆς
348 793 563 861 εὐθείας
590 794 1032 871 διακλασθείσης·
1066 798 1206 852 οὕτω
1238 797 1329 850 καὶ
1364 797 1551 851 σκολιὰ
1580 801 1791 873 καρδία,

210 882 318 937 νῦν
360 884 459 956 μὲν
492 886 768 959 ὑψουμένη
805 888 871 943 δι’
903 891 1238 955 ἀλαζονείαν,
1277 890 1371 945 νῦν
1414 892 1469 943 δὲ
1514 909 1793 948 ταπεινου-

213 978 359 1052 μένη
389 980 475 1035 διὰ
508 980 682 1045 λύπας
709 984 802 1037 καὶ
836 984 1115 1046 συστολάς.
1157 985 1356 1055 Διόπερ
1398 986 1560 1055 φησὶν
1599 990 1626 1041 6
1668 990 1791 1042 Ἐκ-

212 1072 572 1144 κλησιαστὴς,
604 1076 683 1129 ᾶτι
714 1075 1190 1145 Διεστραμμὲνον
1220 1078 1331 1147 (78)
1364 1080 1435 1131 οὐ
1468 1084 1790 1135 κατευθυν-

210 1166 487 1235 θήσεται.
526 1166 579 1219 '0
615 1170 759 1235 Θεὸς
782 1169 990 1237 κριτὴς
1018 1168 1245 1235 δίκαιος
1282 1170 1378 1224 καί
1406 1173 1652 1242 ἰσχυρός
1691 1172 1788 1225 καὶ

202 1259 615 1328 μακρόθυμος,
642 1261 739 1313 καὶ
767 1259 852 1329 μὴ
886 1260 1070 1329 ὀργὴν
1102 1262 1337 1332 ἐπάγων
1364 1266 1490 1319 καθ’
1520 1265 1791 1330 ἑκάστην

208 1349 448 1418 ἡμέραν
479 1352 610 1421 (79).
641 1352 809 1405 Τοῦτο
838 1352 1012 1407 ἔοικεν
1042 1355 1452 1426 ἀποτεινόμενος
1494 1357 1627 1428 πρὸς
1665 1354 1791 1418 τούς

212 1457 354 1494 ποτε
384 1442 495 1514 (80)
528 1444 1040 1516 ταραχθησομένους
1072 1449 1163 1500 ἐπὶ
1194 1450 1307 1509 τοῖς
1338 1450 1734 1519 συμϐεϐηκόσιν
1761 1449 1789 1500 6

212 1528 513 1603 Προφήτης
546 1534 906 1604 διαλέγεσθαι,
935 1538 1101 1590 οἱονεὶ
1146 1536 1521 1589 καταστέλλων
1556 1539 1664 1591 τῶν
1695 1539 1790 1591 ἀν-

212 1619 454 1690 θρώπων
487 1622 584 1696 τὴν
615 1626 878 1697 ταραχὴν,
934 1628 1143 1697 μήποτε
1210 1627 1547 1697 ἀπιστήσωσι
1578 1630 1686 1699 (81)
1720 1630 1786 1698 τῇ

211 1713 347 1783 περὶ
372 1713 480 1768 τῶν
510 1715 646 1769 ὅλων
676 1719 919 1788 προνοίᾳ.
944 1717 1176 1787 ὁρῶντες
1201 1719 1550 1790 ἀνεκδίκητον
1576 1721 1786 1791 πατέρα

210 1805 309 1856 ἐπὶ
342 1805 457 1858 υίοῦ
486 1806 869 1872 ἐπαναστάσει,
904 1809 999 1860 καὶ
1031 1810 1129 1879 τὴν
1164 1810 1427 1882 πονηρίαν
1460 1810 1554 1864 τοῦ
1601 1812 1786 1864 Ἀϐεσ-

212 1896 409 1967 σαλὼμ
436 1899 791 1969 εὐοδουμένην
816 1901 872 1951 ὲν
899 1896 978 1963 οἷς
1001 1900 1276 1972 προέθετο.
1299 1902 1516 1975 Διορθού
1525 1920 1683 1975 μενος
1702 1899 1793 1957 οὖν

209 1988 398 2041 αὐτῶν
436 1989 496 2041 τὸ
534 1991 593 2042 ὲν
634 1994 745 2055 τοῖς
786 1991 1062 2063 λογισμοῖς
1106 1995 1350 2065 ἀνόητον,
1397 1996 1795 2068 διεμαρτύρατο

207 2077 399 2143 αὐτοῖς
423 2097 436 2109 ·
488 2080 549 2133 '0
585 2082 727 2148 Θεὸς
756 2084 963 2151 κριτὴς
1006 2084 1235 2150 δίκαιος
1277 2087 1374 2139 καὶ
1419 2089 1665 2164 ἱσχῳὸς
1696 2088 1793 2141 καὶ

203 2175 614 2243 μακρόθυμος,
650 2174 748 2227 καί
772 2175 858 2245 μὴ
895 2176 1080 2246 ὀργὴν
1105 2178 1342 2245 ἐπάγων
1367 2183 1493 2233 καθ’
1526 2182 1794 2251 ἑκάστην

210 2264 463 2333 ἡμέραν.
513 2269 627 2320 Οὐκ
673 2268 911 2339 ἀκρίτως
950 2288 1002 2322 τι
1053 2269 1262 2337 γίνεται
1316 2268 1424 2322 τῶν
1470 2275 1789 2344 γινομένων,

210 2355 353 2409 ἀλλά
396 2361 509 2419 τοῖς
542 2358 775 2411 ἑκάστου
821 2360 1039 2431 μέτροις
1086 2361 1403 2431 ἀντιμετρεῖ
1445 2364 1473 2414 6
1508 2364 1660 2429 Θεὸς,
1710 2362 1791 2431 οἷς

212 2443 502 2515 προλαϐὼν
544 2448 895 2519 ἀπεμέτρησε
942 2450 1040 2511 τὰς
1078 2450 1215 2503 κατὰ
1258 2451 1347 2504 τὸν
1388 2452 1499 2523 βίον
1545 2455 1788 2524 πράξεις.

227 2535 384 2590 Ἐπεὶ
432 2532 525 2593 οὖν
576 2539 888 2610 πέπρακταί
939 2541 1027 2610 μοί
1060 2559 1142 2604 τις
1191 2544 1454 2614 ἁμαρτία,
1506 2547 1643 2598 κατά
1696 2546 1791 2617 τὴν

211 2630 371 2697 ἀξίαν
393 2630 489 2705 τὴν
515 2634 748 2704 ἐμαυτοῦ
776 2634 1174 2707 ἀντιλαμϐάνω.
1203 2637 1298 2706 Μ
1321 2640 1528 2693 τοίνυν·
1554 2642 1793 2695 λαλεῖτε

200 2725 366 2777 ’κατὰ
414 2726 518 2778 τοῦ
557 2727 703 2780 Θεοῦ
752 2728 1020 2781 ἀδικίαν·
1069 2732 1096 2783 6
1152 2730 1260 2802 γάρ
1299 2732 1430 2796 θεὸς
1480 2733 1671 2804 κριτὴς
1715 2734 1791 2787 δί-

212 2831 369 2877 καιος
420 2816 550 2885 (89).
606 2820 756 2887 Μηδὲ
807 2820 947 2871 οὕτω
996 2824 1267 2887 ταπεινῶς
1314 2825 1607 2880 διανοεῖσθε
1663 2828 1790 2899 περὶ

211 2903 373 2965 Θεοῦ,
415 2904 553 2958 ὥστε
591 2908 796 2959 οἴεσθαι
840 2909 1002 2961 αὑτὸν
1039 2912 1246 2965 άτονείν
1278 2916 1411 2983 πρὸς
1450 2917 1547 2987 τὴν
1575 2918 1791 2989 ἐκδίκη-

215 3013 334 3047 σιν·
366 2997 457 3049 καὶ
489 2999 596 3068 γὰρ
637 3000 729 3050 καὶ
762 3000 980 3071 ἰσχυρός
1014 3004 1148 3055 ἐστι.
1187 3004 1282 3068 Τίς
1317 3002 1407 3058 οὖν
1445 3009 1477 3077 ἡ
1518 3009 1664 3061 αἰτία
1697 3011 1789 3063 τοῦ

215 3085 292 3157 μὴ
335 3089 557 3157 ταχεῖαν
588 3088 888 3157 ἐπάγεσθαι
919 3094 1032 3154 τοῖς
1076 3094 1445 3164 ἁμαρτάνουσι
1479 3097 1578 3167 τὴν
1615 3116 1788 3169 τιμω-

216 3178 371 3247 ρίανς
414 3182 558 3234 Διότι
595 3183 944 3255 μακρόθυμός
993 3185 1129 3249 ἐστι,
1177 3186 1274 3255 Μὴ
1329 3188 1514 3258 ὀργὴν
1554 3190 1790 3261 ἐπάγων

211 3274 342 3324 καθ’
369 3272 636 3342 ἑκάστην
664 3276 906 3344 ἡμέραν.
954 3277 1094 3331 Ἐὰν
1110 3278 1195 3347 μὴ
1219 3279 1640 3349 ἐπιστραφῆτε,
1674 3283 1787 3348 τὴν

208 3364 511 3433 ῥομφαίαν
540 3369 725 3422 αὑτοῦ
755 3369 1093 3426 στιλϐώσει.
1138 3372 1512 3442 Ἀπειλητικὸς
1547 3377 1575 3427 6
1610 3374 1782 3444 λόγος,

212 3457 292 3518 εἰς
338 3458 670 3531 ἐπιστροφὴν
705 3462 913 3529 ὲνάγων
949 3466 1074 3526 τοὺς
1114 3466 1325 3536 βραδεῖς
1362 3471 1439 3531 εἰς
1477 3470 1781 3539 μετάνοιαν.

211 3550 325 3602 Οὐκ
355 3546 516 3615 εὐθὺς
546 3554 759 3606 ἀπειλεῖ
789 3554 858 3607 τὰ
890 3556 1178 3626 τραύματα
1206 3560 1297 3611 καὶ
1330 3563 1422 3623 τὰς
1456 3562 1666 3632 πληγὰς
1692 3564 1786 3617 καὶ

210 3644 335 3705 τοὺς
367 3643 649 3710 θανάτους,
678 3647 812 3699 ἀλλά
837 3649 1123 3703 στίλϐωσιν
1149 3652 1345 3711 ὅπλων,
1374 3654 1466 3704 καὶ
1495 3656 1651 3707 οἱονεὶ
1681 3674 1777 3709 πα-

214 3735 481 3806 ρασκευήν
527 3754 645 3789 τινα
700 3738 831 3805 πρὸς
884 3739 980 3811 τὴν
1036 3742 1267 3812 ἄμυναν.
1326 3743 1534 3814 ’Ὥσπερ
1580 3745 1688 3815 γὰρ
1739 3745 1784 3796 οἱ

207 3821 599 3893 διασμήχοντες
640 3826 708 3880 τὰ
744 3828 881 3883 ὅπλα
914 3831 1011 3902 τὴν
1053 3832 1146 3885 ἐπὶ
1196 3833 1287 3884 τὸν
1336 3832 1569 3901 πόλεμον
1613 3832 1785 3903 ὁρμὴν

208 3912 295 3965 διὰ
346 3914 531 3968 τούτου
583 3919 1007 3990 παραδηλοῦσιν,
1052 3921 1193 3975 οὕτω
1245 3921 1336 3973 καὶ
1373 3922 1465 3974 τοῦ
1512 3921 1643 3974 Θεοῦ
1687 3921 1784 3992 τὴν

209 4004 302 4056 ἐπὶ
330 4006 389 4057 τὸ
424 4006 531 4076 (85)
565 4010 924 4080 τιμωρεῖσθαι
950 4013 1163 4081 κίνησιν
1194 4012 1432 4081 ἐμφῆναι
1467 4012 1785 4081 βουλόμενος

209 4097 237 4147 ὀ
269 4097 444 4165 λόγος,
489 4100 738 4153 στιλϐοὖν
786 4102 987 4173 ἔφησεν
1022 4103 1187 4157 αὐτοῦ
1232 4104 1328 4175 τὴν
1381 4105 1671 4174 ῥομφαίαν.
1709 4106 1778 4157 T6

208 4188 386 4254 τόξον
404 4193 587 4248 αὐτοῦ
605 4194 878 4261 ἐνέτεινε,
911 4195 1008 4250 καὶ
1028 4196 1357 4264 ἡτοίμασεν
1381 4198 1548 4258 αὐτὸ,
1591 4197 1687 4249 καὶ
1716 4197 1784 4250 ἐν

280 4329 322 4360 "°
343 4329 519 4385 Fccle.
558 4346 609 4396 ι,
662 4333 749 4388 I5.
824 4334 866 4364 τί
906 4333 1052 4391 Ροει.
1082 4348 1262 4399 Lutv,
1313 4332 1367 4388 6.

284 4443 389 4516 (78)
420 4446 914 4516 Διεστραμμένον,
943 4457 1047 4502 ειε.
1109 4448 1366 4514 Respexit
1424 4444 1774 4516 Basilinsﬂad

213 4530 425 4613 sensum
485 4516 849 4613 Ecolelstiastz‘n,
886 4535 989 4572 non
1031 4520 1146 4600 ejus
1180 4520 1364 4613 veriJia9
1397 4518 1600 4613 retulit.
1654 4515 1777 4613 {lare
1807 4557 1851 4613 Β

215 4595 538 4659 autemsunt
569 4589 698 4659 t,_15
730 4604 742 4637 :
775 4590 1214 4659 Διεστραμμένον
1243 4590 1303 4641 οὐ
1338 4589 1623 4659 δυνήσεται
1652 4590 1773 4640 ὲπι·

214 4656 573 4728 κοσμηθῆναι,
603 4656 901 4711 Ρενυεηιιηι
934 4656 1034 4711 non
1058 4656 1243 4723 poterit
1266 4656 1538 4712 adornari.

286 4728 393 4799 (79}
430 4729 877 4799 plirysiistomns,
922 4730 949 4781 ὁ
1000 4730 1058 4781 δὲ
1090 4728 1356 4799 Ἐϐραῖος,
1411 4728 1552 4781 κατὰ
1604 4729 1783 4781 πᾶσαν

286 4747 393 4793 tm,-
441 4747 877 4799 bltryStiSIOIIttts,
922 4747 949 4781 ο
1000 4747 1058 4781 οε
1111 4747 1180 4780 ιο
1223 4747 1356 4791 αιος,
1411 4747 1552 4781 κατα
1604 4747 1782 4781 πασαν

215 4796 391 4883 ςωήνκ
426 4796 529 4850 Sed
568 4799 750 4883 aliter“
786 4798 1014 4883 legiitips
1038 4747 1425 4883 .innﬁexaplis
1470 4816 1487 4852 :
1533 4799 1782 4883 Ἐϐραῖος

216 4866 445 4939 ζωωνήιε
478 4869 688 4929 melius,
719 4868 907 4939 ζωώμ.
936 4869 1094 4922 Addit
1125 4869 1542 4939 Clu-ysostomus
1573 4866 1777 4932 ιάλλος,

215 4935 617 5006 ἀπειλούμενος.
654 4935 1038 4992 ΑΙιυιιιέιιιειιι
1072 4939 1213 4991 illum
1239 4935 1781 5007 interpretemAqni-

216 5009 475 5070 lamesse,
510 5022 574 5060 ex
609 5008 796 5061 iisdem
835 5008 1088 5073 Hexaplis
1123 5010 1402 5063 discimus.
1448 5007 1781 5062 Montfauco-

215 5078 332 5129 nius
372 5088 555 5129 noster
588 5078 767 5147 laudat
792 5080 1079 5147 Agellium,
1114 5080 1204 5147 qui
1240 5079 1311 5131 ita
1349 5080 1400 5131 in
1426 5077 1568 5131 hunc
1605 5078 1777 5132 locum

214 5147 476 5199 edisserit.
523 5164 541 5196 ι
578 5146 713 5200 Deus
756 5146 924 5216 judea:
973 5146 1175 5217 justus.
1224 5148 1375 5216 fortis
1419 5157 1468 5200 et
1524 5148 1777 5211 patiens:

214 5218 444 5286 nunquid
481 5218 728 5270 irasc:tur
759 5234 849 5282 per
888 5220 1119 5286 singulos
1157 5221 1309 5271 dies?
1354 5218 1651 5271 Oliscnrior
1698 5230 1780 5272 e~t

216 5285 301 5337 hic
339 5302 549 5351 versus,
585 5297 637 5339 et
660 5285 1043 5342 obscuritatem
1070 5288 1220 5350 fecit,
1261 5291 1362 5341 nisi
1396 5288 1573 5347 l'allor,
1601 5288 1778 5339 diver-

216 5370 393 5427 sarum
429 5359 961 5425 interpretationum,
991 5360 1129 5427 quod
1162 5360 1212 5411 in
1246 5361 1483 5412 editione
1518 5356 1655 5410 LXX
1682 5373 1773 5409 so-

216 5426 284 5477 let
317 5427 583 5494 accidere,
627 5430 925 5494 congestio.
975 5426 1103 5481 Nam
1154 5432 1399 5488 verbum,
1446 5428 1622 5493 fortis,
1670 5444 1773 5479 ttutt

215 5505 296 5548 est
316 5493 475 5555 LXX.
509 5493 771 5563 nusquam
811 5500 951 5551 enim
980 5500 1030 5550 in
1068 5499 1295 5551 Psalmis
1336 5502 1411 5551 sic
1443 5500 1621 5550 solent
1655 5500 1774 5550 red-

215 5566 339 5636 dere
367 5566 646 5620 Hebraeum
689 5583 882 5621 nomen
907 5569 986 5632 el;
1045 5571 1136 5622 sed
1171 5584 1236 5621 ex
1277 5568 1484 5636 Aquila:
1510 5570 1773 5634 interpre-

218 5634 409 5688 tatione
455 5646 750 5708 sumptum,
790 5639 880 5704 qui
927 5639 1059 5692 solet
1105 5634 1575 5708 ἰσχυρόνγοηεηι
1603 5638 1771 5689 inter-

216 5707 428 5778 pretari.
455 5704 717 5761 Przeterea
762 5711 987 5761 alterum
1020 5704 1210 5761 nomen
1230 5704 1378 5778 quod
1430 5707 1693 5774 sequitur,
1722 5716 1770 5759 et

216 5774 434 5839 patiens.
465 5792 527 5830 ex
570 5778 738 5831 altera
770 5778 1213 5846 interpretatione
1244 5774 1499 5838 manavit,
1526 5792 1770 5843 compre-

218 5846 445 5902 lieudetts
470 5848 573 5904 duo
608 5847 829 5905 Hebraea
865 5851 1021 5905 verba
1070 5850 1115 5903 el
1158 5864 1322 5913 zoem,
1369 5864 1469 5902 non
1516 5847 1767 5913 irascens,

1898 612 1950 666 in
1974 627 2268 668 concavum
2311 611 2638 682 dili‘ringitur
2672 632 2685 668 :
2742 612 2822 669 sic
2870 613 3032 667 etiam
3071 613 3348 683 obliquum
3372 629 3467 668 cor

1896 715 1997 771 εει,
2030 706 2173 775 quod
2224 721 2366 761 nunc
2412 719 2507 776 per
2529 704 2845 775 iactantiam
2878 705 3351 775 arrogantiamque
3381 705 3464 761 ef-

1897 797 2088 863 fertur,
2125 813 2266 851 nunc
2319 810 2496 853 autem
2536 811 2631 866 per
2681 798 2961 855 molestias
2984 806 3037 851 et
3075 797 3239 851 animi
3265 798 3467 852 demis-

1896 887 2100 942 sionem
2131 886 2401 953 dejicitur.
2432 887 2555 942 Ideo
2607 884 2966 943 Ecclesiastes
2995 887 3073 941 ait
3101 905 3114 941 :
3158 885 3463 941 Perversum

1897 993 1997 1032 non
2028 978 2283 1047 dirigetur
2308 978 2375 1034 "°.
2405 979 2565 1033 Vnus.
2600 975 2686 1031 ιε.
2710 976 2846 1032 Deus
2868 982 3039 1049 judez
3052 979 3252 1051 justus,
3281 990 3327 1031 et
3354 978 3459 1047 [or-

1894 1076 1982 1140 tis,
2017 1084 2064 1128 et
2092 1072 2430 1142 longanimis,
2457 1085 2504 1129 et
2541 1090 2643 1128 non
2668 1072 2802 1125 iram
2829 1076 3093 1128 adducens
3114 1090 3205 1143 per
3224 1070 3462 1143 singulos

1895 1166 2026 1219 dies.
2054 1167 2163 1220 [los
2193 1166 2285 1236 qui
2320 1165 2608 1234 aliquando
2637 1166 2706 1221 ob
2741 1180 2919 1219 rerum
2946 1177 3170 1221 eventus
3212 1164 3460 1221 turbandi

1893 1267 2049 1312 erant
2073 1256 2445 1313 vehementius
2487 1259 2738 1313 adoriens
2777 1256 3083 1326 Propheta,
3129 1257 3230 1311 hoc
3281 1259 3463 1312 dicere

1896 1347 2126 1412 videtur,
2157 1349 2317 1402 veluti
2348 1349 2544 1403 sedans
2574 1348 2853 1404 hominum
2888 1348 3368 1419 perturbationem,
3395 1363 3462 1402 ne

1893 1440 2109 1507 quando
2137 1440 2491 1509 providentia:
2518 1441 2768 1495 universa
2822 1439 3125 1495 moderanti
3174 1437 3415 1493 diﬂidant
3444 1480 3459 1504 ,

1893 1544 2016 1583 cum
2047 1528 2278 1583 viderint
2301 1540 2531 1598 patrem,
2565 1530 2676 1584 [ilio
2709 1529 2760 1583 in
2786 1545 2907 1583 eum
2955 1533 3288 1599 iusurgcnte,
3324 1527 3463 1583 inul-

1895 1630 2003 1675 tum
2034 1621 2284 1690 relinqui,
2323 1630 2379 1676 et
2420 1623 2715 1691 nequitiam
2752 1621 2909 1692 105
2954 1622 3239 1677 Alisalouis
3291 1622 3342 1675 in
3397 1621 3462 1675 iis

1892 1726 2014 1778 qua:
2053 1724 2409 1783 proposuerat
2435 1711 2669 1767 feliciter
2712 1716 3024 1783 procedere.
3084 1715 3267 1783 Itaque
3302 1712 3459 1789 stoli—

1894 1802 1991 1857 das
2019 1819 2205 1859 eorum
2236 1804 2595 1873 cogitationes
2626 1806 2926 1874 corrigens,
2965 1805 3016 1859 id
3052 1807 3132 1858 eis
3167 1805 3457 1859 testimonii

1826 1896 1865 1949 Β
1898 1895 2046 1948 dedit
2081 1916 2093 1950 :
2122 1895 2264 1950 Deus
2286 1896 2457 1965 judea:
2485 1894 2665 1966 justus
2688 1906 2736 1949 et
2768 1895 2944 1964 fortis,
2976 1906 3023 1949 et
3056 1895 3459 1964 longanimis,“

1892 2004 1997 2041 non
2030 1986 2163 2039 iram
2197 1988 2460 2041 adducens
2508 2005 2601 2056 per
2632 1987 2866 2058 singulos
2915 1988 3047 2041 (lies.
3080 1986 3223 2040 Nihil
3258 1996 3459 2039 temere

1894 2080 2157 2133 titeorum
2184 2094 2303 2147 qua:
2333 2088 2595 2149 geruntur
2626 2098 2638 2133 :
2675 2081 2764 2134 sed
2794 2082 3012 2134 cuilibet
3047 2080 3185 2134 Deus
3218 2097 3277 2133 ca
3310 2094 3460 2132 men-

1892 2184 2013 2225 sura
2044 2172 2321 2239 rependet,
2356 2186 2459 2239 qua
2487 2170 2634 2240 prior
2666 2170 2718 2224 in
2755 2171 2852 2225 hac
2902 2172 3009 2223 vita
3060 2172 3299 2225 actiones
3332 2186 3458 2226 suas

1892 2262 2055 2319 fuerit
2082 2264 2379 2319 dimensus.
2417 2263 2682 2331 Quoniam
2716 2264 2882 2335 igitur
2920 2273 3200 2334 peccatum
3232 2278 3330 2333 ego
3360 2263 3457 2315 ad-

1893 2359 2035 2421 misi,
2084 2374 2180 2427 pro
2234 2373 2356 2411 meo
2413 2356 2605 2410 merito
2647 2358 2819 2411 vicem
2855 2357 3071 2426 recipio.
3122 2355 3302 2411 Nolite
3334 2372 3456 2426 ergo

1891 2446 2031 2514 loqui
2065 2449 2314 2500 adversus
2347 2446 2512 2499 Deum
2535 2448 2864 2516 iniquitatem
2892 2449 2934 2479 ⁷¹
2974 2467 2987 2502 :
3024 2451 3161 2503 Deus
3201 2449 3343 2501 enim
3375 2459 3460 2503 est

1886 2536 2266 2607 judexjustus.
2287 2537 2468 2608 Neque
2497 2539 2570 2593 ita
2598 2539 2806 2610 abjecte
2839 2541 2901 2593 de
2935 2539 3044 2593 Deo
3067 2541 3454 2610 cogitaveritis,

1892 2629 2063 2699 ipsum
2117 2632 2181 2685 ad
2223 2632 2478 2686 ultionem
2528 2632 2846 2685 sumendam
2896 2631 3189 2685 invalidum
3240 2647 3361 2686 esse
3403 2640 3461 2686 ut

1892 2724 2228 2777 arbitremini
2261 2743 2273 2776 :
2326 2740 2447 2778 nam
2480 2736 2563 2780 est
2592 2736 2649 2779 et
2700 2723 2876 2780 fortis.
2910 2722 3048 2789 Quid
3082 2722 3243 2794 igitur
3280 2739 3455 2778 causa

1891 2823 1992 2876 est,
2029 2810 2171 2881 quod
2206 2827 2309 2864 non
2344 2814 2525 2866 statim
2558 2829 2772 2884 poenam
2822 2815 3021 2883 inﬂigat
3061 2814 3460 2882 peccantibus?

1891 2903 2154 2970 Quoniam
2210 2902 2535 2971 longanimis
2591 2918 2693 2970 εει,
2726 2901 2849 2957 Non
2895 2906 3027 2957 iram
3074 2904 3340 2958 adducens
3368 2922 3460 2972 per

1890 2998 2124 3066 singulos
2161 2997 2293 3051 dies.
2330 2998 2493 3053 Vens.
2533 2998 2618 3051 15.
2652 2998 2768 3051 Nisi
2801 3000 3031 3053 conversi
3071 2999 3301 3067 fueritis,
3344 3000 3459 3069 gla-

1890 3088 2033 3140 dium
2064 3106 2217 3142 suum
2260 3090 2504 3143 vibrabit.
2557 3090 2732 3144 Minax
2765 3101 2846 3144 est
2876 3091 2964 3145 ille
2992 3106 3196 3153 sermo,
3228 3092 3292 3144 ad
3324 3108 3457 3146 cnn-

1891 3178 2187 3233 versionem
2243 3181 2501 3235 inducens
2554 3184 2732 3236 tardos
2778 3184 2844 3235 ad
2910 3183 3305 3251 paenitentiam.
3339 3181 3456 3236 Non

1893 3269 2075 3323 statim
2110 3272 2346 3325 minatur
2376 3274 2593 3327 vulnera
2615 3313 2629 3337 ,
2683 3273 2888 3342 plagas,
2942 3283 3179 3327 mortes:
3242 3274 3335 3327 sed
3369 3288 3459 3326 ar-

1894 3376 2101 3415 morum
2134 3363 2489 3419 vibrationem
2520 3365 2664 3419 velut
2713 3377 3025 3436 apparatum
3063 3368 3347 3436 quemdam
3391 3366 3457 3419 ad

1895 3455 2175 3510 ultionem.
2233 3457 2694 3523 Quemadmodum
2729 3460 2869 3512 enim
2917 3460 3005 3528 qni
3042 3468 3255 3525 tergunt
3287 3474 3455 3519 arma.

1893 3564 2045 3603 suum
2081 3548 2153 3602 ad
2194 3549 2389 3602 bellum
2432 3551 2685 3619 impetum
2728 3566 2823 3619 per
2860 3552 2960 3604 hoc
2994 3550 3342 3620 signiﬁcant:
3380 3553 3459 3603 sic

1892 3653 1946 3695 et
1976 3640 2251 3711 Scriptura
2284 3643 2369 3697 ubi
2402 3644 2489 3697 Dei
2516 3644 2580 3696 ad
2608 3643 2860 3696 ultionem
2894 3654 3094 3696 motum
3138 3642 3248 3694 vult
3276 3650 3457 3696 osten-

1892 3735 2041 3797 dcre,
2095 3735 2162 3789 ab
2209 3737 2324 3805 ipso
2380 3737 2575 3789 vibrari
2606 3736 2836 3806 gladium
2865 3736 2999 3789 dixit
3032 3754 3045 3790 :
3076 3736 3271 3788 Arcum
3303 3752 3456 3788 suum

1894 3829 2130 3889 tetendit,
2156 3839 2203 3879 et
2238 3830 2438 3894 paravit
2466 3829 2636 3893 illum,
2670 3827 2854 3897 (Vt-IRS.
2904 3827 3051 3898 M)et
3082 3828 3134 3879 in
3167 3843 3225 3879 eo
3252 3828 3456 3895 paravit

1892 3932 2014 3969 vasa
2048 3920 2247 3971 mortis.
2300 3919 2413 3971 Non
2475 3936 2670 3973 nervus
2726 3920 2989 3989 quispiam
3036 3919 3234 3987 estqui
3271 3936 3453 3972 arcum

1892 4010 2075 4062 tendat
2098 4009 2212 4076 Dei,
2245 4012 2336 4065 sed
2361 4011 2613 4079 puniendi
2646 4012 2905 4081 potentia,
2933 4026 3049 4079 qua:
3067 4012 3355 4081 aliquando
3382 4012 3456 4063 in-

1892 4113 2037 4156 tensa
2069 4115 2170 4163 est,
2204 4104 2490 4173 aliquando
2538 4119 2666 4157 vero
2705 4104 2950 4158 remissa.
2993 4104 3240 4157 Peccanti
3294 4105 3456 4169 igitur

1891 4194 2173 4264 Scriptura
2226 4199 2463 4251 minatur
2502 4196 2683 4252 futura
2727 4198 2989 4267 supplicia
3020 4199 3121 4253 sibi
3154 4208 3453 4267 praeparata

1884 4447 2024 4523 quod
2056 4460 2196 4523 ,οε-ιιι
2227 4455 2308 4523 est
2335 4462 2397 4502 ac
2420 4456 2655 4523 patiens,
2688 4448 2778 4518 qui
2812 4448 2997 4523 Graece
3034 4450 3234 4523 dicitur
3253 4454 3454 4523 μακρός

1886 4516 2096 4589 Qppoc.
2138 4517 2317 4571 Tertia
2366 4516 2578 4587 quoque
2632 4516 3010 4589 interpretatio
3057 4516 3265 4587 adjecta
3320 4516 3449 4577 est:

1881 4586 2133 4657 Nunquid
2166 4586 2412 4642 irascitur
2435 4586 2522 4657 per
2552 4586 2951 4655 singulos—dies?
2974 4586 3134 4659 quod,
3158 4592 3268 4645 sive
3290 4591 3449 4655 LXX,

1888 4659 2003 4731 sive
2037 4660 2464 4731 alius‘quispiant
2498 4660 2879 4731 interpretatus
2906 4662 2995 4723 sit,
3036 4676 3137 4713 non
3177 4666 3326 4728 quasi
3358 4681 3453 4731 per

1888 4728 2363 4797 interrogationem
2399 4728 2681 4791 intellexit,
2723 4731 2812 4782 sed
2838 4745 2931 4797 per
2951 4728 3447 4797 uegatiouem,sic:

1884 4806 1931 4849 et
1961 4815 2059 4849 non
2090 4798 2336 4849 irascitur
2369 4814 2459 4864 per
2485 4798 2717 4865 singulos
2745 4801 2877 4861 dies,
2911 4809 2964 4852 et
2992 4804 3108 4854 sine.
3152 4803 3452 4869 interroga—

1887 4870 2031 4919 tione
2069 4869 2366 4935 intelligere
2403 4869 2651 4921 videntur
2696 4869 2943 4931 Basilius.
2982 4870 3300 4926 Theodorus
3339 4880 3448 4926 An-

1887 4938 2189 5001 tiochenus,
2252 4938 2644 5002 Theodoretus,
2702 4950 2757 4993 et
2809 4943 2873 4993 de
2934 4943 3134 4997 nostris
3193 4945 3451 5014 Angusti-

1884 5022 2008 5065 nus,
2047 5026 2064 5057 ι
2108 5018 2213 5061 etc.

1955 5077 2067 5145 (80)
2101 5078 2247 5131 Coll).
2280 5087 2505 5144 quartus
2536 5078 2671 5147 πρὸς
2701 5079 2826 5143 τούς
2864 5098 3013 5133 ποτε.
3057 5081 3197 5135 Edili
3236 5093 3291 5137 et,
3324 5083 3449 5137 reli-

1881 5148 1971 5214 qui
2000 5163 2186 5200 oumes
2214 5164 2340 5201 mss.
2390 5148 2525 5218 πρὸς
2552 5150 2676 5210 τοὺς
2716 5150 2852 5202 τότε.

1955 5218 2065 5290 (8|)
2100 5218 2251 5272 Colb.
2284 5234 2508 5290 quartus
2534 5220 2943 5290 ἁπιστήσωμεν.
2991 5220 3109 5274 Mox
3150 5222 3276 5275 editi
3326 5239 3445 5275 cum

1880 5288 2029 5363 (Iolb.
2088 5290 2314 5355 septimo
2345 5289 2662 5363 προσέθετο.
2707 5288 2941 5363 Aliost-it
2990 5308 3117 5345 mss.
3162 5293 3443 5363 προέθετο.

1880 5358 2177 5423 Aliquanto
2227 5369 2348 5425 post
2394 5358 2523 5411 editi
2569 5375 2691 5411 cum
2740 5360 2923 5421 majori
2969 5375 3117 5426 parte
3160 5358 3286 5415 nias.
3336 5367 3447 5426 τοῖς

1879 5428 2381 5502 ὲκάστουᾘμέτροις.
2412 5430 2523 5481 Duo
2556 5445 2685 5502 mss.
2715 5433 2826 5493 τοῖς
2856 5432 3068 5502 ἑκάστῳ
3102 5432 3340 5502 μέτροις.

1951 5498 2062 5572 (82)
2110 5486 2219 5572 Illa,
2255 5486 2356 5551 ⁵κοιὶ
2414 5500 2631 5570 ἰσχυρὸς
2689 5502 2781 5553 καὶ
2808 5486 3224 5572 ’μακρόθυμοςξ
3268 5486 3445 5555 addita

1877 5580 2001 5618 sunt.
2034 5570 2085 5619 in
2114 5570 2434 5623 Colbertinis
2466 5580 2660 5638 quarto
2684 5582 2735 5623 et
2765 5570 2992 5639 septimo
3024 5570 3142 5641 poSt
3163 5589 3344 5626 vocem
3372 5573 3446 5625 δί-

1876 5655 2043 5700 καιος.

1946 5708 2059 5780 (ὃὸ)
2108 5708 2230 5761 Mss.
2299 5727 2403 5763 non
2459 5713 2612 5775 pauci
2671 5712 2763 5763 ἐπὶ
2808 5710 2903 5780 τῷ.
2962 5712 3134 5765 Verba
3198 5713 3307 5775 illa,
3349 5716 3442 5767 καὶ

1876 5778 2181 5853 ἡτοίμασεν(
2223 5782 2375 5843 αὐτὸ,
2410 5783 2502 5833 καὶ
2528 5783 2608 5853 Ϋέν
2646 5782 2793 5851 αὑτῷ
2838 5778 3101 5853 ἡτοίμασε
3146 5784 3313 5853 σκεύη
3350 5780 3443 5838 θα-

1873 5850 2053 5915 νατον,
2087 5852 2385 5908 addidimus
2420 5869 2485 5908 cx
2512 5850 2837 5909 Colbertinis
2862 5850 3073 5924 quarto
3111 5865 3163 5908 et
3188 5850 3441 5927 septimo.
