4062 6456
568 370 670 424 ΞΠ

1878 371 1934 424 S.
1977 369 2221 422 ΒΑδιιιι
2258 368 2471 424 ΜᾹΟΝΙ

3713 366 3831 420 243

567 502 710 554 esse,
736 486 780 541 si
808 486 862 539 in
897 495 1117 556 peccato
1145 486 1732 557 permanserit.Parata
1757 493 1880 540 sunt
1907 484 2050 537 enim
2078 483 2129 535 in

2244 481 2389 545 αὐτῷ
2408 484 2692 551 ἡτοίμασε
2709 478 2903 544 σκεύη
2919 481 3197 532 Οανατου.
3215 479 3288 530 Ou
3306 492 3475 548 νευρα
3499 479 3584 541 τίς
3608 479 3763 530 ἐστιν
3791 479 3830 548 ἡ

567 595 694 634 arcu
725 593 849 632 vasa
883 577 1093 633 mortis.
1123 578 1266 636 Vasa
1287 590 1466 634 autem
1492 579 1698 642 mortis,
1721 571 2127 640 virtutes'sunt,

569 683 689 738 qua:
721 671 811 724 Dei
846 671 1092 725 inimicos
1146 672 1532 728 exterminant.
1580 669 1820 739 Sagitta:
1867 683 1992 722 sua:
2036 682 2127 718 ar-

568 762 804 814 dentibus
839 761 1032 829 effecit.
1072 762 1140 818 Ut
1163 765 1306 817 enim
1333 761 1477 831 ignis
1507 763 1575 816 ob
1614 761 1897 815 materiam
1931 755 2130 809 ustioni

569 856 814 908 idoneam
851 869 878 906 a
906 854 1159 909 Creatorc
1191 855 1440 910 conditus
1463 863 1579 917 est;
1604 868 1708 906 nou
1740 853 1881 908 enim
1913 857 2131 918 propter

568 947 908 1001 adamantem
943 948 1031 1015 qui
1058 946 1123 999 ab
1153 948 1274 1015 igne
1304 963 1409 1000 non
1442 945 1762 1008 absumitur,
1785 943 1878 998 sed
1915 951 2132 1011 propter

569 1035 711 1105 ligna
745 1037 969 1090 ﬂamma:
1028 1038 1383 1106 suscipiendae
1429 1045 1575 1104 apta,
1628 1047 1844 1090 creatus
1869 1043 1998 1087 est:
2054 1031 2128 1084 ita

568 1136 621 1180 et
652 1129 859 1197 sagitta:
889 1127 980 1181 Dei
1007 1127 1076 1183 ob
1103 1145 1196 1184 eas
1229 1132 1453 1194 animas,
1473 1143 1590 1195 quae
1617 1129 1769 1182 facile
1800 1127 1972 1195 ignem
1999 1139 2130 1178 cou-

570 1218 797 1285 cipiunt,
838 1218 1170 1290 multumque
1217 1221 1550 1288 collegerunt
1593 1219 1710 1288 ejus
1765 1215 2083 1272 substantiae
2111 1254 2128 1279 ,

571 1326 688 1377 quae
746 1319 960 1368 terrena
1017 1325 1117 1377 est,
1155 1324 1207 1366 et
1232 1314 1296 1366 ad
1330 1314 1604 1367 interitum
1659 1315 1868 1373 idonea,
1917 1311 1984 1364 ab
2016 1311 2132 1376 ipso

569 1403 778 1459 enectae
812 1416 956 1460 sunt.
984 1403 1083 1469 Qui
1111 1406 1271 1472 igitur
1296 1405 1491 1475 iguitas
1520 1405 1717 1458 diaboli
1737 1405 1962 1475 sagittas
1981 1404 2131 1472 prius

572 1496 859 1561 recipiunt,
887 1509 952 1548 ac
982 1496 1118 1548 intra
1150 1511 1207 1550 se
1243 1498 1493 1560 retinent,
1534 1499 1566 1550 ii
1608 1496 1697 1550 Dei
1733 1498 2012 1564 excipiunt
2043 1510 2132 1550 sa-

570 1587 751 1654 gittas.
788 1584 991 1642 Idcirco
1045 1589 1162 1642 ait:
1219 1588 1455 1660 Sagittae
1489 1607 1611 1643 suae
1657 1592 1770 1659 jam
1825 1589 2131 1645 ardentibus

569 1677 762 1742 e/Iecit.
799 1676 1049 1732 Adurunt
1073 1690 1250 1735 autem
1284 1682 1516 1734 animant
1550 1696 1763 1735 amores
1806 1681 1870 1733 ad
1910 1695 2129 1734 carnem

571 1776 892 1832 Spectantes,
929 1783 1091 1839 Opum
1135 1773 1402 1841 cupiditas
1429 1812 1441 1834 ,
1495 1773 1587 1826 irae
1640 1781 1949 1836 astuantes,
1988 1783 2042 1827 et
2067 1789 2128 1828 ea

2231 574 2566 628 διατείνουσα
2597 574 2655 626 τὸ
2679 572 2832 636 τόξον
2860 568 2949 619 τοῦ
2980 570 3136 634 Θεοῦ,
3170 568 3302 624 ἀλλὰ
3330 569 3632 642 κολαστικὴ
3653 568 3829 623 δύνα-

2237 684 2344 737 μις,
2372 668 2501 719 ποτὲ
2533 667 2627 735 μὲν
2654 661 3018 734 ὲντεινομένη,
3048 664 3176 716 ποτέ
3202 663 3257 716 δὲ
3284 661 3570 731 ἀνιεμένη.
3603 664 3700 732 Τῷ
3732 658 3831 716 οὖν

2233 760 2596 828 ἁμαρτάνοντι
2641 761 2910 813 ἀπειλεῖό
2947 756 3124 823 λόγος.
3159 759 3242 809 ὅτι
3283 759 3475 826 ἕτοιμα
3515 757 3672 826 αὐτῷ
3709 761 3830 810 ἐστι

2235 849 2297 902 τά
2327 849 2582 918 μέλλοντα
2609 854 2686 914 εἰς
2717 850 2936 902 κόλασιν
2966 846 3412 914 ἀποπέμπεσθαι,
3446 845 3543 900 ἐὰν
3579 849 3829 920 ἐπιμένῃ

2233 946 2296 1012 τῇ
2335 943 2597 1016 ἁμαρτία.
2637 944 2992 1013 Ἢτοίμασται
3021 943 3131 1014 γάρ
3161 943 3216 994 ἐν
3241 943 3316 1012 τῷ
3347 943 3486 1014 τόξῳ
3519 941 3696 1008 σκεύη
3731 941 3831 992 θα-

2233 1037 2412 1088 νάτου.
2449 1035 2621 1108 Σκεύη
2652 1038 2706 1090 δὲ
2740 1037 2965 1089 Θανάτου
2999 1038 3257 1107 δυνάμεις
3291 1035 3426 1088 εἰσὶν
3457 1036 3827 1104 ἀφανιστικαὶ

2233 1128 2340 1182 τῶν
2366 1126 2573 1197 ἐχθρῶν
2599 1131 2687 1182 τοῦ
2713 1129 2866 1183 Θεοῦ.
2893 1130 2934 1180 Τ
2941 1128 2974 1180 ὰ
3004 1129 3130 1198 βέλη
3159 1125 3325 1181 αὑτοῦ
3358 1130 3472 1189 τοῖς
3502 1124 3828 1195 καιομένοις

2233 1219 2605 1288 ἐξειργάσατο.
2641 1223 2848 1292 Ὥσπερ
2874 1220 2934 1273 τὸ
2970 1220 3077 1290 πῦρ
3105 1223 3170 1290 τῇ
3216 1217 3483 1288 καιομένῃ
3528 1219 3633 1290 ὕλῃ
3665 1213 3827 1284 παρὰ

2232 1310 2323 1365 τοῦ
2357 1311 2641 1374 κτίσαντος
2673 1313 3016 1385 ἐξειργάσθη·
3049 1313 3110 1364 ού
3138 1313 3244 1383 γὰρ
3277 1313 3368 1365 διὰ
3401 1309 3493 1362 τὸν
3526 1310 3826 1380 ἀδάμαντα

2232 1405 2454 1475 ἐκτίσθη
2492 1404 2583 1458 τὸν
2630 1406 2704 1474 μὴ
2735 1407 3030 1476 τηκόμενον
3063 1405 3167 1458 ὑπὸ
3195 1404 3288 1457 τοῦ
3318 1403 3510 1474 τυρὸςι
3551 1403 3696 1454 ἀλλὰ
3736 1401 3826 1454 διὰ

2231 1500 2298 1553 τὰ
2348 1497 2478 1564 ξύλα
2518 1498 2587 1551 τὰ
2623 1501 3056 1569 κατακαιόμενα·
3100 1497 3243 1550 οὕτω
3288 1505 3381 1550 και
3424 1496 3494 1548 τὰ
3536 1495 3638 1548 τοῦ
3680 1493 3825 1547 Θεοῦ

2234 1593 2360 1664 βέλη
2394 1595 2513 1656 ταῖς
2552 1592 3020 1662 εὐκαταπρήστοις
3047 1589 3264 1659 ψυχαῖς,
3300 1583 3374 1642 ὧν
3411 1588 3547 1641 πολὺ
3594 1590 3657 1640 τὸ
3706 1587 3827 1640 ὑλι-

2233 1683 2326 1736 κὸν
2367 1683 2460 1734 καὶ
2499 1682 2557 1734 τὸ
2588 1680 2722 1750 πρὸς
2761 1679 3065 1750 ἀφανισμὸν
3097 1677 3399 1748 ἐπιτήδειον
3441 1678 3822 1736 συνείλεκται,

2235 1777 2364 1844 παρ’
2413 1772 2578 1826 αὑτοῦ
2631 1773 3022 1842 κατειργάσθη.
3062 1771 3124 1824 Οί
3163 1765 3254 1822 οὖν
3307 1769 3674 1842 προλαϐόντες
3726 1769 3824 1821 καὶ

573 1873 692 1918 ιιιιᾱ.ι
729 1860 966 1914 animum
1007 1863 1114 1916 urit
1145 1863 1484 1931 absumitque
1515 1865 1755 1927 tristitia,
1792 1875 1845 1918 ct
1891 1865 2051 1920 alieni
2101 1881 2130 1918 a

2244 1838 2447 1934 ἔχοντες
2481 1865 2537 1916 ἐν
2569 1838 2881 1925 ἑαυτοῖς-τὰ
2921 1838 3290 1931 πεττυρωμένα
3336 1838 3460 1932 βέλη
3503 1862 3599 1914 τοῦ
3635 1861 3822 1914 6:166-

572 1946 682 2002 Deo
714 1952 952 2005 timores.
985 1951 1084 2017 Qui
1123 1963 1299 2008 autem
1335 1964 1417 2009 est
1443 1957 1508 2008 ab
1537 1955 1738 2011 inimici
1770 1959 1978 2027 sagittis
2008 1957 2134 2010 illze-

571 2053 683 2102 Sus,
717 2039 918 2108 Deique
961 2041 1178 2098 indutus
1223 2054 1306 2100 est
1351 2057 1706 2113 armaturam,
1735 2064 1763 2102 a
1795 2048 2018 2103 letiferis
2044 2063 2134 2102 sa-

568 2140 718 2199 g:ttts
750 2141 980 2186 mtactus
1001 2148 1296 2202 permanet.

2232 1956 2323 2007 λου
2359 1953 2487 2025 (84),
2520 1948 2666 2007 οῦτοι
2695 1952 2939 2021 δέχονται
2968 1952 3035 2004 τὰ
3069 1951 3194 2021 βέλη
3219 1952 3312 2004 τοῦ
3333 1953 3496 2005 Θεοῦ.
3525 1954 3625 2005 Διὰ
3658 1951 3823 2004 τοῦτό

2237 2065 2401 2118 φησι·
2443 2048 2519 2101 Τὰ
2551 2048 2707 2113 ,ϐέλη
2737 2043 2923 2098 αὐτοῦ
2957 2043 3079 2109 τοῖς
3116 2043 3230 2112 ἤδη
3255 2045 3589 2114 καιομένοις
3627 2044 3824 2110 ἐξειρ-

2241 2138 2489 2208 γάσατο.
2536 2140 2766 2193 Καίουσι
2816 2138 2872 2190 δὲ
2912 2136 3087 2206 ψυχὴν
3134 2135 3333 2206 ἔρωτες
3389 2137 3675 2209 σαρκικοὶ,
3727 2134 3823 2185 καὶ

571 2224 855 2294 ἐπιθυμίαι
885 2227 1199 2296 χρημάτων,
1237 2233 1328 2282 καὶ
1360 2230 1607 2297 διάπυροι
1670 2231 1849 2300 ὀργαὶ,
1913 2232 2005 2283 καὶ
2037 2230 2202 2284 λύπαι
2245 2231 2537 2301 φλέγουσαι
2580 2232 2673 2284 καὶ
2711 2231 3036 2298 ἐκτήκουσαι
3069 2226 3165 2297 τὴν
3193 2226 3391 2298 ψυχὴν,
3424 2229 3517 2280 καὶ
3560 2225 3722 2292 φόῆοι
3771 2227 3823 2277 oi

568 2317 836 2387 ἀλλότριοι
868 2316 960 2369 τοῦ
993 2318 1146 2372 Θεοῦ.
1192 2322 1247 2374 'U
1282 2322 1460 2390 μέντοι
1492 2321 1729 2393 ἄτρωτος
1795 2322 1898 2375 ὑπὸ
1962 2321 2069 2375 τῶν
2113 2322 2204 2376 τοῦ
2245 2323 2437 2393 ἐχθροῦ
2473 2323 2658 2392 βελῶν,
2709 2323 2801 2374 καὶ
2848 2319 3190 2389 ἐνδεδυμένος
3230 2321 3327 2390 τὴν
3377 2315 3679 2372 πανοπλίαν
3721 2317 3822 2370 τοῦ

569 2410 723 2478 Θεοῦ,
749 2415 854 2468 τῶν
884 2415 1267 2487 θανατηφόρων
1301 2414 1469 2484 βελῶν
1505 2417 1798 2490 ἀπείρατος
1833 2417 2096 2489 διαμένει.

642 2509 696 2563 8.
731 2510 894 2566 Vens.
926 2512 1012 2566 15.
1050 2510 1184 2565 Erae
1221 2514 1471 2580 parturiit
1508 2514 1854 2582 injustitiam,
1901 2518 2135 2580 concepit

572 2600 830 2665 dolorem,
861 2613 908 2656 et
961 2607 1157 2672 peperit
1189 2605 1540 2671 iniquitatem.
1575 2605 1640 2656 Et
1680 2607 1894 2672 quidem
1922 2645 1936 2668 ,
1991 2605 2131 2672 quod

577 2690 641 2742 ad
690 2693 932 2745 ordinem
991 2694 1242 2761 pertinet,
1294 2693 1513 2746 confusa
1577 2693 1821 2746 videntur
1865 2708 1985 2747 esse
2019 2695 2132 2747 banc

577 2782 761 2837 verba.
797 2782 929 2836 Nam
961 2787 1189 2852 prinmm
1213 2785 1525 2855 concipiunt
1565 2795 1918 2856 prtegnantcs,
1945 2787 2136 2842 deinde

576 2873 922 2941 parturiunt,
971 2886 1244 2945 postremo
1302 2878 1539 2947 pariunt.
1593 2877 1690 2932 Hic
1745 2893 1871 2932 vero
1901 2879 2132 2947 primum

576 2968 841 3033 puerperii
875 2967 1088 3023 dolores
1129 2969 1279 3032 liuut,
1332 2971 1523 3024 deinde
1579 2975 1881 3037 conceptio,
1931 2981 2136 3038 postre-

577 3069 720 3107 mum
755 3064 960 3123 partus.
996 3061 1062 3111 At
1114 3059 1227 3112 luec
1274 3060 1456 3113 cordis
1504 3062 1909 3129 conceptionem
1944 3061 2140 3130 signiti-

575 3148 884 3202 cantissime
925 3150 1216 3220 explicant.
1244 3151 1584 3206 lrrationales
1623 3153 1766 3205 enim
1798 3152 2140 3207 incontinen-

578 3239 709 3294 tium
745 3242 996 3311 impetus,
1049 3243 1353 3310 insantnqtte
1402 3259 1465 3300 ac
1511 3243 1752 3300 furentes
1779 3245 1937 3318 106
1966 3245 2140 3301 libidi-

579 3347 699 3397 nes,
734 3333 986 3388 dicuntur
1017 3337 1283 3404 puerperii
1326 3337 1558 3403 dolores,
1585 3353 1649 3393 eo
1682 3340 1822 3407 quod
1851 3355 1971 3392 cum
2002 3337 2143 3392 velo-

576 3423 740 3476 citate
773 3431 827 3477 et
875 3424 1060 3478 dolore
1094 3426 1352 3479 inanima
1389 3428 1758 3480 innascuntur.
1805 3427 1906 3494 Qui
1963 3438 2140 3482 autem

574 3508 646 3560 ob
676 3506 832 3560 talem
861 3508 1117 3577 impetum
1151 3512 1329 3578 pravis
1357 3516 1638 3566 succubuit
1682 3517 2101 3584 cogitationibus
2125 3556 2141 3579 ,

575 3598 625 3653 is
647 3597 883 3653 dolorem
910 3602 1156 3671 concepit
1185 3621 1198 3656 :
1238 3613 1289 3656 et
1311 3603 1402 3672 qui
1431 3605 1610 3658 cordis
1636 3606 1892 3660 malitiam
1924 3622 2018 3674 per
2040 3609 2145 3661 ini-

576 3705 712 3758 quas
744 3691 985 3746 actiones
1013 3693 1269 3761 incendit,
1304 3695 1347 3748 is
1373 3695 1577 3762 peperit
1609 3697 1960 3766 iniquitatem.
1987 3699 2144 3753 Vide-

581 3790 666 3834 tur
685 3789 863 3835 autem
891 3782 1006 3837 hazc
1039 3784 1234 3848 dicere,
1265 3787 1404 3855 quod
1432 3800 1553 3839 eum
1590 3790 1787 3855 pudeat
1818 3803 1939 3843 esse
1974 3791 2140 3860 iniqui

580 3872 675 3925 lilii
721 3881 952 3941 patrem.
983 3873 1097 3928 Non
1131 3892 1299 3940 meus,
1333 3877 1524 3945 inquit,
1565 3877 1704 3932 [ilius
1731 3889 1845 3941 est.
1892 3882 1985 3935 sed
2028 3882 2144 3950 ejus

581 3967 751 4031 patris
799 3966 972 4022 factus
1006 3979 1090 4023 est
1140 3969 1280 4024 tilius
1309 4010 1323 4034 ,
1379 3969 1465 4025 cui
1501 3986 1559 4025 se
1588 3972 1640 4024 in
1684 3971 2018 4042 adoptionem
2051 3990 2146 4045 per

582 4070 862 4128 peccatum
921 4062 1266 4128 mancipavit.
1323 4062 1454 4116 Nam
1509 4066 1799 4119 secundum
1838 4065 2140 4123 Joannem:

584 4151 687 4215 Qui
714 4151 839 4220 facit
868 4163 1161 4220 peccatum,
1187 4170 1252 4206 ex
1275 4154 1483 4208 diabolo
1516 4168 1670 4209 natus
1687 4167 1760 4210 est
1786 4157 1856 4212 ".
1889 4157 2028 4214 Ecce
2053 4161 2148 4226 igi-

2311 2513 2362 2564 8.
2431 2509 2572 2564 Ἰδοὺ
2604 2507 2900 2573 ὼδίνησεν
2943 2507 3214 2568 ἀδικίαν,
3249 2506 3548 2560 συνέλαϐε
3597 2508 3821 2568 πόνοιο,

2240 2605 2332 2655 καὶ
2368 2604 2569 2656 ἔτεκεν
2596 2600 2869 2667 ἀνομίαν.
2922 2600 3008 2662 Ὠς
3045 2603 3141 2669 μὲν
3170 2598 3304 2668 πρὸς
3349 2600 3446 2668 τὴν
3473 2598 3628 2663 τάξιν
3667 2599 3826 2652 δοκεῖ

2244 2694 2666 2762 συγκεχυμένως
2721 2694 2753 2760 ἡ
2813 2692 2955 2756 λέξις
3014 2691 3192 2761 ἔχειν’
3253 2692 3435 2763 ἐπειδὴ
3487 2693 3707 2763 ’πρῶτον
3765 2697 3822 2747 αἱ

2242 2785 2466 2838 κύουσαι
2507 2783 2988 2854 συλλαμϐάνουσιν,
3023 2779 3142 2838 εἶτα
3184 2784 3462 2850 ὠδίνουσι,
3504 2785 3822 2838 τελευταῖον

2242 2879 2296 2931 δὲ
2326 2878 2595 2931 τίκτουσιν
2637 2876 2748 2945 (85)
2768 2893 2781 2906 ·
2815 2876 3045 2931 ἐνταῦθα
3073 2877 3127 2930 δὲ
3154 2877 3365 2948 πρῶτον
3389 2880 3421 2946 ἡ
3453 2876 3600 2939 ὠδὶν,
3635 2870 3758 2928 εἶτα

2243 2970 2522 3042 σύλληψις,
2559 2965 2676 3021 εἶτα
2701 2971 2728 3021 6
2751 2969 3002 3032 τοκετόςο
3046 2967 3182 3038 πρὸς
3217 2967 3272 3020 δὲ
3309 2967 3407 3036 τὴν
3450 2967 3549 3035 τῆς
3586 2964 3821 3034 καρδίας

2241 3061 2498 3132 σύλληψιν
2545 3059 2997 3131 ἐμφαντικώτατα
3043 3059 3174 3127 ἔχει.
3225 3059 3288 3108 Αἰ
3333 3057 3438 3126 γὰρ
3481 3057 3665 3121 ἄλογοι
3708 3054 3820 3105 τῶν

2238 3154 2553 3206 ἀκολάστων
2582 3152 2748 3221 ὁρμαὶ
2789 3151 2882 3202 καὶ
2921 3151 2974 3201 αί
3021 3149 3246 3218 μανικαὶ
3285 3148 3375 3199 καὶ
3405 3145 3820 3214 παροιστρῶσαι

2239 3246 2524 3315 ἐπιθυμίαι
2568 3245 2754 3306 ὠδῖνες
2791 3242 3109 3313 ἐλέχθησαν,
3153 3241 3238 3293 διὰ
3291 3240 3351 3293 τὸ
3392 3241 3528 3309 μετὰ
3559 3238 3820 3306 ὀξύτητος

2241 3338 2334 3392 καὶ
2363 3338 2523 3390 πόνου
2566 3334 2874 3403 ἐγγίνεσθαι
2907 3336 2972 3404 τῇ
3018 3332 3184 3404 ψυχῇ.
3226 3332 3382 3386 Κατὰ
3424 3332 3478 3385 δὲ
3511 3330 3611 3402 τὴν
3642 3329 3821 3384 τοιαύο

2241 3447 2338 3500 την
2367 3430 2560 3501 ὁρμὴν,
2591 3430 2617 3481 6
2644 3426 2981 3498 περικρατὴς
3008 3424 3115 3477 τῶν
3148 3424 3393 3494 πονηρῶν
3425 3424 3497 3494 μὴ
3526 3423 3821 3494 γενόμενος

2247 3522 2624 3591 βουλευμάτων
2667 3517 2925 3572 συνέλαϐε
2954 3517 3115 3570 πόνον
3136 3533 3150 3547 ⁸
3191 3516 3284 3569 καὶ
3317 3518 3344 3569 6
3373 3515 3472 3586 τὴν
3499 3517 3557 3567 ἐν
3580 3517 3650 3585 τῇ
3683 3532 3819 3583 παρ⁴

2243 3614 2331 3683 δίᾳ
2363 3612 2555 3665 κακίαν
2581 3610 2669 3663 διὰ
2699 3609 2807 3661 τῶν
2836 3607 3085 3679 πονηρῶν
3113 3607 3362 3677 πράξεων
3389 3607 3666 3665 ἐκκαύσας
3707 3603 3817 3672 (86)

2245 3704 2397 3755 ἔτεκε
2442 3702 2541 3771 τὴν
2571 3700 2819 3768 ἀνομίαν.
2860 3701 3042 3750 Ἔοικε
3067 3699 3122 3748 δὲ
3165 3697 3331 3749 ταῦτα
3357 3697 3532 3762 λέγειν
3571 3695 3821 3762 αἰσχυνό-

2246 3811 2402 3865 μενος
2443 3794 2535 3843 ἐπὶ
2574 3790 2650 3860 τῷ
2688 3790 2868 3857 πατὴρ
2917 3784 3054 3840 εἶναι
3094 3788 3278 3849 παιδὸς
3323 3786 3662 3856 παρανόμου.
3707 3787 3820 3840 Οὐκ

2244 3885 2395 3954 ἐμὸς,
2440 3882 2620 3950 φησὶν,
2653 3883 2680 3933 6
2714 3881 2860 3942 παῖς,
2890 3877 3024 3931 ἀλλὰ
3070 3877 3161 3930 τοῦ
3198 3877 3401 3947 πατρὸς
3430 3876 3653 3944 γέγονεν
3684 3878 3817 3940 υἱὸς,

2243 3971 2286 4047 ᾧ
2326 3977 2412 4030 διὰ
2449 3975 2546 4045 τῆς
2591 3972 2860 4043 ἁμαρτίας
2902 3969 3088 4024 ἑαυτὸν
3127 3968 3455 4038 εἰσεποίησε.
3499 3969 3645 4020 Διότι
3681 3971 3821 4022 κατὰ

2246 4071 2334 4123 τὸν
2370 4068 2641 4136 Ἰωάννην,
2686 4066 2746 4118 '0
2779 4062 2962 4118 ποιῶν
3000 4062 3114 4128 τὴν
3147 4060 3435 4130 ἁμαρτίαν
3462 4062 3528 4113 ἐκ
3557 4062 3666 4115 τοῦ
3705 4061 3822 4113 δια·

2248 4161 2430 4213 ϐόλου
2460 4158 2823 4228 γεγέννηται.
2863 4154 2990 4207 Ἰδοὺ
3017 4149 3109 4206 οῦν
3139 4153 3397 4223 ιῦδίνησεν
3422 4153 3581 4205 αὑτὸν
3603 4153 3692 4204 διὰ
3721 4153 3818 4220 τῆς

584 4255 672 4299 tur
701 4260 824 4299 eum
849 4245 1106 4313 parturiit
1129 4245 1376 4299 diabolus
1408 4261 1502 4314 per
1534 4247 1890 4316 iniquitatem,
1936 4260 1990 4303 et
2021 4265 2139 4306 coni

2255 4251 2487 4311 ἀδικίας,
2524 4250 2615 4300 καὶ
2641 4245 2928 4297 συνέλαϐεν
2955 4245 3135 4307 αὑτὸν,
3169 4245 3328 4296 οἱονεὶ
3350 4247 3404 4295 ἐν
3428 4247 3537 4305 τοῖς
3565 4245 3821 4298 οίκειοτςὶο

583 4339 724 4407 cepit
752 4339 923 4407 ipsum
961 4355 976 4392 :
1013 4338 1114 4392 hoc
1137 4348 1238 4403 est,
1272 4338 1323 4391 in
1360 4338 1708 4405 penitissimis
1745 4341 1828 4394 sui
1871 4343 2040 4410 ipsius
2064 4357 2148 4396 re-

588 4431 830 4485 cessibus
863 4430 1134 4485 detentum
1174 4433 1273 4483 sub
1303 4431 1504 4485 viscera
1535 4432 1734 4501 proprii
1769 4431 1992 4487 atIectus
2025 4450 2148 4503 pcr-

587 4522 771 4585 traxit,
798 4536 860 4576 ac
895 4537 960 4576 eo
981 4521 1249 4593 gravidus,
1293 4531 1402 4575 tum
1423 4524 1637 4577 demum
1676 4525 1900 4593 peperit,
1929 4539 2052 4578 cum
2092 4525 2144 4578 iu

588 4621 830 4679 apertum
859 4612 1001 4667 illius
1030 4613 1250 4680 protulit
1299 4613 1639 4678 iniquitatem
1675 4633 1687 4667 :
1727 4615 1992 4683 siquidem
2029 4616 2145 4682 ejus

585 4706 639 4758 in
669 4715 872 4773 patrem
901 4705 1122 4760 rebellio
1161 4707 1474 4760 denuntiata
1507 4707 1754 4760 omnibus
1781 4715 1862 4760 est
1893 4721 1986 4774 per
2016 4721 2149 4774 prae-

585 4808 796 4848 conem.
825 4791 986 4848 Vens.
1019 4796 1103 4848 16.
1124 4795 1322 4848 Lucum
1348 4796 1574 4862 aperuit,
1605 4807 1649 4848 et
1676 4797 1855 4864 effodit
1881 4813 2015 4848 eum.
2041 4795 2149 4850 No-

595 4903 716 4941 men
759 4887 907 4942 lacus
960 4889 1011 4942 in
1049 4889 1242 4942 divinis
1293 4889 1587 4956 Scripturis
1625 4906 1727 4942 non
1780 4890 2059 4943 admodum
2092 4889 2144 4942 in

587 4978 782 5032 bonam
833 4991 1037 5048 partem
1071 4980 1371 5034 invenimus
1405 4991 1722 5050 acceptum;
1782 4981 1921 5035 sicut
1975 4997 2146 5053 neque

665 5095 710 5127 τ’
739 5094 761 5149 Ι
795 5093 949 5151 Joan.
985 5110 1067 5155 tu.
1100 5095 1154 5150 8.

685 5189 774 5252 84)
797 5188 949 5242 Coll).
971 5188 1228 5255 septimus
1243 5189 1400 5242 habet
1417 5187 1655 5259 πονηροῦ
1689 5204 1782 5255 pro
1799 5187 2066 5241 διαϐόλου.
2090 5186 2159 5238 11-

589 5259 704 5315 "md.
725 5259 1104 5327 ἐξειργάσατο,
1131 5260 1350 5311 deestin
1373 5261 1559 5312 editis:
1592 5262 1684 5311 sed
1720 5261 1959 5311 additmn
1983 5269 2061 5310 est
2091 5273 2155 5309 ex

597 5331 768 5381 tribus
808 5343 938 5381 mss.
985 5327 1186 5382 Ibidem
1230 5330 1419 5397 legitur
1458 5331 1508 5382 iu
1545 5330 1779 5381 editiset
1808 5329 1857 5380 iu
1889 5327 2159 5381 nonnullis

597 5414 726 5450 mss.
756 5397 1018 5467 ἐπιθυμία
1049 5417 1063 5451 :
1094 5399 1186 5452 sed
1211 5397 1404 5467 legitur
1435 5400 1484 5452 in
1510 5398 1695 5465 majori
1722 5409 1872 5465 parte
1896 5413 2023 5450 mss.
2045 5399 2160 5448 ἐπι-

595 5468 808 5536 θυμίαι.
863 5468 1027 5521 Paulo
1079 5478 1200 5538 post
1233 5485 1362 5522 mss.
1399 5472 1637 5537 plerique
1672 5485 1859 5521 Omnes
1901 5469 1951 5518 οἱ
2007 5467 2160 5520 ἀλλό-

595 5555 756 5608 τριοι,
783 5538 940 5590 Deest
969 5539 1224 5592 articulus
1259 5540 1311 5591 in
1338 5539 1569 5608 excitsis.

672 5607 780 5678 (785)
803 5608 972 5661 Editio
1000 5608 1162 5661 Basil.
1192 5620 1245 5661 et
1274 5625 1365 5661 sex
1417 5606 1544 5660 mss.
1589 5608 1664 5660 sic
1698 5607 1894 5678 babeut
1927 5623 1939 5658 :
1968 5605 2160 5678 ἐπειδὴ

600 5675 816 5747 πρῶτον
834 5678 889 5748 αἱ
904 5679 1126 5731 κύουσαι
1157 5679 1604 5748 συλλαμϐάνουσι,
1636 5677 1940 5748 τελευταῖον
1963 5675 2016 5748 δέ
2040 5675 2160 5727 ὠδί-

599 5745 800 5810 νουσιν,
821 5745 940 5802 εἶτα
954 5751 1247 5803 τίκτουσιν.
1271 5745 1451 5802 Editiu'
1468 5748 1639 5802 Paris.
1659 5758 1710 5800 et
1742 5747 1870 5815 lieg.
1895 5746 2086 5797 tertius
2105 5755 2161 5815 ut

603 5820 656 5872 in
696 5828 866 5874 textu.
899 5818 1037 5874 Infra
1081 5820 1205 5876 editi
1234 5828 1287 5874 et
1335 5818 1487 5887 Regii
1543 5819 1744 5888 priums
1776 5814 2047 5872 et’scxtus
2083 5814 2156 5883 μὴ

2251 4359 2365 4403 τοις
2400 4338 2588 4392 ἐαυτοῦ
2631 4338 2737 4388 ὑπὸ
2769 4335 2836 4388 τὰ
2879 4336 3158 4404 σπλάγχνα
3199 4337 3296 4404 τῆς
3347 4336 3479 4396 ἰδίας
3529 4334 3820 4396 διαθέσεως

2254 4435 2425 4503 ᾕγαγε
2460 4431 2553 4483 καὶ
2580 4429 2942 4497 ἐκυοφόρησεν
2974 4428 3134 4479 αὐτὸν
3172 4429 3198 4477 6
3230 4426 3469 4484 διάϐολος
3491 4443 3502 4454 ο
3540 4422 3658 4478 εἶτα
3718 4427 3820 4478 ἁπ-

2255 4524 2537 4591 εγέννησεν
2562 4518 2741 4580 αὑτὸν,
2764 4517 2972 4586 ἐκφανῆ
2989 4516 3086 4587 τὴν
3110 4516 3336 4586 ἀνομίαν
3363 4515 3521 4567 αὐτοῦ
3547 4518 3818 4583 καταστή-

2257 4630 2375 4676 σας,
2423 4613 2555 4664 διότι
2607 4610 2740 4661 πᾶσι
2789 4606 3174 4678 προεκηρύχθη
3222 4607 3254 4675 ἡ
3303 4607 3440 4658 κατὰ
3477 4606 3570 4658 τοῦ
3615 4607 3818 4677 πατρὸς

2252 4707 2637 4766 ἐπανάστασις.
2678 4701 2916 4755 Λάκκον
2949 4699 3157 4768 ὤρυξε,
3202 4698 3298 4750 καὶ
3336 4696 3687 4764 ἀνέσκαψεν
3713 4700 3816 4750 αὑ-

2252 4800 2376 4850 τόν.
2423 4797 2497 4850 Οὐ
2543 4795 2680 4847 πάνυ
2727 4793 2819 4844 ἐπὶ
2856 4790 3019 4844 καλοῦ
3070 4789 3390 4860 εὑρίσκομεν
3431 4787 3490 4838 τὸ
3523 4785 3691 4856 ὄνομα
3725 4787 3817 4840 τοῦ

2253 4888 2454 4940 λάκκου
2487 4886 2816 4954 τεταγμένον
2850 4886 2905 4936 ἐν
2943 4885 3059 4945 ταῖς
3091 4881 3261 4942 θείαις
3291 4880 3528 4949 Ι’ραφαίς
3550 4895 3563 4906 ·
3597 4877 3672 4940 ὡς
3701 4880 3819 4932 οὐδὲ

2258 4982 2315 5036 τὸ
2350 4981 2524 5052 φρέαρ
2554 4980 2741 5042 ὕδατος
2774 4977 2865 5029 ἐπὶ
2887 4977 3139 5048 χείρονος.
3172 4975 3383 5036 Λάκκος
3416 4973 3512 5042 μὲν
3537 4973 3645 5040 γάρ
3674 4974 3817 5025 ἐστιν

2263 5186 2571 5255 γενόμενος.
2601 5179 2866 5255 Particula
2897 5179 2968 5248 μή
2997 5177 3241 5255 dee_st__in
3277 5174 3405 5255 aliis.
3433 5183 3662 5255 quatuor
3690 5186 3812 5252 mss.

2337 5242 2446 5324 (ὃὸ)
2475 5242 2564 5306 Sic
2590 5252 2803 5324 codices
2826 5242 3048 5324 septem.
3089 5246 3260 5324 Editio
3288 5242 3811 5324 I’arisietisislfyxaﬂ-

2266 5310 2382 5388 σας.
2408 5310 2599 5378 Censet
2629 5323 2710 5372 vir
2747 5310 2935 5384 lingua:
2960 5317 3158 5388 Gnecze
3173 5315 3563 5388 scientissimus
3593 5310 3813 5388 Cumbe-

2268 5382 2415 5448 lisi'us
2445 5393 2718 5463 ἐγκυήσας
2762 5382 2848 5463 llic
2883 5387 3161 5455 legendum
3193 5399 3330 5463 esse.
3359 5383 3462 5463 ξω
3489 5382 3602 5461 ejus
3633 5382 3809 5463 conje—

2265 5476 2466 5519 cturam
2486 5452 2614 5514 'uon'
2641 5452 3063 5526 scquinntr,'uun
3085 5457 3223 5521 quod
3247 5453 3544 5527 displiceat,
3583 5453 3687 5527 imo
3707 5452 3810 5526 pla-

2265 5546 2349 5587 cet
2388 5535 2637 5589 maxime.
2669 5530 2759 5582 sed
2795 5529 2936 5595 quod
2970 5527 3162 5598 nullius
3197 5539 3294 5598 ms.
3329 5526 3643 5598 at_t_cto.rit:i'te
3675 5534 3806 5598 uniu—

2267 5588 2746 5670 t:ttur.'A|iquanto
2777 5588 3100 5670 pbst_ed_itio
3131 5594 3301 5670 Paris.
3337 5588 3688 5670 u-lbgnéxsivoo
3719 5588 3759 5650 ᾧ
3793 5606 3805 5638 ;

2265 5676 2356 5727 sed
2391 5689 2514 5725 mss.
2539 5659 2725 5724 omnes
2754 5659 2865 5728 υἱὸς
2897 5659 2960 5731 ᾧ,
2993 5666 3146 5717 bene.
3174 5662 3406 5716 Subinde
3448 5659 3576 5728 Reg.
3612 5659 3808 5728 primus

2264 5757 2314 5798 ct
2345 5745 2492 5798 Coll».
2523 5742 2778 5810 septimus
2807 5735 3049 5790 διαὸόλου
3077 5732 3358 5801 γεγένηται
