4062 6466
284 388 394 440 ξιιο

1458 382 1735 438 lIOMILlA
1777 383 1795 436 1
1840 382 1903 436 IN
1947 384 2266 439 PSALMUM
2311 386 2444 441 XIV.

3425 393 3529 447 250

289 504 369 564 είς
395 500 452 553 ὃν
481 499 679 570 ἐϐλήθη
726 497 829 550 ὑπὸ
866 496 972 550 τῶν
1021 497 1262 566 ἀδελφῶν
1297 496 1459 550 αὑτοῦ
1504 498 1720 569 Ἰωσήφ.
1754 499 1848 550 Κατ

1969 509 2155 568 puteus
2185 516 2337 570 aqua:
2365 502 2416 554 in
2451 500 2666 555 malam.
2696 502 2869 558 Lacus
2896 503 3038 557 enim
3065 513 3166 570 est,
3212 507 3264 559 in
3300 520 3458 575 quem
3497 524 3525 561 a

286 594 378 645 ὅτε
409 592 738 644 πατάσσεται
779 588 892 658 (87)
940 588 1082 642 Ἀπὸ
1113 589 1484 656 πρωτοτόκου
1520 587 1725 656 Φαραὼ
1751 586 1861 654 ἓως

285 685 663 753 πρωτοτόκου
695 681 806 750 τῆς
835 680 1264 751 αἱχμαλώτιὸος
1293 679 1400 748 τῆς
1431 682 1500 734 ὲν
1531 679 1610 746 τῷ
1634 680 1856 748 λάκκῳ.

287 779 400 831 Καὶ
442 779 500 829 ὲν
541 778 652 838 τοῖς
687 773 970 844 Ψαλμοῖςο
1013 774 1508 842 Προσελογ-ίσθην
1549 776 1697 844 μετὰ
1743 773 1862 827 τῶν

287 868 766 921 καταϐαινόντων
814 867 899 930 είς
940 863 1186 917 λάκκον.
1232 865 1342 917 Καὶ
1378 866 1437 916 ὲν
1485 865 1561 935 τῷ
1624 866 1859 937 Ἱερεμίᾳ

288 961 484 1031 φησίν·
531 957 668 1028 Ἐμὲ
705 955 1095 1026 ἐγκατέλιπον
1133 957 1337 1026 πηγὴν
1376 957 1590 1023 ὓδατος
1623 957 1853 1023 ζῶντος,

284 1050 385 1103 καὶ
416 1049 655 1117 ὤρυξαν
701 1045 934 1112 ἑαυτοῖς
979 1046 1246 1114 λάκκους
1295 1050 1851 1118 συντετριμμένους,

283 1142 341 1194 οἳ
370 1143 442 1193 οὐ
468 1139 834 1206 δυνήσονται
872 1138 1026 1206 ὕδωρ
1067 1138 1176 1210 (88)
1211 1139 1509 1209 συνέχειν.
1565 1141 1722 1193 Ἀλλὰ
1765 1144 1856 1194 καὶ

282 1233 342 1285 ὲν
378 1231 454 1302 τῷ
483 1232 677 1303 Δανιὴλ
704 1230 904 1294 λάκκος
935 1231 1162 1285 λεόντων
1199 1232 1639 1301 ἀναγέγραπται,
1687 1236 1766 1296 εἰς
1796 1234 1854 1286 ὃν

284 1323 534 1393 ρίπτεται
568 1321 780 1392 Δανιήλ.
813 1321 992 1392 Φρέαρ
1020 1321 1074 1373 δὲ
1118 1321 1337 1392 ὀρύσσει
1376 1321 1625 1392 Ἀϐραάμ
1645 1338 1657 1349 ·
1687 1323 1782 1375 καὶ
1805 1324 1854 1375 οἱ

281 1415 471 1478 παῖδες
495 1413 588 1466 τοῦ
627 1413 840 1466 Ἰσαάκ·
873 1414 966 1466 καὶ
986 1414 1076 1464 ἐπὶ
1103 1413 1275 1483 φρέαρ
1305 1412 1534 1477 ἐξελθὼν
1556 1414 1857 1468 ἀνεπαύετο

281 1508 541 1575 Μωῦσῆς.
573 1506 682 1558 Καὶ
705 1504 922 1576 ἐντολὴν
954 1504 1300 1575 λαμϐάνομεν
1330 1506 1437 1558 ἀπὸ
1465 1505 1558 1558 τοῦ
1583 1507 1856 1577 Σολομῶν-

279 1616 368 1660 τος
419 1597 592 1650 πίνειν
643 1595 812 1650 ὕδατα
861 1598 966 1649 ἀπὸ
1021 1597 1301 1667 ἡμετέρων
1352 1597 1588 1665 ἀγγείων
1624 1601 1716 1652 καὶ
1749 1601 1856 1654 ἀπὸ

279 1687 563 1759 ἡμετέρων
611 1690 861 1760 φρεάτων
914 1690 1114 1758 πηγῆς.
1156 1690 1264 1744 Καὶ
1297 1692 1324 1743 ὁ
1356 1690 1546 1762 Σωτὴρ
1589 1693 1737 1762 παρὰ
1777 1694 1856 1763 τῷ

278 1777 475 1848 φρέατι
506 1783 570 1852 τῇ
614 1781 965 1852 Σαμαρείτιδι
997 1780 1125 1851 περὶ
1155 1779 1314 1834 θείων
1347 1782 1655 1854 μυστηρίων
1685 1783 1857 1836 διαλέ-

1964 593 2077 646 suis
2108 592 2372 647 fratribus
2395 593 2672 660 coniectus
2706 607 2788 649 est
2819 594 3034 665 Josepli.
3081 596 3142 650 Et
3193 613 3314 650 cum
3352 599 3527 653 caedes

1965 681 2107 736 facta
2142 692 2221 736 est
2255 685 2295 735 Α
2348 685 2690 753 primogenita
2725 684 3043 751 Pharaonis,
3080 703 3242 755 usque
3295 689 3363 740 ad
3413 689 3516 754 pri-

1962 774 2274 838 mogenitum
2310 775 2527 840 captiva:
2557 789 2672 843 qua:
2701 776 2752 827 in
2787 776 2907 828 lacu
2936 775 2999 828 ⁷³.
3031 774 3096 828 Ει
3146 765 3230 830 ἰη’
3253 777 3478 831 Psalmis
3509 795 3522 830 :

1962 865 2279 920 zEstimatus
2301 882 2414 918 sunt
2433 883 2547 918 cum
2576 866 3000 920 descendentibus
3019 869 3073 919 in
3104 867 3351 920 lacum".
3377 867 3441 922 Et
3470 868 3523 922 itt

1960 956 2190 1012 Ieremia
2227 975 2241 1011 :
2271 956 2357 1011 Me
2386 958 2575 1026 [autent
2619 974 2769 1030 aqutc
2802 960 2946 1020 uiuae,
2977 960 3149 1026 inquit
3170 998 3184 1019 ,
3231 959 3522 1029 derelique-

1962 1060 2105 1113 runt,
2136 1060 2183 1102 et
2216 1049 2464 1117 foderunt
2492 1049 2587 1102 sibi
2637 1049 2779 1103 locus
2809 1051 3079 1113 contritas,
3118 1052 3209 1120 qui
3251 1067 3350 1104 non
3375 1062 3520 1118 pote-

1960 1147 2079 1192 runt
2119 1139 2383 1191 continere
2416 1155 2604 1208 aquam
2628 1138 2695 1192 ⁷³.
2723 1142 2898 1207 Atque
2925 1137 3085 1190 etiam
3115 1139 3166 1191 in
3198 1137 3416 1193 Daniele
3448 1139 3523 1192 la-

1958 1245 2053 1285 cus
2082 1231 2293 1284 leonum
2330 1230 2633 1297 descriptus
2655 1237 2756 1293 est,
2785 1231 2836 1283 in
2874 1244 3032 1298 quem
3065 1229 3314 1297 dejicitur
3337 1231 3520 1285 Daniel

1961 1323 2094 1388 ipse.
2127 1321 2350 1375 Puteum
2380 1332 2558 1374 autem
2593 1320 2778 1374 elindit
2829 1320 3107 1374 Abraham
3142 1338 3157 1375 :
3216 1322 3340 1376 item
3371 1323 3520 1391 pueri

1961 1412 2105 1465 Isaac
2143 1430 2155 1464 :
2193 1421 2246 1464 et
2291 1412 2353 1466 ad
2398 1419 2611 1480 puteum
2657 1426 2972 1482 progressus
3011 1413 3380 1481 requiesccbat
3409 1414 3521 1470 Mo-

1959 1519 2064 1558 ses.
2099 1502 2164 1556 Et
2192 1500 2443 1570 iubemur
2494 1519 2522 1556 a
2555 1501 2840 1557 Salomone
2870 1517 3060 1572 aquam
3099 1501 3285 1559 bib‘ere
3314 1522 3377 1558 ex
3424 1523 3523 1559 no-

1957 1597 2084 1649 stris
2108 1596 2337 1656 vasis,et
2364 1610 2426 1648 ex
2477 1603 2756 1663 puteorum
2785 1605 3088 1648 nostrorum
3117 1593 3262 1649 fume
3285 1597 3351 1652 "°.
3383 1597 3524 1663 Quin

1959 1685 2120 1737 etiam
2159 1683 2407 1738 Salvator
2435 1684 2718 1753 ipsejnxta
2752 1693 2968 1753 putemn
3014 1701 3136 1739 cum
3180 1686 3520 1742 Samaritana

1959 1777 2024 1829 tle
2053 1776 2251 1828 divinis
2277 1777 2553 1845 mysteriis
2585 1777 2819 1830 disserit.
2850 1778 3076 1832 Causam
3109 1794 3236 1832 vero
3258 1795 3356 1832 cur
3381 1779 3525 1834 lacus

275 1886 454 1938 γεται.
493 1871 600 1942 Τὴν
627 1872 682 1925 δὲ
709 1871 886 1924 αἰτίαν
914 1871 1008 1924 τοῦ
1041 1871 1136 1923 ἐπὶ
1170 1872 1427 1943 χειρόνων
1457 1874 1555 1944 μὲν
1581 1875 1706 1937 τοὺς
1728 1875 1848 1928 λάκ-

1961 1867 2010 1920 in
2041 1868 2210 1935 pejus,
2242 1868 2385 1936 putei
2413 1883 2540 1922 vero
2578 1867 2628 1920 in
2657 1869 2844 1922 melius
2878 1880 3228 1938 usurpentur,
3250 1872 3386 1926 hanc
3408 1888 3528 1928 esse

275 1978 408 2026 κους
451 1963 728 2033 τετάχθαι,
762 1964 858 2015 ἐπὶ
897 1964 1221 2035 κρειττόνων
1249 1963 1305 2016 δὲ
1334 1964 1402 2016 τὰ
1440 1965 1670 2035 φρέατα,
1702 1968 1856 2037 νομί-

275 2053 442 2124 ζομεν
475 2055 673 2124 ταύτην
714 2056 978 2126 ὑπάρχειν
1001 2072 1013 2085 ·
1043 2056 1330 2127 ἐπίκτητον
1360 2057 1420 2109 τὸ
1462 2055 1605 2128 ὕδωρ
1642 2060 1700 2109 ὲν
1747 2062 1856 2122 τοῖς

273 2139 520 2202 λάκκοις,
549 2143 744 2192 πῖπτον
776 2140 833 2206 ἐξ
861 2140 1088 2212 οὐρανοῦ
1107 2158 1119 2169 ·
1151 2143 1208 2193 ὲν
1233 2140 1286 2194 δὲ
1306 2144 1416 2204 τοῖς
1443 2142 1637 2212 φρέασι
1664 2141 1858 2210 φλέϐες

277 2225 488 2277 ὑδάτων
524 2224 886 2294 κεχωσμέναι,
943 2225 1070 2296 πρὶν
1121 2225 1413 2296 ὀρυχθῆναι
1465 2227 1590 2288 τοὺς
1635 2225 1852 2287 τόπους,

276 2317 671 2388 φανεροῦνται,
722 2318 1178 2388 περιαιρεθέντων
1223 2317 1331 2370 τῶν
1380 2316 1854 2369 ὲπικαλυπτόντων

274 2409 565 2478 χωμάτων,
604 2410 695 2461 καὶ
733 2409 1053 2479 οἱασδήποτε
1087 2407 1272 2468 οὐσίας
1315 2405 1687 2476 ἐπικειμένης,
1733 2407 1856 2476 ἥτις

274 2499 428 2551 πᾶσά
455 2501 568 2550 ἐστι
596 2502 686 2569 γῆ.
717 2501 826 2552 Καὶ
851 2501 906 2550 ἐν
936 2501 1057 2560 ταῖς
1081 2498 1277 2567 ψυχαῖς
1305 2497 1481 2550 τοίνυν
1515 2499 1661 2551 ἐστὶν
1694 2501 1854 2552 οἱονεὶ

272 2593 513 2661 ὄρυγμα,
560 2592 617 2642 ἐν
663 2585 750 2652 αἷς
785 2589 1118 2642 καταπίπτει
1156 2588 1227 2642 τὰ
1264 2589 1547 2660 κρείττονα
1581 2590 1852 2660 μεταϐάλ-

272 2682 434 2734 λοντα
476 2682 571 2734 καὶ
605 2681 1162 2752 παραχαραττόμενα,
1194 2681 1282 2734 ὅτε
1322 2699 1403 2746 τις
1442 2683 1538 2746 τὰς
1583 2684 1710 2754 περὶ
1746 2684 1853 2735 τῶν

275 2772 458 2826 καλῶν
497 2774 704 2836 ἐννοίας
751 2773 1020 2838 πεσούσας
1063 2775 1142 2837 είς
1194 2774 1354 2827 αὐτὸν
1396 2775 1618 2845 τρέπει,
1655 2775 1746 2827 ἐπὶ
1792 2775 1853 2826 τὸ

273 2866 710 2938 κακουργότερον
752 2866 921 2928 αὑτὰς
953 2865 1317 2937 διαστρέφων,
1356 2866 1448 2917 καὶ
1479 2865 1569 2917 ἐπὶ
1600 2865 1668 2917 τὰ
1701 2867 1853 2918 ἐναν-

270 2956 364 3009 τία
387 2959 452 3026 τῇ
478 2956 723 3028 ἀληθείᾳ,
752 2957 901 3009 οὐδὲν
923 2958 1119 3009 οίκεῖον
1147 2955 1568 3026 βεϐουλευμένος
1592 2955 1734 3027 ἔχειν
1757 2949 1852 3010 κᾶ-

270 3046 379 3100 λὸν.
421 3049 529 3100 Καὶ
579 3048 737 3100 πάλιν
791 3047 1023 3117 φρέατα,
1065 3049 1173 3111 ὅτε,
1233 3046 1689 3119 περιαιρεθέντων
1738 3050 1849 3120 (89)

268 3138 379 3190 τῶν
419 3139 894 3194 ὲπικαλυπτόντων
933 3139 1212 3210 χειρόνων,
1261 3140 1572 3211 ἀναλάμπει
1603 3141 1719 3209 φῶς
1759 3143 1850 3194 καὶ

270 3229 423 3300 πηγὴ
453 3230 640 3294 ὕδατος
667 3233 723 3284 ἐν
750 3232 891 3302 λόγῳ
917 3236 1010 3286 καὶ
1036 3234 1263 3304 δόγμασι
1289 3234 1539 3304 ποτίμου.
1566 3235 1664 3286 Δια
1690 3234 1848 3287 τοῦτο

267 3321 498 3375 ἕκαστον
529 3323 704 3394 ἐαυτῷ
739 3325 918 3395 φρέαρ
953 3326 1356 3378 κατασκευάσαι
1395 3327 1710 3394 ἀναγκαῖον,
1759 3325 1844 3378 ἴνα

265 3414 480 3484 τηρήσῃ
528 3413 625 3485 τὴν
678 3416 1080 3486 προειρημένην
1136 3417 1355 3487 ἐντολὴν
1406 3417 1502 3488 τὴν
1552 3418 1844 3488 λέγουσαν·

266 3507 414 3559 Πινε
444 3505 629 3560 ὕδατα
655 3507 772 3561 ἀπὸ
807 3503 935 3559 σῶν
955 3507 1225 3577 ἀγγείων,
1260 3507 1358 3561 καὶ
1385 3508 1502 3562 ἀπὸ
1529 3506 1658 3561 σῶν
1678 3509 1846 3578 φρεά-

264 3614 386 3650 των
411 3597 626 3668 πηγῆς.
661 3599 817 3652 Οὕτω
837 3599 946 3669 γὰρ
972 3599 1378 3670 χρηματίσομεν
1404 3599 1568 3653 τέκνα
1591 3599 1697 3652 τῶν
1721 3601 1844 3672 ὀρυ-

266 3688 474 3754 ξάντων
500 3689 570 3741 τὰ
596 3691 826 3761 φρέατα,
873 3691 1123 3762 Ἀϐραὰμ
1150 3693 1244 3744 καὶ
1285 3692 1466 3745 Ἰσαὰκ
1493 3693 1585 3746 καὶ⁴
1629 3693 1841 3746 Ἰακώϐ.

263 3780 479 3832 Λάκκον
508 3780 565 3832 δὲ
599 3782 659 3833 οὐ
703 3781 953 3852 ποιητέον
975 3821 989 3846 ,
1020 3783 1104 3834 ἵνα
1141 3783 1215 3851 μὴ
1247 3783 1577 3852 ἐμπέσωμεν
1624 3783 1732 3855 (90)
1765 3787 1842 3847 εἰς

260 3873 326 3925 τὸ
365 3872 600 3942 ὄρυγμα,
633 3873 773 3926 κατὰ
801 3873 860 3925 τὸ
886 3873 1071 3926 ἐνθάδε
1103 3874 1411 3945 εἰρημένον,
1442 3875 1575 3944 μηδὲ
1600 3876 1844 3929 ἀκούσω-

262 3982 365 4037 μεν
401 3968 467 4018 τὰ
498 3969 554 4018 ἐν
588 3967 666 4038 τῷ
715 3968 954 4038 Ἱερεμίᾳ
998 3969 1082 4020 ἐπ’
1115 3967 1402 4038 ὀνειδισμῷ
1446 3967 1553 4020 τῶν
1594 3970 1841 4040 ἁμαρτα-

257 4059 457 4112 νόντων
483 4060 968 4132 ἀναγεγραμμένα,
1000 4060 1090 4115 τοῦ
1133 4060 1267 4115 Θεοῦ
1299 4062 1544 4131 λέγοντος
1575 4063 1703 4132 περὶ
1739 4064 1808 4116 αὐ
1827 4093 1839 4103 -

255 4152 366 4204 τῶν
395 4153 428 4206 ἃ
461 4154 556 4206 καὶ
589 4155 694 4226 πρὸ
734 4153 979 4226 βραχέως
1019 4154 1370 4226 παρεθέμεθα
1394 4173 1406 4185 °
1447 4154 1584 4223 Ἐμὲ
1605 4153 1840 4223 ἐγκατέ-

1958 1958 2369 2023 existimamus;
2404 1959 2548 2027 quotl
2579 1975 2715 2029 aqua
2762 1960 2812 2013 in
2853 1960 3075 2015 lacubus
3108 1962 3178 2016 sit
3206 1965 3522 2026 adventitia,

1958 2049 2156 2117 quippe
2186 2065 2304 2116 qua:
2331 2065 2359 2103 e
2389 2049 2526 2104 tcelo
2559 2051 2714 2104 cadat
2748 2069 2760 2105 :
2797 2053 2846 2104 in
2889 2052 3065 2121 puteis
3094 2068 3222 2107 vero
3260 2069 3522 2122 aquarum

1959 2151 2128 2200 venae,
2161 2147 2447 2205 antequam
2480 2137 2593 2190 loca
2611 2136 2953 2205 eﬂ'odiantur,
2981 2153 3203 2213 aggesta
3238 2144 3402 2198 humo
3428 2147 3526 2198 ob-

1960 2239 2110 2289 rutae,
2142 2226 2253 2296 jam
2288 2243 2347 2282 se
2386 2231 2633 2296 prodant,
2671 2231 2713 2284 si
2747 2233 2904 2285 modo
2938 2248 3162 2304 aggeres
3209 2250 3304 2290 eas
3337 2245 3521 2306 tegen-

1960 2328 2058 2382 tes,
2110 2331 2202 2373 aut
2259 2321 2359 2373 alia
2405 2323 2608 2391 qumvis
2664 2323 2979 2380 incumbens
3005 2328 3346 2395 substantia,
3405 2345 3527 2400 quae

1958 2412 2185 2481 ipsamet
2226 2424 2333 2467 tota
2377 2423 2522 2468 terra
2567 2425 2669 2482 est,
2694 2415 3132 2472 submoveautur.
3165 2417 3230 2472 Et
3264 2434 3393 2476 vero
3428 2436 3522 2477 ve-

1957 2500 2050 2554 luti
2089 2501 2229 2556 fossa
2256 2513 2336 2557 est
2366 2505 2417 2558 in
2456 2505 2764 2570 animabus,
2794 2508 2844 2560 in
2871 2524 3007 2578 quas
3037 2510 3237 2566 cadunt
3272 2513 3474 2582 optima
3503 2555 3521 2582 ,

1956 2607 2074 2660 qua:
2097 2604 2372 2647 mutantur
2397 2605 2450 2650 et
2494 2597 2892 2664 atlulterantur,
2930 2612 3062 2668 tum,
3088 2618 3208 2656 cum
3254 2607 3520 2674 quispiam

1956 2683 2168 2737 honesti
2197 2688 2439 2755 rectique
2464 2689 2818 2756 c0gitationes
2847 2693 2948 2745 sibi
2979 2693 3196 2762 illapsas
3230 2697 3402 2764 pellit,
3429 2713 3523 2754 eas

1955 2777 2019 2828 ad
2044 2777 2246 2845 pejora,
2272 2788 2326 2832 et
2355 2779 2420 2831 ad
2460 2794 2522 2832 ea
2548 2796 2666 2850 qua:
2687 2783 2899 2837 veritati
2928 2785 3302 2852 adversantur,
3335 2790 3525 2845 distor-

1954 2880 2126 2933 quens
2153 2884 2166 2920 2
2201 2867 2396 2939 quippe
2421 2870 2624 2925 nullum
2653 2874 2851 2928 bonum
2877 2874 3140 2932 [anniliare
3166 2895 3228 2932 ac
3249 2883 3520 2951 proprium

1955 2955 2156 3013 habere
2187 2963 2392 3016 statuit.
2435 2962 2659 3026 Contra,
2701 2965 2846 3033 putei
2883 2975 3009 3021 sunt
3057 2968 3105 3021 in
3157 2972 3364 3037 anima,
3397 2989 3520 3029 cum

1956 3051 2070 3116 lux,
2105 3053 2250 3107 vitiis
2283 3068 2398 3118 qua:
2427 3053 2739 3123 integebant
2775 3056 2992 3124 ablatis,
3044 3057 3281 3129 aﬂ'ulget,
3315 3073 3368 3116 et
3401 3063 3518 3120 fons

1957 3160 2109 3214 aquae
2137 3159 2255 3212 qna:
2289 3160 2380 3212 per
2409 3159 2712 3199 sermonem
2739 3156 2794 3200 et
2823 3148 3072 3218 dogmata
3105 3153 3251 3219 potui
3280 3153 3395 3208 dari
3421 3170 3516 3225 ρος

1957 3248 2077 3292 test.
2111 3237 2454 3306 Quapropter
2473 3241 2862 3309 estuuicuique
2895 3258 3138 3309 necesse,
3167 3247 3266 3300 sibi
3301 3259 3518 3316 puteum

1956 3344 2288 3397 praeparare,
2325 3339 2383 3382 ut
2422 3333 2732 3385 mandatum
2767 3345 3118 3388 memoratum
3153 3347 3348 3402 servet,
3410 3355 3518 3408 quc

1953 3420 2150 3472 dicitur
2178 3436 2192 3472 :
2220 3418 2348 3473 Bibe
2381 3437 2545 3486 aqua:
2579 3423 2642 3475 de
2687 3423 2791 3474 luis
2838 3425 2996 3487 rasis,
3048 3436 3093 3478 et
3136 3425 3199 3479 de
3245 3438 3519 3493 puteorum

1950 3522 2158 3562 tuorum
2183 3510 2326 3576 [ante
2374 3511 2442 3565 ⁷⁷.
2485 3511 2574 3566 Sic
2628 3512 2770 3566 etim
2812 3517 2960 3581 prius
2993 3517 3386 3586 appellabimur
3424 3521 3520 3577 ﬁlii

1951 3611 2138 3670 puteos
2186 3600 2586 3665 eﬂ‘odientium.
2639 3605 2892 3674 Abrahae,
2934 3618 2987 3662 et
3027 3609 3194 3672 Isaac,
3233 3620 3286 3664 et
3327 3611 3514 3670 Jacob.

1948 3692 2125 3747 Lacus
2152 3703 2328 3749 autetn
2362 3693 2640 3752 faciendus
2672 3715 2774 3754 non
2805 3708 2906 3764 est,
2942 3716 3008 3755 ne
3058 3702 3109 3755 in
3151 3702 3347 3757 fossam
3385 3708 3521 3761 inci-

1948 3788 2136 3842 damus
2172 3790 2276 3855 ita,
2301 3801 2356 3842 ut
2385 3791 2471 3844 hic
2497 3791 2711 3855 dicitur,
2751 3807 2884 3845 neve
2916 3794 3198 3849 audiamus
3225 3811 3287 3850 ea
3319 3800 3512 3867 qutein

1944 3873 2175 3931 Jeremia
2201 3880 2250 3931 in
2276 3887 2616 3946 peccatorum
2668 3882 2925 3949 probrum
2963 3892 3019 3937 et
3046 3884 3277 3941 dedecus
3314 3891 3516 3960 scripta

1945 3982 2092 4034 sunt,
2131 3972 2239 4024 Deo
2260 3971 2326 4025 de
2349 3971 2478 4039 ipsis
2505 3973 2720 4030 dicente
2759 3977 2902 4044 quod
2944 3977 3106 4047 paulo
3149 3990 3274 4034 ante
3331 3983 3516 4036 retuli-

1948 4080 2065 4118 mus
2099 4081 2112 4117 :
2152 4062 2238 4116 Me
2273 4065 2470 4132 fontem
2500 4083 2648 4135 aqua:
2683 4069 2805 4122 t'ivw
2834 4070 3242 4139 dereliqtterunt,
3285 4084 3332 4125 et
3361 4073 3511 4141 [ode-

1946 4164 2065 4206 runt
2095 4154 2193 4206 sibi
2233 4153 2379 4209 lacus
2402 4161 2675 4224 contritas,
2699 4161 2786 4228 qui
2817 4175 2920 4211 non
2951 4170 3192 4229 poterunt
3231 4162 3360 4231 ipsis
3386 4179 3514 4217 con-

253 4248 438 4297 λιπον
467 4246 668 4316 πηγὴν
696 4247 912 4313 ὕδατος
946 4247 1184 4312 ζῶντος,
1220 4247 1316 4301 καί
1345 4245 1585 4314 ὤρυξαν
1605 4245 1837 4310 ἑαυτοῖς

1953 4245 2111 4298 tinere
2136 4264 2346 4316 aquam.

253 4334 523 4403 λάκκους
581 4339 1146 4408 συντετριμμένους,
1207 4341 1263 4393 οἳ
1328 4342 1398 4393 οὺ
1455 4339 1829 4408 δυνήσονται
1867 4338 2022 4407 ὕδωρ
2060 4342 2264 4406 αὐτοῖς
2303 4343 2605 4412 συνέχειν.

668 4542 777 4593 ΕΙΣ
815 4543 950 4595 TUN
990 4542 1066 4595 1Δ¹
1093 4543 1414 4596 ΨΑΛΜΟΝ.

251 4636 452 4702 Κύριε,
484 4634 573 4700 τίς
615 4635 970 4701 παροικήσει
1010 4638 1079 4690 ἐν
1107 4634 1186 4700 τῷ
1238 4633 1588 4704 σκηνώματι
1612 4651 1748 4698 σου,
1786 4634 1823 4702 ἢ

431 4706 520 4770 τίς
549 4706 1003 4772 κατασκηνώσει
1036 4709 1106 4760 ἐν
1142 4707 1264 4774 ὄρει
1294 4708 1438 4775 ἁγίῳ
1463 4723 1578 4759 σου
1605 4721 1622 4768 ;

327 4796 375 4849 1.
417 4797 519 4849 Τὸν
565 4799 769 4851 τέλειον
804 4800 932 4868 ἡμῖν
978 4803 1007 4853 ὁ
1038 4800 1193 4868 λόγος
1227 4797 1537 4870 ὑπογράψαι
1569 4796 1827 4866 βουλόμε-

346 4909 391 4940 ⁷³
431 4909 595 4965 Exod.
629 4927 702 4965 xu
732 4952 748 4976 ,
793 4911 882 4967 29.

321 5030 431 5102 (87)
464 5029 570 5082 Καὶ
597 5027 696 5081 ὅτε
720 5029 1111 5102 πίατὰσσεται.
1157 5027 1270 5080 lloc
1303 5027 1656 5102 Ioco_ellips_is
1708 5036 1810 5079 est.

243 5095 450 5168 Snpple
483 5114 663 5153 vocem
697 5101 998 5168 Αἴγυπτος,
1023 5109 1071 5152 ει
1096 5115 1214 5150 cum
1240 5099 1528 5165 percutitur
1557 5095 1825 5165 AEgyptus

240 5189 275 5223 a
309 5167 648 5238 primogenita
683 5167 999 5225 Pharaonis.

318 5239 428 5308 (88)
462 5235 754 5293 Colbertini
795 5251 1019 5307 quartus
1058 5249 1114 5294 et
1153 5236 1412 5308 septimus
1443 5237 1628 5308 αὐτοῖς
1653 5235 1819 5307 ὕδωρ.

245 5307 355 5365 Sed
376 5323 474 5360 vox
496 5310 678 5374 αὐτοῖς
697 5327 799 5365 non
829 5310 880 5362 in
900 5308 1038 5362 LXX
1059 5311 1253 5372 solum,
1276 5307 1365 5360 sed
1393 5307 1558 5358 etiam
1587 5311 1637 5359 in
1662 5309 1820 5360 editis

239 5393 295 5436 et
323 5382 373 5433 lll
403 5379 520 5431 aliis
552 5397 683 5433 mss.
715 5383 882 5435 deest.
905 5379 1067 5432 Paulo
1086 5390 1203 5446 post
1232 5377 1386 5431 Coll).
1415 5386 1638 5444 quartus
1671 5378 1821 5448 ἔρρι-

238 5467 398 5504 πται.
426 5449 662 5504 Subinde
695 5452 831 5504 idem
859 5449 1024 5504 codex
1055 5449 1392 5520 ὀρύσσουσιν.

963 4911 1007 4942 ⁷⁸
1038 4912 1177 4965 Psal.
1208 4928 1454 4980 Lxxxvn,
1474 4911 1526 4964 5.
1603 4910 1654 4941 ’⁵
1674 4908 1875 4964 Jcrem.
1901 4927 1960 4977 ιι,
1989 4914 2075 4968 15.

2333 4541 2394 4593 IN
2435 4539 2759 4597 PSALMUM
2813 4542 2926 4598 xnv
2971 4544 3068 4614 (α).

1933 4631 2174 4695 Domine,
2207 4633 2321 4701 quis
2366 4635 2780 4701 peregrinnbitur
2806 4638 2861 4691 in
2905 4638 3242 4693 tabernaculo
3283 4653 3388 4706 tuo,
3414 4651 3508 4698 aut

2108 4719 2224 4772 quis
2264 4707 2540 4771 requiescet
2563 4707 2672 4776 (91)
2714 4711 2766 4760 in
2802 4722 2971 4761 monte
3003 4725 3180 4764 saneto
3203 4714 3336 4764 tuo?

2007 4798 2059 4852 1.
2090 4799 2390 4870 Scriptura,
2420 4803 2545 4855 dum
2577 4804 2746 4857 virum
2778 4805 3073 4873 perfectum
3121 4808 3274 4862 nobis
3299 4809 3506 4864 descri—

2156 4913 2202 4944 ⁷⁸
2231 4912 2393 4968 Prov.
2431 4914 2590 4974 v,15.
2668 4916 2712 4945 ⁷⁷
2750 4917 2880 4972 ibid.

1998 5025 2108 5106 (89)
2143 5026 2270 5106 Mss.
2313 5029 2550 5106 quinque
2595 5030 2777 5106 καλόν·
2809 5033 2903 5085 καί
2939 5031 3122 5106 ἔτερα,
3157 5033 3269 5099 ὅτε,
3295 5054 3508 5106 περιαι-

1928 5097 2210 5170 ρεθέντων.
2243 5102 2308 5152 Αι
2332 5097 2613 5154 lectionem
2648 5101 2799 5156 Cttlll.
2825 5105 3000 5170 quarti
3034 5097 3396 5170 put-tulimus".
3448 5123 3505 5162 el.

1927 5169 2216 5289 egitornm.
2247 5170 2390 5224 lnl'ra
2423 5187 2552 5224 mss.
2580 5172 2648 5224 τὰ
2679 5169 2908 5239 φρέατα.
2946 5169 3108 5228 Deest
3153 5180 3408 5232 articulus
3448 5197 3501 5234 in

1927 5252 1956 5289 e
1999 5247 2107 5289 Itis.

2141 5309 2269 5363 Mss.
2312 5311 2417 5363 duo
2464 5311 2882 5380 καταπέσωμεν.
2934 5313 3034 5367 Alii
3069 5326 3179 5370 tres
3219 5315 3496 5377 πέσωμεν,

1921 5375 2121 5456 Neeita
2152 5380 2326 5456 multo
2351 5392 2470 5456 post
2494 5399 2624 5456 mss.
2651 5375 2853 5456 aliquot
2881 5383 2909 5437 ὃ
2943 5387 3036 5439 καὶ
3065 5387 3186 5456 πρό.

1994 5449 2106 5519 (9|)
2152 5450 2374 5517 Vulgata
2431 5452 2708 5505 habitabit.
2744 5449 3499 5526 ‘Augustinus'oeregrinnbi-

303 5563 482 5640 (triviae
503 5566 593 5640 ha‘c
617 5565 970 5640 lio-mrili‘anquae
985 5563 1248 5640 litigasque
1275 5565 1803 5640 tanquamdsupposita
1823 5564 1876 5640 in
1898 5562 2188 5640 appendice
2220 5566 2496 5637 legebatur.
2523 5569 2627 5640 inec
2651 5567 2799 5640 habet
2825 5572 2950 5640 Aug;
2983 5571 3107 5640 Mar.
3132 5574 3404 5624 Bandinius
3421 5577 3494 5640 [ad

234 5622 500 5680 εοᾱζγιιι.
526 5626 646 5688 plut.
681 5626 757 5685 IV,
784 5622 829 5672 ι.
847 5622 890 5682 ιζ
912 5640 956 5686 ρ.
984 5625 1074 5671 552
1092 5641 1120 5692 _:_
1144 5622 1268 5692 (Et:
1291 5622 1442 5692 nostri
1465 5622 1991 5692 codicis‘antiquitate;
2009 5630 2194 5692 saeculo
2223 5622 2580 5692 xr’rconscripti.
2606 5633 2689 5691 qui
2725 5634 2850 5681 forte
2890 5622 3033 5682 alicui
3075 5622 3356 5685 Graecorum
3383 5622 3494 5690 ὶιὶὖῖ

234 5692 459 5756 Basterto
482 5682 764 5756 pliO_€OfUl’Il_
788 5682 1059 5748 temporum
1092 5686 1289 5756 ωσι-εἰει
1314 5682 1631 5756 inserviebat.
1654 5682 1804 5748 argui
1818 5694 1986 5748 posset
2008 5689 2403 5756 homiliambanc
2430 5682 2545 5756 ante
2572 5682 2694 5741 illud
2717 5703 2910 5756 tempus
2933 5682 3494 5751 etiam-Sifliasilio-aii-

230 5746 692 5817 Jttdicatatti_fuiss_e.
719 5751 865 5810 eique
891 5746 1148 5809 propterea
1148 5746 1334 5817 _lo'cum
1357 5746 1698 5808 assignandum
1715 5746 1836 5798 ante
1862 5759 2176 5812 sequentem,
2203 5752 2342 5813 cujus
2372 5755 2544 5806 titulus
2569 5767 2623 5804 ac
2651 5759 2807 5817 prima
2820 5746 2978 5807 'verba
3008 5761 3150 5809 aliam
3192 5746 3491 5814 ineat—Iidem

235 5809 479 5876 psalmum
505 5809 749 5861 homiliam
772 5809 1066 5873 supponunt.
1097 5827 1113 5859 ι
1146 5812 1277 5860 Εωτ.
