4062 6506
560 392 660 446 231

1867 379 1925 433 S.
1967 374 2209 431 BASILII
2243 371 2459 429 MAGNI

3716 356 3832 412 252

563 507 692 560 bere
725 503 858 566 vult,
886 515 1006 555 eum
1035 499 1280 556 videlicet
1301 539 1315 562 ,
1347 497 1436 567 qui
1475 496 1761 565 adepturus
1790 492 1858 546 sit
1901 491 2127 546 beatitu-

2242 504 2335 552 θος,
2388 486 2479 539 τὸν
2527 484 2638 536 τῶν
2691 476 3055 553 μακαρισμῶν
3100 471 3480 542 ἐπιτυγχάνειν
3522 467 3832 536 μέλλοντα,

562 594 766 657 dinem,
820 591 1011 646 ordine
1065 590 1296 660 quodam
1355 602 1420 641 ac
1463 586 1545 640 via
1593 586 1645 638 in
1699 583 1787 648 iis,
1817 596 1936 651 qua:
1981 582 2125 635 circa

565 685 738 754 ipsum
787 682 1223 745 considerantur,
1253 694 1372 743 usa,
1401 679 1466 732 ab
1495 677 1559 730 iis
1605 689 1723 744 qua:
1754 673 1922 741 magis
1971 671 2127 726 obvia

565 781 690 826 sunt
711 781 763 825 et
792 772 985 841 prima,
1016 769 1229 824 initium
1260 767 1427 822 duxit.
1464 765 1624 818 Vsus.
1661 766 1712 818 t.
1745 763 1979 828 Domine,
2013 762 2128 830 quis

563 862 984 933 peregrinabitur
1032 860 1086 914 in
1119 859 1452 913 tabernaculo
1489 859 1621 911 tuo?
1654 854 2016 926 Peregrinatio
2047 863 2130 910 est

563 955 920 1009 commoratio
970 956 1313 1023 temporaria,
1357 968 1475 1021 quas
1519 953 1687 1006 vitam
1731 965 1834 1003 non
1862 947 2127 1016 stabilem,

564 1044 659 1094 sed
693 1041 1053 1095 transitoriam
1081 1042 1149 1095 ob
1179 1057 1325 1109 spem
1354 1042 1417 1094 ad
1455 1040 1673 1094 meliora
1720 1039 2009 1107 emigrandi
2047 1037 2130 1090 in-

564 1129 724 1184 dicat.
779 1131 873 1186 Est
904 1142 1079 1186 autem
1134 1131 1235 1186 viri
1285 1134 1478 1195 sancti,
1509 1133 1647 1186 hanc
1701 1131 1913 1200 quidem
1962 1129 2128 1184 vitam

567 1224 818 1288 transire,
875 1226 938 1278 ad
985 1225 1208 1279 alteram
1238 1241 1363 1280 vero
1396 1226 1671 1280 festinare.
1709 1223 1832 1279 Ideo
1869 1234 1918 1278 et
1967 1222 2131 1276 David

563 1313 630 1368 de
659 1330 718 1371 se
741 1315 855 1386 ipso
894 1317 969 1370 ait
998 1335 1010 1370 :
1041 1317 1225 1371 Incola
1269 1334 1361 1387 ego
1396 1334 1509 1371 sum
1556 1318 1694 1386 apud
1721 1329 1788 1383 te,
1819 1326 1866 1370 et
1907 1316 2133 1384 peregri-

565 1425 684 1470 nus,
708 1410 842 1462 sicut
871 1425 1042 1462 omnes
1070 1421 1241 1476 patres
1263 1409 1438 1462 mei".
1469 1408 1639 1463 lncola
1669 1411 1810 1463 enim
1842 1407 1940 1462 fuit
1960 1406 2134 1461 Abra-

565 1502 712 1565 ham,
743 1503 834 1570 qni
889 1520 953 1555 ne
1003 1518 1215 1570 passum
1250 1500 1462 1568 quidem
1508 1501 1653 1569 pedis
1713 1510 1869 1554 terra:
1905 1501 2135 1570 propriae

565 1595 956 1659 possedit;sed
1011 1588 1098 1644 ubi
1127 1607 1261 1660 opus
1299 1592 1344 1645 ei
1401 1592 1645 1660 sepulcro
1675 1590 1794 1654 fuit,
1826 1592 1877 1645 id
1912 1601 2135 1662 argento

566 1696 833 1738 mercatus
853 1685 1016 1737 fuisse
1035 1683 1495 1753 perhibeturm”.
1514 1683 1758 1738 Ostendit
1775 1683 1978 1738 Scilicet
1998 1682 2139 1738 Scri-

567 1786 718 1845 ptura
745 1816 758 1840 ,
796 1777 846 1829 in
886 1790 1047 1828 carne
1086 1775 1371 1839 viventem,
1424 1775 1652 1829 incolam
1705 1791 1823 1829 esse
1867 1787 2135 1844 oportere,

2230 581 2380 647 τάξει
2426 579 2532 632 τινὶ
2585 576 2678 630 καὶ
2733 573 2837 645 ὁδῷ
2889 573 2996 625 τῶν
3043 570 3168 641 περὶ
3199 566 3359 620 αὐτὸν
3412 560 3835 633 θεωρουμένων

2229 671 2591 744 χρησάμενος,
2648 667 2756 722 ἀπὸ
2805 665 2913 718 τῶν
2960 658 3396 733 προσεχεστέρων
3445 656 3544 707 καὶ
3579 653 3837 744 πρώτων

2348 741 2522 835 ἀρχὴν
2557 759 2864 833 πεποίηται.
2898 757 3093 824 Κύριε,
3124 753 3215 818 τίς
3247 750 3608 820 παροικήσει
3639 747 3720 799 ἑν
3749 741 3836 809 τῷ

2233 856 2575 926 σκηνώματι
2603 869 2759 916 σου;
2798 852 2863 904 Ἦ
2903 848 3164 919 παροικία
3201 846 3317 900 ἐστὶ
3353 840 3606 911 διαγωγὴ
3651 837 3859 912 προσ--

2234 966 2440 1019 καιρος,
2467 949 2564 1017 οὐχ
2594 944 2882 1016 ἱδρυμένην
2912 942 3076 1014 ζωὴν,
3101 939 3237 995 ἀλλά
3268 936 3593 1006 παροδικὴν,
3624 933 3723 985 ἐπ’
3753 929 3835 983 ἐλ-

2234 1042 2346 1096 πίδι
2373 1041 2470 1112 τῆς
2496 1039 2590 1092 ἐπὶ
2617 1039 2686 1091 τά
2713 1038 2997 1110 κρείττονα
3029 1032 3430 1107 μεταστάσεως,
3472 1025 3831 1096 ὑποφαίνου-

2238 1150 2324 1188 σα.
2362 1134 2542 1203 Ἀγίου
2589 1137 2646 1189 δὲ
2689 1129 2903 1203 ἀνδρὸς,
2937 1124 3256 1196 παροδεύειν
3285 1121 3382 1191 μὲν
3423 1115 3517 1170 τὸν
3551 1116 3672 1185 βίον
3701 1113 3828 1167 τοῦ-

2236 1246 2345 1292 τον,
2380 1228 2689 1297 ἐπείγεσθαι
2717 1227 2772 1280 δὲ
2806 1221 2941 1296 πρὸς
2963 1219 3153 1290 ἑτέραν
3177 1215 3340 1285 ζωήν.
3369 1210 3459 1263 Διὸ
3483 1209 3580 1261 καὶ
3601 1211 3630 1260 6
3653 1205 3833 1297 Δαϐιδ

2240 1321 2364 1392 περὶ
2427 1295 2616 1372 ἐαυτοῦ
2687 1295 2869 1388 φησιέ
2943 1309 3232 1379 Πάροικος
3295 1301 3407 1372 ἐγώ
3469 1301 3590 1368 ειμι
3658 1295 3833 1392 παρὰ

2239 1390 2337 1465 σοὶ
2371 1411 2460 1480 (92
2487 1411 2597 1477 93),
2634 1409 2731 1462 καὶ
2765 1403 3192 1475 παρεπίδημος.
3227 1394 3419 1459 καθὼς
3444 1394 3498 1447 oi
3559 1390 3832 1480 πατέρες

2236 1479 2671 1574 μουίΠέιροικος
2699 1499 2806 1568 γὰρ
2841 1493 3109 1564 Ἀϐραὰμ.
3145 1489 3264 1542 οὑδέ
3299 1487 3449 1556 βῆμα
3477 1482 3642 1543 ποδὸς
3685 1479 3832 1539 ίδίας

2241 1573 2343 1668 γῆς
2381 1594 2735 1665 κεκτημένος,
2779 1589 2892 1644 ἀλλ’
2923 1590 3009 1640 ὅτε
3032 1585 3205 1654 ταφῆς
3239 1580 3395 1672 αὑτῷΔ
3417 1577 3668 1672 ἐδέησεν,
3723 1573 3831 1672 dp:

2242 1691 2431 1762 γυρίου
2461 1685 2800 1758 κτησάμενος
2839 1679 3042 1748 ταύτην
3068 1676 3342 1744 φαίνεται·
3379 1668 3696 1728 δεικνύντος
3731 1668 3831 1716 τοῦ

2242 1783 2422 1850 λόγου,
2474 1782 2554 1834 ὅτι
2610 1777 2785 1842 ζῶντα
2826 1774 2921 1844 μὲν
2967 1773 3023 1823 ἐν
3065 1771 3130 1837 τῇ
3172 1765 3332 1835 σαρκὶ
3375 1763 3640 1831 πάροικον
3685 1753 3832 1810 εἶναι

567 1872 885 1933 migrantem
932 1879 1061 1918 vero
1089 1878 1153 1919 ex
1181 1864 1311 1918 ‘bac
1343 1864 1471 1926 vita,
1509 1863 1560 1915 in
1608 1863 1737 1916 locis
1781 1863 2011 1932 propriis
2050 1878 2138 1916 re.

2242 1878 2525 1950 προσήκει,
2585 1867 2976 1944 μεταϐαίνοντα
3020 1862 3074 1914 δὲ
3119 1859 3225 1913 ἀπὸ
3262 1857 3363 1925 τῆς
3395 1854 3540 1922 ζωῆς
3585 1849 3830 1916 ταύτης,

567 1960 866 2026 quiescere.
899 1955 1186 2025 Propterea
1211 1956 1261 2010 in
1292 1957 1392 2010 hac
1415 1955 1517 2008 vita
1549 1954 1720 2008 incola
1753 1963 1835 2008 est
1850 1969 1968 2008 cum
2001 1955 2133 2010 alie-

569 2049 776 2119 nigenis
808 2065 820 2101 :
863 2049 910 2100 in
943 2047 1216 2118 sepultura
1247 2061 1377 2101 vero
1403 2048 1675 2115 prepriam
1713 2053 1909 2098 terram
1940 2059 2136 2114 corpus

567 2151 722 2190 suum
749 2146 1093 2205 excepturum
1135 2133 1236 2188 sibi
1270 2135 1383 2204 ipse
1427 2134 1776 2202 comparavit.
1809 2131 1976 2186 Porro
2010 2135 2137 2187 bea-

570 2238 680 2279 tum
736 2227 891 2294 plane
941 2224 1129 2287 fuerit,
1169 2225 1330 2279 rebus
1386 2225 1611 2279 terrenis
1661 2239 1767 2278 non
1811 2234 1866 2278 ul
1908 2223 2138 2294 propriis

569 2316 839 2370 addictqu
871 2330 1010 2382 esse,
1046 2332 1216 2385 neque
1270 2317 1427 2371 rebus
1479 2317 1829 2385 praesentibus
1884 2325 2135 2387 tanquam

572 2408 798 2463 naturali
826 2410 1037 2464 cuidam
1072 2411 1256 2480 patria:
1285 2411 1591 2465 adhrrrere:
1620 2411 1712 2464 sed
1743 2426 1899 2465 nosse
1933 2411 2136 2480 lapsum

570 2511 622 2555 te
652 2518 770 2556 esse
809 2517 840 2556 a
887 2502 1228 2562 meliorihuS,
1263 2512 1419 2570 teque
1458 2517 1524 2555 ex
1569 2504 1730 2555 multa
1774 2505 1828 2555 in
1890 2503 1989 2556 hac
2039 2503 2136 2556 ista

566 2593 677 2645 vita
711 2591 1021 2644 atllictatum
1055 2593 1275 2659 perinde
1323 2593 1673 2661 peregrinari,
1712 2601 1868 2660 atque
1905 2593 2141 2662 peregri-

570 2692 771 2737 nantur
807 2681 902 2744 illi,
927 2682 1017 2750 qui
1051 2684 1119 2736 ob
1161 2683 1336 2752 aliqua
1367 2682 1558 2737 delicta
1601 2699 1629 2737 a
1658 2684 1926 2752 judicibus
1954 2699 2019 2738 ex
2048 2699 2143 2754 pa-

573 2778 674 2826 tria
706 2772 840 2842 pulsi
869 2783 996 2827 sunt
1033 2773 1082 2826 in
1109 2775 1382 2828 exsilium.
1416 2775 1595 2830 Rarus
1631 2788 1807 2829 autem
1839 2777 1883 2831 is
1913 2785 2015 2840 est,
2049 2776 2138 2845 qui

571 2867 921 2932 praesentibus
949 2880 1052 2919 non
1086 2876 1143 2919 ut
1185 2868 1415 2935 prepriis
1445 2869 1676 2934 studeat,
1712 2868 1800 2937 qui
1833 2869 2140 2922 divitiarum

572 2971 727 3010 usum
759 2957 894 3010 sciat
919 2959 983 3010 ad
1037 2968 1248 3027 tempus
1294 2972 1413 3014 esse
1463 2975 1800 3023 concessum,
1824 2961 1912 3030 qui
1944 2961 2138 3015 bonam

573 3047 814 3115 corporis
861 3048 1229 3102 habitudinem
1273 3049 1564 3104 arbitretur
1604 3052 1748 3104 brevi
1780 3061 2018 3119 tempore
2041 3053 2140 3106 du-

573 3150 836 3206 raturam,
874 3141 966 3208 qui
1011 3141 1261 3194 humanm
1309 3140 1490 3210 gloria:
1531 3142 1712 3196 liorem
1751 3145 2138 3197 inconstantem

573 3247 692 3287 esse
730 3242 1004 3302 agnoscat.
1037 3233 1165 3299 Quis
1195 3235 1358 3304 igitur
1382 3237 1799 3307 peregrinabitur
1819 3237 1871 3289 in
1901 3235 2144 3290 taberna-

574 3322 692 3377 culo
748 3334 835 3378 tuo
870 3324 896 3377 .9
931 3325 1353 3382 Tabernaculum
1391 3328 1482 3384 Dei
1536 3343 1663 3383 caro
1713 3329 1931 3393 dicitur,
1983 3344 2142 3398 quam

576 3420 692 3489 ipse
748 3420 944 3475 anima:
992 3421 1224 3476 hominis
1267 3421 1413 3475 dedit
1451 3422 1797 3476 habitationis
1836 3421 1971 3476 loco.
2015 3420 2146 3488 Quis

576 3511 700 3563 huic
738 3511 888 3564 carni
935 3520 992 3563 ut
1019 3511 1207 3565 aliena:
1241 3512 1524 3566 attendet?
1554 3513 2009 3579 Quemadmodum
2065 3513 2146 3566 in-

575 3603 708 3657 cola:
739 3604 909 3682 aliena
945 3613 1086 3656 terra
1122 3603 1408 3666 conducta,
1432 3603 1612 3655 colunt
1640 3619 1823 3669 agrum
1854 3607 1918 3657 ad
1947 3605 2148 3658 locato-

578 3696 653 3750 ris
687 3695 1010 3749 voluntatem
1049 3711 1062 3748 :
1095 3693 1166 3747 ita
1223 3701 1279 3748 et
1322 3692 1475 3746 nobis
1529 3707 1594 3745 ex
1646 3695 1950 3762 syngrapha
1996 3708 2145 3746 com-

579 3787 742 3842 missa
782 3797 867 3842 est
897 3787 1078 3840 carnis
1122 3801 1284 3851 cura;
1310 3795 1367 3839 ut
1395 3799 1512 3839 eam
1538 3785 1790 3838 decenter
1821 3782 2146 3850 excolentes,

577 3877 818 3945 largitori
847 3875 1159 3946 frugiferam
1203 3877 1508 3931 reddamus.
1563 3875 1712 3941 Quod
1749 3876 1792 3930 si
1844 3874 1954 3930 Deo
1989 3874 2147 3945 digna

578 3978 664 4021 est
693 3982 840 4030 caro,
875 3983 1060 4020 revera
1097 3968 1186 4021 Dei
1225 3969 1624 4021 tabernaculum
1653 3967 1876 4022 elﬁcitur
1895 4006 1910 4032 ,
1936 3969 2001 4021 ad
2027 3981 2148 4021 eum

582 4057 824 4123 modum,
874 4072 979 4126 quo
1038 4059 1247 4113 habitat
1293 4060 1345 4111 in
1393 4059 1613 4112 sanctis.
1645 4057 1760 4111 Jam
1796 4075 1925 4114 vero
1962 4057 2151 4114 incola:

580 4167 706 4206 caro
750 4160 834 4206 est
873 4151 1154 4221 ejusmodi.
1184 4151 1386 4207 idcirco
1421 4151 1494 4206 ait
1526 4166 1540 4204 :
1574 4150 1810 4214 Domine,
1839 4152 1954 4220 quis
2003 4168 2150 4220 pere-

580 4242 874 4312 grinabitur
895 4242 948 4294 in
981 4241 1314 4295 tabernaculo
1346 4254 1433 4296 tuo
1463 4245 1486 4297 .9
1510 4243 1710 4298 Deinde
1736 4241 2007 4311 prolectus
2034 4243 2152 4309 qui-

583 4335 703 4388 dam
731 4341 784 4387 et
811 4332 1114 4403 progressio
1145 4334 1211 4386 ad
1240 4335 1488 4401 quiddam
1515 4336 1804 4404 perfectius
1822 4334 1912 4389 sit.
1941 4333 2007 4387 Et
2035 4335 2152 4402 quis

583 4426 864 4496 requiescet
893 4425 945 4480 in
975 4434 1148 4480 monte
1176 4436 1358 4479 sancto
1387 4436 1474 4479 tuo
1498 4428 1522 4479 ?
1551 4424 1763 4482 Judaeus
1794 4427 2010 4497 quidem
2049 4433 2154 4479 ter-

2233 1940 2344 2032 τοῖς
2364 1940 2584 2027 οίκείοις
2605 1963 2793 2022 τόποις
2815 1950 3268 2011 ἐναναπαύεσθαι.
3312 1945 3408 1998 Διά
3434 1942 3598 1995 τοῦτο
3629 1943 3692 1992 ἐν
3729 1940 3830 2008 μὲν

2235 2063 2300 2130 τῇ
2341 2061 2451 2129 ζωῇ
2493 2056 2664 2128 ταύτῃ
2701 2052 2808 2124 (94)
2844 2047 3099 2120 παροικεῖ
3134 2044 3245 2104 τοῖς
3273 2034 3617 2130 ἀλλοφύλοις,
3667 2035 3736 2130 ἐν
3771 2031 3828 2082 δὲ

2236 2153 2300 2222 τῇ
2325 2153 2468 2219 ταφῇ
2502 2148 2706 2201 οἰκείαν
2730 2140 2906 2212 ἐαυτῷ
2936 2139 3032 2209 τὴν
3056 2133 3348 2204 δεξομένην
3378 2124 3542 2182 αὑτοῦ
3566 2124 3631 2177 τὸ
3659 2122 3830 2191 σῶμα

2237 2212 2338 2312 γῆν
2380 2235 2890 2310 ἐπραγματεύσατο.
2933 2229 3216 2298 Μακάριον
3249 2223 3304 2275 δέ
3343 2219 3421 2290 τῷ
3452 2217 3591 2277 δντι,
3754 2213 3830 2273 ὡς

2238 2333 2459 2395 οἰκείοις
2500 2325 2926 2402 προστετηκέναι
2966 2324 3077 2383 τοῖς
3123 2320 3179 2370 ἐν
3219 2318 3284 2385 τῇ
3316 2315 3406 2383 γῇ,
3449 2306 3828 2402 μηδέ-ὣσπερ

2238 2425 2494 2497 πατρίδος
2520 2397 2661 2485 τινὸς
2685 2417 2917 2490 φυσικῆς
2948 2409 3256 2481 ἀντέχεσθαι
3290 2406 3396 2459 τῶν
3422 2400 3682 2462 ἐνταῦθα,
3710 2397 3828 2497 ἀλλ’

2240 2489 2437 2568 εἰδέναι
2468 2516 2564 2584 τὴν
2599 2489 2708 2584 (95)
2740 2509 2848 2565 ἀπὸ
2879 2507 2985 2561 τῶν
3026 2502 3305 2575 βελτιόνων
3345 2497 3692 2554 ἀπόπτωσιν,
3731 2489 3831 2584 καὶ

2239 2604 2336 2675 τὴν
2368 2606 2430 2656 ἐκ
2456 2583 2750 2673 καταδίκης
2779 2600 2962 2654 ἐνθάδε
2982 2595 3254 2664 διαγωγὴν
3295 2588 3691 2660 βαρυνόμενον,
3730 2583 3828 2636 οῦ-

2240 2715 2319 2749 τω
2352 2697 2655 2766 παροικεῖν,
2710 2694 2784 2755 ὡς
2836 2693 2884 2744 oi
2932 2689 3035 2742 ὑπὸ
3085 2686 3352 2740 δικαστῶν
3385 2697 3545 2734 τινων
3593 2677 3689 2730 ἐπί
3714 2693 3830 2729 τισι

2243 2786 2709 2860 πλημμελήμασιν
2743 2785 2821 2846 είς
2841 2782 2939 2851 τὴν
2965 2778 3258 2848 ὑπερορίαν
3283 2778 3345 2827 ἐκ
3371 2775 3468 2843 τῆς
3487 2769 3828 2838 ἐνεγκούσης

2241 2879 2622 2941 ἀπελαθέντες.
2657 2877 2891 2936 Σπάνιος
2931 2872 2987 2925 δὲ
3023 2873 3050 2923 ὁ
3090 2868 3347 2929 τοιοῦτος,
3388 2867 3415 2917 6
3451 2863 3524 2932 μὴ
3557 2862 3637 2924 ὡς
3672 2860 3829 2921 ἰδίοις

2243 2971 2522 3045 προσέχων
2555 2970 2667 3032 τοῖς
2700 2963 2996 3037 παροῦσιν·
3033 2964 3060 3016 6
3092 2960 3183 3013 τοῦ
3220 2957 3449 3010 πλούτου
3490 2953 3588 3024 τὴν
3623 2952 3829 3023 χρῆσιν

2244 3043 2575 3131 πρόσκαιρον
2606 3056 2994 3125 ἐπιστάμενος’
3025 3052 3052 3104 ὁ
3075 3048 3166 3104 τοῦ
3201 3047 3450 3117 σώματος
3480 3043 3579 3114 τὴν
3603 3044 3826 3108 εὐεξίαν

2191 3195 2212 3216 ,
2243 3150 2598 3221 ὀλιγοχρόνιον
2631 3148 2797 3210 τιθείς
2822 3165 2836 3176 '
2869 3149 2896 3199 6
2925 3143 3204 3216 γνωρίζων
3236 3141 3334 3211 τῆς
3367 3136 3720 3209 ἀνθρωπίνης
3742 3135 3829 3188 δό-

2247 3242 2342 3312 ξης
2372 3241 2480 3312 (96)
2506 3243 2565 3294 τὸ
2599 3241 2758 3304 ἄνθος
2795 3239 3066 3293 ἀϐέϐαιον.
3120 3237 3212 3301 Τίς
3233 3230 3346 3289 οὖν
3366 3229 3727 3301 παροικήσει
3760 3229 3829 3280 ἐν·

2245 3334 2324 3399 τῷ
2351 3333 2694 3403 σκηνώματι
2721 3349 2836 3387 σου
2866 3348 2884 3395 ;
2915 3332 3182 3401 Σκήνωμα
3211 3327 3302 3380 τοῦ
3333 3325 3468 3379 Θεοῦ
3496 3326 3528 3395 ἡ
3563 3324 3697 3395 παρ’
3731 3325 3828 3375 αὖ·

2244 3425 2339 3478 τοῦ
2369 3425 2639 3496 δεδομένη·
2666 3424 2803 3495 σὰρξ
2839 3427 2905 3493 τῇ
2947 3421 3038 3474 τοῦ
3069 3417 3353 3488 ἀνθρώπου
3393 3417 3537 3486 ψυχῇ
3571 3417 3655 3478 είς
3686 3415 3826 3468 ἐνοί-

2245 3533 2403 3586 κησιν
2433 3515 2771 3585 ὀνομάζεται.
2819 3513 2914 3574 Τίς
2953 3512 3027 3572 ὼς
3059 3507 3312 3576 ἀλλοτρίᾳ
3357 3511 3423 3576 τῇ
3455 3508 3617 3576 σαρκὶ
3651 3507 3828 3577 ταύτῃ

2248 3606 2533 3676 προσέξει;
2573 3606 2782 3673 Ὥσπερ
2821 3606 2866 3655 oi
2908 3603 3177 3672 πάροικοι,
3207 3599 3488 3668 ἀλλοτρίαν
3527 3597 3823 3667 ἐκμισθοῦ-

2251 3711 2399 3763 μενοι
2444 3694 2552 3763 (97)
2603 3693 2724 3763 γῆν,
2761 3691 2896 3762 πρὸς
2935 3691 2995 3743 τὸ
3031 3689 3276 3760 βούλημα
3319 3687 3414 3741 τοῦ
3466 3687 3826 3750 ἐκδεδωκότος

2247 3785 2554 3856 γεωργοῦσι
2583 3785 2680 3856 τὴν
2714 3783 2928 3857 χώραν·
2967 3784 3107 3838 οῦτω
3132 3785 3222 3837 καὶ
3256 3784 3386 3854 ἡμῖν
3418 3781 3560 3835 κατὰ
3586 3797 3827 3850 συγγρα-

2250 3877 2407 3950 φὴνή
2441 3879 2538 3950 τῆς
2562 3879 2761 3951 σαρκὸς
2790 3878 3075 3950 ἐπιμέλεια
3096 3875 3472 3948 παραδέδοται,
3501 3873 3641 3926 ὥστε
3668 3890 3829 3944 προσ-

2249 3971 2487 4043 ηκόντως
2521 3973 2689 4044 αὐτὴν
2735 3972 3216 4042 φιλο-πονήσαντας,
3271 3967 3547 4038 ἔγκαρπον
3592 3966 3826 4019 ἀποδοῦο

2251 4082 2336 4117 ναι
2359 4063 2434 4134 τῷ
2459 4064 2728 4117 δεδωκότι.
2772 4063 2893 4116 Ἐὰν
2914 4063 2970 4115 δέ
3053 4061 3184 4114 Θεοῦ
3217 4058 3343 4123 ἀξία
3373 4061 3405 4128 ἡ
3435 4057 3589 4129 σὰρξ,
3617 4059 3826 4126 γίνεται

2249 4157 2326 4226 τῷ
2351 4159 2463 4210 ὄντι
2487 4157 2620 4209 Θεοῦ
2658 4158 2922 4225 σκήνωμα
2953 4154 3091 4206 κατὰ
3109 4153 3206 4222 τὴν
3233 4152 3503 4218 ἐνοίκησιν
3531 4151 3696 4204 αὐτοῦ
3729 4151 3826 4222 τὴν

2253 4249 2331 4310 εἰς
2359 4249 2483 4309 τους
2525 4246 2730 4312 ἁγίους.
2767 4244 3000 4314 Τοιαύτη
3036 4244 3090 4295 δέ
3122 4245 3268 4295 ἐστιν
3312 4243 3345 4312 ἡ
3375 4241 3469 4293 τοῦ
3503 4242 3818 4310 παροικοῦνο

2252 4355 2360 4400 τος.
2389 4338 2486 4390 Διὰ
2520 4338 2695 4398 τοῦτο,
2734 4339 2930 4406 Κύριε,
2965 4337 3057 4403 τίς
3087 4334 3440 4403 παροικήσει
3468 4335 3537 4386 ὲν
3562 4331 3642 4397 τῷ
3674 4350 3824 4396 σκη-

2253 4427 2474 4500 νώματι
2499 4444 2650 4493 σου;
2684 4426 2816 4483 Εἶτα
2839 4430 3085 4501 προκοπὴ
3115 4428 3206 4481 καὶ
3229 4427 3452 4498 πρόοδος
3472 4429 3503 4497 ἡ
3537 4426 3630 4478 ἐπὶ
3652 4425 3712 4478 τὸ
3735 4443 3824 4479 τε-

583 4526 752 4570 rester
786 4532 905 4570 cum
931 4529 1164 4570 montem
1196 4518 1363 4582 audit,
1390 4517 1454 4572 ad
1477 4517 1604 4572 Sion
1637 4521 1884 4573 recurrit.
1913 4518 2042 4583 Quis
2069 4532 2142 4570 re-

2253 4518 2541 4590 λειότερον.
2591 4521 2697 4573 Καὶ
2755 4519 2846 4586 τίς
2889 4516 3340 4586 κατασκηνώσει
3391 4517 3462 4569 ἐν
3507 4517 3626 4584 ὄρει
3683 4515 3825 4584 ἁγίῳ

583 4608 802 4676 quiescet
823 4607 878 4658 in
912 4617 1083 4660 monte
1116 4618 1294 4661 sancto
1319 4620 1407 4661 tuo
1435 4611 1459 4662 ?
1488 4609 1587 4676 Qui
1623 4610 1674 4663 in
1706 4626 1864 4666 carne
1894 4620 2149 4681 tanquam

584 4695 898 4766 peregrinus
920 4697 1203 4762 habitavit,
1221 4698 1273 4750 in
1299 4709 1478 4756 monte
1500 4710 1689 4755 sancto
1712 4711 1800 4754 tuo
1823 4703 2147 4772 requiescct.

2255 4626 2406 4675 σου;
2450 4613 2697 4675 Ἰουδαῖος
2731 4611 2828 4682 μὲν
2865 4613 2893 4664 6
2923 4613 3126 4682 γήῖνος,
3161 4611 3286 4663 ὅταν
3308 4608 3432 4679 ὅρος
3461 4608 3568 4676 (98)
3597 4607 3820 4678 ἀκούσῃ,

2257 4702 2393 4772 πρὸς
2427 4703 2525 4774 τὴν
2572 4701 2708 4754 Σιὼν
2762 4699 3070 4772 ἀποτρέχει.
3121 4701 3217 4765 Τίς
3259 4695 3714 4763 κατασκηνώσει
3759 4699 3825 4749 ἐι·-

655 4855 697 4884 ⁷⁸
716 4855 1210 4919 Psal.xnvm,15.
1284 4857 1403 4897 ⁷⁹οδο
1448 4856 1560 4911 Gen
1607 4857 2257 4923 xstlt,16;Act.vn,l6.

589 5024 714 5076 tur;
763 5023 860 5083 nec
900 5012 1056 5065 aliter
1094 5025 1367 5083 exponunt
1405 5015 1590 5069 Patres
1619 5015 1810 5070 Graeci.
1843 5015 1984 5070 Infra
2021 5032 2151 5071 mss.

587 5086 692 5136 duo
713 5081 858 5133 ὁσίου
891 5098 987 5146 pro
1017 5081 1190 5150 ἁγίου.

659 5149 866 5226 (92-93)
886 5151 1036 5226 Illud,
1051 5149 1198 5226 παρὰ
1222 5156 1321 5215 σοί,
1340 5157 1488 5208 deest
1505 5155 1557 5208 in
1575 5152 1840 5226 aliquibus
1855 5171 1981 5211 mss.
2000 5156 2153 5224 Apud

589 5219 730 5296 LXX
787 5219 950 5296 paulo
977 5219 1182 5296 aliter,
1215 5226 1474 5296 πάροικος
1518 5222 1628 5296 ὲγῲ
1669 5219 1819 5296 εἰμι-
1846 5228 1903 5276 ἐν
1918 5229 2006 5296 Ῠτῇ
2051 5219 2147 5296 γῇ,

589 5291 828 5365 iubete.
859 5292 1097 5365 Subinde
1123 5290 1480 5349 editio-Paris.
1513 5290 1758 5365 Ἀϐραὰμ⁴
1792 5290 1882 5364 ἦν.
1912 5290 2015 5348 Sed
2047 5290 2149 5350 ve"):

591 5355 926 5433 ﬁvnequeiin
954 5377 1082 5433 mss.
1121 5365 1404 5433 reperitur,
1436 5355 1690 5432 neque'in
1721 5355 1954 5418 ediiione
1989 5365 2150 5420 anil.

664 5429 772 5510 (94)
828 5432 940 5486 Vox
989 5429 1194 5510 ταύτῃ’
1223 5436 1373 5510 d_ee_st
1425 5434 1476 5510 i_u
1520 5429 1784 5510 plurimis
1842 5451 1970 5489 tuss.
2001 5437 2144 5510 ﬁlex

592 5504 840 5576 quinque
857 5516 983 5576 mss.
1021 5504 1218 5576 habent
1247 5504 1563 5576 δεξαμένην.
1593 5505 1696 5576 Alii
1739 5515 1969 5576 quatuor
1996 5505 2146 5570 δεξο-

595 5569 783 5640 μένην.
819 5569 1001 5642 Lectio
1025 5575 1170 5642 prior
1195 5569 1610 5631 favere'videtur
1640 5575 1727 5640 iis,
1757 5569 1845 5642 qui
1868 5575 1918 5628 id
1943 5569 2142 5628 dictum

593 5649 783 5762 putant
826 5645 891 5695 de
919 5640 1238 5722 .Abrahauto
1266 5664 1281 5700 :
1329 5645 1591 5713 posterior
1625 5647 1712 5708 iis,
1742 5640 1829 5714 qui
1855 5645 2148 5714 quemlibet

633 5724 862 5762 ommem
884 5725 966 5762 me
992 5724 1044 5762 et
1066 5717 1307 5762 religioso.
1330 5719 1593 5762 viventem
1626 5717 1725 5762 hnc.
1743 5715 1859 5762 loco
1878 5715 2145 5762 designari

596 5710 862 5835 ξρὲῃέροιη
883 5710 966 5780 pie
992 5724 1044 5767 et
1066 5717 1307 5785 religiose
1330 5710 1594 5772 viventem
1624 5717 1725 5772 hoc
1742 5710 1859 5771 loco
1873 5710 2145 5785 designari

699 5797 711 5833 ι
770 5796 834 5835 an
865 5797 945 5835 ur.

699 5796 945 5836 urantur.

2333 5014 2444 5082 (95)
2479 5014 2628 5083 Rugii
2657 5013 2847 5068 tertius
2884 5021 2938 5066 et
2978 5023 3163 5065 sextus
3192 5010 3389 5063 εἰδέναι
3426 5012 3603 5065 πάντα
3642 5011 3822 5065 πιστὸν

2261 5087 2624 5278 τηῖθῐῇιὲἓίιι.
2667 5162 2890 5220 quartus
2925 5150 3139 5219 φύσεως
3171 5167 3267 5218 pro
3295 5151 3472 5222 δόξης.
3514 5149 3629 5203 Non
3666 5150 3824 5204 multo

2263 5237 2380 5278 nost
2450 5239 2532 5278 ea.
2563 5221 2787 5276 etColb.
2820 5231 3046 5278 quartus
3070 5223 3153 5278 τίς
3185 5221 3242 5275 δὲ
3271 5223 3367 5278 ὡς.

2263 5221 2380 5294 poSt
2401 5221 2532 5292 Reg.
2563 5221 2787 5276 etColb.
2820 5231 3046 5294 quartus
3070 5223 3153 5294 τίς
3185 5221 3242 5275 δὲ
3271 5223 3367 5285 ὡς.

2333 5296 2442 5366 (97)
2468 5290 2611 5366 Reg.
2632 5293 2903 5366 secundus
2931 5300 2984 5366 et
3009 5291 3161 5366 Cplb.
3193 5303 3379 5346 sextus
3403 5290 3820 5366 ἐκμισθωσάμε-

2262 5361 2362 5419 vet.
2404 5361 2600 5418 Ibidem
2632 5361 2825 5433 legitur
2853 5361 2905 5433 in
2945 5361 3150 5433 duobus
3180 5361 3817 5433 mss._cpt).omvﬁsa~rsz;.

2254 5437 2355 5488 Alii
2392 5449 2522 5488 mss.
2562 5428 2761 5487 habent
2790 5428 3277 5506 φιλοπονήσαντας.
3300 5428 3412 5486 Hoc
3454 5433 3568 5500 ipso
3596 5428 3662 5486 'in
3713 5433 3820 5506 loco

2254 5508 2489 5590 quinque
2509 5517 2633 5558 mss.
2668 5501 3027 5574 παραδοῦναι.
3056 5505 3161 5557 Alii
3192 5515 3303 5556 tres
3343 5517 3473 5557 mss.
3514 5519 3637 5557 cutn
3666 5503 3816 5556 editis

2253 5574 2562 5627 ἀποδοῦναι.

2254 5715 2265 5718 _
2323 5645 2435 5714 (98)
2464 5642 2610 5718 Mulli
2642 5659 2773 5699 mss.
2802 5654 2856 5699 et
2885 5644 3012 5718 editi
3040 5642 3182 5718 δρος.
3211 5641 3316 5718 Alii
3351 5644 3666 5718 tres_6pouc.
3693 5638 3819 5718 Pau-

2254 5715 2304 5767 lo
2334 5711 2474 5782 'po‘st
2517 5715 2622 5772 duo
2655 5732 2783 5774 mss.
2835 5716 2946 5769 ὁδε
3000 5711 3087 5785 τῇ.
3150 5714 3388 5770 Subinde
3440 5711 3546 5770 duo
3600 5711 3818 5772 mssqu

2253 5782 2526 5854 ἀλλοτρίᾳ.
