4062 6506
244 391 383 445 251'-

1429 389 1711 444 ΠΟΜΙΙΛΑ
1746 391 1764 444 I
1802 390 1866 445 IN
1909 387 2235 444 PSALMUM
2267 392 2405 448 XIV.

3425 399 3529 454 ΞΜ

246 507 349 573 τῷ
391 508 513 576 ὄρει
553 506 633 570 τῷ
661 506 804 576 (irim
824 523 975 572 0’01);
1022 508 1078 560 '0
1117 511 1182 578 τῇ
1227 509 1391 580 σαρκὶ
1433 511 1772 580 παροικήσας
1806 512 1830 562 ὲ

1968 507 2116 563 Mons
2152 507 2240 560 ille
2293 509 2462 562 locum
2505 509 2809 572 emlestem,
2845 506 3176 576 splendidum
3227 518 3279 562 et
3318 513 3530 578 conspi-

247 598 345 669 τῷ
412 598 555 666 ἁγίῳ
608 597 722 668 δρει
787 598 1218 669 κατασκηνώσει.
1272 603 1435 672 Ὄρος
1503 601 1698 662 ἐκεῖνο,
1756 603 1856 672 τὴν

251 688 670 760 ὑπξρουράνιον
718 688 918 758 χώραν,
964 690 1062 759 τὴν
1111 693 1379 761 περιφανῆ
1427 690 1522 743 καὶ
1552 690 1845 761 λαμπράν·

254 781 406 849 περὶ
459 774 519 835 οὗ
570 783 597 832 6
653 779 970 842 Ἀπόστολος
1021 779 1188 848 λέγει,
1231 781 1311 833 ὃτι
1357 782 1853 849 Προσεληλύθατε

1963 613 2118 652 cuum
2157 598 2444 669 signiﬁcat,
2475 601 2539 654 de
2590 614 2698 671 quo
2745 597 3033 666 Apostolus
3077 600 3195 653 ait:
3228 602 3530 656 Accessistis

1963 692 2030 743 ad
2065 692 2194 746 Sion
2252 699 2498 755 montem,
2526 703 2572 744 et
2623 693 2882 747 civitatem
2912 690 3008 744 Dei
3041 693 3284 754 viventis,
3320 693 3532 747 ,Ιει-ιι-ιι-

1959 781 2058 835 lem
2097 783 2370 846 calestem,
2409 782 2460 835 in
2506 797 2605 849 qua
2648 793 2733 839 est
2772 783 3056 838 celebritas
3105 785 3446 852 angelorum,
3475 794 3529 839 et

255 871 431 924 Σιὼν
460 873 600 941 ὄρει,
651 872 747 923 καὶ
789 874 960 926 πόλει
1002 873 1147 927 Θεοῦ
1189 872 1421 939 ζῶντος,
1466 873 1830 942 Ἰερουσαλὴμ

1963 873 2197 927 Ecclesia
2216 875 2620 940 primitivorum,
2649 877 2735 943 qui
2762 875 3045 945 conscripti
3076 888 3193 930 sunt
3227 879 3278 930 in
3307 877 3525 934 ralis“.

256 967 640 1035 ἐπουρανίῳ,
700 967 755 1016 ἐν
935 968 1242 1036 πανήγυρις
1302 964 1578 1034 ἀγγέλων,
1643 965 1736 1018 καὶ
1808 964 2100 1035 Ἐκκλησία
2174 968 2557 1034 πρωτοτόκων
2614 966 3151 1042 ἀπογεγραμμένων
3209 970 3278 1022 ἐν
3349 971 3523 1037 οὐρα-

255 1079 425 1124 νοις.

338 1153 396 1206 2.
465 1151 631 1205 Ἐπάν
696 1149 787 1205 οὖν
838 1169 916 1212 τις
982 1148 1222 1220 παρέλθῃ
1277 1148 1374 1219 τὴν
1424 1149 1600 1220 σάρκα
1647 1151 1850 1219 ταύτην

259 1247 644 1318 ἀπροσπαθῶς
682 1247 754 1306 ὡς
789 1243 1071 1314 ἀλλοτρίαν
1115 1243 1412 1314 παροικῶν,
1465 1248 1558 1297 καὶ
1600 1245 1706 1314 (99)
1749 1245 1848 1314 οὐχ

257 1339 342 1404 ὡς
382 1341 517 1400 ἰδίας
550 1336 931 1406 ἐξηρτημένος,
965 1331 1134 1401 οὗτος,
1171 1337 1256 1391 διὰ
1289 1339 1347 1390 τὸ
1385 1337 1654 1408 νεκρῶσαι
1679 1336 1845 1390 αὑτοῦ

259 1431 334 1481 τά
365 1427 506 1496 μέλη
542 1425 608 1477 τά
635 1427 726 1478 ἐπὶ
754 1426 854 1495 τῆς
888 1428 1008 1497 γῆς,
1037 1427 1125 1479 τὸν
1160 1429 1430 1496 ἀγιασμὸν
1472 1429 1842 1501 κατορθώσας,

262 1518 420 1581 ἄξιός
457 1519 570 1570 ἐστι
602 1517 702 1587 τῆς
734 1520 790 1570 ἐν
824 1519 898 1588 τῷ
927 1519 1063 1587 ἁγίῳ
1093 1518 1206 1588 ὄρει
1232 1519 1726 1588 κατασκηνώσεως·
1777 1515 1844 1589 ἧς

263 1609 556 1681 ἐπιθυμῶν
585 1611 612 1662 6
661 1610 958 1682 Ψαλμῳδὸς
1002 1609 1203 1678 ἔλεγεν,
1244 1609 1324 1662 ὅτι
1365 1611 1746 1678 Διελεύσομαι
1777 1612 1846 1664 ἐν

263 1700 432 1765 τόπῳ
464 1701 699 1772 σκηνῆς
741 1698 1120 1769 θαυμαστῆς·
1172 1699 1264 1753 καὶ
1294 1699 1376 1765 τὸ,
1438 1699 1530 1764 Ὡς
1571 1701 1844 1767 ἀγαπητὰ

265 1793 340 1847 τὰ
379 1792 740 1860 σκηνώματα
771 1809 905 1856 σου,
944 1794 1118 1860 Κύριε
1162 1791 1279 1845 τῶν
1319 1791 1650 1860 δυνάμεων.
1703 1793 1846 1844 Ἐκεῖ

2020 1145 2074 1199 2.
2109 1145 2398 1213 Postquam
2432 1146 2593 1214 igitur
2626 1147 2894 1217 quispiam
2948 1153 3047 1206 hac
3082 1164 3246 1205 carne
3286 1153 3435 1218 quasi
3469 1154 3520 1209 in

1951 1244 2261 1291 transcursu
2308 1236 2439 1290 citra
2467 1235 2716 1291 aﬂ‘ectum
2748 1253 2876 1294 usus
2913 1251 3014 1300 est.
3053 1257 3168 1295 eam
3201 1256 3258 1296 ιιι
3294 1243 3522 1298 alienam

1949 1323 2209 1390 incolens,
2251 1342 2349 1382 nec
2398 1326 2445 1381 ei
2486 1337 2542 1380 ut
2585 1330 2812 1397 prapria:
2856 1330 3104 1393 deditus,
3150 1333 3195 1385 is
3240 1345 3521 1404 propterea

1950 1416 2093 1483 quod
2123 1431 2218 1469 sua
2248 1419 2510 1484 membra,
2547 1433 2664 1488 qua:
2693 1428 2816 1473 sunt
2843 1436 3002 1488 super
3031 1432 3259 1486 terram,
3299 1428 3524 1482 mortiﬁ-

1951 1507 2173 1572 cavit“,
2206 1509 2551 1579 exercuitque
2580 1510 3014 1576 sanctimoniam,
3033 1514 3227 1583 dignus
3253 1520 3442 1584 estqui
3469 1520 3519 1572 in

1951 1607 2130 1650 monte
2160 1608 2348 1650 sancto
2379 1601 2699 1668 requiescat,
2720 1599 2869 1670 cujus
2897 1604 3094 1670 requiei
3127 1605 3352 1672 cupidus
3373 1605 3524 1660 Psal-

1952 1688 2107 1741 mista
2139 1688 2385 1742 dicebat:
2422 1688 2674 1744 Transibo
2709 1694 2762 1745 in
2801 1694 2971 1746 locum
3000 1694 3321 1749 tabernaculi
3354 1698 3523 1750 admi-

1953 1780 2130 1834 rabilis
2149 1781 2228 1843 ⁸³ς
2254 1791 2340 1833 et:
2370 1780 2538 1845 Quam
2570 1784 2757 1836 dilecta
2792 1786 3125 1840 tabernacula
3160 1797 3270 1853 tua,
3305 1788 3523 1844 Domine

264 1887 419 1956 ἡμᾶς
449 1883 541 1935 καὶ
570 1886 602 1953 ἡ
633 1883 765 1953 πρὸς
808 1885 931 1946 τοὺς
969 1885 1192 1954 πλησίον
1222 1884 1296 1956 τῷ
1323 1885 1461 1957 λόγῳ
1497 1884 1712 1956 ἐκείνης
1745 1885 1830 1956 τῆς

1945 1873 2187 1925 virtutum
2215 1872 2287 1926 3"!
2311 1873 2420 1929 Illic
2467 1876 2620 1929 nobis
2643 1886 2695 1928 et
2730 1879 2957 1945 proximi
2995 1895 3184 1944 amor,
3220 1882 3308 1949 qui
3358 1897 3519 1935 causa

266 1981 326 2032 ὲν
349 1977 428 2047 τῷ
459 1977 572 2044 ὄρει
605 1973 1092 2045 κατασκηνώσεως,
1136 1977 1230 2027 καὶ
1271 1978 1303 2046 ἡ
1332 1979 1394 2029 ὲκ
1423 1977 1514 2029 τοῦ
1561 1976 1842 2047 μαμμωνᾶ

265 2071 369 2140 τῆς
409 2068 621 2132 ἀδικίας
662 2069 915 2138 γινομένη
953 2066 1103 2135 φιλία
1147 2066 1220 2136 (I)
1267 2072 1615 2137 κατασκηνοῖ.
1666 2067 1841 2134 Ποιή-

273 2179 427 2216 σατε
460 2162 568 2232 τὰρ
602 2159 835 2224 ἑαυτοῖς
868 2160 1084 2228 φίλους
1129 2159 1196 2212 ἐκ
1240 2159 1346 2211 τοῦ
1394 2159 1684 2226 μαμμωνᾶ
1731 2160 1840 2226 τῆς

276 2256 532 2323 ἀδικίας,
581 2256 700 2318 ἵνα,
767 2253 909 2306 ὅταν
965 2251 1279 2319 ἐκλίπητε,
1338 2248 1622 2313 δέξωνται
1686 2250 1840 2318 ὑμᾶς

270 2351 359 2416 εὶς
405 2349 510 2415 τὰς
564 2347 838 2412 αἰωνίους
876 2343 1129 2410 σκηνάς.
1171 2344 1304 2413 Περὶ
1336 2342 1546 2412 ἐκείνης
1589 2342 1686 2412 τῆς
1728 2342 1840 2394 δια-

271 2442 461 2510 γωγῆς
491 2443 519 2493 6
551 2440 752 2510 Κύριος
786 2440 843 2491 ἐν
884 2435 1045 2506 εὐχῆς
1079 2435 1204 2487 εἴδει
1248 2435 1397 2502 ἔλεγε
1439 2435 1498 2486 τὸ
1532 2434 1629 2504 (⁸2),
1659 2435 1839 2504 Πάτερ

273 2535 416 2600 ἆγιε,
450 2533 537 2595 δὸς
573 2533 678 2594 ἵνα,
712 2531 843 2583 ὅπου
875 2526 981 2598 ἐγώ
1001 2529 1134 2597 εἰμι,
1164 2527 1256 2578 καὶ
1285 2527 1437 2579 αὐτοὶ
1461 2520 1579 2578 ὦσι.
1609 2526 1838 2589 Σπάνιος

272 2627 365 2680 καὶ
407 2625 435 2676 6
463 2622 734 2695 παροικῶν
763 2624 819 2673 ἐν
843 2621 920 2692 τῷ
947 2619 1176 2690 σώματι,
1220 2619 1314 2671 καὶ
1343 2621 1368 2670 6
1397 2618 1750 2689 κατασκηνῶν
1780 2620 1837 2671 ἐν

270 2717 347 2788 τῷ
379 2717 512 2788 ὄρει.
566 2713 664 2767 Διά
705 2711 861 2764 τοῦτο
907 2714 980 2775 ὡς
1021 2710 1240 2785 ἀπορῶν
1279 2710 1307 2762 6
1337 2710 1491 2777 λόγος
1533 2710 1702 2779 φησί·
1744 2712 1838 2774 Τίς

271 2807 656 2878 παροικήσει;
705 2805 818 2867 καὶ,
874 2804 964 2866 Τίς
986 2799 1475 2870 κατασκηνώσει;
1507 2800 1582 2863 ὡς
1630 2799 1709 2864 τὸ,
1743 2800 1838 2865 Τίς

271 2905 419 2970 ἔγνω
446 2899 595 2952 νοῦν
630 2894 886 2962 Kvplov;
921 2892 1013 2943 καὶ
1052 2892 1130 2952 τὸ,
1185 2893 1278 2957 Τίς
1318 2889 1636 2960 ἀναγγελεῖ
1676 2888 1833 2957 ὑμῖν,

271 2995 357 3048 ὅτι
382 2993 497 3060 πῦρ
528 2992 786 3054 καιἐται;
836 2988 926 3038 καὶ
963 2984 1043 3048 τὸ,
1089 2986 1183 3048 Τίς
1216 2985 1532 3054 ἀναγγελεῖ
1559 2983 1701 3053 ὑμῖν
1731 2982 1837 3036 τὸν

271 3089 452 3140 τόπον
476 3085 580 3136 τὸν
608 3080 843 3134 αἰώνιον
855 3093 875 3141 ;
915 3077 1008 3129 καὶ
1050 3075 1130 3138 τὸ,
1171 3075 1266 3141 Τίς
1296 3075 1407 3142 ἄρα
1435 3079 1465 3128 ό
1495 3076 1705 3141 πιστὸς
1737 3076 1832 3128 καὶ

270 3179 550 3247 φρόνιμος
581 3175 928 3241 οἰκονόμος;
987 3167 1139 3238 Τάχα
1186 3167 1241 3220 δὲ
1296 3167 1390 3219 καὶ
1428 3167 1835 3237 ἐρωτηματικόν

1950 1966 2147 2032 requiei
2176 1966 2314 2022 illius
2346 1969 2396 2021 in
2449 1978 2626 2020 monte
2661 1967 2896 2024 fruenda?
2943 1973 3249 2039 exhibetur,
3292 1983 3522 2031 etamor

1947 2059 2034 2126 qui
2063 2074 2125 2111 ex
2158 2075 2458 2114 mammona
2506 2060 2804 2129 iniquitatis
2836 2064 3090 2130 nascitur,
3132 2067 3518 2122 habitationem

1946 2151 2164 2218 praebet.
2202 2149 2383 2203 Facite
2412 2152 2548 2204 enim
2579 2150 2719 2205 vobis
2756 2155 2952 2207 amicos
2989 2157 3052 2208 de
3087 2173 3381 2211 mammona
3414 2160 3519 2213 ini-

1943 2245 2193 2311 quitatis,
2228 2255 2280 2296 ut
2315 2260 2429 2296 cum
2477 2245 2786 2313 defeceritis,
2822 2247 3070 2314 recipiant
3120 2263 3204 2301 vos
3236 2249 3291 2302 in
3325 2261 3519 2304 (eterna

1946 2333 2282 2386 tabernacula
2314 2333 2380 2386 ⁸⁵.
2447 2334 2519 2388 De
2592 2337 2690 2390 hac
2762 2339 3186 2393 commoratione
3264 2339 3520 2396 Dominus

1944 2439 2040 2494 per
2064 2428 2275 2478 modum
2330 2428 2578 2493 precandi
2629 2430 2702 2480 ait
2732 2447 2744 2481 :
2772 2429 2931 2483 Pater
2981 2442 3186 2498 sancte,
3219 2435 3305 2500 da,
3341 2443 3397 2486 ut
3425 2434 3514 2490 ubi

1944 2532 2063 2570 sum
2110 2531 2229 2586 ego,
2279 2527 2333 2569 et
2371 2517 2443 2570 illi
2500 2517 2609 2571 sint
2643 2518 2708 2572 ⁸⁸.
2743 2519 2916 2574 Rarus
2967 2532 3144 2575 autem
3189 2533 3299 2577 tum
3333 2525 3422 2594 qui
3461 2525 3514 2580 in

1943 2623 2167 2678 corpore
2197 2617 2450 2677 tauquam
2500 2607 2670 2662 incola
2723 2610 2948 2674 habitat,
2995 2624 3104 2666 tum
3131 2613 3218 2683 qui
3253 2615 3304 2668 in
3337 2626 3515 2670 monte

1946 2701 2250 2767 requiescit.
2276 2700 2562 2768 Propterea
2590 2701 2869 2772 Scriptura
2901 2714 2959 2757 ut
2980 2704 3227 2759 dubitans
3257 2706 3363 2760 ait:
3387 2707 3514 2773 Quis

1941 2788 2397 2855 peregrinabitur?
2425 2799 2500 2852 et,
2537 2789 2668 2853 Quis
2708 2794 3035 2859 requiescet?
3080 2796 3258 2866 107'
3315 2799 3514 2864 Quem-

1943 2876 2227 2930 admodum
2273 2879 2436 2931 illud:
2479 2879 2605 2943 Quis
2635 2885 2868 2952 cognovit
2919 2896 3136 2939 mentem
3178 2887 3386 2941 Domini
3424 2890 3517 2944 3'?

1945 2967 2070 3021 Item
2106 2968 2272 3022 illud:
2303 2970 2432 3035 Quis
2467 2972 2797 3025 annuntiabit
2850 2976 2988 3028 vobis
3040 2977 3178 3045 quod
3230 2979 3365 3048 ignis
3421 2997 3513 3034 ar-

1941 3060 2023 3111 det
2040 3058 2085 3090 ⁸⁸
2114 3059 2136 3112 ?
2170 3059 2232 3112 Et
2259 3059 2383 3114 illud
2419 3076 2430 3112 :
2466 3060 2597 3126 Quis
2635 3065 2966 3118 annuntiabit
2993 3068 3132 3122 vobis
3163 3069 3333 3123 locum
3361 3083 3513 3125 a’ter-

1942 3165 2064 3202 num
2092 3149 2137 3179 ⁸³
2167 3148 2190 3202 ?
2225 3157 2297 3214 et,
2332 3147 2481 3216 Quis,
2512 3161 2690 3219 putas,
2730 3151 2901 3219 ﬁdelis
2933 3163 3048 3219 est,
3078 3165 3125 3207 et
3169 3157 3394 3225 prudens
3428 3160 3512 3211 di-

268 3272 384 3322 ὲστι
425 3268 501 3333 τὸ,
550 3267 663 3332 Τίς,
704 3265 777 3328 ὡς
811 3263 1099 3334 ἀπόκρισιν
1145 3258 1524 3329 ἐπιζητοῦντος
1559 3260 1710 3330 παρά
1742 3261 1830 3314 τοῦ

1939 3261 2314 3330 spensator”?
2355 3261 2606 3318 Fortasse
2654 3274 2829 3319 autem
2867 3275 2922 3320 et
2971 3265 3121 3332 illud,
3159 3267 3311 3332 Quis,
3347 3269 3513 3324 inter.

268 3359 466 3430 Κυρίου
497 3357 589 3410 τοῦ
625 3356 800 3424 ἁγίου,
835 3347 880 3422 ᾧ
909 3352 1232 3421 διαλέγεται.
1259 3350 1400 3420 Πρὸς
1428 3349 1484 3402 ὃν
1516 3351 1548 3420 ἠ
1575 3350 1692 3402 θεία
1722 3367 1833 3417 φω-

267 3454 352 3522 νὴ,
387 3452 580 3504 λύουσα
625 3448 684 3500 τὸ
732 3445 1083 3517 ἐπερώτημα,
1118 3445 1170 3497 τί
1206 3461 1366 3516 φησι;
1421 3443 1826 3511 Πορευόμενος

267 3544 517 3613 ἄμωμος,
557 3539 652 3592 καὶ
689 3535 1072 3606 ἐργαζόμενος
1110 3537 1521 3603 δικαιοσύνην.
1573 3535 1636 3587 Εἰ
1679 3537 1833 3604 ἄμω-

270 3633 368 3704 μὸς
396 3633 538 3684 ἐστιν
569 3632 596 3681 6
652 3626 876 3699 μηδενὸς
915 3626 1022 3678 τῶν
1055 3626 1275 3694 ἀγαθῶν
1308 3626 1553 3695 ἐλλιπὴς,
1597 3624 1703 3678 ἀπὸ
1729 3624 1832 3676 πά-

272 3745 367 3797 σης
390 3725 583 3786 κακίας
612 3721 922 3784 ἀπταίστως
952 3719 1042 3773 τὸν
1077 3719 1186 3789 βίον
1223 3718 1412 3772 ἑαυτοῦ
1445 3718 1725 3786 διεξάγων,
1755 3717 1832 3769 τί-

269 3839 332 3874 να
352 3820 457 3890 ἔχει
485 3817 618 3889 πρὸς
641 3816 729 3869 τὸν
751 3813 1004 3868 ποιοῦντα
1027 3811 1366 3882 δικαιοσύνην
1390 3811 1679 3881 διαφοράν;
1707 3805 1830 3880 'Ap’

266 3909 356 3965 ὧν
390 3912 476 3963 τὸν
513 3910 673 3962 αὑτὸν
705 3908 826 3961 νοῦν
859 3910 916 3959 ὲν
940 3906 1144 3969 διπλοῖς
1178 3907 1414 3978 ῥήμασιν
1459 3903 1789 3972 ἀπαγγέλλει
1813 3921 1828 3935 ’

268 4005 666 4072 Πορευόμενος
692 4000 950 4067 ἄμωμος,
974 3999 1071 4050 καὶ
1105 3997 1488 4068 ἐργαζόμενος
1518 3998 1589 4066 (5)
1612 3997 1830 4049 δικαιο-

265 4099 489 4164 σύνην;
527 4096 595 4147 Ἢ
631 4092 764 4146 ἰδίαν
802 4092 922 4144 τινὰ
959 4091 1194 4143 διάνοιαν
1229 4091 1486 4161 ἑκάτερον
1524 4090 1632 4142 τῶν
1676 4092 1828 4160 εἰρη-

269 4187 436 4259 μένων
466 4185 826 4255 napis-rnatu;
863 4182 950 4234 ἵνα
1055 4182 1081 4234 6
1114 4180 1211 4251 μὲν
1246 4180 1473 4250 ἄμωμος
1514 4182 1541 4231 6
1571 4179 1711 4232 κατά
1739 4180 1828 4232 τὸν

266 4277 321 4328 ὲν
370 4271 590 4344 κρυπτῷ
633 4270 917 4341 ἄνθρωπον
964 4271 1042 4332 εἰς
1089 4271 1267 4322 πᾶσαν
1310 4268 1587 4320 τελείωσιν
1628 4269 1828 4340 ἀρετῆς

265 4362 675 4434 ἀπηρτισμένος,
733 4361 760 4411 6
808 4358 863 4410 δὲ
917 4357 1280 4429 ἐργαζόμενος
1320 4355 1662 4425 δικαιοσύνην
1710 4357 1737 4406 6
1769 4359 1827 4406 τὸ

266 4454 554 4526 πρακτικὸν
589 4451 782 4506 ἑαυτοῦ
816 4450 904 4504 διὰ
933 4450 1039 4503 τῶν
1067 4446 1391 4517 σωματικῶν
1423 4445 1708 4517 ἐνεργειῶν
1734 4462 1820 4497 τε-

263 4545 429 4598 λειῶν.
465 4547 554 4596 Δεῖ
586 4543 692 4614 γάρ
725 4544 785 4594 οὺ
828 4541 984 4611 μόνον
1017 4541 1188 4592 ποιεῖν
1228 4538 1326 4610 τὴν
1352 4537 1564 4591 δικαίαν
1604 4536 1818 4608 πρᾶξιν,

1939 3354 2177 3421 rogative
2236 3354 2472 3418 dicitur,
2520 3355 2672 3423 quasi
2735 3370 3047 3424 responsum
3117 3360 3424 3429 exquireret
3477 3377 3507 3416 a

1936 3441 2163 3497 Domino
2195 3453 2402 3509 sancto,
2430 3444 2495 3497 ad
2529 3458 2686 3514 quem
2717 3444 2970 3515 loquitur.
2994 3447 3090 3502 Cui
3125 3452 3249 3518 quid
3284 3466 3506 3520 respon-

1934 3533 2023 3586 det
2057 3533 2235 3588 diviua
2264 3551 2387 3600 vox,
2416 3538 2766 3605 quzestionem
2807 3539 3021 3618 solvens
3061 3541 3084 3593 ?
3119 3540 3277 3598 Vsus.
3317 3543 3370 3601 2.
3395 3544 3498 3610 Qui

1933 3630 2226 3699 ingreditur
2271 3631 2384 3685 sine
2437 3632 2666 3696 macula,
2697 3643 2744 3687 et
2790 3635 3338 3704 operaturjuslitiam.
3369 3638 3422 3693 Si
3461 3641 3506 3694 is

1933 3717 2021 3785 qui
2055 3716 2200 3770 nullo
2223 3718 2362 3772 bono
2391 3728 2556 3784 caret,
2581 3729 2634 3773 et
2657 3735 2807 3775 suam
2833 3722 2996 3789 ipsius
3020 3726 3183 3778 vitam
3208 3727 3325 3779 sine
3350 3729 3493 3783 nullo

1929 3816 2149 3877 peccato
2179 3809 2441 3864 inoll‘ense
2468 3811 2736 3880 transigit,
2776 3813 2891 3866 sine
2931 3813 3136 3868 macula
3161 3825 3274 3879 est;
3305 3818 3354 3872 in
3401 3834 3507 3889 quo

1929 3900 1996 3954 ab
2021 3916 2086 3955 eo
2114 3902 2203 3970 qui
2234 3902 2499 3971 justitiam
2531 3902 2680 3968 facit,
2724 3904 2901 3958 diﬂert
2931 3905 3111 3960 ?Num
3156 3909 3319 3979 igitur
3349 3927 3501 3965 eum-

1928 3991 2048 4045 dem
2103 4005 2318 4044 sensum
2365 3992 2608 4045 enuntiat
2658 3993 2954 4062 duplicibus
3003 3997 3181 4051 verbis
3219 4017 3232 4051 :
3268 3997 3369 4063 Qui
3417 4001 3502 4052 in-

1926 4083 2164 4151 greditur
2185 4083 2293 4135 sine
2333 4084 2628 4147 macula,et
2660 4097 2902 4153 operatur
2924 4088 3236 4155 justitiam?
3269 4089 3348 4142 Au
3385 4106 3502 4159 pro-

1928 4175 2096 4243 priam
2148 4175 2434 4243 quamdam
2468 4178 2913 4247 signiﬁcationem
2947 4180 3167 4233 verbum
3201 4190 3488 4251 utrumque

1927 4264 2142 4334 prtel‘ert
2161 4266 2183 4318 ?
2205 4269 2337 4321 adeo
2363 4277 2420 4320 ut
2447 4268 2492 4322 is
2516 4268 2587 4320 sit
2615 4269 2731 4322 sine
2762 4268 2989 4334 macula,
3024 4271 3113 4341 qui
3156 4271 3300 4326 oumi
3329 4273 3500 4326 virtu-

1927 4357 1994 4409 tis
2019 4358 2348 4424 perfectione
2373 4358 2646 4413 absolutus
2679 4371 2761 4413 est
2798 4364 3089 4416 secundum
3122 4365 3497 4417 absconditum

1925 4449 2219 4510 hominem,
2258 4450 2346 4504 ille
2388 4465 2515 4504 vero
2562 4462 2812 4520 operetur
2845 4452 3140 4522 justitiam,
3180 4455 3272 4522 qui
3311 4451 3497 4524 agendi

1927 4542 2034 4593 vim
2073 4557 2169 4610 per
2201 4543 2509 4611 corporales
2556 4544 2795 4598 actiones
2845 4545 3076 4613 perlicit.
3104 4545 3323 4614 Oportet
3357 4548 3495 4600 enim

262 4638 388 4691 άλλά
430 4637 520 4690 καὶ
547 4613 990 4695 ἀπὸνδιαθέσεως
1032 4630 1245 4693 δικαίας
1293 4629 1654 4700 ἐργάζεσθαι·
1692 4630 1830 4683 κατὰ

1937 4647 2040 4686 non
2069 4632 2238 4686 solum
2272 4635 2466 4687 bonum
2497 4649 2629 4701 Opus
2659 4633 2969 4698 facere,st
2999 4637 3161 4689 etiam
3195 4638 3317 4692 illud
3351 4638 3498 4707 justo

263 4731 318 4783 τὸ
366 4728 669 4800 εἰρημένον,
722 4727 803 4778 ὅτι
864 4724 1108 4786 Δικαίως
1167 4722 1231 4775 τὸ
1271 4721 1504 4775 δίκαιον
1555 4720 1819 4788 διώξεις·

925 4903 969 4933 ⁸³
1007 4901 1212 4954 Coloss.
1268 4915 1324 4952 In
1349 4939 1362 4958 .
1397 4898 1450 4951 5.

999 4972 1044 5004 ⁸⁸
1074 4971 1174 5025 Isa.
1203 4986 1390 5033 xxxut,
1424 4968 1506 5023 Μ.

336 4907 374 4936 ⁸¹
405 4907 561 4958 Ilebr.
610 4921 707 4964 xu.
761 4904 850 4958 2'2.

262 4993 363 5038 xw,
394 4979 443 5029 5.
515 4978 557 5006 ⁸⁷
590 4976 690 5032 Ιειει.
721 4991 805 5038 ιιι,
839 4973 923 5028 15.
999 4972 1044 5004 ⁸⁸
1074 4971 1174 5025 lsu.
1203 4986 1390 5033 xxxut,
1424 4968 1506 5023 Μ.
1583 4968 1627 4999 ⁸³
1659 4971 1788 5024 ibid.

326 5151 429 5219 (‘99)
482 5151 573 5204 Sic
630 5166 755 5202 mss.
814 5149 1054 5219 plerique
1091 5162 1316 5219 omnes.
1382 5147 1537 5219 Deest
1595 5147 1691 5219 καί
1754 5149 1804 5219 iu

257 5215 422 5275 editis.
471 5219 662 5274 Statim
715 5215 829 5282 illa,
869 5215 980 5281 ἕως
1020 5217 1114 5270 τοῦ
1170 5215 1317 5270 οἴκου
1362 5215 1457 5268 τοῦ
1503 5216 1660 5277 Θεοῦ,
1712 5218 1807 5269 atl-

254 5292 384 5359 jetzta
443 5302 566 5344 sunt.
645 5291 698 5342 in
760 5290 889 5358 Reg.
946 5291 1101 5342 tertio
1160 5297 1527 5359 postnvocem
1587 5286 1805 5357 θαυμα-

259 5357 380 5429 στῆς
413 5377 424 5411 :
471 5362 564 5413 sed
617 5360 717 5413 hoc
738 5357 969 5429 rvidetur
1001 5373 1204 5412 merum
1233 5357 1652 5429 additamentum
1684 5371 1802 5408 esse

257 5425 399 5484 otiosi
431 5430 706 5496 cujusdam
737 5428 969 5493 librarii;
1006 5444 1177 5496 eoque
1197 5425 1386 5495 magis,
1424 5428 1563 5492 quod
1588 5443 1647 5479 ea
1685 5442 1803 5493 qute

256 5500 624 5568 exscripsimus
668 5499 827 5551 verba
881 5500 932 5550 in
981 5498 1101 5551 aliis
1148 5507 1353 5568 septem
1407 5510 1537 5548 mss.
1601 5497 1798 5568 desint.

259 5566 606 5639 IIautI‘Iouge
665 5569 716 5621 in
770 5569 974 5623 duobus
1031 5583 1158 5621 Inss.
1217 5566 1431 5618 additur
1481 5566 1645 5634 φησίν
1684 5576 1803 5634 post

258 5641 468 5701 ἑαυτοῖς.

323 5708 389 5780 (1)
418 5708 522 5780 Καὶ
547 5710 652 5774 ἡ...
679 5707 873 5780 φιλία.
914 5705 1104 5780 Verte,
1121 5716 1166 5757 et
1198 5715 1500 5780 comparata
1536 5721 1600 5759 ex
1635 5721 1800 5780 mam-

258 5775 399 5831 mona
428 5779 713 5846 iniquitatis
747 5780 1002 5839 amicitia,
1055 5776 1107 5828 id
1140 5785 1240 5836 est,
1266 5775 1422 5846 amici
1461 5791 1596 5844 quos
1641 5775 1795 5830 nobis

261 5849 463 5904 Iacimus
492 5843 558 5902 ex
591 5863 891 5904 mammona
917 5846 1239 5917 iniquitatis.
1264 5843 1476 5901 Meam.

1552 4899 1596 4928 ⁸³
1628 4899 1768 4952 Psal.
1801 4915 1910 4953 xu.
1945 4900 1998 4952 5.

1881 4941 1927 5003 ’i"
1965 4971 2094 5024 Luc.
2123 4985 2216 5033 xu,
2249 4970 2335 5021 42.

1931 4733 2187 4792 rectoque
2207 4725 2385 4778 animo
2411 4739 2588 4793 agere,
2616 4723 2767 4792 juxta
2798 4725 2847 4779 id
2869 4728 3006 4795 quod
3027 4728 3226 4783 dictum
3255 4741 3335 4784 est
3361 4748 3374 4782 :
3398 4731 3495 4784 Ju-

2074 4899 2119 4931 ⁸²
2160 4898 2301 4951 Psal.
2338 4913 2562 4961 LX\Xttt,
2593 4899 2647 4951 ἓ.
2750 4901 2794 4932 ³⁸
2821 4899 2950 4955 Luc.
3003 4917 3112 4966 xvi,
3139 4902 3192 4957 9.
3270 4902 3491 4957 l“‘Joau.

1985 5146 2060 5216 (2)
2108 5145 2234 5200 Mss.
2269 5156 2501 5216 quatuor
2531 5161 2660 5216 uno,
2686 5147 2848 5199 verbo
2905 5145 3195 5213 διελέγετο.
3228 5146 3328 5199 Alii
3359 5163 3488 5204 iuge.

1914 5203 2231 5270 cuiu'editis
2264 5203 2416 5284 ἔλεγε
2449 5215 2528 5270 τό.
2570 5215 2723 5270 Colb.
2757 5225 2944 5269 sextus
2967 5227 3019 5269 et
3051 5203 3181 5284 Reg.
3222 5203 3492 5271 secundus

1915 5287 2229 5353 simpliciter
2273 5286 2446 5354 ἔλεγε,
2480 5287 2684 5355 Πάτερ.
2737 5284 2881 5355 lul'ra
2930 5285 3060 5354 Reg.
3117 5288 3386 5340 secundus
3436 5298 3492 5340 et

1903 5356 2054 5415 (Iolb.
2107 5368 2292 5426 seuus
2317 5353 2516 5408 λύουσα
2561 5353 2940 5426 τοερώτημα.
2983 5353 3182 5412 Ibidem
3217 5356 3350 5426 Ileg.
3384 5368 3492 5410 ter-

1906 5428 2005 5497 tius
2044 5425 2349 5497 ἀκολούθως
2370 5427 2422 5478 τί
2443 5443 2598 5497 φησι.

1978 5495 2055 5568 (5)
2090 5495 2263 5550 Editio
2298 5494 2468 5552 Paris.
2506 5494 2630 5552 cum
2662 5510 2770 5568 uno
2797 5503 2889 5568 aut
2924 5494 3094 5551 altero
3120 5510 3222 5568 ms.
3258 5495 3488 5568 ἐργαζό-

1907 5564 2067 5636 μενος
2099 5582 2270 5636 φησιε
2315 5569 2407 5620 sed
2467 5582 2568 5620 vox
2596 5564 2760 5636 ίφησί
2797 5565 2945 5636 dcest
2979 5567 3050 5636 fin
3108 5566 3228 5619 aliis
3283 5564 3483 5635 septem

1906 5634 2040 5688 ιιιςς.
2100 5634 2169 5689 et
2209 5637 2260 5689 in
2298 5637 2536 5691 editione
2586 5634 2752 5688 Basil.
2814 5634 2929 5687 Mos
2974 5635 3107 5703 Reg.
3161 5634 3354 5689 tertius
3379 5653 3484 5689 κα-

1902 5707 1969 5759 τά
1999 5704 2089 5758 τὸν
2139 5706 2395 5775 κρυπτὸν.
2437 5706 2580 5760 tulra
2638 5720 2762 5760 mss.
2795 5704 3006 5775 aliquot
3025 5705 3238 5769 δεικνύς
3271 5722 3364 5774 pio
3390 5722 3483 5757 τε-

1901 5775 2080 5838 λειῶν,
2109 5774 2202 5831 setl
2233 5777 2306 5832 ita
2369 5786 2567 5843 tamen,
2617 5784 2672 5830 ut
2705 5774 2876 5846 major
2923 5790 3050 5844 pars
3111 5793 3238 5831 mss.
3283 5776 3484 5846 light-at

1900 5847 2144 5900 τελειῶν.
