4062 6450
613 355 715 408 ξῖἱδ

1922 354 1978 408 S.
2020 355 2261 407 BASILII
2303 354 2518 408 MAGNI

3773 364 3864 416 956

604 478 680 519 ste
706 466 843 532 quod
876 465 1079 531 justum
1109 471 1186 516 est
1211 464 1537 529 persequeris
1557 464 1638 524 ⁹¹;
1671 461 1772 514 ltoc
1807 473 1908 525 est,
1941 477 2061 516 cum
2101 479 2172 516 rat

2290 465 2555 528 τουτέστι,
2593 464 2730 534 μετά
2761 463 2855 515 τοῦ
2883 465 3041 532 λόγου
3075 467 3175 535 τῆς
3207 466 3558 534 δικαιοσύνης
3602 468 3857 523 ἐπιτελεῐι

605 558 748 608 tione
795 552 1019 622 iustitiae
1059 552 1444 608 absolvendum
1480 564 1564 608 est
1593 567 1748 622 opus.
1803 551 1994 619 ldiota,
2039 555 2167 612 verb

603 646 794 714 gratia,
815 644 1135 700 medicinam
1163 644 1381 712 quidem
1405 630 1641 714 aliquam
1662 643 1900 712 conﬁcit,
1919 646 1986 700 ad
2012 660 2185 715 aegro—

605 738 831 791 tantium
860 736 1146 793 utilitatem
1181 739 1514 802 tendentem,
1547 737 1641 792 sed
1677 736 1723 790 is
1761 737 1863 792 hoc
1901 753 2006 793 non
2054 738 2180 792 item

604 828 932 884 medicorum
971 843 1117 883 more
1147 829 1421 896 praestitit,
1457 828 1600 897 quod
1646 826 1778 880 nihil
1819 830 1952 882 artis
1982 835 2182 892 teneat,

603 922 746 991 quod
795 937 930 992 opus
978 920 1286 975 comitetur.
1325 920 1508 989 Itaque
1560 919 1650 988 qui
1713 921 2010 988 ingreditur
2063 919 2182 975 sine

607 1014 835 1080 macula,
888 1023 1064 1069 mente
1118 1013 1389 1082 perlectus
1435 1022 1563 1066 est:
1607 1012 1698 1081 qui
1753 1028 1883 1067 vero
1930 1020 2183 1081 operatur

599 1105 886 1175 justitiam,
914 1106 1205 1158 secundum
1260 1120 1444 1158 vocem
1481 1103 1719 1174 Apostoli
1743 1143 1758 1170 ,
1786 1105 2181 1161 inconlusibilis

605 1208 686 1248 cst
719 1194 922 1248 Demini
955 1196 1307 1264 operarius".

673 1285 726 1340 3.
767 1286 1022 1340 Attendas
1061 1287 1217 1341 velim
1243 1294 1548 1341 accuratam
1591 1286 1904 1342 dictionem.
1943 1285 2059 1340 Non
2095 1288 2181 1342 di-

603 1378 703 1442 xit,
756 1377 856 1444 Qui
911 1378 1185 1449 ingressus
1235 1389 1317 1432 est
1358 1379 1473 1434 sine
1521 1379 1750 1442 macula,
1795 1379 1910 1444 sed,
1954 1376 2058 1443 Qui
2101 1379 2184 1434 in-

604 1467 839 1536 greditur
860 1470 970 1523 sine
993 1469 1234 1534 macula;
1259 1483 1452 1538 neque,
1482 1468 1582 1536 Qui
1611 1480 1869 1542 operatus
1907 1479 1985 1524 est
2019 1470 2180 1539 justi-

609 1560 758 1625 tiam,
787 1560 898 1625 sed,
926 1559 1028 1625 Qui
1074 1570 1340 1629 operatur.
1381 1560 1496 1615 Non
1531 1564 1674 1618 enim
1706 1563 1845 1616 actio
1875 1576 1975 1614 una
2008 1561 2179 1616 virum

608 1654 829 1724 probum
858 1652 1086 1721 perlicit,
1120 1653 1214 1706 sed
1239 1653 1304 1708 ad
1330 1669 1542 1709 omnem
1572 1655 1732 1707 vitam
1763 1652 1977 1706 extendi
2014 1668 2177 1722 opor-

609 1755 681 1797 tet
712 1745 922 1799 virtutis
954 1759 1146 1813 opera.
1181 1743 1340 1800 Vnus.
1366 1746 1418 1800 5.
1445 1745 1548 1811 Qui
1571 1746 1803 1814 loquitur
1831 1747 2097 1799 veritatem
2126 1747 2178 1797 in

2279 551 2379 621 τὴν
2411 553 2628 625 πρᾶξιν.
2669 546 2796 606 Οἴον
2844 559 2990 607 ποιεῖ
3045 557 3143 625 μὲν
3195 560 3301 627 γάρ
3345 571 3398 607 τι
3443 555 3696 624 ἰατρικὸν
3741 559 3862 627 πρὸς

2281 641 2554 712 ὠφέλειαν
2611 644 2773 714 φέρον
2816 643 2925 697 τῶν
2976 647 3343 702 ἀσθενούντων
3385 647 3415 700 ὁ
3465 644 3711 717 ιδιώτης,
3758 648 3859 701 ἀλλ·

2282 734 2405 804 οὐχὶ
2466 736 2561 790 καὶ
2627 733 2887 803 ἰατρικῶς
2943 735 3196 804 ἐποίησεν
3253 742 3281 792 6
3335 737 3602 801 τοιοῦτος,
3663 738 3748 808 τῷ
3797 739 3863 809 μὴ

2282 823 2428 894 ἔχειν
2477 825 2553 897 (ί)
2607 844 2659 880 τι
2719 825 2821 894 τῆς
2881 824 3078 896 τέχνης
3137 829 3202 896 τῇ
3256 830 3503 902 ἐνεργείᾳ
3565 830 3865 899 συνεπόμε-

2282 933 2393 968 νον.
2458 919 2830 990 Πορευόμενος
2895 913 2989 972 οὖν
3050 918 3279 988 ἄμωμος
3332 923 3360 973 ό
3402 922 3545 976 κατά
3587 921 3720 975 νοῦν
3779 923 3862 973 τέ-

2282 1008 2458 1072 λειος·
2499 1011 2861 1083 ἐργαζόμενος
2899 1012 2956 1065 δὲ
2997 1009 3340 1080 δικαιοσύνην
3381 1015 3409 1065 6
3451 1015 3596 1068 κατά
3641 1017 3746 1086 τὴν
3776 1012 3863 1067 τοῦ

2297 1100 2620 1155 ’Δποστόλου
2667 1102 2849 1173 φωνὴν
2904 1103 3326 1173 ἀνεπαίσχυντος
3385 1104 3478 1156 τοῦ
3526 1109 3743 1179 Κυρίου
3781 1110 3867 1178 ἐρ-

2287 1193 2479 1261 γάτης-

2351 1285 2404 1338 5.
2443 1284 2684 1356 Πρόσχες
2714 1283 2769 1337 δὲ
2793 1286 2860 1355 τῇ
2897 1284 3150 1358 ἀκριϐείᾳ
3182 1287 3281 1358 τῆς
3311 1284 3527 1352 λέξεως.
3565 1293 3682 1345 Οὐκ
3718 1308 3862 1354 ειπε,

2281 1374 2575 1444 Πορευθεὶς
2629 1376 2876 1446 ἄμωμος,
2925 1375 3081 1441 ἀλλά,
3125 1379 3531 1450 Πορευόμενος
3579 1381 3861 1451 ἄμωμος·

2280 1466 2419 1530 οὐδὲ,
2457 1467 2860 1538 Ἐργασάμενος
2905 1465 3274 1541 δικαιοσύνην,
3327 1469 3463 1534 ἀλλ’,
3527 1473 3867 1544 Ἐργαζόμε-

2279 1577 2407 1625 νος.
2439 1561 2513 1613 Οὐ
2539 1560 2651 1631 γάρ
2682 1558 2780 1629 μία
2815 1551 3012 1630 πρᾶξις
3036 1562 3232 1618 τελειοῖ
3256 1565 3344 1618 τὸν
3381 1564 3692 1627 σπουδαῖον,
3732 1567 3866 1619 ἀλλὰ

2280 1649 2443 1703 παντὶ
2497 1651 2743 1722 προσῆκε
2782 1650 2862 1722 τῷ
2895 1650 2992 1720 βίῳ
3031 1654 3130 1718 τὰς
3171 1659 3287 1709 κατ’
3331 1653 3530 1727 ἀρετὴν
3579 1656 3865 1725 ἐνεργείας

2282 1741 2835 1813 συμπαρατείνεσθαι.
2901 1741 3118 1797 Λαλῶν
3179 1749 3464 1815 ἀλήθειαν
3523 1747 3595 1800 ἐν
3644 1747 3862 1816 καρδίᾳ

607 1837 759 1889 corde
787 1852 902 1902 suo,
936 1837 1025 1907 qui
1047 1853 1149 1890 non
1173 1838 1276 1906 egit
1321 1837 1496 1889 dolum
1525 1835 1578 1887 in
1629 1835 1806 1903 lingua
1833 1852 1949 1889 sua.
1970 1834 2172 1889 Rursus

2277 1831 2480 1897 αὐτοῦ,
2508 1831 2574 1899 ὃς
2601 1835 2711 1887 οὐκ
2745 1833 3050 1888 ἐδόλωσεν
3085 1835 3156 1888 ἐν
3175 1837 3422 1909 γλώσσῃ
3447 1837 3660 1894 αὑτοῦ.
3693 1840 3866 1893 Πάλιν

606 1935 660 1982 et
693 1927 780 1982 hic
810 1929 994 1984 isthaec
1012 1930 1192 1993 verba,
1221 1927 1361 1995 loqui
1390 1927 1673 1982 veritatem
1705 1930 1758 1982 iu
1779 1929 1961 1994 corde,
1986 1940 2040 1982 et
2071 1943 2172 1981 non

607 2033 768 2090 agere
793 2021 969 2074 dolum
1009 2021 1059 2072 iu
1096 2018 1275 2088 lingua
1302 2032 1420 2082 sua,
1445 2019 1688 2075 eamdem
1719 2021 1858 2074 inter
1895 2034 1954 2075 se
1983 2020 2178 2074 habent

605 2111 998 2181 cognatiooem,
1034 2123 1153 2178 qua:
1205 2120 1325 2164 erat
1355 2109 1496 2164 inter
1525 2110 1921 2164 immaculatum
1948 2124 2087 2175 esse,
2123 2120 2177 2164 et

606 2205 814 2272 operari
841 2202 1126 2269 jusdtiam.
1158 2202 1618 2268 Quemadmodum
1648 2202 1790 2255 enim
1826 2200 1932 2254 illic
1960 2209 2013 2252 et
2053 2214 2172 2253 eum

605 2296 697 2366 qui
737 2297 788 2349 in
820 2296 1137 2350 abscondito
1174 2295 1444 2363 perlectus
1494 2301 1595 2356 est,
1628 2300 1682 2346 et
1708 2306 1829 2346 eum
1857 2291 1946 2360 qui
1987 2291 2174 2362 agendi

605 2387 854 2443 facultate
887 2395 1028 2442 recte
1050 2386 1238 2452 utitur,
1280 2385 1558 2455 Scriptura
1593 2384 1812 2439 exhibet
1842 2383 1952 2438 :ita
1973 2396 2028 2438 et
2066 2384 2174 2448 hic,

607 2483 856 2552 quoniam
908 2481 958 2535 id
991 2481 1131 2550 quod
1181 2479 1473 2549 loquimur.
1524 2492 1588 2531 ex
1635 2478 1812 2531 cordis
1849 2476 2175 2531 abundantia

605 2573 943 2642 provenit”,
976 2588 1222 2629 sermone
1266 2589 1332 2627 ex
1381 2573 1590 2626 interno
1628 2569 1820 2624 allecto
1858 2579 2110 2639 tanquam
2147 2584 2178 2624 e

605 2662 754 2720 fonte
787 2664 1018 2729 lluente;
1058 2666 1203 2736 prius
1239 2664 1459 2734 protulit
1483 2664 1762 2717 veritatem
1799 2663 1849 2716 in
1873 2664 2038 2717 corde
2072 2677 2178 2714 ma-

604 2765 844 2818 nentem,
880 2755 1076 2809 deinde
1112 2755 1225 2824 ejus
1256 2753 1345 2822 qui
1391 2767 1486 2822 per
1515 2751 1748 2820 linguam
1773 2752 2036 2806 emittitur
2063 2766 2178 2806 ser—

603 2847 782 2899 monis
806 2845 1191 2900 sinceritatem.
1224 2843 1366 2898 Duas
1404 2853 1582 2896 autem
1614 2842 1986 2914 intelligentias
2017 2858 2174 2912 repe-

603 2939 775 2993 rimus
825 2938 1113 2993 veritatis:
1155 2952 1315 2991 unam
1343 2976 1358 3000 ,
1398 2951 1577 2990 rerum
1627 2934 1693 2989 ad
1752 2935 1962 2990 beatam
2012 2934 2175 2988 vitam

604 3031 1014 3087 conducentium
1065 3029 1601 3100 comprehensionem
1645 3045 1662 3094 ;
1702 3028 1925 3083 alteram
1989 3045 2173 3082 sanam

605 3124 971 3193 cujuscunque
1017 3124 1092 3178 rei
1137 3123 1202 3175 ad
1256 3121 1416 3174 vitam
1462 3121 1739 3176 attineutis
1790 3122 2169 3191 cognitionem.

2275 1924 2369 1977 καὶ
2405 1923 2639 1979 ἐνταῦθα
2671 1925 2767 1998 τὴν
2796 1927 2965 1998 αὐτὴν
2997 1926 3111 2000 ἔχει
3145 1932 3432 1988 κοινωνίαν
3481 1934 3622 2006 πρὸς
3659 1933 3866 2004 ἄλληλα

2273 2014 2335 2067 τὺ
2381 2014 2560 2069 λαλεῖν
2606 2017 2862 2089 ἀλήθειαν
2909 2021 2966 2071 ἐν
2996 2017 3212 2091 καρδίᾳ,
3250 2025 3344 2076 καὶ
3393 2023 3452 2077 τὺ
3484 2024 3559 2094 μὴ
3588 2024 3778 2077 δολοῦν
3808 2027 3865 2077 ὲν

2274 2106 2495 2181 γλώσσῃ
2527 2110 2688 2163 αὐτοῦ
2711 2129 2723 2140 ·
2762 2111 2950 2164 ὁποίαν
2980 2106 3092 2182 εἶχε
3119 2111 3177 2164 τὸ
3203 2108 3340 2168 εἶναι
3372 2117 3602 2187 ἄμωμον
3632 2117 3776 2186 πρὸς
3805 2115 3866 2168 τὸ

2274 2199 2601 2268 ἐργάζεσθαι
2645 2201 3009 2274 δικαιοσύνην.
3077 2203 3165 2266 Ὠς
3223 2206 3330 2278 γὰρ
3374 2209 3488 2261 ἐκεῖ
3521 2207 3618 2260 καὶ
3659 2207 3755 2260 τὸν
3804 2209 3866 2260 ἐν

2274 2289 2502 2360 κρυπτῷ
2529 2291 2758 2355 τέλειον,
2807 2295 2897 2346 καὶ
2927 2295 3020 2348 τὸν
3058 2295 3115 2347 ἐν
3143 2295 3219 2365 τῷ
3248 2297 3532 2368 πρακτικῷ
3566 2296 3866 2367 εὐοδούμε-

2273 2397 2362 2434 νον
2395 2383 2423 2435 ό
2454 2381 2612 2450 λόγος
2639 2383 2991 2456 παρίστησιν,
3012 2385 3156 2440 οὓτω
3177 2389 3271 2442 καὶ
3305 2387 3868 2461 ἐνταῦθα(5),ἐπειδὴ

2275 2473 2334 2527 τὸ
2362 2473 2688 2545 λαλούμενον
2737 2478 2800 2528 ἐκ
2837 2475 2930 2528 τοῦ
2977 2477 3410 2550 περισσεύματός
3446 2480 3562 2530 ἐστι
3594 2478 3694 2547 τῆς
3725 2496 3866 2550 καρο

2275 2567 2410 2629 δίας,
2440 2562 2550 2620 οἷον
2584 2567 2693 2622 ἀπὸ
2733 2569 2912 2639 πηγῆς
2949 2568 3048 2638 τῆς
3083 2568 3228 2622 ἔνδον
3254 2570 3543 2631 διαθέσεως
3571 2568 3668 2620 τοῦ
3702 2569 3866 2638 λόγου

2280 2660 2517 2729 ῥέοντος,
2547 2662 2814 2732 πρότερον
2846 2656 2969 2715 εἷπε
3005 2660 3103 2732 τὴν
3128 2662 3186 2714 ἐν
3429 2661 3708 2734 ἀλήθειαν,
3747 2659 3868 2716 εἶτα

2275 2753 2411 2805 τὸέν
2443 2752 2520 2822 τῷ
2546 2754 2689 2823 λόγῳ
2714 2754 2897 2808 ἄδολον
2922 2753 2999 2825 τῷ
3020 2754 3106 2808 διὰ
3125 2754 3223 2824 τῆς
3244 2755 3496 2825 γλώσσης
3530 2757 3618 2808 ἐνε
3629 2755 3868 2825 ργουμὲ-

2275 2860 2370 2912 νῳ.
2401 2843 2504 2895 Δύο
2533 2844 2591 2898 δὲ
2619 2844 2687 2897 τὰ
2719 2847 3092 2917 σημαινόμενα
3117 2846 3212 2917 τῆς
3240 2845 3495 2918 ἀληθείας
3515 2847 3830 2917 εὑρήσομεν
3848 2860 3863 2876 ’

2277 2933 2333 2987 ἓν
2375 2934 2473 3005 μὲν
2499 2935 2599 3006 τὴν
2631 2936 2758 3006 περὶ
2782 2935 2888 2989 τῶν
2915 2937 3254 3010 πραγμάτων
3293 2937 3400 2990 τῶν
3442 2938 3534 2990 ἐπὶ
3565 2937 3658 2989 τὸν
3692 2937 3868 3006 μακά-

2281 3043 2392 3097 ριον
2441 3024 2553 3094 βίον
2605 3025 2879 3096 φερόντων
2912 3031 3242 3100 κατάληψιν,
3286 3030 3470 3098 ἕτερον
3511 3027 3567 3080 δὲ
3599 3028 3698 3097 τὴν
3737 3029 3867 3098 περί

2277 3117 2585 3188 οἱουδήποτε
2611 3117 2720 3169 τῶν
2745 3119 2887 3172 κατὰ
2917 3122 3009 3174 τὸν
3044 3120 3155 3190 βίον
3186 3121 3389 3189 εἴδησιν
3414 3118 3564 3188 ὑγιῆ.
3611 3118 3864 3188 Ἐκείνην

605 3217 750 3271 lllam
781 3216 942 3282 igitur
965 3216 1268 3278 veritatem,
1293 3215 1480 3267 salutis
1506 3212 1846 3280 adjutricem,
1867 3214 1916 3265 in
1943 3212 2172 3266 hominis

2282 3212 2378 3280 μὲν
2407 3205 2498 3262 οὖν
2525 3209 2624 3281 τὴν
2653 3209 2927 3280 ἀλήθειαν,
2958 3213 3056 3281 τὴν
3091 3210 3347 3281 συνεργὸν
3372 3210 3471 3280 τῆς
3497 3211 3777 3283 σωτηρίας
3808 3213 3864 3262 ἐν

604 3306 822 3376 perfecti
861 3305 1022 3359 corde
1053 3303 1390 3369 insidentem,
1422 3311 1636 3372 oportet
1673 3302 1788 3357 sine
1814 3301 1935 3356 dolo
1963 3301 2016 3356 in
2050 3316 2170 3356 οω-

603 3398 758 3452 nibus
791 3397 1033 3467 proximo
1066 3394 1343 3448 exhibere.
1381 3393 1580 3449 Verum
1627 3392 1681 3448 in
1710 3391 1893 3448 saeculi
1939 3392 2098 3448 rebus
2124 3394 2170 3447 si

601 3488 739 3544 forte
764 3504 794 3542 a
824 3489 1049 3543 veritate
1084 3486 1298 3566 excidat
1327 3488 1408 3540 vir
1433 3488 1654 3556 probus,
1678 3484 1811 3540 nihil
1855 3485 1977 3541 inde
2000 3486 2173 3554 impe-

601 3583 797 3648 dietur,
837 3579 1125 3652 quominus
1173 3579 1449 3648 proposita
1489 3589 1828 3647 assequatur.
1857 3578 1998 3646 Quot
2031 3578 2173 3632 enim

603 3671 781 3730 stadia
805 3673 914 3727 sint
942 3681 1095 3726 terra:
1114 3710 1130 3736 ,
1154 3668 1236 3724 vel
1264 3670 1449 3736 maris,
1485 3679 1685 3739 quotve
1714 3668 1884 3724 stella:
1924 3685 2175 3724 movean-

603 3771 713 3828 tur,
745 3775 799 3817 et
841 3770 1099 3833 quantum
1142 3760 1310 3815 altera
1355 3759 1508 3814 alteri
1543 3756 1821 3814 celeritate
1853 3767 2088 3828 praestet,
2126 3759 2170 3812 si

605 3856 658 3910 in
696 3855 762 3910 iis
809 3854 1117 3925 ignoremus
1167 3854 1445 3908 veritatem
1469 3893 1484 3917 ,
1515 3851 1646 3906 nihil
1697 3851 2005 3922 prohibebit
2042 3852 2169 3919 quin

605 3950 920 4018 promissam
950 3949 1001 4001 in
1037 3947 1345 4018 Evangeliis
1368 3947 1754 4001 beatitudinem
1789 3944 2166 4013 adipiscamur.

603 4039 856 4094 Fortasse
876 4048 1052 4092 autem
1080 4048 1134 4091 et
1157 4039 1262 4093 tale
1285 4039 1409 4108 quid
1433 4038 1711 4108 Scriptura
1738 4037 1888 4092 nobis
1913 4037 2168 4100 declarat,

602 4129 742 4191 quod
770 4145 830 4183 ea
857 4145 974 4198 quae
1002 4127 1067 4182 ad
1097 4129 1375 4184 veritatem
1405 4138 1670 4199 spectant,
1687 4129 1786 4183 hoc
1811 4139 1894 4182 est
1925 4127 2167 4198 mystica,

604 4230 708 4270 non
739 4219 984 4271 omnibus
1015 4217 1195 4272 dicere
1225 4218 1494 4278 convenit.
1521 4219 1612 4271 sed
1654 4217 1900 4286 proximo
1941 4235 1954 4271 :
1993 4219 2042 4270 id
2067 4224 2168 4278 est,

604 4322 709 4361 non
736 4307 891 4378 vulgo
920 4308 1167 4376 prodere,
1215 4309 1308 4361 sed
1365 4309 1743 4378 mysteriorum
1794 4309 2166 4377 participibus.

605 4399 814 4466 Quodsi
834 4400 1031 4454 veritas
1058 4408 1140 4454 est
1163 4398 1416 4453 Dominus
1441 4400 1700 4461 noster“,
1727 4402 1864 4454 hanc
1890 4401 2168 4455 veritatem

607 4491 942 4560 impressam,
958 4500 1011 4546 et
1032 4491 1421 4561 quodammodo
1447 4491 1781 4559 obsignatam
1804 4493 2169 4562 unusquisque

2278 3305 2344 3373 τῇ
2377 3300 2575 3372 καρδίᾳ
2599 3296 2762 3354 οὖσαν
2785 3301 2878 3354 τοῦ
2907 3302 3132 3367 τελείου,
3163 3301 3267 3374 χρὴ
3293 3301 3492 3364 ἀδόλως
3531 3304 3588 3354 ἐν
3615 3303 3754 3354 πᾶσι
3785 3301 3863 3370 τῷ

2281 3393 2503 3464 πλησίον
2531 3393 2881 3464 παραδιδόναι
2908 3411 2922 3424 ο
2956 3395 3015 3446 ἐν
3043 3395 3099 3448 δέ
3121 3398 3234 3459 τοῖς
3271 3395 3411 3449 κατά
3445 3395 3534 3448 τὸν
3571 3394 3684 3464 βίον
3712 3396 3861 3466 ττρά-

2279 3501 2506 3555 γμασιν,
2529 3485 2623 3537 ἐάν
2659 3501 2761 3536 που
2795 3483 2890 3537 καὶ
2923 3485 3186 3558 διαπίπτῃ
3219 3487 3315 3558 τῆς
3339 3486 3593 3558 ἀληθείας
3631 3488 3658 3538 6
3691 3505 3861 3540 σπου-

2280 3576 2446 3639 δαῖος,
2485 3575 2639 3629 οὐδὲν
2669 3575 2924 3646 ἐμπόδιον
2954 3577 3100 3648 αὐτῷ
3129 3580 3207 3641 είς
3233 3578 3302 3630 τὰ
3328 3579 3657 3649 προκείμενα
3678 3578 3854 3630 ἔσται.

2282 3671 2445 3722 Πόσοι
2483 3669 2592 3740 γὰρ
2632 3669 2833 3722 στάδιοι
2888 3671 2990 3740 γῆς
3037 3671 3068 3738 ἢ
3110 3670 3401 3738 θαλάσσης,
3450 3671 3543 3723 καὶ
3587 3671 3740 3722 πόσοι
3774 3688 3858 3722 κι-

2281 3759 2492 3813 νοῦνται
2541 3762 2646 3813 τῶν
2685 3763 2948 3831 ἀστέρων,
2994 3761 3086 3812 καὶ
3123 3759 3284 3811 πόσον
3312 3760 3493 3829 ἕτερος
3527 3757 3619 3812 τοῦ
3665 3761 3856 3830 ἑτέρου

2280 3851 2500 3921 προέχει
2544 3851 2620 3921 τῷ
2655 3853 2828 3921 τάχει,
2864 3852 2958 3904 ἐὰν
3009 3852 3082 3921 μὴ
3132 3852 3360 3924 εἰδῶμεν
3403 3853 3500 3924 τὴν
3547 3855 3604 3906 ἐν
3641 3855 3857 3918 τούτοις

2279 3943 2555 4013 ἀλήθειαν,
2608 3943 2760 3995 οὐδὲν
2803 3945 2935 4015 ἡμῖν
2971 3945 3249 4014 ἐμποδίσει
3296 3946 3430 4016 πρὸς
3469 3947 3529 4000 τὸ
3575 3948 3855 4017 ἐπιτυχεῖν

2276 4035 2378 4104 τῆς
2419 4035 2475 4087 ἐν
2519 4035 2872 4103 ἐπαγγελίαις
2913 4038 3329 4109 μακαριότητος.
3370 4038 3521 4108 Τάχα
3568 4038 3623 4090 δέ
3656 4056 3707 4090 τι
3759 4039 3854 4090 καὶ

2276 4125 2513 4179 τοιοῦτον
2540 4127 2671 4197 ἡμῖν
2712 4127 2741 4179 ὁ
2762 4127 2927 4197 ,λόγος
2966 4129 3314 4200 παρίστησιν,
3345 4131 3426 4182 ὃτι
3464 4129 3529 4183 τὰ
3558 4130 3684 4200 περὶ
3716 4129 3854 4198 ἀλη-

2278 4218 2444 4284 θείας,
2495 4219 2760 4284 τουτέστι,
2809 4220 2878 4274 τά
2936 4222 3188 4290 μυστικὰ,
3229 4222 3406 4276 λαλεῖν
3446 4223 3718 4291 προσῆκεν
3789 4222 3850 4274 0'3

2279 4311 2462 4375 παντὶ,
2498 4310 2633 4364 ἀλλά
2673 4312 2748 4383 τῷ
2795 4313 3052 4382 πλησίον·
3081 4315 3200 4366 ἀντὶ
3240 4314 3354 4377 τοῦ,
3389 4316 3489 4367 οὐκ
3510 4316 3588 4376 είς
3609 4315 3734 4375 τοὺς
3767 4331 3854 4365 τυ-

2278 4403 2471 4473 χόντας
2527 4405 2828 4473 ἐκφαίνειν,
2877 4405 3012 4459 ἀλλά
3056 4407 3180 4468 τοὺς
3231 4406 3691 4475 κεκοινωνηκότας
3742 4406 3852 4457 τῶν

2282 4497 2612 4565 μυστηρίων.
2644 4497 2705 4549 El
2738 4497 2792 4549 δὲ
2824 4496 2896 4565 (6)
2924 4496 3147 4566 ἀλήθεια
3186 4496 3214 4547 ό
3254 4497 3453 4568 Κύριος
3491 4496 3645 4567 ἡμῶν
3677 4498 3846 4556 ἐστιν,

607 4583 658 4634 in
703 4584 862 4636 corde
919 4595 1103 4637 nOSll‘O
1156 4582 1520 4636 retineamus:
1565 4584 1629 4636 de
1659 4598 1763 4652 qua
1810 4582 2086 4637 uobiscum
2117 4584 2166 4637 iu

2277 4559 2718 4660 ἐντετυπωμένην
2763 4559 2855 4643 καί
2881 4559 3044 4642 ὀἱονεὶ
3070 4559 3614 4662 ἐσφραγισμένηνητῇ
3652 4590 3846 4642 ἑαυτοῦ

604 4671 855 4725 cordibus
889 4672 1191 4740 loquentes,
1222 4687 1287 4727 ne
1323 4674 1538 4727 verbum
1569 4671 1858 4742 Evangelii,
1889 4671 2014 4726 dum
2040 4673 2167 4727 illud

605 4772 787 4816 nostro
817 4763 1062 4830 proximo
1097 4765 1469 4832 praedicamus.
1497 4765 1616 4818 dolo
1655 4763 1763 4819 ullo
1793 4778 2161 4834 aspergamus.

608 4854 706 4919 Qui
757 4872 856 4908 non
884 4857 984 4926 egit
1019 4857 1199 4910 dolum
1240 4858 1294 4911 in
1331 4859 1508 4926 lingua
1546 4876 1666 4913 sua.
1695 4857 1856 4914 Dolus
1897 4859 1950 4913 in
1987 4859 2165 4913 multis

607 4947 895 5018 Scriptura:
917 4949 1042 5003 locis
1066 4960 1121 5003 ut
1144 4950 1391 5004 inimicus
1415 4950 1506 5005 Dei
1530 4950 1841 5004 traducitur.
1864 4950 2159 5018 Disperdut,

605 5041 796 5109 inquit,
827 5041 1071 5095 Dominus
1095 5043 1333 5097 universa
1355 5043 1495 5095 labia
1522 5043 1780 5097 dolosa".
1803 5043 2025 5109 Rursus,
2053 5043 2161 5096 Do-

2273 4680 2470 4752 καρδίᾳ
2513 4679 2714 4751 ταύτην
2756 4680 2854 4750 τὴν
2895 4680 3150 4751 ἀλήθειαν
3183 4682 3408 4744 ἕκαστος
3433 4681 3643 4750 ἔχωμεν
3669 4697 3683 4710 ·
3721 4682 3849 4751 περὶ

2271 4750 2663 4846 ἦςλαλοῦντες
2707 4777 2765 4827 ἐν
2799 4777 2918 4838 ταῖς
2951 4750 3196 4847 καρδίαις
3225 4776 3458 4837 ἑαυτοῖς,
3507 4773 3580 4844 μὴ
3608 4750 3848 4842 δολιῖῳεν

2270 4866 2360 4919 τὸν
2403 4865 2558 4934 λόγον
2610 4865 2705 4919 τοῦ
2749 4867 3080 4936 Εὐαγγελίου
3125 4868 3183 4921 ἐν
3222 4866 3301 4937 τῷ
3327 4865 3690 4937 ,ἀναγγέλλειν
3734 4868 3849 4918 τοῖς

2271 4956 2494 5027 πλησίον
2528 4958 2685 5028 ἡμῶν
2721 4959 2779 5012 τὸ
2823 4962 3100 5030 κήρυγμα.
3157 4961 3253 5025 Ὃς
3291 4960 3400 5012 οὐκ
3437 4957 3736 5012 ὲδόλωσεν
3778 4957 3847 5008 ἐν

2268 5045 2516 5118 γλώσσῃ
2550 5047 2756 5103 αὐτοῦ.
2785 5049 3058 5120 Πολλαχοῦ
3086 5049 3162 5119 (7)
3191 5049 3264 5112 ὡς
3288 5048 3479 5120 ἐχθρὸς
3514 5046 3608 5100 τοῦ
3648 5046 3786 5100 Θεοῦ
3817 5049 3845 5100 6

672 5198 712 5229 "
747 5198 898 5257 Deut.
940 5219 1050 5266 xvi,
1085 5201 1176 5258 20.
1247 5206 1291 5238 "
1323 5205 1364 5261 ll
1386 5205 1526 5264 Titii.
1563 5225 1621 5273 tt,
1672 5208 1754 5264 15.
1829 5211 1872 5243 ³³
1906 5209 2087 5264 Matth.
2120 5225 2216 5269 xu.
2246 5211 2335 5264 ΞΛ.
2412 5209 2457 5244 ⁸⁸
2490 5209 2645 5265 Joan.
2677 5226 2786 5275 xiv,
2817 5210 2869 5264 6.
2946 5211 2990 5244 ”
3017 5208 3157 5265 Psal.
3193 5211 3323 5274 “,3.

673 5357 747 5429 (⁸4)
778 5358 866 5428 Τῷ
895 5359 969 5431 μὴ
995 5359 1158 5432 ἔχειν.
1195 5358 1305 5415 Hoc
1329 5371 1432 5424 est,
1463 5363 1586 5430 quia
1617 5363 1668 5417 id
1701 5363 1826 5417 facit
1862 5365 2079 5420 fortuito
2110 5380 2171 5419 ac

603 5436 825 5503 temere,
851 5446 966 5503 non
1000 5432 1226 5503 ex_artis
1249 5445 1546 5500 prwceptts.
1568 5435 1731 5488 Paulo
1761 5447 1880 5503 post
1910 5451 2036 5488 mss.
2065 5446 2171 5489 tres

603 5498 823 5574 habent_
851 5501 1091 5574 Χριστοῖι
1136 5498 1502 5574 ιιιὲγκυρίου.
1555 5498 1773 5558 Ιῠὶιίθιιί
1817 5505 1967 5558 Colb.
2010 5523 2171 5574 quar-

603 5579 687 5645 tus
723 5569 974 5645 πρόσεχε.
1006 5570 1148 5645 Infra
1175 5569 1305 5645 Reg.
1349 5569 1530 5645 sextus
1581 5569 2162 5645 συμπαρεκτείνεσθαι.

604 5639 713 5692 Hoc
757 5639 926 5709 ipsum
943 5640 1173 5714 verbum
1204 5639 1401 5714 legitur
1443 5639 1665 5711 quidem
1706 5639 1940 5700 iu'Colb.
1976 5657 2165 5714 quarto

602 5724 832 5779 quoque,
866 5711 956 5765 sed
992 5711 1042 5762 in
1081 5711 1319 5779 margine
1365 5715 1639 5768 duntaxat.

669 5777 749 5848 (5)
799 5779 926 5834 Mss.
977 5777 1217 5850 quinque
1253 5782 1392 5834 οὕτω
1428 5782 1540 5836 καί.
1603 5782 1742 5837 Editi
1781 5799 1900 5837 cum
1939 5794 2164 5853 quatuor

2277 5777 2429 5842 Bas“.
2481 5801 2601 5843 cum
2643 5790 2812 5843 tribus
2870 5803 2996 5844 tuss.
3041 5777 3327 5856 πολλαχοῦ.

2273 5382 2404 5421 mss.
2441 5365 2613 5429 οὕτως
2645 5365 2897 5419 ἐνταῦθα.
2945 5367 3138 5422 Ibidem
3175 5377 3407 5433 quatuor
3439 5380 3565 5420 mss.
3606 5365 3836 5424 ἔνδοθεν.

2271 5436 2412 5490 Editi
2449 5454 2568 5490 cum
2624 5439 2861 5505 quinque
2905 5454 3033 5490 mss.
3086 5437 3253 5491 ἔνδον.
3317 5437 3479 5489 Paulo
3522 5449 3642 5502 post
3684 5440 3835 5495 Colb.

2270 5519 2495 5578 quartus
2525 5506 2782 5578 εὕραμεν.
2823 5506 2965 5578 lnl'ra
3000 5509 3165 5578 idemi
3188 5525 3288 5560 Illi.
3322 5507 3658 5577 ἐντυχόντας.

2343 5577 2421 5648 (li)
2448 5576 2623 5630 Etlitio
2653 5576 2829 5632 Paris.
2864 5580 2913 5630 εί
2950 5576 3006 5630 δὲ
3033 5580 3087 5649 ἠ.
3128 5577 3223 5630 Hic
3251 5581 3506 5632 articulus
3545 5593 3836 5649 nonrepo-

2271 5647 2409 5701 ritur
2443 5662 2615 5716 neque
2647 5651 2697 5700 in
2730 5650 2929 5702 nostris
2965 5647 3091 5701 mss.
3122 5663 3292 5714 neque
3328 5649 3377 5700 in
3410 5649 3640 5701 editione
3667 5648 3830 5704 Basil.

2338 5717 2412 5788 (7)
2446 5717 2616 5771 Editio
2646 5718 2818 5771 l’aris.
2851 5728 2904 5772 et
2929 5733 3057 5771 mss.
3080 5719 3312 5788 quinque
3337 5718 3632 5788 πανταχοῦ.
3658 5720 3831 5773 Ειιίιίο

3383 5789 3829 5858 Lcetio'utraque
