4062 6456
207 409 314 461 237

1334 393 1612 450 |l0.\lll.l.\
1653 394 1671 450 l
1714 394 1778 446 IN
1819 389 2149 444 PSALMUM
2191 389 2328 442 XlV.

3349 377 3455 432 9.58

207 518 356 576 δόλος
386 517 443 566 ὲν
468 517 534 581 τῇ
564 514 749 584 Γραφῇ
771 513 1138 579 διαϐέϐληται.
1177 510 1650 574 Ἐξολοθρεύσαι,
1680 524 1784 574 φη-

1911 518 1969 553 us
2000 503 2053 554 in
2081 502 2233 553 corde
2266 497 2639 564 fabricantium
2671 495 2868 545 mala'.
2906 492 3074 547 Porro
3102 487 3461 558 quodcunque

212 607 287 665 c‘t,
320 603 533 668 Κύριος
564 602 761 654 πάντα
788 603 859 654 τὰ
894 601 1066 669 χείλη
1107 598 1177 650 τὰ
1207 600 1412 652 δόλιαο
1447 598 1560 655 καὶ,
1603 598 1788 660 Δόλος

210 696 281 744 ἐν
329 692 538 761 καρδίᾳ
587 691 1056 758 τεκταινομένων
1097 690 1174 759 (8)
1237 689 1408 744 κακά,
1462 689 1578 740 Πᾶν
1620 689 1674 740 δὲ
1731 689 1789 740 τὸ

214 785 460 852 κρεῖττον
516 787 572 838 ὲν
631 786 698 852 τῇ
761 782 852 835 τοῦ
907 783 1144 854 χείρονος
1203 783 1452 854 ἐπιμιξίᾳ
1515 780 1790 834 δολοῦσθαι

213 877 450 945 λέγεται,
506 878 580 939 ὼς
635 871 776 938 οἶνος
826 875 1066 930 δολοῦται
1117 876 1193 947 τῷ
1234 877 1452 946 χείρονα
1493 871 1641 941 αὑτῴ
1684 891 1790 926 παι

216 967 582 1039 ραμίγννσθαι
626 968 722 1036 (9),
769 967 801 1034 ἢ
846 967 904 1020 τὸ
949 968 1092 1041 ὕδωρ
1127 970 1274 1037 αὐτῷ
1318 966 1788 1040 παρακίρνασθαι·

217 1063 310 1114 καὶ
370 1059 566 1129 χρυσὸς
633 1059 874 1112 δολοῦται
941 1063 999 1114 ὲν
1065 1064 1131 1130 τῇ
1202 1059 1334 1128 πρὸς
1394 1058 1632 1128 ἄργυρον
1701 1059 1794 1113 καὶ

215 1147 415 1218 χαλκὸν
461 1153 743 1220 κοινωνία⁸
779 1152 919 1206 οὕτω
967 1155 1060 1206 καὶ
1098 1151 1323 1220 ἀλήθεια
1368 1149 1633 1212 δολοῦται,
1681 1153 1795 1213 τοῖς

216 1243 392 1310 ἁγίοις
422 1245 599 1310 λόγοις
626 1243 733 1294 τῶν
766 1243 1188 1316 δυσφημοτέρων
1214 1241 1694 1316 παραπλακέντων.

288 1334 339 1387 4.
384 1333 536 1387 Οὐδὲ
566 1333 814 1401 ἐποίησε
836 1337 910 1397 τῷ
933 1334 1200 1402 πλησίον
1219 1334 1404 1388 αὑτοῦ
1433 1333 1639 1384 κακόν.
1665 1333 1796 1384 Τίνα

216 1424 364 1492 λέγει
409 1423 499 1476 τὸν
543 1424 766 1494 πλησίον
800 1429 827 1478 ὁ
878 1427 1064 1492 λόγος,
1108 1426 1279 1488 οὐδεὶς
1325 1421 1656 1493 ἀμφιϐάλλει
1691 1422 1798 1474 τῶν

215 1514 564 1567 ἀκουσάντων
605 1517 699 1569 τοῦ
745 1516 1075 1584 Εὑαγγελίου
1113 1518 1248 1587 πρὸς
1285 1516 1375 1566 τὸν
1409 1514 1793 1584 ἐρωτήσαντα·

218 1604 325 1657 lia!
359 1605 448 1670 τίς
481 1605 615 1659 ἐστί
651 1625 769 1676 μου
818 1607 1121 1673 πλησίον;
1155 1603 1222 1679 ᾯ
1246 1611 1272 1659 ὁ
1306 1604 1506 1674 Κύριος
1539 1601 1656 1658 εἷπε
1702 1605 1799 1675 τὴν

220 1696 538 1767 παραϐολὴν
581 1698 673 1750 τοῦ
714 1693 821 1749 ἀπὸ
855 1697 1210 1769 Ἰερουσαλὴμ
1257 1694 1673 1758 καταϐαίνοντος
1723 1696 1800 1756 εἰς

231 1783 472 1856 Ὶεριχώο
519 1788 576 1838 ὃν
612 1788 702 1838 καὶ
737 1785 1021 1857 ἠρώτησεο
1077 1791 1170 1852 Τίς
1211 1788 1436 1839 τούτων
1483 1784 1651 1838 δοκεῖ
1702 1801 1800 1837 σοι

219 1879 527 1947 γεγονέναι
548 1881 849 1944 π.ῐησιόν;
882 1883 1150 1944 Κάκεῖνος
1169 1879 1526 1950 ἁπεκρίνατο,
1559 1881 1612 1930 '0
1637 1877 1802 1943 πῖιή-
1835 1849 1876 1903 Β

219 1987 338 2034 σας
381 1970 447 2020 τὸ
492 1971 662 2034 ἕλεος
705 1975 834 2039 μετ’
865 1973 1072 2024 αὐτοῦ.
1124 1972 1357 2038 Ἐδίδαξε
1408 1971 1514 2038 γὰρ
1567 1972 1654 2025 διὰ
1681 1971 1804 2024 τού-

220 2074 326 2112 των
377 2060 552 2112 πάντα
593 2061 876 2130 ἄνθρωπον
912 2063 1164 2130 ἡγεῖσθαι
1209 2064 1452 2132 πλησίον.
1498 2064 1804 2134 Δυσκατόρ-

221 2150 390 2202 θωτον
421 2150 475 2202 δὲ
504 2151 597 2204 καὶ
631 2151 807 2213 τοῦτο,
834 2153 928 2204 καὶ
957 2151 1156 2223 πολλῆς
1182 2153 1432 2212 δεόμενον
1463 2153 1799 2222 ἐπιμελείας,

225 2245 362 2312 μήτε
402 2243 583 2315 μικρῷ
631 2261 766 2308 τινι,
827 2246 961 2315 μήτε
1012 2245 1219 2315 μείζονι
1267 2245 1669 2297 καταὸλάπτειν
1715 2244 1804 2296 τὸν

223 2335 477 2402 πλησίον·
519 2335 595 2407 μὴ
631 2339 686 2388 ὲν
721 2338 924 2406 ῥήματι
959 2337 1069 2407 (-10)
1119 2336 1350 2406 βλάψαιο
1389 2336 1462 2408 μὴ
1501 2335 1806 2406 ἀποστερῆο

224 2428 315 2478 cati
351 2445 401 2478 τι
439 2427 545 2478 τῶν
595 2427 975 2496 καθηκόντων·
1026 2429 1099 2498 μὴ
1143 2428 1471 2499 βουληθῆναι
1505 2427 1655 2497 αὑτῴ
1709 2444 1806 2479 πο-

225 2519 422 2585 νηρὸνο
465 2518 538 2588 μὴ
593 2517 858 2586 βασκανίᾳ
905 2519 1214 2588 χρήσασθαι
1270 2519 1408 2588 πρὸς
1451 2519 1549 2580 τὰς
1595 2519 1803 2587 εὐπρα-

225 2607 347 2673 γίας
392 2607 499 2659 τῶν
538 2609 724 2670 πέλας.
767 2608 878 2662 Καὶ
925 2609 1268 2676 ὀνειδισμὸν
1302 2612 1411 2660 οὐκ
1453 2610 1670 2660 ἐλαϐεν
1710 2608 1807 2662 ἐπὶ

227 2701 368 2766 τοὺς
399 2702 644 2770 ἔγγιστα
681 2702 888 2755 αὑτοῦ.
934 2702 1254 2772 Ἀμφίὸολος
1286 2703 1318 2770 ἡ
1361 2699 1539 2764 λέξις·
1581 2699 1808 2770 πότερον

226 2795 389 2856 αὐτὸς
419 2795 543 2861 ἄξια
576 2795 667 2848 τοῖ’)
704 2793 1054 2858 ὀνειδίζεσθαι
1098 2792 1250 2864 παρὰ
1285 2792 1394 2844 τῶν
1437 2791 1663 2859 ἔγγιστα
1709 2793 1808 2845 οὐκ

228 2881 476 2952 ἐποίησε,
504 2885 598 2935 καὶ
630 2885 718 2937 διὰ
759 2885 916 2938 τοῦτο
958 2886 1058 2936 οὑκ
1093 2883 1252 2936 ἔλαϐε
1296 2886 1424 2953 παρ’
1461 2883 1639 2936 αὐτῶν
1673 2884 1810 2936 ὀνει-

227 2973 437 3043 δισμὸν,
473 2973 504 3044 ἢ
539 2975 726 3027 οὐδένα
770 2976 877 3028 τῶν
917 2975 1145 3044 ἔγγιστα
1183 2976 1344 3038 αὐτὸς
1386 2976 1627 3027 ὠνείδισε
1653 3016 1667 3038 ,
1702 2976 1810 3030 τῶν

229 3065 287 3115 ὲν
317 3065 681 3135 ἀνθρωπίνοις
729 3068 1034 3138 πταίσμασι
1083 3067 1472 3138 γενομένων,ἦ
1521 3070 1577 3120 ὲν
1624 3066 1810 3139 πηρώ-

234 3174 367 3227 μασι
409 3163 770 3227 σωματικοῖς,
818 3161 849 3230 ἢ
899 3161 1077 3224 ἄλλοις
1125 3161 1264 3213 τισὶν
1318 3160 1659 3231 ὑστερήμασι
1708 3159 1878 3254 τῆς(1

232 3252 436 3320 σαρκὸς
484 3252 904 3321 εὑρισκομένων.
956 3252 1092 3304 υΰτε
1151 3252 1258 3322 γὰρ
1292 3251 1382 3303 τὸν
1429 3251 1812 3320 ἁμαρτάνοντα

230 3340 550 3394 ὀνειδιστέον
586 3342 726 3395 κατὰ
749 3343 808 3394 τὸ
837 3343 1259 3412 γεγραμμένον·
1307 3342 1401 3408 Μὴ
1435 3341 1678 3400 ὀνείδιζε
1712 3341 1816 3394 ἇν-

233 3436 469 3500 θρωπον
516 3433 971 3502 ἀποστρέφοντα
1015 3433 1135 3487 ἀπὸ
1176 3433 1486 3502 ἁμαρτίας.
1531 3433 1665 3485 Οὐδὲ
1709 3431 1816 3502 γὰρ

233 3524 478 3594 ἔγνωμέν
522 3543 649 3579 ποτε
694 3529 780 3579 ἐπ’
822 3527 1058 3596 ὠφελείᾳ
1087 3525 1193 3578 τῶν
1239 3523 1698 3594 πλημμελούντων
1728 3523 1816 3574 τὸν

235 3617 534 3686 ὀνειδισμὸν
589 3618 1054 3688 παρειλημμένον,
1095 3617 1188 3668 τοῦ
1244 3615 1564 3667 Ἀποστὸλου
1605 3616 1664 3666 ὲν
1697 3617 1818 3677 ταῖς

237 3707 374 3776 πρδς
409 3707 498 3759 τὸν
532 3709 722 3760 ἑαυτοῦ
755 3708 1004 3778 μαθητὴν
1039 3707 1301 3776 Τιμόθεον
1333 3707 1629 3777 ὑποθήκαις
1668 3705 1819 3773 ἔλεγ-

236 3816 329 3867 χον
364 3804 462 3868 μὲν
499 3803 590 3852 καὶ
635 3801 982 3871 παράκλησιν
1013 3802 1108 3853 καὶ
1138 3799 1456 3870 ἐπιτίμησιν
1492 3798 1822 3869 ἐπιτρέψανο

235 3909 346 3953 τος,
385 3892 622 3962 οὐδαμοῦ
662 3894 716 3945 δὲ
744 3894 833 3944 τὸν
862 3893 1183 3963 ὀνειδισμὸν,
1227 3894 1301 3955 ὼς
1333 3892 1593 3955 ἐναντίον,
1641 3907 1819 3960 παρα-

235 3985 508 4048 λαὸὀντος.
543 3985 653 4038 Καὶ
685 3986 860 4039 ἔοικεν
892 3987 919 4037 ὁ
957 3987 1053 4056 μὲν
1084 3986 1302 4055 ἔλεγχος
1345 3985 1493 4048 τέλος
1537 3984 1682 4053 ἔχειν
1717 3985 1816 4054 τὴν

236 4077 523 4146 διόρθωσιν
547 4077 640 4130 τοῦ
666 4080 1090 4150 ἁμαρτάνοντος,
1107 4079 1203 4130 ὀδὲ
1225 4073 1523 4144 ὀνειδισμὸς
1545 4077 1636 4127 ἐπὶ
1656 4075 1819 4144 ἀσχη-

241 4171 450 4242 μοσύνῃ
483 4172 591 4239 (Η)
623 4172 717 4223 τοῦ
760 4172 1079 4232 ὲπταικότος
1115 4168 1380 4238 γίνεσθαι.
1426 4166 1622 4217 Πενίαν
1676 4165 1752 4228 δὲ,
1785 4165 1818 4234 ἧ

238 4261 570 4326 δυσγένειαν,
599 4264 628 4332 ἢ
670 4263 962 4332 ἀμαθειαν,
992 4265 1024 4333 ἢ
1053 4262 1301 4330 σώματος
1336 4259 1646 4329 ἀρρωστίαν
1684 4258 1821 4310 ὀνει-

238 4353 405 4414 δίςειν
437 4353 611 4423 πάντη
650 4355 862 4421 ἄλογον,
902 4356 996 4406 καὶ
1044 4354 1322 4423 ἀλλότριον
1369 4350 1461 4402 τοῦ
1508 4351 1816 4402 σπουδαίου.

248 4448 312 4498 "A
347 4446 452 4518 γὰρ
495 4449 595 4499 οὐκ
629 4450 693 4499 ὲκ
727 4447 1096 4517 προαιρέσεως
1143 4449 1272 4516 ἡμῖν
1315 4443 1622 4514 συμϐαίνει,
1651 4443 1822 4496 ταῦτα

1892 591 2089 642 bonum
2118 588 2242 641 mali
2273 587 2623 655 permistione
2652 581 2776 634 dolo
2812 581 3080 650 inquinari
3128 578 3343 633 dicitur.
3370 575 3461 628 Sic

1892 681 2071 733 vinum
2094 679 2214 731 dolo
2241 676 2496 739 inﬁcitur,
2527 691 2648 730 cum
2685 673 2733 728 ei
2763 673 2891 742 quid
2923 672 3070 740 pejus
3115 669 3463 729 admiscetur,

1893 775 1976 827 vel
2005 790 2128 827 cum
2158 788 2294 842 aqua
2327 770 2426 839 ipsi
2466 770 2788 828 atTunditur:
2818 766 2943 820 item
2971 781 3159 819 aurum
3194 764 3316 819 dolo
3350 759 3464 815 alli-

1894 865 2036 919 citnr
2070 877 2178 920 tum
2207 881 2330 920 cum
2378 874 2600 932 argento
2650 872 2704 916 et
2745 861 2836 916 aeri
2882 857 3224 926 coniungitur
3254 876 3266 910 :
3303 859 3374 909 ita
3409 863 3465 907 et

1895 959 2094 1012 veritas
2115 959 2236 1011 dolo
2267 957 2602 1026 deturpatur,
2632 956 2676 1008 si
2708 939 3114 1010 verbis'sanctis
3141 958 3462 1004 conuectan-

1901 1057 1985 1101 tur
2019 1048 2380 1119 blasphemiae.

1968 1322 2021 1377 4.
2057 1320 2168 1375 Nec
2191 1321 2310 1388 fecit
2347 1321 2582 1390 proximo
2605 1336 2700 1375 suo
2725 1317 3127 1382 malum.Qnem
3162 1314 3466 1382 proximum

1905 1414 2106 1483 107“
2139 1412 2326 1467 isduec
2365 1412 2630 1466 sententia
2661 1412 2924 1480 designet,
2959 1422 3114 1462 nemo
3141 1400 3345 1462 dubitat
3375 1419 3471 1460 eo-

1901 1523 2045 1573 rum,
2099 1507 2191 1576 qui
2253 1505 2542 1560 audierunt
2592 1505 2959 1574 Evangelium,
3010 1503 3240 1569 quodam
3295 1502 3468 1556 inter-

1907 1608 2128 1666 rogante
2158 1617 2171 1652 :
2219 1597 2283 1651 Et
2311 1598 2427 1665 quis
2453 1607 2526 1650 est
2552 1614 2693 1650 meus
2715 1597 3053 1664 proximus"?
3081 1595 3176 1652 Cui
3212 1595 3470 1649 Dominus

1903 1693 2036 1746 dixit
2095 1691 2404 1760 parabolam
2463 1691 2633 1754 illius,
2685 1692 2778 1758 qui
2839 1691 2908 1742 ab
2961 1688 3259 1743 Jerusalem
3300 1687 3353 1740 in
3383 1681 3473 1741 Je-

1907 1786 2058 1838 richo
2116 1785 2525 1839 descendebat:
2575 1797 2736 1852 quem
2799 1791 2849 1834 et
2899 1779 3297 1847 interrogavit:
3340 1778 3472 1844 Quis

1905 1880 2090 1930 horum
2154 1881 2359 1931 videtur
2415 1879 2508 1930 tibi
2547 1879 2820 1938 proximus
2870 1873 3079 1942 fuisse?
3119 1874 3186 1926 At
3237 1873 3324 1926 ille
3382 1887 3472 1926 rea

1906 1970 2156 2037 Spondit;
2193 1969 2298 2034 Qui
2332 1970 2454 2036 fecit
2501 1969 2920 2022 misericordiam
2951 1968 3002 2018 iu
3043 1965 3236 2018 illum”.
3287 1965 3476 2018 Docuit

1904 2063 2047 2118 enim
2087 2063 2168 2116 his
2216 2063 2395 2115 verbis
2445 2062 2717 2115 hominem
2780 2077 2994 2114 munem
3033 2059 3329 2130 putandum
3356 2071 3477 2112 esse

1904 2155 2236 2225 proximum.
2298 2153 2412 2207 lloc
2484 2163 2666 2205 autem
2721 2154 3007 2205 observatu
3080 2147 3295 2205 difﬁcile
3347 2159 3472 2212 est,

1909 2247 2241 2316 multamque
2286 2246 2515 2315 requirit
2557 2245 2913 2314 diligentiam,
2961 2258 3133 2311 neque
3182 2244 3236 2296 in
3287 2257 3474 2312 parva,

1911 2354 2082 2407 neque
2132 2339 2185 2392 in
2219 2355 2412 2409 magna
2471 2352 2527 2390 re
2581 2338 2824 2406 proximo
2865 2350 3102 2391 noceret
3163 2349 3268 2390 non
3315 2335 3479 2390 verbo

1907 2431 2202 2492 olfendcre,
2253 2446 2358 2484 non
2419 2445 2541 2483 eum
2599 2429 2750 2484 bonis
2799 2429 2912 2484 suis
2966 2428 3218 2497 spoliare,
3270 2429 3318 2484 ei
3372 2444 3478 2484 non

1911 2524 2050 2578 male
2103 2537 2323 2590 cupere,
2385 2537 2490 2574 non
2527 2523 2664 2575 laetis
2708 2537 2769 2573 ac
2812 2521 3088 2590 prosperis
3127 2522 3355 2590 proximi
3398 2535 3481 2576 re-

1908 2617 2008 2671 bus
2060 2615 2319 2668 invidere.
2363 2611 2432 2665 Et
2479 2615 2812 2680 approbrium
2859 2629 2961 2665 non
3011 2614 3204 2677 accepit
3235 2613 3480 2666 adversus

1909 2710 2171 2775 proximos
2191 2723 2337 2760 suos.
2374 2705 2638 2774 Ambigua
2675 2703 2840 2756 dictio
2867 2713 2971 2765 est,
3025 2711 3206 2756 utrum
3257 2703 3368 2771 ipse
3397 2703 3480 2756 uio

1913 2799 1985 2852 bil
2033 2801 2268 2861 fecerit,
2325 2800 2465 2865 quod
2529 2797 2629 2850 sibi
2687 2796 2881 2850 merito
2928 2796 3242 2863 exprobrari
3301 2805 3484 2865 posset

1914 2904 1942 2942 a
1984 2890 2250 2957 proximo,
2300 2890 2369 2942 ob
2403 2889 2564 2955 idque
2617 2888 2968 2957 opprobrium
3025 2889 3092 2941 ab
3140 2901 3205 2940 eo
3251 2902 3356 2940 nun
3393 2901 3484 2942 ac-

1914 2980 2151 3046 ceperit;
2208 2995 2275 3032 an
2319 2980 2610 3048 opprobrio
2667 2979 2868 3032 nullum
2939 2979 3306 3045 proximorum
3353 2976 3486 3032 alle-

1913 3073 2064 3136 cerit,
2094 3073 2185 3141 qui
2219 3072 2272 3125 in
2307 3072 2545 3126 humana
2585 3071 2778 3124 delicta
2803 3071 3034 3140 prolapsi
3079 3071 3207 3134 sint,
3233 3079 3325 3124 aut
3361 3086 3484 3124 cum

1915 3166 2174 3219 mutilatis
2231 3165 2476 3232 corporis
2536 3163 2795 3231 partibus,
2849 3173 2941 3214 aut
2993 3161 3113 3214 aliis
3162 3161 3485 3228 quibusdam

1919 3256 2097 3310 carnis
2141 3254 2439 3309 defectibus
2479 3252 2682 3306 fuerint
2723 3254 3066 3321 deprehensi.
3106 3251 3290 3322 Neque
3341 3255 3484 3306 enim

1920 3351 1966 3405 is
2012 3351 2105 3417 qui
2150 3356 2360 3416 peccat,
2415 3346 2629 3414 probris
2684 3344 3033 3398 iusectandus
3095 3354 3192 3404 est,
3237 3345 3310 3397 uti
3345 3345 3487 3398 scri-

1920 3451 2065 3510 ptum
2126 3451 2258 3492 est:
2317 3437 2400 3491 Ne
2435 3438 2751 3503 improperae
2803 3436 3000 3489 homini
3044 3439 3294 3490 avertenti
3342 3453 3398 3489 se
3455 3453 3487 3489 a

1917 3537 2129 3597 peccato
2150 3529 2214 3580 ¹⁰.
2267 3527 2452 3597 Neque
2507 3529 2650 3580 enim
2707 3529 2954 3581 novimus
2990 3543 3223 3596 unquam
3274 3527 3340 3581 ad
3393 3528 3486 3581 ded

1921 3619 2277 3689 linquentium
2335 3617 2624 3672 utilitatem
2667 3617 3014 3688 opprobrium
3070 3617 3234 3672 fuisse
3277 3618 3490 3672 adhibi-

1923 3723 2054 3768 tum.
2111 3712 2243 3766 Nam
2295 3711 2583 3779 Apostolus
2617 3711 2670 3764 in
2735 3711 2846 3764 suis
2898 3711 2963 3764 ad
3018 3709 3338 3773 discipulum
3397 3709 3489 3765 Ti‘

1921 3805 2194 3859 motheum
2247 3805 2618 3868 documentis,
2672 3802 3150 3871 reprehensionem
3189 3804 3406 3870 quidem
3435 3813 3490 3857 et

1919 3897 2379 3960 obsecrationem,
2410 3906 2464 3951 et
2493 3895 2925 3965 obiurgationem
2978 3894 3289 3964 permittit“
3311 3934 3326 3957 ,
3363 3909 3485 3946 nuso

1921 4005 2081 4059 quam
2117 4004 2244 4042 vero
2271 3989 2615 4056 opprobrium
2661 3986 2898 4049 admisit,
2936 3998 3191 4056 tanquam
3223 3986 3363 4053 quod
3399 3986 3492 4039 ads

1921 4094 2190 4145 versetur,
2233 4094 2296 4135 ac
2325 4080 2660 4134 contrarium
2690 4079 2778 4132 sit.
2821 4078 2885 4133 Et
2917 4079 3125 4133 videtur
3154 4080 3370 4148 quidem
3402 4078 3493 4132 οι»

1917 4169 2152 4239 jurgatio
2211 4167 2370 4222 tinem
2434 4167 2632 4220 habere
2686 4169 2986 4236 peccatoris
3045 4169 3444 4222 correctionem

1921 4261 2271 4331 opprobrium
2332 4274 2462 4314 vero
2515 4260 2580 4313 ad
2633 4258 2767 4327 lapsi
2836 4259 3209 4312 confusionem
3283 4257 3489 4312 inferri.

1923 4353 2305 4422 Paupertatem
2335 4361 2536 4415 autem,
2563 4360 2654 4404 aut
2687 4351 3079 4420 ignobilitatem
3117 4351 3353 4418 generis,
3398 4360 3491 4405 aut

1924 4445 2558 4517 corporisinﬂrmitatem
2617 4446 2817 4514 probro
2867 4455 3102 4510 vertere,
3129 4459 3356 4514 prorsus
3390 4443 3490 4496 ab-

241 4539 490 4593 ἀκούσια·
530 4540 623 4591 ἐπὶ
660 4539 718 4592 δὲ
745 4543 856 4602 τοῖς
904 4539 1179 4602 ἀκουσίοις
1230 4537 1602 4607 ἐλαττώμασιν
1649 4536 1811 4588 ἐλεεῖ-

1924 4542 2145 4592 surdum
2189 4545 2273 4590 est
2330 4545 2383 4590 et
2413 4552 2441 4589 a
2482 4535 2581 4588 viri
2614 4536 2762 4606 probi
2797 4538 3038 4589 moribus
3080 4535 3336 4588 alienum.
3363 4534 3493 4602 Qua

315 4769 333 4798 "
357 4767 516 4823 Prov.
551 4785 649 4834 xu,
684 4768 774 4822 20.
851 4767 872 4797 ⁸
902 4765 1031 4821 Luc.
1084 4785 1137 4833 x,
1181 4768 1269 4823 29.
1335 4768 1356 4798 '
1390 4768 1519 4821 ibid.
1570 4765 1660 4828 56,
1690 4768 1775 4820 '57.

244 4971 439 5038 legitur
465 4972 518 5024 in
565 4970 697 5040 Reg.
737 4972 994 5024 secundo.
1041 4970 1157 5023 Mox
1208 4969 1370 5022 editio
1411 4968 1582 5040 Paris.
1635 4969 1812 5035 ἐξολο-

244 5040 482 5110 θρεύσει.
529 5038 704 5094 Editio
763 5041 923 5093 Basil.
979 5050 1030 5095 et
1085 5043 1318 5108 quinque
1347 5056 1473 5092 mss.
1508 5038 1816 5110 ὲξολοθρεύ-

245 5109 357 5171 σαι,
388 5123 440 5161 et
463 5114 530 5162 ita
557 5127 768 5178 quoque
802 5113 1001 5164 editum
1044 5113 1344 5163 invenimus
1371 5111 1508 5175 apud
1545 5109 1705 5161 LXX.

319 5182 393 5248 (8)
433 5181 569 5232 Editi
613 5197 729 5232 cum
764 5180 964 5246 majore
1001 5193 1152 5249 parte
1189 5195 1316 5233 mss.
1357 5181 1812 5249 τεκταινομένων.

245 5251 401 5313 Rugii
433 5251 699 5302 secundus
729 5262 777 5303 et
818 5267 1043 5318 quartus
1087 5261 1141 5304 et
1167 5251 1320 5304 Colb.
1364 5266 1500 5301 unus
1545 5266 1644 5300 una
1693 5265 1812 5303 cum

246 5322 386 5374 LXX
433 5320 869 5386 τεκταινομένου.
929 5321 1051 5374 Ηςεο
1104 5323 1155 5373 in
1201 5322 1343 5373 httnc
1380 5321 1552 5371 locum
1612 5321 1815 5371 notavit

245 5393 642 5444 (lomhclisins:
686 5389 904 5442 Videtur
946 5409 1055 5443 esse
1088 5389 1243 5445 Prov.
1290 5406 1431 5449 XXVI,
1474 5388 1564 5449 ‘2’»,
1603 5391 1816 5457 deﬂexis

245 5461 520 5528 paululum
550 5460 778 5520 voubus,
811 5474 863 5511 ut
898 5461 1096 5513 Basilio
1134 5477 1236 5513 non
1268 5461 1572 5526 infrequens
1599 5474 1615 5510 :
1653 5461 1742 5511 sed
1774 5459 1816 5512 si

246 5531 554 5599 diligentius
599 5531 1013 5599 conquisivisset
1067 5533 1210 5582 illam
1265 5529 1560 5597 Scriptura:
1600 5537 1818 5581 senten-

247 5602 398 5671 tiam.
423 5617 550 5671 eam
584 5600 768 5671 iisdem
807 5601 984 5653 verbis
1008 5612 1060 5654 et
1091 5600 1632 5671 syllabisrepetissct
1664 5600 1821 5650 Prov.

249 5685 348 5732 xu,
379 5668 448 5721 '20
485 5670 706 5736 Aquilus
733 5668 1192 5736 Symmachusq'ue
1213 5681 1266 5723 et
1288 5668 1583 5721 Theodotio
1610 5684 1822 5720 τεκταιο

246 5741 464 5792 νόντων.
506 5740 726 5807 Vulgata
756 5741 917 5791 Dolus
955 5743 1006 5790 in
1038 5746 1190 5792 corde
1220 5740 1557 5804 cogitantium
1589 5740 1749 5789 nulla.

327 5813 394 5878 ’9)
433 5811 558 5876 κως.
610 5822 834 5876 quartus
879 5810 952 5872 ὡς
985 5812 1012 5860 ὁ
1051 5807 1188 5872 οἶνος
1218 5809 1460 5862 δολοῦται
1498 5809 1575 5878 τῷ
1619 5809 1820 5878 χείρονι

575 5911 840 5965 Ριιτιιοι..
891 5907 1007 5966 Gn.
1059 5907 1295 5968 XXIX.

1859 4765 1903 4796 ¹⁰
1939 4765 2101 4820 Eccli.
2136 4779 2258 4829 vm,
2283 4762 2334 4818 6.

2415 4761 2455 4792 ¹¹
2491 4759 2532 4814 ΙΙ
2560 4758 2702 4812 Tini.
2739 4773 2810 4817 tv,
2838 4756 2907 4820 9;
2939 4755 2954 4808 1
2985 4755 3124 4810 Tim.
3164 4756 3348 4818 “.15.

1914 4965 2074 5021 αὐτὸν
2113 4965 2502 5038 παραμίῐὶθςίἰ
2541 4964 2733 5018 tertius
2762 4974 2815 5038 et
2853 4975 3074 5038 quartus
3111 4961 3493 5034 habentaévﬁg

1915 5054 2012 5106 pro
2041 5034 2233 5105 ἁγίοις.
2264 5036 2367 5088 Alii
2406 5051 2497 5089 sex
2530 5051 2661 5090 mss.
2703 5034 2970 5105 vulgatam
3003 5035 3290 5089 lectionem
3327 5041 3487 5085 tuen-

1917 5119 2096 5246 1ἰηίλο)
2125 5175 2276 5229 Colb.
2296 5185 2520 5244 quartus
2549 5175 2776 5246 ῥήμασι.
2809 5175 2952 5229 Infra
2979 5174 3146 5227 editio
3176 5170 3350 5225 Paris.
3368 5187 3490 5224 cum

1915 5263 2022 5300 uno
2055 5256 2148 5299 aut
2181 5247 2350 5298 altero
2405 5262 2502 5317 ms.
2549 5247 2794 5317 πηρώσει
2844 5247 3152 5313 σωματικῇ.
3189 5247 3260 5317 At
3286 5252 3491 5317 septem

1917 5332 2044 5370 mss.
2071 5331 2193 5370 cum
2209 5317 2446 5368 editione
2463 5312 2937 5387 Β.ιεὶ1ξ’πηρὼμασι
2959 5312 3310 5387 σωμαλιτικοῖςξ
3330 5312 3494 5387 Paulo

1917 5397 2044 5494 post;
2059 5387 2169 5455 Reg
2213 5387 2402 5440 tertius
2428 5401 2477 5439 et
2505 5381 2730 5455 quartus
2761 5381 2883 5439 cum
2909 5381 3144 5439 editione
3172 5383 3332 5436 Basil.
3362 5381 3486 5434 ἔπι-

1918 5474 2017 5494 (τε-Λ
2053 5473 2214 5494 mnu?”

1918 5473 2374 5596 mfieipfvéiulices
2420 5538 2540 5597 octo
2573 5526 2953 5597 ἀσχημοσύνῃ.
2991 5535 3128 5597 cuiu
3164 5538 3286 5578 cum

1917 5590 2144 5665 septimo
2200 5598 2447 5668 αἰσχύνῃ.
2505 5590 2835 5665 lxtfrani’ieg.
2894 5590 3175 5669 secundus
3224 5602 3276 5669 οι
3333 5590 3492 5669 Colb.

1919 5677 2103 5722 sextus
2151 5665 2542 5737 ἀποτοχόντας.
2607 5669 2711 5721 Alii
2781 5684 2910 5722 tnss.
2966 5676 3018 5719 et
3052 5666 3180 5720 editi
3231 5665 3496 5730 ὰτυχοῡνο

1918 5752 2037 5799 τας.

3138 5900 3176 5954 9
