  <div class='ocr_page' id='page_1' title='image "/cluster/home/n/w/nwhite01/storage/ocr_20150623/29/ien.35556001660547/538.png"; bbox 0 0 4062 6434; ppageno 0'>
   <div class='ocr_carea' id='block_1_1' title="bbox 601 342 2162 404">
    <p class='ocr_par' dir='ltr' id='par_1_1' title="bbox 601 347 2162 404">
     <span class='ocr_line' id='line_1_1' title="bbox 601 347 2162 404; baseline -0.001 -2"><span class='ocrx_word' id='word_1_1' title='bbox 601 347 708 404; x_wconf 72' lang='lat'><strong>9.39</strong></span> <span class='ocrx_word' id='word_1_2' title='bbox 1917 349 1972 400; x_wconf 83' lang='lat' dir='ltr'><strong>S.</strong></span> <span class='ocrx_word' id='word_1_3' title='bbox 2015 347 2162 401; x_wconf 83' lang='lat' dir='ltr'><strong>B.\Sl</strong></span> 
     </span>
    </p>
   </div>
   <div class='ocr_carea' id='block_1_2' title="bbox 2266 342 2519 404">
    <p class='ocr_par' dir='ltr' id='par_1_2' title="bbox 2304 342 2519 398">
     <span class='ocr_line' id='line_1_2' title="bbox 2304 342 2519 398; baseline -0.005 0"><span class='ocrx_word' id='word_1_4' title='bbox 2304 342 2519 398; x_wconf 68' lang='grc' dir='ltr'><strong>ΜᾹΟΝΙ</strong></span> 
     </span>
    </p>
   </div>
   <div class='ocr_carea' id='block_1_3' title="bbox 3775 343 3887 394">
    <p class='ocr_par' dir='ltr' id='par_1_3' title="bbox 3775 343 3887 394">
     <span class='ocr_line' id='line_1_3' title="bbox 3775 343 3887 394; baseline -0.027 0"><span class='ocrx_word' id='word_1_5' title='bbox 3775 343 3887 394; x_wconf 71' lang='lat' dir='ltr'><strong>em</strong></span> 
     </span>
    </p>
   </div>
   <div class='ocr_carea' id='block_1_4' title="bbox 601 463 2162 535">
    <p class='ocr_par' dir='ltr' id='par_1_4' title="bbox 601 464 2162 535">
     <span class='ocr_line' id='line_1_4' title="bbox 601 464 2162 535; baseline 0.001 -17"><span class='ocrx_word' id='word_1_6' title='bbox 601 466 742 518; x_wconf 86' lang='lat' dir='ltr'><strong>cnim</strong></span> <span class='ocrx_word' id='word_1_7' title='bbox 779 464 929 519; x_wconf 90' lang='lat' dir='ltr'><strong>nobis</strong></span> <span class='ocrx_word' id='word_1_8' title='bbox 959 465 1273 534; x_wconf 81' lang='lat' dir='ltr'><strong>contingunt</strong></span> <span class='ocrx_word' id='word_1_9' title='bbox 1313 475 1506 535; x_wconf 70' lang='lat' dir='ltr'><strong>praater</strong></span> <span class='ocrx_word' id='word_1_10' title='bbox 1569 464 1921 528; x_wconf 82' lang='lat' dir='ltr'><strong>voluntatem.</strong></span> <span class='ocrx_word' id='word_1_11' title='bbox 1975 482 2036 520; x_wconf 79' lang='lat' dir='ltr'><strong>ea</strong></span> <span class='ocrx_word' id='word_1_12' title='bbox 2067 483 2162 519; x_wconf 88' lang='lat' dir='ltr'><strong>non</strong></span> 
     </span>
    </p>
   </div>
   <div class='ocr_carea' id='block_1_5' title="bbox 2266 463 3888 535">
    <p class='ocr_par' dir='ltr' id='par_1_5' title="bbox 2278 463 3888 534">
     <span class='ocr_line' id='line_1_5' title="bbox 2278 463 3888 534; baseline -0.001 -19"><span class='ocrx_word' id='word_1_13' title='bbox 2278 463 2398 516; x_wconf 85' lang='grc' dir='ltr'>σθαι</span> <span class='ocrx_word' id='word_1_14' title='bbox 2433 464 2631 532; x_wconf 81' lang='grc' dir='ltr'>μᾶλλον</span> <span class='ocrx_word' id='word_1_15' title='bbox 2660 464 2691 534; x_wconf 80' lang='grc' dir='ltr'>ἦ</span> <span class='ocrx_word' id='word_1_16' title='bbox 2721 463 3142 534; x_wconf 78' lang='grc' dir='ltr'>καθυϐρίζεσθαι</span> <span class='ocrx_word' id='word_1_17' title='bbox 3173 468 3296 529; x_wconf 76' lang='grc' dir='ltr'>τοὺς</span> <span class='ocrx_word' id='word_1_18' title='bbox 3331 463 3683 533; x_wconf 73' lang='grc' dir='ltr'><strong>ἀτυχοῦντας</strong></span> <span class='ocrx_word' id='word_1_19' title='bbox 3719 477 3888 531; x_wconf 59' lang='grc' dir='ltr'>πρισ-</span> 
     </span>
    </p>
   </div>
   <div class='ocr_carea' id='block_1_6' title="bbox 602 555 2170 624">
    <p class='ocr_par' dir='ltr' id='par_1_6' title="bbox 602 555 2170 624">
     <span class='ocr_line' id='line_1_6' title="bbox 602 555 2170 624; baseline 0.002 -18"><span class='ocrx_word' id='word_1_20' title='bbox 602 563 724 606; x_wconf 85' lang='lat' dir='ltr'><strong>snnt</strong></span> <span class='ocrx_word' id='word_1_21' title='bbox 775 555 1094 607; x_wconf 86' lang='lat' dir='ltr'><strong>voluntaria.</strong></span> <span class='ocrx_word' id='word_1_22' title='bbox 1138 557 1297 624; x_wconf 80' lang='lat' dir='ltr'><strong>Atqui</strong></span> <span class='ocrx_word' id='word_1_23' title='bbox 1341 557 1578 611; x_wconf 81' lang='lat' dir='ltr'><strong>infelices</strong></span> <span class='ocrx_word' id='word_1_24' title='bbox 1629 557 1749 613; x_wconf 91' lang='lat' dir='ltr'><strong>illos</strong></span> <span class='ocrx_word' id='word_1_25' title='bbox 1800 559 1866 610; x_wconf 92' lang='lat' dir='ltr'><strong>ob</strong></span> <span class='ocrx_word' id='word_1_26' title='bbox 1917 555 2046 607; x_wconf 89' lang='lat' dir='ltr'><strong>vitia</strong></span> <span class='ocrx_word' id='word_1_27' title='bbox 2091 557 2170 609; x_wconf 83' lang='lat' dir='ltr'><strong>ci-</strong></span> 
     </span>
    </p>
   </div>
   <div class='ocr_carea' id='block_1_7' title="bbox 2280 555 2433 624">
    <p class='ocr_par' dir='ltr' id='par_1_7' title="bbox 2280 555 2433 624">
     <span class='ocr_line' id='line_1_7' title="bbox 2280 555 2433 624; baseline -0.013 -16"><span class='ocrx_word' id='word_1_28' title='bbox 2280 555 2433 624; x_wconf 80' lang='grc' dir='ltr'>ἧκεν.</span> 
     </span>
    </p>
   </div>
   <div class='ocr_carea' id='block_1_8' title="bbox 601 652 3327 719">
    <p class='ocr_par' dir='ltr' id='par_1_8' title="bbox 601 652 3327 719">
     <span class='ocr_line' id='line_1_8' title="bbox 601 652 3327 719; baseline 0.003 -16"><span class='ocrx_word' id='word_1_29' title='bbox 601 659 680 703; x_wconf 91' lang='lat' dir='ltr'><strong>tra</strong></span> <span class='ocrx_word' id='word_1_30' title='bbox 733 652 894 703; x_wconf 84' lang='lat' dir='ltr'><strong>animi</strong></span> <span class='ocrx_word' id='word_1_31' title='bbox 953 653 1272 707; x_wconf 88' lang='lat' dir='ltr'><strong>sententiam</strong></span> <span class='ocrx_word' id='word_1_32' title='bbox 1333 655 1628 708; x_wconf 79' lang='lat' dir='ltr'><strong>accidentia</strong></span> <span class='ocrx_word' id='word_1_33' title='bbox 1678 655 1845 710; x_wconf 90' lang='lat' dir='ltr'><strong>satius</strong></span> <span class='ocrx_word' id='word_1_34' title='bbox 1888 665 1972 708; x_wconf 89' lang='lat' dir='ltr'><strong>est</strong></span> <span class='ocrx_word' id='word_1_35' title='bbox 2010 652 2287 718; x_wconf 84' lang='lat' dir='ltr'><strong>miserari,</strong></span> <span class='ocrx_word' id='word_1_36' title='bbox 2345 666 2506 719; x_wconf 86' lang='lat' dir='ltr'><strong>quam</strong></span> <span class='ocrx_word' id='word_1_37' title='bbox 2568 669 2660 707; x_wconf 81' lang='lat' dir='ltr'><strong>eos</strong></span> <span class='ocrx_word' id='word_1_38' title='bbox 2717 656 3040 708; x_wconf 79' lang='lat' dir='ltr'><strong>contumelia</strong></span> <span class='ocrx_word' id='word_1_39' title='bbox 3093 656 3327 710; x_wconf 80' lang='lat' dir='ltr'><strong>aﬂicere.</strong></span> 
     </span>
    </p>
   </div>
   <div class='ocr_carea' id='block_1_9' title="bbox 674 743 2168 810">
    <p class='ocr_par' dir='ltr' id='par_1_9' title="bbox 674 743 2168 810">
     <span class='ocr_line' id='line_1_9' title="bbox 674 743 2168 810; baseline 0.001 -12"><span class='ocrx_word' id='word_1_40' title='bbox 674 743 726 798; x_wconf 86' lang='lat'><strong>5.</strong></span> <span class='ocrx_word' id='word_1_41' title='bbox 786 744 944 796; x_wconf 68' lang='lat' dir='ltr'><strong>Vens.</strong></span> <span class='ocrx_word' id='word_1_42' title='bbox 975 743 1027 795; x_wconf 60' lang='lat'><strong>4.</strong></span> <span class='ocrx_word' id='word_1_43' title='bbox 1063 744 1142 797; x_wconf 78' lang='lat' dir='ltr'><strong>At!</strong></span> <span class='ocrx_word' id='word_1_44' title='bbox 1181 746 1396 797; x_wconf 76' lang='lat' dir='ltr'><strong>nihilum</strong></span> <span class='ocrx_word' id='word_1_45' title='bbox 1426 746 1677 799; x_wconf 75' lang='lat' dir='ltr'><strong>deductus</strong></span> <span class='ocrx_word' id='word_1_46' title='bbox 1712 754 1786 797; x_wconf 75' lang='lat' dir='ltr'><strong>est</strong></span> <span class='ocrx_word' id='word_1_47' title='bbox 1813 747 1864 797; x_wconf 86' lang='lat' dir='ltr'><strong>in</strong></span> <span class='ocrx_word' id='word_1_48' title='bbox 1893 756 2168 810; x_wconf 78' lang='lat' dir='ltr'><strong>conspectu</strong></span> 
     </span>
    </p>
   </div>
   <div class='ocr_carea' id='block_1_10' title="bbox 601 834 2162 903">
    <p class='ocr_par' dir='ltr' id='par_1_10' title="bbox 601 834 2162 903">
     <span class='ocr_line' id='line_1_10' title="bbox 601 834 2162 903; baseline 0.003 -18"><span class='ocrx_word' id='word_1_49' title='bbox 601 834 713 900; x_wconf 77' lang='lat' dir='ltr'><strong>ejus</strong></span> <span class='ocrx_word' id='word_1_50' title='bbox 761 835 1062 902; x_wconf 70' lang='lat' dir='ltr'><strong>malignus:</strong></span> <span class='ocrx_word' id='word_1_51' title='bbox 1097 836 1330 886; x_wconf 77' lang='lat' dir='ltr'><strong>timentes</strong></span> <span class='ocrx_word' id='word_1_52' title='bbox 1368 847 1540 889; x_wconf 85' lang='lat' dir='ltr'><strong>autem</strong></span> <span class='ocrx_word' id='word_1_53' title='bbox 1573 837 1848 888; x_wconf 79' lang='lat' dir='ltr'><strong>Dominum</strong></span> <span class='ocrx_word' id='word_1_54' title='bbox 1883 835 2162 903; x_wconf 79' lang='lat' dir='ltr'><strong>gloriﬁcat.</strong></span> 
     </span>
    </p>
   </div>
   <div class='ocr_carea' id='block_1_11' title="bbox 604 925 2168 996">
    <p class='ocr_par' dir='ltr' id='par_1_11' title="bbox 604 925 2168 996">
     <span class='ocr_line' id='line_1_11' title="bbox 604 925 2168 996; baseline 0.001 -19"><span class='ocrx_word' id='word_1_55' title='bbox 604 925 694 977; x_wconf 79' lang='lat' dir='ltr'><strong>Est</strong></span> <span class='ocrx_word' id='word_1_56' title='bbox 729 926 892 978; x_wconf 90' lang='lat' dir='ltr'><strong>animi</strong></span> <span class='ocrx_word' id='word_1_57' title='bbox 936 941 1152 996; x_wconf 79' lang='lat' dir='ltr'><strong>prorsus</strong></span> <span class='ocrx_word' id='word_1_58' title='bbox 1179 927 1377 992; x_wconf 84' lang='lat' dir='ltr'><strong>magni,</strong></span> <span class='ocrx_word' id='word_1_59' title='bbox 1417 938 1468 982; x_wconf 92' lang='lat' dir='ltr'><strong>et</strong></span> <span class='ocrx_word' id='word_1_60' title='bbox 1523 930 1659 979; x_wconf 89' lang='lat' dir='ltr'><strong>inter</strong></span> <span class='ocrx_word' id='word_1_61' title='bbox 1692 941 2037 994; x_wconf 85' lang='lat' dir='ltr'><strong>quascunque</strong></span> <span class='ocrx_word' id='word_1_62' title='bbox 2072 928 2168 980; x_wconf 85' lang='lat' dir='ltr'><strong>btt-</strong></span> 
     </span>
    </p>
   </div>
   <div class='ocr_carea' id='block_1_12' title="bbox 603 1019 2168 1088">
    <p class='ocr_par' dir='ltr' id='par_1_12' title="bbox 603 1019 2168 1088">
     <span class='ocr_line' id='line_1_12' title="bbox 603 1019 2168 1088; baseline 0.002 -16"><span class='ocrx_word' id='word_1_63' title='bbox 603 1035 886 1073; x_wconf 84' lang='lat' dir='ltr'><strong>mauarum</strong></span> <span class='ocrx_word' id='word_1_64' title='bbox 911 1037 1084 1073; x_wconf 79' lang='lat' dir='ltr'><strong>rerum</strong></span> <span class='ocrx_word' id='word_1_65' title='bbox 1114 1021 1461 1074; x_wconf 79' lang='lat' dir='ltr'><strong>necessitates</strong></span> <span class='ocrx_word' id='word_1_66' title='bbox 1497 1019 2168 1088; x_wconf 69' lang='lat' dir='ltr'><strong>immoti,viriquejustitiae</strong></span> 
     </span>
    </p>
   </div>
   <div class='ocr_carea' id='block_1_13' title="bbox 605 1111 2168 1181">
    <p class='ocr_par' dir='ltr' id='par_1_13' title="bbox 605 1111 2168 1181">
     <span class='ocr_line' id='line_1_13' title="bbox 605 1111 2168 1181; baseline 0.002 -17"><span class='ocrx_word' id='word_1_67' title='bbox 605 1113 790 1166; x_wconf 79' lang='lat' dir='ltr'><strong>habitu</strong></span> <span class='ocrx_word' id='word_1_68' title='bbox 819 1129 1022 1165; x_wconf 88' lang='lat' dir='ltr'><strong>summe</strong></span> <span class='ocrx_word' id='word_1_69' title='bbox 1043 1115 1266 1180; x_wconf 80' lang='lat' dir='ltr'><strong>exenlti,</strong></span> <span class='ocrx_word' id='word_1_70' title='bbox 1293 1111 1681 1177; x_wconf 86' lang='lat' dir='ltr'><strong>unicuiquejus</strong></span> <span class='ocrx_word' id='word_1_71' title='bbox 1712 1113 1979 1175; x_wconf 85' lang='lat' dir='ltr'><strong>tribuere;</strong></span> <span class='ocrx_word' id='word_1_72' title='bbox 2009 1122 2168 1181; x_wconf 83' lang='lat' dir='ltr'><strong>alque</strong></span> 
     </span>
    </p>
   </div>
   <div class='ocr_carea' id='block_1_14' title="bbox 607 1203 2168 1272">
    <p class='ocr_par' dir='ltr' id='par_1_14' title="bbox 607 1203 2168 1272">
     <span class='ocr_line' id='line_1_14' title="bbox 607 1203 2168 1272; baseline 0.001 -15"><span class='ocrx_word' id='word_1_73' title='bbox 607 1205 674 1256; x_wconf 80' lang='lat' dir='ltr'><strong>ad</strong></span> <span class='ocrx_word' id='word_1_74' title='bbox 709 1203 928 1257; x_wconf 79' lang='lat' dir='ltr'><strong>nihilum</strong></span> <span class='ocrx_word' id='word_1_75' title='bbox 965 1203 1230 1258; x_wconf 80' lang='lat' dir='ltr'><strong>deducere</strong></span> <span class='ocrx_word' id='word_1_76' title='bbox 1263 1206 1543 1272; x_wconf 79' lang='lat' dir='ltr'><strong>malignos,</strong></span> <span class='ocrx_word' id='word_1_77' title='bbox 1583 1205 1793 1257; x_wconf 83' lang='lat' dir='ltr'><strong>tametsi</strong></span> <span class='ocrx_word' id='word_1_78' title='bbox 1837 1205 2168 1272; x_wconf 81' lang='lat' dir='ltr'><strong>principatus</strong></span> 
     </span>
    </p>
   </div>
   <div class='ocr_carea' id='block_1_15' title="bbox 605 1293 2198 1366">
    <p class='ocr_par' dir='ltr' id='par_1_15' title="bbox 605 1293 2198 1366">
     <span class='ocr_line' id='line_1_15' title="bbox 605 1293 2198 1366; baseline 0.001 -22"><span class='ocrx_word' id='word_1_79' title='bbox 605 1307 823 1360; x_wconf 80' lang='lat' dir='ltr'><strong>magnos</strong></span> <span class='ocrx_word' id='word_1_80' title='bbox 879 1293 1140 1356; x_wconf 85' lang='lat' dir='ltr'><strong>obtinent,</strong></span> <span class='ocrx_word' id='word_1_81' title='bbox 1187 1293 1393 1347; x_wconf 79' lang='lat' dir='ltr'><strong>tametsi</strong></span> <span class='ocrx_word' id='word_1_82' title='bbox 1429 1294 1630 1346; x_wconf 77' lang='lat' dir='ltr'><strong>divitiis</strong></span> <span class='ocrx_word' id='word_1_83' title='bbox 1671 1293 1916 1356; x_wconf 89' lang='lat' dir='ltr'><strong>alllunnt,</strong></span> <span class='ocrx_word' id='word_1_84' title='bbox 1952 1296 2198 1366; x_wconf 40' lang='lat' dir='ltr'><strong>tametsi-</strong></span> 
     </span>
    </p>
   </div>
   <div class='ocr_carea' id='block_1_16' title="bbox 604 1385 2164 1454">
    <p class='ocr_par' dir='ltr' id='par_1_16' title="bbox 604 1385 2164 1454">
     <span class='ocr_line' id='line_1_16' title="bbox 604 1385 2164 1454; baseline 0.002 -19"><span class='ocrx_word' id='word_1_85' title='bbox 604 1385 860 1447; x_wconf 75' lang='lat' dir='ltr'><strong>natalium</strong></span> <span class='ocrx_word' id='word_1_86' title='bbox 909 1385 1191 1454; x_wconf 84' lang='lat' dir='ltr'><strong>splendore</strong></span> <span class='ocrx_word' id='word_1_87' title='bbox 1219 1394 1339 1436; x_wconf 86' lang='lat' dir='ltr'><strong>sunt</strong></span> <span class='ocrx_word' id='word_1_88' title='bbox 1365 1385 1658 1453; x_wconf 82' lang='lat' dir='ltr'><strong>conspicui,</strong></span> <span class='ocrx_word' id='word_1_89' title='bbox 1693 1386 1902 1438; x_wconf 84' lang='lat' dir='ltr'><strong>tametsi</strong></span> <span class='ocrx_word' id='word_1_90' title='bbox 1933 1385 2032 1438; x_wconf 83' lang='lat' dir='ltr'><strong>sibi</strong></span> <span class='ocrx_word' id='word_1_91' title='bbox 2065 1387 2164 1452; x_wconf 84' lang='lat' dir='ltr'><strong>ipsi</strong></span> 
     </span>
    </p>
   </div>
   <div class='ocr_carea' id='block_1_17' title="bbox 603 1475 2166 1542">
    <p class='ocr_par' dir='ltr' id='par_1_17' title="bbox 603 1475 2166 1542">
     <span class='ocr_line' id='line_1_17' title="bbox 603 1475 2166 1542; baseline 0.004 -17"><span class='ocrx_word' id='word_1_92' title='bbox 603 1477 881 1530; x_wconf 86' lang='lat' dir='ltr'><strong>vindicant</strong></span> <span class='ocrx_word' id='word_1_93' title='bbox 907 1476 1304 1536; x_wconf 74' lang='lat' dir='ltr'><strong>clarittn&#39;linem,</strong></span> <span class='ocrx_word' id='word_1_94' title='bbox 1341 1483 1579 1527; x_wconf 89' lang='lat' dir='ltr'><strong>attamen</strong></span> <span class='ocrx_word' id='word_1_95' title='bbox 1613 1479 1654 1530; x_wconf 93' lang='lat' dir='ltr'><strong>si</strong></span> <span class='ocrx_word' id='word_1_96' title='bbox 1684 1477 1939 1542; x_wconf 80' lang='lat' dir='ltr'><strong>iniquitas</strong></span> <span class='ocrx_word' id='word_1_97' title='bbox 1972 1475 2082 1528; x_wconf 87' lang='lat' dir='ltr'><strong>sola</strong></span> <span class='ocrx_word' id='word_1_98' title='bbox 2114 1477 2166 1532; x_wconf 87' lang='lat' dir='ltr'><strong>in</strong></span> 
     </span>
    </p>
   </div>
   <div class='ocr_carea' id='block_1_18' title="bbox 603 1564 2167 1635">
    <p class='ocr_par' dir='ltr' id='par_1_18' title="bbox 603 1564 2167 1635">
     <span class='ocr_line' id='line_1_18' title="bbox 603 1564 2167 1635; baseline 0.001 -18"><span class='ocrx_word' id='word_1_99' title='bbox 603 1567 732 1635; x_wconf 78' lang='lat' dir='ltr'><strong>ipsis</strong></span> <span class='ocrx_word' id='word_1_100' title='bbox 779 1564 1193 1634; x_wconf 80' lang='lat' dir='ltr'><strong>deprehenditur</strong></span> <span class='ocrx_word' id='word_1_101' title='bbox 1226 1602 1240 1626; x_wconf 97' lang='lat'><strong>,</strong></span> <span class='ocrx_word' id='word_1_102' title='bbox 1287 1564 1419 1616; x_wconf 82' lang='lat' dir='ltr'><strong>tales</strong></span> <span class='ocrx_word' id='word_1_103' title='bbox 1482 1572 1546 1617; x_wconf 89' lang='lat' dir='ltr'><strong>ad</strong></span> <span class='ocrx_word' id='word_1_104' title='bbox 1596 1567 1817 1618; x_wconf 89' lang='lat' dir='ltr'><strong>nihilum</strong></span> <span class='ocrx_word' id='word_1_105' title='bbox 1881 1566 2167 1626; x_wconf 84' lang='lat' dir='ltr'><strong>deducere.</strong></span> 
     </span>
    </p>
   </div>
   <div class='ocr_carea' id='block_1_19' title="bbox 605 1655 2168 1722">
    <p class='ocr_par' dir='ltr' id='par_1_19' title="bbox 605 1655 2168 1722">
     <span class='ocr_line' id='line_1_19' title="bbox 605 1655 2168 1722; baseline 0 -12"><span class='ocrx_word' id='word_1_106' title='bbox 605 1659 702 1710; x_wconf 91' lang='lat' dir='ltr'><strong>hoc</strong></span> <span class='ocrx_word' id='word_1_107' title='bbox 755 1665 856 1717; x_wconf 86' lang='lat' dir='ltr'><strong>est,</strong></span> <span class='ocrx_word' id='word_1_108' title='bbox 901 1655 1051 1706; x_wconf 83' lang='lat' dir='ltr'><strong>nihili</strong></span> <span class='ocrx_word' id='word_1_109' title='bbox 1101 1655 1395 1716; x_wconf 74' lang='lat' dir='ltr'><strong>testimare,</strong></span> <span class='ocrx_word' id='word_1_110' title='bbox 1451 1657 1648 1722; x_wconf 80' lang='lat' dir='ltr'><strong>magni,</strong></span> <span class='ocrx_word' id='word_1_111' title='bbox 1707 1657 1945 1722; x_wconf 81' lang='lat' dir='ltr'><strong>inquam,</strong></span> <span class='ocrx_word' id='word_1_112' title='bbox 1999 1659 2168 1710; x_wconf 81' lang='lat' dir='ltr'><strong>animi</strong></span> 
     </span>
    </p>
   </div>
   <div class='ocr_carea' id='block_1_20' title="bbox 599 1747 2168 1819">
    <p class='ocr_par' dir='ltr' id='par_1_20' title="bbox 599 1747 2168 1819">
     <span class='ocr_line' id='line_1_20' title="bbox 599 1747 2168 1819; baseline 0 -19"><span class='ocrx_word' id='word_1_113' title='bbox 599 1759 702 1803; x_wconf 77' lang='lat' dir='ltr'><strong>cst.</strong></span> <span class='ocrx_word' id='word_1_114' title='bbox 729 1750 950 1812; x_wconf 81' lang='lat' dir='ltr'><strong>Contra,</strong></span> <span class='ocrx_word' id='word_1_115' title='bbox 990 1747 1238 1800; x_wconf 78' lang='lat' dir='ltr'><strong>timentes</strong></span> <span class='ocrx_word' id='word_1_116' title='bbox 1271 1749 1574 1809; x_wconf 86' lang='lat' dir='ltr'><strong>Dominum,</strong></span> <span class='ocrx_word' id='word_1_117' title='bbox 1613 1750 1854 1815; x_wconf 87' lang='lat' dir='ltr'><strong>quamvis</strong></span> <span class='ocrx_word' id='word_1_118' title='bbox 1885 1748 1994 1802; x_wconf 92' lang='lat' dir='ltr'><strong>sint</strong></span> <span class='ocrx_word' id='word_1_119' title='bbox 2037 1766 2168 1819; x_wconf 81' lang='lat' dir='ltr'><strong>pau-</strong></span> 
     </span>
    </p>
   </div>
   <div class='ocr_carea' id='block_1_21' title="bbox 2346 743 3882 814">
    <p class='ocr_par' dir='ltr' id='par_1_21' title="bbox 2346 743 3882 814">
     <span class='ocr_line' id='line_1_21' title="bbox 2346 743 3882 814; baseline 0.001 -18"><span class='ocrx_word' id='word_1_120' title='bbox 2346 743 2397 796; x_wconf 81' lang='grc'>5.</span> <span class='ocrx_word' id='word_1_121' title='bbox 2454 745 2869 808; x_wconf 76' lang='grc' dir='ltr'>Ἐεουδένωται</span> <span class='ocrx_word' id='word_1_122' title='bbox 2922 746 3178 798; x_wconf 70' lang='grc' dir='ltr'>ἐνώπιον</span> <span class='ocrx_word' id='word_1_123' title='bbox 3225 748 3411 801; x_wconf 78' lang='grc' dir='ltr'>αὑτοῦ</span> <span class='ocrx_word' id='word_1_124' title='bbox 3463 747 3882 814; x_wconf 71' lang='grc' dir='ltr'>πονηρευόμε-</span> 
     </span>
    </p>
   </div>
   <div class='ocr_carea' id='block_1_22' title="bbox 2273 835 3876 906">
    <p class='ocr_par' dir='ltr' id='par_1_22' title="bbox 2273 835 3876 906">
     <span class='ocr_line' id='line_1_22' title="bbox 2273 835 3876 906; baseline 0 -18"><span class='ocrx_word' id='word_1_125' title='bbox 2273 853 2404 898; x_wconf 80' lang='grc' dir='ltr'>νος”</span> <span class='ocrx_word' id='word_1_126' title='bbox 2443 837 2582 902; x_wconf 86' lang='grc' dir='ltr'>τοὺς</span> <span class='ocrx_word' id='word_1_127' title='bbox 2627 835 2692 888; x_wconf 77' lang='grc' dir='ltr'>δὲ</span> <span class='ocrx_word' id='word_1_128' title='bbox 2725 836 3133 904; x_wconf 67' lang='grc' dir='ltr'>φοϐουμένους</span> <span class='ocrx_word' id='word_1_129' title='bbox 3173 837 3282 889; x_wconf 79' lang='grc' dir='ltr'>τὸν</span> <span class='ocrx_word' id='word_1_130' title='bbox 3329 842 3553 906; x_wconf 74' lang='grc' dir='ltr'>Κύριον</span> <span class='ocrx_word' id='word_1_131' title='bbox 3613 837 3876 901; x_wconf 75' lang='grc' dir='ltr'>δοξάζει.</span> 
     </span>
    </p>
   </div>
   <div class='ocr_carea' id='block_1_23' title="bbox 2273 927 3878 1000">
    <p class='ocr_par' dir='ltr' id='par_1_23' title="bbox 2273 927 3878 1000">
     <span class='ocr_line' id='line_1_23' title="bbox 2273 927 3878 1000; baseline 0.002 -19"><span class='ocrx_word' id='word_1_132' title='bbox 2273 927 2659 996; x_wconf 63' lang='grc' dir='ltr'>Μεγαλιοφυοῦς</span> <span class='ocrx_word' id='word_1_133' title='bbox 2680 927 2912 989; x_wconf 86' lang='grc' dir='ltr'>διανοίας</span> <span class='ocrx_word' id='word_1_134' title='bbox 2933 930 3024 980; x_wconf 80' lang='grc' dir='ltr'><strong>καὶ</strong></span> <span class='ocrx_word' id='word_1_135' title='bbox 3051 929 3184 998; x_wconf 75' lang='grc' dir='ltr'>πρὸς</span> <span class='ocrx_word' id='word_1_136' title='bbox 3205 930 3357 981; x_wconf 72' lang='grc' dir='ltr'>οὐδὲν</span> <span class='ocrx_word' id='word_1_137' title='bbox 3386 931 3878 1000; x_wconf 79' lang='grc' dir='ltr'>κατακλινομὲνης</span> 
     </span>
    </p>
   </div>
   <div class='ocr_carea' id='block_1_24' title="bbox 2272 1020 3879 1095">
    <p class='ocr_par' dir='ltr' id='par_1_24' title="bbox 2272 1020 3879 1095">
     <span class='ocr_line' id='line_1_24' title="bbox 2272 1020 3879 1095; baseline 0 -22"><span class='ocrx_word' id='word_1_138' title='bbox 2272 1020 2380 1073; x_wconf 87' lang='grc' dir='ltr'><strong>τῶν</strong></span> <span class='ocrx_word' id='word_1_139' title='bbox 2421 1022 2776 1093; x_wconf 79' lang='grc' dir='ltr'><strong>ἀνθρωπίνων</strong></span> <span class='ocrx_word' id='word_1_140' title='bbox 2829 1022 2990 1093; x_wconf 76' lang='grc' dir='ltr'>χρεία</span> <span class='ocrx_word' id='word_1_141' title='bbox 3040 1022 3182 1091; x_wconf 72' lang='grc'><strong>(12),</strong></span> <span class='ocrx_word' id='word_1_142' title='bbox 3245 1022 3336 1073; x_wconf 79' lang='grc' dir='ltr'>καὶ</span> <span class='ocrx_word' id='word_1_143' title='bbox 3372 1023 3572 1093; x_wconf 74' lang='grc' dir='ltr'>ἀνδρὸς</span> <span class='ocrx_word' id='word_1_144' title='bbox 3615 1025 3719 1095; x_wconf 75' lang='grc' dir='ltr'><strong>τὴν</strong></span> <span class='ocrx_word' id='word_1_145' title='bbox 3777 1023 3879 1091; x_wconf 64' lang='grc' dir='ltr'>τῆς</span> 
     </span>
    </p>
   </div>
   <div class='ocr_carea' id='block_1_25' title="bbox 2270 1114 3880 1187">
    <p class='ocr_par' dir='ltr' id='par_1_25' title="bbox 2270 1114 3880 1187">
     <span class='ocr_line' id='line_1_25' title="bbox 2270 1114 3880 1187; baseline 0.001 -21"><span class='ocrx_word' id='word_1_146' title='bbox 2270 1115 2613 1186; x_wconf 75' lang='grc' dir='ltr'><strong>δικαιοσύνης</strong></span> <span class='ocrx_word' id='word_1_147' title='bbox 2661 1115 2772 1180; x_wconf 76' lang='grc' dir='ltr'>ἕξιν</span> <span class='ocrx_word' id='word_1_148' title='bbox 2807 1117 2886 1178; x_wconf 83' lang='grc' dir='ltr'><strong>είς</strong></span> <span class='ocrx_word' id='word_1_149' title='bbox 2939 1117 3103 1187; x_wconf 81' lang='grc' dir='ltr'>ἀκρον</span> <span class='ocrx_word' id='word_1_150' title='bbox 3159 1114 3624 1186; x_wconf 80' lang='grc' dir='ltr'><strong>κατωρθωκότος,</strong></span> <span class='ocrx_word' id='word_1_151' title='bbox 3665 1118 3729 1168; x_wconf 83' lang='grc' dir='ltr'><strong>τὸ</strong></span> <span class='ocrx_word' id='word_1_152' title='bbox 3763 1119 3880 1169; x_wconf 83' lang='grc' dir='ltr'>δια-</span> 
     </span>
    </p>
   </div>
   <div class='ocr_carea' id='block_1_26' title="bbox 2271 1206 3878 1280">
    <p class='ocr_par' dir='ltr' id='par_1_26' title="bbox 2271 1206 3878 1280">
     <span class='ocr_line' id='line_1_26' title="bbox 2271 1206 3878 1280; baseline -0.001 -20"><span class='ocrx_word' id='word_1_153' title='bbox 2271 1209 2452 1276; x_wconf 86' lang='grc' dir='ltr'>νέμειν</span> <span class='ocrx_word' id='word_1_154' title='bbox 2495 1210 2708 1277; x_wconf 82' lang='grc' dir='ltr'>ὲκάστῳ</span> <span class='ocrx_word' id='word_1_155' title='bbox 2741 1206 2810 1259; x_wconf 85' lang='grc' dir='ltr'><strong>τά</strong></span> <span class='ocrx_word' id='word_1_156' title='bbox 2845 1209 2981 1280; x_wconf 83' lang='grc' dir='ltr'>πρὸς</span> <span class='ocrx_word' id='word_1_157' title='bbox 3011 1208 3165 1271; x_wconf 82' lang='grc' dir='ltr'>ἀξίαν</span> <span class='ocrx_word' id='word_1_158' title='bbox 3187 1226 3199 1238; x_wconf 89' lang='grc'><strong>·</strong></span> <span class='ocrx_word' id='word_1_159' title='bbox 3234 1207 3358 1270; x_wconf 78' lang='grc' dir='ltr'>τούς</span> <span class='ocrx_word' id='word_1_160' title='bbox 3389 1224 3447 1259; x_wconf 90' lang='grc' dir='ltr'><strong>τε</strong></span> <span class='ocrx_word' id='word_1_161' title='bbox 3486 1210 3878 1275; x_wconf 74' lang='grc' dir='ltr'>πονηρευομὲ-</span> 
     </span>
    </p>
   </div>
   <div class='ocr_carea' id='block_1_27' title="bbox 2267 1297 3876 1367">
    <p class='ocr_par' dir='ltr' id='par_1_27' title="bbox 2267 1297 3876 1367">
     <span class='ocr_line' id='line_1_27' title="bbox 2267 1297 3876 1367; baseline -0.002 -15"><span class='ocrx_word' id='word_1_162' title='bbox 2267 1315 2387 1360; x_wconf 84' lang='grc' dir='ltr'>νους</span> <span class='ocrx_word' id='word_1_163' title='bbox 2419 1298 2748 1362; x_wconf 68' lang='grc' dir='ltr'>ἐξοιυδενοῦν,</span> <span class='ocrx_word' id='word_1_164' title='bbox 2781 1299 2884 1352; x_wconf 84' lang='lat' dir='ltr'><strong>xiv</strong></span> <span class='ocrx_word' id='word_1_165' title='bbox 2909 1301 3005 1362; x_wconf 74' lang='grc' dir='ltr'><strong>τὰς</strong></span> <span class='ocrx_word' id='word_1_166' title='bbox 3034 1299 3274 1367; x_wconf 76' lang='grc' dir='ltr'><strong>μεγάλας</strong></span> <span class='ocrx_word' id='word_1_167' title='bbox 3304 1299 3506 1367; x_wconf 80' lang='grc' dir='ltr'>τύχωσι</span> <span class='ocrx_word' id='word_1_168' title='bbox 3540 1297 3876 1356; x_wconf 69' lang='grc' dir='ltr'><strong>δυναστείας</strong></span> 
     </span>
    </p>
   </div>
   <div class='ocr_carea' id='block_1_28' title="bbox 2267 1389 3876 1461">
    <p class='ocr_par' dir='ltr' id='par_1_28' title="bbox 2267 1389 3876 1461">
     <span class='ocr_line' id='line_1_28' title="bbox 2267 1389 3876 1461; baseline -0.002 -19"><span class='ocrx_word' id='word_1_169' title='bbox 2267 1389 2735 1461; x_wconf 73' lang='grc' dir='ltr'>περιϐεϐλημένοι,</span> <span class='ocrx_word' id='word_1_170' title='bbox 2775 1391 2878 1442; x_wconf 82' lang='grc' dir='ltr'>κΞν</span> <span class='ocrx_word' id='word_1_171' title='bbox 2938 1389 3151 1457; x_wconf 82' lang='grc' dir='ltr'>πλούτῳ</span> <span class='ocrx_word' id='word_1_172' title='bbox 3211 1390 3490 1457; x_wconf 78' lang='grc' dir='ltr'>κομῶντες</span> <span class='ocrx_word' id='word_1_173' title='bbox 3549 1391 3658 1443; x_wconf 86' lang='lat' dir='ltr'><strong>xiv</strong></span> <span class='ocrx_word' id='word_1_174' title='bbox 3713 1406 3876 1458; x_wconf 78' lang='grc' dir='ltr'>περι-</span> 
     </span>
    </p>
   </div>
   <div class='ocr_carea' id='block_1_29' title="bbox 2268 1479 3873 1552">
    <p class='ocr_par' dir='ltr' id='par_1_29' title="bbox 2268 1479 3873 1552">
     <span class='ocr_line' id='line_1_29' title="bbox 2268 1479 3873 1552; baseline -0.003 -17"><span class='ocrx_word' id='word_1_175' title='bbox 2268 1481 2464 1552; x_wconf 67' lang='grc' dir='ltr'>φανεία</span> <span class='ocrx_word' id='word_1_176' title='bbox 2517 1484 2725 1551; x_wconf 78' lang='grc' dir='ltr'>γένους,</span> <span class='ocrx_word' id='word_1_177' title='bbox 2774 1482 2874 1535; x_wconf 83' lang='lat' dir='ltr'><strong>xiv</strong></span> <span class='ocrx_word' id='word_1_178' title='bbox 2923 1479 3286 1549; x_wconf 76' lang='grc' dir='ltr'><strong>λαμπρότητα</strong></span> <span class='ocrx_word' id='word_1_179' title='bbox 3330 1481 3544 1543; x_wconf 79' lang='grc' dir='ltr'><strong>ἑαυτοῖς</strong></span> <span class='ocrx_word' id='word_1_180' title='bbox 3594 1483 3873 1550; x_wconf 59' lang='grc' dir='ltr'>ἐπιφημί-</span> 
     </span>
    </p>
   </div>
   <div class='ocr_carea' id='block_1_30' title="bbox 2271 1571 3869 1644">
    <p class='ocr_par' dir='ltr' id='par_1_30' title="bbox 2271 1571 3869 1644">
     <span class='ocr_line' id='line_1_30' title="bbox 2271 1571 3869 1644; baseline -0.002 -19"><span class='ocrx_word' id='word_1_181' title='bbox 2271 1575 2475 1638; x_wconf 82' lang='grc' dir='ltr'>ζοντες,</span> <span class='ocrx_word' id='word_1_182' title='bbox 2506 1575 2738 1644; x_wconf 84' lang='grc' dir='ltr'>πονηρία</span> <span class='ocrx_word' id='word_1_183' title='bbox 2759 1574 2812 1624; x_wconf 82' lang='grc' dir='ltr'><strong>δὲ</strong></span> <span class='ocrx_word' id='word_1_184' title='bbox 2840 1571 2970 1640; x_wconf 78' lang='grc' dir='ltr'>μόνη</span> <span class='ocrx_word' id='word_1_185' title='bbox 2996 1571 3373 1641; x_wconf 76' lang='grc' dir='ltr'>ἐνυπάρχουσα</span> <span class='ocrx_word' id='word_1_186' title='bbox 3394 1572 3581 1633; x_wconf 77' lang='grc' dir='ltr'>αὐτοῖς</span> <span class='ocrx_word' id='word_1_187' title='bbox 3605 1573 3869 1641; x_wconf 53' lang='lat' dir='ltr'><strong>map-abii,</strong></span> 
     </span>
    </p>
   </div>
   <div class='ocr_carea' id='block_1_31' title="bbox 2267 1661 3870 1729">
    <p class='ocr_par' dir='ltr' id='par_1_31' title="bbox 2267 1661 3870 1729">
     <span class='ocr_line' id='line_1_31' title="bbox 2267 1661 3870 1729; baseline -0.002 -11"><span class='ocrx_word' id='word_1_188' title='bbox 2267 1665 2573 1729; x_wconf 74' lang='grc' dir='ltr'>ὲξουδενοῦν</span> <span class='ocrx_word' id='word_1_189' title='bbox 2607 1667 2731 1727; x_wconf 74' lang='grc' dir='ltr'>τους</span> <span class='ocrx_word' id='word_1_190' title='bbox 2781 1662 3090 1726; x_wconf 83' lang='grc' dir='ltr'>τοιούτους,</span> <span class='ocrx_word' id='word_1_191' title='bbox 3126 1661 3401 1715; x_wconf 81' lang='grc' dir='ltr'>τουτέστιν</span> <span class='ocrx_word' id='word_1_192' title='bbox 3476 1663 3595 1714; x_wconf 82' lang='grc' dir='ltr'>ἀντ’</span> <span class='ocrx_word' id='word_1_193' title='bbox 3644 1663 3870 1725; x_wconf 64' lang='grc' dir='ltr'>οὐδενος</span> 
     </span>
    </p>
   </div>
   <div class='ocr_carea' id='block_1_32' title="bbox 2268 1753 3867 1824">
    <p class='ocr_par' dir='ltr' id='par_1_32' title="bbox 2268 1753 3867 1824">
     <span class='ocr_line' id='line_1_32' title="bbox 2268 1753 3867 1824; baseline -0.001 -16"><span class='ocrx_word' id='word_1_194' title='bbox 2268 1755 2593 1824; x_wconf 78' lang='grc' dir='ltr'>λογίζεσθαι.</span> <span class='ocrx_word' id='word_1_195' title='bbox 2630 1754 2900 1824; x_wconf 85' lang='grc' dir='ltr'>Ἐμπαλιν</span> <span class='ocrx_word' id='word_1_196' title='bbox 2930 1754 3008 1817; x_wconf 80' lang='grc' dir='ltr'><strong>δὲ,</strong></span> <span class='ocrx_word' id='word_1_197' title='bbox 3047 1755 3176 1820; x_wconf 53' lang='grc' dir='ltr'>,τοὺς</span> <span class='ocrx_word' id='word_1_198' title='bbox 3208 1753 3576 1823; x_wconf 75' lang='grc' dir='ltr'>φοϐουμένους</span> <span class='ocrx_word' id='word_1_199' title='bbox 3614 1754 3711 1806; x_wconf 75' lang='grc' dir='ltr'><strong>τὸν</strong></span> <span class='ocrx_word' id='word_1_200' title='bbox 3750 1757 3867 1808; x_wconf 75' lang='grc' dir='ltr'><strong>Κύ-</strong></span> 
     </span>
    </p>
   </div>
   <div class='ocr_carea' id='block_1_33' title="bbox 600 1839 2162 1931">
    <p class='ocr_par' dir='ltr' id='par_1_33' title="bbox 600 1839 2162 1908">
     <span class='ocr_line' id='line_1_33' title="bbox 600 1839 2162 1908; baseline 0.004 -21"><span class='ocrx_word' id='word_1_201' title='bbox 600 1855 778 1908; x_wconf 60' lang='lat' dir='ltr'><strong>pares,</strong></span> <span class='ocrx_word' id='word_1_202' title='bbox 799 1841 1042 1908; x_wconf 83' lang='lat' dir='ltr'><strong>quamvis</strong></span> <span class='ocrx_word' id='word_1_203' title='bbox 1075 1841 1317 1892; x_wconf 67' lang='lat' dir='ltr'><strong>obscuris</strong></span> <span class='ocrx_word' id='word_1_204' title='bbox 1371 1839 1479 1892; x_wconf 91' lang='lat' dir='ltr'><strong>sint</strong></span> <span class='ocrx_word' id='word_1_205' title='bbox 1513 1841 1612 1891; x_wconf 83' lang='lat' dir='ltr'><strong>orti</strong></span> <span class='ocrx_word' id='word_1_206' title='bbox 1647 1841 1936 1903; x_wconf 84' lang='lat' dir='ltr'><strong>natalibus,</strong></span> <span class='ocrx_word' id='word_1_207' title='bbox 1973 1857 2162 1908; x_wconf 85' lang='lat' dir='ltr'><strong>quam—</strong></span> 
     </span>
    </p>
   </div>
   <div class='ocr_carea' id='block_1_34' title="bbox 2266 1839 3862 1931">
    <p class='ocr_par' dir='ltr' id='par_1_34' title="bbox 2272 1840 3862 1919">
     <span class='ocr_line' id='line_1_34' title="bbox 2272 1840 3862 1919; baseline -0.001 -19"><span class='ocrx_word' id='word_1_208' title='bbox 2272 1867 2400 1919; x_wconf 91' lang='grc' dir='ltr'>ριον,</span> <span class='ocrx_word' id='word_1_209' title='bbox 2443 1848 2545 1899; x_wconf 86' lang='lat' dir='ltr'><strong>xiv</strong></span> <span class='ocrx_word' id='word_1_210' title='bbox 2581 1849 2806 1914; x_wconf 81' lang='grc' dir='ltr'>πένητες</span> <span class='ocrx_word' id='word_1_211' title='bbox 2855 1840 2978 1910; x_wconf 80' lang='grc' dir='ltr'>ὦσι,</span> <span class='ocrx_word' id='word_1_212' title='bbox 3031 1845 3135 1898; x_wconf 87' lang='lat' dir='ltr'><strong>xiv</strong></span> <span class='ocrx_word' id='word_1_213' title='bbox 3182 1847 3427 1913; x_wconf 83' lang='grc' dir='ltr'>ἀγενεῖς,</span> <span class='ocrx_word' id='word_1_214' title='bbox 3481 1846 3588 1899; x_wconf 84' lang='lat' dir='ltr'><strong>xiv</strong></span> <span class='ocrx_word' id='word_1_215' title='bbox 3643 1847 3862 1900; x_wconf 82' lang='grc' dir='ltr'>ἰδιῶται</span> 
     </span>
    </p>
   </div>
   <div class='ocr_carea' id='block_1_35' title="bbox 601 1931 2163 2000">
    <p class='ocr_par' dir='ltr' id='par_1_35' title="bbox 601 1931 2163 2000">
     <span class='ocr_line' id='line_1_35' title="bbox 601 1931 2163 2000; baseline 0.003 -20"><span class='ocrx_word' id='word_1_216' title='bbox 601 1931 680 1982; x_wconf 74' lang='lat' dir='ltr'><strong>vis</strong></span> <span class='ocrx_word' id='word_1_217' title='bbox 729 1931 833 1982; x_wconf 90' lang='lat' dir='ltr'><strong>sint</strong></span> <span class='ocrx_word' id='word_1_218' title='bbox 894 1931 1157 1982; x_wconf 87' lang='lat' dir='ltr'><strong>sermonis</strong></span> <span class='ocrx_word' id='word_1_219' title='bbox 1210 1931 1464 1997; x_wconf 85' lang='lat' dir='ltr'><strong>imperiti,</strong></span> <span class='ocrx_word' id='word_1_220' title='bbox 1519 1941 1609 1983; x_wconf 85' lang='lat' dir='ltr'><strong>aut</strong></span> <span class='ocrx_word' id='word_1_221' title='bbox 1661 1947 1888 2000; x_wconf 88' lang='lat' dir='ltr'><strong>corpore</strong></span> <span class='ocrx_word' id='word_1_222' title='bbox 1945 1934 2163 1998; x_wconf 83' lang='lat' dir='ltr'><strong>inlit‘tni,</strong></span> 
     </span>
    </p>
   </div>
   <div class='ocr_carea' id='block_1_36' title="bbox 600 2021 2162 2092">
    <p class='ocr_par' dir='ltr' id='par_1_36' title="bbox 600 2021 2162 2092">
     <span class='ocr_line' id='line_1_36' title="bbox 600 2021 2162 2092; baseline 0.004 -22"><span class='ocrx_word' id='word_1_223' title='bbox 600 2021 765 2089; x_wconf 75' lang='lat' dir='ltr'><strong>gloria</strong></span> <span class='ocrx_word' id='word_1_224' title='bbox 809 2021 1104 2083; x_wconf 82' lang='lat' dir='ltr'><strong>cumulare,</strong></span> <span class='ocrx_word' id='word_1_225' title='bbox 1169 2023 1528 2092; x_wconf 75' lang='lat' dir='ltr'><strong>maximisque</strong></span> <span class='ocrx_word' id='word_1_226' title='bbox 1583 2023 1828 2078; x_wconf 85' lang='lat' dir='ltr'><strong>laudibus</strong></span> <span class='ocrx_word' id='word_1_227' title='bbox 1880 2023 2162 2088; x_wconf 79' lang='lat' dir='ltr'><strong>extollere,</strong></span> 
     </span>
    </p>
   </div>
   <div class='ocr_carea' id='block_1_37' title="bbox 597 2113 2168 2184">
    <p class='ocr_par' dir='ltr' id='par_1_37' title="bbox 597 2113 2168 2184">
     <span class='ocr_line' id='line_1_37' title="bbox 597 2113 2168 2184; baseline 0.003 -18"><span class='ocrx_word' id='word_1_228' title='bbox 597 2127 652 2166; x_wconf 90' lang='lat' dir='ltr'><strong>et</strong></span> <span class='ocrx_word' id='word_1_229' title='bbox 713 2113 899 2166; x_wconf 83' lang='lat' dir='ltr'><strong>beatos</strong></span> <span class='ocrx_word' id='word_1_230' title='bbox 949 2113 1306 2177; x_wconf 73' lang='lat' dir='ltr'><strong>existimare,</strong></span> <span class='ocrx_word' id='word_1_231' title='bbox 1365 2131 1484 2168; x_wconf 92' lang='lat' dir='ltr'><strong>cum</strong></span> <span class='ocrx_word' id='word_1_232' title='bbox 1527 2115 1787 2184; x_wconf 86' lang='lat' dir='ltr'><strong>ejusmodi</strong></span> <span class='ocrx_word' id='word_1_233' title='bbox 1843 2117 1983 2169; x_wconf 90' lang='lat' dir='ltr'><strong>viros</strong></span> <span class='ocrx_word' id='word_1_234' title='bbox 2031 2130 2168 2184; x_wconf 61' lang='lat' dir='ltr'><strong>pra-</strong></span> 
     </span>
    </p>
   </div>
   <div class='ocr_carea' id='block_1_38' title="bbox 600 2205 2160 2274">
    <p class='ocr_par' dir='ltr' id='par_1_38' title="bbox 600 2205 2160 2274">
     <span class='ocr_line' id='line_1_38' title="bbox 600 2205 2160 2274; baseline 0.001 -21"><span class='ocrx_word' id='word_1_235' title='bbox 600 2205 784 2258; x_wconf 90' lang='lat' dir='ltr'><strong>dicare</strong></span> <span class='ocrx_word' id='word_1_236' title='bbox 837 2206 1022 2257; x_wconf 88' lang='lat' dir='ltr'><strong>beatos</strong></span> <span class='ocrx_word' id='word_1_237' title='bbox 1068 2205 1137 2257; x_wconf 91' lang='lat' dir='ltr'><strong>sit</strong></span> <span class='ocrx_word' id='word_1_238' title='bbox 1190 2223 1216 2255; x_wconf 78' lang='grc' dir='ltr'><strong>ιι</strong></span> <span class='ocrx_word' id='word_1_239' title='bbox 1263 2205 1464 2274; x_wconf 85' lang='lat' dir='ltr'><strong>Spiritu</strong></span> <span class='ocrx_word' id='word_1_240' title='bbox 1515 2209 1756 2259; x_wconf 86' lang='lat' dir='ltr'><strong>edoctus.</strong></span> <span class='ocrx_word' id='word_1_241' title='bbox 1812 2205 1962 2258; x_wconf 85' lang='lat' dir='ltr'><strong>Beati</strong></span> <span class='ocrx_word' id='word_1_242' title='bbox 2001 2207 2160 2270; x_wconf 86' lang='lat' dir='ltr'><strong>enim,</strong></span> 
     </span>
    </p>
   </div>
   <div class='ocr_carea' id='block_1_39' title="bbox 602 2295 2155 2365">
    <p class='ocr_par' dir='ltr' id='par_1_39' title="bbox 602 2295 2155 2365">
     <span class='ocr_line' id='line_1_39' title="bbox 602 2295 2155 2365; baseline 0.004 -21"><span class='ocrx_word' id='word_1_243' title='bbox 602 2297 794 2364; x_wconf 88' lang='lat' dir='ltr'><strong>inquit,</strong></span> <span class='ocrx_word' id='word_1_244' title='bbox 821 2313 995 2349; x_wconf 80' lang='lat' dir='ltr'><strong>omnes</strong></span> <span class='ocrx_word' id='word_1_245' title='bbox 1021 2297 1108 2362; x_wconf 84' lang='lat' dir='ltr'><strong>qui</strong></span> <span class='ocrx_word' id='word_1_246' title='bbox 1133 2296 1311 2347; x_wconf 82' lang='lat' dir='ltr'><strong>timent</strong></span> <span class='ocrx_word' id='word_1_247' title='bbox 1346 2295 1697 2350; x_wconf 83' lang='lat' dir='ltr'><strong>Dominum&quot;.</strong></span> <span class='ocrx_word' id='word_1_248' title='bbox 1729 2296 1893 2349; x_wconf 77' lang='lat' dir='ltr'><strong>l’orro</strong></span> <span class='ocrx_word' id='word_1_249' title='bbox 1919 2297 2155 2365; x_wconf 76' lang='lat' dir='ltr'><strong>ejusdem</strong></span> 
     </span>
    </p>
   </div>
   <div class='ocr_carea' id='block_1_40' title="bbox 603 2387 2161 2456">
    <p class='ocr_par' dir='ltr' id='par_1_40' title="bbox 603 2387 2161 2456">
     <span class='ocr_line' id='line_1_40' title="bbox 603 2387 2161 2456; baseline 0.002 -16"><span class='ocrx_word' id='word_1_250' title='bbox 603 2387 769 2440; x_wconf 90' lang='lat' dir='ltr'><strong>animi</strong></span> <span class='ocrx_word' id='word_1_251' title='bbox 838 2399 920 2442; x_wconf 90' lang='lat' dir='ltr'><strong>est</strong></span> <span class='ocrx_word' id='word_1_252' title='bbox 950 2427 964 2448; x_wconf 87' lang='lat'><strong>,</strong></span> <span class='ocrx_word' id='word_1_253' title='bbox 1008 2398 1061 2440; x_wconf 92' lang='lat' dir='ltr'><strong>et</strong></span> <span class='ocrx_word' id='word_1_254' title='bbox 1118 2388 1404 2456; x_wconf 82' lang='lat' dir='ltr'><strong>malignum</strong></span> <span class='ocrx_word' id='word_1_255' title='bbox 1447 2387 1837 2455; x_wconf 88' lang='lat' dir='ltr'><strong>quantumlibet</strong></span> <span class='ocrx_word' id='word_1_256' title='bbox 1883 2388 1952 2442; x_wconf 93' lang='lat' dir='ltr'><strong>ob</strong></span> <span class='ocrx_word' id='word_1_257' title='bbox 2003 2390 2161 2444; x_wconf 84' lang='lat' dir='ltr'><strong>clari-</strong></span> 
     </span>
    </p>
   </div>
   <div class='ocr_carea' id='block_1_41' title="bbox 600 2464 2161 2544">
    <p class='ocr_par' dir='ltr' id='par_1_41' title="bbox 600 2464 2161 2544">
     <span class='ocr_line' id='line_1_41' title="bbox 600 2464 2161 2544; baseline 0.001 -12"><span class='ocrx_word' id='word_1_258' title='bbox 600 2481 837 2533; x_wconf 85' lang='lat' dir='ltr'><strong>tudinem</strong></span> <span class='ocrx_word' id='word_1_259' title='bbox 888 2479 1086 2533; x_wconf 87' lang='lat' dir='ltr'><strong>elatum</strong></span> <span class='ocrx_word' id='word_1_260' title='bbox 1130 2480 1195 2532; x_wconf 91' lang='lat' dir='ltr'><strong>ad</strong></span> <span class='ocrx_word' id='word_1_261' title='bbox 1239 2479 1462 2532; x_wconf 88' lang='lat' dir='ltr'><strong>nihilum</strong></span> <span class='ocrx_word' id='word_1_262' title='bbox 1521 2481 1810 2544; x_wconf 70' lang='lat' dir='ltr'><strong>deduci-re,</strong></span> <span class='ocrx_word' id='word_1_263' title='bbox 1861 2464 1918 2535; x_wconf 76' lang='lat' dir='ltr'><strong>et</strong></span> <span class='ocrx_word' id='word_1_264' title='bbox 1955 2481 2161 2535; x_wconf 89' lang='lat' dir='ltr'><strong>timenti</strong></span> 
     </span>
    </p>
   </div>
   <div class='ocr_carea' id='block_1_42' title="bbox 604 2571 2160 2641">
    <p class='ocr_par' dir='ltr' id='par_1_42' title="bbox 604 2571 2160 2641">
     <span class='ocr_line' id='line_1_42' title="bbox 604 2571 2160 2641; baseline 0.001 -18"><span class='ocrx_word' id='word_1_265' title='bbox 604 2572 908 2635; x_wconf 78' lang='lat' dir='ltr'><strong>Dominum,</strong></span> <span class='ocrx_word' id='word_1_266' title='bbox 965 2586 1273 2641; x_wconf 84' lang='lat' dir='ltr'><strong>quanquam</strong></span> <span class='ocrx_word' id='word_1_267' title='bbox 1330 2571 1506 2626; x_wconf 90' lang='lat' dir='ltr'><strong>tenuis</strong></span> <span class='ocrx_word' id='word_1_268' title='bbox 1564 2583 1692 2636; x_wconf 89' lang='lat' dir='ltr'><strong>est,</strong></span> <span class='ocrx_word' id='word_1_269' title='bbox 1745 2587 2051 2641; x_wconf 89' lang='lat' dir='ltr'><strong>quanquam</strong></span> <span class='ocrx_word' id='word_1_270' title='bbox 2108 2573 2160 2626; x_wconf 89' lang='lat' dir='ltr'><strong>in</strong></span> 
     </span>
    </p>
   </div>
   <div class='ocr_carea' id='block_1_43' title="bbox 600 2666 2156 2734">
    <p class='ocr_par' dir='ltr' id='par_1_43' title="bbox 600 2666 2156 2734">
     <span class='ocr_line' id='line_1_43' title="bbox 600 2666 2156 2734; baseline 0.003 -20"><span class='ocrx_word' id='word_1_271' title='bbox 600 2668 705 2717; x_wconf 79' lang='lat' dir='ltr'><strong>vita</strong></span> <span class='ocrx_word' id='word_1_272' title='bbox 767 2681 985 2734; x_wconf 84' lang='lat' dir='ltr'><strong>panper,</strong></span> <span class='ocrx_word' id='word_1_273' title='bbox 1036 2681 1339 2733; x_wconf 83' lang='lat' dir='ltr'><strong>quanquam</strong></span> <span class='ocrx_word' id='word_1_274' title='bbox 1401 2666 1794 2732; x_wconf 87' lang='lat' dir='ltr'><strong>aspernabilis,</strong></span> <span class='ocrx_word' id='word_1_275' title='bbox 1851 2681 2156 2733; x_wconf 83' lang='lat' dir='ltr'><strong>quanquam</strong></span> 
     </span>
    </p>
   </div>
   <div class='ocr_carea' id='block_1_44' title="bbox 597 2757 2158 2824">
    <p class='ocr_par' dir='ltr' id='par_1_44' title="bbox 597 2757 2158 2824">
     <span class='ocr_line' id='line_1_44' title="bbox 597 2757 2158 2824; baseline 0.001 -14"><span class='ocrx_word' id='word_1_276' title='bbox 597 2757 730 2810; x_wconf 81' lang='lat' dir='ltr'><strong>nihil</strong></span> <span class='ocrx_word' id='word_1_277' title='bbox 770 2771 1078 2819; x_wconf 82' lang='lat' dir='ltr'><strong>externum,</strong></span> <span class='ocrx_word' id='word_1_278' title='bbox 1130 2772 1235 2822; x_wconf 82' lang='lat' dir='ltr'><strong>quo</strong></span> <span class='ocrx_word' id='word_1_279' title='bbox 1271 2757 1667 2808; x_wconf 75' lang='lat' dir='ltr'><strong>commendatio</strong></span> <span class='ocrx_word' id='word_1_280' title='bbox 1711 2760 1997 2819; x_wconf 72' lang='lat' dir='ltr'><strong>excitetur,</strong></span> <span class='ocrx_word' id='word_1_281' title='bbox 2032 2774 2158 2824; x_wconf 81' lang='lat' dir='ltr'><strong>pos-</strong></span> 
     </span>
    </p>
   </div>
   <div class='ocr_carea' id='block_1_45' title="bbox 598 2846 2160 2915">
    <p class='ocr_par' dir='ltr' id='par_1_45' title="bbox 598 2846 2160 2915">
     <span class='ocr_line' id='line_1_45' title="bbox 598 2846 2160 2915; baseline -0.001 -16"><span class='ocrx_word' id='word_1_282' title='bbox 598 2849 777 2908; x_wconf 81' lang='lat' dir='ltr'><strong>sidet,</strong></span> <span class='ocrx_word' id='word_1_283' title='bbox 834 2849 1056 2915; x_wconf 77' lang='lat' dir='ltr'><strong>gloriam</strong></span> <span class='ocrx_word' id='word_1_284' title='bbox 1109 2846 1262 2898; x_wconf 84' lang='lat' dir='ltr'><strong>dare.</strong></span> <span class='ocrx_word' id='word_1_285' title='bbox 1315 2847 1416 2910; x_wconf 86' lang='lat' dir='ltr'><strong>Qui</strong></span> <span class='ocrx_word' id='word_1_286' title='bbox 1460 2846 1611 2913; x_wconf 84' lang='lat' dir='ltr'><strong>jumt</strong></span> <span class='ocrx_word' id='word_1_287' title='bbox 1658 2848 1895 2911; x_wconf 75' lang='lat' dir='ltr'><strong>proximo</strong></span> <span class='ocrx_word' id='word_1_288' title='bbox 1943 2863 2058 2911; x_wconf 77' lang='lat' dir='ltr'><strong>suo,</strong></span> <span class='ocrx_word' id='word_1_289' title='bbox 2110 2856 2160 2900; x_wconf 82' lang='lat' dir='ltr'><strong>et</strong></span> 
     </span>
    </p>
   </div>
   <div class='ocr_carea' id='block_1_46' title="bbox 599 2939 2155 3007">
    <p class='ocr_par' dir='ltr' id='par_1_46' title="bbox 599 2939 2155 3007">
     <span class='ocr_line' id='line_1_46' title="bbox 599 2939 2155 3007; baseline 0 -14"><span class='ocrx_word' id='word_1_290' title='bbox 599 2957 697 2993; x_wconf 79' lang='lat' dir='ltr'><strong>non</strong></span> <span class='ocrx_word' id='word_1_291' title='bbox 735 2941 944 3007; x_wconf 73' lang='lat' dir='ltr'><strong>decipit.</strong></span> <span class='ocrx_word' id='word_1_292' title='bbox 965 2940 1072 2993; x_wconf 81' lang='lat' dir='ltr'><strong>Cur</strong></span> <span class='ocrx_word' id='word_1_293' title='bbox 1105 2941 1316 2992; x_wconf 86' lang='lat' dir='ltr'><strong>tandem</strong></span> <span class='ocrx_word' id='word_1_294' title='bbox 1358 2940 1443 2990; x_wconf 89' lang='lat' dir='ltr'><strong>hic</strong></span> <span class='ocrx_word' id='word_1_295' title='bbox 1481 2939 1844 3007; x_wconf 87' lang='lat' dir='ltr'><strong>jurameutum</strong></span> <span class='ocrx_word' id='word_1_296' title='bbox 1876 2939 2016 2992; x_wconf 90' lang='lat' dir='ltr'><strong>inter</strong></span> <span class='ocrx_word' id='word_1_297' title='bbox 2039 2955 2155 3003; x_wconf 90' lang='lat' dir='ltr'><strong>eas,</strong></span> 
     </span>
    </p>
   </div>
   <div class='ocr_carea' id='block_1_47' title="bbox 601 3028 2158 3098">
    <p class='ocr_par' dir='ltr' id='par_1_47' title="bbox 601 3028 2158 3098">
     <span class='ocr_line' id='line_1_47' title="bbox 601 3028 2158 3098; baseline 0.003 -19"><span class='ocrx_word' id='word_1_298' title='bbox 601 3046 719 3097; x_wconf 67' lang='lat' dir='ltr'><strong>qua!</strong></span> <span class='ocrx_word' id='word_1_299' title='bbox 779 3031 948 3082; x_wconf 85' lang='lat' dir='ltr'><strong>virum</strong></span> <span class='ocrx_word' id='word_1_300' title='bbox 1010 3030 1310 3098; x_wconf 82' lang='lat' dir='ltr'><strong>perlectum</strong></span> <span class='ocrx_word' id='word_1_301' title='bbox 1359 3029 1567 3091; x_wconf 87' lang='lat' dir='ltr'><strong>decent,</strong></span> <span class='ocrx_word' id='word_1_302' title='bbox 1597 3029 1818 3081; x_wconf 87' lang='lat' dir='ltr'><strong>virtutes</strong></span> <span class='ocrx_word' id='word_1_303' title='bbox 1853 3028 2024 3082; x_wconf 73' lang='lat' dir='ltr'><strong>locant</strong></span> <span class='ocrx_word' id='word_1_304' title='bbox 2059 3031 2158 3083; x_wconf 88' lang='lat' dir='ltr'><strong>ob-</strong></span> 
     </span>
    </p>
   </div>
   <div class='ocr_carea' id='block_1_48' title="bbox 601 3119 2159 3191">
    <p class='ocr_par' dir='ltr' id='par_1_48' title="bbox 601 3119 2159 3191">
     <span class='ocr_line' id='line_1_48' title="bbox 601 3119 2159 3191; baseline -0.002 -15"><span class='ocrx_word' id='word_1_305' title='bbox 601 3128 756 3186; x_wconf 82' lang='lat' dir='ltr'><strong>tinet,</strong></span> <span class='ocrx_word' id='word_1_306' title='bbox 817 3123 867 3175; x_wconf 92' lang='lat' dir='ltr'><strong>in</strong></span> <span class='ocrx_word' id='word_1_307' title='bbox 917 3121 1208 3191; x_wconf 78' lang='lat' dir='ltr'><strong>Evangelio</strong></span> <span class='ocrx_word' id='word_1_308' title='bbox 1243 3136 1371 3174; x_wconf 89' lang='lat' dir='ltr'><strong>vero</strong></span> <span class='ocrx_word' id='word_1_309' title='bbox 1423 3135 1642 3189; x_wconf 86' lang='lat' dir='ltr'><strong>prorsus</strong></span> <span class='ocrx_word' id='word_1_310' title='bbox 1681 3119 2008 3187; x_wconf 87' lang='lat' dir='ltr'><strong>prohibitum</strong></span> <span class='ocrx_word' id='word_1_311' title='bbox 2038 3121 2159 3174; x_wconf 77' lang='lat' dir='ltr'><strong>est?</strong></span> 
     </span>
    </p>
   </div>
   <div class='ocr_carea' id='block_1_49' title="bbox 2267 1937 3864 2010">
    <p class='ocr_par' dir='ltr' id='par_1_49' title="bbox 2267 1937 3864 2010">
     <span class='ocr_line' id='line_1_49' title="bbox 2267 1937 3864 2010; baseline -0.001 -17"><span class='ocrx_word' id='word_1_312' title='bbox 2267 1939 2342 2010; x_wconf 84' lang='grc' dir='ltr'>τῷ</span> <span class='ocrx_word' id='word_1_313' title='bbox 2374 1940 2536 2008; x_wconf 81' lang='grc' dir='ltr'>λόγῳ,</span> <span class='ocrx_word' id='word_1_314' title='bbox 2588 1938 2690 1992; x_wconf 87' lang='lat' dir='ltr'><strong>xiv</strong></span> <span class='ocrx_word' id='word_1_315' title='bbox 2738 1938 2985 2000; x_wconf 80' lang='grc' dir='ltr'>ἀσθενεῖς</span> <span class='ocrx_word' id='word_1_316' title='bbox 3033 1939 3112 2007; x_wconf 81' lang='grc' dir='ltr'><strong>τῷ</strong></span> <span class='ocrx_word' id='word_1_317' title='bbox 3168 1937 3407 2006; x_wconf 79' lang='grc' dir='ltr'>σώματι,</span> <span class='ocrx_word' id='word_1_318' title='bbox 3454 1941 3709 2006; x_wconf 79' lang='grc' dir='ltr'>δοξάζειν</span> <span class='ocrx_word' id='word_1_319' title='bbox 3765 1942 3864 1994; x_wconf 71' lang='grc' dir='ltr'>καὶ</span> 
     </span>
    </p>
   </div>
   <div class='ocr_carea' id='block_1_50' title="bbox 2266 2030 3864 2104">
    <p class='ocr_par' dir='ltr' id='par_1_50' title="bbox 2266 2030 3864 2104">
     <span class='ocr_line' id='line_1_50' title="bbox 2266 2030 3864 2104; baseline -0.003 -17"><span class='ocrx_word' id='word_1_320' title='bbox 2266 2032 2580 2104; x_wconf 82' lang='grc' dir='ltr'>ὑπεραίρειν</span> <span class='ocrx_word' id='word_1_321' title='bbox 2650 2031 2742 2084; x_wconf 69' lang='grc' dir='ltr'><strong>καὶ</strong></span> <span class='ocrx_word' id='word_1_322' title='bbox 2819 2030 3118 2100; x_wconf 79' lang='grc' dir='ltr'>μακαρίους</span> <span class='ocrx_word' id='word_1_323' title='bbox 3190 2033 3471 2099; x_wconf 69' lang='grc' dir='ltr'>ἡγεῖσθαι,</span> <span class='ocrx_word' id='word_1_324' title='bbox 3531 2032 3864 2099; x_wconf 81' lang='grc' dir='ltr'>δεδιδαγμέ-</span> 
     </span>
    </p>
   </div>
   <div class='ocr_carea' id='block_1_51' title="bbox 2263 2119 3863 2193">
    <p class='ocr_par' dir='ltr' id='par_1_51' title="bbox 2263 2119 3863 2193">
     <span class='ocr_line' id='line_1_51' title="bbox 2263 2119 3863 2193; baseline -0.004 -15"><span class='ocrx_word' id='word_1_325' title='bbox 2263 2142 2354 2178; x_wconf 92' lang='grc' dir='ltr'><strong>νον</strong></span> <span class='ocrx_word' id='word_1_326' title='bbox 2383 2124 2493 2192; x_wconf 76' lang='grc'><strong>(13)</strong></span> <span class='ocrx_word' id='word_1_327' title='bbox 2525 2122 2674 2193; x_wconf 84' lang='grc' dir='ltr'><strong>παρά</strong></span> <span class='ocrx_word' id='word_1_328' title='bbox 2701 2122 2794 2174; x_wconf 83' lang='grc' dir='ltr'>τοῦ</span> <span class='ocrx_word' id='word_1_329' title='bbox 2826 2119 3144 2189; x_wconf 79' lang='grc' dir='ltr'>[Ινεύματος</span> <span class='ocrx_word' id='word_1_330' title='bbox 3175 2123 3497 2192; x_wconf 80' lang='grc' dir='ltr'>μακαρίζειν</span> <span class='ocrx_word' id='word_1_331' title='bbox 3521 2123 3653 2182; x_wconf 72' lang='grc' dir='ltr'>τοὺς</span> <span class='ocrx_word' id='word_1_332' title='bbox 3686 2122 3863 2172; x_wconf 67' lang='grc' dir='ltr'>τοιού-</span> 
     </span>
    </p>
   </div>
   <div class='ocr_carea' id='block_1_52' title="bbox 2261 2212 3858 2282">
    <p class='ocr_par' dir='ltr' id='par_1_52' title="bbox 2261 2212 3858 2282">
     <span class='ocr_line' id='line_1_52' title="bbox 2261 2212 3858 2282; baseline -0.004 -13"><span class='ocrx_word' id='word_1_333' title='bbox 2261 2233 2386 2278; x_wconf 86' lang='grc' dir='ltr'>τους</span> <span class='ocrx_word' id='word_1_334' title='bbox 2432 2215 2718 2281; x_wconf 72' lang='grc' dir='ltr'>Μακάριοι</span> <span class='ocrx_word' id='word_1_335' title='bbox 2748 2213 2878 2281; x_wconf 78' lang='grc' dir='ltr'>γὰρ,</span> <span class='ocrx_word' id='word_1_336' title='bbox 2925 2213 3080 2282; x_wconf 65' lang='grc' dir='ltr'>φησι,</span> <span class='ocrx_word' id='word_1_337' title='bbox 3129 2212 3350 2278; x_wconf 77' lang='grc' dir='ltr'>πάντες</span> <span class='ocrx_word' id='word_1_338' title='bbox 3385 2216 3437 2265; x_wconf 79' lang='grc' dir='ltr'>οὶ</span> <span class='ocrx_word' id='word_1_339' title='bbox 3487 2212 3858 2280; x_wconf 64' lang='grc' dir='ltr'>φοϐούμενοι</span> 
     </span>
    </p>
   </div>
   <div class='ocr_carea' id='block_1_53' title="bbox 2263 2301 3860 2372">
    <p class='ocr_par' dir='ltr' id='par_1_53' title="bbox 2263 2301 3860 2372">
     <span class='ocr_line' id='line_1_53' title="bbox 2263 2301 3860 2372; baseline -0.003 -15"><span class='ocrx_word' id='word_1_340' title='bbox 2263 2305 2368 2358; x_wconf 78' lang='grc' dir='ltr'>τὸν</span> <span class='ocrx_word' id='word_1_341' title='bbox 2407 2305 2642 2372; x_wconf 83' lang='grc' dir='ltr'>Κύριον.</span> <span class='ocrx_word' id='word_1_342' title='bbox 2687 2303 2798 2372; x_wconf 85' lang='grc' dir='ltr'>Τῆς</span> <span class='ocrx_word' id='word_1_343' title='bbox 2827 2303 2997 2372; x_wconf 83' lang='grc' dir='ltr'>αὐτῆς</span> <span class='ocrx_word' id='word_1_344' title='bbox 3026 2303 3080 2355; x_wconf 83' lang='grc' dir='ltr'><strong>δέ</strong></span> <span class='ocrx_word' id='word_1_345' title='bbox 3120 2304 3232 2354; x_wconf 78' lang='grc' dir='ltr'>ἐστι</span> <span class='ocrx_word' id='word_1_346' title='bbox 3264 2301 3500 2364; x_wconf 83' lang='grc' dir='ltr'>διανοίας</span> <span class='ocrx_word' id='word_1_347' title='bbox 3538 2302 3632 2354; x_wconf 82' lang='grc' dir='ltr'>τόν</span> <span class='ocrx_word' id='word_1_348' title='bbox 3657 2319 3721 2353; x_wconf 85' lang='grc' dir='ltr'><strong>τε</strong></span> <span class='ocrx_word' id='word_1_349' title='bbox 3759 2317 3860 2352; x_wconf 66' lang='grc' dir='ltr'>που</span> 
     </span>
    </p>
   </div>
   <div class='ocr_carea' id='block_1_54' title="bbox 2260 2393 3855 2468">
    <p class='ocr_par' dir='ltr' id='par_1_54' title="bbox 2260 2393 3855 2468">
     <span class='ocr_line' id='line_1_54' title="bbox 2260 2393 3855 2468; baseline -0.004 -18"><span class='ocrx_word' id='word_1_350' title='bbox 2260 2396 2617 2468; x_wconf 78' lang='grc' dir='ltr'>νηρευόμενον</span> <span class='ocrx_word' id='word_1_351' title='bbox 2646 2393 3018 2459; x_wconf 78' lang='grc' dir='ltr'>ἐξουδενῶσαι,</span> <span class='ocrx_word' id='word_1_352' title='bbox 3063 2393 3162 2446; x_wconf 85' lang='lat' dir='ltr'><strong>xiv</strong></span> <span class='ocrx_word' id='word_1_353' title='bbox 3197 2393 3563 2463; x_wconf 81' lang='grc' dir='ltr'>ὑπεραίρηται</span> <span class='ocrx_word' id='word_1_354' title='bbox 3593 2393 3855 2464; x_wconf 80' lang='grc' dir='ltr'>λαμπρὸ-</span> 
     </span>
    </p>
   </div>
   <div class='ocr_carea' id='block_1_55' title="bbox 2261 2485 3857 2560">
    <p class='ocr_par' dir='ltr' id='par_1_55' title="bbox 2261 2485 3857 2560">
     <span class='ocr_line' id='line_1_55' title="bbox 2261 2485 3857 2560; baseline -0.004 -19"><span class='ocrx_word' id='word_1_355' title='bbox 2261 2506 2404 2560; x_wconf 89' lang='grc' dir='ltr'>τητι,</span> <span class='ocrx_word' id='word_1_356' title='bbox 2445 2490 2539 2541; x_wconf 70' lang='grc' dir='ltr'><strong>καὶ</strong></span> <span class='ocrx_word' id='word_1_357' title='bbox 2567 2487 2656 2539; x_wconf 83' lang='grc' dir='ltr'><strong>τὸν</strong></span> <span class='ocrx_word' id='word_1_358' title='bbox 2700 2486 3027 2556; x_wconf 76' lang='grc' dir='ltr'>φοϐούμενον</span> <span class='ocrx_word' id='word_1_359' title='bbox 3073 2485 3162 2537; x_wconf 79' lang='grc' dir='ltr'>τὸν</span> <span class='ocrx_word' id='word_1_360' title='bbox 3195 2485 3397 2555; x_wconf 83' lang='grc' dir='ltr'>Κύριον</span> <span class='ocrx_word' id='word_1_361' title='bbox 3441 2485 3714 2550; x_wconf 74' lang='grc' dir='ltr'>δοξάζειν,</span> <span class='ocrx_word' id='word_1_362' title='bbox 3747 2485 3857 2537; x_wconf 85' lang='lat' dir='ltr'><strong>xiv</strong></span> 
     </span>
    </p>
   </div>
   <div class='ocr_carea' id='block_1_56' title="bbox 2263 2574 3856 2652">
    <p class='ocr_par' dir='ltr' id='par_1_56' title="bbox 2263 2574 3856 2652">
     <span class='ocr_line' id='line_1_56' title="bbox 2263 2574 3856 2652; baseline -0.006 -20"><span class='ocrx_word' id='word_1_363' title='bbox 2263 2581 2485 2649; x_wconf 73' lang='grc' dir='ltr'>εὐτελὴς</span> <span class='ocrx_word' id='word_1_364' title='bbox 2511 2577 2565 2652; x_wconf 82' lang='grc' dir='ltr'>ᾖ,</span> <span class='ocrx_word' id='word_1_365' title='bbox 2597 2578 2699 2630; x_wconf 76' lang='lat' dir='ltr'><strong>xiv</strong></span> <span class='ocrx_word' id='word_1_366' title='bbox 2730 2577 2896 2645; x_wconf 80' lang='grc' dir='ltr'>πένης</span> <span class='ocrx_word' id='word_1_367' title='bbox 2928 2577 2985 2628; x_wconf 83' lang='grc' dir='ltr'>ὲν</span> <span class='ocrx_word' id='word_1_368' title='bbox 3019 2574 3095 2643; x_wconf 82' lang='grc' dir='ltr'>τῷ</span> <span class='ocrx_word' id='word_1_369' title='bbox 3134 2575 3252 2645; x_wconf 83' lang='grc' dir='ltr'>βίῳ,</span> <span class='ocrx_word' id='word_1_370' title='bbox 3291 2575 3392 2629; x_wconf 89' lang='lat' dir='ltr'><strong>xiv</strong></span> <span class='ocrx_word' id='word_1_371' title='bbox 3425 2575 3856 2645; x_wconf 58' lang='grc' dir='ltr'>εὐκαταφρόνη-</span> 
     </span>
    </p>
   </div>
   <div class='ocr_carea' id='block_1_57' title="bbox 2262 2666 3856 2738">
    <p class='ocr_par' dir='ltr' id='par_1_57' title="bbox 2262 2666 3856 2738">
     <span class='ocr_line' id='line_1_57' title="bbox 2262 2666 3856 2738; baseline -0.01 -5"><span class='ocrx_word' id='word_1_372' title='bbox 2262 2687 2371 2732; x_wconf 79' lang='grc' dir='ltr'>τος,</span> <span class='ocrx_word' id='word_1_373' title='bbox 2410 2669 2508 2721; x_wconf 67' lang='grc' dir='ltr'>κᾶν</span> <span class='ocrx_word' id='word_1_374' title='bbox 2551 2669 2714 2738; x_wconf 82' lang='grc' dir='ltr'>μηδὲν</span> <span class='ocrx_word' id='word_1_375' title='bbox 2752 2667 2859 2718; x_wconf 88' lang='grc' dir='ltr'><strong>τῶν</strong></span> <span class='ocrx_word' id='word_1_376' title='bbox 2891 2666 3043 2728; x_wconf 58' lang='grc' dir='ltr'>ἐκτὸς</span> <span class='ocrx_word' id='word_1_377' title='bbox 3087 2667 3542 2737; x_wconf 77' lang='grc' dir='ltr'>προκαλουμένων</span> <span class='ocrx_word' id='word_1_378' title='bbox 3589 2669 3669 2727; x_wconf 90' lang='grc' dir='ltr'><strong>είς</strong></span> <span class='ocrx_word' id='word_1_379' title='bbox 3710 2668 3856 2718; x_wconf 81' lang='grc' dir='ltr'>ἀπο-</span> 
     </span>
    </p>
   </div>
   <div class='ocr_carea' id='block_1_58' title="bbox 2261 2755 3846 2830">
    <p class='ocr_par' dir='ltr' id='par_1_58' title="bbox 2261 2755 3846 2830">
     <span class='ocr_line' id='line_1_58' title="bbox 2261 2755 3846 2830; baseline -0.003 -18"><span class='ocrx_word' id='word_1_380' title='bbox 2261 2760 2417 2830; x_wconf 81' lang='grc' dir='ltr'>δοχὴν</span> <span class='ocrx_word' id='word_1_381' title='bbox 2452 2759 2801 2827; x_wconf 84' lang='grc' dir='ltr'>κεκτημένος.</span> <span class='ocrx_word' id='word_1_382' title='bbox 2836 2757 2886 2808; x_wconf 86' lang='grc' dir='ltr'><em>Ὀ</em></span> <span class='ocrx_word' id='word_1_383' title='bbox 2932 2757 3169 2826; x_wconf 77' lang='grc' dir='ltr'>ὀμνύων</span> <span class='ocrx_word' id='word_1_384' title='bbox 3215 2758 3294 2824; x_wconf 85' lang='grc' dir='ltr'>τῷ</span> <span class='ocrx_word' id='word_1_385' title='bbox 3326 2759 3593 2825; x_wconf 78' lang='grc' dir='ltr'>πλησίον</span> <span class='ocrx_word' id='word_1_386' title='bbox 3625 2755 3846 2815; x_wconf 78' lang='grc' dir='ltr'>αὐτοῦ,</span> 
     </span>
    </p>
   </div>
   <div class='ocr_carea' id='block_1_59' title="bbox 2262 2847 3848 2920">
    <p class='ocr_par' dir='ltr' id='par_1_59' title="bbox 2262 2847 3848 2920">
     <span class='ocr_line' id='line_1_59' title="bbox 2262 2847 3848 2920; baseline -0.003 -17"><span class='ocrx_word' id='word_1_387' title='bbox 2262 2852 2360 2903; x_wconf 76' lang='grc' dir='ltr'>καὶ</span> <span class='ocrx_word' id='word_1_388' title='bbox 2393 2853 2501 2903; x_wconf 71' lang='grc' dir='ltr'>οὐκ</span> <span class='ocrx_word' id='word_1_389' title='bbox 2533 2848 2774 2903; x_wconf 80' lang='grc' dir='ltr'>ἀθετῶν.</span> <span class='ocrx_word' id='word_1_390' title='bbox 2808 2847 2872 2900; x_wconf 89' lang='grc' dir='ltr'><strong>Τί</strong></span> <span class='ocrx_word' id='word_1_391' title='bbox 2906 2848 2968 2919; x_wconf 87' lang='grc' dir='ltr'>δή</span> <span class='ocrx_word' id='word_1_392' title='bbox 2996 2867 3123 2902; x_wconf 89' lang='grc' dir='ltr'>ποτε</span> <span class='ocrx_word' id='word_1_393' title='bbox 3153 2850 3384 2903; x_wconf 79' lang='grc' dir='ltr'>ἐνταῦθα</span> <span class='ocrx_word' id='word_1_394' title='bbox 3419 2850 3516 2920; x_wconf 81' lang='grc' dir='ltr'>μὲν</span> <span class='ocrx_word' id='word_1_395' title='bbox 3542 2850 3576 2918; x_wconf 77' lang='grc' dir='ltr'><strong>ἡ</strong></span> <span class='ocrx_word' id='word_1_396' title='bbox 3613 2849 3848 2916; x_wconf 79' lang='grc' dir='ltr'>εὐορκία</span> 
     </span>
    </p>
   </div>
   <div class='ocr_carea' id='block_1_60' title="bbox 2265 2935 3850 3010">
    <p class='ocr_par' dir='ltr' id='par_1_60' title="bbox 2265 2935 3850 3010">
     <span class='ocr_line' id='line_1_60' title="bbox 2265 2935 3850 3010; baseline -0.004 -18"><span class='ocrx_word' id='word_1_397' title='bbox 2265 2942 2624 3010; x_wconf 84' lang='grc' dir='ltr'>συγχωρεῖται</span> <span class='ocrx_word' id='word_1_398' title='bbox 2677 2939 2734 2989; x_wconf 84' lang='grc' dir='ltr'>ὲν</span> <span class='ocrx_word' id='word_1_399' title='bbox 2787 2941 2896 3000; x_wconf 90' lang='grc' dir='ltr'>τοῖς</span> <span class='ocrx_word' id='word_1_400' title='bbox 2939 2939 3018 3007; x_wconf 83' lang='grc' dir='ltr'>τῷ</span> <span class='ocrx_word' id='word_1_401' title='bbox 3054 2939 3244 3008; x_wconf 81' lang='grc' dir='ltr'>τελείῳ</span> <span class='ocrx_word' id='word_1_402' title='bbox 3300 2939 3598 3008; x_wconf 79' lang='grc' dir='ltr'>πρέπουσιν</span> <span class='ocrx_word' id='word_1_403' title='bbox 3644 2935 3850 3006; x_wconf 81' lang='grc' dir='ltr'>ἀνδρα-</span> 
     </span>
    </p>
   </div>
   <div class='ocr_carea' id='block_1_61' title="bbox 2261 3027 3849 3100">
    <p class='ocr_par' dir='ltr' id='par_1_61' title="bbox 2261 3027 3849 3100">
     <span class='ocr_line' id='line_1_61' title="bbox 2261 3027 3849 3100; baseline -0.003 -17"><span class='ocrx_word' id='word_1_404' title='bbox 2261 3032 2590 3100; x_wconf 78' lang='grc' dir='ltr'>γαθήμασιν,</span> <span class='ocrx_word' id='word_1_405' title='bbox 2635 3032 2691 3082; x_wconf 74' lang='grc' dir='ltr'>ἐν</span> <span class='ocrx_word' id='word_1_406' title='bbox 2727 3029 2782 3082; x_wconf 80' lang='grc' dir='ltr'>δὲ</span> <span class='ocrx_word' id='word_1_407' title='bbox 2828 3029 2903 3099; x_wconf 83' lang='grc' dir='ltr'>τῷ</span> <span class='ocrx_word' id='word_1_408' title='bbox 2943 3030 3258 3097; x_wconf 76' lang='grc' dir='ltr'>Εὑαγγελίῳ</span> <span class='ocrx_word' id='word_1_409' title='bbox 3302 3028 3576 3089; x_wconf 79' lang='grc' dir='ltr'>παντελῶς</span> <span class='ocrx_word' id='word_1_410' title='bbox 3630 3027 3849 3093; x_wconf 73' lang='grc' dir='ltr'>ἀπηγὸ-</span> 
     </span>
    </p>
   </div>
   <div class='ocr_carea' id='block_1_62' title="bbox 2265 3118 3851 3192">
    <p class='ocr_par' dir='ltr' id='par_1_62' title="bbox 2265 3118 3851 3192">
     <span class='ocr_line' id='line_1_62' title="bbox 2265 3118 3851 3192; baseline -0.003 -18"><span class='ocrx_word' id='word_1_411' title='bbox 2265 3139 2488 3192; x_wconf 85' lang='grc' dir='ltr'>ρευται;</span> <span class='ocrx_word' id='word_1_412' title='bbox 2553 3125 2646 3188; x_wconf 85' lang='grc' dir='ltr'><strong>Τίς</strong></span> <span class='ocrx_word' id='word_1_413' title='bbox 2708 3123 3096 3192; x_wconf 80' lang='grc' dir='ltr'>παροικήσει,</span> <span class='ocrx_word' id='word_1_414' title='bbox 3148 3121 3245 3173; x_wconf 81' lang='grc' dir='ltr'>καὶ</span> <span class='ocrx_word' id='word_1_415' title='bbox 3307 3123 3398 3183; x_wconf 84' lang='grc' dir='ltr'><strong>τίς</strong></span> <span class='ocrx_word' id='word_1_416' title='bbox 3455 3118 3851 3185; x_wconf 67' lang='grc' dir='ltr'>κατασκηνώ-</span> 
     </span>
    </p>
   </div>
   <div class='ocr_carea' id='block_1_63' title="bbox 599 3208 2162 3285">
    <p class='ocr_par' dir='ltr' id='par_1_63' title="bbox 599 3213 2157 3285">
     <span class='ocr_line' id='line_1_63' title="bbox 599 3213 2157 3285; baseline -0.003 -15"><span class='ocrx_word' id='word_1_417' title='bbox 599 3219 731 3282; x_wconf 72' lang='lat' dir='ltr'><strong>Qui:</strong></span> <span class='ocrx_word' id='word_1_418' title='bbox 779 3217 1196 3285; x_wconf 76' lang='lat' dir='ltr'><strong>pcregrinabitur</strong></span> <span class='ocrx_word' id='word_1_419' title='bbox 1235 3227 1281 3270; x_wconf 91' lang='lat' dir='ltr'><strong>et</strong></span> <span class='ocrx_word' id='word_1_420' title='bbox 1358 3215 1474 3285; x_wconf 79' lang='lat' dir='ltr'><strong>quis</strong></span> <span class='ocrx_word' id='word_1_421' title='bbox 1509 3215 1824 3284; x_wconf 73' lang='lat' dir='ltr'><strong>requiescet?</strong></span> <span class='ocrx_word' id='word_1_422' title='bbox 1871 3213 1974 3280; x_wconf 87' lang='lat' dir='ltr'><strong>Qui</strong></span> <span class='ocrx_word' id='word_1_423' title='bbox 2009 3216 2157 3284; x_wconf 85' lang='lat' dir='ltr'><strong>jnrat</strong></span> 
     </span>
    </p>
   </div>
   <div class='ocr_carea' id='block_1_64' title="bbox 2266 3208 3848 3285">
    <p class='ocr_par' dir='ltr' id='par_1_64' title="bbox 2266 3208 3848 3282">
     <span class='ocr_line' id='line_1_64' title="bbox 2266 3208 3848 3282; baseline -0.004 -16"><span class='ocrx_word' id='word_1_424' title='bbox 2266 3230 2355 3266; x_wconf 85' lang='grc' dir='ltr'>σει</span> <span class='ocrx_word' id='word_1_425' title='bbox 2394 3213 2534 3282; x_wconf 72' lang='grc'><strong>(14);</strong></span> <span class='ocrx_word' id='word_1_426' title='bbox 2583 3215 2646 3265; x_wconf 88' lang='lat'><strong>&#39;0</strong></span> <span class='ocrx_word' id='word_1_427' title='bbox 2680 3215 2914 3282; x_wconf 73' lang='grc' dir='ltr'>ὀμνύων</span> <span class='ocrx_word' id='word_1_428' title='bbox 2952 3212 3030 3275; x_wconf 85' lang='grc' dir='ltr'>τῷ</span> <span class='ocrx_word' id='word_1_429' title='bbox 3063 3211 3328 3275; x_wconf 70' lang='grc' dir='ltr'>πλησίον</span> <span class='ocrx_word' id='word_1_430' title='bbox 3354 3208 3558 3271; x_wconf 83' lang='grc' dir='ltr'>αὑτοῦ,</span> <span class='ocrx_word' id='word_1_431' title='bbox 3594 3209 3693 3260; x_wconf 82' lang='grc' dir='ltr'>καὶ</span> <span class='ocrx_word' id='word_1_432' title='bbox 3734 3211 3848 3260; x_wconf 66' lang='grc' dir='ltr'>οὐκ</span> 
     </span>
    </p>
   </div>
   <div class='ocr_carea' id='block_1_65' title="bbox 594 3307 2159 3376">
    <p class='ocr_par' dir='ltr' id='par_1_65' title="bbox 594 3307 2159 3376">
     <span class='ocr_line' id='line_1_65' title="bbox 594 3307 2159 3376; baseline 0.001 -16"><span class='ocrx_word' id='word_1_433' title='bbox 594 3312 832 3376; x_wconf 71' lang='lat' dir='ltr'><strong>proximo</strong></span> <span class='ocrx_word' id='word_1_434' title='bbox 874 3325 989 3370; x_wconf 74' lang='lat' dir='ltr'><strong>suo,</strong></span> <span class='ocrx_word' id='word_1_435' title='bbox 1038 3319 1082 3360; x_wconf 88' lang='lat' dir='ltr'><strong>et</strong></span> <span class='ocrx_word' id='word_1_436' title='bbox 1134 3325 1234 3360; x_wconf 85' lang='lat' dir='ltr'><strong>non</strong></span> <span class='ocrx_word' id='word_1_437' title='bbox 1274 3310 1485 3373; x_wconf 57' lang='lat' dir='ltr'><strong>decipit.</strong></span> <span class='ocrx_word' id='word_1_438' title='bbox 1515 3308 1625 3362; x_wconf 83' lang='lat' dir='ltr'><strong>lllic</strong></span> <span class='ocrx_word' id='word_1_439' title='bbox 1660 3323 1807 3371; x_wconf 86' lang='lat' dir='ltr'><strong>vero,</strong></span> <span class='ocrx_word' id='word_1_440' title='bbox 1848 3307 1957 3376; x_wconf 74' lang='lat' dir='ltr'><strong>Ego</strong></span> <span class='ocrx_word' id='word_1_441' title='bbox 1985 3319 2159 3361; x_wconf 87' lang='lat' dir='ltr'><strong>autem</strong></span> 
     </span>
    </p>
   </div>
   <div class='ocr_carea' id='block_1_66' title="bbox 595 3399 2161 3469">
    <p class='ocr_par' dir='ltr' id='par_1_66' title="bbox 595 3399 2161 3469">
     <span class='ocr_line' id='line_1_66' title="bbox 595 3399 2161 3469; baseline 0.002 -19"><span class='ocrx_word' id='word_1_442' title='bbox 595 3402 712 3450; x_wconf 77' lang='lat' dir='ltr'><strong>diro</strong></span> <span class='ocrx_word' id='word_1_443' title='bbox 765 3399 922 3460; x_wconf 78' lang='lat' dir='ltr'><strong>vobis,</strong></span> <span class='ocrx_word' id='word_1_444' title='bbox 978 3409 1032 3450; x_wconf 84' lang='lat' dir='ltr'><strong>ut</strong></span> <span class='ocrx_word' id='word_1_445' title='bbox 1085 3415 1146 3450; x_wconf 85' lang='lat' dir='ltr'><strong>ne</strong></span> <span class='ocrx_word' id='word_1_446' title='bbox 1198 3399 1391 3466; x_wconf 78' lang='lat' dir='ltr'><strong>juretis</strong></span> <span class='ocrx_word' id='word_1_447' title='bbox 1436 3399 1738 3452; x_wconf 78' lang='lat' dir='ltr'><strong>ontnino&quot;.</strong></span> <span class='ocrx_word' id='word_1_448' title='bbox 1789 3400 1925 3465; x_wconf 85' lang='lat' dir='ltr'><strong>Quid</strong></span> <span class='ocrx_word' id='word_1_449' title='bbox 1994 3401 2161 3469; x_wconf 81' lang='lat' dir='ltr'><strong>igitur</strong></span> 
     </span>
    </p>
   </div>
   <div class='ocr_carea' id='block_1_67' title="bbox 597 3489 2163 3560">
    <p class='ocr_par' dir='ltr' id='par_1_67' title="bbox 597 3489 2163 3560">
     <span class='ocr_line' id='line_1_67' title="bbox 597 3489 2163 3560; baseline 0.001 -15"><span class='ocrx_word' id='word_1_450' title='bbox 597 3491 874 3545; x_wconf 84' lang='lat' dir='ltr'><strong>dicemus?</strong></span> <span class='ocrx_word' id='word_1_451' title='bbox 931 3489 1216 3542; x_wconf 89' lang='lat' dir='ltr'><strong>Dominum</strong></span> <span class='ocrx_word' id='word_1_452' title='bbox 1277 3505 1440 3556; x_wconf 87' lang='lat' dir='ltr'><strong>scopo</strong></span> <span class='ocrx_word' id='word_1_453' title='bbox 1502 3492 1676 3545; x_wconf 83' lang='lat' dir='ltr'><strong>eidem</strong></span> <span class='ocrx_word' id='word_1_454' title='bbox 1751 3492 1948 3560; x_wconf 83' lang='lat' dir='ltr'><strong>ubique</strong></span> <span class='ocrx_word' id='word_1_455' title='bbox 1996 3495 2163 3546; x_wconf 69' lang='lat' dir='ltr'><strong>inhae-</strong></span> 
     </span>
    </p>
   </div>
   <div class='ocr_carea' id='block_1_68' title="bbox 599 3583 2164 3653">
    <p class='ocr_par' dir='ltr' id='par_1_68' title="bbox 599 3583 2164 3653">
     <span class='ocr_line' id='line_1_68' title="bbox 599 3583 2164 3653; baseline 0.002 -16"><span class='ocrx_word' id='word_1_456' title='bbox 599 3600 721 3638; x_wconf 73' lang='lat' dir='ltr'><strong>rere</strong></span> <span class='ocrx_word' id='word_1_457' title='bbox 758 3603 770 3637; x_wconf 90' lang='lat'>:</span> <span class='ocrx_word' id='word_1_458' title='bbox 805 3585 998 3653; x_wconf 85' lang='lat' dir='ltr'><strong>quippe</strong></span> <span class='ocrx_word' id='word_1_459' title='bbox 1050 3593 1391 3650; x_wconf 87' lang='lat' dir='ltr'><strong>peccatorum</strong></span> <span class='ocrx_word' id='word_1_460' title='bbox 1455 3584 1694 3635; x_wconf 86' lang='lat' dir='ltr'><strong>occurrit</strong></span> <span class='ocrx_word' id='word_1_461' title='bbox 1739 3583 2042 3646; x_wconf 78' lang='lat' dir='ltr'><strong>eﬂ‘ectibus,</strong></span> <span class='ocrx_word' id='word_1_462' title='bbox 2109 3596 2164 3640; x_wconf 90' lang='lat' dir='ltr'><strong>et</strong></span> 
     </span>
    </p>
   </div>
   <div class='ocr_carea' id='block_1_69' title="bbox 599 3672 2159 3742">
    <p class='ocr_par' dir='ltr' id='par_1_69' title="bbox 599 3672 2159 3742">
     <span class='ocr_line' id='line_1_69' title="bbox 599 3672 2159 3742; baseline 0.001 -16"><span class='ocrx_word' id='word_1_463' title='bbox 599 3674 988 3741; x_wconf 81' lang='lat' dir='ltr'><strong>malignitatem</strong></span> <span class='ocrx_word' id='word_1_464' title='bbox 1042 3689 1070 3724; x_wconf 90' lang='lat' dir='ltr'><strong>a</strong></span> <span class='ocrx_word' id='word_1_465' title='bbox 1129 3672 1301 3742; x_wconf 81' lang='lat' dir='ltr'><strong>prima</strong></span> <span class='ocrx_word' id='word_1_466' title='bbox 1358 3673 1567 3742; x_wconf 78' lang='lat' dir='ltr'><strong>origine</strong></span> <span class='ocrx_word' id='word_1_467' title='bbox 1614 3673 1902 3727; x_wconf 85' lang='lat' dir='ltr'><strong>exseindit.</strong></span> <span class='ocrx_word' id='word_1_468' title='bbox 1962 3675 2159 3740; x_wconf 87' lang='lat' dir='ltr'><strong>Quem-</strong></span> 
     </span>
    </p>
   </div>
   <div class='ocr_carea' id='block_1_70' title="bbox 597 3763 2160 3833">
    <p class='ocr_par' dir='ltr' id='par_1_70' title="bbox 597 3763 2160 3833">
     <span class='ocr_line' id='line_1_70' title="bbox 597 3763 2160 3833; baseline 0.001 -15"><span class='ocrx_word' id='word_1_469' title='bbox 597 3767 879 3818; x_wconf 84' lang='lat' dir='ltr'><strong>admodum</strong></span> <span class='ocrx_word' id='word_1_470' title='bbox 937 3765 1081 3816; x_wconf 89' lang='lat' dir='ltr'><strong>enim</strong></span> <span class='ocrx_word' id='word_1_471' title='bbox 1141 3766 1350 3817; x_wconf 83' lang='lat' dir='ltr'><strong>dicebat</strong></span> <span class='ocrx_word' id='word_1_472' title='bbox 1410 3764 1491 3815; x_wconf 79' lang='lat' dir='ltr'><strong>lex</strong></span> <span class='ocrx_word' id='word_1_473' title='bbox 1544 3766 1812 3833; x_wconf 88' lang='lat' dir='ltr'><strong>antiqua:</strong></span> <span class='ocrx_word' id='word_1_474' title='bbox 1861 3763 1983 3817; x_wconf 80' lang='lat' dir='ltr'><strong>Non</strong></span> <span class='ocrx_word' id='word_1_475' title='bbox 2035 3783 2160 3819; x_wconf 75' lang='lat' dir='ltr'><strong>ma:-</strong></span> 
     </span>
    </p>
   </div>
   <div class='ocr_carea' id='block_1_71' title="bbox 594 3854 2156 3925">
    <p class='ocr_par' dir='ltr' id='par_1_71' title="bbox 594 3854 2156 3925">
     <span class='ocr_line' id='line_1_71' title="bbox 594 3854 2156 3925; baseline 0 -15"><span class='ocrx_word' id='word_1_476' title='bbox 594 3857 906 3920; x_wconf 73' lang='lat' dir='ltr'><strong>ehaberis“,</strong></span> <span class='ocrx_word' id='word_1_477' title='bbox 961 3857 1217 3910; x_wconf 84' lang='lat' dir='ltr'><strong>Dominus</strong></span> <span class='ocrx_word' id='word_1_478' title='bbox 1262 3871 1409 3921; x_wconf 89' lang='lat' dir='ltr'><strong>vero,</strong></span> <span class='ocrx_word' id='word_1_479' title='bbox 1445 3854 1566 3910; x_wconf 88' lang='lat' dir='ltr'><strong>Non</strong></span> <span class='ocrx_word' id='word_1_480' title='bbox 1601 3858 1986 3925; x_wconf 76' lang='lat' dir='ltr'><strong>concupisces&quot;</strong></span> <span class='ocrx_word' id='word_1_481' title='bbox 2019 3876 2032 3911; x_wconf 89' lang='lat'><strong>:</strong></span> <span class='ocrx_word' id='word_1_482' title='bbox 2071 3858 2156 3910; x_wconf 88' lang='lat' dir='ltr'><strong>illa</strong></span> 
     </span>
    </p>
   </div>
   <div class='ocr_carea' id='block_1_72' title="bbox 594 3948 2157 4019">
    <p class='ocr_par' dir='ltr' id='par_1_72' title="bbox 594 3948 2157 4019">
     <span class='ocr_line' id='line_1_72' title="bbox 594 3948 2157 4019; baseline 0.001 -19"><span class='ocrx_word' id='word_1_483' title='bbox 594 3950 811 4016; x_wconf 87' lang='lat' dir='ltr'><strong>quidem</strong></span> <span class='ocrx_word' id='word_1_484' title='bbox 848 3967 861 4003; x_wconf 89' lang='lat'><strong>:</strong></span> <span class='ocrx_word' id='word_1_485' title='bbox 899 3948 1020 4001; x_wconf 84' lang='lat' dir='ltr'><strong>Non</strong></span> <span class='ocrx_word' id='word_1_486' title='bbox 1054 3949 1335 4010; x_wconf 71' lang='lat' dir='ltr'><strong>occides”,</strong></span> <span class='ocrx_word' id='word_1_487' title='bbox 1391 3949 1477 4002; x_wconf 89' lang='lat' dir='ltr'><strong>hic</strong></span> <span class='ocrx_word' id='word_1_488' title='bbox 1517 3964 1643 4003; x_wconf 90' lang='lat' dir='ltr'><strong>vero</strong></span> <span class='ocrx_word' id='word_1_489' title='bbox 1672 3950 1989 4019; x_wconf 77' lang='lat' dir='ltr'><strong>perfectiora</strong></span> <span class='ocrx_word' id='word_1_490' title='bbox 2019 3965 2157 4017; x_wconf 61' lang='lat' dir='ltr'><strong>pra!-</strong></span> 
     </span>
    </p>
   </div>
   <div class='ocr_carea' id='block_1_73' title="bbox 592 4039 2160 4098">
    <p class='ocr_par' dir='ltr' id='par_1_73' title="bbox 592 4039 2160 4098">
     <span class='ocr_line' id='line_1_73' title="bbox 592 4039 2160 4098; baseline 0.003 -6"><span class='ocrx_word' id='word_1_491' title='bbox 592 4040 858 4098; x_wconf 89' lang='lat' dir='ltr'><strong>scribens.</strong></span> <span class='ocrx_word' id='word_1_492' title='bbox 898 4039 1015 4092; x_wconf 76' lang='lat' dir='ltr'><strong>Non</strong></span> <span class='ocrx_word' id='word_1_493' title='bbox 1068 4041 1364 4094; x_wconf 75' lang='lat' dir='ltr'><strong>irasceris”</strong></span> <span class='ocrx_word' id='word_1_494' title='bbox 1397 4058 1410 4094; x_wconf 87' lang='lat'><strong>:</strong></span> <span class='ocrx_word' id='word_1_495' title='bbox 1445 4041 1520 4095; x_wconf 90' lang='lat' dir='ltr'><strong>sic</strong></span> <span class='ocrx_word' id='word_1_496' title='bbox 1556 4057 1684 4096; x_wconf 87' lang='lat' dir='ltr'><strong>sane</strong></span> <span class='ocrx_word' id='word_1_497' title='bbox 1729 4043 1888 4096; x_wconf 86' lang='lat' dir='ltr'><strong>etiam</strong></span> <span class='ocrx_word' id='word_1_498' title='bbox 1919 4042 2018 4096; x_wconf 87' lang='lat' dir='ltr'><strong>hoc</strong></span> <span class='ocrx_word' id='word_1_499' title='bbox 2044 4047 2160 4096; x_wconf 91' lang='lat' dir='ltr'><strong>loco</strong></span> 
     </span>
    </p>
   </div>
   <div class='ocr_carea' id='block_1_74' title="bbox 595 4130 2160 4200">
    <p class='ocr_par' dir='ltr' id='par_1_74' title="bbox 595 4130 2160 4200">
     <span class='ocr_line' id='line_1_74' title="bbox 595 4130 2160 4200; baseline 0.003 -17"><span class='ocrx_word' id='word_1_500' title='bbox 595 4130 685 4183; x_wconf 89' lang='lat' dir='ltr'><strong>illa</strong></span> <span class='ocrx_word' id='word_1_501' title='bbox 745 4130 964 4197; x_wconf 87' lang='lat' dir='ltr'><strong>quidem</strong></span> <span class='ocrx_word' id='word_1_502' title='bbox 1035 4139 1287 4184; x_wconf 86' lang='lat' dir='ltr'><strong>contenta</strong></span> <span class='ocrx_word' id='word_1_503' title='bbox 1344 4143 1426 4186; x_wconf 88' lang='lat' dir='ltr'><strong>est</strong></span> <span class='ocrx_word' id='word_1_504' title='bbox 1464 4142 1611 4185; x_wconf 87' lang='lat' dir='ltr'><strong>recte</strong></span> <span class='ocrx_word' id='word_1_505' title='bbox 1674 4131 1982 4200; x_wconf 78' lang='lat' dir='ltr'><strong>iuramento</strong></span> <span class='ocrx_word' id='word_1_506' title='bbox 2025 4151 2037 4186; x_wconf 88' lang='lat'><strong>:</strong></span> <span class='ocrx_word' id='word_1_507' title='bbox 2073 4134 2160 4187; x_wconf 90' lang='lat' dir='ltr'><strong>hic</strong></span> 
     </span>
    </p>
   </div>
   <div class='ocr_carea' id='block_1_75' title="bbox 593 4220 2160 4289">
    <p class='ocr_par' dir='ltr' id='par_1_75' title="bbox 593 4220 2160 4289">
     <span class='ocr_line' id='line_1_75' title="bbox 593 4220 2160 4289; baseline 0.003 -18"><span class='ocrx_word' id='word_1_508' title='bbox 593 4235 721 4274; x_wconf 77' lang='lat' dir='ltr'><strong>vero</strong></span> <span class='ocrx_word' id='word_1_509' title='bbox 743 4220 966 4289; x_wconf 90' lang='lat' dir='ltr'><strong>perjurii</strong></span> <span class='ocrx_word' id='word_1_510' title='bbox 1020 4222 1292 4274; x_wconf 79' lang='lat' dir='ltr'><strong>exscindit</strong></span> <span class='ocrx_word' id='word_1_511' title='bbox 1320 4224 1682 4275; x_wconf 86' lang='lat' dir='ltr'><strong>occasionem.</strong></span> <span class='ocrx_word' id='word_1_512' title='bbox 1709 4223 1808 4289; x_wconf 84' lang='lat' dir='ltr'><strong>Qui</strong></span> <span class='ocrx_word' id='word_1_513' title='bbox 1840 4223 1984 4277; x_wconf 88' lang='lat' dir='ltr'><strong>enim</strong></span> <span class='ocrx_word' id='word_1_514' title='bbox 2017 4233 2160 4277; x_wconf 86' lang='lat' dir='ltr'><strong>recte</strong></span> 
     </span>
    </p>
   </div>
   <div class='ocr_carea' id='block_1_76' title="bbox 591 4311 2158 4383">
    <p class='ocr_par' dir='ltr' id='par_1_76' title="bbox 591 4311 2158 4383">
     <span class='ocr_line' id='line_1_76' title="bbox 591 4311 2158 4383; baseline 0.003 -19"><span class='ocrx_word' id='word_1_515' title='bbox 591 4323 647 4364; x_wconf 71' lang='lat' dir='ltr'><strong>et</strong></span> <span class='ocrx_word' id='word_1_516' title='bbox 698 4327 824 4365; x_wconf 82' lang='lat' dir='ltr'><strong>vere</strong></span> <span class='ocrx_word' id='word_1_517' title='bbox 893 4311 1063 4379; x_wconf 83' lang='lat' dir='ltr'><strong>jurat,</strong></span> <span class='ocrx_word' id='word_1_518' title='bbox 1116 4313 1347 4364; x_wconf 88' lang='lat' dir='ltr'><strong>lortasse</strong></span> <span class='ocrx_word' id='word_1_519' title='bbox 1397 4314 1557 4366; x_wconf 88' lang='lat' dir='ltr'><strong>etiam</strong></span> <span class='ocrx_word' id='word_1_520' title='bbox 1608 4315 1715 4367; x_wconf 84' lang='lat' dir='ltr'><strong>falli</strong></span> <span class='ocrx_word' id='word_1_521' title='bbox 1778 4331 2158 4383; x_wconf 90' lang='lat' dir='ltr'><strong>nonnunquam</strong></span> 
     </span>
    </p>
   </div>
   <div class='ocr_carea' id='block_1_77' title="bbox 593 4401 2158 4472">
    <p class='ocr_par' dir='ltr' id='par_1_77' title="bbox 593 4401 2158 4472">
     <span class='ocr_line' id='line_1_77' title="bbox 593 4401 2158 4472; baseline 0.004 -23"><span class='ocrx_word' id='word_1_522' title='bbox 593 4410 767 4468; x_wconf 82' lang='lat' dir='ltr'><strong>potest</strong></span> <span class='ocrx_word' id='word_1_523' title='bbox 821 4402 1022 4453; x_wconf 86' lang='lat' dir='ltr'><strong>invitus</strong></span> <span class='ocrx_word' id='word_1_524' title='bbox 1055 4418 1068 4456; x_wconf 92' lang='lat'><strong>:</strong></span> <span class='ocrx_word' id='word_1_525' title='bbox 1101 4401 1191 4469; x_wconf 90' lang='lat' dir='ltr'><strong>qui</strong></span> <span class='ocrx_word' id='word_1_526' title='bbox 1256 4417 1382 4454; x_wconf 81' lang='lat' dir='ltr'><strong>vero</strong></span> <span class='ocrx_word' id='word_1_527' title='bbox 1437 4417 1541 4455; x_wconf 91' lang='lat' dir='ltr'><strong>non</strong></span> <span class='ocrx_word' id='word_1_528' title='bbox 1586 4402 1753 4468; x_wconf 82' lang='lat' dir='ltr'><strong>jurat,</strong></span> <span class='ocrx_word' id='word_1_529' title='bbox 1815 4405 2034 4472; x_wconf 86' lang='lat' dir='ltr'><strong>perjurii</strong></span> <span class='ocrx_word' id='word_1_530' title='bbox 2085 4407 2158 4457; x_wconf 90' lang='lat' dir='ltr'><strong>vi-</strong></span> 
     </span>
    </p>
   </div>
   <div class='ocr_carea' id='block_1_78' title="bbox 597 4492 2156 4559">
    <p class='ocr_par' dir='ltr' id='par_1_78' title="bbox 597 4492 2156 4559">
     <span class='ocr_line' id='line_1_78' title="bbox 597 4492 2156 4559; baseline 0.003 -17"><span class='ocrx_word' id='word_1_531' title='bbox 597 4492 728 4544; x_wconf 88' lang='lat' dir='ltr'><strong>tavit</strong></span> <span class='ocrx_word' id='word_1_532' title='bbox 772 4494 1090 4559; x_wconf 90' lang='lat' dir='ltr'><strong>pericnlum.</strong></span> <span class='ocrx_word' id='word_1_533' title='bbox 1141 4498 1256 4545; x_wconf 71' lang='grc' dir='ltr'><strong>ΙΙςιιιι</strong></span> <span class='ocrx_word' id='word_1_534' title='bbox 1306 4506 1432 4546; x_wconf 85' lang='lat' dir='ltr'><strong>vero</strong></span> <span class='ocrx_word' id='word_1_535' title='bbox 1493 4493 1654 4544; x_wconf 85' lang='lat' dir='ltr'><strong>etiam</strong></span> <span class='ocrx_word' id='word_1_536' title='bbox 1695 4493 1876 4546; x_wconf 88' lang='lat' dir='ltr'><strong>multis</strong></span> <span class='ocrx_word' id='word_1_537' title='bbox 1921 4494 1971 4546; x_wconf 92' lang='lat' dir='ltr'><strong>in</strong></span> <span class='ocrx_word' id='word_1_538' title='bbox 2025 4494 2156 4546; x_wconf 85' lang='lat' dir='ltr'><strong>locis</strong></span> 
     </span>
    </p>
   </div>
   <div class='ocr_carea' id='block_1_79' title="bbox 2261 3300 3846 3370">
    <p class='ocr_par' dir='ltr' id='par_1_79' title="bbox 2261 3300 3846 3370">
     <span class='ocr_line' id='line_1_79' title="bbox 2261 3300 3846 3370; baseline -0.005 -10"><span class='ocrx_word' id='word_1_539' title='bbox 2261 3306 2502 3360; x_wconf 81' lang='grc' dir='ltr'>ἀθετῶν.</span> <span class='ocrx_word' id='word_1_540' title='bbox 2543 3306 2688 3358; x_wconf 84' lang='grc' dir='ltr'>Ἐκεῖ</span> <span class='ocrx_word' id='word_1_541' title='bbox 2729 3305 2803 3367; x_wconf 83' lang='grc' dir='ltr'><strong>δὲ,</strong></span> <span class='ocrx_word' id='word_1_542' title='bbox 2847 3302 2986 3368; x_wconf 74' lang='grc' dir='ltr'><strong>Ἐγὼ</strong></span> <span class='ocrx_word' id='word_1_543' title='bbox 3015 3301 3082 3353; x_wconf 83' lang='grc' dir='ltr'>δὲ</span> <span class='ocrx_word' id='word_1_544' title='bbox 3131 3301 3288 3370; x_wconf 59' lang='grc' dir='ltr'>λέγω</span> <span class='ocrx_word' id='word_1_545' title='bbox 3319 3300 3462 3368; x_wconf 83' lang='grc' dir='ltr'>ὑμῖν</span> <span class='ocrx_word' id='word_1_546' title='bbox 3488 3300 3573 3368; x_wconf 82' lang='grc' dir='ltr'><strong>μὴ</strong></span> <span class='ocrx_word' id='word_1_547' title='bbox 3623 3301 3846 3367; x_wconf 69' lang='grc' dir='ltr'>ὀμόσαι</span> 
     </span>
    </p>
   </div>
   <div class='ocr_carea' id='block_1_80' title="bbox 2261 3390 3847 3465">
    <p class='ocr_par' dir='ltr' id='par_1_80' title="bbox 2261 3390 3847 3465">
     <span class='ocr_line' id='line_1_80' title="bbox 2261 3390 3847 3465; baseline -0.004 -16"><span class='ocrx_word' id='word_1_548' title='bbox 2261 3397 2435 3463; x_wconf 76' lang='grc' dir='ltr'>ὅλως.</span> <span class='ocrx_word' id='word_1_549' title='bbox 2463 3397 2527 3448; x_wconf 89' lang='grc' dir='ltr'>Τί</span> <span class='ocrx_word' id='word_1_550' title='bbox 2551 3393 2642 3450; x_wconf 77' lang='grc' dir='ltr'><strong>οὖν</strong></span> <span class='ocrx_word' id='word_1_551' title='bbox 2673 3411 2884 3465; x_wconf 76' lang='grc' dir='ltr'>φαμεν;</span> <span class='ocrx_word' id='word_1_552' title='bbox 2915 3395 3035 3445; x_wconf 78' lang='grc' dir='ltr'>Ὅτι</span> <span class='ocrx_word' id='word_1_553' title='bbox 3074 3392 3349 3462; x_wconf 80' lang='grc' dir='ltr'>πανταχοῦ</span> <span class='ocrx_word' id='word_1_554' title='bbox 3383 3390 3476 3445; x_wconf 80' lang='grc' dir='ltr'>τοῦ</span> <span class='ocrx_word' id='word_1_555' title='bbox 3511 3391 3676 3444; x_wconf 74' lang='grc' dir='ltr'>αὐτοῦ</span> <span class='ocrx_word' id='word_1_556' title='bbox 3717 3408 3847 3443; x_wconf 72' lang='lat' dir='ltr'><strong>axo-</strong></span> 
     </span>
    </p>
   </div>
   <div class='ocr_carea' id='block_1_81' title="bbox 2262 3485 3846 3560">
    <p class='ocr_par' dir='ltr' id='par_1_81' title="bbox 2262 3485 3846 3560">
     <span class='ocr_line' id='line_1_81' title="bbox 2262 3485 3846 3560; baseline -0.004 -18"><span class='ocrx_word' id='word_1_557' title='bbox 2262 3489 2363 3542; x_wconf 77' lang='grc' dir='ltr'>ποῦ</span> <span class='ocrx_word' id='word_1_558' title='bbox 2391 3490 2568 3560; x_wconf 80' lang='grc' dir='ltr'>ἔχεται</span> <span class='ocrx_word' id='word_1_559' title='bbox 2598 3491 2624 3542; x_wconf 98' lang='lat'><strong>6</strong></span> <span class='ocrx_word' id='word_1_560' title='bbox 2654 3488 2874 3559; x_wconf 82' lang='grc' dir='ltr'>Κύριος,</span> <span class='ocrx_word' id='word_1_561' title='bbox 2916 3486 3316 3558; x_wconf 79' lang='grc' dir='ltr'>προλαμὸανων</span> <span class='ocrx_word' id='word_1_562' title='bbox 3357 3486 3462 3537; x_wconf 88' lang='grc' dir='ltr'><strong>τῶν</strong></span> <span class='ocrx_word' id='word_1_563' title='bbox 3510 3485 3846 3555; x_wconf 81' lang='grc' dir='ltr'>ἁμαρτημά-</span> 
     </span>
    </p>
   </div>
   <div class='ocr_carea' id='block_1_82' title="bbox 2260 3573 3846 3648">
    <p class='ocr_par' dir='ltr' id='par_1_82' title="bbox 2260 3573 3846 3648">
     <span class='ocr_line' id='line_1_82' title="bbox 2260 3573 3846 3648; baseline 0.003 -17"><span class='ocrx_word' id='word_1_564' title='bbox 2260 3596 2365 3631; x_wconf 89' lang='grc' dir='ltr'><strong>των</strong></span> <span class='ocrx_word' id='word_1_565' title='bbox 2395 3580 2462 3631; x_wconf 75' lang='grc' dir='ltr'>τὰ</span> <span class='ocrx_word' id='word_1_566' title='bbox 2513 3578 2960 3648; x_wconf 85' lang='grc' dir='ltr'>ἀποτελέσματα,</span> <span class='ocrx_word' id='word_1_567' title='bbox 3007 3579 3099 3630; x_wconf 73' lang='grc' dir='ltr'><strong>καὶ</strong></span> <span class='ocrx_word' id='word_1_568' title='bbox 3135 3581 3196 3630; x_wconf 79' lang='grc' dir='ltr'>ἐκ</span> <span class='ocrx_word' id='word_1_569' title='bbox 3243 3577 3344 3646; x_wconf 84' lang='grc' dir='ltr'>τῆς</span> <span class='ocrx_word' id='word_1_570' title='bbox 3391 3573 3614 3646; x_wconf 80' lang='grc' dir='ltr'>πρώτης</span> <span class='ocrx_word' id='word_1_571' title='bbox 3664 3577 3846 3645; x_wconf 79' lang='grc' dir='ltr'>ἀρχῆς</span> 
     </span>
    </p>
   </div>
   <div class='ocr_carea' id='block_1_83' title="bbox 2260 3667 3846 3741">
    <p class='ocr_par' dir='ltr' id='par_1_83' title="bbox 2260 3667 3846 3741">
     <span class='ocr_line' id='line_1_83' title="bbox 2260 3667 3846 3741; baseline -0.003 -20"><span class='ocrx_word' id='word_1_572' title='bbox 2260 3671 2535 3739; x_wconf 78' lang='grc' dir='ltr'>ἐκτέμνων</span> <span class='ocrx_word' id='word_1_573' title='bbox 2579 3671 2674 3741; x_wconf 81' lang='grc' dir='ltr'>τὴν</span> <span class='ocrx_word' id='word_1_574' title='bbox 2729 3671 3011 3740; x_wconf 84' lang='grc' dir='ltr'>πονηρίαν.</span> <span class='ocrx_word' id='word_1_575' title='bbox 3069 3669 3155 3729; x_wconf 83' lang='grc' dir='ltr'>Ὠς</span> <span class='ocrx_word' id='word_1_576' title='bbox 3210 3668 3317 3737; x_wconf 83' lang='grc' dir='ltr'>γὰρ</span> <span class='ocrx_word' id='word_1_577' title='bbox 3363 3670 3390 3720; x_wconf 95' lang='lat'><strong>6</strong></span> <span class='ocrx_word' id='word_1_578' title='bbox 3447 3669 3544 3736; x_wconf 79' lang='grc' dir='ltr'><strong>μὲν</strong></span> <span class='ocrx_word' id='word_1_579' title='bbox 3610 3667 3846 3727; x_wconf 80' lang='grc' dir='ltr'>παλαιὸς</span> 
     </span>
    </p>
   </div>
   <div class='ocr_carea' id='block_1_84' title="bbox 2259 3756 3846 3830">
    <p class='ocr_par' dir='ltr' id='par_1_84' title="bbox 2259 3756 3846 3830">
     <span class='ocr_line' id='line_1_84' title="bbox 2259 3756 3846 3830; baseline -0.003 -19"><span class='ocrx_word' id='word_1_580' title='bbox 2259 3760 2409 3827; x_wconf 80' lang='grc' dir='ltr'>ἔλεγε</span> <span class='ocrx_word' id='word_1_581' title='bbox 2443 3763 2626 3830; x_wconf 81' lang='grc' dir='ltr'>νόμος,</span> <span class='ocrx_word' id='word_1_582' title='bbox 2660 3764 2740 3814; x_wconf 85' lang='grc' dir='ltr'><strong>Οὐ</strong></span> <span class='ocrx_word' id='word_1_583' title='bbox 2756 3763 3122 3829; x_wconf 78' lang='grc' dir='ltr'>μοιχεύσεις-ο</span> <span class='ocrx_word' id='word_1_584' title='bbox 3146 3762 3174 3811; x_wconf 87' lang='lat'><strong>6</strong></span> <span class='ocrx_word' id='word_1_585' title='bbox 3203 3759 3258 3810; x_wconf 84' lang='grc' dir='ltr'><strong>δὲ</strong></span> <span class='ocrx_word' id='word_1_586' title='bbox 3283 3759 3503 3827; x_wconf 82' lang='grc' dir='ltr'>Κύριος,</span> <span class='ocrx_word' id='word_1_587' title='bbox 3531 3756 3684 3808; x_wconf 75' lang='grc' dir='ltr'><strong>Οὐδὲ</strong></span> <span class='ocrx_word' id='word_1_588' title='bbox 3718 3758 3846 3807; x_wconf 72' lang='grc' dir='ltr'>ἐπι-</span> 
     </span>
    </p>
   </div>
   <div class='ocr_carea' id='block_1_85' title="bbox 2259 3847 3848 3920">
    <p class='ocr_par' dir='ltr' id='par_1_85' title="bbox 2259 3847 3848 3920">
     <span class='ocr_line' id='line_1_85' title="bbox 2259 3847 3848 3920; baseline -0.003 -16"><span class='ocrx_word' id='word_1_589' title='bbox 2259 3852 2547 3919; x_wconf 78' lang='grc' dir='ltr'>θυμήσεις</span> <span class='ocrx_word' id='word_1_590' title='bbox 2573 3869 2584 3881; x_wconf 91' lang='grc'><strong>·</strong></span> <span class='ocrx_word' id='word_1_591' title='bbox 2621 3855 2871 3913; x_wconf 84' lang='grc' dir='ltr'>κάκεῖνος</span> <span class='ocrx_word' id='word_1_592' title='bbox 2897 3853 3014 3920; x_wconf 79' lang='grc' dir='ltr'>μὲν,</span> <span class='ocrx_word' id='word_1_593' title='bbox 3049 3853 3128 3903; x_wconf 81' lang='grc' dir='ltr'>οὐ</span> <span class='ocrx_word' id='word_1_594' title='bbox 3164 3851 3502 3918; x_wconf 65' lang='grc' dir='ltr'>φονεύσεις-ο</span> <span class='ocrx_word' id='word_1_595' title='bbox 3526 3848 3629 3900; x_wconf 83' lang='grc' dir='ltr'>ὁδὲ</span> <span class='ocrx_word' id='word_1_596' title='bbox 3658 3847 3728 3899; x_wconf 73' lang='grc' dir='ltr'>τὰ</span> <span class='ocrx_word' id='word_1_597' title='bbox 3759 3865 3848 3900; x_wconf 84' lang='grc' dir='ltr'>τε·</span> 
     </span>
    </p>
   </div>
   <div class='ocr_carea' id='block_1_86' title="bbox 2258 3938 3847 4014">
    <p class='ocr_par' dir='ltr' id='par_1_86' title="bbox 2258 3938 3847 4014">
     <span class='ocr_line' id='line_1_86' title="bbox 2258 3938 3847 4014; baseline -0.003 -19"><span class='ocrx_word' id='word_1_598' title='bbox 2258 3943 2500 4014; x_wconf 83' lang='grc' dir='ltr'>λειότερα</span> <span class='ocrx_word' id='word_1_599' title='bbox 2531 3942 2854 4013; x_wconf 79' lang='grc' dir='ltr'>νομοθετῶν,</span> <span class='ocrx_word' id='word_1_600' title='bbox 2886 3941 3040 3994; x_wconf 81' lang='grc' dir='ltr'><strong>Οὐδὲ</strong></span> <span class='ocrx_word' id='word_1_601' title='bbox 3066 3941 3397 4011; x_wconf 69' lang='grc' dir='ltr'>ὀργισθήσῃ</span> <span class='ocrx_word' id='word_1_602' title='bbox 3418 3958 3431 3970; x_wconf 89' lang='grc'><strong>·</strong></span> <span class='ocrx_word' id='word_1_603' title='bbox 3468 3938 3612 3992; x_wconf 74' lang='grc' dir='ltr'>οὕτω</span> <span class='ocrx_word' id='word_1_604' title='bbox 3641 3940 3706 4010; x_wconf 79' lang='grc' dir='ltr'><strong>δὴ</strong></span> <span class='ocrx_word' id='word_1_605' title='bbox 3751 3939 3847 3992; x_wconf 77' lang='grc' dir='ltr'>καὶ</span> 
     </span>
    </p>
   </div>
   <div class='ocr_carea' id='block_1_87' title="bbox 2258 4029 3847 4102">
    <p class='ocr_par' dir='ltr' id='par_1_87' title="bbox 2258 4029 3847 4102">
     <span class='ocr_line' id='line_1_87' title="bbox 2258 4029 3847 4102; baseline -0.002 -17"><span class='ocrx_word' id='word_1_606' title='bbox 2258 4032 2487 4085; x_wconf 75' lang='grc' dir='ltr'>ἐνταῦθα</span> <span class='ocrx_word' id='word_1_607' title='bbox 2511 4032 2539 4083; x_wconf 88' lang='grc' dir='ltr'>ὁ</span> <span class='ocrx_word' id='word_1_608' title='bbox 2577 4033 2672 4101; x_wconf 82' lang='grc' dir='ltr'><strong>μὲν</strong></span> <span class='ocrx_word' id='word_1_609' title='bbox 2716 4033 2967 4101; x_wconf 82' lang='grc' dir='ltr'>ἀρκεῖται</span> <span class='ocrx_word' id='word_1_610' title='bbox 3005 4034 3069 4101; x_wconf 81' lang='grc' dir='ltr'>τῇ</span> <span class='ocrx_word' id='word_1_611' title='bbox 3101 4029 3346 4101; x_wconf 72' lang='grc' dir='ltr'>εὑορκίᾳ,</span> <span class='ocrx_word' id='word_1_612' title='bbox 3377 4031 3404 4082; x_wconf 92' lang='lat'><strong>6</strong></span> <span class='ocrx_word' id='word_1_613' title='bbox 3429 4029 3485 4082; x_wconf 73' lang='grc' dir='ltr'>δὲ</span> <span class='ocrx_word' id='word_1_614' title='bbox 3528 4031 3628 4100; x_wconf 80' lang='grc' dir='ltr'><strong>τῆς</strong></span> <span class='ocrx_word' id='word_1_615' title='bbox 3665 4033 3847 4102; x_wconf 74' lang='grc' dir='ltr'>ἐπιορ-</span> 
     </span>
    </p>
   </div>
   <div class='ocr_carea' id='block_1_88' title="bbox 2260 4121 3837 4194">
    <p class='ocr_par' dir='ltr' id='par_1_88' title="bbox 2260 4121 3837 4194">
     <span class='ocr_line' id='line_1_88' title="bbox 2260 4121 3837 4194; baseline -0.003 -16"><span class='ocrx_word' id='word_1_616' title='bbox 2260 4126 2382 4188; x_wconf 81' lang='grc' dir='ltr'>κίας</span> <span class='ocrx_word' id='word_1_617' title='bbox 2414 4126 2510 4193; x_wconf 86' lang='grc' dir='ltr'>τὴν</span> <span class='ocrx_word' id='word_1_618' title='bbox 2555 4125 2804 4194; x_wconf 72' lang='grc' dir='ltr'>ἀφορμὴν</span> <span class='ocrx_word' id='word_1_619' title='bbox 2851 4123 3148 4176; x_wconf 84' lang='grc' dir='ltr'>διακόπτει.</span> <span class='ocrx_word' id='word_1_620' title='bbox 3188 4123 3245 4174; x_wconf 86' lang='lat' dir='ltr'><strong>&#39;U</strong></span> <span class='ocrx_word' id='word_1_621' title='bbox 3295 4122 3392 4192; x_wconf 82' lang='grc' dir='ltr'>μὲν</span> <span class='ocrx_word' id='word_1_622' title='bbox 3420 4121 3528 4193; x_wconf 84' lang='grc' dir='ltr'><strong>γάρ</strong></span> <span class='ocrx_word' id='word_1_623' title='bbox 3564 4123 3837 4193; x_wconf 75' lang='grc' dir='ltr'>εὐορκῶν,</span> 
     </span>
    </p>
   </div>
   <div class='ocr_carea' id='block_1_89' title="bbox 2261 4214 3844 4288">
    <p class='ocr_par' dir='ltr' id='par_1_89' title="bbox 2261 4214 3844 4288">
     <span class='ocr_line' id='line_1_89' title="bbox 2261 4214 3844 4288; baseline -0.003 -17"><span class='ocrx_word' id='word_1_624' title='bbox 2261 4219 2418 4288; x_wconf 76' lang='grc' dir='ltr'>τυχὸν</span> <span class='ocrx_word' id='word_1_625' title='bbox 2445 4218 2508 4270; x_wconf 81' lang='grc' dir='ltr'>ἄν</span> <span class='ocrx_word' id='word_1_626' title='bbox 2537 4217 2648 4286; x_wconf 82' lang='grc'><strong>(15)</strong></span> <span class='ocrx_word' id='word_1_627' title='bbox 2681 4233 2809 4268; x_wconf 89' lang='grc' dir='ltr'>ποτε</span> <span class='ocrx_word' id='word_1_628' title='bbox 2840 4216 2934 4268; x_wconf 69' lang='grc' dir='ltr'><strong>καὶ</strong></span> <span class='ocrx_word' id='word_1_629' title='bbox 2970 4215 3351 4286; x_wconf 59' lang='grc' dir='ltr'>παρασψαλείη</span> <span class='ocrx_word' id='word_1_630' title='bbox 3389 4214 3566 4268; x_wconf 75' lang='grc' dir='ltr'>ἀκωνο</span> <span class='ocrx_word' id='word_1_631' title='bbox 3599 4217 3628 4267; x_wconf 92' lang='lat'><strong>6</strong></span> <span class='ocrx_word' id='word_1_632' title='bbox 3667 4215 3724 4266; x_wconf 79' lang='grc' dir='ltr'>δὲ</span> <span class='ocrx_word' id='word_1_633' title='bbox 3770 4215 3844 4285; x_wconf 74' lang='grc' dir='ltr'>μὴ</span> 
     </span>
    </p>
   </div>
   <div class='ocr_carea' id='block_1_90' title="bbox 2262 4305 3845 4382">
    <p class='ocr_par' dir='ltr' id='par_1_90' title="bbox 2262 4305 3845 4382">
     <span class='ocr_line' id='line_1_90' title="bbox 2262 4305 3845 4382; baseline -0.004 -19"><span class='ocrx_word' id='word_1_634' title='bbox 2262 4311 2497 4382; x_wconf 79' lang='grc' dir='ltr'>ὀμνύων,</span> <span class='ocrx_word' id='word_1_635' title='bbox 2530 4312 2618 4362; x_wconf 79' lang='grc' dir='ltr'>τὸν</span> <span class='ocrx_word' id='word_1_636' title='bbox 2643 4311 2740 4378; x_wconf 73' lang='grc' dir='ltr'>τῆς</span> <span class='ocrx_word' id='word_1_637' title='bbox 2764 4309 3047 4378; x_wconf 72' lang='grc' dir='ltr'>ἐπιορκίας</span> <span class='ocrx_word' id='word_1_638' title='bbox 3081 4308 3319 4361; x_wconf 82' lang='grc' dir='ltr'>κίνδυνον</span> <span class='ocrx_word' id='word_1_639' title='bbox 3354 4307 3705 4376; x_wconf 73' lang='grc' dir='ltr'>διαπέφευγε.</span> <span class='ocrx_word' id='word_1_640' title='bbox 3741 4305 3845 4359; x_wconf 73' lang='grc' dir='ltr'><strong>Τὸν</strong></span> 
     </span>
    </p>
   </div>
   <div class='ocr_carea' id='block_1_91' title="bbox 2264 4398 3841 4473">
    <p class='ocr_par' dir='ltr' id='par_1_91' title="bbox 2264 4398 3841 4473">
     <span class='ocr_line' id='line_1_91' title="bbox 2264 4398 3841 4473; baseline -0.005 -17"><span class='ocrx_word' id='word_1_641' title='bbox 2264 4406 2424 4473; x_wconf 76' lang='grc' dir='ltr'>ὅρκον</span> <span class='ocrx_word' id='word_1_642' title='bbox 2454 4404 2510 4455; x_wconf 78' lang='grc' dir='ltr'><strong>δὲ</strong></span> <span class='ocrx_word' id='word_1_643' title='bbox 2543 4401 2805 4468; x_wconf 81' lang='grc' dir='ltr'>πολλαχοῦ</span> <span class='ocrx_word' id='word_1_644' title='bbox 2833 4401 2924 4451; x_wconf 78' lang='grc' dir='ltr'><strong>καὶ</strong></span> <span class='ocrx_word' id='word_1_645' title='bbox 2949 4401 3046 4468; x_wconf 78' lang='grc' dir='ltr'><strong>τὴν</strong></span> <span class='ocrx_word' id='word_1_646' title='bbox 3075 4398 3408 4468; x_wconf 74' lang='grc' dir='ltr'>ἀμετάθετον</span> <span class='ocrx_word' id='word_1_647' title='bbox 3442 4400 3570 4468; x_wconf 79' lang='grc' dir='ltr'>περὶ</span> <span class='ocrx_word' id='word_1_648' title='bbox 3607 4399 3841 4449; x_wconf 76' lang='grc' dir='ltr'>ἑκάστου</span> 
     </span>
    </p>
   </div>
   <div class='ocr_carea' id='block_1_92' title="bbox 2263 4487 3840 4564">
    <p class='ocr_par' dir='ltr' id='par_1_92' title="bbox 2263 4487 3840 4564">
     <span class='ocr_line' id='line_1_92' title="bbox 2263 4487 3840 4564; baseline -0.005 -18"><span class='ocrx_word' id='word_1_649' title='bbox 2263 4496 2582 4564; x_wconf 77' lang='grc' dir='ltr'>πράγματος</span> <span class='ocrx_word' id='word_1_650' title='bbox 2620 4490 3005 4543; x_wconf 75' lang='grc' dir='ltr'>διαϐεϐαίωσιν</span> <span class='ocrx_word' id='word_1_651' title='bbox 3045 4487 3335 4557; x_wconf 75' lang='grc' dir='ltr'>ὀνομάζει·</span> <span class='ocrx_word' id='word_1_652' title='bbox 3368 4489 3443 4550; x_wconf 86' lang='grc' dir='ltr'>ὡς</span> <span class='ocrx_word' id='word_1_653' title='bbox 3472 4487 3553 4550; x_wconf 83' lang='grc' dir='ltr'><strong>τὸ,</strong></span> <span class='ocrx_word' id='word_1_654' title='bbox 3586 4488 3840 4553; x_wconf 81' lang='grc' dir='ltr'>Ὤμοσα,</span> 
     </span>
    </p>
   </div>
   <div class='ocr_carea' id='block_1_93' title="bbox 599 4559 2162 4653">
    <p class='ocr_par' dir='ltr' id='par_1_93' title="bbox 599 4585 2156 4653">
     <span class='ocr_line' id='line_1_93' title="bbox 599 4585 2156 4653; baseline 0.002 -17"><span class='ocrx_word' id='word_1_655' title='bbox 599 4585 808 4637; x_wconf 87' lang='lat' dir='ltr'><strong>tirmum</strong></span> <span class='ocrx_word' id='word_1_656' title='bbox 867 4597 920 4638; x_wconf 90' lang='lat' dir='ltr'><strong>et</strong></span> <span class='ocrx_word' id='word_1_657' title='bbox 973 4586 1301 4638; x_wconf 81' lang='lat' dir='ltr'><strong>immutabile</strong></span> <span class='ocrx_word' id='word_1_658' title='bbox 1359 4585 1425 4638; x_wconf 82' lang='lat' dir='ltr'><strong>de.</strong></span> <span class='ocrx_word' id='word_1_659' title='bbox 1485 4600 1805 4653; x_wconf 89' lang='lat' dir='ltr'><strong>unaquaque</strong></span> <span class='ocrx_word' id='word_1_660' title='bbox 1840 4600 1895 4638; x_wconf 89' lang='lat' dir='ltr'><strong>re</strong></span> <span class='ocrx_word' id='word_1_661' title='bbox 1958 4600 2156 4652; x_wconf 85' lang='lat' dir='ltr'><strong>propo-</strong></span> 
     </span>
    </p>
   </div>
   <div class='ocr_carea' id='block_1_94' title="bbox 2266 4559 3844 4653">
    <p class='ocr_par' dir='ltr' id='par_1_94' title="bbox 2266 4559 3844 4649">
     <span class='ocr_line' id='line_1_94' title="bbox 2266 4559 3844 4649; baseline -0.005 -11"><span class='ocrx_word' id='word_1_662' title='bbox 2266 4559 2358 4638; x_wconf 65' lang='grc' dir='ltr'>καὶ</span> <span class='ocrx_word' id='word_1_663' title='bbox 2390 4559 2630 4649; x_wconf 14' lang='grc' dir='ltr'>νέστησα</span> <span class='ocrx_word' id='word_1_664' title='bbox 2663 4581 2766 4634; x_wconf 85' lang='grc' dir='ltr'>τοῦ</span> <span class='ocrx_word' id='word_1_665' title='bbox 2797 4581 3183 4649; x_wconf 64' lang='grc' dir='ltr'>φυλάξασθαι</span> <span class='ocrx_word' id='word_1_666' title='bbox 3220 4581 3293 4632; x_wconf 84' lang='grc' dir='ltr'>τὰ</span> <span class='ocrx_word' id='word_1_667' title='bbox 3333 4581 3585 4647; x_wconf 81' lang='grc' dir='ltr'>κρίματα</span> <span class='ocrx_word' id='word_1_668' title='bbox 3617 4577 3727 4644; x_wconf 86' lang='grc' dir='ltr'>τῆς</span> <span class='ocrx_word' id='word_1_669' title='bbox 3760 4580 3844 4630; x_wconf 76' lang='grc' dir='ltr'>δι-</span> 
     </span>
    </p>
   </div>
   <div class='ocr_carea' id='block_1_95' title="bbox 594 4677 2156 4745">
    <p class='ocr_par' dir='ltr' id='par_1_95' title="bbox 594 4677 2156 4745">
     <span class='ocr_line' id='line_1_95' title="bbox 594 4677 2156 4745; baseline 0.001 -19"><span class='ocrx_word' id='word_1_670' title='bbox 594 4679 845 4745; x_wconf 80' lang='lat' dir='ltr'><strong>positum,</strong></span> <span class='ocrx_word' id='word_1_671' title='bbox 895 4677 1262 4744; x_wconf 88' lang='lat' dir='ltr'><strong>juramentum</strong></span> <span class='ocrx_word' id='word_1_672' title='bbox 1319 4686 1511 4730; x_wconf 87' lang='lat' dir='ltr'><strong>vocat:</strong></span> <span class='ocrx_word' id='word_1_673' title='bbox 1543 4686 1600 4729; x_wconf 91' lang='lat' dir='ltr'><strong>ut</strong></span> <span class='ocrx_word' id='word_1_674' title='bbox 1643 4686 1726 4730; x_wconf 92' lang='lat' dir='ltr'><strong>est</strong></span> <span class='ocrx_word' id='word_1_675' title='bbox 1777 4677 1923 4740; x_wconf 82' lang='lat' dir='ltr'><strong>illud,</strong></span> <span class='ocrx_word' id='word_1_676' title='bbox 1949 4677 2156 4740; x_wconf 85' lang='lat' dir='ltr'><strong>Juravi,</strong></span> 
     </span>
    </p>
   </div>
   <div class='ocr_carea' id='block_1_96' title="bbox 689 4897 1315 4966">
    <p class='ocr_par' dir='ltr' id='par_1_96' title="bbox 689 4897 1315 4966">
     <span class='ocr_line' id='line_1_96' title="bbox 689 4897 1315 4966; baseline 0.005 -15"><span class='ocrx_word' id='word_1_677' title='bbox 689 4899 730 4927; x_wconf 80' lang='lat'><strong>&quot;</strong></span> <span class='ocrx_word' id='word_1_678' title='bbox 782 4897 924 4951; x_wconf 78' lang='lat' dir='ltr'><strong>Psal.</strong></span> <span class='ocrx_word' id='word_1_679' title='bbox 982 4913 1205 4966; x_wconf 71' lang='lat' dir='ltr'><strong>cxxvu,</strong></span> <span class='ocrx_word' id='word_1_680' title='bbox 1267 4903 1315 4956; x_wconf 89' lang='grc'><strong>1.</strong></span> 
     </span>
    </p>
   </div>
   <div class='ocr_carea' id='block_1_97' title="bbox 1428 4901 1924 4968">
    <p class='ocr_par' dir='ltr' id='par_1_97' title="bbox 1428 4901 1924 4968">
     <span class='ocr_line' id='line_1_97' title="bbox 1428 4901 1924 4968; baseline 0 -13"><span class='ocrx_word' id='word_1_681' title='bbox 1428 4902 1469 4932; x_wconf 73' lang='grc'><strong>’³</strong></span> <span class='ocrx_word' id='word_1_682' title='bbox 1516 4902 1696 4955; x_wconf 81' lang='lat' dir='ltr'><strong>Matth.</strong></span> <span class='ocrx_word' id='word_1_683' title='bbox 1739 4918 1789 4968; x_wconf 81' lang='grc' dir='ltr'><strong>ν,</strong></span> <span class='ocrx_word' id='word_1_684' title='bbox 1839 4901 1924 4956; x_wconf 72' lang='grc'><strong>34.</strong></span> 
     </span>
    </p>
   </div>
   <div class='ocr_carea' id='block_1_98' title="bbox 595 4968 1058 5032">
    <p class='ocr_par' dir='ltr' id='par_1_98' title="bbox 595 4968 1058 5032">
     <span class='ocr_line' id='line_1_98' title="bbox 595 4968 1058 5032; baseline -0.006 -10"><span class='ocrx_word' id='word_1_685' title='bbox 595 4969 638 5000; x_wconf 82' lang='grc'><strong>¹⁷</strong></span> <span class='ocrx_word' id='word_1_686' title='bbox 671 4968 855 5022; x_wconf 84' lang='lat' dir='ltr'><strong>Matth.</strong></span> <span class='ocrx_word' id='word_1_687' title='bbox 885 4984 934 5032; x_wconf 73' lang='grc' dir='ltr'><strong>ν,</strong></span> <span class='ocrx_word' id='word_1_688' title='bbox 971 4971 1058 5019; x_wconf 69' lang='lat'><strong>‘22.</strong></span> 
     </span>
    </p>
   </div>
   <div class='ocr_carea' id='block_1_99' title="bbox 673 5145 2162 5220">
    <p class='ocr_par' dir='ltr' id='par_1_99' title="bbox 673 5145 2162 5220">
     <span class='ocr_line' id='line_1_99' title="bbox 673 5145 2162 5220; baseline -0.004 -17"><span class='ocrx_word' id='word_1_689' title='bbox 673 5150 782 5220; x_wconf 67' lang='lat'><strong>(.2)</strong></span> <span class='ocrx_word' id='word_1_690' title='bbox 837 5164 925 5202; x_wconf 65' lang='lat' dir='ltr'><strong>mc</strong></span> <span class='ocrx_word' id='word_1_691' title='bbox 977 5149 1190 5202; x_wconf 81' lang='lat' dir='ltr'><strong>codices</strong></span> <span class='ocrx_word' id='word_1_692' title='bbox 1229 5163 1321 5200; x_wconf 77' lang='lat' dir='ltr'><strong>sex</strong></span> <span class='ocrx_word' id='word_1_693' title='bbox 1359 5163 1477 5220; x_wconf 77' lang='lat' dir='ltr'><strong>cum</strong></span> <span class='ocrx_word' id='word_1_694' title='bbox 1515 5147 1749 5220; x_wconf 74' lang='lat' dir='ltr'><strong>editione</strong></span> <span class='ocrx_word' id='word_1_695' title='bbox 1780 5146 1939 5220; x_wconf 74' lang='lat' dir='ltr'><strong>Basil.</strong></span> <span class='ocrx_word' id='word_1_696' title='bbox 1988 5145 2162 5220; x_wconf 72' lang='lat' dir='ltr'><strong>Editio</strong></span> 
     </span>
    </p>
   </div>
   <div class='ocr_carea' id='block_1_100' title="bbox 597 5217 2157 5287">
    <p class='ocr_par' dir='ltr' id='par_1_100' title="bbox 597 5217 2157 5287">
     <span class='ocr_line' id='line_1_100' title="bbox 597 5217 2157 5287; baseline -0.004 -13"><span class='ocrx_word' id='word_1_697' title='bbox 597 5217 1233 5287; x_wconf 77' lang='lat' dir='ltr'><strong>Paris.cumquihusdam</strong></span> <span class='ocrx_word' id='word_1_698' title='bbox 1257 5235 1385 5272; x_wconf 87' lang='lat' dir='ltr'><strong>mss.</strong></span> <span class='ocrx_word' id='word_1_699' title='bbox 1401 5217 1498 5285; x_wconf 81' lang='grc' dir='ltr'><strong>τῆς</strong></span> <span class='ocrx_word' id='word_1_700' title='bbox 1511 5217 1616 5267; x_wconf 89' lang='grc' dir='ltr'><strong>τῶν</strong></span> <span class='ocrx_word' id='word_1_701' title='bbox 1633 5217 1928 5285; x_wconf 81' lang='grc' dir='ltr'>ἀνθρώπων</span> <span class='ocrx_word' id='word_1_702' title='bbox 1950 5217 2157 5285; x_wconf 74' lang='grc' dir='ltr'>χρείας,</span> 
     </span>
    </p>
   </div>
   <div class='ocr_carea' id='block_1_101' title="bbox 600 5287 2155 5354">
    <p class='ocr_par' dir='ltr' id='par_1_101' title="bbox 600 5287 2155 5354">
     <span class='ocr_line' id='line_1_101' title="bbox 600 5287 2155 5354; baseline -0.003 -12"><span class='ocrx_word' id='word_1_703' title='bbox 600 5294 756 5343; x_wconf 88' lang='lat' dir='ltr'><strong>male.</strong></span> <span class='ocrx_word' id='word_1_704' title='bbox 815 5289 924 5342; x_wconf 80' lang='lat' dir='ltr'><strong>Nec</strong></span> <span class='ocrx_word' id='word_1_705' title='bbox 959 5291 1028 5340; x_wconf 89' lang='lat' dir='ltr'><strong>ita</strong></span> <span class='ocrx_word' id='word_1_706' title='bbox 1079 5288 1242 5340; x_wconf 81' lang='lat' dir='ltr'><strong>multo</strong></span> <span class='ocrx_word' id='word_1_707' title='bbox 1284 5299 1400 5354; x_wconf 85' lang='lat' dir='ltr'><strong>post</strong></span> <span class='ocrx_word' id='word_1_708' title='bbox 1446 5299 1553 5339; x_wconf 84' lang='lat' dir='ltr'><strong>tres</strong></span> <span class='ocrx_word' id='word_1_709' title='bbox 1605 5303 1732 5339; x_wconf 87' lang='lat' dir='ltr'><strong>mss.</strong></span> <span class='ocrx_word' id='word_1_710' title='bbox 1771 5289 1894 5349; x_wconf 70' lang='grc' dir='ltr'>τοὺς</span> <span class='ocrx_word' id='word_1_711' title='bbox 1932 5287 1986 5338; x_wconf 79' lang='grc' dir='ltr'><strong>δὲ</strong></span> <span class='ocrx_word' id='word_1_712' title='bbox 2038 5303 2155 5338; x_wconf 89' lang='grc' dir='ltr'>πον.</span> 
     </span>
    </p>
   </div>
   <div class='ocr_carea' id='block_1_102' title="bbox 598 5357 2161 5426">
    <p class='ocr_par' dir='ltr' id='par_1_102' title="bbox 598 5357 2161 5426">
     <span class='ocr_line' id='line_1_102' title="bbox 598 5357 2161 5426; baseline -0.005 -12"><span class='ocrx_word' id='word_1_713' title='bbox 598 5361 834 5414; x_wconf 88' lang='lat' dir='ltr'><strong>Subinde</strong></span> <span class='ocrx_word' id='word_1_714' title='bbox 863 5374 990 5410; x_wconf 88' lang='lat' dir='ltr'><strong>mss.</strong></span> <span class='ocrx_word' id='word_1_715' title='bbox 1020 5369 1247 5425; x_wconf 83' lang='lat' dir='ltr'><strong>quatuor</strong></span> <span class='ocrx_word' id='word_1_716' title='bbox 1273 5357 1518 5426; x_wconf 77' lang='grc' dir='ltr'>φωραθῇ.</span> <span class='ocrx_word' id='word_1_717' title='bbox 1547 5357 1682 5408; x_wconf 79' lang='lat' dir='ltr'><strong>Editi</strong></span> <span class='ocrx_word' id='word_1_718' title='bbox 1711 5372 1829 5408; x_wconf 88' lang='lat' dir='ltr'><strong>cum</strong></span> <span class='ocrx_word' id='word_1_719' title='bbox 1860 5357 1976 5409; x_wconf 82' lang='lat' dir='ltr'><strong>aliis</strong></span> <span class='ocrx_word' id='word_1_720' title='bbox 2006 5360 2161 5424; x_wconf 87' lang='lat' dir='ltr'><strong>quin-</strong></span> 
     </span>
    </p>
   </div>
   <div class='ocr_carea' id='block_1_103' title="bbox 596 5426 2161 5498">
    <p class='ocr_par' dir='ltr' id='par_1_103' title="bbox 596 5426 2161 5498">
     <span class='ocr_line' id='line_1_103' title="bbox 596 5426 2161 5498; baseline -0.004 -16"><span class='ocrx_word' id='word_1_721' title='bbox 596 5445 700 5498; x_wconf 88' lang='lat' dir='ltr'><strong>que</strong></span> <span class='ocrx_word' id='word_1_722' title='bbox 738 5426 1201 5498; x_wconf 30' lang='lat' dir='ltr'><strong>mssacpwpaesiq.</strong></span> <span class='ocrx_word' id='word_1_723' title='bbox 1234 5427 1337 5480; x_wconf 83' lang='lat' dir='ltr'><strong>Hoc</strong></span> <span class='ocrx_word' id='word_1_724' title='bbox 1365 5431 1544 5494; x_wconf 72' lang='lat' dir='ltr'><strong>ipsoin</strong></span> <span class='ocrx_word' id='word_1_725' title='bbox 1578 5426 1694 5479; x_wconf 92' lang='lat' dir='ltr'><strong>loco</strong></span> <span class='ocrx_word' id='word_1_726' title='bbox 1726 5427 1876 5480; x_wconf 70' lang='lat' dir='ltr'><strong>multi</strong></span> <span class='ocrx_word' id='word_1_727' title='bbox 1914 5442 2041 5482; x_wconf 88' lang='lat' dir='ltr'><strong>mss.</strong></span> <span class='ocrx_word' id='word_1_728' title='bbox 2070 5427 2161 5477; x_wconf 70' lang='lat' dir='ltr'><strong>dv-</strong></span> 
     </span>
    </p>
   </div>
   <div class='ocr_carea' id='block_1_104' title="bbox 597 5497 1042 5568">
    <p class='ocr_par' dir='ltr' id='par_1_104' title="bbox 597 5497 1042 5568">
     <span class='ocr_line' id='line_1_104' title="bbox 597 5497 1042 5568; baseline -0.007 -17"><span class='ocrx_word' id='word_1_729' title='bbox 597 5497 651 5551; x_wconf 69' lang='grc' dir='ltr'><strong>τὶ</strong></span> <span class='ocrx_word' id='word_1_730' title='bbox 679 5498 768 5550; x_wconf 73' lang='grc' dir='ltr'>τοῦ</span> <span class='ocrx_word' id='word_1_731' title='bbox 797 5497 1042 5568; x_wconf 83' lang='grc' dir='ltr'>μηδενός.</span> 
     </span>
    </p>
   </div>
   <div class='ocr_carea' id='block_1_105' title="bbox 673 5635 2158 5705">
    <p class='ocr_par' dir='ltr' id='par_1_105' title="bbox 673 5635 2158 5705">
     <span class='ocr_line' id='line_1_105' title="bbox 673 5635 2158 5705; baseline -0.001 -16"><span class='ocrx_word' id='word_1_732' title='bbox 673 5638 783 5705; x_wconf 69' lang='lat' dir='ltr'><strong>(l3)</strong></span> <span class='ocrx_word' id='word_1_733' title='bbox 816 5637 944 5704; x_wconf 70' lang='lat' dir='ltr'><strong>Reg.</strong></span> <span class='ocrx_word' id='word_1_734' title='bbox 994 5637 1182 5688; x_wconf 85' lang='lat' dir='ltr'><strong>tertius</strong></span> <span class='ocrx_word' id='word_1_735' title='bbox 1208 5637 1604 5705; x_wconf 76' lang='grc' dir='ltr'>διδασκομενον.</span> <span class='ocrx_word' id='word_1_736' title='bbox 1639 5635 1789 5688; x_wconf 66' lang='grc' dir='ltr'>υοΙΙ).</span> <span class='ocrx_word' id='word_1_737' title='bbox 1811 5645 2037 5702; x_wconf 85' lang='lat' dir='ltr'><strong>quartus</strong></span> <span class='ocrx_word' id='word_1_738' title='bbox 2071 5637 2158 5688; x_wconf 62' lang='grc' dir='ltr'>δερ</span> 
     </span>
    </p>
   </div>
   <div class='ocr_carea' id='block_1_106' title="bbox 600 5705 2164 5776">
    <p class='ocr_par' dir='ltr' id='par_1_106' title="bbox 600 5705 2164 5776">
     <span class='ocr_line' id='line_1_106' title="bbox 600 5705 2164 5776; baseline -0.002 -18"><span class='ocrx_word' id='word_1_739' title='bbox 600 5707 878 5774; x_wconf 69' lang='grc' dir='ltr'>δ’)γμένον.</span> <span class='ocrx_word' id='word_1_740' title='bbox 919 5707 1054 5760; x_wconf 79' lang='lat' dir='ltr'><strong>Infra</strong></span> <span class='ocrx_word' id='word_1_741' title='bbox 1097 5706 1220 5773; x_wconf 71' lang='lat' dir='ltr'><strong>Heg.</strong></span> <span class='ocrx_word' id='word_1_742' title='bbox 1269 5708 1452 5760; x_wconf 74' lang='lat' dir='ltr'><strong>tertius</strong></span> <span class='ocrx_word' id='word_1_743' title='bbox 1486 5706 1994 5776; x_wconf 79' lang='grc' dir='ltr'>προσκαλουμένων.</span> <span class='ocrx_word' id='word_1_744' title='bbox 2024 5705 2164 5757; x_wconf 79' lang='lat' dir='ltr'><strong>Sith-</strong></span> 
     </span>
    </p>
   </div>
   <div class='ocr_carea' id='block_1_107' title="bbox 601 5776 2164 5844">
    <p class='ocr_par' dir='ltr' id='par_1_107' title="bbox 601 5776 2164 5844">
     <span class='ocr_line' id='line_1_107' title="bbox 601 5776 2164 5844; baseline 0 -16"><span class='ocrx_word' id='word_1_745' title='bbox 601 5779 724 5830; x_wconf 75' lang='lat' dir='ltr'><strong>inue</strong></span> <span class='ocrx_word' id='word_1_746' title='bbox 746 5779 894 5841; x_wconf 75' lang='lat' dir='ltr'><strong>illud,</strong></span> <span class='ocrx_word' id='word_1_747' title='bbox 930 5777 1020 5830; x_wconf 69' lang='grc' dir='ltr'><strong>καὶ</strong></span> <span class='ocrx_word' id='word_1_748' title='bbox 1048 5777 1146 5829; x_wconf 76' lang='grc' dir='ltr'><strong>οὐκ</strong></span> <span class='ocrx_word' id='word_1_749' title='bbox 1177 5776 1401 5841; x_wconf 76' lang='grc' dir='ltr'>ἀθετῶν,</span> <span class='ocrx_word' id='word_1_750' title='bbox 1435 5788 1479 5829; x_wconf 91' lang='lat' dir='ltr'><strong>et</strong></span> <span class='ocrx_word' id='word_1_751' title='bbox 1509 5794 1607 5829; x_wconf 82' lang='lat' dir='ltr'><strong>non</strong></span> <span class='ocrx_word' id='word_1_752' title='bbox 1641 5777 1850 5844; x_wconf 72' lang='grc' dir='ltr'>ιίεεὶριι,</span> <span class='ocrx_word' id='word_1_753' title='bbox 1889 5780 1956 5830; x_wconf 86' lang='lat' dir='ltr'><strong>ita</strong></span> <span class='ocrx_word' id='word_1_754' title='bbox 1992 5778 2164 5829; x_wconf 81' lang='lat' dir='ltr'><strong>inter-</strong></span> 
     </span>
    </p>
   </div>
   <div class='ocr_carea' id='block_1_108' title="bbox 2041 4900 2546 4963">
    <p class='ocr_par' dir='ltr' id='par_1_108' title="bbox 2041 4900 2546 4963">
     <span class='ocr_line' id='line_1_108' title="bbox 2041 4900 2546 4963; baseline -0.006 -7"><span class='ocrx_word' id='word_1_755' title='bbox 2041 4902 2081 4932; x_wconf 80' lang='lat'>“</span> <span class='ocrx_word' id='word_1_756' title='bbox 2109 4903 2279 4958; x_wconf 80' lang='lat' dir='ltr'><strong>Exod.</strong></span> <span class='ocrx_word' id='word_1_757' title='bbox 2319 4919 2422 4963; x_wconf 72' lang='grc' dir='ltr'>τι,</span> <span class='ocrx_word' id='word_1_758' title='bbox 2459 4900 2546 4954; x_wconf 68' lang='lat' dir='ltr'><strong>ﬂ.</strong></span> 
     </span>
    </p>
   </div>
   <div class='ocr_carea' id='block_1_109' title="bbox 2264 4671 3842 4739">
    <p class='ocr_par' dir='ltr' id='par_1_109' title="bbox 2264 4671 3842 4739">
     <span class='ocr_line' id='line_1_109' title="bbox 2264 4671 3842 4739; baseline -0.002 -13"><span class='ocrx_word' id='word_1_759' title='bbox 2264 4675 2592 4739; x_wconf 81' lang='grc' dir='ltr'>καιοσύνης</span> <span class='ocrx_word' id='word_1_760' title='bbox 2629 4688 2778 4724; x_wconf 76' lang='grc' dir='ltr'>σου’</span> <span class='ocrx_word' id='word_1_761' title='bbox 2827 4671 2922 4723; x_wconf 70' lang='grc' dir='ltr'>καὶ</span> <span class='ocrx_word' id='word_1_762' title='bbox 2965 4671 3045 4734; x_wconf 84' lang='grc' dir='ltr'><strong>τὸ,</strong></span> <span class='ocrx_word' id='word_1_763' title='bbox 3076 4671 3295 4738; x_wconf 80' lang='grc' dir='ltr'>Ὠμοσε</span> <span class='ocrx_word' id='word_1_764' title='bbox 3335 4671 3584 4736; x_wconf 73' lang='grc' dir='ltr'>Κύριος,</span> <span class='ocrx_word' id='word_1_765' title='bbox 3622 4671 3721 4725; x_wconf 73' lang='grc' dir='ltr'>καὶ</span> <span class='ocrx_word' id='word_1_766' title='bbox 3773 4673 3842 4723; x_wconf 75' lang='grc' dir='ltr'>οὐ</span> 
     </span>
    </p>
   </div>
   <div class='ocr_carea' id='block_1_110' title="bbox 2673 4891 3841 4962">
    <p class='ocr_par' dir='ltr' id='par_1_110' title="bbox 2673 4891 3841 4962">
     <span class='ocr_line' id='line_1_110' title="bbox 2673 4891 3841 4962; baseline 0.002 -14"><span class='ocrx_word' id='word_1_767' title='bbox 2673 4896 2716 4927; x_wconf 80' lang='grc'><strong>¹⁸</strong></span> <span class='ocrx_word' id='word_1_768' title='bbox 2751 4894 2937 4950; x_wconf 73' lang='lat' dir='ltr'><strong>Matth.</strong></span> <span class='ocrx_word' id='word_1_769' title='bbox 2980 4910 3033 4962; x_wconf 75' lang='grc' dir='ltr'><strong>ν,</strong></span> <span class='ocrx_word' id='word_1_770' title='bbox 3078 4891 3170 4947; x_wconf 74' lang='lat'><strong>28.</strong></span> <span class='ocrx_word' id='word_1_771' title='bbox 3273 4894 3317 4925; x_wconf 83' lang='grc'><strong>¹⁶</strong></span> <span class='ocrx_word' id='word_1_772' title='bbox 3368 4891 3539 4948; x_wconf 78' lang='lat' dir='ltr'><strong>Exod.</strong></span> <span class='ocrx_word' id='word_1_773' title='bbox 3597 4908 3708 4959; x_wconf 79' lang='lat' dir='ltr'><strong>xx,</strong></span> <span class='ocrx_word' id='word_1_774' title='bbox 3755 4896 3841 4951; x_wconf 78' lang='grc'><strong>15.</strong></span> 
     </span>
    </p>
   </div>
   <div class='ocr_carea' id='block_1_111' title="bbox 2269 5141 3844 5215">
    <p class='ocr_par' dir='ltr' id='par_1_111' title="bbox 2269 5141 3844 5215">
     <span class='ocr_line' id='line_1_111' title="bbox 2269 5141 3844 5215; baseline -0.003 -17"><span class='ocrx_word' id='word_1_775' title='bbox 2269 5155 2517 5215; x_wconf 89' lang='lat' dir='ltr'><strong>pretatur</strong></span> <span class='ocrx_word' id='word_1_776' title='bbox 2549 5143 2843 5210; x_wconf 81' lang='lat' dir='ltr'><strong>Didymus:</strong></span> <span class='ocrx_word' id='word_1_777' title='bbox 2881 5143 3248 5196; x_wconf 83' lang='lat' dir='ltr'><strong>Jummentum</strong></span> <span class='ocrx_word' id='word_1_778' title='bbox 3291 5141 3429 5212; x_wconf 82' lang='lat' dir='ltr'><strong>quod</strong></span> <span class='ocrx_word' id='word_1_779' title='bbox 3468 5143 3711 5209; x_wconf 73' lang='lat' dir='ltr'><strong>proxima</strong></span> <span class='ocrx_word' id='word_1_780' title='bbox 3764 5142 3844 5208; x_wconf 79' lang='lat' dir='ltr'><strong>fa-</strong></span> 
     </span>
    </p>
   </div>
   <div class='ocr_carea' id='block_1_112' title="bbox 2265 5217 3115 5276">
    <p class='ocr_par' dir='ltr' id='par_1_112' title="bbox 2265 5217 3115 5276">
     <span class='ocr_line' id='line_1_112' title="bbox 2265 5217 3115 5276; baseline 0 -8"><span class='ocrx_word' id='word_1_781' title='bbox 2265 5228 2401 5268; x_wconf 83' lang='lat' dir='ltr'><strong>ctum</strong></span> <span class='ocrx_word' id='word_1_782' title='bbox 2433 5228 2529 5276; x_wconf 78' lang='lat' dir='ltr'><strong>est,</strong></span> <span class='ocrx_word' id='word_1_783' title='bbox 2564 5217 2770 5265; x_wconf 82' lang='lat' dir='ltr'><strong>irritum</strong></span> <span class='ocrx_word' id='word_1_784' title='bbox 2800 5232 2900 5265; x_wconf 84' lang='lat' dir='ltr'><strong>non</strong></span> <span class='ocrx_word' id='word_1_785' title='bbox 2925 5217 3115 5269; x_wconf 75' lang='lat' dir='ltr'><strong>reddit.</strong></span> 
     </span>
    </p>
   </div>
   <div class='ocr_carea' id='block_1_113' title="bbox 2337 5281 3840 5357">
    <p class='ocr_par' dir='ltr' id='par_1_113' title="bbox 2337 5281 3840 5357">
     <span class='ocr_line' id='line_1_113' title="bbox 2337 5281 3840 5357; baseline -0.005 -18"><span class='ocrx_word' id='word_1_786' title='bbox 2337 5285 2450 5357; x_wconf 71' lang='grc'><strong>(14)</strong></span> <span class='ocrx_word' id='word_1_787' title='bbox 2479 5286 2629 5344; x_wconf 88' lang='lat' dir='ltr'><strong>illud,</strong></span> <span class='ocrx_word' id='word_1_788' title='bbox 2667 5286 2721 5336; x_wconf 85' lang='grc' dir='ltr'>ὲν</span> <span class='ocrx_word' id='word_1_789' title='bbox 2751 5285 2866 5355; x_wconf 81' lang='grc' dir='ltr'>δρει</span> <span class='ocrx_word' id='word_1_790' title='bbox 2894 5284 3033 5352; x_wconf 84' lang='grc' dir='ltr'>ἁγίῳ</span> <span class='ocrx_word' id='word_1_791' title='bbox 3065 5300 3178 5357; x_wconf 78' lang='grc' dir='ltr'>σου.</span> <span class='ocrx_word' id='word_1_792' title='bbox 3210 5281 3738 5357; x_wconf 69' lang='lat' dir='ltr'><strong>seqttititr_pr_oxime</strong></span> <span class='ocrx_word' id='word_1_793' title='bbox 3791 5281 3840 5332; x_wconf 92' lang='lat' dir='ltr'><strong>in</strong></span> 
     </span>
    </p>
   </div>
   <div class='ocr_carea' id='block_1_114' title="bbox 2267 5350 3842 5420">
    <p class='ocr_par' dir='ltr' id='par_1_114' title="bbox 2267 5350 3842 5420">
     <span class='ocr_line' id='line_1_114' title="bbox 2267 5350 3842 5420; baseline -0.004 -10"><span class='ocrx_word' id='word_1_794' title='bbox 2267 5350 2440 5411; x_wconf 82' lang='lat' dir='ltr'><strong>tribus</strong></span> <span class='ocrx_word' id='word_1_795' title='bbox 2478 5371 2606 5407; x_wconf 88' lang='lat' dir='ltr'><strong>mss.</strong></span> <span class='ocrx_word' id='word_1_796' title='bbox 2637 5350 2815 5404; x_wconf 84' lang='lat' dir='ltr'><strong>vocem</strong></span> <span class='ocrx_word' id='word_1_797' title='bbox 2844 5350 3273 5420; x_wconf 82' lang='grc' dir='ltr'>κατασκηνώσει.</span> <span class='ocrx_word' id='word_1_798' title='bbox 3312 5351 3436 5403; x_wconf 90' lang='lat' dir='ltr'><strong>Item</strong></span> <span class='ocrx_word' id='word_1_799' title='bbox 3463 5350 3615 5420; x_wconf 64' lang='lat' dir='ltr'><strong>Coll».</strong></span> <span class='ocrx_word' id='word_1_800' title='bbox 3648 5367 3842 5404; x_wconf 81' lang='lat' dir='ltr'><strong>secun-</strong></span> 
     </span>
    </p>
   </div>
   <div class='ocr_carea' id='block_1_115' title="bbox 2267 5419 3840 5493">
    <p class='ocr_par' dir='ltr' id='par_1_115' title="bbox 2267 5419 3840 5493">
     <span class='ocr_line' id='line_1_115' title="bbox 2267 5419 3840 5493; baseline -0.003 -16"><span class='ocrx_word' id='word_1_801' title='bbox 2267 5429 2366 5479; x_wconf 86' lang='lat' dir='ltr'><strong>dus</strong></span> <span class='ocrx_word' id='word_1_802' title='bbox 2415 5423 2824 5493; x_wconf 81' lang='grc' dir='ltr'>κατασκηνώσει</span> <span class='ocrx_word' id='word_1_803' title='bbox 2864 5427 2920 5474; x_wconf 83' lang='grc' dir='ltr'>ὲν</span> <span class='ocrx_word' id='word_1_804' title='bbox 2957 5424 3070 5492; x_wconf 77' lang='grc' dir='ltr'>δρει</span> <span class='ocrx_word' id='word_1_805' title='bbox 3095 5423 3172 5492; x_wconf 85' lang='grc' dir='ltr'><strong>τῷ</strong></span> <span class='ocrx_word' id='word_1_806' title='bbox 3188 5422 3326 5491; x_wconf 81' lang='grc' dir='ltr'>ἁγίῳ</span> <span class='ocrx_word' id='word_1_807' title='bbox 3348 5421 3530 5472; x_wconf 80' lang='grc' dir='ltr'>αὑτοῦ.</span> <span class='ocrx_word' id='word_1_808' title='bbox 3565 5419 3694 5486; x_wconf 79' lang='lat' dir='ltr'><strong>Reg.</strong></span> <span class='ocrx_word' id='word_1_809' title='bbox 3731 5422 3840 5493; x_wconf 10' lang='lat' dir='ltr'><strong>prri-</strong></span> 
     </span>
    </p>
   </div>
   <div class='ocr_carea' id='block_1_116' title="bbox 2269 5492 3842 5565">
    <p class='ocr_par' dir='ltr' id='par_1_116' title="bbox 2269 5492 3842 5565">
     <span class='ocr_line' id='line_1_116' title="bbox 2269 5492 3842 5565; baseline -0.002 -19"><span class='ocrx_word' id='word_1_810' title='bbox 2269 5513 2385 5548; x_wconf 88' lang='lat' dir='ltr'><strong>mus</strong></span> <span class='ocrx_word' id='word_1_811' title='bbox 2438 5492 2853 5565; x_wconf 26' lang='lat' dir='ltr'><strong>habetgquoqne</strong></span> <span class='ocrx_word' id='word_1_812' title='bbox 2889 5495 2972 5544; x_wconf 75' lang='grc' dir='ltr'><strong>ἐπ’</strong></span> <span class='ocrx_word' id='word_1_813' title='bbox 3027 5494 3141 5563; x_wconf 74' lang='grc' dir='ltr'>ὄρει</span> <span class='ocrx_word' id='word_1_814' title='bbox 3201 5510 3317 5556; x_wconf 85' lang='grc' dir='ltr'>σου,</span> <span class='ocrx_word' id='word_1_815' title='bbox 3359 5493 3451 5565; x_wconf 76' lang='lat' dir='ltr'><strong>sed</strong></span> <span class='ocrx_word' id='word_1_816' title='bbox 3507 5493 3557 5541; x_wconf 89' lang='lat' dir='ltr'><strong>in</strong></span> <span class='ocrx_word' id='word_1_817' title='bbox 3596 5492 3842 5565; x_wconf 70' lang='lat' dir='ltr'><strong>margine</strong></span> 
     </span>
    </p>
   </div>
   <div class='ocr_carea' id='block_1_117' title="bbox 2270 5559 3839 5618">
    <p class='ocr_par' dir='ltr' id='par_1_117' title="bbox 2270 5559 3839 5618">
     <span class='ocr_line' id='line_1_117' title="bbox 2270 5559 3839 5618; baseline -0.002 -3"><span class='ocrx_word' id='word_1_818' title='bbox 2270 5567 2544 5618; x_wconf 71' lang='lat' dir='ltr'><strong>duntaxat.</strong></span> <span class='ocrx_word' id='word_1_819' title='bbox 2605 5559 2789 5616; x_wconf 76' lang='lat' dir='ltr'><strong>Facile</strong></span> <span class='ocrx_word' id='word_1_820' title='bbox 2837 5573 3014 5615; x_wconf 90' lang='lat' dir='ltr'><strong>autem</strong></span> <span class='ocrx_word' id='word_1_821' title='bbox 3062 5559 3406 5616; x_wconf 66' lang='lat' dir='ltr'><strong>crediderint</strong></span> <span class='ocrx_word' id='word_1_822' title='bbox 3437 5559 3552 5613; x_wconf 64' lang='lat' dir='ltr'><strong>haec</strong></span> <span class='ocrx_word' id='word_1_823' title='bbox 3595 5561 3839 5614; x_wconf 79' lang='lat' dir='ltr'><strong>habenda</strong></span> 
     </span>
    </p>
   </div>
   <div class='ocr_carea' id='block_1_118' title="bbox 2272 5633 3326 5700">
    <p class='ocr_par' dir='ltr' id='par_1_118' title="bbox 2272 5633 3326 5700">
     <span class='ocr_line' id='line_1_118' title="bbox 2272 5633 3326 5700; baseline -0.004 -12"><span class='ocrx_word' id='word_1_824' title='bbox 2272 5650 2396 5688; x_wconf 85' lang='lat' dir='ltr'><strong>esse</strong></span> <span class='ocrx_word' id='word_1_825' title='bbox 2429 5649 2524 5700; x_wconf 88' lang='lat' dir='ltr'><strong>pro</strong></span> <span class='ocrx_word' id='word_1_826' title='bbox 2549 5634 2933 5686; x_wconf 84' lang='lat' dir='ltr'><strong>additamentis</strong></span> <span class='ocrx_word' id='word_1_827' title='bbox 2965 5633 3326 5686; x_wconf 89' lang='lat' dir='ltr'><strong>librariorum.</strong></span> 
     </span>
    </p>
   </div>
   <div class='ocr_carea' id='block_1_119' title="bbox 2345 5700 3842 5774">
    <p class='ocr_par' dir='ltr' id='par_1_119' title="bbox 2345 5700 3842 5774">
     <span class='ocr_line' id='line_1_119' title="bbox 2345 5700 3842 5774; baseline -0.001 -17"><span class='ocrx_word' id='word_1_828' title='bbox 2345 5705 2454 5774; x_wconf 79' lang='lat'><strong>(15)</strong></span> <span class='ocrx_word' id='word_1_829' title='bbox 2479 5706 2567 5755; x_wconf 84' lang='lat' dir='ltr'><strong>Sic</strong></span> <span class='ocrx_word' id='word_1_830' title='bbox 2593 5718 2721 5774; x_wconf 74' lang='lat' dir='ltr'><strong>mss.</strong></span> <span class='ocrx_word' id='word_1_831' title='bbox 2753 5702 2891 5756; x_wconf 85' lang='lat' dir='ltr'><strong>Editi</strong></span> <span class='ocrx_word' id='word_1_832' title='bbox 2921 5719 3045 5758; x_wconf 81' lang='lat' dir='ltr'><strong>vero</strong></span> <span class='ocrx_word' id='word_1_833' title='bbox 3074 5703 3211 5772; x_wconf 78' lang='grc' dir='ltr'>τάχα</span> <span class='ocrx_word' id='word_1_834' title='bbox 3227 5701 3310 5756; x_wconf 84' lang='grc' dir='ltr'><strong>ἀν.</strong></span> <span class='ocrx_word' id='word_1_835' title='bbox 3335 5700 3500 5756; x_wconf 82' lang='lat' dir='ltr'><strong>Paulo</strong></span> <span class='ocrx_word' id='word_1_836' title='bbox 3527 5712 3647 5770; x_wconf 79' lang='lat' dir='ltr'><strong>POSI</strong></span> <span class='ocrx_word' id='word_1_837' title='bbox 3679 5701 3842 5770; x_wconf 76' lang='lat' dir='ltr'><strong>aliqui</strong></span> 
     </span>
    </p>
   </div>
   <div class='ocr_carea' id='block_1_120' title="bbox 2278 5771 2822 5844">
    <p class='ocr_par' dir='ltr' id='par_1_120' title="bbox 2278 5771 2822 5844">
     <span class='ocr_line' id='line_1_120' title="bbox 2278 5771 2822 5844; baseline -0.006 -15"><span class='ocrx_word' id='word_1_838' title='bbox 2278 5771 2408 5829; x_wconf 69' lang='lat' dir='ltr'><strong>mss.</strong></span> <span class='ocrx_word' id='word_1_839' title='bbox 2439 5771 2572 5844; x_wconf 81' lang='grc' dir='ltr'>μηδὲ</span> <span class='ocrx_word' id='word_1_840' title='bbox 2592 5771 2822 5842; x_wconf 82' lang='grc' dir='ltr'>ὀμνύων.</span> 
     </span>
    </p>
   </div>
  </div>
