4062 6436
590 344 699 399 $33

1909 350 1963 405 S.
2007 350 2250 406 BASlLll
2290 350 2501 407 MAGNI

3766 352 3877 407 Ξοι

597 465 742 520 tione
792 471 1167 525 necessitatem
1215 471 1641 543 uniuscujusque
1676 473 1911 541 petentis
1958 475 2165 529 discer-

2273 474 2723 545 προσαιτούντων.
2792 475 2901 527 Καὶ
2953 471 3112 526 τοῦτο
3173 472 3578 543 μεμαθήκαμεν
3628 472 3692 525 ὲν
3747 475 3877 534 ταῖς

593 572 711 610 nas.
767 558 1051 625 Quomodo
1092 572 1273 617 autem
1330 564 1381 617 id
1433 564 1623 633 perlici
1677 574 1841 635 queat
1879 566 1947 621 ab
1983 566 2050 620 iis
2073 567 2163 635 qui

592 650 732 703 scito
756 651 975 721 pietatis
1004 656 1336 724 propositum
1388 658 1701 727 explebant,
1738 673 1802 713 ex
1841 659 1991 714 Actis
2024 660 2164 713 didi-

591 741 805 797 cimus:
843 746 1110 812 Quotquot
1168 747 1329 809 enim,
1391 748 1489 810 ait,
1540 763 1867 814 possessores
1923 764 2166 819 agrorum

593 840 683 883 aut
738 833 1012 885 domorum
1070 848 1216 888 erant
1247 877 1263 899 ,
1322 838 1600 891 uendentes
1659 838 1949 906 offerebant
2000 839 2168 906 pretia

592 937 771 975 eorum
821 939 936 990 qua:
965 926 1272 989 vendebant,
1307 938 1353 981 et
1391 927 1645 996 ponebant
1676 937 1798 981 ante
1835 928 1990 997 pedes
2041 945 2167 995 apo-

595 1014 871 1067 stolarum.
906 1014 1255 1069 Dividebatur
1291 1025 1468 1069 autem
1496 1017 1745 1085 singulis,
1794 1027 1951 1085 prout
1984 1017 2169 1083 cuique

594 1121 723 1173 Opus
755 1118 866 1160 erat
889 1108 978 1160 ⁸³⁸.
1012 1109 1147 1162 Cum
1179 1108 1325 1161 enim
1366 1108 1705 1172 mendicitas,
1744 1106 1929 1161 multis
1975 1120 2168 1159 neces-

595 1197 863 1252 sariorum
897 1215 1051 1253 usum
1108 1200 1513 1265 excedentibus,
1547 1201 1927 1270 negotiationis
1948 1198 2169 1252 occasio

594 1289 685 1355 sit,
719 1300 772 1343 et
799 1292 1047 1345 obscena:
1089 1291 1376 1361 voluptatis
1420 1292 1647 1347 materia
1681 1309 1693 1343 :
1743 1290 2051 1346 necessario
2101 1290 2170 1344 ab

596 1380 645 1434 is
688 1380 886 1449 quibus
934 1397 1226 1452 pauperum
1276 1399 1407 1438 cura
1456 1382 1768 1437 concredita
1825 1391 1966 1445 erat,
2015 1380 2168 1436 colli-

595 1473 861 1541 gebatttltt‘
912 1474 1173 1542 pecuniae,
1223 1483 1284 1528 ut
1334 1488 1402 1528 ex
1451 1472 1553 1526 huc
1596 1486 1735 1541 penu
1782 1472 2075 1538 prudenter
2103 1484 2168 1523 ac

594 1566 817 1635 provide
869 1580 965 1634 pro
998 1565 1266 1633 cujusque
1309 1563 1635 1617 necessitate
1684 1561 1990 1617 distributio
2014 1563 2169 1616 ﬁeret

594 1659 1049 1712 necessariorum.
1097 1655 1557 1722 Quemadmodum
1596 1657 1739 1711 enim
1782 1655 2168 1725 mgrotantibus

595 1748 913 1817 plerumque
963 1749 1328 1802 necessarium
1360 1758 1441 1802 est
1477 1749 1697 1813 vitnnn,
1742 1763 1843 1801 nec
1877 1757 2055 1801 tamen
2083 1755 2169 1800 est

2273 564 2512 634 Πράξεσι
2562 563 2703 633 (21),
2756 564 2877 617 τίνα
2931 565 3131 636 τρόπον
3181 563 3405 616 δυνατὸν
3456 561 3878 634 κατορθοῦσθαι

2269 655 2418 727 παρὰ
2460 655 2571 707 τῶν
2622 655 3005 726 ἐπιστημόνως
3046 655 3140 708 τὸν
3174 656 3273 725 τῆς
3320 655 3603 718 εὐσεϐείας
3658 654 3875 707 σκοπὸν

2268 748 2719 819 ἐκπληρούντωνο
2748 748 2915 803 Ὅσοι
2954 748 3086 818 γὰρ,
3121 747 3277 817 φησὶ,
3311 746 3599 815 κτήτορες
3628 748 3875 816 χωρίων

2267 841 2306 909 ἣ
2346 840 2549 895 οἰκιῶν
2580 840 2877 911 ὑπῆρχον,
2906 840 3256 906 πωλοῦντες
3291 840 3510 909 ἔφερον
3541 840 3653 904 τὰς
3688 839 3873 907 τιμὰς

2267 929 2386 983 τῶν
2444 929 2968 999 πιπρασκομένων,
3032 930 3130 984 καὶ
3188 930 3429 983 ἐτίθουν
3481 928 3646 995 παρὰ
3721 927 3875 995 τοὺς

2268 1020 2458 1088 πόδας
2483 1020 2603 1075 τῶν
2622 1023 2998 1076 ἀποστόλων.
3025 1021 3321 1076 Διεδίδοτο
3344 1020 3412 1073 δὲ
3431 1020 3695 1084 ἑκάστῳ,
3729 1024 3874 1075 καθ-

2268 1113 2358 1165 ότι
2384 1111 2461 1165 ἄν
2495 1129 2585 1178 τις
2616 1112 2828 1180 χρείαν
2849 1107 3031 1180 εἶχεν.
3068 1111 3286 1183 Ἐπειδὴ
3325 1110 3435 1182 γὰρ
3477 1110 3667 1164 πολλοὶ
3702 1112 3874 1181 ὑπερ-

2271 1202 2545 1265 ϐαίνοντες
2581 1202 2681 1273 τὴν
2718 1203 2915 1273 χρῆσιν
2948 1204 3055 1255 τῶν
3086 1205 3424 1272 ἀναγκαίων,
3467 1204 3732 1273 ἀφορμὴν
3768 1204 3875 1272 ἐμ-

2270 1296 2463 1366 πορίας
2490 1295 2584 1348 καὶ
2618 1294 2875 1348 ὑπόθεσιν
2912 1295 3125 1366 τρυφῆς
3152 1295 3414 1364 ἀσελγοῦς
3448 1294 3736 1348 ποιοῦνται
3768 1297 3873 1364 τὴν

2270 1384 2505 1453 αἴτησιν,
2552 1386 2867 1453 ἀναγκαίως
2901 1384 3053 1455 παρὰ
3102 1388 3215 1447 τοῖς
3246 1386 3345 1457 τὴν
3387 1386 3713 1456 ἐπιμέλειαν
3758 1385 3872 1439 τῶν

2270 1475 2499 1544 πτωχῶν
2536 1475 3047 1546 πεπιστευμένοιςή
3081 1478 3380 1547 συγκομιδὴ
3414 1477 3522 1529 τῶν
3552 1478 3870 1547 χρημάτων

2270 1566 2497 1633 ἐγίνετο,
2536 1566 2673 1620 ὥστε
2707 1566 2916 1619 ἐκεῖθεν
2948 1567 3329 1637 ἐπιστημόνως
3362 1569 3455 1620 καὶ
3494 1568 3869 1637 οἰκονομικῶς

2270 1659 2388 1720 ταῖς
2427 1656 2656 1709 ἑκάστου
2692 1657 2904 1728 χρείαις
2945 1657 3042 1728 τὴν
3090 1657 3352 1728 διανομὴν
3384 1658 3491 1711 τῶν
3538 1660 3867 1727 ἀναγκαίων

2271 1745 2536 1815 γίνεσθαι.
2569 1747 2777 1818 Ὥσπερ
2817 1748 2927 1819 γὰρ
2966 1748 3059 1802 ἐπὶ
3100 1748 3208 1801 τῶν
3236 1748 3663 1819 ἀρρωστούντων
3701 1751 3869 1819 χρεία

594 1842 831 1912 Cujusvis
883 1850 1114 1910 tempus,
1174 1856 1501 1903 mensuram,
1532 1851 1587 1895 et
1630 1839 1947 1910 qualitatem
1979 1840 2166 1894 decer-

2273 1841 2369 1910 μὲν
2404 1838 2663 1902 πολλάκις
2702 1839 2867 1905 οἴνου,
2908 1841 3023 1894 ἀλλ’
3052 1842 3112 1894 οὐ
3144 1841 3346 1903 παντός
3379 1841 3496 1893 ἐστι
3530 1842 3731 1909 καιροῦ
3771 1846 3870 1896 καὶ

594 1949 752 1998 nere;
801 1943 856 1987 at
890 1934 1096 1989 medico
1124 1936 1189 1987 ad
1230 1933 1638 2001 praeﬁniendum
1684 1932 1793 1986 vini
1821 1941 2004 2001 potum
2030 1946 2166 2000 opus

594 2036 679 2080 est
703 2048 715 2080 :
743 2027 817 2079 ita
856 2036 1004 2081 certe
1036 2034 1091 2080 et
1120 2026 1454 2093 dispensatio
1482 2039 1603 2093 quae
1632 2024 1699 2077 ad
1733 2038 2023 2093 egenorum
2046 2037 2169 2091 per-

596 2118 730 2172 tinet
765 2131 971 2177 curam,
1014 2130 1118 2169 non
1176 2117 1243 2170 ab
1289 2116 1541 2170 omnibus
1585 2126 1761 2184 potest
1794 2116 1997 2171 utiliter
2025 2116 2163 2171 ﬁeri.

596 2208 697 2274 Qui
738 2210 881 2262 enim
924 2207 1169 2278 lugubria
1224 2208 1461 2263 carmina
1509 2208 1576 2261 ad
1622 2207 1968 2264 mulierculas
2016 2209 2165 2263 deci-

595 2299 820 2367 piendus
853 2307 1215 2367 componunt,
1270 2306 1325 2352 et
1372 2297 1556 2352 mutila
1597 2298 1841 2367 corporis
1898 2298 2163 2364 membra,

595 2406 662 2444 ac
718 2391 897 2445 ulcera
962 2392 1029 2444 ad
1092 2400 1331 2461 quwstus
1386 2390 1729 2445 occasionem
1788 2389 2164 2443 inveniendam

596 2491 907 2544 05tentant,
958 2481 1026 2534 iis
1076 2480 1284 2551 largum
1339 2490 1395 2534 et
1420 2479 1643 2535 liberale
1691 2478 1991 2535 subsidium
2024 2479 2164 2533 nulla

602 2576 811 2630 ratione
865 2572 1202 2642 profuturum
1253 2581 1357 2627 est.
1395 2570 1526 2626 Nam
1580 2572 1803 2642 largitas
1860 2572 1991 2640 ipsis
2052 2589 2166 2626 nta-

600 2668 730 2722 litia:
765 2667 870 2722 erit
908 2666 1124 2721 occasio
1152 2672 1208 2720 et
1257 2666 1505 2721 materia.
1554 2664 1755 2719 Horum
1788 2674 1967 2719 tamen
2007 2664 2167 2719 latra-

598 2772 688 2817 tus
744 2762 949 2815 modica
1002 2759 1317 2829 erogatione
1367 2757 1635 2812 arcendus
1678 2766 1801 2811 est:
1845 2757 1938 2811 sed
1975 2758 2065 2826 qui
2113 2756 2165 2810 in

596 2855 763 2918 viros,
806 2852 895 2921 qui
950 2866 1035 2905 res
1079 2851 1333 2905 adversas
1376 2850 1646 2919 patienter
1686 2847 1926 2918 perierre
1962 2848 2167 2903 didice-

597 2955 749 3008 runt,
780 2938 1203 2998 misericordiam
1226 2952 1281 2995 et
1307 2941 1600 2995 fraternam
1628 2941 1952 2995 cbaritatem
1982 2950 2165 2994 osten-

600 3038 797 3097 derint,
853 3035 919 3088 iis
966 3043 1247 3100 propterea
1293 3032 1547 3086 dicetur:
1585 3030 1798 3085 Esurivi
1853 3041 1899 3083 et
1948 3031 2165 3084 dedistis

599 3127 728 3181 mihi
781 3123 1176 3189 manducare“;
1217 3132 1273 3179 et
1325 3137 1444 3191 qua:
1479 3132 1799 3191 sequuntur.
1853 3119 1922 3174 Et
1974 3121 2164 3175 volenti

2278 1931 2476 2001 μέτρου
2524 1932 2618 1985 καὶ
2670 1932 2955 2003 ποιότητος
3001 1934 3545 2004 καταστοχάσασθαι·
3591 1934 3761 2005 χρεξα
3807 1934 3869 1986 δὲ

2276 2020 2460 2093 ίατροῦ
2507 2022 2645 2094 πρὸς
2681 2022 2779 2093 τὴν
2829 2024 2973 2077 δόσιν
3016 2025 3109 2078 τοῦ
3160 2026 3338 2079 οἷνου·
3394 2025 3538 2078 οὕτω
3568 2025 3635 2096 δὴ
3694 2024 3796 2079 καὶ
3828 2029 3866 2095 ἡ

2274 2117 2399 2185 περὶ
2426 2116 2526 2187 τὴν
2556 2114 2851 2188 θεραπείαν
2878 2116 2984 2169 τῶν
3008 2117 3275 2187 δεομένων
3304 2117 3586 2188 οἰκονομία
3612 2118 3674 2170 οὐ
3707 2115 3871 2187 παρὰ

2274 2208 2491 2260 πάντων
2537 2207 2830 2279 ὠφελίμως
2881 2208 3221 2278 ἐνεργεῖσθαι
3269 2208 3513 2263 δύναται.
3562 2209 3696 2272 Τοῖς
3752 2210 3867 2279 γὰρ

2272 2297 2333 2368 δὴ
2364 2296 2431 2350 τὰ
2475 2297 2721 2369 θρηνώδη
2768 2297 2903 2368 μέλη
2952 2298 3083 2368 πρὸς
3114 2299 3213 2369 τὴν
3241 2299 3349 2354 τῶν
3389 2300 3669 2369 γυναικῶν
3714 2298 3869 2352 ἁπα-

2272 2406 2371 2458 την
2407 2391 2717 2453 συντιθεῖσι,
2748 2392 2841 2443 καὶ
2873 2391 2942 2443 τὰ
2974 2390 3281 2461 πηρώματα
3309 2392 3402 2445 τοῦ
3444 2391 3726 2461 σώματος,
3768 2391 3867 2443 καὶ

2273 2479 2342 2531 τὰ
2375 2479 2506 2550 ἓλκη
2550 2482 2685 2552 πρὸς
2729 2482 2997 2554 ἐμπορίας
3035 2482 3291 2555 ἀφορμὴν
3338 2484 3675 2556 προτιθεῖσιν
3722 2484 3867 2553 (Ἠ).

2274 2570 2334 2622 οὐ
2394 2571 2609 2635 πάντως
2652 2573 2712 2625 τὸ
2768 2574 2988 2643 δαψιλὲς
3042 2575 3143 2644 τῆς
3206 2576 3483 2639 διακονίας
3552 2576 3863 2645 ὠφέλιμον.

2288 2663 2532 2734 Ἀφορμὴ
2563 2663 2669 2734 γὰρ
2704 2667 2886 2728 αὐτοῖς
2916 2669 2995 2729 είς
3035 2669 3233 2722 κακίαν
3272 2670 3305 2739 ἡ
3353 2668 3586 2739 χορηγία
3632 2668 3870 2736 γενήσει

2271 2774 2382 2813 ται.
2423 2756 2581 2811 Ἀλλὰ
2616 2758 2787 2828 μικρᾷ
2818 2756 2960 2809 δόσει
2984 2759 3088 2828 χρὴ
3113 2760 3211 2826 τὴν
3239 2760 3343 2811 τῶν
3368 2759 3628 2811 τοιούτων
3653 2756 3866 2827 ὑλακὴν

2273 2849 2639 2915 ἀπωθεῖσθαι,
2678 2850 2737 2903 τὸ
2786 2849 2843 2901 δὲ
2897 2849 3177 2919 συμπαθὲς
3225 2850 3319 2902 καὶ
3363 2849 3687 2918 φιλάδελφον
3740 2851 3868 2901 ὲπι-

2270 2940 2656 3010 δεικνυμένους
2690 2939 2823 3011 (25),
2857 2940 2915 2992 ἐν
2946 2942 3057 3003 τοῖς
3093 2939 3211 3010 μεθ’
3237 2941 3515 3010 ὑπομονῆς
3546 2939 3646 3011 τὴν
3677 2941 3866 3014 θλίψιν

2274 3034 2463 3103 φέρειν
2506 3032 2935 3104 δεδιδαγμένοις·
2964 3032 3104 3105 ὑπὲρ
3147 3026 3223 3087 ὧν
3258 3035 3351 3087 καὶ
3391 3032 3719 3104 λεχθήσεται
3764 3040 3864 3091 αὐ-

2274 3125 2406 3184 τοῖς,
2443 3124 2525 3175 ὃτι
2570 3124 2907 3185 Ἐπε-’νασα.
2940 3124 3035 3178 καὶ
3067 3121 3327 3177 ἐδώκατέ
3349 3142 3450 3191 μοι
3483 3124 3723 3192 φαγεῖν,
3770 3145 3865 3181 και

598 3218 833 3270 mutuari
879 3232 910 3269 a
961 3227 1041 3279 te,
1077 3231 1138 3267 ne
1172 3214 1425 3268 averteris
1448 3212 1514 3270 ³⁸.
1556 3215 1732 3281 Atque
1778 3211 1882 3265 ltoc
1919 3211 2168 3280 praecepti

2273 3213 2340 3266 τὰ
2385 3213 2529 3282 ἑξῆς.
2569 3214 2677 3267 Καὶ
2707 3214 2823 3266 ἀπὸ
2859 3214 2964 3268 τοῦ
2997 3216 3281 3281 θέλοντος
3315 3213 3743 3283 δαιέἰσασθαι,
3776 3218 3863 3286 μὴ

598 3309 867 3364 consentit
898 3324 1019 3363 cum
1056 3307 1345 3377 prioribus.
1379 3305 1521 3360 Nam
1548 3316 1603 3360 et
1632 3306 1723 3375 qui
1758 3303 1844 3359 bic
1869 3304 2022 3372 petit,
2048 3318 2169 3356 cum

599 3412 804 3465 pauper
828 3397 919 3460 sit,
953 3411 981 3449 a
1016 3406 1067 3449 te
1092 3407 1334 3450 mutuum
1375 3397 1525 3465 petit,
1557 3396 1946 3451 inltabitantem
1980 3397 2031 3447 in
2054 3407 2171 3449 cm-

602 3486 670 3539 lis
700 3486 918 3538 divitem
957 3485 1052 3538 tibi
1089 3486 1422 3542 ostendens:
1463 3485 1555 3556 qui
1592 3502 1687 3556 pro
1730 3487 1842 3557 ipso
1870 3485 1964 3540 tibi
1993 3485 2171 3540 exsol-

602 3584 691 3632 vet
730 3576 989 3632 debitum.
1028 3574 1130 3641 Qui
1176 3578 1339 3637 enim,
1385 3578 1574 3645 inquit,
1598 3580 1874 3631 miseretur
1904 3579 2167 3646 pauperis,

602 3668 711 3722 Deo
750 3668 1051 3737 lo'nerat".
1080 3666 1353 3723 leorum
1393 3679 1570 3722 autem
1598 3684 1818 3738 regnum
1854 3669 2047 3739 pignus
2087 3679 2170 3723 est

602 3762 773 3817 mutui
816 3773 869 3816 et
912 3763 1109 3818 cautio.
1158 3761 1310 3829 Quod
1365 3760 1569 3814 utinam
1602 3776 1790 3817 omnes
1829 3777 1927 3817 nos
1978 3777 2172 3817 conse-

598 3871 861 3925 quamur,
911 3856 1083 3925 gratia
1139 3864 1196 3911 et
1234 3853 1563 3923 benignitate
1592 3850 1800 3908 Domini
1830 3854 1995 3909 nostri
2042 3853 2169 3907 Jesu

602 3947 841 4007 Christi,
890 3964 1011 4001 cum
1054 3963 1167 4016 quo
1208 3946 1353 4001 Patri
1417 3954 1473 4000 et
1514 3943 1739 4012 Spiritui
1783 3956 1969 4001 sancto
2001 3944 2170 4014 gloria

599 4049 656 4093 et
698 4038 1060 4108 imperiumin
1096 4038 1286 4093 saecula
1316 4036 1667 4093 saeculorum!
1694 4036 1883 4089 Amen.

1075 4368 1379 4426 EJUSDEM
1410 4368 1691 4424 HOMILIA

602 4464 671 4519 In
705 4477 903 4534 partem
941 4463 1127 4533 psalmi
1174 4461 1360 4517 decimi
1410 4461 1606 4529 quarti,
1653 4470 1700 4514 et
1737 4471 1920 4515 contra
1949 4458 2175 4529 faenera-

1304 4542 1464 4586 ιοτεε.

673 4629 724 4682 1.
758 4626 879 4680 lleri
904 4640 1024 4681 cum
1052 4624 1119 4679 de
1156 4624 1362 4693 psalmo
1400 4624 1609 4678 decimo
1640 4632 1833 4693 quarto
1870 4635 2172 4677 sermonem

2277 3302 2591 3372 daoo‘rpa;
2604 3302 2690 3369 ᾖς.
2716 3303 2823 3355 Καὶ
2857 3304 3012 3356 τοῦτο
3039 3305 3098 3357 τὸ
3130 3306 3498 3376 παράγγελμα
3536 3308 3723 3378 ἔχεται
3754 3310 3865 3362 τῶν

2277 3396 2576 3466 προτέρων.
2622 3394 2733 3447 Καὶ
2775 3392 2884 3465 γὰρ
2924 3395 3019 3446 καὶ¹
3064 3397 3092 3446 ὁ
3133 3396 3367 3449 ἐνταῦθα
3412 3399 3598 3453 αἰτῶν.
3647 3402 3866 3469 πτωχὸς

2275 3484 2369 3550 ὢν,
2405 3486 2609 3539 δάνειον
2651 3485 2975 3556 αίτεί’παρὰ
3005 3484 3124 3548 σοῦ,
3167 3485 3380 3548 δεικνύς
3420 3504 3501 3539 σοι
3543 3489 3633 3541 τὸν
3676 3492 3734 3541 ὲν
3769 3492 3863 3542 οὐ-

2277 3582 2459 3649 ρανοῖς
2488 3578 2760 3643 πλούσιον,
2790 3578 3075 3632 διαλύοντα
3108 3594 3188 3630 σοι
3220 3577 3358 3647 ὑπὲρ
3382 3578 3545 3630 αὑτοῦ
3582 3580 3647 3631 τὸ
3678 3582 3857 3650 χρέος.

2288 3669 2340 3721 ’0
2377 3669 2486 3739 γὰρ
2514 3668 2724 3732 ἐλεῶν,
2762 3670 2917 3738 φησὶ,
2945 3668 3181 3737 πτωχίῖν
3216 3664 3338 3731 Θεῷ
3372 3665 3638 3726 δανείζει.
3682 3670 3865 3738 Ὲγέγ-

2275 3775 2404 3826 γυον
2434 3761 2490 3812 δὲ
2534 3760 2628 3814 τοῦ
2686 3761 2941 3832 δάνουςή
2996 3760 3241 3830 βασιλεία
3276 3758 3384 3811 τῶν
3431 3759 3697 3829 οὐρανῶν.
3752 3755 3859 3825 ἿΙς

2272 3852 2480 3919 γένοιτο
2511 3853 2621 3924 (24)
2664 3856 2871 3917 πάντας
2900 3856 3048 3924 ἡμᾶς
3088 3853 3384 3923 ἀξιωθῆναι
3414 3851 3596 3923 χάριτι
3640 3852 3739 3905 καὶ
3780 3872 3863 3921 ιρι-

2273 3944 2587 4016 λανθρωπία
2627 3946 2721 3998 τοῦ
2767 3946 2974 4017 Κυρίου
3016 3946 3169 4014 ἡμῶν
3209 3943 3385 4013 Ἰησοῦ
3429 3942 3689 4016 Χριστοῦ,
3737 3944 3859 4013 μεθ’

2272 4028 2334 4089 οὗ
2358 4036 2435 4105 τῷ
2462 4037 2634 4105 Πατρ).
2659 4037 2747 4088 καὶ
2776 4038 2915 4105 ἁγίῳ
2936 4036 3211 4105 Πνεῦματι
3240 4037 3273 4103 ἡ
3296 4034 3422 4098 δόξα
3450 4037 3544 4088 καὶ
3568 4036 3631 4088 τὸ
3654 4038 3861 4106 κράτος

2272 4129 2353 4191 είς
2375 4130 2499 4188 τοὺς
2528 4127 2733 4189 αἰῶνας
2756 4126 2864 4179 τῶν
2893 4126 3124 4180 αἰώνων.
3163 4128 3353 4196 Ἀμήν.

3537 4289 3846 4301 --η--ᾓ-η

2451 4366 2587 4420 ΤΟΥ
2624 4367 2855 4420 ΑΥΤΟΥ
2883 4367 3122 4420 UMlAlA
3161 4365 3270 4418 ΕΙΣ
3297 4365 3528 4419 ΜΕΡΟΣ
3560 4364 3675 4435 (25)

2274 4456 2933 4526 τεσσαρεσκαιδεκάτου
2975 4457 3242 4526 ψαλμοῦ,
3279 4456 3377 4509 καὶ
3415 4458 3564 4511 κατὰ
3589 4455 3858 4518 τοκιζόν-

2990 4546 3127 4582 των.

2349 4624 2400 4675 1.
2444 4620 2584 4682 Χθὲς
2620 4621 2699 4681 εἰς
2740 4621 2829 4672 τὸν
2864 4619 3450 4689 τεσσαρεσκαιδέκατον
3476 4618 3692 4689 ψαλμὸν
3725 4622 3857 4689 ὑμῖν

604 4721 743 4791 apud
801 4735 896 4774 vos
953 4718 1298 4780 haberemus,
1346 4718 1506 4769 linem
1554 4716 1815 4771 orationis
1861 4730 1963 4768 non
2017 4713 2168 4767 licuit

2273 4712 2662 4782 διαλεγόμενοι,
2688 4708 2959 4775 ἐξικέσθαι
2996 4710 3133 4780 πρὸς
3158 4709 3216 4763 τὸ
3250 4710 3421 4781 πέρας
3439 4709 3532 4762 τοῦ
3565 4710 3726 4776 λόγου
3752 4713 3857 4764 ὑπὸ

670 4857 738 4887 “'
776 4860 893 4910 Act.
929 4871 1002 4920 tv,
1030 4855 1119 4919 54,
1151 4854 1243 4910 '55.
1316 4854 1365 4887 “
1396 4851 1587 4907 Matth.
1622 4869 1749 4917 xxv,
1784 4851 1872 4907 55.
1949 4851 2196 4905 "Matth.
2236 4865 2288 4912 ν,
2316 4850 2407 4906 42.

2487 4852 2533 4881 ’θ
2565 4849 2719 4904 Prov.
2754 4867 2865 4915 tux,
2900 4849 2987 4904 l7.

742 5011 788 5068 ll
815 5011 989 5063 Editio
1009 5012 1178 5064 Paris.
1198 4976 1436 5079 Πρὰξεσι
1466 5007 1574 5060 τῶν
1602 5006 1931 5079 ἀποστόλων.
1971 5006 2076 5058 Sed
2107 5006 2168 5079 il-

2279 5004 2891 5079 tt?)J7:pO‘_tElptp._lbitlf’tn
2940 5003 2991 5056 in
3047 5001 3317 5068 aliquibus
3346 5016 3485 5079 mss;
3508 5002 3620 5054 Καὶ
3646 5000 3756 5069 γὰρ
3803 5008 3849 5055 ο.

602 5078 714 5145 Iud,
738 5082 846 5135 τῶν
875 5080 1206 5142 ἀποστόλων,
1249 5078 1417 5143 neque
1438 5082 1487 5132 in
1523 5092 1651 5129 tnss.
1687 5078 1900 5144 legitur,
1922 5092 2093 5145 neque
2120 5078 2171 5127 itt

603 5154 838 5207 editione
875 5150 1033 5203 Basil.
1073 5152 1271 5204 Ibidem
1304 5150 1431 5201 editi
1472 5164 1591 5201 cum
1635 5146 1821 5213 majori
1854 5158 2006 5213 parte
2042 5161 2172 5199 mss.

602 5222 970 5293 κατωρθοῦτο.
998 5221 1143 5293 [trgii
1166 5222 1439 5293 secundus
1460 5229 1514 5272 et
1539 5218 1726 5293 tertius
1744 5230 1793 5269 et
1818 5216 1968 5269 Coll).
1990 5227 2177 5293 sextus

601 5287 823 5343 δυνατὸν
854 5290 1266 5362 κατορθοῦσθαι.
1303 5290 1496 5362 Statim
1546 5289 1699 5362 Coll).
1739 5297 1973 5362 quartus
2018 5287 2177 5362 ὑπερ-

603 5358 1003 5425 αναεαίνοντες.
1040 5361 1274 5413 Subinde
1313 5360 1440 5413 editi
1477 5358 1703 5428 πτωχῶν
1736 5358 2177 5427 ὲμπεπιστευμέ·

604 5450 733 5495 νοις.
763 5440 832 5486 At
854 5449 981 5487 mss.
1024 5431 1492 5501 πεπιστευμένοις.

677 5504 787 5569 (22)
833 5502 1057 5556 Codices
1101 5502 1189 5553 alii
1237 5496 1585 5571 προ-τιθεῖσιν,
1634 5498 1723 5550 alii
1780 5496 2166 5570 προστιθεῖσιν.

607 5573 725 5625 Mox
758 5574 922 5626 t-ditio
955 5572 1122 5625 Paris.
1146 5575 1484 5641 γεννήσεται,
1516 5586 1619 5641 non
1655 5577 1817 5621 recte.

678 5644 786 5709 ('25)
838 5642 969 5709 Reg.
1023 5638 1303 5696 secundus
1336 5638 1389 5693 ’ét
1431 5638 1585 5692 Culb.
1626 5649 1825 5709 isextus
1868 5638 2169 5689 ἐπιδεικνυ-

611 5708 813 5779 μένοις.
846 5708 995 5765 Culb.
1027 5708 1723 5779 δθριίιιιυδὲπιδείκνυσθαι.
1747 5708 2005 5779 Alcette
2040 5723 2167 5779 mss:

609 5776 729 5833 eum
780 5782 937 5834 editis
990 5778 1480 5845 ἐπιδεικνυμένους.
1512 5778 1794 5847 Aliquanto
1826 5789 1944 5846 post
1978 5777 2104 5844 Reg.
2136 5776 2169 5827 3

2350 5072 2460 5145 (9M)
2496 5072 2615 5134 Illa,
2657 5072 2723 5147 ἧς
2760 5075 2989 5142 γένοιτο,
3022 5083 3072 5125 et
3099 5084 3311 5133 caetera,
3353 5072 3419 5147 ad
3458 5072 3615 5147 linem
3658 5087 3850 5147 usque,

2280 5142 2373 5199 aut
2398 5148 2589 5199 desunt
2614 5142 2835 5197 omnino
2867 5148 2917 5197 in
2964 5158 3118 5204 mss.,
3153 5154 3243 5197 aut
3281 5144 3429 5194 varie
3463 5145 3513 5193 in
3556 5142 3723 5195 variis
3757 5160 3849 5196 cn—

2282 5216 2491 5269 dicibus
2525 5214 2812 5281 leguntur:
2850 5226 2904 5266 ut
2952 5213 3171 5267 dubium
3213 5228 3317 5267 non
3354 5212 3446 5275 sit,
3494 5213 3623 5279 quin
3658 5228 3721 5266 ea
3754 5229 3852 5268 Sno

2281 5286 2509 5354 quisque
2533 5285 2794 5337 arbitratu
2827 5284 3124 5348 scripserit.

2355 5356 2467 5425 (‘25)
2496 5354 2585 5425 Sie
2628 5356 2757 5421 Reg.
2788 5356 3009 5423 primus.
3042 5354 3141 5425 Alii
3168 5353 3283 5425 duo
3313 5351 3686 5425 mss._haltettt
3714 5368 3850 5425 quo-

2276 5420 2377 5501 que
2392 5427 2483 5501 1είς
2512 5420 2864 5501 péppgﬁditi
2886 5425 2977 5501 εἰς
3006 5422 3076 5474 τὰ
3098 5422 3351 5501 λείποντα
3377 5420 3668 5501 τοῦ-αὑτοῦ
3710 5421 3851 5501 ψαλ-

2278 5493 2545 5566 μοῢξνκαὶ
2587 5493 2733 5547 κατὰ
2759 5493 3097 5555 τοκιζόντων.
3140 5493 3281 5566 _O_li\'.
3319 5503 3372 5546 et
3403 5494 3553 5566 Colb-
3590 5493 3849 5566 εςνιῖιυυε

2274 5560 2353 5629 εἰς
2378 5565 2447 5618 τὰ
2477 5565 2788 5634 λειπόμενα.
2825 5568 2992 5617 Aliter
3022 5568 3071 5615 iu
3106 5564 3224 5615 aliis
3257 5577 3388 5615 is.
3414 5563 3596 5634 titulus
3631 5560 3844 5634 legitur.

2275 5631 2682 5697 Monerejuva't,
2706 5636 3035 5687 mentionem
3058 5648 3314 5699 perquam
3347 5631 3703 5687 honoriﬁcam
3733 5633 3845 5683 ﬁeri

2279 5707 2436 5774 hujus
2467 5705 2696 5758 ltomilize
2730 5722 2757 5757 a
2786 5702 3049 5772 Gregorio
3076 5702 3315 5774 Nysscno
3346 5704 3605 5759 Oratione
3658 5713 3845 5758 contra

2277 5773 2573 5840 usurarius,
2616 5785 2744 5829 tont.
2787 5774 2849 5837 ll,
2877 5790 2995 5844 pag.
3024 5773 3148 5826 225.
