4062 6472
2300 26 2930 38 _W________________

239 425 352 479 265
1409 430 1690 485 HOMILIA
1723 432 1762 486 ll
1789 431 1819 484 1]

1922 430 2227 486 ’SALMUM
2265 429 2404 485 XIV.
3403 425 3503 478 2*"6

242 548 343 616 τῆς
372 547 517 618 ὧρας
552 552 651 604 οὑκ
692 549 1102 620 ἐπετράπημεν.
1151 551 1263 604 Νῦν
1292 553 1350 605 δὲ
1382 552 1588 622 ἥκομεν
1629 552 1819 623 εὐγνώ-

1932 556 2086 610 nobis
2135 569 2230 623 per
2283 565 2492 623 tempus
2524 551 2816 621 attingere.
2845 550 2997 605 Nunc
3026 560 3204 606 autem
3247 549 3424 602 adsun
3446 567 3503 604 us

247 659 408 712 μονες
424 644 694 713 ὀφειλέται
726 641 795 693 τὰ
825 644 958 711 χρέα
990 643 1095 697 τῶν
1130 645 1513 712 ὲλλειφθέντων
1539 647 1665 716 ὑμῖν
1696 649 1829 702 ἀπο-

243 735 539 796 τιννὺντες.
567 735 722 785 Ἔστι
742 734 875 786 δὲτὸ
902 734 1218 806 λειπόμενον
1248 735 1420 805 βραχὺ
1453 736 1550 806 μὲν
1572 736 1633 789 τὸ
1664 738 1827 791 ἀκοῦ-

246 844 360 887 σαι,
389 827 526 878 ὥστε
558 827 756 878 οὑτωσὶ
789 827 957 892 δόξαι,
991 832 1081 883 καὶ
1108 830 1236 891 ἴσως
1268 831 1392 893 τοὺς
1422 830 1648 892 πολλοὺς
1675 833 1827 900 ὑμῶν

243 918 341 968 καὶ
375 915 697 984 παρέλαθεν,
737 917 812 982 ὡς
853 922 985 989 μηδὲ
1020 919 1447 992 παραλελεῖφθαί
1492 939 1542 973 τι
1577 921 1668 974 τοῦ
1690 923 1825 991 ψαλ-

247 1007 352 1077 μοὺ
379 1008 716 1082 νομισθῆναι·
762 1014 1005 1083 μεγάλην
1058 1012 1240 1081 μέντοι
1294 1014 1429 1085 πρὸς
1462 1013 1530 1066 τὰ
1555 1013 1645 1066 τοῦ
1708 1017 1823 1085 βίον

241 1101 544 1170 πράγματα
577 1105 802 1176 δύναμιν
841 1107 982 1175 ἔχειν
1017 1105 1113 1175 τὴν
1149 1104 1402 1178 βραχεῖαν
1432 1105 1634 1177 ταύτην
1681 1108 1824 1174 λέξιν

245 1195 670 1265 καταμαθόντες,
702 1199 800 1248 οὑκ
830 1196 1089 1266 ᾠήθημεν
1115 1198 1223 1252 δεῖν
1265 1202 1518 1270 παρεῖναι
1545 1200 1605 1251 τὸ
1636 1202 1698 1255 ὲκ
1723 1203 1824 1272 τῆς

243 1285 544 1350 ἐξετάσεως
575 1289 862 1357 χρήσιμον.
909 1289 1270 1362 ’Υπογράφων
1313 1292 1390 1361 τῷ
1437 1291 1579 1359 λόγῳ
1611 1293 1699 1346 τὸν
1735 1296 1823 1347 τέ-

242 1374 388 1428 λειον
415 1376 442 1425 6
477 1377 785 1447 Προφήτης,
815 1378 906 1430 τὸν
935 1379 1031 1449 τῆς
1066 1381 1364 1434 ἀσαλεύτου
1395 1381 1538 1450 ζωῆς
1564 1382 1819 1452 ἐπιϐήσε-

246 1470 372 1521 σθαι
410 1468 686 1538 μέλλοντα,
718 1473 774 1524 ὲν
806 1474 918 1535 τοῖς
961 1473 1439 1544 ἀνδραγαθήμασιν
1473 1473 1821 1544 ἀπηρίθμησε

243 1561 307 1611 τὸ
341 1559 601 1633 ἀργύριον
636 1563 799 1615 αὑτοῦ
846 1566 937 1616 ἐπὶ
969 1565 1112 1633 τόκῳ
1157 1562 1230 1632 μὴ
1294 1562 1494 1616 δοῦναι.
1547 1564 1820 1636 Πολλαχοῦ

243 1651 343 1720 τῆς
390 1654 609 1724 Γραφῆς
659 1654 1074 1724 διαϐέϐληταιὴ
1131 1653 1372 1724 ἁμαρτία
1426 1655 1586 1727 αὕτη.
1642 1659 1708 1710 Ὅ
1762 1673 1820 1708 τε

243 1743 352 1812 γάρ
405 1743 657 1813 Ἰειζεκιὴλ
701 1747 757 1796 ὲν
787 1747 898 1805 τοῖς
947 1742 1220 1812 μεγίστοις
1250 1743 1358 1797 τῶν
1393 1746 1579 1799 κακῶν
1614 1748 1822 1800 τίθεται

240 1835 402 1886 τόκον
425 1835 606 1886 λαϐεῖν
638 1835 728 1886 καὶ
754 1833 1111 1902 πλεονασμὸν,
1149 1836 1243 1887 καὶ
1283 1837 1311 1887 6
1337 1837 1497 1906 νόμος
1529 1838 1821 1910 διαρρήδην

241 1926 601 1996 ἀπαγορεύεν
631 1929 750 1979 Οὐκ
779 1926 1063 1991 ἐκτοκιεῖς
1089 1925 1165 1990 τῷ
1187 1928 1424 1996 ἀδελφῷ
1464 1946 1578 1983 σου
1605 1932 1700 1983 καὶ
1745 1931 1824 1996 τῷ

242 2021 512 2085 πλησίον
528 2033 663 2071 σου.
686 2018 795 2070 Καὶ
814 2017 974 2070 πάλιν
1005 2019 1166 2088 φησίῄ
1187 2020 1370 2083 Δόλος
1390 2020 1500 2088 ('26)
1528 2022 1623 2074 ἐπὶ
1643 2023 1819 2088 δόλῳ,

240 2112 342 2163 καὶ
378 2111 547 2174 τόκος
575 2099 674 2163 Earl
723 2111 890 2175 τόκῳ.
945 2110 1054 2163 Καὶ
1105 2111 1231 2182 περὶ
1273 2112 1477 2175 πόλεως
1521 2113 1577 2166 δὲ
1623 2116 1720 2184 τῆς
1765 2117 1821 2168 ἐν

239 2203 436 2274 πλήθει
464 2202 648 2255 κακῶν
678 2203 1073 2273 εὑθηνουμένης
1101 2206 1128 2256 6
1149 2203 1358 2274 ψαλμὺς
1385 2204 1436 2256 τί
1474 2223 1667 2276 φησιν;
1701 2209 1820 2261 Οὐκ

241 2297 521 2360 ἐξέλιπεν
537 2296 603 2348 ἐκ
637 2293 753 2348 τῶν
772 2295 1066 2348 πλατειῶν
1087 2295 1276 2363 αὐτῆς
1293 2299 1467 2363 τόκος
1496 2299 1594 2350 καὶ
1619 2299 1815 2366 δόλος.

243 2390 352 2440 Καὶ
385 2390 477 2441 νῦν
508 2386 1001 2459 χαρακτηριστικὸν
1023 2387 1119 2455 τῆς
1141 2388 1278 2439 κατὰ
1303 2389 1391 2440 τὸν
1421 2390 1701 2460 ἄνθρωπον
1735 2411 1821 2445 τε-

242 2482 512 2544 λειώσεως
542 2483 600 2533 τὸ
630 2481 762 2534 αὑτὸ
789 2479 945 2534 τοῦτο
969 2477 1308 2548 παρείληφεν
1337 2480 1364 2530 6
1390 2480 1703 2552 Προφήτης,
1731 2482 1820 2535 λέ-

251 2588 374 2640 γων’
435 2573 503 2626 Τὸ
539 2573 820 2640 ἀργύριον
870 2570 1056 2625 αὑτοῦ
1091 2571 1199 2622 οὐκ
1234 2569 1459 2624 ἔδωκεν
1504 2572 1600 2625 ἐπὶ
1644 2575 1816 2642 τόκῳ.

242 2663 332 2732 Τῷ
361 2664 472 2716 ὄντι
501 2664 608 2735 γάρ
662 2662 1050 2733 ἀπανθρωπίας
1101 2661 1404 2733 ὑπερϐολὴν
1446 2663 1557 2734 ἔχει
1597 2665 1688 2719 τὸν
1721 2668 1820 2738 μὲν

241 2756 350 2807 τῶν
399 2754 709 2821 ἀναγκαίων
752 2754 945 2816 ἐνδεῶς
975 2754 1166 2822 ἔχοντα
1219 2756 1402 2824 ζητεῖν
1444 2756 1707 2828 δάνεισμα
1740 2762 1819 2823 είς

242 2845 594 2915 παραμυθίαν
625 2845 718 2895 τοὺ
756 2845 892 2912 βίου,
927 2844 1015 2894 τὸν
1041 2844 1094 2894 δὲ
1129 2845 1200 2914 μὴ
1231 2847 1514 2914 ἀρκεῖσθαι
1542 2849 1618 2916 τῷ
1647 2868 1817 2918 κειρα-

242 2937 398 3006 Ααίῳ,
448 2936 560 2988 ἀλλ’
590 2938 823 2987 ἐπινοεῖν
872 2937 935 2987 ἐκ
968 2936 1078 2988 τῶν
1109 2935 1403 3007 συμφορῶν
1450 2939 1541 2991 τοῦ
1589 2941 1820 3011 πένητος

242 3029 536 3100 προσόδους
567 3027 741 3097 ἑαυτῷ
770 3028 862 3081 καὶ
900 3029 1161 3098 εὑπορίας
1199 3031 1469 3098 συνάγειν.
1515 3033 1570 3085 Ὀ
1601 3034 1698 3102 μὲν
1727 3033 1819 3087 οὖν

243 3123 448 3192 Κύριος
479 3122 721 3190 ἐναργῶς
746 3124 872 3192 ἡμῖν
891 3120 1190 3184 διετάξατο,
1219 3121 1390 3190 λέγων
1415 3125 1547 3194 (27)·
1582 3126 1690 3178 Kal
1717 3125 1821 3179 τὸν

1929 649 2078 717 probi
2098 646 2392 705 debitores,
2433 646 2613 701 debila
2646 657 2766 713 qua
2801 654 3108 710 supersunt,
3138 642 3294 698 vobis
3319 656 3502 709 perso-

1928 739 2111 793 luturi.
2149 737 2298 804 Quod
2319 744 2494 790 autem
2528 746 2716 798 restat,
2750 734 2936 787 auditu
2963 733 3176 802 quidem
3210 737 3373 788 breve
3397 742 3501 794 est,

1928 847 1988 889 ut
2017 839 2262 891 videtur:
2299 843 2350 887 et
2371 833 2614 887 fortassis
2647 833 2844 886 multos
2894 840 3130 883 vestrmn
3160 828 3502 893 latuit;adeo

1928 940 1983 982 ut
2020 946 2084 985 ne
2115 929 2363 983 relictum
2397 927 2610 994 quidem
2653 925 2821 978 fuisse
2851 921 3142 991 quidquam
3177 919 3242 971 de
3271 934 3334 971 eo
3363 920 3503 987 psal-

1929 1038 2015 1074 mo
2052 1021 2312 1092 putarint.
2356 1018 2602 1071 Attamen
2645 1032 2765 1070 cum
2811 1015 3236 1082 intelligeremus
3281 1012 3497 1067 brevem

1928 1113 2065 1166 hanc
2099 1113 2387 1166 dictionem
2427 1110 2492 1162 ad
2528 1123 2612 1161 res
2640 1107 2763 1162 vita:
2809 1109 3035 1161 nmltum
3070 1105 3266 1168 valere,
3295 1103 3499 1158 emolu-

1928 1212 2161 1256 meutttm
2193 1202 2336 1271 quod
2363 1216 2427 1253 ex
2472 1199 2818 1267 inquisitione
2844 1210 2893 1250 et
2919 1197 3292 1267 explanatione
3318 1209 3499 1249 acces-

1925 1309 2110 1347 Surum
2166 1294 2264 1353 his.
2326 1309 2430 1345 non
2480 1291 2733 1345 duximus
2787 1290 3181 1358 negligendum.
3228 1285 3497 1352 Propheta

1923 1389 2064 1440 enim
2092 1385 2175 1439 his
2217 1387 2390 1439 verbis
2428 1383 2723 1454 perlectum
2766 1383 2966 1441 virum,
3005 1383 3096 1449 qui
3129 1382 3194 1434 ad
3239 1380 3496 1432 immuta-

1925 1480 2082 1532 bilem
2114 1477 2276 1528 vitam
2300 1489 2624 1529 ascensurus
2657 1483 2791 1535 erat,
2828 1472 3151 1532 desvriheus,
3192 1473 3331 1525 inter
3360 1482 3499 1537 prat-

1922 1573 2065 1626 clara
2101 1566 2217 1635 ejus
2246 1566 2477 1621 facinora
2510 1566 2639 1620 illud
2685 1563 3010 1618 numeravit.
3045 1563 3185 1629 quod
3212 1561 3495 1629 pecuniam

1923 1681 2070 1716 suam
2113 1679 2215 1716 non
2258 1662 2401 1715 dedit
2436 1660 2650 1714 fmnuri.
2690 1657 2800 1711 lloc
2840 1665 3120 1724 peccatum
3156 1656 3207 1707 in
3247 1654 3495 1723 plurimis

1923 1755 2216 1823 Scriptura?
2255 1752 2387 1805 locis
2428 1753 2782 1820 vituperatur.
2821 1747 2951 1800 Nam
2983 1745 3226 1799 Ezechiel
3263 1747 3304 1777 ⁸⁷
3357 1746 3406 1798 id
3439 1745 3492 1798 in

1926 1847 2173 1899 maximis
2200 1843 2638 1906 malisrecenset,
2670 1841 2712 1892 si
2753 1838 2946 1897 fienus.
2985 1849 3033 1889 et
3067 1835 3337 1902 quidpiam
3357 1836 3492 1887 ultra

1926 1948 2124 1989 sortem
2155 1935 2454 2005 accipiatur
2504 1931 2642 1997 Quin
2675 1940 2730 1984 et
2759 1929 2841 1981 lex
2873 1929 3001 1981 illud
3041 1927 3339 1980 luculenter
3371 1941 3496 1994 pm-

1927 2028 2071 2080 hibet
2103 2048 2116 2082 :
2152 2027 2270 2080 Non
2307 2025 2583 2095 fmnerubis
2608 2023 2765 2092 fratri
2809 2033 2920 2084 tuo,
2952 2034 3000 2074 et
3034 2022 3270 2086 proximo
3301 2031 3389 2071 luo
3426 2019 3489 2072 ".

1924 2119 1989 2173 Et
2016 2135 2202 2172 rursus
2238 2119 2306 2170 ait
2341 2133 2355 2170 :
2397 2118 2557 2170 Dolus
2599 2131 2754 2184 super
2802 2114 3003 2174 dolum,
3053 2122 3099 2165 et
3145 2129 3304 2164 usura
3340 2127 3496 2177 super

1923 2226 2137 2262 usuram
2176 2211 2241 2261 ’9.
2294 2208 2358 2260 Et
2413 2209 2477 2258 de
2512 2207 2731 2260 civitate
2779 2221 2896 2275 qua!
2949 2204 3104 2259 bouis
3137 2204 3187 2256 itt
3233 2201 3491 2255 malorum

1925 2300 2262 2352 multitudine
2292 2297 2555 2360 aﬂlueret,
2584 2297 2710 2363 quid
2747 2296 2985 2358 psalmus
3019 2295 3181 2348 dicit?
3207 2293 3326 2348 Non
3349 2293 3492 2363 defe-

1922 2393 1989 2443 cit
2007 2391 2068 2442 de
2097 2391 2282 2456 plateis
2310 2390 2420 2459 ejus
2444 2404 2606 2441 usura
2632 2397 2677 2440 el
2696 2388 2847 2438 dolus
2875 2385 2939 2438 ³ο.
2977 2386 3041 2439 Ει
3060 2402 3197 2439 nunc
3225 2385 3493 2454 Propheta

1923 2483 2150 2548 idipsum
2192 2491 2446 2549 tanquam
2479 2483 2723 2534 humanae
2747 2478 3093 2548 perfectionis
3119 2478 3489 2530 characterem

1923 2587 1984 2624 ac
2019 2572 2228 2641 signum
2263 2573 2559 2639 usurpavit,
2588 2572 2773 2625 dicens
2802 2587 2815 2621 :
2861 2568 3049 2640 (Vens.
3107 2567 3161 2638 5)
3209 2568 3493 2621 Pecuniam

1920 2679 2070 2716 suam
2095 2679 2196 2714 non
2225 2662 2368 2715 dedit
2401 2662 2469 2714 ad
2503 2679 2740 2716 usuram.
2764 2662 2877 2715 Non
2909 2662 3083 2727 rcipsa
3102 2675 3356 2729 perquam
3379 2674 3495 2712 ma-

1922 2757 2062 2809 xima
2084 2764 2168 2809 est
2201 2754 2584 2818 inhumanitas,
2622 2753 2769 2806 illum
2802 2752 3017 2820 quidem
3041 2752 3130 2819 qui
3164 2753 3496 2807 necessario-

1923 2863 2038 2898 rum
2079 2847 2296 2914 indiget,
2334 2857 2576 2900 mutuum
2616 2846 2681 2903 ad
2720 2846 2842 2898 vita!
2873 2843 3171 2899 subsidium
3225 2859 3491 2912 quaerere,

1922 2939 2061 2991 httuc
2115 2954 2240 2991 vero
2283 2952 2428 2992 sorte
2468 2948 2782 2993 contentum
2825 2953 2931 2991 non
2963 2952 3101 3001 esse,
3148 2938 3243 2993 sed
3274 2938 3376 2992 sibi
3425 2951 3493 2990 ex

1921 3031 2171 3099 pauperis
2204 3031 2598 3084 calamitatibus
2632 3040 2924 3096 proventus
2960 3029 3291 3098 excogitare,
3330 3042 3491 3096 opes-

1921 3135 2024 3188 que
2051 3121 2322 3188 colligere.
2348 3121 2489 3173 Sane
2516 3119 2774 3173 Dominus
2803 3122 2915 3188 ipse
2959 3119 3112 3173 nobis
3140 3120 3317 3188 palam
3349 3134 3490 3187 pra!-

242 3216 498 3268 Οέλοντα
525 3216 639 3269 ἀ.τό
673 3216 787 3269 σοῦ
824 3216 1215 3270 δανείσασθαι
1243 3216 1328 3284 μὴ
1351 3217 1765 3288 ἀποστραφῇς·
1792 3224 1818 3275 6

1922 3214 2081 3279 cepit,
2118 3213 2306 3266 diecns
2349 3230 2360 3265 :
2397 3210 2462 3264 Et
2504 3212 2690 3264 volenti
2729 3214 2960 3264 ntuumri
3003 3229 3032 3264 a
3068 3222 3136 3274 te,
3186 3228 3246 3264 ne
3285 3219 3492 3264 auerta-

241 3307 300 3360 δὲ
337 3307 686 3376 φιλάργυρος,
714 3308 852 3377 ὁρῶν
889 3308 991 3360 ὑπὸ
1019 3308 1120 3377 τῆς
1150 3311 1392 3380 ἀνάγκης
1438 3313 1603 3383 ἄνδρα
1655 3331 1820 3367 κατα-

242 3402 632 3470 καμπτόμενον
691 3402 793 3470 πρὸ
832 3400 938 3452 τῶν
984 3403 1226 3468 γονάτων
1275 3405 1603 3468 ἱκετεύοντα,
1663 3408 1714 3459 τί
1759 3408 1818 3460 οὑ

243 3492 502 3546 ποιοῦντα
554 3492 838 3554 ταπεινόν;
902 3491 953 3542 τί
989 3492 1047 3542 οὑ
1110 3492 1505 3561 φθεγγόμενον;
1550 3497 1647 3547 οὑκ
1684 3496 1822 3548 ἐλεεῖ

244 3586 375 3656 παρ’
403 3583 556 3649 ἀξίαν
608 3584 914 3653 πράττοντα
949 3581 1084 3652 ('28),
1108 3583 1168 3633 οὑ
1198 3581 1466 3650 λογίζεται
1495 3585 1592 3655 τὴν
1639 3585 1818 3653 φύσιν,

242 3679 344 3732 οὑκ
372 3677 607 3729 ἐνδίδωσι
636 3678 752 3737 ταῖς
784 3674 1033 3735 ἱκεσίαις,
1077 3674 1192 3728 ἀλλ’
1226 3676 1510 3745 ἄκαμπτος
1540 3678 1630 3728 καὶ
1667 3678 1822 3747 ἀμεί-

242 3770 427 3832 λικτος
471 3771 718 3839 ἕστηκεν,
755 3771 813 3821 οὑ
849 3771 963 3830 ταῖς
999 3769 1247 3838 δεήσεσιν
1281 3769 1460 3832 εἴκων,
1512 3770 1570 3821 οὑ
1624 3769 1822 3841 δάκρυ-

243 3878 332 3914 σιν
367 3860 756 3931 ἐπικλώμενος,
808 3861 1078 3929 ἐπιμένων
1116 3864 1180 3930 τῇ
1238 3861 1480 3930 ἀρνήσει,
1526 3863 1822 3932 ἐξομνύμε-

243 3969 335 4014 νος
367 3953 458 4004 καὶ
507 3952 857 4021 ἐπαρώμενος
901 3951 1096 4021 ἐαυτῷ,
1142 3948 1175 4021 ἦ
1217 3953 1318 4023 μὴν
1344 3954 1567 4024 ἀπορεῖν
1626 3973 1820 4007 παντε-

241 4045 354 4105 λῶς
380 4043 694 4114 χρημάτων,
731 4047 823 4096 καὶ
864 4047 1213 4113 περισκοπεῖν
1247 4047 1340 4096 καὶ
1392 4046 1551 4105 αὑτὸς
1596 4047 1646 4098 εἴ
1702 4064 1821 4099 τινα

242 4134 394 4202 εὖροι
423 4134 528 4185 τῶν
552 4132 915 4195 δανειζόντων.
944 4136 1035 4186 καὶ
1060 4135 1413 4204 πιστούμενος
1436 4136 1495 4186 τὸ
1521 4135 1711 4202 ψεῦδος
1734 4137 1820 4190 διά

241 4224 352 4275 τῶν
384 4225 577 4294 ὅρκων,
616 4225 781 4276 κακὸν
817 4225 1251 4295 παρεμπόρευμα
1290 4226 1386 4291 τῆς
1430 4227 1821 4296 ἀπανθρωπίας

243 4312 342 4378 τὴν
365 4314 638 4383 ἐπιορκίαν
672 4313 1107 4385 προσκτώμενος.
1150 4315 1396 4367 Ἐπειδὰν
1420 4315 1473 4367 δὲ
1504 4319 1530 4368 6
1563 4317 1739 4386 ζητῶν
1762 4318 1821 4371 τὸ

243 4405 452 4458 δάνειον
491 4407 661 4460 τόκων
695 4407 928 4477 μνησθῇ,
965 4407 1058 4459 καὶ
1090 4407 1366 4476 ὑποθήκας
1404 4407 1665 4478 ὀνομάσῃ,
1699 4409 1818 4461 τότε

242 4496 564 4549 κιαταὸαλὼν
613 4498 710 4567 τὴν
752 4499 921 4569 ὀφρὺν
975 4501 1412 4570 προσεμειδίασε,
1459 4499 1552 4552 καί
1587 4516 1685 4552 που
1726 4502 1818 4554 καὶ¹

1924 3306 1994 3358 ris
2024 3305 2088 3358 ³¹.
2121 3307 2326 3357 Avarus
2356 3312 2555 3364 antetn,
2585 3318 2706 3355 cum
2751 3304 3022 3355 hominem
3067 3301 3209 3354 videt
3254 3316 3362 3369 pra:
3395 3315 3491 3354 ne-

1920 3399 2173 3452 cessitate
2197 3396 2421 3463 genibus
2463 3397 2806 3462 pt'UVOltttuItt
2851 3411 2914 3447 ac
2946 3395 3263 3460 supplieetn,
3299 3394 3492 3461 ecquid

1923 3507 2026 3543 non
2062 3489 2347 3543 facientem
2390 3488 2532 3555 quod
2572 3485 2844 3552 abjectum
2879 3488 2948 3541 sit
2977 3503 3040 3540 ac
3069 3487 3310 3541 humile?
3363 3488 3495 3556 quid

1923 3598 2025 3634 non
2043 3581 2383 3650 loquentem?
2413 3579 2528 3646 eius
2551 3580 2638 3646 qui
2657 3588 2849 3643 prmter
2876 3581 3118 3632 meritum
3141 3581 3363 3631 adversa
3385 3577 3495 3632 fort-

1923 3682 2046 3725 tuua
2075 3676 2257 3736 utitur,
2287 3689 2629 3742 nequaquam
2664 3673 2974 3732 miseretur,
3010 3671 3154 3724 nttllo
3189 3672 3306 3726 loco
3332 3671 3491 3728 habet

1922 3777 2192 3829 naturam.
2219 3785 2321 3822 non
2359 3766 2609 3835 precibus
2636 3777 2899 3826 movetur,
2921 3765 3013 3817 sed
3039 3762 3488 3827 inflexibilisstat,

1921 3871 1973 3911 et
2002 3861 2381 3928 implacabilis:
2415 3875 2518 3912 non
2550 3860 2692 3912 cedit
2729 3858 3221 3926 deprecationibus,
3243 3856 3495 3925 lacrymis

1920 3967 2026 4003 non
2067 3951 2351 4019 frangitur,
2384 3961 2794 4017 perseveranter
2837 3961 3018 4017 negat.
3052 3949 3226 4006 Jurat.
3281 3963 3343 4001 ac
3389 3948 3492 4002 sibi

1923 4045 2059 4095 male
2106 4058 2352 4109 precans,
2391 4041 2616 4095 aﬂirmat
2653 4056 2839 4095 carere
2878 4059 2936 4097 se
2980 4045 3202 4112 pecunia
3248 4043 3489 4104 omnino,

1921 4149 2146 4201 seseque
2170 4136 2587 4204 circumspicere
2615 4151 2738 4188 num
2764 4151 2919 4203 quem
2948 4136 3058 4202 ipse
3079 4149 3288 4202 quoque
3319 4132 3493 4189 fume-

1922 4235 2153 4278 ratoretn
2207 4226 2465 4288 inveniat,
2516 4242 2578 4280 ac
2624 4225 2780 4279 fidem
2824 4227 3027 4280 faciens
3075 4228 3351 4280 mendacio
3399 4243 3493 4295 per

1917 4315 2243 4385 iuramenta,
2278 4315 2570 4385 periurium
2605 4333 2700 4371 ceu
2729 4318 2926 4370 tnalum
2951 4319 3233 4386 quemdam
3258 4317 3418 4385 108
3442 4326 3494 4370 et

1922 4410 2273 4464 adventitium
2308 4409 2716 4462 inhumanitatis
2746 4419 3007 4477 quzestum
3061 4408 3315 4473 acquirit.
3386 4406 3491 4460 Sed

1923 4499 2011 4552 libi
2042 4499 2130 4566 qui
2185 4506 2425 4551 mutuum
2458 4500 2670 4566 qumril,
2715 4499 2959 4552 meminit
3001 4498 3245 4560 fcenoris,
3297 4507 3349 4548 et
3400 4512 3494 4550 n0-

241 4590 504 4661 πατρῲας
551 4590 730 4658 φιλίας
776 4592 1087 4662 ἀνεμνήσθη
1138 4592 1269 4662 ('29),
1317 4595 1408 4646 καὶ
1448 4595 1652 4664 συνήθη
1699 4591 1818 4646 εἷπε

1926 4607 2044 4642 men
2108 4589 2347 4659 pignoris
2405 4591 2663 4657 protulit,
2726 4600 2849 4643 tunc
2903 4590 3138 4643 demisso
3205 4587 3496 4656 supercilio

240 4683 339 4733 καὶ
391 4681 540 4748 φίλον
614 4682 728 4742 καὶ,
787 4681 1077 4750 Ὀψόμεθα,
1140 4687 1322 4753 φησὶν,
1376 4685 1528 4737 εἵπου
1568 4687 1620 4737 τί
1670 4687 1816 4736 ἐστιν

239 4777 376 4843 ἡμῖν
406 4774 760 4843 ἀποκείμενον
790 4772 1066 4843 ἀργύριον.
1098 4776 1251 4826 Ἔστι
1286 4774 1341 4826 δὲ
1383 4776 1814 4848 παρακαταθήκη

318 4929 360 4958 ’⁷
405 4926 595 4982 Ezech.
636 4944 764 4991 xxn,
806 4928 889 4984 12.
967 4929 1011 4959 ’⁸
1053 4930 1201 4982 [)eut.
1244 4946 1394 4988 XX'll.
1450 4930 1531 4985 I9.

319 5087 430 5156 (26)
465 5089 592 5146 Reiz.
630 5091 896 5142 secundus
919 5105 1038 5139 cum
1070 5105 1223 5141 sacro
1249 5099 1391 5143 textu
1425 5089 1580 5151 τόκος
1614 5090 1703 5140 ἐπὶ
1728 5091 1809 5141 τό·

241 5176 349 5226 κιρ,
381 5158 470 5210 καὶ
503 5158 651 5221 δόλος
677 5160 769 5210 ἐπὶ
802 5159 954 5227 δόλῳ.
998 5157 1218 5211 Factum
1253 5161 1303 5211 id
1333 5169 1460 5224 puto
1505 5163 1570 5210 ab
1605 5160 1807 5226 aliquo,

242 5231 337 5294 qui
372 5229 542 5282 locum
585 5232 858 5298 propheta?
888 5231 955 5281 ob
986 5228 1169 5283 oculos
1216 5230 1459 5290 haberet,
1497 5228 1663 5283 licvre
1708 5230 1806 5283 sibi

241 5309 419 5360 ratus,
461 5300 704 5353 ordinem
747 5301 1029 5351 verborum
1064 5299 1246 5351 Basilii
1297 5309 1524 5364 mutare,
1556 5315 1621 5353 ne
1655 5299 1811 5352 aliter

245 5372 302 5423 in
339 5368 552 5439 Basilio,
584 5369 737 5423 aliter
771 5369 820 5420 in
863 5369 1115 5436 propheta
1155 5369 1435 5439 legeretur.

323 5439 432 5506 (9.7)
470 5438 560 5492 Sic
604 5440 768 5492 editio
821 5439 977 5489 Basil.
1013 5447 1065 5490 et
1100 5438 1226 5493 mss.
1277 5439 1452 5491 Editio
1502 5454 1630 5491 vero
1664 5439 1813 5491 Pari-

245 5510 442 5578 siensis
471 5510 687 5563 uberius
715 5509 993 5571 διετάξατο
1025 5508 1214 5574 λέγων’
1243 5509 1330 5578 Τῷ
1354 5509 1589 5563 αἰτοῦντί
1608 5527 1665 5561 σε
1703 5508 1810 5570 δὸς,

246 5579 343 5632 καὶ
369 5577 478 5644 τόν,
508 5589 609 5633 etc.
645 5579 748 5633 Sed
770 5579 879 5638 illa,
920 5580 997 5647 τῷ
1031 5579 1264 5632 αἰτοῦντί
1305 5577 1360 5631 σε
1401 5581 1508 5642 δός,
1543 5581 1665 5632 huic,
1699 5581 1814 5631 lucu

249 5653 431 5714 inepte
455 5661 631 5702 assuta
659 5664 776 5702 esse
795 5660 935 5714 patet
971 5649 1048 5701 vel
1077 5664 1137 5700 ex
1159 5649 1267 5716 ipsa
1301 5654 1464 5703 veteri
1503 5654 1814 5717 interpreta-

248 5723 416 5779 tione,
451 5720 502 5771 in
534 5736 637 5788 qua
671 5721 785 5773 hazc
838 5720 923 5772 illa
969 5720 1131 5772 verba
1197 5720 1386 5773 Latine
1445 5723 1647 5774 reddita
1706 5734 1809 5774 non

248 5788 416 5843 fuisse
447 5789 707 5844 videmus.

348 5859 438 5924 '28)
474 5859 648 5916 Editio
706 5860 874 5915 Paris.
930 5863 1054 5932 παρ’
1092 5861 1244 5928 ἀξίαν
1280 5862 1457 5924 κακῶς
1483 5860 1805 5930 πράττοντα.

1611 4932 1655 4962 ’9
1697 4930 1803 4984 Jcr.
1845 4947 1916 4994 ιτ,
1947 4931 1997 4984 6.

1924 4683 2184 4749 sabridet,
2223 4692 2382 4749 atque
2419 4693 2656 4752 paterna:
2707 4682 2961 4735 amicitiae
3016 4682 3235 4734 rel'ricat
3292 4695 3492 4734 memn-

1927 4777 2081 4839 riam,
2117 4791 2178 4828 ac
2219 4774 2538 4827 familiarem
2585 4784 2640 4827 et
2689 4775 2922 4826 amicum
2967 4775 3234 4842 appellat;
3279 4785 3353 4841 et,
3407 4771 3490 4825 Vi-

2079 4932 2121 4961 ³⁰
2156 4930 2293 4985 Psal.
2336 4946 2440 4992 LIV,
2480 4930 2561 4982 1'2.
2642 4931 2682 4960 ³¹
2715 4928 2899 4981 Matth.
2937 4945 2988 4988 ν,
3021 4929 3107 4983 4:2.

1915 5090 2018 5143 Sed
2071 5107 2169 5144 vox
2226 5089 2410 5151 κακῶς
2460 5091 2604 5140 deest
2661 5101 2712 5141 et
2747 5089 2796 5140 in
2852 5102 2982 5140 mss.
3033 5088 3281 5141 onmibus
3325 5095 3376 5139 et
3439 5087 3490 5138 in

1913 5162 2150 5215 editione
2179 5162 2342 5214 Basil.
2386 5157 2728 5212 Arbitramur
2774 5168 2950 5209 autem
2989 5173 3106 5210 eam
3134 5173 3346 5220 vocem,
3392 5174 3490 5209 κα-

1914 5230 2043 5293 κῶς,
2071 5232 2296 5297 pritnum
2328 5230 2378 5282 in
2413 5228 2651 5295 margine
2679 5229 2906 5292 positam
2951 5227 3143 5291 fuisse,
3169 5238 3225 5279 ιιι
3255 5241 3490 5281 monere-

1918 5312 2003 5352 tur
2036 5303 2217 5359 laetor.
2257 5299 2405 5359 illud,
2450 5299 2578 5368 παρ’
2610 5298 2788 5361 ἀξίαν,
2838 5297 2980 5349 idem
3015 5298 3102 5351 hic
3140 5297 3318 5350 valere
3348 5298 3489 5365 qmtd

1917 5371 2124 5434 κακῶς,
2175 5386 2238 5423 ac
2293 5371 2652 5436 postmodum,
2682 5368 2825 5437 quod
2857 5382 2962 5419 non
3005 5383 3128 5421 raro
3157 5368 3403 5434 contigit,
3435 5368 3487 5418 in

1920 5450 2123 5493 textum
2197 5441 2478 5507 irrepsisse
2553 5436 2846 5508 Aliquanto
2919 5447 3038 5504 post
3106 5453 3206 5490 vox
3267 5436 3490 5508 χρημά-

1916 5528 2024 5562 των
2063 5513 2211 5563 deest
2253 5511 2302 5562 iu
2351 5508 2532 5563 multis
2589 5525 2718 5560 mss.
2755 5507 3237 5572 Reperitnrtamcn
3265 5507 3320 5568 in
3357 5523 3490 5559 nou-

1919 5581 2094 5633 nullis.
2135 5580 2247 5633 Mox
2290 5580 2685 5649 Colbaqttarltls
2718 5577 3216 5649 προσκτησάμενος.
3253 5577 3490 5632 Subinde

1919 5652 2067 5701 (Jolb.
2101 5662 2318 5703 octavus
2336 5648 2636 5719 ὑποθήκην.

2138 5720 2299 5790 Major
2331 5738 2456 5802 pars
2491 5717 2621 5802 mss:
2654 5721 2916 5802 ἐμνήσθη.
2946 5719 3094 5802 Hand
3119 5720 3275 5802 longe
3297 5717 3487 5802 legitur

1920 5792 1971 5844 iu
2005 5791 2159 5844 Colh.
2215 5787 2408 5855 quarto
2444 5787 2704 5861 beatust?)
2737 5787 2859 5855 τοὺς
2885 5787 3122 5852 πόκους.
3172 5790 3313 5843 Infra
3345 5787 3484 5840 idetu

1918 5863 2080 5916 codex
2118 5861 2433 5932 αὐθαίρετον
2449 5859 2678 5923 ἐδέξατο.
