4062 6454
276 415 380 468 273

1431 419 1715 474 HOMILIA
1738 420 1781 475 11
1811 420 1876 475 IN
1916 419 2244 476 PSXLMUM
2282 420 2417 475 XIV.

2126 16 2697 24 fﬂ

3431 424 3535 478 274

278 528 455 597 Πένης
482 525 564 593 ai;
598 528 669 599 μὴ
693 529 956 594 δανείζου.
990 533 1053 585 EE
1080 532 1179 603 μὲν
1200 533 1307 604 γὰρ
1333 535 1603 605 εὐπορεῖς,
1638 537 1698 588 οὐ
1733 538 1851 608 χρῄ-

1959 538 2256 604 Argentum
2336 551 2403 590 ne
2482 551 2634 590 sume
2716 537 2940 591 (minore.
3016 535 3229 607 Pauper
3294 538 3397 593 es?
3459 539 3535 594 Ne

278 618 394 683 ξεις
441 619 836 690 δανείσματος·
905 626 953 675 εἱ
1011 624 1067 676 δὲ
1129 624 1277 678 οὐδὲν
1344 625 1507 695 ἔχεις,
1570 629 1669 681 οὐκ
1722 630 1856 681 ἀπο-

279 708 452 771 τίσεις
506 708 567 761 τὸ
619 709 846 765 δάνειον.
904 714 994 784 Μὴ
1046 713 1151 784 δῷς
1198 714 1426 769 σεαυτοῦ
1481 718 1572 770 τὸν
1617 718 1730 788 βίον
1781 722 1860 783 εἰς

277 800 715 872 ὐστεροόουλίειν,
760 807 967 876 μήποτε
1015 807 1322 880 μακαρίσῃς
1352 809 1453 872 τὰς
1494 811 1599 880 πρὸ
1634 810 1743 863 τῶν
1776 812 1861 863 τό·

279 909 389 944 κων
414 894 651 963 ἡμέρας.
691 896 806 948 Ἐνὶ
837 896 948 965 (47)
980 896 1153 967 τούτῳ
1181 898 1528 968 διαφέρωμεν
1559 901 1667 953 τῶν
1691 902 1857 953 πλου-

277 982 512 1037 τούντων
533 986 581 1038 οἱ
610 986 860 1058 πένητες.
889 991 954 1058 τῇ
984 988 1304 1060 άμεριμνίᾳ.
1348 992 1455 1043 Καὶ
1476 992 1858 1062 καταγελῶμεν

277 1074 457 1129 αὐτῶν
489 1078 923 1147 ἀγρυπνούντων,
980 1080 1134 1133 αὐτοὶ
1188 1080 1574 1146 καθεύδοντες·
1630 1083 1857 1136 καὶτῶν

279 1168 630 1223 συνεστώτων
673 1170 759 1223 del.
801 1170 891 1223 καὶ
937 1172 1350 1241 φροντιζόντων,
1404 1176 1558 1228 αὐτοὶ
1607 1177 1860 1247 ἀφροντι-

280 1258 532 1324 στοῦντες
597 1263 691 1316 καὶ
754 1262 1049 1332 ἀνειμένοι.
1125 1264 1185 1316 Ὀ
1257 1266 1435 1336 μέντοι
1484 1267 1715 1335 ὀφείλων
1768 1269 1860 1321 καὶ

277 1350 447 1420 πένης
490 1352 604 1405 ἐστὶ
651 1354 742 1405 καὶ
781 1354 1221 1426 πολυμὲριμνοςθ
1261 1359 1460 1418 ἄῦπνος
1497 1359 1731 1430 νύκτωρ,
1764 1362 1860 1414 ἄϋ-

277 1461 411 1508 πνος
447 1446 563 1517 μεθ’
602 1446 839 1516 ἡμέραν,
874 1448 1094 1513 σύννους
1133 1451 1310 1503 πάντα
1357 1452 1448 1504 τὸν
1483 1453 1707 1523 χρόνον’
1764 1454 1858 1508 νῦν

279 1539 381 1607 μὲν
405 1540 505 1609 τὴν
534 1538 725 1590 ἑαυτοῦ
761 1539 947 1593 οὐσίαν
978 1541 1417 1613 άποτιμώμενος,
1451 1544 1544 1596 νῦν
1575 1546 1629 1598 δὲ
1658 1547 1756 1609 τὰς
1780 1550 1856 1599 οἰ-

275 1629 402 1692 κίας
439 1629 537 1692 τὰς
562 1630 888 1695 πολυτελεῖς,
920 1635 1044 1696 τοὺς
1074 1636 1276 1705 ἀγροὺς
1302 1636 1409 1688 τῶν
1442 1637 1730 1702 πλουσίων,
1760 1640 1857 1705 τὰς

274 1718 512 1788 ἐσθῆτας
544 1721 651 1773 τῶν
696 1725 1150 1794 ἐντυγχανόντων,
1191 1727 1258 1779 τά
1298 1728 1466 1797 σκεύη
1496 1728 1603 1780 τῶν
1634 1731 1854 1782 ἑστιών-

274 1827 384 1862 των
574 1813 637 1866 Εί
667 1814 838 1869 ταῦτα
867 1817 973 1885 ἐμὰ
1000 1814 1087 1888 ἦν,
1126 1820 1308 1888 φησὶν,
1342 1821 1670 1890 άπεδιδόμην
1696 1824 1851 1875 τόσου

273 1900 386 1953 καὶ.
401 1902 586 1969 τόσου,
623 1906 718 1959 καὶ
746 1907 1173 1978 ἁπηλλασσόμην
1205 1909 1296 1961 τοῦ
1332 1910 1512 1963 τόκου.
1546 1912 1726 1964 Ταῦτα
1756 1913 1851 1964 αύ-
1888 1898 1924 1948 Β

272 1993 367 2045 τοῦ
425 1995 520 2049 καὶ
567 1996 782 2071 νύκτωρ
836 1999 1186 2069 ὲγκαθέζεται
1217 2004 1280 2072 τῇ
1328 2003 1549 2075 καρδίᾳ,
1592 2005 1685 2057 καὶ
1733 2004 1848 2075 μεθ’

276 2084 488 2157 ἡμέραν
513 2088 611 2153 τάς
642 2091 850 2155 ἐννοίας
876 2092 1216 2162 κατείληφεν.
1264 2096 1387 2148 Ἐάν
1412 2097 1511 2168 τὴν
1544 2098 1711 2170 θύραν
1745 2117 1849 2152 πα-

272 2177 462 2249 τάξῃς,
505 2182 533 2233 ό
574 2181 853 2252 χρεώστης
893 2182 997 2235 ὑπὸ
1049 2184 1147 2254 τὴν
1184 2184 1388 2256 κλίνην.
1436 2189 1687 2260 Σφοδρῶς
1736 2193 1849 2243 εἱσ-

272 2268 475 2340 έδραμέ
496 2289 601 2335 τις·
635 2273 728 2326 τοῦ
757 2274 812 2325 δὲ
840 2273 1106 2341 ἐπάταξεν
1138 2277 1249 2346 (49)
1280 2281 1312 2350 ή
1338 2281 1553 2351 καρδία,
1598 2283 1854 2337 Ὑλακτεῖ

271 2365 299 2416 ὁ
333 2363 508 2417 κύων;
538 2367 567 2417 ό
603 2365 659 2417 δὲ
706 2364 886 2434 ἱδρῶτι
928 2371 1293 2439 περιρρεῐται,
1340 2372 1434 2424 καὶ
1481 2373 1690 2444 ἀγωνίᾳ
1728 2391 1847 2427 συν-

271 2454 487 2524 έχεται,
525 2457 621 2508 καὶ
652 2459 978 2525 περισκοπεῖ
1016 2458 1179 2511 πόθεν
1222 2461 1390 2532 φύγῃ.
1430 2463 1596 2517 Ὅταν
1641 2468 1672 2535 ἠ
1720 2483 1851 2533 προ-

271 2546 471 2614 θεσμία
508 2545 777 2618 προσάγῃ,
814 2550 1051 2619 μεριμνᾷ
1090 2550 1143 2601 τί
1168 2548 1462 2618 ψεύσεταιθ
1509 2553 1669 2605 ποίαν
1710 2556 1849 2607 πλα-

271 2637 504 2707 σάμενος
548 2637 818 2707 πρόφασιν
856 2639 947 2692 τὸν
994 2641 1275 2714 δανειστὴν
1319 2644 1719 2713 διακρούσεται.
1763 2647 1848 2718 Μὴ

274 2729 433 2800 μόνον
465 2728 808 2799 λαμϐάνοντα
839 2732 1063 2785 σεαυτὸν
1095 2735 1283 2797 ἐννόει,
1310 2734 1443 2786 ἀλλὰ
1471 2736 1561 2787 καὶ
1587 2737 1849 2790 ἀπαιτού-

275 2837 453 2891 μενον.
499 2821 562 2873 Τί
602 2822 884 2892 πολυτόκῳ
936 2823 1110 2895 θηρίῳ
1153 2825 1263 2893 (50)
1311 2826 1531 2878 σεαυτὸν
1580 2829 1849 2898 παραζευ-

270 2912 493 2980 γνύεις;
521 2913 659 2976 Τοὺς
682 2913 926 2981 λαγωούς
953 2932 1082 2983 φασι
1108 2917 1200 2969 καὶ
1224 2918 1428 2970 τίκτειν
1456 2918 1589 2987 ὁμοῦ
1620 2921 1712 2972 καὶ
1736 2921 1852 2990 τρέ-

271 3016 394 3068 φειν
446 3003 539 3053 καὶ
582 3004 1015 3057 ἐπικυΐσκεσθαι.
1070 3006 1180 3059 Καὶ
1232 3011 1341 3069 τοῖς
1386 3008 1735 3077 τοκογλύφοις
1781 3011 1849 3065 τά

270 3093 529 3163 χρήματα
564 3093 699 3162 ὁμοῦ
733 3094 1029 3157 δανείζεται
1059 3099 1150 3149 καὶ
1176 3098 1288 3165 (51)
1324 3102 1575 3165 γεννᾶται
1600 3102 1693 3152 καὶ
1721 3102 1850 3152 ὑπο-

271 3185 483 3252 φύεται.
516 3185 680 3239 Οὖπω
708 3186 816 3256 γὰρ
845 3188 1010 3250 ἐδέξω
1049 3190 1128 3249 εἰς
1157 3193 1364 3258 χεῖρας,
1396 3192 1489 3242 καὶ
1516 3190 1606 3242 τοῦ
1645 3193 1845 3262 παρόν-

1959 646 2110 685 sume
2172 629 2379 683 ftenore
2435 640 2735 699 argentum.
2791 631 3000 683 Etenim
3053 630 3097 685 si
3158 629 3394 699 locuples
3450 647 3533 696 es,

1960 722 2089 775 nihil
2138 722 2231 775 tibi
2286 722 2492 775 fienore
2538 736 2673 790 opus
2726 734 2807 775 est
2846 741 2860 777 :
2893 723 2935 776 si
2986 737 3114 775 vero
3161 722 3292 776 nihil
3344 722 3531 786 habes,

1960 827 2064 864 non
2112 810 2312 880 pendes
2360 826 2572 863 usuras.
2624 809 2738 863 Noli
2786 822 2932 864 tuam
2978 811 3146 880 ipsius
3188 811 3350 863 vitam
3395 826 3533 864 sera:

1960 902 2289 973 ptenitetitite
2357 902 2613 970 objicere,
2692 902 2972 968 nequando
3024 902 3142 957 dies
3209 904 3297 971 qui
3356 900 3532 958 {mnus

1959 1004 2374 1062 praecesserunt,
2430 994 2617 1048 beatos
2684 993 2982 1047 existimes.
3048 991 3161 1048 Hoc
3227 1008 3335 1047 uno
3388 994 3530 1047 divi-

1961 1087 2101 1141 tibus
2161 1100 2424 1155 pauperes
2494 1102 2593 1140 nos
2645 1093 2985 1156 przestanius,
3047 1100 3300 1139 curarum
3358 1086 3532 1141 vacui-

1961 1187 2089 1232 tate.
2122 1177 2241 1231 Illos
2278 1188 2388 1229 tum
2429 1176 2731 1247 vigilantes,
2759 1184 2870 1230 tum
2905 1177 3049 1230 curis
3080 1191 3296 1244 semper
3323 1177 3532 1233 disten-

1960 1278 2042 1323 tos
2071 1284 2135 1323 ac
2169 1268 2427 1322 sollicitos
2453 1269 2762 1323 deridemus
2792 1282 2910 1328 nos,
2944 1268 3034 1335 qui
3062 1269 3380 1331 dormimus,
3411 1270 3530 1338 qui-

1958 1376 2061 1430 que
2086 1360 2451 1415 sollicitudine
2481 1374 2756 1422 caremus,
2793 1373 2854 1411 ac
2887 1358 3036 1413 liberi
3061 1372 3265 1411 sumus.
3304 1358 3525 1412 Debitor

1964 1456 2150 1522 utique
2200 1463 2254 1505 et
2302 1468 2504 1522 pauper
2548 1461 2650 1510 est,
2682 1461 2736 1505 et
2776 1452 2922 1506 curis
2976 1451 3158 1505 multis
3198 1451 3523 1505 coniicitur:

1960 1562 2145 1603 noctes
2171 1564 2233 1602 ac
2266 1550 2381 1601 dies
2422 1547 2568 1599 ducit
2601 1548 2894 1609 insomnes,
2930 1545 3072 1599 omni
3108 1554 3348 1614 tempore
3383 1545 3527 1614 cogi-

1960 1642 2159 1695 tatione
2201 1642 2427 1695 dellxus.
2483 1640 2635 1692 Nunc
2687 1638 2904 1706 quidem
2955 1639 3188 1693 mstimat
3240 1653 3326 1692 res
3368 1653 3525 1702 suas,

1959 1747 2100 1786 nunc
2128 1747 2255 1785 vero
2291 1733 2479 1786 domos
2520 1739 2883 1797 sumptuosas,
2915 1730 3142 1783 divitum
3177 1744 3354 1799 agros,
3390 1746 3527 1800 quo-

1961 1823 2209 1875 rutulibet
2235 1823 2287 1874 in
2332 1834 2681 1889 conspectum
2726 1820 3052 1873 venientium
3086 1829 3285 1885 vestes,
3319 1836 3445 1875 vasa
3475 1832 3529 1876 et

1958 1912 2342 1980 supellectilem
2387 1928 2572 1965 eorum
2616 1926 2644 1964 a
2693 1912 2890 1979 quibus
2934 1913 3184 1965 convivio
3238 1913 3523 1981 excipitur.

1960 2003 2082 2057 11ωο
2118 2004 2160 2056 si
2201 2018 2316 2055 mea
2361 2013 2563 2065 essent,
2592 2003 2781 2071 inquit,
2823 2003 2953 2055 tanti
2996 2013 3048 2056 et
3105 2004 3237 2055 tanti
3273 2004 3529 2058 divende-

1959 2109 2093 2158 rem,
2126 2104 2287 2160 atque
2329 2093 2588 2148 liberarer
2617 2093 2841 2147 ltenorc.
2876 2094 3065 2146 Isthmo
3101 2106 3153 2147 et
3183 2106 3341 2149 noctu
3378 2095 3524 2150 cordi

1957 2187 2071 2256 ejus
2114 2188 2366 2250 insident,
2399 2198 2452 2241 et
2501 2186 2731 2239 interdiu
2777 2185 2919 2238 illius
2959 2195 3225 2252 occupant
3266 2197 3522 2241 mentem.

1957 2277 2180 2332 Januam
2223 2279 2268 2331 si
2317 2278 2630 2346 pulsaveris,
2676 2277 2863 2344 irrepit
2903 2279 3001 2330 sub
3045 2278 3238 2331 lectum
3296 2277 3522 2331 debitor.

1965 2368 2227 2424 Velociter
2254 2369 2491 2421 accurrit
2522 2369 2666 2435 quis.
2692 2378 2739 2419 et
2780 2366 2923 2421 illius
2964 2383 3056 2419 cor
3088 2368 3329 2436 palpitat.
3361 2365 3526 2423 Canis

1958 2460 2154 2513 latrat?
2196 2460 2287 2513 Ille
2326 2462 2519 2512 sudore
2551 2456 2763 2522 dimuit,
2806 2466 2858 2511 et
2895 2458 3170 2511 anxietate
3203 2460 3524 2528 corripitur;

1956 2567 2169 2621 qunque
2198 2552 2278 2603 via
2317 2550 2506 2619 fugiat,
2543 2549 2830 2618 conspicit.
2888 2547 2987 2603 Ubi
3030 2550 3143 2604 dies
3176 2549 3525 2617 praescriptus

1957 2645 2140 2705 instat,
2189 2643 2349 2696 anxie
2388 2657 2575 2695 secum
2632 2651 2843 2708 reputat
2878 2640 3148 2709 quodnam
3184 2638 3426 2694 dicturus
3456 2639 3527 2693 sit

1956 2734 2326 2796 mendacium,
2360 2744 2413 2788 et
2458 2747 2567 2802 quo
2630 2732 2862 2786 conficto
2902 2742 3164 2800 praetextu
3205 2731 3527 2800 depulsurus

1960 2825 2113 2894 ιιι
2149 2841 2177 2877 a
2212 2840 2271 2879 se
2298 2824 2365 2878 sit
2396 2825 2745 2879 creditorem.
2776 2823 2889 2877 Non
2920 2836 3104 2878 autem
3140 2824 3313 2895 cogita
3350 2824 3524 2878 solum

1959 2929 2011 2973 te
2042 2920 2315 2986 accipere,
2354 2917 2445 2971 sed
2496 2916 2631 2980 lore,
2660 2927 2717 2971 ut
2762 2918 2924 2971 etiam
2962 2917 3013 2971 id
3045 2917 3185 2986 quod
3227 2917 3524 2987 acceperis.

1958 3023 1986 3061 a
2020 3019 2069 3062 te
2097 3009 2365 3076 exigatur.
2403 3006 2540 3073 Quid
2571 3007 2755 3076 teipse
2795 3007 2979 3061 bestizc
3005 3006 3400 3061 fecundissinm
3432 3007 3529 3061 ad-

1950 3099 2170 3170 jungis?
2207 3099 2440 3168 Lepores
2484 3099 2633 3151 aiunt
2676 3099 2833 3151 simul
2867 3108 2920 3152 et
2959 3113 3171 3166 parere.
3204 3110 3259 3153 et
3290 3101 3522 3164 nutrire,

1954 3199 2009 3241 et
2048 3188 2399 3255 superletare.
2444 3188 2535 3242 Sic
2578 3188 2816 3256 pecunia:
2847 3188 3261 3244 faeneratoribus
3284 3188 3444 3241 simul
3473 3198 3528 3242 et

190 3322 201 3333 .
271 3293 362 3340 τος
396 3278 561 3346 μηνὸς
594 3278 885 3350 ἁπῃτήθης
914 3279 1010 3347 τὴν
1043 3280 1324 3348 ἐργασίαν.
1358 3283 1465 3334 Καὶ
1497 3282 1654 3336 τοῦτο
1690 3260 1850 3337 πάλιν

1957 3277 2150 3331 dantur
2179 3278 2242 3329 ad
2282 3276 2589 3346 pendendas
2619 3293 2834 3340 usuras,
2861 3288 2915 3332 et
2940 3278 3250 3348 gignuntur,
3276 3287 3328 3332 et
3350 3278 3523 3347 pullu-

270 3368 568 3429 δανεισθὲν,
615 3368 800 3438 ἓτερον
852 3370 1019 3421 κακὸν
1066 3369 1342 3443 ἐξέθρεψε,
1384 3375 1604 3427 κάκεῖνο
1640 3376 1848 3447 ἓτερον,

272 3454 367 3506 καὶ
392 3454 451 3505 τὸ
494 3454 662 3505 κακὸν
700 3455 778 3517 εἰς
804 3455 1051 3525 ἄπειρον.
1092 3456 1189 3509 Διὰ
1227 3459 1383 3512 τοῦτο
1423 3461 1516 3513 καὶ
1555 3461 1655 3529 τῆς
1687 3480 1853 3533 προσ-

270 3548 499 3619 ηγορίας
526 3548 727 3619 ταύτης
768 3548 996 3618 ἠξίωται
1040 3550 1101 3602 τὸ
1145 3547 1281 3614 εἶδος
1324 3551 1483 3605 τοῦτο
1526 3552 1625 3621 τῆς
1668 3552 1852 3606 πλεον-

272 3640 441 3704 εξίας.
476 3640 644 3703 Τόκος
670 3639 800 3712 γὰρ,
832 3641 906 3703 ὡς
935 3636 1115 3711 οἶμαι,
1155 3641 1242 3694 διὰ
1268 3642 1365 3711 τὴν
1409 3642 1727 3710 πολυγονὶαν
1757 3643 1850 3696 τοῦ

272 3736 446 3788 κακοῦ
476 3736 929 3807 προσηγόρευται.
962 3735 1132 3787 Πόθεν
1170 3735 1278 3805 γὰρ
1317 3736 1571 3801 amem;
1612 3738 1680 3789 Ἣ
1714 3737 1851 3807 τάχα

272 3824 434 3887 τόκος
458 3825 671 3893 λέγεται
709 3825 794 3877 διὰ
818 3825 916 3887 τὰς
948 3825 1143 3887 ὠδῖνας
1172 3826 1265 3877 καὶ
1290 3825 1483 3888 λύπας,
1511 3827 1573 3889 ἃς
1607 3828 1851 3897 ἐμποιεῖν

275 3919 396 3979 ταῖς
446 3916 644 3985 ψυχαῖς
686 3914 793 3967 τῶν
835 3916 1236 3985 δανεισαμένων
1284 3916 1393 3985 (5‘2)
1437 3914 1699 3985 πέφυκεν.
1766 3921 1851 3982 Ὠς

272 4010 384 4079 γὰρ
435 4011 467 4077 ἡ
504 4010 631 4070 ὠδὶς
680 4011 746 4078 τῇ
792 4008 1071 4079 τικτούσῃ,
1110 4008 1282 4071 οὕτως
1344 4011 1376 4078 ή
1432 4008 1738 4078 προθεσμία
1775 4011 1850 4080 τῷ

272 4098 527 4169 ὑπόχρεῳ
557 4100 910 4169 παρίσταται.
943 4101 1111 4162 Τόκος
1152 4100 1243 4152 ἐπὶ
1273 4100 1436 4169 τόκῳ,
1467 4100 1717 4171 πονηρῶν
1760 4118 1854 4169 γο-

273 4192 411 4244 νέων
468 4191 701 4261 πονηρὸν
749 4190 989 4259 ἔκγονον.
1038 4192 1221 4244 Ταῦτα
1263 4190 1502 4259 λεγέσθω
1539 4192 1851 4261 γεννήματα

276 4283 519 4354 ἐχιδνῶν,
566 4284 633 4337 τά
679 4284 786 4336 τῶν
830 4285 1005 4337 τόκων
1060 4285 1447 4354 ἀποκυήματα.
1499 4284 1608 4347 Τάς
1640 4286 1850 4354 ἐχίδνας

274 4376 491 4443 λέγουσι
531 4378 628 4445 τὴν
670 4378 914 4449 γαστέρα
972 4378 1070 4447 τῆς
1116 4377 1322 4447 μητρὸς
1380 4375 1716 4439 διεσθιούσας
1766 4379 1849 4430 τί-

275 4466 520 4519 κτεσθαι.
564 4469 672 4519 Καὶ
705 4470 753 4519 οί
798 4470 944 4520 τόκοι
970 4470 1096 4530 τοὺς
1147 4470 1325 4530 οἴκους
1376 4467 1484 4518 τῶν
1530 4467 1850 4534 ὀφειλόντων

274 4557 605 4625 ἐκφαγόντες
634 4560 1056 4628 ἀπογεννῶνται,
1085 4560 1165 4612 Τὰ
1199 4561 1487 4629 σπέρματα
1521 4560 1695 4628 χρόνῳ
1721 4560 1848 4627 φύε-

1953 3369 2083 3424 lant.
2126 3368 2371 3422 Nondum
2423 3368 2566 3421 enim
2608 3368 2659 3422 in
2711 3385 2901 3423 mannis
2940 3372 3217 3438 accepisti,
3251 3381 3307 3423 et
3344 3382 3521 3423 tamen

1952 3463 2234 3529 przesentis
2263 3460 2462 3513 mensis
2491 3460 2698 3513 lucrum
2724 3472 3053 3529 qumstunive
3074 3479 3101 3513 a
3135 3471 3185 3515 te
3205 3474 3521 3530 exposcunt.

1956 3552 2017 3605 Et
2067 3554 2177 3605 haec
2225 3555 2448 3621 pecunia
2501 3568 2687 3607 rursus
2734 3553 2945 3607 [tenore
2994 3564 3277 3624 occupata,
3326 3554 3522 3608 malum

1953 3645 2181 3698 alterum
2214 3645 2367 3708 aluit,
2400 3655 2453 3699 et
2494 3645 2621 3699 illud
2660 3644 2910 3709 alterum,
2940 3656 3099 3713 atque
3127 3647 3205 3700 sic
3241 3645 3435 3698 malum
3471 3647 3522 3700 in

1954 3738 2244 3792 inlinitum.
2289 3740 2652 3805 Quamobrem
2692 3740 2791 3793 hoc
2837 3740 3079 3792 avaritia:
3118 3753 3289 3807 genus
3336 3754 3400 3791 eo
3429 3755 3523 3791 no-

1954 3830 2098 3882 mine
2124 3829 2443 3896 appellatur.
2476 3829 2711 3892 Etenim,
2737 3831 2946 3896 opinor,
2977 3830 3155 3892 τόκος,
3198 3830 3247 3881 id
3287 3838 3370 3881 est
3401 3844 3525 3897 par-

1956 3928 2062 3983 tus,
2113 3919 2181 3970 ob
2247 3918 2514 3985 ingentem
2572 3917 2694 3969 mali
2756 3916 3141 3971 fecunditatem
3195 3919 3521 3972 nominatur.

1954 4007 2104 4062 Unde
2134 4007 2276 4061 enim
2307 4006 2560 4060 aliunde?
2600 4008 2707 4060 Aut
2751 4007 2887 4063 forte
2936 4008 3116 4073 τόκος,
3152 4009 3253 4063 hoc
3285 4018 3369 4062 est
3398 4024 3524 4078 par-

1953 4107 2063 4165 tus,
2099 4098 2297 4151 dicitur
2335 4098 2404 4152 ob
2444 4097 2660 4153 dolores
2707 4116 2771 4153 ac
2815 4100 3111 4163 molestias,
3148 4113 3282 4166 quas
3323 4099 3521 4152 animis

1952 4204 2136 4243 eorum
2158 4189 2247 4258 qui
2278 4186 2489 4244 fmnore
2516 4200 2859 4259 acceperunt,
2893 4190 3027 4244 solet
3048 4204 3253 4243 creare.
3285 4187 3350 4244 Ut
3376 4190 3519 4242 enim

1954 4280 2297 4350 puerperium
2349 4281 2626 4350 pariturm,
2662 4283 2733 4334 ita
2771 4282 2886 4335 dies
2934 4283 3133 4335 indicta
3170 4283 3398 4336 debitori
3438 4282 3517 4333 in-

1952 4383 2077 4428 Stat.
2132 4370 2330 4425 Fienus
2369 4373 2562 4426 faenori
2612 4374 2871 4433 additum,
2921 4387 3202 4442 parentum
3258 4373 3519 4423 malorum

1955 4466 2092 4520 mala
2135 4474 2218 4518 est
2259 4466 2491 4519 suboles.
2536 4465 2595 4517 lii
2647 4468 2732 4518 isti
2772 4480 3056 4518 usurarqu
3095 4465 3232 4517 fetus
3271 4466 3523 4519 dicantur

1951 4575 2069 4614 esse
2106 4559 2388 4628 progenies
2428 4558 2751 4625 viperarum.
2803 4558 2970 4611 Aiunt
3003 4559 3238 4627 viperas,
3276 4558 3400 4612 dum
3444 4560 3524 4627 gi-

272 4665 393 4712 ται,
432 4652 524 4701 καὶ
556 4652 623 4704 τὰ
665 4651 781 4715 ζῶα
829 4652 1003 4723 χρόνῳ
1054 4650 1490 4722 τελεσφορεῖται·
1536 4653 1564 4702 ὁ
1595 4651 1650 4702 δὲ
1693 4652 1848 4719 τόκος

1954 4660 2206 4721 gnuntur,
2240 4659 2483 4703 ventrem
2512 4650 2701 4705 matris
2721 4651 3010 4706 corrodere
3038 4671 3049 4707 :
3085 4650 3260 4706 lminis
3282 4666 3519 4720 quoque,

348 4869 460 4939 (Π)
488 4868 621 4937 Reg.
649 4873 841 4924 tertius
870 4874 959 4926 ἐπί
998 4890 1093 4941 pro
1128 4873 1226 4926 ἐνί.
1263 4870 1379 4926 Mox
1414 4870 1566 4927 Culb.
1611 4882 1838 4941 quartus

274 4951 328 4997 ct
362 4940 700 5014 Reg-Sextus
724 4940 1020 5014 ἀνιέμενοι.

350 5013 463 5079 (48)
495 5011 585 5067 Sic
613 5011 743 5077 Reg.
780 5011 966 5069 sextus
985 5026 1037 5067 et
1072 5013 1223 5070 Coll).
1255 5015 1520 5081 septimus
1550 5026 1670 5064 cum
1701 5011 1845 5067 Oliv.

275 5079 419 5135 Editi
448 5098 568 5135 Cum
604 5082 785 5134 multis
813 5100 945 5135 mss.
990 5079 1514 5138 ἐσθιόντωνξΡΑιιΙΟ
1551 5092 1672 5148 post
1713 5100 1843 5138 mss.

276 5153 568 5228 nonpauci
599 5154 845 5228 πατάξῃς
874 5155 919 5207 ὸ.
960 5155 1096 5228 Editi
1130 5171 1257 5228 vero
1288 5154 1499 5224 πατάξῃ
1535 5169 1635 5228 τις,

347 5224 463 5287 (49)
494 5224 645 5278 lltluc
688 5222 860 5280 locum
892 5226 1286 5278 emendandum
1314 5240 1434 5280 esse
1452 5222 1661 5278 censuit
1683 5222 1844 5277 Com-

275 5292 518 5365 helisius,
578 5296 1063 5365 scrilietnlumque,
1093 5296 1328 5365 ἐπτόησε
1372 5310 1468 5363 pro
1522 5292 1791 5365 ἐπάταξεν
1819 5310 1832 5324 ’

276 5362 371 5414 sed
404 5361 521 5425 ejus
558 5366 919 5418 emendationi
951 5361 1138 5419 nullus
1193 5361 1292 5419 ms.
1329 5361 1492 5419 favet.
1544 5363 1662 5417 Mox
1715 5365 1842 5418 Col-

279 5431 609 5507 bertini‘duo
636 5437 830 5507 ρεἴται.
863 5435 1101 5490 Subinde
1152 5435 1283 5506 Reg.
1332 5436 1599 5491 secundus
1638 5433 1844 5507 ὠεύση-

274 5519 434 5577 ut...
448 5572 456 5577 _
473 5501 876 5577 διακρούσηται.

351 5572 628 5645 (50)7Edtti
682 5572 947 5629 et'nosn‘i
998 5591 1126 5629 mss.
1160 5574 1482 5645 πολυπλόκῳ
1513 5574 1705 5645 θηρίῳ.
1734 5573 1838 5629 Sed

277 5654 424 5714 recte
458 5644 722 5713 judicavit
764 5647 847 5697 vir
886 5646 1237 5699 doctissimus
1288 5644 1513 5699 Duc:eus
1558 5644 1835 5714 Anglicani

278 5711 557 5783 lectionem
592 5714 874 5769 πολυτόκω
926 5717 1186 5783 aptiorem
1236 5731 1375 5770 esse.
1420 5711 1681 5783 longeque
1714 5715 1837 5768 huic

281 5782 394 5834 loco
422 5788 988 5839 accommodatiorem.
1026 5786 1097 5837 Ita
1130 5788 1271 5840 enim
1306 5782 1605 5851 legendum
1627 5800 1747 5838 esse
1782 5796 1837 5837 et

279 5852 393 5922 ipsa
428 5869 602 5909 usurae
633 5857 802 5919 notio,
830 5867 884 5910 et
913 5856 1214 5925 exemplum
1236 5858 1430 5925 leporis
1461 5872 1488 5910 a
1530 5855 1723 5910 Basiiio
1758 5855 1833 5908 al-

1947 4872 2108 4924 latum
2139 4886 2241 4922 nou
2278 4871 2508 4923 obscure
2538 4870 2849 4925 ostendunt.
2883 4868 2994 4925 Nec
3019 4870 3177 4923 aliter
3209 4868 3404 4936 legisse
3442 4870 3523 4922 vi-

1946 4945 2103 4995 detur
2135 4943 2427 5007 interpres,
2456 4943 2544 5008 qui
2577 4943 2797 4993 verterit
2834 4959 2846 4993 :
2879 4941 3103 5007 [etrapida
3132 4942 3315 4991 bestia.

2017 5008 2129 5079 (5|)
2164 5011 2304 5064 Editi
2335 5020 2389 5065 el.
2423 5011 2570 5063 multi
2597 5026 2725 5063 mss.
2756 5010 2823 5063 τὰ
2841 5009 3245 5080 χρήματαὸμοῦ
3281 5009 3521 5074 δανείζε-

1944 5064 2163 5143 ταικαὶ,
2182 5090 2290 5137 etc.
2315 5081 2416 5135 Sed
2450 5081 2556 5142 illa,
2588 5081 2722 5151 ὁμοῦ
2739 5064 3060 5143 δανείζεται,
3080 5064 3271 5133 desunt
3302 5064 3521 5133 omnino

1943 5153 1996 5205 in
2047 5150 2178 5219 Reg.
2213 5153 2391 5205 tertio.
2430 5152 2795 5217 cheriuntur
2831 5152 3048 5220 quidem
3083 5152 3134 5202 itt
3182 5151 3309 5215 Reg.
3342 5161 3515 5213 sexto,

1941 5224 2034 5273 sed
2080 5224 2315 5275 secunda
2363 5237 2522 5275 manu
2565 5221 2857 5277 duntaxat.
2911 5222 3184 5290 Leguntur
3240 5222 3422 5274 itidem
3467 5222 3518 5273 in

1941 5290 2075 5359 Reg.
2111 5294 2372 5355 secundo,
2398 5294 2492 5344 sed
2520 5290 2690 5344 variis
2726 5292 2940 5359 ptlttclis
2993 5303 3173 5345 notata
3203 5299 3327 5343 Slllll
3363 5302 3379 5341 :
3412 5307 3517 5359 qua

1939 5372 2262 5431 puuctormn
2284 5361 2587 5426 adjectioue
2622 5362 2876 5415 indicavit
2900 5361 3173 5419 librarius,
3202 5360 3445 5428 quisquis
3474 5376 3520 5414 ts

1943 5443 2044 5496 est,
2073 5447 2165 5485 eas
2201 5445 2362 5485 voces
2391 5431 2651 5485 delendas
2677 5446 2816 5484 eSsc.
2856 5432 3032 5497 Quare
3059 5432 3099 5482 si
3143 5432 3266 5497 quis
3295 5431 3392 5481 has
3424 5444 3520 5483 ex-

1939 5501 2352 5579 pungere_velit,
2387 5517 2480 5579 per
2507 5516 2602 5579 nos
2645 5503 2789 5579 licet,
2818 5501 3201 5579 euquemagis,
3230 5500 3380 5579 quod
3402 5503 3517 5555 hrec

1940 5570 2100 5625 verba
2138 5573 2203 5625 ad
2236 5573 2519 5627 sententiae
2546 5572 2914 5641 integritatem
2936 5570 3065 5622 nihil
3094 5570 3272 5625 lacere
3297 5570 3517 5623 videan-

1933 5649 2037 5694 lttt‘.
2814 5674 2815 5677 π
3468 5670 3473 5673 ·

2007 5712 2119 5779 (53)
2157 5710 2307 5765 Colb.
2344 5721 2572 5779 quartus
2593 5712 2791 5781 ψυχαῖς
2816 5710 2921 5762 τῶν
2951 5709 3365 5779 δανειζομένων.
3396 5708 3511 5762 Mox

1937 5783 2063 5850 Reg.
2094 5781 2370 5879 fecundus
2396 5781 2655 5853 ὑπόχρεῳ
2682 5782 3036 5838 καθίσταται.
3082 5782 3326 5834 Subinde
3361 5782 3508 5833 mulli

1934 5871 2059 5908 mss.
2094 5868 2331 5919 εγγονον.
