4062 6458
545 383 654 438 E73

1882 397 1938 451 S.
1986 396 2222 450 BASILII
2266 395 2477 449 MAGNI
3707 397 3812 451 276

542 498 716 550 i-ro'sis
753 513 814 551 ac
857 502 1195 570 consumptis
1237 504 1537 558 debitorum
1579 508 1805 571 aedibus,
1861 512 2118 563 nasritur.

2230 513 2462 579 σήμερον
2491 511 2766 577 γεννᾶται,
2799 509 2892 561 καὶ
2927 509 3162 581 σήμερον
3185 510 3278 563 τοῦ
3312 510 3521 562 τίκτειν
3555 512 3808 581 ἄρχεται.

545 587 764 643 Semina
799 595 1056 660 temporis
1086 610 1373 662 prOgi-essu
1427 601 1754 665 germinant,
1784 609 1834 654 et
1872 602 2121 654 animalia

545 690 790 749 tempore
851 687 1152 751 praesumto
1201 691 1340 740 l'etns
1384 692 1552 742 edunt
1596 707 1761 745 suos:
1797 710 1953 746 usura
1999 710 2125 748 vero

549 771 708 825 hodie
735 784 1049 840 generatur,
1093 789 1146 831 et
1179 780 1337 832 hodie
1377 796 1570 848 parere
1611 783 1815 851 incipit.
1846 784 1974 850 Quae
2003 789 2123 838 ani-

551 863 710 916 malia
756 867 865 917 cito
920 868 1157 934 pariunt,
1207 883 1268 922 ea
1329 888 1357 922 a
1401 881 1555 938 partu
1590 874 1698 926 cito
1733 877 2042 931 desistunt:
2071 886 2126 930 at

550 950 791 1017 pecunia!
815 952 1042 1006 celerem
1077 971 1363 1010 usurarum
1399 963 1659 1026 originem
1688 974 2008 1028 consecutze,
2042 967 2122 1018 iti-

552 1041 757 1094 linitam
813 1046 1184 1099 accessionem
1241 1051 1411 1116 magis
1464 1066 1526 1103 ac
1559 1055 1729 1120 magis
1786 1069 2119 1109 crescentem

549 1133 873 1200 suscipiunt.
915 1135 1182 1205 Quidquid
1229 1141 1444 1202 crescit,
1484 1143 1569 1194 ubi
1606 1144 1671 1194 ad
1709 1149 1972 1211 propriam
2006 1162 2122 1198 nia-

551 1224 889 1289 gnitudinem
939 1232 1248 1294 pervenerit
1275 1271 1289 1290 ,
1338 1231 1536 1286 desinit
1580 1235 1763 1302 augeri
1801 1251 2123 1290 :avarorum

554 1331 682 1369 vero
714 1329 992 1387 argentum
1048 1323 1192 1375 onmi
1245 1332 1483 1392 tempore
1528 1328 1784 1395 augescit.
1839 1327 2121 1394 Animalia,

561 1409 647 1460 ubi
676 1424 784 1464 suae
814 1412 982 1466 soboli
1013 1416 1116 1466 vim
1154 1415 1565 1484 impertiverunt
1593 1420 1854 1486 pariendi,
1879 1435 2127 1489 superse-

559 1502 688 1556 dent
718 1506 1081 1571 praegnatione
1112 1522 1124 1557 :
1151 1518 1203 1560 at
1247 1508 1636 1563 faeneratorum
1675 1512 1912 1578 pecuniae
1941 1521 1992 1564 et
2028 1514 2124 1564 ad-

555 1609 841 1652 nascentes
884 1601 1116 1668 pariunt,
1166 1611 1222 1654 et
1263 1613 1476 1656 veteres
1555 1616 1900 1657 renovantur.
1954 1602 2030 1658 Ne
2072 1616 2125 1657 tu

554 1697 882 1755 portentosae
914 1691 1070 1758 hujus
1104 1692 1296 1759 bestiae.
1325 1693 1622 1758 periculum
1664 1695 1878 1747 feceris.

624 1781 677 1834 ι.
721 1781 912 1836 Liliere
941 1785 1091 1837 vides
1128 1784 1316 1837 solem.
1356 1785 1492 1851 Quid
1525 1787 1618 1840 tibi
1663 1789 1775 1853 ipse
1817 1788 2122 1841 libertatem

2225 601 2342 653 Τῶν
2367 600 2518 663 ζώων
2542 600 2607 652 τὰ
2630 601 2764 669 ταχὺ
2786 601 3034 652 τίκτοντα
3053 603 3186 670 ταχὺ
3209 601 3301 654 τοῦ
3324 604 3520 671 γεννᾷν
3546 602 3806 654 παύεται·

2223 689 2290 741 τὰ
2347 689 2403 742 δὲ
2453 691 2740 759 χρήματα,
2787 693 3005 758 ταχεῖαν
3055 690 3395 760 λαμϐάνοντα
3441 691 3536 744 τοῦ
3578 693 3804 743 πλεονα-

2225 782 2360 850 σμοῦ
2386 783 2496 851 (55)
2526 783 2623 852 τὴν
2647 781 2840 852 ἀρχὴν,
2878 781 3158 842 ἀτέλεστον
3186 783 3493 852 ἐπιδέχεται
3521 784 3622 853 τὴν
3644 785 3725 845 εὶς
3745 784 3807 834 τὸ

2226 871 2406 923 πλεῖον
2444 874 2778 944 προσθήκην.
2823 875 2940 927 Τῶν
2971 874 3347 944 αὐξανομένων
3378 875 3631 936 ἕκαστον,
3661 877 3808 926 ἐπει-

2225 964 2319 1016 δάν
2366 965 2498 1034 πρὸς
2542 967 2600 1018 τὸ
2637 969 2831 1019 οἰκεῖον
2879 967 3142 1035 ἀφίκηται
3190 966 3436 1036 μέγεθος,
3487 967 3588 1036 τῆς
3633 967 3804 1036 αὐξή-

2140 1101 2150 1112 .
2227 1073 2364 1120 σεως
2395 1058 2643 1110 ἵσταται·
2689 1059 2749 1112 τὸ
2799 1059 2855 1112 δὲ
2897 1057 3004 1110 τῶν
3049 1056 3381 1110 πλεονεκτῶν
3425 1057 3693 1128 ἀργύριον
3725 1057 3804 1126 τῷ

2227 1149 2404 1218 χρόνῳ
2457 1149 2617 1202 παντὶ
2653 1150 3116 1221 συμπαραύξεται.
3171 1150 3249 1202 Τὰ
3303 1149 3435 1212 ζῶα,
3490 1150 3804 1218 παραδόντα

2226 1243 2336 1303 τοῖς
2366 1241 2606 1307 ἐγγόνοις
2629 1241 2689 1293 τὸ
2717 1243 2937 1304 τίκτειν,
2974 1243 3113 1296 αὐτά
3147 1247 3244 1313 τῆς
3271 1244 3516 1312 κυήσεως
3541 1242 3799 1294 παύεται·

2225 1329 2294 1382 τά
2340 1330 2395 1383 δὲ
2438 1330 2545 1382 τῶν
2587 1330 2876 1384 δανειστῶν
2909 1333 3145 1404 ἀργύρια
3196 1335 3289 1385 καὶ
3324 1333 3393 1384 τὰ
3442 1333 3804 1400 ἐπιγινόμενα

2226 1423 2398 1475 σιίκτει
2419 1464 2432 1484 ,
2463 1425 2557 1476 καὶ
2595 1425 2662 1476 τά
2694 1425 2893 1494 ἀρχαῖα
2919 1426 3114 1489 νεάζει.
3155 1427 3245 1496 Μὴ
3293 1425 3355 1477 σύ
3386 1440 3449 1492 γε
3484 1425 3568 1486 εἰς
3602 1426 3804 1492 πεῖραν

2227 1514 2396 1576 ἔλθοις
2428 1516 2522 1566 τοῦ
2557 1514 2840 1566 ἀλλοκότου
2873 1515 3058 1566 τούτου
3091 1516 3155 1585 θη
3167 1517 3299 1585 ρίου.

2298 1789 2351 1841 4.
2405 1788 2710 1858 Ἐλεύθερον
2760 1787 2871 1857 (54)
2917 1787 3047 1858 ὁρᾷς
3104 1785 3194 1838 τὸν
3243 1786 3410 1855 ἥλιον.
3467 1787 3532 1839 Τί
3583 1787 3803 1855 φθονεῖς

555 1875 678 1926 vita:
711 1875 962 1927 invides?
996 1874 1140 1942 Pngil
1196 1878 1371 1930 nullus
1411 1893 1562 1945 atque
1611 1879 1906 1931 adversarii
1941 1879 2122 1948 plagas

2230 1881 2435 1950 σεαυτῷ
2487 1881 2584 1948 τῆς
2634 1881 2943 1951 παρρησίας
2998 1878 3090 1932 τοῦ
3149 1878 3296 1948 βίου;
3353 1879 3542 1941 Οὐδεὶς
3581 1881 3803 1949 πύκτης

557 1966 896 2034 siibterl'ugit,
935 1982 997 2019 ac
1031 1966 1244 2019 debitor
1276 1971 1564 2022 creditoris
1603 1985 1908 2034 occursum,
1941 1971 2121 2024 occul-

557 2069 667 2112 tato
707 2074 843 2126 pone
886 2059 1167 2112 columnas
1204 2074 1267 2112 ac
1318 2075 1504 2112 muros
1553 2061 1747 2127 capite.
1801 2061 1888 2123 At,
1923 2062 2119 2126 inquis,

555 2156 822 2221 qniimodo
853 2155 1099 2206 nutriar?
1132 2155 1314 2207 Manus
1347 2156 1533 2218 habes,
1570 2155 1736 2209 habes
1781 2165 1982 2218 artem;
2010 2156 2124 2208 Iura

555 2259 777 2310 cperam
830 2254 975 2296 tuam
1034 2244 1166 2297 lucri
1213 2246 1420 2311 gratia,
1470 2247 1712 2299 ministra
1744 2266 1756 2300 :
1787 2248 1949 2298 multa
2003 2257 2124 2300 sunt

557 2337 780 2404 parandi
825 2338 998 2391 victus
1027 2338 1270 2401 consilia,
1302 2341 1617 2392 occasiones
1647 2339 1849 2392 multae.
1892 2338 2018 2393 Idne
2053 2341 2127 2392 la-

555 2447 682 2484 cere
710 2445 812 2484 non
857 2430 1046 2497 potes?
1079 2429 1204 2483 Pete
1239 2446 1265 2481 a
1307 2431 1724 2498 possidentibus.
1758 2435 1837 2483 A.n
1871 2439 2021 2498 turpe
2047 2442 2127 2483 est

558 2522 860 2590 postulare?
889 2520 1124 2589 Turpius
1173 2523 1357 2587 utique
1405 2521 1564 2571 luerit
1627 2520 1948 2573 creditorem
1990 2521 2128 2573 datis

559 2612 754 2666 l‘mnori
787 2612 1031 2679 pecuniis
1055 2610 1391 2663 defraudare.
1423 2609 1535 2662 Non
1577 2611 1688 2664 haec
1719 2612 1838 2662 dico
1866 2610 2125 2680 proferto,

559 2703 729 2770 legem
760 2713 816 2754 ut
847 2703 1036 2762 feram,
1075 2702 1168 2754 sed
1223 2709 1279 2753 ut
1331 2701 1630 2762 ostendam,
1659 2701 1837 2752 omnia
1875 2701 1963 2754 tibi
1999 2703 2127 2754 tole-

557 2792 808 2846 rabiliora
837 2806 973 2853 esse,
1005 2808 1163 2857 quam
1200 2801 1477 2859 argentum
1506 2791 1710 2844 fcieuore
1732 2807 1964 2845 sumere.
1998 2792 2127 2845 Fur-

557 2885 696 2938 mica
737 2884 838 2936 etsi
889 2898 1063 2950 neque
1100 2883 1390 2941 mendicat.
1435 2897 1604 2949 neque
1641 2899 1887 2935 nummos
1922 2882 2127 2936 fit-nom

559 2974 782 3042 act-ipit,
819 2981 993 3040 potest
1038 2981 1214 3023 tamen
1269 2971 1460 3023 nutriri
1492 2987 1503 3022 :
1533 2973 1650 3038 apis
1685 2972 1866 3022 itidem
1915 2973 2128 3038 regibus

558 3067 788 3132 largitur
820 3064 1061 3116 alimenti
1112 3064 1192 3116 sui
1231 3063 1482 3131 reliquias
1515 3077 1529 3114 :
1563 3063 1760 3131 quibus
1802 3073 1978 3115 tamen
2031 3078 2128 3115 nec

561 3173 771 3218 manus,
816 3172 916 3210 nec
956 3167 1100 3208 artes
1145 3156 1413 3208 concessit
1449 3167 1662 3208 natura.
1709 3153 1785 3207 Tu
1821 3169 1944 3207 vero
1977 3155 2128 3206 indu-

560 3248 752 3300 strium
787 3247 986 3298 animal
1023 3246 1209 3303 homo,
1258 3247 1395 3297 inter
1443 3257 1590 3297 artes
1613 3261 1800 3298 omnes
1851 3261 2008 3297 unam
2060 3247 2126 3298 ad

564 3337 968 3402 transigendam
1003 3335 1166 3384 vitam
1200 3349 1303 3384 non
1331 3334 1604 3400 reperies?
1637 3334 1947 3400 Quanquam
1981 3335 2128 3388 vide-

563 3443 680 3480 inus
699 3442 802 3478 non
832 3423 1259 3477 necessariorum
1289 3425 1498 3491 indigns
1522 3423 1586 3474 ad
1611 3423 1784 3475 lienus
1806 3426 2124 3494 confugere:

561 3534 736 3586 neque
767 3516 910 3568 enim
932 3528 1054 3567 sunt
1078 3515 1169 3583 qui
1199 3514 1276 3566 eis
1306 3516 1531 3566 credant
1560 3528 1573 3565 :
1605 3527 1658 3564 at
1682 3512 1886 3565 {introre
1917 3524 2131 3568 sumunt

561 3609 843 3678 pecuniam
877 3608 1140 3667 homines,
1181 3607 1270 3673 qui
1309 3605 1467 3672 112
1496 3621 1553 3658 se
1581 3605 1630 3657 in
1670 3605 1901 3658 laxiores
1927 3606 2130 3673 impen-

561 3719 652 3758 sas
683 3715 738 3756 et
773 3703 822 3754 in
858 3702 1039 3754 luxum
1075 3699 1318 3752 inutilem
1350 3700 1650 3759 ellundunt,
1693 3700 1725 3750 ii
1761 3697 2008 3750 videlicet
2041 3699 2128 3762 qui

563 3811 622 3848 se
649 3793 1001 3847 muliebribus
1024 3791 1387 3853 voluptatibus
1421 3790 1747 3857 mancipant.
1785 3788 2020 3857 lndigeo,
2048 3790 2131 3841 iti-

566 3887 684 3954 quit
718 3886 830 3946 illa,
872 3884 1065 3936 vestitu
1104 3896 1436 3947 sumptuoso,
1472 3892 1524 3933 et
1555 3897 1733 3949 aureis
1760 3882 1898 3935 vasis
1927 3899 1939 3932 :
1974 3891 2132 3950 egent

567 3976 660 4028 lilii
700 3975 909 4028 decenti
954 3985 1007 4024 et
1056 3973 1154 4025 sibi
1199 3972 1540 4024 convenienti
1571 3971 2006 4024 vestimentorum
2040 3987 2132 4023 or-

566 4078 821 4120 namento
849 4078 863 4118 :
897 4065 1027 4134 quin
1063 4065 1223 4117 etiam
1275 4063 1460 4116 lamnli
1495 4063 1699 4115 llo-ridis
1730 4074 1784 4115 et
1816 4064 1963 4117 vario
1988 4064 2135 4117 colo-

566 4172 624 4209 re
673 4155 943 4208 distinctis
995 4155 1230 4206 vestibus
1276 4161 1399 4204 sunt
1447 4151 1696 4204 induendi
1731 4153 1913 4205 :lauta
1951 4171 2130 4207 mensa

565 4245 891 4300 exstruenda
951 4256 1050 4297 est.
1111 4246 1209 4310 Qui
1263 4245 1386 4296 talia
1446 4245 1656 4298 mulieri
1735 4245 2026 4306 ministrat,
2063 4247 2130 4300 ad

569 4340 880 4406 trapezitam
919 4338 1082 4402 venit,
1111 4348 1162 4390 et
1195 4336 1503 4404 priusquam
1554 4346 1774 4404 accepta
1822 4348 2004 4390 utatur
2035 4353 2129 4406 pe-

565 4431 747 4492 cunia,
784 4429 945 4480 alimn
979 4444 1041 4480 ex
1077 4430 1180 4480 alio
1214 4428 1488 4478 dominmn
1527 4436 1716 4490 mutat,
1758 4438 1920 4495 atque
1965 4428 2133 4483 fmue~

2225 1971 2364 2023 οὕτω
2391 1970 2490 2032 τὰς
2520 1970 2728 2039 πληγὰς
2760 1969 2852 2021 τοῦ
2886 1967 3286 2036 ἀνταγωνιστοῦ
3316 1969 3633 2036 ὑποφεύγει,
3667 1971 3745 2032 ὠς
3773 1973 3803 2023 ὁ

2226 2062 2606 2130 δανεισάμενος
2633 2062 2726 2112 τοῦ
2757 2063 2990 2132 χρήστου
3028 2061 3139 2130 (55)
3177 2061 3272 2122 τάς
3318 2061 3628 2128 συντυχίας,
3662 2063 3804 2129 πρὸς

2228 2153 2410 2214 κίονας
2452 2151 2545 2204 καὶ
2590 2150 2799 2220 τοίχους
2833 2152 3178 2215 ἀποσκιάζων
3226 2151 3323 2221 τὴν
3376 2150 3638 2219 κεφαλήν.
3676 2152 3804 2215 Πῶς

2225 2237 2318 2292 οὖν
2348 2239 2646 2308 διατραφῶ,
2677 2241 2838 2308 φησίν
2865 2257 2878 2304 ;
2915 2241 3094 2308 Ἔχεις
3124 2244 3313 2310 χεῖρας
3333 2280 3346 2303 ,
3391 2241 3532 2310 ἔχεις
3565 2240 3766 2310 τέχνην
3785 2257 3801 2272 ⁶

2229 2329 2542 2402 μισθαρνοῦ,
2579 2330 2847 2384 διακόνει·
2882 2331 3072 2382 πολλαὶ
3102 2331 3332 2383 ἐπίνοιαι
3364 2330 3457 2383 τοῦ
3491 2330 3632 2399 βίου,
3667 2332 3802 2383 πολ-

2225 2423 2313 2474 λαὶ
2346 2422 2608 2492 ἀφορμαί.
2656 2422 2792 2473 Ἀλλ’
2822 2421 3095 2484 ἀδυνάτως
3127 2422 3301 2492 Epig;
3333 2421 3617 2493 προσαίτει
3649 2423 3804 2491 παρά

2226 2513 2334 2564 τῶν
2361 2514 2730 2582 κεκτημένων.
2775 2513 2910 2566 Ἀλλ’
2935 2514 3157 2584 αἰσχρὸν
3188 2514 3248 2566 τὸ
3272 2515 3472 2576 αἱτεῖν;
3504 2514 3806 2583 Αἰσχρότε-

2229 2622 2320 2674 ρον
2358 2604 2453 2673 μὲν
2483 2600 2572 2656 οὖν
2606 2605 2667 2655 τὸ
2695 2605 3075 2674 δανεισάμενον
3107 2607 3444 2676 ἀποστερεῖν.
3475 2607 3548 2660 Οὐ
3581 2607 3802 2668 πάντως

2227 2696 2527 2766 νομοθετῶν
2571 2696 2738 2747 ταῦτα
2775 2697 2935 2761 λέγω,
2971 2697 3079 2748 ἀλλ’
3121 2699 3435 2761 ὑποδεικνὺς
3459 2739 3470 2759 ,
3501 2700 3582 2751 ὅτι
3620 2699 3805 2751 πάντα

2229 2806 2310 2841 σοι
2339 2787 2430 2841 τοῦ
2475 2785 2807 2849 δανείζεσθαι
2842 2787 3196 2856 φορητότερα.
3241 2789 3298 2839 '0
3334 2788 3556 2858 μύρμηξ
3590 2790 3689 2856 μὲν
3713 2791 3805 2840 δύ-

2227 2899 2403 2941 ναται,
2443 2881 2577 2950 μήτε
2613 2877 2940 2950 προσαιτῶν,
2980 2879 3113 2946 μήτε
3144 2877 3516 2947 δανειζόμενος
3537 2918 3550 2941 ,
3581 2879 3804 2949 6-419-9-

2229 2973 2420 3040 φεσθαι
2442 2990 2453 3002 ·
2493 2973 2581 3025 καὶ
2625 2971 2850 3040 μέλισσα
2885 2969 2951 3022 τά
2984 2969 3208 3037 λείψανα
3235 2970 3333 3038 τῆς
3357 2971 3563 3033 οἰκείας
3594 2973 3804 3041 τροφῆς

2231 3063 2502 3131 βασιλεῦσι
2531 3062 2810 3132 χαρίζεται
2833 3077 2845 3091 ’
2883 3056 2962 3124 οἷς
3004 3059 3125 3113 οὔτε
3153 3063 3361 3130 χεῖρας,
3397 3059 3519 3111 οὗτε
3543 3061 3739 3129 τέχνας
3769 3065 3800 3130 ὴ

2231 3152 2390 3220 φύσις
2424 3152 2652 3203 ἔδωκεν·
2707 3153 2766 3203 σὺ
2808 3153 2863 3204 δὲ
2898 3153 2955 3203 τι)
3005 3152 3307 3222 εὐμήχανον
3351 3151 3486 3214 ζῶον
3528 3153 3554 3204 ό
3594 3152 3807 3224 ἀνθρω-

2231 3260 2328 3304 πος
2361 3241 2487 3312 μίαν
2518 3240 2624 3291 τῶν
2657 3241 2842 3291 πασῶν
2872 3243 3117 3312 μηχανὴν
3139 3243 3234 3311 οὐχ
3259 3243 3510 3312 εὑρήσεις
3540 3240 3676 3312 πρὸς
3876 3295 3886 3308 ,

2231 3336 2320 3387 τοῦ
2371 3333 2484 3402 βίον
2528 3334 2828 3402 διαγωγήν;
2884 3335 3074 3386 Καίτοι
3117 3337 3328 3405 ὁρῶμεν
3372 3337 3492 3405 οὐχὶ
3525 3338 3650 3399 τοὺς
3694 3337 3804 3388 τῶν

2229 3422 2539 3490 ἀναγκαίων
2579 3422 2778 3483 ἐνδεεῖς
2820 3422 3146 3490 ἐρχομένους
3182 3426 3272 3475 ἐπὶ
3301 3424 3362 3476 τὸ
3394 3427 3602 3478 δάνειον
3639 3428 3803 3494 (οὐδὲ

2228 3513 2334 3582 γὰρ
2374 3514 2556 3582 ἔχουσι
2618 3513 2743 3573 τους
2796 3512 3222 3582 πιστεύοντας),
3273 3516 3408 3568 ἀλλὰ
3463 3518 3801 3581 δανείζονται

2230 3606 2520 3677 ἄνθρωποι,
2585 3606 2848 3668 δαπάναις
2905 3606 3219 3674 ἀνειμέναις
3273 3608 3366 3659 καὶ
3430 3610 3802 3673 πολυτελείαις

2231 3697 2497 3766 ἀκάρποις
2547 3696 2770 3758 ἑαυτοὺς
2805 3696 3148 3758 ἐπιδιδόντες,
3188 3699 3234 3749 οἱ
3290 3700 3626 3764 γυναικείαις
3675 3703 3803 3768 ἡδυ-

2232 3791 2481 3852 παθείαις
2515 3788 2871 3851 δουλεύοντες.
2932 3789 3119 3858 Ἐμοὶ,
3156 3789 3339 3860 φησιν,
3385 3790 3586 3857 ἐσθῆτα
3639 3791 3802 3841 πολυ-

2231 3881 2356 3948 τελῆ
2409 3884 2501 3933 καὶ
2534 3883 2761 3952 χρυσία,
2797 3885 2906 3945 τοῖς
2957 3883 3186 3944 παιδίοις
3220 3883 3421 3952 κόσμον
3469 3882 3652 3944 αὐτοῖς
3687 3882 3798 3950 (δῦ)

2232 3970 2476 4040 εὐπρεπῆ
2506 3973 2612 4025 τῶν
2652 3972 2980 4042 ἐνδυμάτων,
3012 3972 3145 4025 ἀλλά
3175 3975 3269 4025 καὶ
3302 3977 3412 4036 τοῖς
3440 3974 3678 4035 οἰκέταις
3712 3976 3803 4024 ἁν-

2233 4062 2351 4114 (έινόι
2398 4064 2488 4114 καὶ
2523 4063 2738 4115 ποικίλα
2770 4064 2838 4115 τὰ
2883 4065 3236 4133 περιϐόλαια,
3273 4069 3334 4135 τῇ
3371 4067 3615 4136 τραπέζῃ
3649 4067 3802 4133 δαψί-

2231 4153 2397 4205 λειαν.
2467 4152 2522 4203 Ὀ
2569 4153 2636 4204 τὰ
2670 4153 2892 4205 τοιαῦτα
2943 4155 3266 4224 λειτουργῶν
3311 4159 3530 4222 γυναικὶ
3572 4158 3664 4208 ἐπὶ
3709 4160 3800 4210 τὸν

2231 4243 2558 4316 τραπεζίτην
2587 4244 2823 4315 ἔρχεται,
2856 4247 2948 4298 καὶ
2978 4246 3104 4315 πρὶν
3126 4247 3429 4314 χρήσασθαι
3456 4249 3567 4309 τοῖς
3589 4249 3802 4316 ληφθεῖ-

2234 4357 2352 4398 σιν,
2400 4337 2554 4392 ἄλλον
2603 4338 2660 4403 ἐξ
2717 4338 2873 4389 ἄλλου
2931 4338 3329 4408 μεταλαμϐάνει
3375 4339 3662 4406 δεσπότην,
3710 4343 3802 4392 καὶ

2236 4427 2608 4498 μετενδεσμῶν
2651 4429 2735 4480 ἀεὶ⁸
2779 4430 2901 4490 τοὺς
2925 4427 3259 4490 δανείζοντας
3280 4469 3293 4491 ,
3327 4431 3389 4498 τῇ
3434 4430 3682 4499 συνεχείᾳ
3707 4430 3799 4482 τοῦ

571 4532 783 4573 ratores
814 4520 948 4572 alios
997 4520 1118 4572 aliis
1155 4534 1364 4588 semper
1413 4518 1729 4586 adjungens,
1762 4521 2014 4572 continua
2046 4521 2128 4572 illa

2235 4520 2402 4572 mth
2442 4519 2628 4588 φεύγει
2656 4520 2753 4588 τῆς
2801 4521 3029 4591 ἀπορίας
3059 4519 3146 4570 τὸν
3177 4520 3416 4589 ἔλεγχον.
3465 4522 3571 4574 Καὶ
3615 4521 3801 4592 ῶσπερ

569 4614 692 4667 mali
722 4613 1063 4666 successione
1092 4621 1382 4676 egestatem
1419 4613 1564 4677 tegit.
1590 4610 1655 4662 Et
1685 4612 2129 4678 quemadmodum

569 4707 846 4777 liydmpici
895 4705 1132 4772 suspecti
1174 4715 1299 4755 sunt
1343 4703 1407 4755 de
1467 4703 1693 4770 plurima
1733 4703 2018 4767 obesitate,
2055 4704 2134 4756 sic

568 4811 620 4852 et
651 4798 751 4851 iste
775 4797 982 4849 videtur
1007 4811 1128 4848 esse
1158 4794 1327 4857 dives,
1354 4809 1563 4862 semper
1594 4794 1890 4862 accipiens,
1915 4805 1968 4846 et
1997 4809 2132 4848 scm-

645 4977 756 5042 (55)
793 4974 900 5027 Vox
940 4976 1280 5047 πλεονασμός
1307 4978 1358 5030 in
1388 4977 1558 5029 sacris
1594 4977 1814 5032 Litteris
1844 4979 2135 5046 signiﬁea',

575 5049 626 5101 id
667 5049 806 5112 quod
850 5059 1044 5111 praeter
1084 5063 1312 5100 sortcni'
1349 5048 1627 5113 accipitur.
1681 5049 1809 5101 Vide
1841 5066 1959 5114 cap.
2023 5063 2134 5101 xxii

575 5117 893 5188 Ezechielis.
924 5116 1051 5188 Mox
1091 5119 1238 5184 licgii
1282 5123 1550 5170 secundus
1586 5127 1638 5170 et
1683 5131 1866 5171 sextus
1915 5117 2139 5188 αὐξομέ-

574 5204 694 5240 νων.
727 5185 866 5237 Infra
912 5186 1061 5238 Coll).
1099 5202 1321 5257 octavus
1345 5188 1724 5257 ἐπιγενόμενα.
1758 5187 1956 5241 Ibidem
1989 5185 2138 5243 multi

575 5276 703 5327 mss.
739 5259 817 5317 εἰς
848 5259 1042 5324 πεῖραν
1076 5256 1255 5327 ἔλθῃς.

645 5325 917 5398 (5t)_b‘diti
947 5340 999 5378 et
1039 5325 1381 5380 mssfomnes
1412 5327 1830 5398 ἐλεύθερονδθιί
1861 5327 2137 5394 legendum

574 5413 696 5451 esse
731 5396 1010 5466 ἐλεύθερος
1060 5408 1253 5462 putant
1291 5399 1386 5449 \iri
1423 5396 1743 5459 doctissimi,
1778 5400 2045 5464 iidemque
2074 5401 2138 5450 de

575 5465 775 5519 Basilio
827 5481 1010 5518 n0stro
1061 5479 1263 5525 oatime
1313 5470 1487 5519 meriti
1527 5469 1751 5521 Dircaeus
1788 5481 1840 5522 et
1877 5469 2139 5521 Combeli-

575 5537 685 5589 sius
709 5550 932 5599 quorum
987 5539 1265 5590 sententi:e
1303 5547 1542 5590 nostratui
1599 5539 1859 5591 calculum
1905 5539 2133 5589 addere-

579 5622 694 5658 tnus
728 5606 868 5658 hami
897 5608 1071 5669 inviti,
1104 5607 1146 5658 si
1183 5609 1260 5660 vel
1291 5623 1430 5660 unus
1470 5624 1567 5660 ms.
1592 5610 1716 5660 huic
1747 5608 1956 5661 lectioni
1993 5607 2140 5657 fave-

579 5686 676 5728 rat.
709 5678 809 5728 Sed
829 5692 950 5730 cum
969 5680 1142 5730 uultus
1165 5680 1210 5730 ei
1231 5681 1396 5731 codex
1427 5678 1770 5745 sullragetur,
1794 5694 1973 5730 vocem
2000 5677 2142 5729 ἐλεύ-

577 5745 732 5815 θερον
791 5749 1121 5798 retinendant
1171 5748 1386 5815 quidem
1425 5751 1755 5810 censuimus,
1807 5749 1899 5801 sed
1941 5749 2032 5810 ita,
2087 5757 2141 5800 ut

579 5835 696 5874 eam
729 5817 1111 5873 adverbialiter
1142 5819 1576 5886 interpretemur.

2241 4611 2288 4660 οἱ
2336 4609 2649 4680 ὑδεριῶντες
2692 4612 2746 4662 ἐν
2782 4610 3003 4678 ὑπονοίᾳ
3038 4608 3401 4679 πολυσαρκίας
3452 4612 3610 4671 εἰσὶν,
3662 4611 3803 4662 οὕτω

2239 4704 2331 4754 καὶ
2363 4699 2513 4764 οὗτος
2539 4706 2594 4755 ἐν
2625 4703 2892 4771 φαντασίᾳ
2924 4704 3234 4770 περιουσίας
3262 4704 3515 4772 ὑπάρχει,
3559 4704 3642 4755 ἀεὶ
3668 4702 3803 4771 λαμ-

2240 4794 2437 4858 ϐάνων,
2493 4794 2585 4846 καὶ
2621 4795 2706 4846 ἀεὶ
2753 4793 2946 4856 διδους,
2992 4795 3083 4846 καὶ
3118 4797 3180 4847 ἐκ
3223 4793 3328 4844 τῶν
3376 4793 3644 4862 δευτέρων
3691 4794 3803 4846 δια-

2315 4979 2424 5047 (55)
2458 4979 2550 5032 llic
2575 4978 2784 5031 variant
2815 4981 2939 5033 editi
2977 4987 3030 5031 et
3062 4993 3190 5030 mss.
3222 4978 3359 5031 inter
3389 4994 3466 5031 se.
3495 4978 3670 5031 Editio
3702 4979 3796 5029 Pa-

2246 5050 2339 5101 ris.
2379 5064 2431 5102 et
2480 5051 2642 5102 (Zoisl.
2681 5049 2772 5101 τοῦ
2827 5047 3120 5101 δανειστοῦ.
3159 5049 3255 5100 Alii
3317 5066 3443 5102 mss.
3504 5048 3798 5115 χρεώστου,

2247 5120 2379 5172 alter
2409 5121 2688 5190 χρεόστου,
2721 5121 2869 5170 (lolii.
2911 5130 3134 5190 quartus
3179 5118 3436 5190 χρηστοῦ.
3462 5117 3618 5190 λιιρμγ
3651 5134 3802 5182 quar-

2249 5200 2330 5240 tus
2363 5186 2588 5242 ct’Colb.
2627 5193 2882 5254 septimus
2910 5204 3028 5240 cum
3065 5186 3296 5240 editione
3333 5187 3498 5238 liasil.
3528 5186 3621 5237 τοῦ
3671 5191 3803 5257 χρή-

2249 5275 2396 5311 στου.
2430 5260 2555 5309 Seio
2587 5260 2799 5320 quidem
2853 5259 2982 5310 nihil
3037 5259 3101 5309 ad
3142 5274 3362 5310 sensum
3413 5258 3638 5318 referre,
3684 5272 3800 5310 ntro

2248 5333 2366 5394 quis
2393 5329 2554 5379 modo
2587 5327 2793 5393 legerit,
2846 5327 3120 5380 δανειστοῦ
3152 5345 3216 5379 an
3241 5329 3473 5397 χρήστου
3505 5343 3518 5354 ·
3549 5330 3802 5397 arbitror

2249 5409 2426 5451 tamen
2467 5398 2852 5469 legi_oportere
2896 5401 3154 5469 χρήστου,
3191 5415 3286 5451 nec
3335 5396 3490 5469 aliter
3545 5396 3799 5451 Basiliam

2246 5469 2545 5536 scripsisse.
2579 5467 2736 5525 Nam,
2769 5477 2822 5520 ut
2875 5467 2944 5520 ex?
2981 5467 3137 5520 dictis
3167 5480 3331 5534 patet,
3370 5468 3515 5520 inulti
3553 5485 3681 5520 mss.
3713 5480 3804 5519 aut

2244 5554 2360 5589 eam
2397 5553 2579 5590 vOCem
2611 5539 2769 5604 plane
2800 5541 3076 5597 exhibent,
3103 5549 3357 5591 anteet-te
3385 5538 3566 5601 aliam,
3595 5555 3712 5608 qua:
3739 5540 3801 5590 ab

2244 5608 2354 5676 ipsa
2389 5624 2489 5658 non
2530 5610 2598 5658 ita
2627 5613 2847 5660 nmltuui
2881 5609 3096 5662 recedit.

2314 5676 2425 5745 (56)
2462 5678 2567 5730 Vox
2597 5677 2778 5740 αὐτοῖς
2817 5681 2966 5730 deest
2997 5679 3045 5729 in
3073 5678 3339 5743 plerisque
3364 5692 3488 5729 mss,
3527 5676 3645 5729 Mox
3682 5687 3802 5728 0cm

2246 5764 2374 5802 mss.
2414 5763 2531 5798 cum
2562 5749 2796 5798 editione
2831 5746 2991 5804 Basil.
3025 5749 3116 5800 καὶ
3141 5746 3356 5800 ποικίλα
3380 5747 3465 5801 τὲ.
3495 5748 3674 5801 Editio
3708 5747 3805 5800 ιὐι

2249 5823 2338 5874 ris.
2377 5817 2622 5869 ποικιλτὰ
2657 5818 2834 5883 περιϐ.
