4062 6482
344 412 448 462 277

1485 411 1825 466 HOMILIAII
1855 414 1920 468 IN
1956 413 2281 467 PSALMUM
2319 415 2458 469 XIV.
3469 410 3568 462 27'!

348 518 488 576 λύων
540 526 652 598 (57)
703 527 771 579 τὰ
827 525 1124 593 φθάσαντα,
1169 525 1263 594 τὴν
1319 525 1452 595 πρὸς
1508 528 1567 580 τὸ
1618 527 1911 598 λαμϐάνειν

2021 545 2116 595 per
2147 532 2301 593 dans,
2339 537 2393 580 et
2420 543 2481 580 ex
2517 529 2906 596 pOSIQHOI'IIbllS
2937 526 3114 594 priora
3153 523 3472 585 dissolvmts,
3500 543 3510 574 :
3537 536 3576 578 ι.

347 617 687 680 ἀξιοπιστίαν
721 620 783 668 ἐκ
810 616 910 686 τῆς
951 619 1041 670 τοῦ
1085 616 1255 669 κακοῦ
1293 620 1571 688 συνεχείας
1603 621 1911 690 περιποιού-

349 725 508 778 μενος
540 709 736 775 ἐαυτῷ.
782 703 909 762 Εἶτα
939 709 1126 776 ὥσπερ
1161 708 1252 760 ἐπὶ
1278 709 1377 777 τῆς
1406 711 1630 781 χολέρας
1659 711 1708 762 οἱ
1739 711 1797 763 τὸ
1827 713 1911 764 ἀεὶ

348 802 743 873 προϊστάμενον
790 801 1096 871 ἐξερῶντες.
1124 801 1271 872 (58),
1320 804 1414 855 καὶ
1463 803 1590 872 πρὶν
1641 803 1912 866 παντελῶς

348 891 684 961 καθαρθῆναι
714 891 965 962 δευτέραν
1017 895 1217 966 τροφὴν
1246 894 1724 965 ἐπεμϐαλλόμενοι,
1756 896 1912 948 πάλιν

350 983 542 1049 ἐμοῦσι
580 983 694 1052 μετ’
739 983 928 1056 ὀδύνης
957 987 1046 1038 καὶ
1080 987 1437 1057 σπαραγμῶν·
1479 985 1619 1038 οὕτω
1648 985 1741 1037 καὶ
1769 983 1912 1039 οὗτοι

348 1073 540 1135 τόκους
585 1076 648 1126 ἐκ
676 1073 848 1129 τόκων
897 1076 1418 1148 μεταλαμϐάνοντες,
1461 1077 1553 1129 καὶ
1590 1078 1716 1146 πρὶν
1748 1079 1912 1130 ἐκκα-

350 1165 514 1236 θᾶραι
557 1167 624 1221 τά
676 1169 898 1240 πρῶτα,
931 1169 1178 1236 δεύτερον
1219 1169 1598 1236 ἐπεισάγοντες
1629 1171 1911 1240 δάνεισμα,

351 1259 544 1331 μικρὸν
586 1259 775 1330 χρόνον
807 1262 916 1320 τοῖς
959 1257 1256 1328 ἀλλοτρίοις
1291 1259 1725 1330 ἐναϐρυνόμενοι,
1757 1261 1913 1313 ὓστε-

351 1367 442 1420 ρον
476 1352 569 1402 καὶ
607 1349 676 1400 τά
705 1351 877 1400 οἰκεῖα
905 1348 1194 1418 ὠδύραντο.
1231 1351 1293 1402 ’Ὠ
1335 1352 1529 1416 πόσους
1569 1351 1812 1405 ἀπώλεσε
1846 1351 1916 1403 τά

346 1441 602 1511 ἀλλότρια
628 1440 834 1508 ἀγαθάί
865 1442 1022 1494 Πόσοι
1048 1444 1178 1512 ὄναρ
1205 1443 1600 1513 πλουτήσαντες
1634 1445 1916 1516 ὑπεραπή-

346 1528 552 1581 λαυσαν
577 1529 677 1599 τῆς
706 1529 933 1601 ζημίαςί
979 1531 1135 1584 Ἀλλά
1171 1531 1370 1593 πολλοὶ,
1412 1536 1564 1602 φησὶ,
1608 1537 1698 1586 καὶ
1738 1538 1800 1587 ἐκ
1832 1535 1918 1585 δα-

347 1621 651 1690 νεισμάτων
685 1623 1040 1693 ἐπλούτησαν.
1078 1622 1298 1683 Πλείους
1332 1622 1408 1685 δέ,
1444 1620 1616 1692 οἶμαι.
1653 1626 1746 1677 καὶ
1795 1625 1917 1694 βρό-

349 1728 458 1780 χων
504 1712 732 1782 ἥψαντο.
769 1711 840 1765 Σὺ
882 1714 936 1765 δέ
967 1715 1088 1774 τοὺς
1120 1712 1217 1780 μὲν
1248 1710 1647 1781 πλουτήσαντας
1683 1714 1914 1782 βλέπεις,

345 1803 475 1863 τοὺς
524 1801 578 1852 δέ
618 1801 1035 1869 ἀπαγξαμένους
1081 1801 1178 1852 οὐκ
1226 1801 1512 1872 ἀριθμεῖς,
1559 1804 1627 1866 οἳ,
1683 1803 1778 1874 τὴν
1824 1805 1917 1857 ἐπὶ

2016 633 2121 685 que
2170 617 2281 687 iugi
2333 615 2456 668 mali
2492 621 2832 672 successione
2862 616 3171 684 requisitam
3209 616 3272 666 ad
3304 615 3504 681 accipie
3547 640 3574 651 -

2014 712 2137 763 dum
2175 711 2330 764 [idem
2359 709 2457 762 sibi
2491 709 2600 776 ipse
2651 722 2989 779 comparans.
3026 706 3222 759 Deinde
3251 707 3389 760 sicut
3425 705 3456 758 ii
3486 721 3516 772 q
3561 706 3574 757 i

2014 804 2232 856 cholera
2266 803 2526 864 laborant,
2569 801 2615 852 id
2672 816 2883 871 semper
2934 800 3074 870 quod
3134 809 3259 852 ante
3301 810 3571 867 sumptum

2015 905 2096 948 est
2144 893 2387 962 ejit-iunt,
2439 901 2494 944 et
2555 895 3000 960 quemadmodum
3049 891 3091 944 si
3141 901 3263 944 ante
3311 891 3571 957 integrann

2016 985 2388 1055 purgationem
2435 984 2612 1036 cibum
2662 983 2884 1036 alterum
2927 985 3166 1054 capiunt,
3205 984 3343 1035 hunc
3389 997 3574 1035 rursus

2013 1095 2131 1131 cum
2185 1077 2387 1142 dolore,
2441 1087 2495 1130 et
2553 1092 2673 1128 cum
2729 1090 3014 1128 nervormn
3058 1075 3406 1132 convulsione
3447 1089 3571 1127 evo-

2015 1178 2168 1220 tnuut
2199 1185 2212 1220 :
2245 1168 2314 1219 ita
2341 1176 2392 1221 et
2427 1168 2479 1221 hi
2516 1166 2688 1218 faenus
2719 1164 2922 1218 [minore
2947 1177 3356 1226 comminantes,
3388 1172 3440 1218 et
3477 1180 3574 1217 an-

2017 1266 2232 1325 tequam
2265 1257 2472 1324 pricres
2500 1270 2678 1308 usura:
2717 1265 3030 1323 purgentur,
3054 1255 3273 1311 alteram
3308 1256 3573 1325 adjicien-

2017 1358 2118 1408 tes,
2160 1359 2448 1414 parumper
2474 1344 2528 1398 in
2585 1344 2778 1396 alienis
2820 1343 3051 1410 gloriati,
3095 1354 3203 1394 tum
3246 1345 3454 1396 demmu
3497 1341 3572 1396 rei

2014 1440 2172 1490 etiam
2203 1436 2486 1490 familiaris
2532 1437 2801 1506 jacturam
2861 1436 3062 1504 lugent.
3097 1432 3141 1488 Ο
3175 1443 3303 1500 qttot
3333 1435 3576 1487 homines

2015 1528 2364 1595 perdiderunt
2394 1525 2567 1579 aliena
2605 1528 2772 1582 booa!
2820 1525 2963 1593 Quot
2997 1525 3046 1578 in
3084 1525 3287 1579 somnis
3320 1524 3497 1587 dilati,
3521 1525 3575 1577 in

2013 1635 2282 1675 aerumnas
2325 1628 2379 1673 et
2428 1619 2763 1673 calamitates
2809 1617 3071 1678 maximas
3119 1617 3446 1672 inciderunt!
3482 1617 3578 1669 At-

2016 1713 2129 1782 qui,
2171 1711 2370 1780 inquis,
2421 1709 2573 1762 multi
2621 1712 2782 1761 etiam
2817 1708 3019 1762 [canore
3050 1706 3174 1760 facti
3202 1705 3574 1760 suntdivites:

2016 1815 2069 1856 at
2101 1817 2228 1856 vero
2285 1801 2487 1870 plures,
2533 1801 2786 1861 arbitror,
2828 1801 2895 1852 ad
2928 1798 3148 1867 laqueos
3194 1804 3578 1865 pervenerunt.

347 1893 472 1976 fui;
521 1892 874 1960 ἀπαιτήσεσιν
929 1891 1186 1962 αἰσχύνην
1241 1894 1313 1966 μὴ
1365 1895 1616 1966 φέροντες
1650 1895 1781 1966 (59),
1827 1897 1915 1948 τὸν

2017 1895 2094 1948 Τυ
2123 1907 2284 1961 porro
2316 1893 2512 1947 ditatus
2543 1891 2757 1958 quidem
2791 1890 3034 1958 respicis,
3061 1887 3426 1954 strangulatos
3449 1901 3578 1942 vero

349 1981 416 2034 δι’
455 1982 688 2052 ἀγχόνης
732 1982 954 2037 θάνατον
997 1985 1089 2036 τοῦ
1137 1987 1511 2050 ἐπονειδίστως
1554 1986 1651 2059 ζῇν
1701 1988 1916 2058 προετί-

349 2090 552 2143 μησαν.
603 2069 754 2126 Εἶδον
790 2073 897 2141 ἐγὼ
943 2075 1171 2128 ἐλεεινὸν
1217 2077 1413 2146 θέαμα,
1459 2081 1650 2141 παῖδας
1701 2080 1914 2132 ἐλευθέ-

350 2181 477 2234 ρους
513 2164 651 2236 ὑπέρ
698 2165 870 2234 χρεῶν
912 2167 1190 2234 πατρικῶν
1226 2151 1700 2237 (60)⁴ἐλκομένους
1749 2174 1826 2233 εἰς
1855 2173 1915 2224 τὸ

347 2260 667 2326 πρατήριον.
733 2256 846 2309 Οὐκ
900 2255 1042 2326 ἔχεις
1113 2258 1433 2311 καταλιπεῖν
1497 2261 1753 2332 χρήματα
1807 2266 1916 2325 τοῖς

350 2350 541 2414 παισί;
585 2350 658 2421 μὴ
705 2349 1020 2421 προσαφέλῃ
1050 2351 1143 2404 καὶ
1171 2352 1268 2422 τὴν
1302 2351 1596 2420 εὐγένειαν.
1634 2354 1726 2404 ’Ἑν
1764 2353 1916 2405 τοῦτο

349 2437 670 2511 διατήρησον
697 2442 878 2505 αὐτοῖς
912 2441 971 2494 τὸ
999 2442 1179 2513 κτῆμα
1208 2443 1307 2513 τῆς
1333 2442 1661 2514 ἐλευθερίας,
1684 2445 1781 2516 τὴν
1814 2462 1919 2497 πα-

354 2532 741 2602 ρακαταθήκην
779 2535 845 2603 ἣν
879 2534 1026 2600 παρά
1065 2534 1170 2585 τῶν
1211 2535 1409 2603 γονέων
1449 2535 1772 2605 παρέλαϐες.
1813 2537 1915 2588 Oti-

347 2622 460 2683 δεῖς
493 2624 680 2674 πενίαν
711 2625 914 2693 πατρὸς
956 2624 1220 2694 ἐνεκλήθη
1265 2626 1424 2678 ποτέ’
1467 2625 1684 2695 ὄφλημα
1722 2627 1777 2678 δέ
1807 2644 1914 2680 πα-

346 2710 522 2782 τρῷον
550 2715 628 2775 είς
669 2713 1036 2784 δεσμωτήριον
1085 2716 1226 2782 ἄγει.
1261 2716 1350 2784 Μὴ
1391 2717 1692 2786 καταλίπῃς
1738 2735 1917 2787 γραμ-

353 2806 570 2874 ματεῖον
629 2803 815 2876 ὥσπερ
850 2805 987 2876 ἀράν
1018 2807 1286 2879 πατρικὴν
1317 2809 1395 2870 εἰς
1421 2807 1615 2871 παῖδας
1660 2808 1915 2861 καταϐαίο

349 2914 547 2951 νουσαν
575 2898 668 2952 καὶ
693 2898 947 2966 ἐγγόνους
975 2885 1107 2971 (iii).

421 3075 474 3129 5.
546 3076 814 3141 Ἀκούετε,
862 3080 910 3130 οἱ
955 3077 1227 3140 πλούσιοι,
1268 3082 1424 3132 ὁποῖα
1483 3083 1915 3153 συμϐουλεύομεν

346 3169 460 3228 τοῖς
499 3170 732 3236 πτωχοῖς
770 3167 855 3220 διὰ
900 3168 996 3238 τὴν
1040 3169 1308 3239 ὑμετέραν
1355 3171 1744 3241 ἀπανθρωπίαν
1767 3189 1780 3202 ο
1823 3175 1914 3240 ἐγ-
1939 3210 1980 3266 C

349 3261 634 3329 καρτερεῖν
679 3259 875 3328 μᾶλλον
907 3264 1018 3324 τοῖς
1050 3261 1260 3325 δεινοῖς,
1302 3263 1334 3334 ἦ
1369 3261 1466 3326 τὰς
1506 3265 1569 3315 ἐκ
1603 3263 1711 3316 τῶν
1739 3264 1912 3317 τόκων

350 3349 636 3422 συμφοράς
664 3351 1038 3420 ὑποδέχεσθαι.
1072 3354 1133 3406 El
1167 3341 1222 3406 δέ
1269 3353 1548 3407 ἐπείθεσθε
1583 3354 1658 3424 τῷ
1701 3357 1911 3426 Κυρίῳ,

344 3442 430 3503 τίς
462 3442 619 3510 χρεία
667 3441 774 3493 τῶν
804 3441 975 3509 λόγων
1008 3443 1240 3508 τούτων;
1276 3445 1370 3515 Τίς
1411 3445 1468 3502 δέ
1517 3446 1661 3498 ἐστιν
1702 3448 1733 3516 ή
1773 3464 1912 3516 συμ-

348 3530 509 3601 ϐουλὴ
549 3531 640 3583 τοῦ
682 3533 987 3599 Δεσπὸτου;
1029 3534 1308 3598 Δανείξετε
1341 3536 1469 3606 παρ’
1516 3530 1588 3588 ὧν
1621 3538 1718 3590 οὑκ
1766 3538 1916 3590 ἐλπίς

351 3624 470 3687 ζετε
495 3623 805 3678 ἀπολαϐεῖν.
843 3627 953 3678 Καὶ
985 3629 1155 3690 ποῖον,
1190 3627 1342 3694 φησὶ,
1373 3625 1529 3679 τοῦτο
1557 3629 1839 3698 δάνεισμα,
1870 3622 1914 3696 ᾧ

348 3713 450 3783 τῆς
492 3714 796 3778 ἀποδόσεως
833 3717 943 3787 (6‘2)
989 3717 1143 3780 ἐλπὶς
1184 3718 1244 3769 οὐ
1282 3716 1660 3782 συνέζευκται;
1705 3720 1912 3789 Νόησον

349 3807 448 3874 τὴν
491 3805 717 3876 δύναμιν
761 3806 854 3860 τοῦ
901 3808 1086 3878 ῥητοῦ,
1128 3809 1220 3861 καὶ
1264 3808 1561 3879 θαυμάσεις
1594 3810 1690 3878 τὴν
1725 3810 1911 3877 φιλαν-

349 3894 596 3966 θρωπίαν
628 3896 719 3949 τοῦ
741 3897 1047 3967 νομοθέτου.
1081 3901 1247 3952 Ὅταν
1275 3899 1474 3970 πτωχῷ
1511 3902 1769 3972 παρέχειν
1789 3903 1914 3972 μέλ-

349 3987 447 4057 λῃς
475 3987 561 4040 διὰ
588 3989 679 4039 τὸν
711 3988 935 4058 Κύριον,
974 3988 1032 4040 τὸ
1077 3991 1206 4042 αὐτὸ
1241 3993 1332 4042 καὶ
1367 3992 1535 4062 δῶρόν
1565 3995 1678 4046 ἐστι
1714 3995 1804 4046 καὶ
1832 3994 1917 4047 δά-

352 4095 581 4146 νεισμα·
610 4079 776 4149 δῶρον
812 4080 909 4149 μὲν
951 4079 1036 4132 διὰ
1077 4081 1174 4150 τὴν
1207 4081 1548 4137 ἀνελπιστίαν
1588 4086 1682 4148 τῆς
1717 4086 1915 4156 ἀπολή-

348 4169 515 4238 ψεως,
541 4171 802 4239 δάνεισμα
834 4172 890 4224 δέ
919 4171 1005 4224 διὰ
1037 4172 1132 4242 τὴν
1168 4171 1575 4244 μεγαλοδωρεάν
1605 4176 1696 4226 τοῦ
1724 4177 1915 4229 Δεσπό-

348 4277 445 4312 του
479 4259 571 4312 τοῦ
607 4262 986 4324 ἀποτιννύντος
1021 4263 1158 4333 ὺπέρ
1192 4263 1376 4326 αὐτοῦ,
1417 4265 1495 4327 ὃς,
1540 4268 1710 4336 μικρὰ
1739 4268 1915 4320 λαὸὼν

349 4350 440 4414 διά
471 4350 563 4403 τοῦ
603 4352 853 4423 πένητος,
890 4354 1096 4423 μεγάλα
1127 4356 1265 4425 ὑπὲρ
1306 4356 1480 4408 αὐτῶν
1522 4358 1806 4411 ἀποδώσει.
1855 4361 1915 4411 Ὀ

353 4444 463 4514 γὰρ
501 4445 689 4499 ἐλεῶν
728 4447 965 4514 πτωχὸν
995 4447 1104 4515 (65)
1149 4445 1395 4508 δανείζει
1445 4449 1584 4515 Θεῷ.
1625 4452 1696 4502 Οὐ
1740 4451 1914 4520 βούλει

2017 1999 2122 2038 non
2155 1997 2423 2048 numeras,
2479 1982 2571 2050 qui
2605 1981 2901 2034 exactiouis
2943 1980 3177 2032 dedecus
3222 1978 3441 2030 minime
3492 1977 3574 2031 l'e-

2017 2085 2214 2136 rentes,
2254 2075 2352 2128 sibi
2403 2080 2627 2126 mortem
2682 2071 2984 2123 maluerunt
3042 2070 3233 2138 laqueo
3280 2068 3572 2129 asciscere,

2016 2183 2176 2237 quam
2206 2169 2462 2235 probrose
2492 2167 2693 2217 vivere.
2729 2162 2844 2216 Vidi
2878 2176 2976 2230 ego
3019 2161 3320 2215 miserabile
3363 2171 3575 2230 specta-

2017 2258 2214 2322 culum,
2263 2257 2522 2324 ingenuos
2575 2272 2786 2324 pueros,
2841 2258 2953 2324 qui,
3007 2263 3062 2306 ttt
3117 2254 3572 2316 ventlerentnr,in

2016 2347 2190 2402 forum
2233 2350 2301 2402 ob
2353 2350 2524 2417 patris
2573 2347 2747 2401 debita
2776 2347 3246 2414 pertrahebautur.
3275 2344 3385 2397 Non
3411 2345 3576 2396 habes

2017 2442 2294 2510 pecuniam
2326 2457 2486 2512 quam
2521 2440 2789 2509 relinquas
2815 2438 2977 2492 ﬁliis?
3016 2437 3155 2492 Cave
3190 2435 3571 2508 ingenuitatem

2014 2535 2092 2588 eis
2123 2533 2357 2587 auferas.
2410 2533 2582 2587 Unam
2642 2533 2780 2585 hanc
2827 2531 2958 2597 ipsis
3005 2545 3262 2583 conserva
3315 2529 3578 2582 libertatis

2013 2628 2427 2697 possessionem,
2465 2625 2766 2692 depositum
2819 2623 2968 2683 illud,
3005 2622 3150 2691 quod
3200 2637 3229 2674 a
3258 2620 3575 2690 parentibus

2014 2716 2290 2784 accepisti.
2317 2714 2530 2768 Nemini
2567 2730 2803 2783 unquam
2837 2713 3003 2782 patris
3032 2724 3317 2782 paupertas
3348 2714 3467 2765 data
3495 2721 3578 2765 est

2016 2810 2228 2862 erimiui
2265 2826 2278 2862 :
2315 2820 2372 2862 at
2412 2818 2697 2878 paternum
2739 2808 2976 2862 debitum
3014 2807 3066 2859 in
3108 2820 3379 2860 carcerem
3411 2804 3572 2858 ducit.
3638 2822 3641 2825 ·

2015 2900 2090 2956 Ne
2124 2901 2394 2970 relinquas
2448 2902 2805 2968 syngrapham
2845 2914 2942 2953 ceu
2990 2908 3270 2969 paternam
3317 2912 3571 2953 exsecra-

2015 2995 2212 3047 tionem
2250 2995 2299 3046 in
2335 2994 2472 3046 lilios
2501 3008 2564 3046 ac
2601 3003 2820 3067 nepotes
2861 2992 3297 3046 descendentem.

2081 3086 2136 3141 5:
2175 3085 2390 3148 Audite,
2418 3083 2634 3147 divites,
2657 3083 2815 3152 quale
2835 3081 3161 3150 pauperibus
3192 3081 3380 3134 demus
3400 3079 3576 3133 consi-

2014 3175 2139 3228 lium
2169 3177 2237 3229 ob
2265 3186 2494 3228 vestram
2519 3171 2992 3240 inhumanitatem,
3013 3185 3221 3238 nempe.
3243 3183 3298 3222 ut
3317 3169 3577 3239 gravissi-

2016 3281 2097 3318 ma
2129 3281 2351 3333 quasque
2380 3271 2689 3317 constanter
2717 3262 2891 3315 ferant
2927 3262 3105 3328 potius
3144 3275 3304 3327 quam
3351 3259 3574 3312 calami-

2014 3366 2151 3410 tates
2179 3371 2244 3409 ex
2276 3355 2482 3408 {tenore
2503 3354 2879 3423 provenientes
2901 3353 3286 3420 perpetiantur.
3305 3350 3508 3405 Morem
3529 3350 3574 3404 si

2015 3449 2237 3504 Domino
2255 3447 2530 3516 gereretis,
2559 3446 2684 3516 quid
2710 3447 2795 3500 his
2831 3444 3007 3499 verbis
3041 3452 3182 3498 esset
3206 3442 3576 3512 Opus?Quod-

2013 3559 2133 3598 nam
2156 3553 2329 3596 autem
2353 3541 2562 3594 Domini
2591 3538 2870 3593 consilium
2893 3537 3012 3590 est?
3032 3536 3268 3589 Motuum
3292 3536 3416 3587 date
3436 3535 3520 3598 iis,
3546 3548 3576 3585 a

2010 3639 2200 3707 quibus
2230 3652 2335 3690 non
2359 3635 2588 3702 speratis
2622 3643 2929 3699 recepturos
2953 3645 3046 3681 vos
3069 3643 3186 3680 esse
3205 3627 3271 3680 ³⁸.
3307 3626 3372 3679 Et
3400 3625 3576 3693 quale,

2014 3729 2202 3796 inquit,
2246 3726 2345 3778 hoc
2372 3736 2636 3784 mutuum,
2669 3722 2750 3774 cui
2788 3720 3100 3773 redditiouis
3127 3735 3252 3786 spes
3293 3716 3574 3784 conjuncta

2013 3834 2116 3871 non
2152 3817 2267 3870 est?
2298 3815 2532 3884 Iutellige
2559 3815 2836 3867 sententia:
2861 3812 2987 3873 vim,
3029 3820 3083 3865 et
3139 3810 3459 3878 legislatoris
3487 3808 3554 3858 mi

2017 3908 2201 3961 rabere
2229 3908 2632 3963 humanitatem.
2655 3905 2751 3960 Ubi
2784 3904 2997 3972 pauperi
3035 3901 3239 3954 Domini
3273 3904 3442 3968 gratia
3478 3898 3576 3952 de-

2013 4001 2179 4065 deris,
2214 4002 2347 4054 idem
2377 4010 2430 4054 et
2469 4002 2662 4054 doumn
2688 4006 2837 4052 estet
2861 3997 3069 4058 factius;
3111 3996 3305 4045 donmu
3339 3991 3576 4057 quidem,

2013 4093 2149 4161 quod
2182 4104 2510 4160 recepturum
2536 4104 2585 4142 te
2604 4091 2731 4142 nihil
2760 4105 2876 4142 esse
2907 4101 3117 4155 speras:
3151 4087 3322 4139 fteuns
3342 4098 3487 4145 vero,
3508 4081 3578 4134 ob

2017 4183 2220 4236 Domini
2276 4198 2370 4250 pro
2415 4183 2572 4248 inope
2616 4179 2936 4249 persoluturi
2975 4175 3426 4237 munilireutiam,
3464 4173 3574 4238 qui,

2016 4275 2196 4344 paucis
2217 4290 2309 4343 per
2331 4289 2612 4342 pauperem
2635 4273 3090 4339 acceptis,!magna
3108 4283 3290 4320 eorum
3315 4265 3430 4318 loco
3453 4269 3573 4318 red-

2016 4367 2124 4418 ditu
2134 4381 2221 4418 rus
2236 4365 2447 4429 σειραὶ
2461 4366 2592 4417 enim
2613 4366 2882 4416 miseretur
2894 4359 3374 4430 pauperistnerat
3399 4356 3570 4408 Deo".

2017 4457 2129 4511 Non
2152 4459 2232 4512 vis
2259 4459 2623 4510 universorum
2643 4456 2918 4508 Dominmu
2938 4453 3228 4508 obnoxium
3251 4450 3341 4502 tibi
3363 4449 3460 4515 ipsi
3483 4447 3575 4500 ha-

351 4538 442 4589 τὸν
475 4536 689 4590 πάντων
721 4540 995 4609 Δεσπότην
1036 4539 1332 4593 ὑπεύθυνον
1365 4541 1506 4610 ἔχειν
1545 4543 1751 4612 σεαυτῷ
1782 4545 1915 4614 πρὸς

2020 4547 2142 4600 bere
2159 4549 2222 4602 ad
2245 4546 2680 4614 persolvendum?
2711 4545 2765 4598 Si
2791 4545 2909 4613 quis
2934 4544 2985 4596 in
3013 4543 3228 4595 civitate
3258 4539 3406 4590 dives
3422 4549 3574 4602 spon-

351 4626 448 4697 τὴν
479 4626 716 4693 ἐκτισιν;
767 4630 838 4682 Ἢ
873 4628 980 4681 τῶν
1013 4631 1109 4699 μὲν
1139 4632 1194 4682 ἐν
1237 4633 1301 4700 τῇ
1339 4631 1488 4684 πόλει
1529 4632 1792 4686 πλουσίων
1822 4635 1916 4687 ἐάν

350 4736 435 4781 τις
469 4719 775 4791 ὁμολογήσῃ
804 4737 887 4774 σοι
934 4721 1029 4791 τὴν
1077 4723 1216 4792 ὑπὲρ
1269 4723 1467 4793 ἐτέρων
1509 4723 1744 4788 ἔκτισιν,
1789 4726 1914 4796 δέχῃ

353 4810 518 4872 αὑτοῦ
549 4810 648 4882 τὴν
688 4813 918 4884 ἐγγύηνς
953 4813 1083 4866 Θεὸν
1125 4815 1178 4866 δὲ
1215 4816 1606 4886 ύπερεκτιστὴν
1633 4817 1740 4869 τῶν
1774 4833 1916 4869 πτω-

355 4899 464 4971 χῶν
504 4902 565 4953 οὺ
602 4904 902 4974 προσίεσαι.
945 4905 1044 4970 Δὸς
1075 4905 1135 4957 τὸ
1169 4907 1291 4976 είκῆ
1339 4908 1589 4978 κείμενον
1635 4908 1913 4980 ἀργύριον,

430 5096 476 5130 ⁸⁸
496 5097 628 5153 Luc.
651 5115 736 5188 ‘Vl,
766 5100 856 5163 54,
882 5100 972 5156 55.
1047 5100 1090 5132 ³⁷
1113 5101 1271 5157 Prov.
1303 5115 1414 5163 nx,
1454 5101 1535 5153 i7.

432 5275 543 5343 (5-1)
564 5275 711 5330 Colb.
746 5289 963 5333 octavus
994 5250 1217 5336 διαλύεΙι.

431 5345 542 5425 ςξδ)
571 5346 660 5399 Sic
685 5347 846 5425 Regii
882 5353 1072 5425 tertius
1097 5364 1145 5425 et
1197 5362 1407 5407 sextus.
1443 5353 1575 5425 Reg.
1601 5362 1822 5425 quartus
1867 5362 1922 5407 et

355 5416 821 5496 Colb._.se_ptit_nus
855 5434 948 5486 pro
986 5420 1277 5496 tiﬁepébv'rgq
1331 5416 1550 5496 Italienf
1578 5416 1918 5494 ἐξεμοῦντες,

359 5501 468 5537 non
497 5485 763 5564 dissimili.
782 5485 964 5544 sensu.
1001 5485 1142 5564 l‘ld'iti
1173 5485 1558 5564 ἐξαιροῦντες(
1597 5485 1753 5564 male.
1810 5485 1919 5546 Ali-

355 5565 705 5635 quantoqmst
729 5555 861 5624 Reg.
892 5562 1078 5614 tertius
1107 5555 1233 5632 πρὶν
1263 5555 1746 5635 ἐκκαρθῆναι.Μοι
1781 5564 1916 5617 idem

356 5626 520 5676 codex
555 5624 734 5676 ἀπώλε
742 5643 857 5679 σαν.

427 5691 553 5769 (59)Δ
573 5698 637 5747 Οἱ
690 5695 816 5769 tim
854 5697 949 5750 ἐπὶ
998 5701 1124 5766 ταῖς
1168 5701 1568 5766 ἀπαιτήσεσιν
1616 5702 1915 5769 αἰσχύνην

353 5761 1330 5848 μὴ.ᾕξρθντεςιβθεθηόιιῐηζ-ρηιὶιιιδ,
1358 5761 1413 5825 tit.
1442 5775 1494 5848 in
1517 5777 1700 5848 eodem
1721 5761 1910 5848 senui,

357 5851 411 5903 p.
436 5833 557 5899 496,
594 5835 978 5906 ἀπαντήσεσιν,
1017 5833 1423 5896 vadibtorvioruttt
1451 5844 1670 5898 dedecus
1706 5858 1805 5894 non
1836 5833 1912 5909 fe?

2023 4641 2147 4693 deat
2171 4655 2227 4693 se
2249 4640 2341 4692 tibi
2365 4655 2459 4709 pro
2485 4639 2603 4691 aliis
2629 4638 2950 4697 soluturum,
2979 4647 3155 4684 nonne
3179 4627 3571 4694 lidejussionem

1999 4730 2181 4810 .113
2212 4731 2351 4785 illitis
2381 4730 2618 4798 accipis?
2653 4739 2707 4781 at
2760 4727 2924 4778 lteum
2975 4739 3072 4778 ceu
3121 4716 3569 4787 sponsorem.th

2022 4837 2117 4889 pro
2147 4821 2471 4888 pauperibus
2503 4819 2778 4872 soluturus
2808 4819 2898 4880 sit,
2943 4830 3047 4866 non
3093 4811 3347 4864 admittis.
3386 4807 3571 4861 Inutile

2023 4912 2117 4965 tibi
2151 4923 2431 4978 argentum
2453 4912 2543 4972 da,
2573 4924 2675 4961 non
2705 4921 2931 4977 gravatis
2967 4904 3093 4957 illud
3141 4899 3568 4961 accessionibus;

2025 5292 2211 5336 rentes.
2247 5281 2454 5336 ΜΑιιΑΝ.

2096 5353 2206 5421 (60)
2233 5351 2382 5405 Colb.
2419 5362 2634 5404 octavus
2665 5349 2840 5419 χρεῶν
2864 5347 3149 5421 πσξρῴων.

2095 5417 2207 5491 (6|)
2238 5421 2386 5474 Multi
2433 5437 2560 5474 mss.
2592 5417 2866 5491 ἐγγόνους.
2920 5417 3058 5471 Euiti
3088 5417 3360 5491 ἐκγόνους.
3387 5418 3568 5491 Obiter

2026 5487 2112 5544 hic
2144 5487 2360 5546 monere
2393 5491 2538 5548 libet.
2572 5506 2754 5542 vocem
2777 5489 2997 5556 ἔκγονος
3038 5505 3156 5540 raro
3187 5490 3236 5540 in
3279 5504 3407 5542 mss.
3445 5487 3568 5558 legi.

2025 5561 2222 5614 Ibidem
2248 5562 2461 5626 quidatn
2490 5576 2615 5613 mss.
2652 5558 2757 5626 οζα.
2784 5561 2882 5609 Alii
2907 5561 3045 5610 ποῖα.

2093 5629 2203 5697 (6‘2)
2232 5623 2360 5694 Reg.
2395 5632 2658 5683 secundus
2681 5623 2723 5696 ᾧ
2753 5629 2850 5697 τῆς
2877 5630 3288 5690 ἀντοποδὸσεως.

2097 5701 2207 5770 (65)
2242 5699 2368 5765 Reg.
2398 5701 2583 5752 tertius
2618 5696 2990 5770 ἐλεῶν,φησί.
3013 5698 3119 5752 Nec
3156 5702 3224 5770 ita
3248 5696 3567 5770 multo_post

2023 5785 2149 5823 mss.
2178 5768 2281 5822 tres
2307 5770 2510 5839 ἐτέρου.
2538 5770 2636 5822 Alii
2657 5770 2888 5822 nuinuue
2911 5769 3127 5823 ἐτέοων.
3166 5768 3403 5822 Subinde
3434 5768 3564 5837 Heg.

2022 5843 2207 5895 tertius
2240 5841 2468 5910 ὑπάρχει
2500 5839 2580 5896 τό.
