4016 6434
551 362 658 418 279

1887 361 1943 415 S.
1986 360 2228 417 BASILII
2265 360 2476 413 MAGNI

3712 367 3818 420 380

550 493 603 533 el
638 488 773 536 bene
800 481 1016 550 utrique
1061 480 1363 535 consultum
1414 479 1594 536 fuerit.
1624 481 1740 537 TLbi
1784 483 1926 537 enim
1980 496 2119 539 certe

2234 482 2306 552 μὴ
2337 483 2581 553 βαρύνων
2621 484 2751 537 αὐτὸ
2791 486 2905 547 ταῖς
2947 484 3302 555 προσθήκαις,
3340 484 3432 536 καὶ
3472 485 3819 561 ἀμφοτέρας

550 576 858 629 servabitur
888 593 900 629 :
929 575 976 629 ei
1026 590 1176 637 vero,
1212 578 1301 643 qui
1350 578 1621 645 acceperit
1642 618 1654 635 ,
1695 577 1900 630 lucrum
1930 592 1995 632 ex
2024 594 2119 631 usu

551 668 798 722 accedet.
830 670 980 735 Quod
1030 670 1073 722 si
1113 672 1541 722 additamentum
1574 674 1736 723 etiam
1763 671 2018 738 requiris,
2054 671 2119 722 iis

549 773 672 830 qua:
712 761 991 830 peudenda
1026 772 1151 815 sunt
1184 778 1212 814 a
1248 762 1497 827 Domino,
1531 770 1819 818 contentus
1844 775 1979 818 esto.
2008 764 2123 830 Ipse

552 852 821 918 persolvet
863 866 961 920 pro
1014 852 1340 921 pauperibus
1388 868 1605 907 usuras.
1648 853 1729 905 Ab
1761 868 1828 907 eo
1868 854 1958 923 qui
1997 868 2123 907 vere

553 944 816 1016 benignus
845 955 946 1009 est,
987 946 1372 1015 benignitatem
1398 957 1672 1015 exSpecta.
1708 946 1837 1014 Quae
1861 949 2005 1002 enim
2033 964 2123 999 ar-

554 1037 691 1107 eipis
724 1053 753 1091 a
804 1052 1053 1107 paupere,
1095 1053 1158 1092 ea
1199 1054 1415 1094 omnem
1460 1040 1869 1093 iubumanitatis
1907 1036 2122 1091 modum

552 1140 826 1198 superant.
866 1128 1025 1182 Facis
1059 1140 1324 1197 quaestum
1367 1148 1431 1184 ex
1477 1130 1896 1191 calamitatibus,
1938 1144 2005 1183 ex
2042 1130 2113 1181 la-

553 1222 757 1290 crymis
790 1220 998 1288 colligis
1043 1232 1348 1291 argentum,
1399 1223 1601 1277 nmium
1638 1221 1960 1288 strangulas,
2005 1235 2123 1273 ver-

552 1312 710 1365 heras
761 1313 1067 1366 famelicum
1099 1332 1112 1367 :
1149 1328 1411 1381 nusquam
1463 1313 1833 1367 misericordia
1880 1330 1893 1365 :
1934 1328 2126 1381 cogna-

553 1403 713 1457 tionis
755 1404 891 1473 ejus,
938 1421 1054 1473 qux
1115 1420 1237 1457 cmn
1278 1405 1529 1459 divcxato
1582 1404 1832 1464 habetur,
1868 1402 2124 1471 cogitatio

551 1493 695 1545 nulla
729 1496 968 1547 animum
1021 1496 1159 1546 subit
1196 1513 1209 1548 :
1241 1495 1350 1548 imo
1386 1510 1505 1563 qua:
1533 1494 1657 1545 inde
1694 1493 2011 1561 proveniunt
2042 1492 2124 1544 lu-

550 1597 640 1635 cra
667 1583 897 1636 humana
927 1583 1186 1653 appellas.
1215 1584 1323 1648 νει),
1353 1583 1645 1652 quidicunt
1674 1598 1915 1637 amarum
1939 1582 2119 1648 dulce,

549 1683 602 1726 et
628 1672 783 1728 dulce
802 1689 1046 1729 amarum
1072 1676 1138 1737 ³⁸,
1167 1676 1368 1743 quique
1399 1677 1843 1730 inbumauitatem
1876 1676 2125 1728 humani—

553 1771 715 1817 tatem
768 1779 987 1821 vocant.
1028 1766 1210 1835 Neque
1263 1782 1391 1823 vero
1442 1768 1717 1838 proposita
1770 1782 1799 1819 a
1857 1766 2122 1822 Salnsone

2226 574 2335 639 ἕξει
2365 575 2564 639 καλῶς.
2598 577 2685 628 Σοὶ
2722 577 2819 645 μὲν
2852 578 2959 648 γὰρ
2990 577 3219 646 ὑπάρξει
3245 581 3307 631 τὸ
3334 580 3394 631 ἐκ
3424 578 3526 647 τῆς
3558 582 3819 651 φυλακῆς

2225 668 2495 735 ἀσφαλές·
2525 670 2601 740 τῷ
2636 668 2689 721 δὲ
2722 668 2936 723 λαϐόντι
2971 670 3028 721 τὸ
3071 670 3135 720 ἐκ
3170 670 3267 739 τῆς
3303 672 3556 743 χρήσεως
3595 674 3813 742 κέρδος.

2228 762 2286 813 Εί
2317 761 2371 813 δὲ
2402 764 2493 815 κο.)⁵
2522 761 2837 835 προσθήκην
2868 762 3161 832 ἐπιζητεῖς,
3194 763 3492 834 ἀρκέσθητι
3514 764 3634 823 τοῖς
3663 766 3818 834 παρὰ

2230 853 2324 906 τοῦ
2377 856 2601 927 Κυρίου.
2652 854 2823 917 Αὐτὸς
2870 855 3009 926 ὑπὲρ
3054 853 3161 905 τῶν
3213 857 3461 924 πενήτων
3500 853 3595 907 τὸν
3654 854 3817 908 πλεο-

2227 947 2432 1016 νασμὸν
2489 947 2758 1001 ἀποτίσει.
2822 947 2979 1019 [Ιαρά
3037 944 3131 998 τοῦ
3189 945 3358 1008 δντως
3416 944 3813 1017 φιλανθῴιπου

2227 1040 2463 1108 ἀνάμενε
2498 1041 2564 1092 τὰ
2598 1036 2974 1109 φιλάνθρωπα.
3026 1039 3088 1090 Ἀ
3127 1035 3235 1107 γὰρ
3268 1035 3566 1105 λαμϐάνεις
3588 1078 3601 1101 ,
3634 1035 3815 1090 ταῦτα

2229 1130 2645 1202 μισανθρωπίας
2698 1130 2953 1199 οὐδεμίαν
2994 1127 3297 1201 ὑπερϐολὴν
3338 1130 3625 1185 ἀπολείπει
3674 1128 3811 1198 (64).

2240 1224 2371 1276 ’Λπὸ
2405 1225 2698 1296 συμφορῶν
2726 1220 3047 1291 κερδαίνεις,
3082 1222 3186 1275 ἀπὸ
3219 1219 3469 1288 δακρύων
3504 1220 3814 1293 ἀργυρολο-

2227 1314 2362 1381 γεῖς,
2407 1312 2497 1363 τὸν
2540 1312 2740 1383 γυμνὸν
2770 1311 2980 1379 ἄγχεις,
3026 1311 3117 1363 τὸν
3155 1308 3489 1381 λιμώττοντα
3540 1312 3772 1375 τύπτεις
3798 1327 3811 1340 ·

2227 1404 2370 1465 ἕλεος
2408 1404 2641 1475 οὐδαμοῦ
2668 1418 2679 1431 ·
2726 1402 2902 1454 ἔννοια
2937 1402 3036 1471 τῆς
3072 1402 3385 1471 συγγενείας
3432 1401 3526 1454 τοῦ
3572 1407 3814 1475 πάσχον-

2224 1510 2315 1557 τος
2355 1492 2609 1563 οὐδεμία·
2670 1492 2764 1547 καὶ
2817 1492 2885 1545 τὰ
2932 1492 3177 1545 ἐντεῦθεν
3226 1494 3391 1563 κέρδη
3441 1494 3813 1565 φιλάνθρωπα

2224 1582 2528 1653 ὀνομάζεις.
2563 1586 2696 1639 Οὐαὶ
2725 1585 2772 1636 οἱ
2798 1583 3049 1651 λέγοντες
3078 1583 3138 1659 τὸ
3164 1585 3358 1655 πικρὸν
3384 1585 3583 1653 γλυκὺ,
3616 1590 3715 1639 καὶ
3752 1589 3813 1641 τὸ

2226 1674 2395 1743 γλυκὺ
2417 1676 2612 1747 πικρὸν
2633 1676 2765 1746 (65),
2780 1675 2933 1727 καὶοί
2955 1675 3051 1745 τὴν
3075 1674 3486 1748 μισανθρωπίαν
3503 1676 3814 1748 φιλανθρω-

2225 1768 2353 1820 πίαν
2373 1768 2879 1840 προσαγορεύοντες.
2905 1768 3040 1821 Οὐδὲ
3056 1770 3122 1822 τὰ
3136 1768 3226 1822 τοῦ
3244 1768 3484 1839 Σαμψὼν
3500 1769 3813 1840 αίνίγματα

549 1856 961 1913 combibonibus
988 1860 1273 1929 aenigmata
1300 1899 1315 1921 ,
1349 1870 1504 1915 erant
1533 1860 1793 1925 ejusmodi
1821 1876 1832 1910 :
1871 1860 1909 1911 Α
1952 1878 2119 1915 come-

2223 1858 2445 1912 τοιαῦτα
2487 1856 2576 1931 ἦν,
2622 1860 2657 1915 ἆ
2708 1858 3039 1931 προεϐάλετο
3094 1864 3205 1925 τοῖς
3264 1862 3600 1932 συμπόταις·
3672 1862 3812 1916 Ἀπὸ

549 1951 701 2001 dente
746 1949 900 2003 exivit
961 1950 1125 2013 cibus,
1175 1963 1221 2004 et
1260 1969 1291 2004 a
1340 1952 1466 2020 farti
1518 1953 1641 2005 exiit
1691 1952 1844 2005 dulce
1865 1952 2028 2007 ":et
2056 1955 2121 2008 ab

558 2039 855 2093 inlmmano
891 2040 1197 2096 humanitas
1233 2044 1450 2111 prodiit.
1492 2043 1612 2096 Non
1642 2044 1890 2114 colligunt
1919 2046 1982 2100 de
2016 2046 2121 2113 spi-

548 2132 632 2183 nis
662 2148 808 2193 uvas,
843 2150 1005 2203 neque
1038 2135 1101 2187 de
1137 2136 1341 2189 tribulis
1370 2137 1500 2203 ﬁcus
1522 2136 1589 2199 “,
1632 2152 1803 2207 neque
1841 2154 1871 2192 a
1916 2138 2121 2192 femore

546 2224 959 2294 benignitatem.
1015 2227 1204 2283 Omnis
1263 2231 1406 2285 enim
1493 2231 1657 2286 arbor
1723 2234 1957 2286 marcida
2014 2230 2123 2284 fru-

549 2329 668 2371 ctus
704 2318 874 2372 malos
927 2318 1075 2373 facit.
1129 2319 1358 2387 Quidam
1414 2332 1537 2376 sunt
1584 2326 2005 2376 ceutesimatores
2066 2332 2123 2378 et

549 2409 896 2462 dccimatores
926 2424 945 2462 :
979 2410 1193 2463 nomina
1251 2411 1337 2465 vel
1386 2413 1568 2465 auditu
1622 2414 1924 2477 horrenda;
1974 2429 2123 2469 men-

553 2500 689 2553 strui
726 2500 799 2554 illi
853 2502 1195 2569 repetitores,
1230 2502 1376 2556 velut
1415 2502 1468 2558 hi
1516 2504 1788 2559 daemones
1822 2506 1910 2575 qui
1954 2509 2123 2561 comi-

552 2589 698 2643 tialis
746 2590 919 2645 morbi
977 2603 1228 2648 auctores
1277 2603 1426 2657 snnt,
1458 2593 1527 2647 ad
1582 2596 1720 2650 lunae
1769 2598 2020 2666 periodos
2065 2598 2119 2653 in

556 2697 818 2750 pauperes
876 2685 1155 2740 invadunt.
1196 2685 1348 2752 Quod
1399 2689 1577 2753 datur,
1617 2688 1667 2743 id
1721 2692 1936 2759 utrique
1985 2691 2123 2745 male

550 2774 714 2834 cedit,
744 2785 798 2828 et
830 2774 1003 2838 danti,
1037 2786 1088 2829 et
1123 2777 1406 2845 accipienti
1447 2795 1461 2830 :
1496 2778 1620 2832 huic
1662 2780 1877 2847 quidem
1930 2782 1982 2832 in
2026 2796 2121 2849 pe-

551 2865 766 2928 cunias,
801 2865 873 2919 illi
907 2880 1034 2919 vero
1071 2867 1121 2921 iu
1170 2868 1339 2937 ipsam
1380 2868 1614 2923 animam
1648 2871 1900 2924 damnum
1936 2870 2117 2929 infert.

550 2955 825 3024 Agricola,
861 2958 1008 3024 spica
1062 2970 1304 3027 acerpta,
1340 2972 1524 3013 semen
1574 2974 1762 3013 rursus
1802 2961 1902 3014 sub
1943 2962 2123 3016 radice

553 3064 659 3103 non
698 3060 973 3103 scrutatur
1006 3068 1018 3103 :
1056 3060 1109 3103 tu
1140 3065 1268 3104 vero
1301 3060 1355 3103 et
1385 3052 1593 3105 fruetus
1623 3052 1807 3117 habes,
1834 3061 1887 3108 et
1919 3061 2119 3109 sortem

552 3155 659 3193 non
697 3141 975 3209 relinquis.
1012 3141 1228 3197 Plantas
1260 3141 1378 3196 sine
1407 3152 1585 3205 terra;
1614 3145 1728 3197 sine
1763 3145 1968 3200 satione
2007 3160 2119 3198 me-

2220 1941 2608 2018 ἐσθίοντοςέξ
2618 1954 2759 2019 ἦλθε
2777 1948 3025 2018 βρῶσις,
3047 1953 3145 2006 καί
3161 1953 3277 2007 ἀπὸ
3300 1954 3558 2023 ἰσχυροῦ
3577 1953 3811 2021 ἐξῆλθε

2221 2046 2413 2113 γλυκύ
2435 2062 2447 2074 ⁶
2489 2046 2581 2098 καὶ
2604 2046 2711 2097 ἀπὸ
2746 2044 3130 2116 μισανθρὼπου
3160 2044 3351 2114 ἐξῆλθε
3392 2045 3807 2116 φιλανθρωπία.

2216 2140 2298 2191 Οὺ
2344 2140 2759 2207 συλλέγουσιν
2807 2136 2925 2191 ἀπὸ
2964 2135 3241 2190 ἀκανθῶν
3274 2138 3621 2205 σταφυλὰς,
3661 2139 3811 2191 οὐδὲ

2219 2230 2337 2283 ἀπὸ
2363 2232 2647 2299 τριϐόλων
2668 2228 2829 2281 σῦκα
2848 2271 2861 2293 ,
2886 2228 3004 2280 οὐδέ
3029 2228 3134 2280 ἀπὸ
3159 2227 3332 2279 τόκων
3360 2226 3806 2298 φιλανθρωπίαν.

2220 2322 2337 2375 Πᾶν
2382 2322 2491 2393 γὰρ
2529 2320 2742 2392 δένδρον
2782 2319 2989 2390 σαπρὸν
3033 2322 3277 2392 καρποὺς
3308 2320 3578 2390 πονηροὺς
3624 2321 3801 2372 ποιεῖ.

2233 2412 2724 2481 Ἐκατοστολόγοι
2751 2411 2844 2463 καὶ
2863 2410 3258 2481 δεκατηλότοι
3284 2412 3426 2474 τινὲς
3452 2410 3568 2481 (66)
3594 2412 3807 2481 φρικτά

2222 2506 2315 2558 καὶ
2351 2503 2684 2573 ἀκουσθῆναι
2711 2503 2950 2574 ὀνόματα
2967 2518 2980 2532 ⁸
3009 2506 3238 2574 μηνιαῖοι
3266 2504 3583 2573 ἀπαιτηταὶ,
3609 2501 3808 2572 ὥσπερ

2222 2598 2272 2651 οἱ
2300 2597 2397 2660 τὰς
2426 2597 2716 2668 ἐπιληψίας
2748 2597 3027 2660 ποιοῦντες
3057 2597 3335 2666 δαίμονες,
3382 2595 3523 2648 κατά
3561 2594 3665 2657 τάς
3711 2612 3810 2648 πε-

2225 2686 2433 2756 ριόδους
2494 2686 2593 2756 τῆς
2657 2685 2884 2755 σελήνης
2939 2684 3302 2753 ἐπιτιθέμενοι
3372 2686 3483 2746 τοῖς
3539 2687 3804 2755 πτωχοῖς.

2223 2777 2442 2846 Πονηρὰ
2470 2777 2615 2838 δόσις
2646 2778 2909 2845 ἐκατέρῳ,
2945 2776 3038 2828 καὶ
3072 2774 3149 2845 τῷ
3169 2776 3383 2839 διδόντι,
3421 2777 3516 2830 καὶ
3542 2777 3621 2848 τῷ
3654 2779 3806 2848 λαμ-

2221 2868 2434 2920 ϐάνοντι
2456 2886 2469 2897 υ
2500 2867 2576 2937 τῷ
2625 2868 2723 2938 μέν
2767 2870 2845 2931 εἰς
2876 2871 3151 2939 χρήματα,
3185 2868 3262 2937 τῷ
3292 2868 3348 2923 δὲ
3391 2872 3468 2934 εἰς
3497 2871 3670 2942 αὐτὴν
3705 2872 3807 2939 τὴν

2220 2959 2397 3031 ψυχὴν
2426 2960 2663 3032 φέρουσα
2692 2960 2788 3031 τὴν
2812 2960 3035 3030 ζημίαν.
3078 2961 3135 3013 Ὀ
3168 2963 3430 3032 γεωργὸς,
3462 2964 3554 3016 τὸν
3596 2963 3807 3031 στάχυν

2225 3052 2428 3118 λαϐὼν,
2459 3053 2519 3105 τὸ
2550 3053 2770 3123 σπέρμα
2802 3052 2961 3105 πάλιν
2991 3052 3094 3105 ὑπὸ
3120 3053 3215 3125 τὴν
3248 3056 3402 3125 ῥίζαν
3433 3057 3531 3106 οὐκ
3564 3056 3802 3125 ἐρευνᾷ·

2228 3144 2290 3195 σὺ
2327 3144 2382 3195 δὲ
2417 3143 2509 3195 καὶ
2547 3145 2673 3204 τοὺς
2724 3143 2970 3212 καρποὺς
3016 3143 3180 3215 ἔχεις,
3232 3146 3327 3198 καὶ
3371 3146 3469 3198 οὐκ
3498 3144 3804 3213 ἀφίστασαι

555 3231 646 3284 tis.
675 3230 771 3286 Cui
816 3248 1097 3303 congeras,
1132 3236 1397 3288 incertum
1440 3246 1545 3289 est.
1582 3236 1680 3301 Qui
1708 3238 1777 3290 ob
1806 3252 1997 3291 usuras
2038 3237 2118 3289 la-

2223 3233 2329 3285 τῶν
2383 3233 2645 3303 ἀρχαίων.
2688 3232 2848 3284 Ἀνευ
2903 3234 3007 3303 γῆς
3068 3236 3347 3303 φυτεύεις·
3402 3232 3529 3285 ἄνευ
3589 3237 3806 3305 σπορᾶς

550 3332 850 3390 erymatur,
880 3336 1031 3379 certo
1061 3328 1373 3395 agnoscitur
1410 3345 1423 3379 :
1459 3328 1549 3395 qui
1582 3343 1706 3379 vero
1741 3343 1927 3380 earum
1964 3328 2115 3394 copia

548 3413 817 3470 fruiturus
857 3424 960 3479 est,
996 3433 1099 3469 non
1143 3427 1311 3470 certo.
1350 3417 1483 3470 Nam
1526 3419 1791 3470 incertmn
1824 3427 1906 3471 est
1938 3431 2115 3472 utrum

549 3523 656 3561 neu
693 3508 769 3563 sis
805 3509 925 3563 aliis
966 3509 1273 3564 divitiarum
1311 3526 1466 3565 usum
1516 3512 1823 3576 relicturus,
1855 3523 1908 3565 et
1939 3521 2115 3566 tamen

553 3598 649 3651 tibi
703 3599 815 3668 ipse
868 3599 1064 3654 malum
1111 3602 1390 3669 iniquitate
1438 3601 1695 3654 ascivisti.
1730 3599 1910 3668 Neque
1958 3601 2118 3669 igitur

549 3691 803 3744 volentem
857 3704 1090 3743 mutuum
1133 3696 1385 3760 accipere,
1418 3692 1668 3745 averseris
1703 3693 1771 3752 "‘,
1805 3706 1977 3759 neque
2020 3705 2115 3760 pe-

549 3782 762 3834 cuniam
798 3792 943 3835 tuam
980 3782 1185 3837 fmuore
1232 3784 1601 3849 occupaveris.
1637 3784 1711 3836 Ex
1745 3780 1919 3837 Veteri
1952 3791 2007 3836 ct
2048 3798 2115 3836 ex

553 3872 704 3927 Novo
738 3873 1087 3930 Testamento
1138 3875 1495 3930 conducibilia
1537 3876 1781 3942 edoctus,
1822 3875 1958 3930 bona
1997 3892 2116 3930 cum

549 3978 643 4031 spe
690 3963 755 4017 ad
801 3964 1087 4020 Dominum
1136 3967 1324 4033 abeas,
1360 3967 1622 4022 bonorum
1659 3983 1882 4037 operum
1921 3984 2119 4021 usuras

549 4053 659 4108 illic
706 4066 1066 4127 recepturus:
1118 4059 1170 4111 in
1201 4059 1417 4113 Christo
1459 4060 1583 4114 Iesu
1631 4060 1856 4114 Domino
1911 4074 2116 4119 nosuo,

549 4147 637 4197 cui
666 4146 831 4216 gloria
863 4156 915 4201 et
942 4148 1227 4216 imperium
1255 4152 1305 4201 in
1334 4152 1525 4203 szecula
1551 4150 1891 4206 saeculorum.
1925 4149 2129 4216 Amen.‘

2222 3324 2474 3393 θερίζεις.
2513 3324 2777 3395 Ἄδηλον,
2833 3326 2937 3377 τίνι
2988 3327 3254 3393 συνάγεις.
3304 3325 3359 3375 '0
3396 3324 3496 3393 μέν
3542 3323 3805 3394 δακρύων

2219 3416 2311 3468 ἐπὶ
2348 3417 2459 3478 τοῖς
2492 3415 2672 3479 τόκοις
2730 3417 3023 3488 πρόδηλος·
3076 3420 3103 3470 ό
3159 3417 3214 3468 δέ
3249 3415 3540 3467 ἀπολαύειν
3585 3416 3803 3486 μέλλων

2218 3506 2318 3575 τῆς
2335 3507 2441 3558 ἀπὸ
2456 3506 2659 3559 τούτων
2686 3510 3001 3579 περιουσίας
3025 3505 3339 3577 ἀμφίϐολος.
3368 3508 3599 3579 Ἀδηλον
3619 3509 3733 3578 γὰρ
3753 3510 3800 3561 εί

2222 3597 2523 3668 μὴξέτέροις
2548 3598 2645 3669 τὴν
2676 3600 2768 3652 ἐπὶ
2798 3598 2874 3668 τῷ
2904 3598 3115 3666 πλούτῳ
3138 3597 3296 3668 χάριν
3324 3597 3435 3667 (67)
3459 3600 3721 3667 ἀφήσεις,
3740 3601 3800 3651 τὸ

2220 3694 2284 3745 ὲκ
2314 3693 2413 3763 τῆς
2438 3694 2650 3757 ἀδικίας
2684 3695 2849 3748 κακὸν
2881 3691 3087 3761 σεαυτῷ
3117 3690 3474 3763 θησαυρίσας.
3504 3693 3669 3753 Μὴτε
3707 3690 3799 3745 οἷν

2219 3783 2327 3837 τὸν
2386 3784 2638 3839 θέλοντα
2690 3784 3078 3836 δανείσασθαι
3128 3782 3546 3850 ἀποστραφῇς,
3586 3782 3683 3832 καὶ
3739 3783 3799 3833 τὸ

2222 3876 2483 3948 ἀργύριόν
2525 3894 2614 3928 σου
2666 3874 2739 3943 μὴ
2781 3871 2884 3941 δῷς
2931 3873 3024 3925 ἐπὶ
3065 3874 3228 3943 τόκῳ,
3280 3875 3386 3935 ἵνα,
3440 3876 3503 3925 ἐκ
3548 3872 3799 3936 Παλαιᾶς

2223 3971 2315 4021 κοιλ¹
2359 3969 2499 4029 Νέας
2546 3966 2817 4035 Διαθήκης
2851 3964 2919 4017 τά
2964 3966 3306 4037 συμφέροντα
3339 3963 3639 4032 διδαχθεὶς,
3677 3969 3798 4032 μετ’

2222 4060 2430 4128 ἀγαθῆς
2474 4061 2572 4127 τῆς
2620 4058 2831 4119 ἐλπίδος
2882 4058 3017 4129 πρὸς
3059 4059 3148 4111 τὸν
3199 4058 3397 4124 Κύριον
3434 4055 3627 4127 ἀπίης,
3680 4059 3801 4110 ἐκεῖ

2220 4151 2343 4211 τοὺς
2370 4148 2563 4211 τόκους
2590 4147 2697 4200 τῶν
2744 4147 2961 4215 ἀγαθῶν
3008 4148 3181 4219 ἔργων
3235 4146 3688 4217 ἀποληψόμενος,
3737 4150 3798 4204 ἐν

546 4231 769 4305 Χριστῷ
810 4235 982 4306 Ἰησοῦ
1022 4237 1099 4309 τῷ
1137 4238 1328 4309 Κυρίῳ
1368 4238 1544 4308 ἡμῶν,
1588 4232 1632 4305 ᾧ
1687 4242 1720 4309 ὴ
1759 4239 1883 4303 δόξα
1925 4240 2018 4291 καὶ
2054 4238 2114 4289 τὸ
2153 4238 2349 4309 κράτος
2380 4240 2459 4302 είς
2493 4240 2617 4302 τοὺς
2646 4239 2847 4303 αἰῶνας
2866 4239 2971 4292 τῶν
3004 4239 3231 4293 αἰώνων.
3276 4239 3467 4311 Ἀμήν.

967 4492 1032 4547 ΙΝ
1070 4493 1340 4549 ΡΒΑΙΔΙΙ]
1353 4495 1397 4547 Μ
1439 4494 1669 4550 XXVIII.

758 4584 1002 4641 Psalmus
1037 4586 1199 4640 David
1229 4588 1282 4639 in
1315 4588 1457 4640 exitu
1488 4605 1521 4640 a
1554 4588 1911 4642 tabernaculo.

625 4679 672 4732 l.
728 4677 977 4734 Psalmus
1044 4678 1329 4733 vicesimus
1396 4686 1619 4734 octavus
1680 4680 1844 4733 habet
1898 4681 2111 4749 quidem

545 4780 753 4842 partem
805 4771 1176 4839 inscriptionis
1221 4786 1593 4833 communem;
1649 4770 1898 4825 Ρειιιηιιιε
1946 4774 2112 4837 enim,

545 4863 743 4934 inquit,
777 4862 1018 4915 Davidi:
1070 4864 1232 4917 habet
1289 4877 1415 4915 vero
1461 4872 1512 4916 et
1563 4863 1763 4931 aliquid
1803 4865 2111 4933 proprium;

2143 4647 2341 4733 ῐ)ι.

2621 4497 2727 4549 ΕΙΣ
2760 4497 2896 4549 TON
2930 4497 3043 4549 KH'
3065 4494 3381 4547 ΨΑΛΜΟΝ.

2388 4587 2635 4655 Ψαλμὸς
2661 4584 2740 4653 τῷ
2766 4587 2941 4641 Δαϐίὸ
2971 4586 3205 4651 ἐξοδίου
3228 4585 3465 4653 σκηνῆς
3493 4583 3603 4653 (68)

2401 4682 2459 4733 ὐ
2491 4681 2735 4745 εἰκοστὸς
2784 4682 2967 4749 ὄγδοος
3010 4678 3221 4748 ψαλμὸς
3270 4678 3381 4747 ἔχει
3438 4677 3536 4746 μὲν
3590 4675 3686 4729 καὶ
3736 4676 3800 4727 τὸ

2220 4773 2397 4827 κοινὸν
2427 4774 2525 4843 τῆς
2562 4774 2873 4844 ἐπιγραφῆς
2892 4789 2905 4802 ο
2938 4769 3183 4839 Ψαλμὸς
3207 4773 3336 4839 γὰρ,
3372 4768 3525 4837 φησὶ,
3571 4767 3653 4833 τῷ
3683 4770 3797 4821 Δα-

2221 4864 2343 4916 ϐίδ·
2378 4863 2489 4932 ἐχει
2520 4863 2575 4915 δέ
2617 4881 2670 4915 τι
2715 4868 2806 4915 καὶ
2859 4861 3087 4925 ἰδιάζον⁸
3120 4858 3439 4929 πρόσκειται
3471 4857 3617 4927 γὰρ,
3666 4856 3795 4921 Ἐξ-

617 4997 661 5028 ιι
692 4996 810 5049 lsai.
840 5010 894 5058 ν,
924 4960 1013 5047 ἑο.
1088 4993 1333 5049 "Judic.
1363 5010 1473 5059 xlv,
1512 4994 1599 5047 tt.
1676 4996 1719 5026 ιο
1748 4996 1938 5049 Matth.
1966 5012 2059 5059 m,
2102 4998 2119 5048 ι

2259 4996 2301 5027 ’⁵⁸
2334 4996 2523 5050 Matth.
2552 5012 2603 5060 ν,
2630 4996 2721 5051 Ω.

620 5108 732 5176 (64)
767 5106 898 5175 Reg.
929 5106 1127 5176 tertius
1148 5103 1492 5176 καταλείπει.
1539 5103 1733 5157 Statim
1770 5104 1917 5176 Colb.
1959 5120 2118 5172 quar-

549 5190 634 5231 tus
671 5174 880 5246 πένητα
906 5175 1114 5245 ἄγχεις.
1160 5174 1362 5228 Ibidem
1398 5175 1540 5227 idem
1574 5176 1739 5228 codex
1775 5175 1990 5243 πνίγεις
2024 5191 2120 5245 pro

542 5264 790 5309 τύπτεις.

618 5318 728 5387 (65)
758 5316 870 5379 Illa,
912 5313 1091 5368 καὶτὸ
1120 5312 1539 5387 γλυκὺΑπικρόν,
1578 5313 1982 5387 addidimusex
2015 5313 2119 5367 Re—

547 5382 914 5460 giissecundo
938 5398 1010 5460 et
1032 5396 1206 5460 sexto.
1240 5382 1554 5460 qura_Reg_.
1587 5384 1855 5460 secundus
1882 5385 1993 5437 ἀπὸ
2027 5402 2118 5460 μιτ

549 5454 915 5527 ἇανθρωπίας.
969 5454 1078 5527 Nec
1116 5456 1271 5527 aliter
1311 5455 1579 5527 legitur-iu
1631 5454 1760 5521 lleg.
1794 5466 1970 5527 sexto,
2023 5454 2115 5507 sed

548 5524 785 5581 seetmtta
823 5541 1005 5578 manu.
1039 5524 1177 5578 Editi
1213 5538 1340 5578 vero
1367 5533 1420 5577 et
1453 5524 1547 5577 alii
1581 5538 1672 5577 sex
1704 5538 1832 5577 mss.
1866 5524 1975 5577 ἀπὸ
2026 5540 2114 5594 μι-

548 5594 893 5666 σανθρώπου.

623 5662 735 5734 (66)
773 5665 864 5718 Sic
896 5663 1060 5719 editio
1101 5663 1293 5726 Basil.,
1328 5677 1487 5734 quam
1532 5662 1859 5731 scripturam
1896 5665 2117 5734 exhibet

552 5733 766 5804 queque
818 5736 948 5802 Heg.
978 5750 1183 5796 sextus,
1221 5750 1324 5804 non
1359 5733 1575 5801 quidem
1607 5734 1776 5799 prima
1810 5749 1992 5797 manu,
2020 5733 2111 5787 sed

554 5803 775 5875 autiQua
830 5815 1031 5861 tamen.
1087 5806 1263 5861 Editio
1297 5803 1471 5859 Paris.
1526 5820 1630 5860 non
1667 5819 1824 5860 secus
1871 5820 1933 5859 ac
1981 5818 2109 5860 mss.

2226 5107 2376 5158 multi
2406 5107 2768 5175 δεκατολόγοι.
2794 5106 2897 5159 Alii
2927 5105 3032 5157 duo
3071 5120 3200 5159 mss.
3234 5104 3637 5175 δεκαστολόγοι.
3670 5109 3791 5165 Mox

2228 5176 2358 5247 Reg.
2396 5180 2599 5241 primus
2628 5178 2727 5240 τάξ
2749 5175 3051 5247 ἐπιλήψεις.
3094 5176 3333 5231 Subinde
3359 5175 3493 5247 Reg.
3518 5184 3792 5236 secundus

2224 5246 2537 5317 ἐπιθέμενοι
2570 5251 2820 5316 πτωχοῖς.

2293 5314 2407 5386 (67)
2441 5318 2530 5370 Sic
2554 5314 2845 5373 octoﬂmss.
2866 5332 2985 5371 cum
3012 5316 3247 5370 editione
3272 5314 3433 5370 Basil.
3467 5317 3645 5370 Editio
3663 5334 3791 5374 vero

2217 5385 2395 5458 [’aris.
2419 5388 2633 5458 πλούτῳ
2670 5388 2863 5458 χάραν.
2912 5387 3031 5458 Mox
3078 5402 3206 5458 mss.
3252 5401 3358 5439 non
3382 5390 3556 5458 _pauci
3590 5388 3659 5439 ἶν’
3703 5392 3789 5445 ἐκ.

2219 5455 2412 5509 Statim
2440 5455 2617 5512 editio
2640 5455 2809 5511 Paris.
2853 5456 3202 5528 συμφέροντά
3229 5474 3328 5510 σοι.
3382 5455 3491 5511 Vox
3523 5474 3605 5510 σοι
3636 5460 3791 5514 abest

2218 5528 2286 5579 ab
2307 5529 2559 5581 omnibus
2597 5543 2723 5581 mss.

2288 5597 2401 5666 (68)
2436 5599 2547 5661 Illa,
2572 5598 2798 5666 Ψαλμδς
2828 5598 2906 5668 τῷ
2930 5598 3093 5652 Δαϐὶδ
3119 5596 3319 5663 ἐξοδίω
3356 5598 3581 5667 σκηνῆς,
3614 5597 3790 5667 legun-

2221 5674 2306 5719 tur
2339 5669 2553 5733 quidem
2586 5670 2637 5721 iu
2666 5669 2993 5723 Colbertinis
3025 5672 3259 5723 secundo
3280 5680 3333 5723 et
3361 5670 3591 5731 septiqu
3639 5681 3692 5721 et
3733 5672 3786 5721 iu

2218 5738 2454 5793 editione
2518 5737 2807 5795 Parisiensi
2862 5758 2875 5793 :
2932 5742 3025 5795 sed
3068 5740 3121 5793 in
3176 5740 3295 5795 aliis
3342 5750 3465 5794 octo
3517 5754 3649 5792 mss.
3693 5743 3787 5793 de-

2219 5816 2363 5862 sunt.
