4016 6454
238 372 346 427 ρει

1368 373 1646 427 HOMlLIA
1688 374 1749 428 IN
1791 374 2123 433 PSALMUM
2163 380 2399 437 XXVIII.

3390 390 3494 442 282

242 490 416 544 οδίου
445 489 703 557 σκηνῆς.
732 489 797 542 Τί
829 489 885 542 δὲ
935 488 1093 543 τοῦτό
1125 491 1272 555 ἐστι;
1324 492 1624 563 Νοήσωμεν
1661 495 1712 546 τί
1745 495 1807 548 τὺ

1924 514 2044 551 nam
2083 500 2316 567 additur,
2371 502 2432 555 In
2478 506 2619 555 exitu
2663 520 2693 554 ιι
2739 503 3093 557 tabernae-uio.
3125 503 3262 570 Quid
3310 516 3491 560 autem

240 580 469 645 ἐξόδιον,
515 581 609 633 καὶ
644 580 727 642 τίς
768 582 801 651 ἡ
843 580 1038 651 σκηνὴ,
1070 581 1156 634 ἵνα
1189 584 1246 636 ὲν
1279 582 1356 652 τῷ
1392 582 1690 655 βουλήματι
1727 585 1822 639 τοῦ

240 670 460 741 ςιαλμοῦ
475 671 789 742 δυνηθῶμεν
818 672 1092 740 γενέσθαι.
1127 675 1269 745 Πρὸς
1305 674 1404 745 μὲν
1429 671 1521 728 οῦν
1550 677 1648 746 τὴν
1685 678 1824 730 ἱστο-

245 760 370 813 οίαν
412 760 551 825 δόξει
584 764 694 824 τοῖς
736 763 941 833 ἱερεῦσι
976 764 1069 815 καὶ
1102 766 1213 826 τοῖς
1247 765 1496 827 Λευίταις
1532 766 1824 836 ἀφεμένοις

241 848 340 901 τοῦ
377 849 537 922 ἔργου
570 850 678 920 (69)
706 852 768 903 τὸ
803 853 1166 922 παράγγελμα
1207 852 1445 905 δίδοσθαι
1472 853 1649 918 τοῦτο,
1684 855 1822 907 ὥστε

247 941 558 1011 μεμνῆσθαι
595 941 703 994 τῶν
733 944 1050 1012 ὀφειλόντων
1079 944 1262 1008 αὐτοῖς
1308 946 1821 1016 παρασκευασθῆναι

244 1032 385 1103 πρὸς
412 1032 507 1103 τὴν
536 1033 803 1105 λατρείαν.
853 1032 1184 1097 Ὲξοδεύουσι
1207 1036 1316 1107 γὰρ
1353 1037 1461 1089 ἀπὸ
1492 1037 1587 1107 τῆς
1620 1037 1821 1106 σκηνῆς

246 1124 344 1177 καὶ
365 1124 566 1190 ἐξιοῦσι
581 1126 761 1180 λοιπὸν
778 1129 805 1179 ό
826 1125 979 1195 λόγος
1000 1128 1428 1200 διαμαρτύρεται
1452 1128 1606 1182 ἆτινα
1627 1129 1823 1193 αὐτοὺς

246 1217 642 1287 ὲτοιμάσαντας
670 1216 936 1287 προσῆκε,
985 1217 1108 1271 τίνα
1158 1218 1380 1287 ἔχοντας
1419 1219 1527 1288 (70)
1562 1218 1697 1288 πρὸς
1725 1217 1823 1288 τὴν

245 1307 378 1377 ἑξῆς
418 1310 726 1378 ἀπαντῆσαι
751 1325 762 1337 ·
812 1310 915 1374 ὅτι,
961 1311 1109 1372 υἱοὺς
1143 1309 1312 1381 κριῶν
1336 1328 1350 1341 ⁸
1397 1313 1499 1375 ὅτι,
1537 1290 1693 1374 δ’άξαν
1729 1313 1823 1364 καὶ

244 1404 414 1473 τιμήν
433 1420 446 1432 ⁸
475 1404 573 1466 ὅτι,
602 1402 755 1467 δόξαν
788 1403 1012 1472 ὀνόματι
1042 1404 1207 1456 αὑτοῦ
1233 1421 1245 1433 ο
1272 1405 1373 1467 ὅτι,
1404 1403 1638 1473 οὐδαμοῦ
1662 1404 1823 1456 ἀλλαο

246 1492 345 1559 χοῦ
376 1492 714 1563 λατρεύεινῆ
754 1495 811 1545 ὲν
855 1496 917 1563 τῇ
962 1495 1097 1563 αὐλῇ
1131 1494 1224 1545 τοῦ
1265 1495 1469 1564 Κυρίου
1519 1494 1611 1545 καὶ
1656 1496 1713 1546 ὲν
1744 1494 1820 1565 τῷ

246 1583 398 1652 τόπῳ
438 1582 529 1634 τοῦ
563 1584 902 1654 ἁγιάσματος
932 1586 1196 1655 προσῆκε.
1236 1586 1377 1655 Πρὸς
1417 1586 1472 1638 δὲ
1504 1586 1595 1639 τὸν
1624 1586 1823 1656 ἡμέτε-

250 1690 341 1745 ρον
367 1674 490 1727 νοῦν
525 1675 617 1727 τὸν
650 1676 716 1727 τὰ
759 1676 935 1746 ὑψηλὰ
967 1677 1294 1747 θεωροῦντα,
1328 1680 1423 1731 καὶ
1474 1678 1560 1731 διὰ
1596 1683 1693 1750 τῆς
1728 1698 1821 1749 με-

244 1765 548 1834 γαλοφυοῦς
594 1768 687 1820 καὶ
742 1767 1147 1839 πρεπούσηςτῇ
1200 1769 1321 1840 Θείᾳ
1350 1771 1538 1841 Γραφῇ
1584 1771 1821 1836 διανοίας

245 1858 551 1912 οἰκειοῦντα
579 1861 711 1929 ἡμῖν
741 1860 831 1911 τὸν
866 1860 1061 1929 νόμον,
1107 1861 1290 1913 ἐκεῖνα
1324 1863 1453 1932 ἡμῖν
1489 1864 1817 1916 ὑποπίπτει*
1856 1840 1893 1895 Β

244 1949 371 2004 οὕτε
404 1950 557 2021 κριὸς
584 1951 643 2003 τὸ
670 1951 835 2024 ἄρρεν
858 1955 912 2004 ὲν
941 1955 1052 2014 τοῖς
1082 1953 1374 2022 προϐάτοις
1426 1958 1645 2017 νοεῖται,
1698 1956 1820 2008 οῦτε

246 2044 422 2114 σκηνὴ
467 2044 527 2096 τὸ
551 2046 615 2097 ἐκ
643 2045 741 2114 τῆς
778 2044 983 2112 ἀψύχου
1029 2043 1232 2113 ταύτης
1264 2043 1396 2115 ῦλης
1422 2048 1818 2117 συμπηγνύμε-

243 2154 337 2190 νον
381 2136 613 2206 οἴκημα,
660 2135 781 2188 οὔτε
824 2134 1000 2198 ἔξοδος
1051 2138 1257 2206 σκηνῆς
1309 2140 1340 2208 ἡ
1394 2140 1501 2193 ἀπὸ
1546 2140 1641 2192 τοῦ
1690 2140 1817 2193 ναοῦ

242 2228 610 2298 ἀναχώρησις,
654 2226 788 2279 ἀλλὰ
822 2227 993 2296 σκηνὴ
1041 2228 1139 2296 μὲν
1174 2232 1305 2298 ἡμῖν
1334 2232 1395 2282 τὸ
1440 2231 1597 2301 σῶμα
1632 2232 1817 2293 τοῦτο,

244 2320 324 2383 ὡς
356 2323 382 2372 ὁ
426 2319 743 2381 Ἀπόστολος
784 2321 930 2388 ἡμᾶς
970 2320 1177 2384 ἐδίδαξε
1206 2321 1398 2390 λέγων,
1442 2325 1524 2375 ὅτι
1558 2328 1619 2378 Ol
1649 2324 1821 2389 ὄντες

240 2413 316 2465 ἐν
348 2411 426 2475 τῷ
466 2409 678 2475 σκήνει
717 2409 1112 2480 στενάζομεν’
1163 2414 1255 2467 καὶ
1294 2414 1455 2467 πάλιν
1496 2418 1523 2469 ὁ
1570 2417 1815 2487 daily/lc-

242 2506 354 2559 Καὶ
378 2504 600 2572 μάστιξ
634 2506 743 2556 οὐκ
770 2504 954 2573 ὲγγιεῖ
996 2505 1074 2570 τῷ
1121 2507 1467 2577 «xm-durati
1510 2527 1646 2565 σου.
1707 2509 1818 2575 Ἐξ-

240 2595 386 2648 όδιον
412 2595 467 2647 δὲ
504 2596 709 2666 σκηνῆς
740 2598 772 2666 ἡ
801 2597 908 2648 ἀπὸ
936 2597 1029 2649 τοῦ
1064 2598 1176 2669 βίου
1222 2600 1413 2653 τούτου
1442 2602 1809 2673 ἀναχώρησις,

238 2685 380 2754 πρὸς
408 2686 473 2755 ἣν
513 2685 1028 2755 παρασκευάζεσθαι
1076 2689 1221 2758 ἡμᾶς
1267 2691 1295 2741 ό
1323 2690 1479 2758 λόγος
1505 2694 1815 2762 παρεγγυᾷ,

238 2776 369 2829 τάδε
399 2776 521 2830 τινὰ
541 2778 634 2830 καὶ
657 2777 778 2831 τάδε
813 2779 1137 2847 κομίζοντας
1164 2779 1240 2851 τῷ
1266 2781 1456 2853 Κυρίῳ
1476 2800 1489 2813 ·
1526 2784 1754 2855 ἐπείπερ
1784 2787 1816 2855 ή

243 2869 477 2923 ἐνταῦθα
507 2870 739 2940 ἐργασία
772 2871 980 2939 ἐφόδιόν
1003 2874 1118 2924 ἐστι
1145 2873 1281 2943 πρὸς
1316 2873 1375 2927 τὺ
1409 2875 1624 2944 μέλλον.
1659 2878 1767 2929 Καὶ
1792 2880 1821 2930 ό

240 2961 475 3015 ἐνταῦθα
502 2961 588 3014 διὰ
612 2961 719 3014 τῶν
740 2963 960 3030 ἀγαθῶν
988 2963 1163 3034 ἔργων
1199 2964 1309 3034 (7|)
1339 2966 1495 3029 δόξαν
1519 2968 1702 3037 φέρων
1728 2970 1820 3022 καὶ

238 3053 410 3123 τιμὴν
445 3054 523 3124 τῷ
557 3054 766 3124 Κυρίῳ,
798 3050 953 3116 οὗτος
972 3054 1129 3117 δόξαν
1156 3056 1330 3126 ἑαυτῷ
1353 3058 1446 3109 καὶ
1474 3059 1640 3127 τιμὴν
1679 3060 1819 3114 κατὰ

238 3147 343 3215 τὴν
372 3147 584 3199 δίκαίαν
614 3145 707 3198 τοῦ
732 3144 917 3215 κριτοῦ
946 3146 1301 3200 ἀνταπόδοσιν
1333 3147 1668 3221 θησαυρίζει.
1729 3153 1817 3204 Ἐν

241 3235 455 3297 πολλοῖς
502 3235 682 3303 μέντοι
711 3233 819 3285 τῶν
847 3234 1198 3305 ἀντιγράφων
1236 3240 1630 3311 προσκείμενον
1661 3240 1719 3293 εὖ
1731 3259 1817 3312 ρο-

244 3342 346 3395 μεν
368 3326 447 3387 τὸ,
488 3325 791 3394 Ἐνέγκατε
825 3327 907 3392 τῷ
938 3330 1151 3395 Κυρίῳ,
1187 3331 1304 3383 υἱοὶ
1336 3333 1504 3387 Θεοῦ.
1535 3335 1642 3387 Καὶ
1667 3335 1817 3388 ἐπεί-

241 3435 350 3487 περ
395 3418 453 3469 οὐ
502 3419 700 3483 παντὸς
741 3420 913 3493 δῶρον
959 3422 1353 3493 εὐπρόσδεκτον
1387 3425 1467 3496 τῷ
1512 3427 1651 3497 Θεῷ,
1682 3428 1816 3484 ἀλλὰ

238 3508 336 3560 τοῦ
378 3509 485 3562 ἀπὸ
535 3511 760 3583 καρδίας
815 3514 1183 3583 προσάγοντος
1236 3516 1512 3586 καθαρᾶς·
1572 3523 1654 3573 Οὐ
1708 3522 1817 3590 γὰρ

236 3599 417 3668 drral
441 3601 576 3671 (72),
608 3604 791 3673 φησιν,
813 3604 981 3671 εὐχαὶ
1012 3604 1130 3656 ἀπὸ
1153 3606 1531 3675 μισθώματος
1556 3610 1812 3678 ἑταᾲιαςο

236 3692 337 3745 καὶ
362 3693 521 3747 πάλιν
544 3694 826 3765 Ἱερεμίας,
854 3694 950 3767 Μὴ
977 3697 1170 3763 εὐχαὶ,
1203 3699 1355 3767 φησι,
1386 3699 1485 3751 καὶ
1506 3701 1649 3767 κρέα
1680 3703 1816 3772 ἅγια

236 3782 546 3850 (ipsiet?ch
574 3799 690 3837 σου
724 3784 825 3849 τὰς
872 3787 1105 3852 κακίας,
1149 3787 1187 3856 ἢ
1227 3790 1460 3855 τούτοις
1489 3790 1606 3858 ἔσῃ
1636 3798 1813 3847 καθα-

232 3877 343 3945 ρός
361 3891 379 3937 ;
409 3875 595 3946 διόπερ
618 3878 645 3928 ὁ
672 3877 883 3948 ψαλμὸς
918 3882 1180 3952 πρότερον
1204 3884 1349 3952 ἡμᾶς
1382 3884 1628 3954 βούλεται
1666 3890 1813 3954 υίοὺς

235 3962 548 4027 εἷναιΘεοῦ,
574 3963 692 4019 εἶτα
720 3969 838 4021 τότε
863 3973 1108 4043 ἁπαντᾷν
1133 3976 1225 4026 ἐπὶ
1250 3975 1309 4027 τὸ
1335 3979 1724 4048 προσκομίζειν
1748 3983 1813 4036 τὰ

231 4055 387 4127 δῶρα
407 4058 484 4128 τῷ
508 4058 646 4129 Θεῷ,
680 4060 773 4112 καὶ
795 4061 966 4114 ταῦτα
993 4066 1053 4116 οὐ
1086 4066 1153 4118 τὰ
1185 4070 1434 4137 τυχόντα,
1464 4070 1579 4123 ἀλλ’
1605 4067 1690 4124 οἷα
1719 4074 1813 4127 αὑ-

231 4149 329 4213 τὸς
359 4150 654 4215 διετάξατο.
682 4153 948 4226 Πρότερον
966 4156 1105 4219 εἰπὲ,
1127 4159 1325 4230 Πάτερ,
1357 4158 1473 4214 εἶτα
1503 4164 1721 4233 αἴτησον
1746 4165 1812 4218 τὰ

236 4243 456 4314 ἐφεξῆς.
492 4247 795 4316 Δοκίμασον
824 4249 879 4301 δὲ
904 4249 1122 4301 σεαυτὸν
1150 4254 1213 4304 ὲκ
1237 4256 1480 4309 ποταποῦ
1506 4256 1619 4325 βίου
1644 4260 1812 4329 ἀπήν-

230 4353 440 4403 τηκας·
476 4338 523 4387 εί
555 4336 701 4399 ἄξιος
730 4334 780 4389 εἷ
812 4340 943 4392 Θεὸν
994 4342 1086 4393 τὸν
1128 4343 1280 4409 ἅγιον
1332 4347 1541 4417 πατέρα
1582 4351 1808 4403 σεαυτοῦ

229 4426 542 4493 ὀνομάζειν.
575 4430 651 4478 Δι’
672 4430 940 4499 άγιασμοῦ
976 4436 1123 4487 ἐστιν
1143 4435 1274 4503 ἡμῖν
1305 4438 1337 4504 ἡ
1374 4438 1511 4507 πρὸς
1536 4440 1626 4492 τὸν
1657 4442 1809 4509 ἆγιον

1928 591 2026 643 hoc
2056 591 2174 645 eSI?
2205 593 2618 647 Cousideremus
2644 595 2767 662 qois
2795 595 2863 647 sit
2894 593 2981 648 ille
3008 596 3200 660 exitus,
3230 605 3285 649 et
3313 600 3491 664 quotl-

1926 696 2044 733 nam
2087 682 2159 735 sit
2203 682 2330 736 illutl
2376 683 2799 746 tabernaculum,
2838 692 2895 737 ιιι
2948 684 3140 738 Psalmi
3189 684 3492 752 intelligen-

1926 772 2052 824 tiam
2093 771 2252 843 114
2277 774 2489 841 assequi
2534 774 2827 826 valeamus.
2872 772 3022 839 Quod
3053 775 3215 843 igitur
3250 776 3489 843 pertinet

1924 867 1988 917 ad
2031 866 2337 928 historiam,
2368 865 2420 918 id
2450 864 2702 933 praecepti
2734 864 3006 918 videbitur
3036 866 3405 919 sacerdotibus
3435 877 3491 921 et

1923 957 2100 1011 levitis
2128 972 2291 1025 opere
2323 955 2523 1010 inuictis
2549 956 2732 1010 datum
2758 971 2897 1019 esse,
2928 966 2984 1009 ut
3011 972 3198 1011 eorum
3232 974 3349 1027 quae
3376 974 3403 1010 a
3432 974 3493 1013 se

1923 1049 1987 1100 ad
2037 1047 2394 1101 ministerium
2446 1047 2738 1116 praeparari
2793 1048 3005 1107 debent,
3054 1050 3491 1103 rortniuiscantur.

1924 1140 2257 1196 Exeuntibus
2288 1140 2427 1191 enim
2459 1157 2490 1194 e
2533 1138 2905 1205 tabernaculo,
2939 1139 3210 1209 Scriptura
3245 1157 3367 1193 mox
3399 1142 3495 1195 de-

1923 1233 2114 1297 clarat,
2147 1248 2266 1300 qua:
2301 1232 2445 1300 ipsos
2481 1246 2698 1300 parasse
2748 1246 2845 1300 par
2883 1231 2974 1293 sit,
3007 1239 3061 1284 et
3088 1247 3205 1298 qua:
3248 1240 3496 1301 oporteat

1926 1326 2141 1387 habere,
2178 1334 2233 1376 ut
2280 1324 2344 1375 ad
2396 1332 2709 1391 sequentem
2759 1324 2899 1378 diem
2948 1324 3288 1386 conueniant,
3332 1325 3489 1377 ttitui-

1925 1432 2040 1469 rum
2093 1416 2229 1469 lilios
2282 1417 2534 1478 arietmn,
2569 1415 2818 1484 gloriam,
2855 1415 3136 1477 honorem,
3169 1426 3224 1467 et
3267 1414 3490 1483 gloriam

1925 1508 2127 1560 nomini
2166 1508 2317 1574 ejus;
2360 1510 2508 1569 item,
2541 1522 2805 1576 nusquam
2843 1508 2965 1561 alibi
3010 1507 3111 1560 nisi
3153 1508 3206 1560 in
3242 1510 3359 1560 aula
3395 1508 3494 1561 Do-

1924 1602 2050 1653 tniui
2080 1611 2132 1653 et
2157 1601 2465 1654 sanctitatis
2490 1600 2607 1653 loco
2630 1600 2827 1654 cultum
2844 1601 3084 1654 exhiberi
3109 1601 3320 1654 debere.
3344 1601 3495 1667 Quod

1926 1707 2051 1745 vero
2087 1694 2153 1743 ad
2188 1692 2292 1742 vim
2328 1690 2659 1760 intelligendi
2698 1701 2937 1743 nostram
2984 1701 3210 1758 spectat,
3245 1692 3494 1745 sublimia

1923 1781 2396 1846 contemplantem,
2425 1789 2583 1848 atque
2617 1780 2897 1849 magniﬁca
2931 1783 3175 1849 quaedam
3208 1796 3269 1836 ac
3297 1783 3494 1835 divinze

1925 1874 2219 1942 Scriptura:
2281 1871 2622 1926 convenienti
2688 1871 3039 1937 intelligentia
3103 1872 3271 1942 legem
3341 1872 3494 1926 nobis

1925 1964 2241 2017 familiarem
2303 1963 2648 2027 reddentem,
2707 1963 2794 2016 illa
2850 1964 3002 2015 nobis
3061 1973 3388 2029 occurrunt,
3439 1972 3495 2016 ιιι

1924 2072 2098 2124 tn-que
2129 2056 2269 2109 aries
2304 2070 2417 2108 mas
2446 2056 2586 2108 inter
2606 2070 2732 2109 oves
2764 2054 3074 2122 accipiatur,
3109 2070 3283 2123 neque
3316 2057 3495 2110 taber-

1923 2148 2171 2200 naculum
2201 2146 2488 2200 zedilicium
2521 2163 2587 2201 ex
2622 2147 2722 2201 hac
2752 2147 3044 2201 inauimata
3079 2146 3300 2200 materia
3345 2161 3465 2201 com

1922 2250 2155 2307 pactum,
2206 2253 2376 2305 neque
2426 2241 2602 2291 exitus
2654 2252 2683 2291 a
2738 2238 3090 2292 tabernaculo
3145 2239 3413 2294 discessus
3462 2254 3493 2293 ιι

1924 2329 2174 2395 lemplt):
2225 2330 2317 2380 sed
2382 2326 2480 2379 hoc
2538 2336 2779 2379 nostrum
2836 2340 3029 2392 corpus
3088 2325 3493 2380 tabernaculum

1924 2418 2077 2471 nobis
2125 2428 2206 2468 est
2246 2434 2261 2469 :
2299 2426 2356 2471 ut
2402 2432 2499 2469 nos
2546 2416 2727 2470 docuit
2771 2415 3079 2483 Apostolus.
3119 2415 3304 2468 dicens
3342 2434 3355 2468 :
3391 2416 3495 2481 Qui

1921 2526 2101 2563 sumus
2152 2511 2205 2561 in
2252 2509 2348 2562 hoc
2394 2508 2735 2561 tabernacqu
2770 2507 3155 2575 ingemiscimus
3185 2507 3254 2558 ".
3292 2505 3359 2559 Et
3398 2508 3493 2559 ite-

1924 2614 2094 2656 terum
2142 2602 2426 2669 psalmus:
2467 2598 2533 2652 Et
2585 2600 2850 2669 ﬂagellant
2906 2615 3010 2651 non
3057 2596 3494 2667 appropinquubit

1921 2694 2257 2748 tabernmulo
2315 2704 2408 2745 tuo
2446 2692 2512 2744 ⁸³.
2572 2691 2762 2744 Exitus
2814 2699 2991 2742 autem
3046 2704 3073 2741 a
3126 2687 3494 2751 tabernaculo,

1919 2785 2189 2839 discessus
2232 2782 2299 2835 ab
2343 2781 2443 2834 hac
2490 2782 2596 2832 vita
2643 2790 2748 2842 est,
2781 2780 2849 2832 ad
2897 2793 3054 2844 quem
3098 2777 3180 2830 hae
3206 2793 3367 2832 voces
3398 2794 3495 2833 nos

1922 2875 2207 2947 praeparari
2257 2872 2444 2942 iubent
2497 2872 2592 2935 ita,
2636 2881 2693 2924 ut
2744 2880 2801 2926 et
2845 2873 2978 2936 htec,
3031 2879 3087 2924 et
3134 2869 3220 2923 illa
3268 2870 3494 2925 Domino

1921 2970 2207 3024 aderamus
2240 2985 2252 3021 :
2283 2966 2551 3036 siquidem
2605 2979 2725 3034 qum
2781 2979 2923 3018 nunc
2957 2973 3214 3031 aguntur,
3241 2964 3493 3018 viaticum

1920 3062 1984 3114 ad
2014 3060 2247 3114 futuram
2281 3058 2445 3111 vitam
2472 3065 2620 3110 sunt;
2652 3055 2718 3109 Et
2748 3055 2838 3123 qui
2872 3054 2958 3107 hic
2989 3054 3213 3121 gloriam
3245 3063 3299 3107 et
3328 3055 3494 3108 hono-

1919 3168 2032 3207 rem
2062 3150 2290 3204 Domino
2314 3163 2409 3217 per
2431 3148 2568 3200 bona
2600 3160 2764 3211 opera
2788 3146 2963 3210 allert,
2991 3146 3035 3198 is
3060 3144 3161 3199 sibi
3187 3145 3411 3215 gloriam
3440 3155 3494 3199 et

1921 3244 2177 3297 honorem
2222 3255 2289 3295 ex
2329 3238 2473 3308 iusta
2510 3237 2708 3306 judicis
2743 3236 3177 3292 remuneratione
3225 3238 3493 3307 congerit.

1918 3335 1973 3388 ln
2018 3331 2197 3385 multis
2246 3342 2425 3384 autem
2465 3328 2863 3397 exemplaribus
2909 3328 3145 3381 additum
3195 3330 3493 3398 reperimus

1920 3426 2092 3479 illud:
2130 3423 2325 3491 Alfene
2382 3420 2624 3479 Domino,
2657 3418 2754 3485 ﬁlii
2787 3417 2903 3472 Dei.
2959 3418 3023 3471 Et
3076 3420 3327 3487 quoniam
3388 3436 3493 3475 non

1918 3515 2154 3580 Cujusvis
2207 3514 2405 3566 donum
2459 3511 2567 3565 Deo
2621 3521 2899 3579 acceptum
2948 3519 3051 3574 est,
3085 3514 3177 3565 sed
3229 3511 3367 3581 ejus,
3401 3515 3493 3581 qui

1917 3608 2043 3661 illud
2094 3606 2257 3659 corde
2306 3620 2439 3674 puro
2501 3604 2658 3658 aliert
2694 3623 2709 3660 :
2752 3601 2876 3656 Non
2919 3605 3079 3669 enim,
3121 3604 3317 3673 inquit,
3357 3621 3492 3673 pura

1915 3710 2033 3754 vota
2066 3702 2127 3753 de
2157 3698 2392 3753 mercede
2432 3698 2720 3749 meretricis
2748 3696 2825 3759 “;
2863 3706 2915 3749 et
2962 3710 3149 3748 rursus
3176 3694 3438 3749 Jeremias
3473 3712 3489 3750 :

1917 3792 2173 3859 Nunquid
2213 3803 2331 3844 vota
2362 3833 2376 3856 ,
2433 3789 2623 3857 inquit,
2665 3798 2711 3840 et
2766 3803 2951 3841 carnes
3004 3797 3199 3840 sancta:
3249 3786 3491 3853 auferent

1916 3887 2143 3938 malitias
2193 3894 2331 3940 tuas,
2366 3894 2455 3932 aut
2504 3890 2716 3948 propter
2761 3880 2865 3932 ista
2914 3895 3076 3945 purus
3121 3879 3225 3931 eris
3252 3877 3334 3930 “‘i
3370 3878 3492 3932 ideo

1916 3979 2150 4047 psalmus
2184 3974 2297 4028 vult
2344 3988 2443 4027 nos
2478 3973 2627 4042 prius
2657 3972 2794 4026 tilios
2831 3972 2919 4026 Dei
2951 3987 3071 4025 esse
3106 3991 3118 4025 ς
3150 3971 3339 4025 deinde
3379 3980 3490 4025 tan-

1914 4070 2031 4120 dem
2064 4067 2129 4118 ad
2162 4066 2432 4120 alferenola
2470 4065 2574 4117 Deo
2605 4065 2744 4118 dona
2781 4066 3061 4126 accedere,
3094 4078 3190 4117 nec
3214 4064 3485 4133 quaelibet,

1912 4158 2004 4213 sed
2034 4173 2152 4226 qua:
2179 4159 2293 4226 ipse
2328 4155 2738 4226 praescripserit.
2769 4155 2922 4208 Prius
2954 4155 3056 4216 dic,
3088 4154 3269 4216 Pater,
3299 4156 3488 4208 deinde

1910 4264 2032 4321 pete
2062 4266 2180 4320 qua:
2218 4258 2536 4317 sequuntur.
2574 4247 2831 4314 Expende
2875 4254 3054 4299 autem
3101 4256 3151 4299 te
3190 4246 3384 4313 ipsum,
3418 4261 3485 4301 ex

1910 4343 2053 4412 quali
2079 4346 2183 4395 vita
2209 4342 2465 4401 accedas;
2500 4356 2567 4392 an
2595 4339 2786 4408 dignus
2806 4339 2879 4392 sis
2897 4340 2986 4404 qui
3015 4350 3261 4393 sanctum
3294 4339 3483 4401 Deum,

1911 4448 2116 4505 patrem
2168 4446 2317 4488 tuum
2362 4431 2615 4500 appelles.
2660 4430 2752 4483 Est
2801 4430 2950 4482 nobis
2997 4444 3119 4481 cum
3164 4438 3351 4482 sancto
3388 4446 3486 4498 per

230 4518 528 4580 οἰκείωσις.
571 4520 632 4571 Ei
679 4521 855 4588 βούλει
893 4525 979 4576 ἀεὶ
1028 4526 1137 4594 (75)
1186 4526 1296 4590 υίὸς
1331 4528 1423 4579 τοῦ
1464 4531 1617 4595 ἁγίου
1647 4528 1800 4597 εἶναι,

1918 4532 2319 4587 sanctimoniam
2373 4527 2739 4590 necessitudo,
2778 4524 3245 4595 familiaritasque.
3296 4526 3352 4580 Si
3401 4527 3484 4582 vis

230 4610 506 4678 ἀγιασμός
557 4629 615 4664 σε
662 4613 989 4669 υίοθετείτω.
1049 4619 1338 4685 Ἐνέγκατε
1383 4617 1477 4672 οῦν
1509 4622 1585 4691 τῷ
1616 4625 1802 4694 Κυρίῳ

228 4702 333 4770 οὐχ
388 4702 436 4751 οἱ
474 4706 747 4773 τυχόντες.
778 4707 896 4760 οὐδὲ
925 4710 971 4760 oi
1009 4712 1072 4762 ὲκ
1094 4712 1202 4764 τῶν
1242 4714 1529 4783 τυχόντων,
1559 4715 1673 4767 ἀλλ’
1699 4719 1804 4770 υἱοὶ

229 4792 328 4845 τοῦ
379 4791 529 4845 Θεοῦ.
570 4798 795 4865 Μεγάλα
848 4798 1027 4868 μέλλει
1080 4802 1354 4874 ἐπιζητεῖν
1388 4806 1453 4857 τὰ
1503 4805 1683 4876 ὦψα-
1715 4807 1800 4860 δά

228 4884 391 4936 τοῦτο
443 4885 706 4954 μεγάλους
737 4890 1017 4958 ἐκλέγεται
1047 4894 1172 4956 τοὺς
1227 4897 1653 4966 προσφέροντας.
1686 4900 1801 4951 Ἵνα

228 4976 341 5046 γάρ
393 4993 483 5029 σου
543 4978 614 5048 μὴ
675 4982 802 5052 ῥίψῃ
858 4984 1028 5053 χαμαὶ
1059 4986 1185 5048 τοὺς
1218 4987 1532 5057 λογισμοὺς,
1566 4991 1700 5057 μηδὲ
1740 5009 1798 5044 σε

230 5068 436 5139 ποιήσῃ
470 5067 621 5138 κριὸν
661 5070 722 5121 τὸ
768 5072 958 5140 ἄλογον
1000 5073 1157 5126 τοῦτο
1197 5078 1503 5147 τετράπουν
1549 5081 1644 5132 καὶ
1675 5082 1804 5152 βλη-

227 5158 453 5227 χητικὺν
487 5159 625 5223 ζῶον
659 5160 958 5233 ἐπιζητεῖν,
1002 5164 1077 5225 ὡς
1116 5166 1180 5218 ἐκ
1224 5169 1323 5237 τῆς
1372 5169 1562 5221 τούτου
1612 5169 1803 5235 θυσίας

300 5302 345 5334 δ’
371 5306 408 5357 ιι
443 5306 567 5359 Cor.
599 5324 629 5361 v
680 5308 731 5361 4.
810 5310 853 5339 ⁵³
877 5312 1015 5367 l’sal.
1050 5326 1134 5375 xc,
1164 5313 1245 5364 10.

304 5442 413 5525 L6?)
447 5444 575 5511 Τοῖς
593 5448 835 5525 ,ζερεῦσι
862 5451 957 5502 καὶ
992 5452 1114 5517 τοῖς
1150 5456 1423 5521 Λευῖταις
1471 5456 1794 5525 ἀφεμένοις

227 5514 333 5568 τοῦ
361 5514 557 5597 ἔρχεο.
593 5518 771 5597 γει-ιθ,
792 5514 1158 5597 _s_acerdolibus
1186 5536 1230 5575 et
1277 5514 1444 5579 levitis
1470 5514 1598 5596 opus
1627 5514 1791 5597 negti:

226 5598 399 5647 .16!th
424 5586 754 5653 facientibus.
789 5590 995 5644 MARAN.

298 5654 721 5738 (79)’Colh‘er_tiui
757 5665 1102 5738 secttudttiet
1143 5675 1367 5738 quartus
1486 5686 1606 5720 τινα
1641 5667 1792 5738 ἕχον-

232 5724 496 5806 εςρςζίιιίιςςι
530 5726 679 5780 Culb.
715 5732 978 5806 secundus
1014 5724 1243 5806 θεωρίας
1269 5752 1363 5801 pro
1390 5724 1645 5801 διανοίας.

297 5794 405 5853 [71)
435 5797 523 5850 Sic
546 5808 903 5878 SPnlflllutllSS.
932 5801 1071 5859 Editi
1102 5794 1369 5861 vei-oculi:
1403 5806 1585 5878 llegiis
1608 5794 1790 5878 primo

226 5877 279 5915 ct
319 5878 508 5930 quarto
548 5869 728 5920 καλῶν
755 5869 947 5938 ἔργω-ι.

1326 5316 1369 5348 δ’*
1404 5316 1560 5369 Ριυν.
1607 5334 1723 5381 xix,
1759 5322 1843 5375 15.

1911 4637 2123 4690 semper
2166 4621 2303 4672 {ilius
2349 4618 2519 4672 sancti
2554 4634 2695 4681 esse,
2727 4620 2985 4673 sanctitas
3019 4627 3069 4672 te
3097 4619 3197 4672 sibi
3240 4633 3336 4686 pro
3376 4618 3483 4671 lilio

1912 4716 2147 4782 adaptet.
2191 4711 2388 4764 Aﬂ‘erte
2419 4712 2599 4780 itaque
2632 4710 2861 4764 Domino
2894 4724 2999 4761 non
3031 4709 3278 4777 quilibet,
3311 4724 3483 4775 neque

1911 4824 1974 4862 ex
1999 4802 2326 4874 quiluslioct
2353 4803 2617 4872 prognati.
2650 4802 2742 4855 sed
2771 4802 2862 4854 lilii
2894 4800 3008 4854 Dei.
3034 4800 3372 4866 Qumsiturus
3401 4812 3482 4853 est

1912 4902 2044 4952 dona
2079 4913 2301 4966 magna;
2346 4897 2464 4948 ideo
2508 4910 2728 4963 magnos
2766 4895 2909 4948 viros
2935 4894 3085 4962 eligit
3109 4894 3198 4962 qui
3228 4892 3478 4947 oﬂerant.

1912 4988 2119 5042 Etenim
2158 5003 2223 5039 ne
2260 4999 2377 5040 tuas
2413 4984 2765 5055 cogitationes
2805 4983 2946 5037 humi
2997 4984 3235 5053 dejiciat,
3266 4998 3396 5037 neve
3426 4984 3477 5036 in

1906 5094 2068 5133 causa
2104 5081 2196 5141 sit,
2228 5095 2325 5132 cur
2366 5079 2589 5130 arietem
2643 5077 2857 5129 brutum
2908 5074 3036 5128 illttd
3079 5077 3384 5144 quadrupes
3425 5083 3480 5125 et

1906 5173 2091 5225 balans
2142 5170 2340 5224 animal
2385 5170 2647 5237 inquiras,
2679 5179 2937 5237 tanquam
2987 5168 3087 5221 hac
3128 5168 3227 5220 ista
3259 5164 3474 5220 victima

1922 5324 1965 5352 ⁵δ
1999 5320 2199 5374 Jerem.
2248 5337 2324 5385 xl,
2360 5320 2442 5374 15.

1967 5459 2081 5524 (72)
2148 5459 2261 5509 Duo
2301 5458 2383 5510 illa
2438 5473 2557 5527 quae
2605 5459 2689 5512 hic
2734 5461 3089 5528 proferuntur
3137 5461 3468 5524 testimonia,

1894 5530 2121 5580 :tllCtlltll
2153 5548 2180 5577 «τ
2200 5529 2529 5592 Proverbiis,
2557 5532 2783 5584 alterum
2813 5549 2841 5585 e
2867 5529 3120 5593 Jeremia,
3154 5532 3204 5583 in
3230 5531 3341 5583 suis
3370 5547 3469 5582 no-

1896 5600 1963 5651 tis
1989 5601 2233 5671 illustrat
2261 5602 2503 5671 intuens.
2538 5601 2656 5653 Mox
2694 5602 2856 5668 aliqui
2898 5615 3028 5654 mss.
3072 5602 3163 5653 ἐπὶ
3192 5600 3283 5671 τῷῗ
3304 5617 3469 5671 προσ.

1964 5668 2075 5737 (75)
2116 5669 2223 5721 Vox
2259 5668 2343 5719 ἀεί
2374 5670 2526 5723 deest
2554 5672 2604 5723 in
2642 5671 2796 5725 Colb.
2825 5684 3039 5735 quarto.
3076 5671 3215 5724 Infra
3244 5668 3471 5724 Colber-

1895 5740 1989 5790 riui
2026 5742 2291 5793 semunlus
2318 5748 2371 5791 et
2410 5751 2633 5807 quartus
2672 5751 2725 5794 et
2766 5739 2853 5793 alii
2885 5742 2989 5795 duo
3022 5739 3172 5795 mss.’
3195 5741 3467 5795 ίλεοῦσοαι

1890 5808 1981 5881 τόν
2029 5809 2383 5881 Κύριον-δε]
2417 5812 2507 5863 alii
2538 5826 2630 5865 Sex
2685 5827 2814 5866 mss.
2848 5827 2999 5881 :eque
3050 5826 3113 5865 ac
3137 5813 3263 5867 editl
3296 5811 3467 5866 ἱλεοῦ-

1896 5876 2019 5933 σθαι
2051 5876 2141 5927 τις»
2165 5878 2314 5930 Θεόν.
