4016 6430
562 342 668 395 ass

1908 339 1966 388 S.
2008 333 2247 388 BASlLll
2291 327 2503 386 MAGNI

3721 345 3822 393 25/3

560 471 807 524 sperares
853 456 1015 509 Deum
1068 454 1330 522 placatum
1378 455 1440 506 iri
1472 473 1483 506 :
1514 455 1744 521 Alferte,
1792 453 1986 518 inquit,
2037 451 2126 503 Do-

2244 449 2545 520 προσδοκᾷν
2584 448 2852 502 ίλεοῦσθαι
2878 449 2966 503 τὸν
2990 450 3142 511 Θεὸν,
3187 451 3520 520 Ἐνέγκατε,
3558 456 3721 522 φησὶ,
3747 449 3821 516 τῳ

561 551 719 608 mino,
769 549 876 616 filii
934 548 1048 602 Dei.
1095 546 1276 615 Neque
1322 548 1462 599 enim
1522 562 1659 614 opus
1723 544 1831 613 jam
1881 546 2008 608 lilio,
2077 556 2132 594 ut

560 641 725 694 lilium
755 642 928 709 ipsmu
970 637 1184 692 offeras.
1221 638 1324 691 Sed
1365 639 1406 692 si
1441 637 1582 690 ﬁlius
1610 648 1692 690 est
1719 636 1994 707 quidpiam
2023 652 2134 686 ma—

560 749 747 800 gnum,
781 733 939 784 etiam
987 731 1035 783 itl
1077 731 1217 799 quod
1255 730 1497 791 oll'ertur,
1531 729 1806 796 quidpiam
1855 743 2130 795 magnum,

561 832 614 875 et
647 821 738 873 lilii
773 822 1034 875 cbaritate
1076 836 1142 874 ac
1197 831 1417 890 paterna
1454 819 1712 887 dignitate
1745 820 1960 886 dignum
2012 832 2133 872 esse

560 927 737 979 operae
791 914 1020 981 pretium
1076 922 1176 966 est.
1221 911 1416 980 A/ferte
1463 913 1658 978 igitur,
1719 909 1930 977 inquit,
1989 909 2131 976 ﬁlios

560 1005 807 1058 arietum.
851 1011 907 1055 ιιι
959 1004 992 1055 ii
1051 1004 1214 1056 etiam
1273 1003 1359 1068 qui
1418 1018 1445 1054 a
1504 1001 1655 1054 vobis
1711 999 2027 1065 olleruntur,
2064 1017 2130 1055 cx

560 1098 684 1150 liliis
716 1099 946 1150 arietum
975 1097 1026 1150 in
1066 1096 1204 1150 lilios
1243 1097 1332 1150 Dei
1365 1104 1811 1148 transmuteutur.

630 1188 684 1240 2.
727 1189 884 1240 Aries
942 1188 1140 1240 animal
1194 1197 1273 1241 est
1330 1188 1684 1256 principatum
1740 1197 1944 1246 tenens,
1990 1187 2129 1254 quod

565 1278 722 1348 115
757 1294 885 1332 oves
921 1279 1190 1331 antecedit
1228 1280 1291 1331 ad
1327 1294 1520 1345 pascua
1548 1280 1762 1346 pabula,
1787 1290 1840 1331 et
1871 1279 1932 1331 ad
1960 1294 2128 1347 aqua-

562 1385 679 1422 rum
711 1371 974 1429 levamen,
1009 1385 1298 1438 rursusque
1341 1371 1406 1422 ad
1453 1369 1723 1422 stabulum
1752 1379 1806 1421 et
1834 1370 1898 1420 ad
1922 1370 2126 1422 caulas.

561 1460 719 1515 Tales
765 1464 930 1515 etiam
988 1472 1111 1515 sunt
1155 1463 1374 1530 quidam
1419 1461 1596 1529 gregis
1629 1458 1824 1513 Christi
1870 1461 2127 1528 praefecti,

560 1554 650 1622 qtti
687 1552 832 1604 illum
865 1553 927 1604 ad
953 1553 1138 1604 ﬂorida
1175 1562 1226 1604 et
1259 1551 1529 1604 odorifero
1556 1552 1811 1607 doctrinae
1834 1551 2130 1620 spiritualis

558 1642 750 1713 pabula
787 1644 1073 1705 deducunt,
1104 1657 1165 1694 ac
1203 1640 1407 1710 Spiritu
1453 1653 1640 1696 sancto
1674 1643 1955 1713 largiente,
1990 1659 2126 1711 aqua

559 1735 674 1787 viva
728 1735 973 1803 irrigant,
1010 1743 1063 1788 et
1097 1735 1332 1802 erigunt,
1367 1745 1420 1787 et
1460 1734 1525 1786 ad
1560 1733 1789 1787 fructum
1831 1736 2130 1802 producen-

2236 543 2447 606 Κυρίῳ,
2483 543 2595 594 vlol
2634 541 2801 596 Θεοῦ.
2847 543 2920 594 0'3
2949 542 3055 613 γὰρ
3090 543 3206 595 υίοῦ
3232 545 3409 614 χρεία,
3439 547 3527 597 ἵνα
3556 547 3678 597 υἱὸν
3728 548 3821 598 αύ-

2238 631 2328 684 τὺν
2363 633 2652 706 προσφέρῃ
2685 634 2819 703 (74),
2851 635 2965 687 ἀλλ’
2998 637 3044 687 εἰ
3082 635 3222 705 μέγα
3257 654 3307 687 τι
3341 639 3368 687 ὁ
3403 637 3539 700 υἱὸς,
3577 640 3726 708 μέγα
3771 656 3819 690 τι

2236 725 2327 776 καὶ
2353 725 2570 789 ἐπάξιον
2604 727 2700 797 τῆς
2733 744 2790 778 τε
2821 727 2937 780 υἱοῦ
2963 727 3260 790 διαθέσεως
3293 730 3386 780 καί
3409 730 3508 800 τῆς
3539 732 3819 802 πατρικῆς

2236 811 2386 875 ἀξίας
2423 814 2482 866 τὸ
2511 817 2950 886 προσφερόμενον
2985 813 3122 871 εἶναι
3148 818 3447 888 προσῆκεν.
3491 823 3665 888 Υίοὺς
3696 819 3814 884 οὖν,

2237 907 2418 976 φησιν,
2449 907 2733 976 ἐνέγκατε
2766 907 2979 976 κριῶν·
3031 911 3118 962 ἵνα
3163 911 3258 964 καὶ
3305 913 3457 965 αὐτοὶ
3494 916 3543 966 οἱ
3579 933 3818 986 προσερε-

2238 997 2453 1066 ρὸμενοι
2491 1000 2617 1069 παρ’
2652 999 2805 1068 ὑμῶν
2836 1001 2943 1053 άπὸ
2987 1001 3080 1054 τοῦ
3122 998 3262 1055 εἶναι
3309 1005 3416 1056 υἱοὶ
3447 1005 3620 1075 κριῶν
3651 1007 3730 1069 είς
3759 1009 3819 1058 τὸ

2234 1088 2486 1156 γενέσθαι
2516 1091 2619 1142 υίοὶ
2657 1090 2792 1144 Θεοῦ
2835 1091 3242 1162 μεταϐάλωνται
3284 1096 3418 1165 (75).

2304 1180 2359 1232 2.
2406 1179 2462 1232 Ὀ
2491 1181 2643 1251 κριὸς
2685 1183 2864 1237 τοίνυν
2918 1187 3245 1255 ἡγεμονικόν
3280 1191 3395 1240 ἐστι
3447 1189 3627 1254 ζῶον,
3681 1192 3817 1244 καθ-

2229 1271 2365 1341 ηγού
2375 1289 2534 1341 μενον
2559 1275 2662 1342 (76)
2690 1275 2795 1327 τῶν
2814 1277 3099 1347 προϐάτων
3123 1279 3215 1331 ἐπί
3241 1299 3299 1334 τε
3319 1283 3488 1352 νομάς
3515 1285 3678 1354 τροφί
3686 1303 3818 1353 μους

2233 1363 2328 1416 καὶ
2358 1364 2690 1427 ἀναπαύσεις
2727 1366 2954 1433 ὑδάτων,
3003 1369 3097 1422 καὶ
3132 1369 3292 1422 πάλιν
3330 1373 3420 1423 ἐπὶ
3457 1374 3665 1442 σηκοὺς
3716 1376 3816 1426 καὶ

2232 1455 2508 1518 ἐπαύλεις.
2549 1457 2791 1509 Τοιοῦτοι
2828 1459 2884 1512 δέ
2923 1477 3066 1524 τινες
3098 1463 3192 1515 καὶ
3225 1465 3272 1515 oi
3309 1463 3407 1533 τῆς
3437 1465 3677 1536 ποίμνης
3719 1466 3815 1518 τοῦ

2231 1547 2468 1617 Χριστοῦ
2500 1548 2842 1619 προεστῶτες
2861 1566 2874 1579 ·
2911 1553 3241 1620 προάγοντες
3283 1557 3381 1625 μὲν
3411 1557 3502 1608 ἐπὶ
3532 1559 3632 1619 τὰς
3658 1557 3818 1609 εύανο

2237 1637 2348 1701 θεῖς
2380 1641 2472 1691 καὶ
2517 1640 2737 1702 εὐώδεις
2779 1641 2876 1710 τῆς
2914 1648 3289 1716 πνευματικῆς
3321 1648 3671 1712 διδασκαλίας
3693 1667 3817 1721 τρο-

2233 1731 2359 1798 φὰς,
2400 1736 2492 1784 καὶ
2535 1731 2685 1784 ὕδατι
2722 1732 2884 1796 ζῶντι
2911 1737 2975 1804 τῇ
3015 1736 3342 1809 ἐπιχορηγίᾳ
3369 1740 3461 1793 τοῦ
3494 1743 3818 1812 Πνεύματος

557 1828 684 1877 dum
720 1827 1019 1890 enutriunt,
1065 1827 1480 1894 t'onducuntque
1509 1827 1573 1878 ad
1608 1826 1868 1892 requiem,
1905 1839 1966 1877 ac
2006 1840 2126 1877 eum

2235 1820 2482 1888 ἅρδοντες
2504 1823 2595 1875 καὶ
2633 1823 2893 1892 ὑψοῦντες
2931 1826 3179 1898 καὶπρὸς
3211 1832 3588 1900 καρποφορίαν
3624 1833 3818 1902 ἐκτρέ-

558 1917 627 1969 ab
664 1918 1064 1972 insidiatoribus
1109 1917 1345 1971 elliciunt
1396 1932 1670 1972 securum.
1717 1916 1917 1969 llorum
1970 1918 2130 1984 igitur

559 2011 698 2064 lilios
730 2026 757 2062 a
790 2010 882 2062 Dei
935 2010 1055 2063 liliis
1100 2011 1165 2062 ad
1204 2011 1488 2064 Dominum
1521 2010 1710 2062 adduci
1746 2008 1874 2061 vult.
1904 2008 2052 2073 Quod
2083 2009 2128 2063 si

556 2103 762 2155 arietes
801 2103 966 2156 duces
997 2114 1120 2155 sunt
1152 2103 1402 2161 aliorum,
1439 2102 1629 2154 borum
1663 2101 1846 2167 utique
1879 2100 1969 2153 lilii
2015 2100 2130 2154 lue-

559 2194 688 2256 rint,
717 2193 810 2260 qui
870 2207 966 2261 per
1023 2191 1282 2245 bonorum
1335 2207 1556 2259 operum
1608 2191 1842 2244 studium
1883 2207 1947 2244 ex
2000 2208 2130 2260 prae-

557 2285 821 2338 fectorum
853 2284 1093 2337 doctrina
1117 2283 1180 2336 ad
1219 2283 1378 2334 vitam
1409 2284 1607 2336 virtute
1636 2294 1879 2335 ornatam
1912 2282 2126 2336 formati

556 2383 703 2429 sunt.
750 2373 949 2442 Alfene
999 2375 1160 2442 igitur
1212 2371 1459 2433 Domino,
1494 2372 1593 2438 lilii
1641 2371 1759 2435 Dei,
1807 2372 1989 2439 afferte
2026 2370 2131 2423 Do-

554 2470 696 2522 mino
723 2467 862 2535 ﬁlios
892 2467 1135 2517 arietum.
1176 2463 1421 2516 Uidit-isti
1453 2464 1517 2516 ad
1545 2478 1703 2531 quem
1733 2477 1912 2515 sermo
1941 2463 2132 2515 babea-

558 2558 680 2610 tur?
715 2555 953 2610 didicisti
1004 2556 1070 2607 tle
1120 2552 1349 2621 quibus?
1395 2551 1592 2620 Alfene
1648 2550 1892 2615 Domino,
1936 2551 2128 2619 inquit,

555 2652 780 2721 gloriam
809 2661 856 2703 et
890 2648 1157 2701 honorem.
1193 2646 1475 2714 Quomodo
1508 2646 1671 2715 igitur
1702 2662 1818 2706 nos,
1848 2645 1938 2714 qui
1986 2656 2128 2700 terra

555 2760 742 2798 sumus
785 2754 838 2796 et
887 2743 1022 2795 cinis
1054 2741 1119 2805 ⁸⁸,
1153 2739 1378 2793 Domino
1436 2755 1631 2809 magno
1683 2741 1906 2808 gloriam
1951 2739 2130 2794 aﬂeri-

557 2835 713 2888 mus?
743 2834 1013 2904 quomodo
1057 2844 1103 2885 et
1151 2833 1443 2886 honorem?
1482 2832 1721 2887 Gloriam
1763 2833 2000 2900 quidem,
2035 2847 2131 2898 per

556 2926 692 2980 bona
734 2939 917 2994 opera,
949 2941 1070 2978 cum
1109 2924 1344 2976 luxerint
1376 2939 1539 2992 opera
1578 2934 1754 2975 nostra
1812 2937 1992 2975 coram
2024 2925 2130 2977 lto-

560 3017 816 3078 minibus,
846 3017 980 3068 adeo
1018 3025 1074 3066 ut
1117 3015 1361 3066 homines
1389 3013 1645 3080 Operilms
1678 3013 1878 3066 nostris
1910 3027 2132 3083 conspe-

557 3108 660 3159 ctis
689 3106 901 3158 Patrem
945 3115 1188 3156 nostrum
1223 3108 1310 3171 qui
1357 3105 1408 3156 in
1452 3106 1603 3158 caelis
1649 3114 1732 3157 est
1761 3102 1992 3157 alliciant
2022 3105 2128 3173 glo-

2232 1926 2451 1977 φοντες·
2483 1915 2803 1984 ὁδηγοῦντες
2835 1918 2892 1969 δὲ
2926 1919 3063 1989 πρὸς
3089 1919 3413 1982 ἀνάπαυσιν,
3452 1926 3543 1974 καὶ
3571 1925 3672 1994 τὴν
3707 1927 3818 1977 ἀπο

2231 2002 2339 2056 τῶν
2400 2004 2858 2063 ἐπιϐουλευόντων
2908 2010 3227 2079 ἀσφάλειαν.
3282 2013 3498 2065 Τούτων
3538 2011 3633 2067 οὖν
3687 2019 3818 2079 τοὺς

2231 2096 2381 2158 υἱοὺς
2410 2099 2560 2166 παρὰ
2597 2099 2702 2150 τῶν
2729 2101 2857 2152 υἱῶν
2879 2101 2970 2155 τοῦ
3000 2103 3136 2155 Θεοῦ
3160 2104 3533 2174 προσάγεσθαι
3561 2105 3817 2175 βούλεται

2229 2187 2308 2257 τῷ
2349 2188 2539 2259 Κυρίῳ
2570 2192 2597 2241 ὁ
2627 2189 2800 2257 λόγος.
2834 2194 2894 2245 El
2924 2194 2980 2247 δὲ
3010 2198 3155 2265 κριοὶ
3184 2197 3234 2248 οἱ
3269 2197 3674 2267 προηγούμενοι
3707 2199 3817 2250 τῶν

2229 2275 2430 2329 λοιπῶν
2475 2279 2609 2347 (77),
2662 2281 2770 2332 υἱοὶ
2803 2281 2868 2334 ἂν
2903 2283 3106 2337 τούτων
3149 2282 3258 2339 εἷεν
3295 2288 3342 2338 οἱ
3386 2286 3519 2355 πρὸς
3554 2286 3646 2338 τὸν
3693 2288 3816 2339 κατ’

2229 2369 2431 2438 ἀρετὴν
2468 2369 2580 2438 βίον
2609 2371 2696 2422 διὰ
2735 2371 2836 2442 τῆς
2863 2372 2972 2425 τῶν
3000 2375 3222 2442 ἀγαθῶν
3265 2375 3441 2446 ἔργων
3474 2375 3714 2446 σπουδῆς
3749 2379 3818 2431 ὲκ

2230 2459 2327 2527 τῆς
2379 2460 2726 2526 διδασκαλίας
2770 2465 2876 2517 τῶν
2939 2466 3297 2537 προεστώτων
3361 2469 3814 2538 μεμορφωμένοι.

2243 2548 2554 2618 Ἐνέγκατε
2584 2549 2674 2605 οὖν
2693 2554 2770 2618 τῷ
2803 2559 3014 2623 Κιφίῳ,
3049 2559 3165 2612 υἱοὶ
3203 2560 3372 2622 Θεοῦ,
3407 2559 3694 2628 ἐνέγκατε
3733 2560 3817 2626 τῷ

2232 2642 2423 2708 Κυρίῳ
2454 2642 2622 2707 υἱοὺς
2650 2644 2847 2710 κριῶν.
2887 2649 3127 2716 Ἔμαθες
3158 2652 3263 2703 τίνι
3303 2650 3607 2719 διαλέγεται
3631 2668 3647 2716 ;
3672 2651 3815 2721 ἐμα-

2232 2732 2324 2794 θες
2358 2735 2485 2802 περὶ
2511 2735 2671 2787 τίνων
2702 2735 2848 2804 (78);
2909 2739 3213 2806 Ἐνέγκατε
3256 2741 3335 2806 τῷ
3368 2745 3592 2809 Κυρίῳ,
3631 2745 3771 2814 φησὶ
3795 2780 3811 2806 ,

2229 2823 2418 2888 δόξαν
2447 2826 2543 2878 καὶ
2572 2825 2768 2896 τιμήν.
2800 2826 2923 2890 Πῶς
2957 2826 3049 2881 οὖν
3091 2831 3270 2899 ἡμεῖς,
3305 2836 3336 2901 ἡ
3367 2835 3436 2902 γῆ
3467 2835 3561 2885 καὶ
3593 2836 3813 2896 σποδὸς.

2227 2909 2306 2986 τῷ
2340 2915 2562 2986 μεγάλῳ
2589 2918 2777 2988 Κυρίῳ
2801 2917 2988 2982 δόξαν
3019 2921 3400 2990 προσφέρομεν
3433 2922 3571 2988 (79);
3606 2923 3726 2985 πῶς
3757 2925 3814 2978 δὲ

2230 3009 2328 3063 καὶ
2365 3010 2581 3077 nptiae;
2612 3010 2780 3074 Δόξαν
2808 3011 2906 3081 μὲν
2935 3012 3022 3067 διὰ
3056 3013 3164 3066 τῶν
3193 3014 3412 3081 ἀγαθῶν
3446 3014 3645 3084 ἔργων,
3685 3017 3813 3068 ὅταν

2229 3101 2420 3174 λάμπῃ
2461 3103 2530 3156 τὰ
2569 3105 2706 3174 ἔργα
2759 3105 2912 3176 ἡμῶν
2965 3106 3276 3178 ἔμπροσθεν
3329 3106 3436 3159 τῶν
3481 3106 3811 3178 ἀνθρώπων,

559 3200 636 3254 ria
661 3198 724 3251 ⁸⁷.
773 3195 902 3250 Item
932 3211 1028 3266 per
1052 3196 1460 3262 temperantiam
1503 3211 1567 3248 ac
1595 3210 1688 3264 per
1717 3197 2126 3249 sanctimoniam

2235 3192 2370 3247 ὥστε
2403 3196 2610 3258 ἰδόντας
2639 3199 2765 3259 τοὺς
2795 3197 3114 3269 ἀνθρώπους
3141 3199 3210 3251 τὰ
3233 3198 3372 3270 ἔργα
3401 3198 3558 3270 ἡμῶν
3587 3199 3814 3265 δοξάσαι

555 3291 624 3346 iis
665 3291 753 3358 qui
811 3290 1065 3358 pietatem
1122 3288 1443 3357 prolltentur
1494 3287 1898 3341 convenientem
1955 3297 2128 3355 potest

555 3384 679 3452 quis
713 3384 818 3435 Deo
858 3381 1082 3450 gloriam
1127 3379 1275 3441 dare,
1305 3379 1460 3448 juxta
1495 3376 1645 3431 Pauli
1679 3377 2125 3439 admonitionem,

557 3474 834 3528 dicentis:
873 3472 1179 3537 Cleri/inme
1233 3470 1398 3522 Deum
1453 3473 1506 3523 in
1561 3471 1804 3524 membris
1847 3473 2026 3524 vestris
2058 3469 2122 3523 ⁵⁸.

555 3563 708 3619 Hanc
730 3566 891 3616 etiam
921 3562 1146 3631 gloriam
1181 3562 1438 3613 Dominus
1472 3563 1698 3630 requirit
1728 3564 1795 3613 ab
1837 3563 1922 3624 iis,
1954 3563 2041 3631 qui
2072 3563 2123 3615 in

557 3659 729 3725 ipsmu
774 3657 1024 3720 credunt,
1055 3664 1108 3708 ct
1155 3655 1462 3722 adoptionis
1495 3668 1718 3705 munere
1746 3654 1945 3722 dignati
1978 3665 2121 3709 sunt.

561 3747 734 3800 Filius
775 3750 929 3808 enim,
970 3748 1162 3814 inquit,
1196 3746 1458 3815 glori/icui
1499 3757 1699 3812 putrem
1733 3744 1814 3810 ‘°;
1847 3755 1920 3808 et,
1951 3745 2010 3798 Si
2040 3763 2126 3812 pa-

557 3852 634 3892 ter
658 3856 748 3908 ego
792 3855 941 3901 sunt,
979 3841 1060 3889 ubi
1115 3847 1188 3889 est
1233 3838 1404 3905 gloria
1447 3852 1560 3887 mea
1586 3835 1651 3888 '°.
1690 3832 1957 3886 Honorem
1998 3848 2127 3888 vero

557 3930 711 3982 alIert
743 3930 851 3982 Deo
889 3932 955 3992 is,
979 3929 1070 3997 qui
1098 3931 1396 3981 secandum
1429 3926 1773 3979 Proverbium
1802 3925 1844 3956 ⁸¹
1880 3941 1943 3979 ex
1967 3923 2128 3991 jttslis

555 4022 671 4075 suis
710 4021 982 4074 laboribus
1015 4020 1180 4073 Deum
1219 4019 1468 4078 honorat,
1496 4033 1555 4071 ac
1592 4018 1638 4069 ei
1672 4019 1736 4071 de
1761 4017 1985 4086 justitiaa
2019 4031 2128 4070 sua:

559 4115 824 4168 fructibus
856 4116 945 4166 dat
976 4112 1264 4182 primitias.
1298 4111 1361 4164 Et
1386 4111 1629 4180 quisquis
1654 4113 1716 4164 de
1749 4113 1907 4166 rebus
1931 4110 2128 4166 divinis

555 4207 803 4259 ordinate
850 4206 1090 4272 sciteque
1145 4205 1384 4265 disserit,
1432 4204 1566 4256 adeo
1620 4214 1677 4255 nt
1722 4219 1936 4273 semper
1983 4218 2127 4258 recte

557 4295 758 4347 sentiat
806 4296 873 4350 de
921 4293 1107 4359 Patre,
1162 4295 1226 4347 de
1279 4292 1548 4361 Unigeniti
1594 4295 1907 4359 divinitate,
1955 4297 2126 4363 deque

556 4388 792 4457 Spiritus
834 4389 1004 4440 sancti
1056 4388 1244 4456 gloria,
1289 4387 1516 4440 Domino
1560 4385 1764 4439 deferte
1803 4386 2023 4450 gloriam
2073 4399 2126 4441 et

554 4478 840 4532 honorem.
876 4478 1113 4532 Gloriam
1154 4491 1332 4532 autem
1366 4487 1545 4547 auget,
1578 4477 1668 4546 qui
1705 4479 1966 4532 rationem
2003 4481 2122 4533 red-

629 4660 673 4692 “
692 4659 828 4715 Gen.
856 4676 1006 4723 xviii,
1034 4661 1124 4715 ‘27.
1202 4661 1243 4690 ⁸⁷
1279 4663 1462 4716 λιιιιῑίι.
1494 4679 1546 4728 v,
1582 4663 1668 4716 l6.

1744 4663 1788 4694 “
1811 4661 1830 4714 ι
1857 4662 1979 4716 Cor.
2014 4678 2085 4728 vr,
2117 4661 2204 4720 9.0.

2231 3285 2323 3338 τὸν
2355 3288 2574 3357 Πατέρα
2608 3287 2764 3357 ἡμῶν
2804 3288 2895 3341 τὸν
2932 3291 2989 3341 ὲν
3015 3293 3125 3354 τοῖς
3149 3292 3417 3363 οὐρανοῖς.
3456 3291 3564 3343 Καὶ
3596 3291 3687 3342 διὰ
3711 3307 3816 3342 σω-

2233 3377 2506 3446 φροσύνης
2547 3377 2756 3430 καὶτοῦ
2791 3379 3173 3442 ἐπιϐάλλοντος
3230 3383 3340 3443 τοῖς
3395 3381 3493 3450 τὴν
3527 3379 3813 3432 εύσέϐειαν

2233 3469 2725 3539 ἐπαγγελλομένοις
2751 3471 3026 3541 ἀγιασμοῦ
3055 3470 3272 3535 δοξάσαι
3298 3471 3521 3523 δυνατόν
3562 3474 3678 3522 ἐστι
3721 3470 3815 3522 τὸν

2232 3558 2361 3613 Θεὸν
2399 3560 2538 3614 κατά
2581 3561 2678 3631 τὴν
2725 3561 2817 3614 τοῦ
2866 3563 3081 3616 Παύλου
3133 3563 3476 3634 παραίνεσιν,
3524 3560 3810 3627 λέγοντος·

2230 3651 2534 3714 Δοξάσατε
2559 3649 2634 3716 δὴ
2661 3650 2765 3704 τὸν
2789 3654 2939 3707 Θεὸν
2964 3655 3034 3706 έν
3057 3654 3181 3719 τοῖς
3211 3653 3465 3723 μέλεσιν
3484 3649 3652 3719 ὑμῶν
3676 3650 3810 3721 (80).

2231 3743 2446 3815 Ταύτην
2473 3746 2566 3809 καὶ
2587 3745 2807 3796 άπαιτεί
2839 3745 2990 3816 παρὰ
3011 3745 3118 3798 τῶν
3147 3733 3226 3807 είς
3255 3745 3416 3798 αὑτὸν
3444 3743 3810 3796 πιστευόντων

2232 3837 2325 3889 καὶ
2375 3837 2452 3907 τῷ
2507 3837 2804 3908 χαρίσματι
2850 3841 2950 3907 τῆς
2986 3837 3256 3899 υἱοθεσίας
3296 3837 3678 3908 τετιμημένων
3712 3836 3812 3906 τὴν

2231 3926 2386 3991 δόξαν
2423 3929 2450 3979 ὁ
2485 3926 2707 3998 Κύριος.
2753 3928 2882 3991 nec
2907 3926 3037 3995 γὰρ,
3075 3926 3256 3993 φησὶν,
3287 3924 3514 3989 δοξάζει
3540 3923 3768 3992 πατέρα
3791 3940 3805 3952 ·

2233 4024 2344 4088 καὶ,
2375 4024 2440 4076 El
2477 4021 2670 4090 πατήρ
2705 4025 2821 4090 εἰμι
2853 4020 2986 4087 ἐγὼ,
3027 4019 3145 4072 ποῦ
3187 4018 3358 4071 ἔστιν
3387 4021 3424 4083 ἠ
3468 4019 3619 4084 δόξα
3648 4037 3809 4089 pou;

2234 4113 2407 4184 Τιμὴν
2438 4115 2493 4166 δὲ
2520 4114 2674 4182 φέρει
2702 4112 2776 4181 τῷ
2805 4110 2924 4181 Θεῷ
2943 4111 2971 4162 ὁ
3002 4110 3143 4164 κατὰ
3173 4110 3269 4180 τὴν
3304 4110 3609 4180 Παροιμίαν
3634 4112 3808 4182 τιμῶν

2234 4206 2320 4256 τὸν
2342 4206 2472 4257 Θεὸν
2501 4205 2605 4255 ἀπὸ
2635 4203 2741 4255 τῶν
2777 4204 2998 4256 δικαίων
3026 4203 3218 4255 ἑαυτοῦ
3249 4203 3449 4263 πόνων,
3493 4203 3589 4254 καὶ
3626 4204 3810 4271 ἀπαρ·

2233 4297 2458 4368 χόμενος
2503 4295 2650 4365 αύτῴ
2683 4295 2790 4348 ἀπὸ
2835 4295 3058 4367 καρπῶν
3087 4293 3250 4348 αὐτοῦ
3285 4294 3650 4364 δικαιοσύνης.
3705 4291 3810 4346 Καὶ

2234 4391 2340 4452 πᾶς
2362 4390 2420 4442 δὲ
2450 4391 2476 4440 ὁ
2501 4387 2942 4456 ὲπιτεταγμένως
2972 4388 3082 4458 (81)
3127 4386 3426 4455 θεολογῶν,
3460 4385 3535 4449 ὡς
3564 4385 3639 4455 μὴ
3664 4386 3807 4438 ἀπο⁴

2234 4483 2452 4536 πίπτειν
2489 4480 2586 4550 τῆς
2621 4477 2788 4548 ὀρθῆς
2828 4480 2954 4551 περὶ
2999 4479 3210 4549 Πατρὺς
3250 4479 3481 4543 ἑννοίας,
3531 4478 3628 4531 καὶ
3675 4477 3808 4548 περὶ

2282 4666 2325 4695 ⁸⁸
2358 4665 2588 4718 Malae-lt.
2622 4667 2681 4726 ti,
2707 4662 2760 4715 6.
2834 4664 2880 4695 ⁸⁸
2915 4661 3047 4716 ibid.
3124 4661 3166 4691 ⁸¹
3195 4659 3354 4714 Prov.
3389 4676 3471 4727 ιιι,
3496 4661 3549 4715 9.

628 4822 950 4895 (74);Eilitio
979 4821 1145 4895 Paris.
1177 4819 1262 4872 ἵνα
1298 4819 1409 4895 υίῦν
1433 4819 1591 4895 αὐτὸν
1620 4820 1923 4895 προσφέρῃ.
1959 4821 2126 4895 Editio

2305 4821 2417 4894 (77)
2448 4819 2690 4874 Nonnulli
2745 4837 2872 4895 mss.
2903 4819 3075 4874 ἄλλων
3096 4818 3456 4895 Ρι-ολοιπῶν.
3488 4817 3607 4895 Μρι
3664 4818 3801 4895 Beg.

550 4908 683 4948 vero
737 4893 899 4946 Basil.
941 4904 993 4945 et
1021 4894 1126 4944 duo
1162 4908 1287 4964 mss.
1323 4891 1419 4964 iva_
1455 4891 1567 4964 υίὸν
1618 4891 1931 4964 προσφέρῃ.
1992 4893 2125 4960 lleg.

554 4967 822 5018 secundus
845 4965 1157 5015 emendatus
1187 4961 1272 5012 ἵνα
1314 4962 1468 5033 κριὸν
1502 4961 1685 5032 αύτῴξ
1723 4964 1803 5015 Ad
1845 4961 2123 5017 Abraham

556 5036 766 5086 videtur
801 5033 1028 5086 Basilius
1069 5036 1355 5100 respicere.
1388 5034 1500 5086 Hoc
1523 5035 1685 5101 igitur
1723 5037 1902 5086 dicere
1934 5045 2126 5102 putau-

555 5110 654 5156 dus
685 5116 790 5168 est,
829 5121 931 5156 non
960 5103 1063 5168 iam
1094 5119 1228 5170 opus
1256 5117 1393 5168 esse,
1425 5115 1481 5156 tit
1508 5106 1629 5172 quis
1657 5105 1904 5168 exemplo
1944 5105 2122 5157 Abra-

557 5177 636 5227 lia:
670 5175 833 5227 liliutn
869 5174 1061 5228 olierat
1099 5191 1110 5224 :
1143 5177 1237 5227 sed
1274 5177 1406 5226 satis
1461 5191 1599 5239 eSse,
1651 5175 1693 5227 si
1743 5174 1836 5226 lilii
1889 5186 2120 5228 arietum

551 5245 864 5297 onerantur.

627 5314 737 5381 (75)
771 5315 864 5367 llic
895 5319 1105 5366 variant
1136 5323 1344 5367 veteres
1377 5325 1484 5365 tum
1519 5315 1728 5367 calamo
1773 5313 1961 5372 notati,
1999 5323 2110 5366 tum

557 5387 695 5454 typis
728 5387 978 5451 descripti
1037 5384 1176 5454 libri.
1225 5384 1399 5438 Eilitio
1454 5383 1626 5438 Paris.
1685 5382 2114 5454 μεταϐάλλωσιν.

558 5453 730 5506 limtiu
759 5456 918 5509 BaStl.
951 5470 1070 5508 cum
1106 5453 1312 5524 duobus
1362 5471 1487 5510 mss.
1535 5453 1930 5524 μεταϐάλωσιν,
1985 5454 2116 5521 Heg.

551 5539 777 5592 quartus
835 5523 1261 5595 μεταϐληθῶσιν.
1324 5526 1474 5592 Ilegti
1525 5523 1795 5578 Secundus
1841 5536 1896 5576 et
1937 5537 2121 5580 seXtus

553 5610 674 5647 eum
708 5596 860 5674 φοιυ.
901 5610 1095 5665 quarto
1143 5597 1577 5663 μεταϐάλωνται,
1619 5606 1674 5650 et
1723 5598 1797 5648 ita
1851 5595 2119 5649 edendum

551 5680 878 5719 CUI‘aVIIIIUS.

625 5736 736 5800 (76)
764 5736 850 5788 Sic
878 5751 1000 5791 octo
1038 5755 1167 5794 mss.
1200 5739 1338 5793 Editi
1378 5752 1503 5791 vero
1542 5752 1658 5791 tum
1699 5735 1850 5790 Colb.
1891 5736 2119 5804 septimo

553 5806 983 5876 καθηγούμενος.

2235 4885 2501 4945 secundus
2527 4891 3054 4962 μεταμορφούμενοι.
3091 4890 3331 4944 Subinde
3360 4905 3458 4943 vox
3512 4885 3607 4940 οὖν
3651 4885 3806 4942 deeSt

2231 4962 2283 5015 in
2321 4964 2589 5030 plerisque
2616 4978 2744 5015 mss.

2301 5027 2412 5100 ('78)
2451 5032 2622 5085 Editio
2654 5045 2880 5100 utraque
2921 5047 3040 5084 cum
3079 5028 3434 5099 interroganti
3479 5038 3628 5093 nota,
3672 5027 3802 5098 περὶ

2226 5103 2424 5168 τίνων;
2458 5105 2548 5156 sed
2581 5103 2841 5171 ejusmodi
2876 5114 2999 5157 uota
3042 5103 3093 5155 in
3127 5101 3311 5154 multis
3341 5115 3472 5154 mss.
3505 5113 3611 5152 non
3655 5116 3806 5167 repe-

2228 5185 2382 5226 ritur.

2298 5245 2406 5315 (79)
2438 5244 2660 5298 Codices
2703 5255 2824 5298 octo
2867 5245 3127 5314 φέρομεν.
3180 5241 3319 5315 Editi
3366 5253 3493 5315 vero
3533 5253 3660 5315 cum
3697 5253 3804 5289 ιιειο

2227 5309 2317 5366 aut
2350 5309 2520 5367 altero
2558 5331 2682 5368 mss.
2732 5309 3132 5386 προσῇςέρομεν.
3183 5313 3301 5364 Mox
3365 5309 3660 5363 Colbertini
3721 5327 3804 5360 se-

2225 5385 2932 5458 cutulusgtquartusdnts
2967 5385 3197 5458 εἰδότας.
3254 5451 3265 5458 _
3349 5449 3379 5458 Α
3419 5449 3431 5458 _
3514 5453 3526 5458 _
3639 5446 3665 5458 __

2299 5454 2409 5522 (8H)
2441 5447 2640 5510 Tertius
2667 5475 2791 5512 sane
2821 5456 3092 5523 Δοξάσατε
3125 5455 3188 5508 δὴ
3219 5451 3310 5504 τὸν
3343 5449 3474 5503 Θεὸν
3511 5453 3568 5503 ὲν
3598 5447 3674 5516 τῷ
3701 5447 3804 5498 σώ-

2231 5537 2358 5592 ματι
2385 5524 2589 5598 ὑμῶν.-
3131 5594 3158 5598 _
3204 5595 3231 5598 μ
3709 5587 3742 5598 Α

2299 5590 2524 5666 (“illa
2562 5595 2687 5668 Reg.
2735 5609 2962 5665 quartus
3015 5607 3068 5651 et
3120 5594 3278 5668 Colb.
3316 5601 3666 5668 sextus_cntn
3704 5590 3804 5639 Ca.

2232 5661 2350 5716 lena
2395 5661 2665 5721 tlordcrii:
2689 5661 2906 5722 At-editi
2939 5684 3058 5722 trum
3101 5664 3312 5721 caeteris
3359 5678 3489 5716 mss.
3522 5661 3802 5710 ὲπιτετεωέ

2227 5736 2463 5803 γμένως.
