4016 6456
227 365 348 418 289
1329 366 1609 422 IIOJIILIA
1651 367 1716 420 IN
1756 366 1796 420 P

1902 367 2084 422 LMUM
2124 368 2360 426 XXVIII.
3369 376 3473 430 396

228 485 324 536 Οὐ
349 481 783 552 κληρονομήσει
815 494 888 535 σε
909 474 1085 547 οὗτος
1105 499 1116 510 ·
1153 482 1247 536 καὶ
1290 483 1380 535 ἐπὶ
1418 484 1662 536 Μωῦσεῖ·
1697 484 1800 537 Καὶ

1907 485 2045 552 facta
2072 495 2146 539 est
2179 489 2354 540 dicens
2390 501 2406 537 :
2437 486 2557 541 Non
2600 489 2926 541 Iurredilabit
2958 501 3005 543 te
3049 491 3140 544 iste
3162 491 3226 542 ⁸⁵³.
3260 492 3389 546 Item
3420 495 3471 546 in

225 575 350 640 πᾶς
401 577 432 625 ὀ
459 573 605 638 λαὸς
629 571 776 640 ἐώρα
810 573 923 638 τὴν
957 573 1167 642 φωνὴν
1190 575 1285 627 καὶ
1315 573 1422 638 τὰς
1453 574 1772 641 λαμπάδας
1792 594 1803 605 ·

224 667 332 719 καὶ
367 664 513 734 παρὰ
534 664 611 732 τῷ
643 665 837 734 Ἡσαΐᾳ
885 665 1044 718 πάλιν
1074 685 1084 695 ·
1123 665 1294 733 Φωνὴ
1319 667 1622 736 λέγοντος·
1655 669 1805 735 Βόη-

226 774 372 812 σον.
415 757 477 808 Ἦ
503 758 600 826 μὲν
632 755 723 809 οὖν
751 757 875 827 παρ’
905 760 1033 827 ἡμῖν
1066 758 1213 828 φωνὴ
1251 759 1282 829 ἢ
1316 759 1423 829 ἀήρ
1455 762 1569 812 ἐστι
1603 762 1809 831 πεπλη-

225 848 458 918 γμένος,
493 847 525 917 ἢ
571 847 631 900 τὸ
670 849 953 918 γινόμενον
980 845 1118 911 εἶδος
1149 850 1272 919 περὶ
1301 849 1390 902 τὸν
1426 851 1590 921 ἀέρα,
1621 851 1754 922 πρός
1782 853 1810 905 6

229 938 350 1008 (9i)
379 937 622 1006 βούλεται
651 937 852 990 τυποῦν
887 941 914 990 6
947 937 1222 1006 ἐκφωνῶν.
1262 939 1324 990 Τί
1347 936 1439 993 οὖν
1473 944 1504 1011 ἠ
1541 944 1688 1013 φωνὴ
1715 944 1808 997 τοῦ

227 1030 479 1100 Κυρίου;
512 1029 736 1100 πότερον
759 1030 937 1100 πληγὴ
971 1032 1096 1101 περ)⁸
1121 1032 1211 1084 τὸν
1237 1033 1373 1102 ἀέρα
1404 1037 1605 1097 νοοῖτο;
1643 1036 1674 1106 ἢ
1703 1038 1808 1107 ἀὴρ

227 1121 616 1192 πεπληγμένος
649 1120 860 1189 φθάνων
914 1121 1074 1190 μέχρι
1114 1123 1212 1192 τῆς
1251 1125 1418 1193 ἀκοῆς
1455 1125 1546 1177 τοῦ
1581 1127 1714 1197 πρὸς
1751 1128 1807 1180 ὃν

227 1211 443 1279 γίνεται
476 1215 507 1282 ὴ
541 1213 723 1281 φωνή;
753 1212 821 1262 Ἢ
851 1211 1130 1282 οὐδέτερον
1162 1214 1386 1276 τούτων,
1421 1216 1532 1268 ἀλλ’
1561 1217 1807 1288 ἑτερογε-

228 1305 332 1374 νής
355 1304 438 1367 τίς
467 1305 610 1357 ἐστιν
647 1301 812 1372 αὕτη,
855 1304 1312 1375 φαντασιουμένου
1353 1306 1444 1358 τοῦ
1478 1309 1803 1376 ἡγεμονικοῦ

226 1395 343 1449 τῶν
388 1395 685 1467 ἀνθρώπων
733 1393 827 1458 οὒς
878 1394 944 1448 ἂν
987 1397 1202 1450 ἀκούειν
1243 1397 1496 1469 βούληται
1538 1403 1636 1470 τῆς
1673 1401 1806 1465 ἰδίας

229 1489 420 1557 φωνῆς
450 1491 478 1540 6
509 1488 637 1551 Θεός
656 1505 670 1519 ο
699 1487 837 1540 ὥστε
863 1484 1150 1557 ἀναλογίαν
1189 1489 1330 1560 ἔχειν
1371 1494 1468 1563 τὴν
1510 1495 1806 1562 φαντασίαν

225 1579 436 1648 ταύτην
466 1578 598 1648 πρὸς
616 1577 712 1649 τὴν
741 1581 798 1630 ὲν
826 1582 936 1641 τοῖς
965 1580 1187 1651 ὀνείροις
1209 1582 1500 1653 γινομένην
1529 1586 1802 1649 πολλάκις.

230 1672 446 1740 Ὠσπερ
470 1670 599 1742 γάρ,
629 1673 688 1724 ού
720 1672 1086 1741 πληττομένου
1125 1673 1218 1725 τοῦ
1248 1674 1425 1744 ἀέρος,
1462 1675 1804 1745 λαμϐάνομέν

225 1779 355 1814 τινα
399 1763 454 1813 ἐν
487 1766 605 1825 ταῖς
637 1763 756 1816 καθ’
809 1764 971 1817 ὑπνον
1023 1765 1132 1834 (99.)
1181 1766 1499 1834 φαντασίαις
1546 1768 1802 1836 ῥημάτων

222 1853 394 1906 τινῶν
426 1854 519 1906 καὶ
550 1856 798 1925 φθόγγων
837 1858 1076 1927 μνήμην,
1107 1857 1166 1909 ού
1200 1857 1286 1908 διὰ
1317 1860 1414 1926 τῆς
1450 1858 1617 1926 ἀκοῆς
1649 1859 1801 1923 δεξά-

226 1960 390 2014 μενοι
425 1943 522 2014 τὴν
557 1947 758 2016 φωνὴν,
789 1945 901 1998 ἀλλ’
951 1946 1119 2014 αὑτῆς
1148 1946 1245 2014 τῆς
1273 1947 1495 2016 καρδίας
1531 1947 1685 2017 ἡμῶν
1711 1967 1806 2002 τυ-

229 2035 537 2107 πωθείσηςο
567 2037 818 2106 τοιαύτην
845 2038 964 2090 τινὰ
997 2037 1101 2108 χρὴ
1131 2035 1369 2107 νομίζειν
1405 2040 1498 2092 καὶ
1531 2041 1628 2111 τὴν
1657 2042 1806 2112 παρά

220 2127 329 2181 τοῦ
363 2129 495 2182 Θεοῦ
541 2129 722 2199 φωνὴν
769 2129 1076 2196 ἐγγίνεσθαι
1114 2132 1226 2193 τοῖς
1276 2132 1598 2202 προφήταις.
1635 2132 1803 2199 Φωνὴ

222 2223 453 2289 Κυρίου
477 2223 573 2275 ἐπὶ
608 2220 724 2274 τῶν
764 2219 1014 2274 ὑδάτων.
1054 2221 1144 2283 Ὠς
1169 2221 1265 2291 μὲν
1287 2221 1422 2292 πρὸς
1447 2222 1506 2274 τὸ
1530 2222 1801 2292 αἰσθητὸν,

223 2315 422 2385 ἐπειδὴ
452 2317 506 2367 αἱ
533 2313 770 2382 νεφέλαι,
800 2313 1015 2366 ἐπειδὰν
1045 2312 1234 2377 ὓδατος
1257 2309 1356 2367 ὦσι
1386 2315 1628 2384 πλήρεις,
1673 2312 1805 2385 ἦχον

223 2408 332 2462 καὶ
359 2409 526 2477 ψόφον
561 2404 880 2461 ἀποτελοῦσι
919 2407 1343 2476 συγκρουόμεναι
1393 2406 1525 2476 πρὸς
1551 2407 1801 2477 ἀλλήλας,

227 2497 430 2566 Φωνὴ,
457 2496 609 2564 φησὶ,
633 2496 852 2562 Kvplov
888 2494 1121 2547 ἐπὶτῶν
1151 2494 1401 2548 ὑδάτων.
1447 2495 1605 2547 Ἀλλά
1634 2497 1728 2549 καὶ
1756 2497 1809 2548 εἴ

227 2607 340 2643 που
385 2588 494 2654 (95)
545 2585 715 2655 ψόφος
756 2585 961 2639 ὑδάτων
1002 2587 1520 2657 περιῤῥηγνυμένων
1559 2589 1670 2640 τισὶ
1696 2588 1804 2641 τῶν

227 2677 540 2734 ἀντιτύπων
566 2679 823 2746 γίγνοιτο,
861 2677 954 2729 καὶ
984 2678 1030 2729 εί
1065 2678 1097 2747 ἠ
1125 2677 1364 2730 θάλασσα
1400 2677 1665 2748 πνεύμασι
1706 2696 1802 2732 τας

235 2767 548 2839 ρασσομένη
577 2768 912 2837 κυμαίνοιτο,
940 2769 1030 2821 καὶ
1062 2768 1232 2836 βίαιον
1255 2764 1386 2838 ἦχον
1413 2769 1704 2838 ἐκπέμποι,
1737 2769 1806 2822 τά

223 2860 418 2928 ἄψυχα
447 2857 620 2911 ταῦτα
649 2858 748 2928 τὴν
770 2857 920 2928 παρὰ
940 2857 1033 2909 τοῦ
1063 2857 1264 2927 Κυρίου
1298 2856 1409 2927 ἔχει
1455 2857 1634 2927 φωνὴν
1658 2898 1671 2920 ,
1697 2859 1805 2910 δει-

225 2953 456 3014 κνύντος
477 2950 570 3004 τοῦ
600 2951 779 3020 λόγου,
807 2952 888 3003 ὅτι
932 2950 1078 3001 πᾶσα
1111 2950 1142 3016 ή
1182 2948 1357 3011 κτίσις
1398 2949 1672 3018 μονονουχὶ
1707 2949 1806 3019 βοᾷ

223 3045 324 3099 τὸν
357 3044 554 3114 ἑαυτῆς
581 3043 907 3113 δημιουργὸν
930 3040 1352 3108 ἀναγγέλλουσα.
1385 3039 1500 3092 Κᾶν
1530 3039 1719 3111 βροντὴ
1748 3043 1804 3094 δὲ

224 3136 342 3191 ἀπὸ
387 3136 562 3204 νεφῶν
597 3135 706 3202 (94)
741 3135 970 3201 ἐκραγῇ,
1005 3131 1103 3184 οὑκ
1149 3131 1276 3184 ἄλλο
1302 3148 1355 3183 τι
1402 3130 1506 3200 χρὴ
1541 3133 1800 3200 νομίζειν,
1830 3165 1871 3221 C

224 3230 265 3300 ἢ
295 3230 374 3282 ὅτι
394 3231 420 3281 6
439 3228 564 3290 Θεὸς
581 3227 677 3295 τῆς
704 3223 860 3294 δόξης
885 3224 1194 3295 ἐϐρόντησε,
1221 3224 1314 3277 καὶ
1338 3225 1416 3276 ὅτι
1439 3223 1638 3293 Κύριός
1657 3227 1798 3278 ἐστιν

222 3323 258 3373 6
296 3320 392 3388 τὴν
423 3317 593 3387 ὑγρὰν
621 3315 779 3382 φύσιν
825 3315 1061 3384 συνέχων
1096 3315 1161 3368 δι’
1197 3314 1408 3367 ἑαυτοῦ.
1449 3317 1668 3382 Κύριος
1703 3318 1801 3370 ἐπὶ

223 3409 466 3462 ὑδάτων
497 3404 759 3460 πολλῶν.
812 3404 1215 3476 Μεμαθήκαμεν
1262 3404 1368 3475 γὰρ
1404 3407 1460 3457 ὲν
1493 3409 1559 3476 τῇ
1599 3424 1797 3476 κοσμο-

225 3498 415 3569 γενεία
448 3498 590 3568 ὕδωρ
622 3499 804 3552 ἐπάνω
831 3498 937 3550 τῶν
965 3496 1230 3567 οὑρανῶν,
1264 3496 1407 3568 ὕδωρ
1437 3497 1595 3551 πάλιν
1619 3499 1679 3550 τὸ
1702 3499 1799 3568 τῆς

275 3592 491 3654 ϐύσσου,
533 3593 717 3662 ἕτερον
755 3590 822 3642 τὰ
863 3590 1179 3658 συστήματα
1225 3589 1330 3642 τῶν
1366 3588 1665 3642 θαλασσῶν.
1706 3590 1799 3652 Τίς

226 3678 324 3736 οὖν
354 3685 498 3736 ἐστιν
528 3685 555 3735 6
588 3681 906 3752 συγκρατῶν
935 3677 1106 3730 ταῦτα
1126 3719 1141 3741 ,
1186 3680 1278 3730 καὶ
1314 3680 1388 3748 μὴ
1428 3680 1530 3730 ὲῶν
1563 3680 1700 3732 αὑτά
1730 3683 1795 3749 τῇ

229 3779 436 3847 φυσικῇ
472 3778 608 3845 ῥοπῇ
638 3773 897 3845 φέρεσθαι
929 3770 1064 3840 πρὸς
1104 3767 1172 3820 τὰ
1198 3770 1346 3822 κάτω
1394 3770 1523 3839 (95),
1568 3771 1599 3841 ἢ
1629 3773 1655 3822 6
1685 3770 1793 3822 Κύ-

231 3885 347 3939 ριος
378 3868 406 3920 ὁ
453 3870 564 3928 τοῖς
613 3867 772 3918 πᾶσιν
815 3861 1161 3932 ἐμϐεϐηκὼς,
1198 3858 1255 3922 ὃς
1301 3862 1394 3912 καὶ
1439 3862 1544 3913 τῶν
1594 3863 1798 3915 ὑδάτων

228 3961 344 4029 ἔχει
377 3958 438 4009 τὸ
485 3958 719 4026 κράτος;
749 3956 791 4006 Τ
795 3956 900 4022 άχα
931 3956 988 4008 δὲ
1025 3955 1116 4006 καὶ
1158 3952 1589 4024 μυστικώτερον,
1627 3954 1796 4023 Φωνὴ

225 4051 448 4116 Κυρίου
481 4048 577 4100 ἐπὶ
605 4047 722 4100 τῶν
744 4046 995 4108 ὑδάτων,
1021 4048 1113 4113 £35
1146 4045 1490 4116 βαπτισθέντι
1520 4048 1596 4117 τῷ
1625 4048 1796 4116 Ἰησοῦ

226 4142 450 4209 ἐγένετο
475 4139 678 4194 ἀνωθεν
700 4139 870 4209 φωνὴ,
895 4139 975 4191 ὅτι
997 4134 1180 4202 Οὗτός
1206 4138 1375 4190 ἐστιν
1397 4140 1430 4190 0'
1458 4138 1587 4201 Υἱός
1613 4156 1730 4205 μου
1765 4142 1797 4192 ό

225 4232 554 4302 ἀγαπητός.
607 4231 736 4283 Τότε
769 4230 878 4300 γὰρ
922 4231 950 4280 ό
988 4229 1187 4298 Κύριος
1225 4228 1322 4297 μὲν
1352 4224 1418 4298 ἦν
1468 4229 1554 4281 ἐπὶ
1593 4229 1796 4282 ὑδάτων

226 4324 460 4384 πολλῶν,
505 4323 744 4390 ἁγιάζων
783 4322 850 4374 τά
880 4321 1045 4374 ὕδατα
1082 4320 1166 4373 διὰ
1199 4320 1292 4372 τοῦ
1334 4321 1733 4391 βαπτίσματος
1770 4325 1798 4375 ὁ

222 4415 286 4469 δὲ
315 4416 444 4478 Θεὸς
485 4417 584 4484 τῆς
611 4416 767 4484 δόξης
809 4417 874 4483 τῇ
936 4412 1314 4483 μεγαλοφωνίᾳ
1361 4414 1458 4482 τῆς
1495 4415 1796 4484 μαρτυρίας

1912 576 2090 646 Moyse
2128 577 2232 632 :Et
2256 579 2422 630 omnis
2463 578 2683 646 populus
2730 579 2934 633 ridebat
2975 597 3144 634 vocem
3189 594 3238 636 et
3270 581 3476 652 lampa-

1907 668 1995 718 des
2022 667 2084 719 ‘°.
2103 666 2166 719 Et
2188 667 2324 735 apud
2351 667 2537 720 Isaiam
2567 683 2777 720 rursus;
2805 667 2921 722 Vox
2943 671 3180 736 dicentis,
3205 670 3390 726 Clama
3407 674 3474 726 ".

1908 755 2019 811 Vox
2047 759 2257 825 quidem
2311 767 2395 811 cst
2435 760 2572 826 apud
2621 774 2716 812 nos
2773 769 2866 813 aut
2913 775 3006 813 aer
3040 775 3344 824 percussus,
3383 773 3479 816 aut

1909 850 2116 916 species
2132 850 2371 917 qumdam
2404 849 2454 902 in
2486 865 2609 904 aere
2637 851 3095 922 impressa,quam
3119 855 3205 923 qui
3237 870 3477 923 pronun-

1911 942 2037 1005 tiat,
2069 941 2368 1008 exprimere
2412 941 2542 995 vult.
2589 941 2726 1006 Quid
2757 942 2923 1009 igitur
2969 954 3053 999 est
3093 960 3194 999 vox
3219 945 3476 1001 Domini?

1909 1034 2254 1102 percussione
2282 1033 2332 1086 in
2365 1048 2490 1088 aere
2513 1033 2730 1102 intelligi
2762 1034 2938 1097 debet,
2959 1050 3026 1088 an
3051 1050 3145 1089 acr
3167 1051 3471 1104 percussus.

1908 1124 1974 1177 ad
2015 1139 2172 1178 aures
2200 1139 2368 1192 usque
2404 1127 2722 1193 perveniens
2757 1127 2904 1195 ejus,
2937 1127 2999 1179 ad
3037 1142 3193 1196 quem
3237 1129 3295 1182 ﬁt
3321 1131 3469 1183 vox?

1908 1213 2101 1268 Utrum
2141 1225 2390 1270 neutrum
2441 1216 2652 1278 horum,
2703 1221 2797 1271 sed
2854 1219 3074 1274 alterius
3121 1223 3332 1290 generis
3361 1218 3476 1277 haec

1907 1322 2008 1360 vox
2046 1316 2148 1374 est,
2183 1323 2300 1376 quae
2327 1309 2376 1361 in
2407 1320 2588 1364 mente
2611 1310 2866 1365 horumce
2888 1311 3163 1367 hominum
3202 1330 3336 1384 quos
3364 1317 3477 1371 vult

1909 1397 2048 1453 Deus
2087 1414 2237 1453 suam
2276 1413 2459 1453 vocem
2511 1401 2713 1464 audire,
2747 1403 3064 1472 recipiatur,
3100 1407 3474 1475 consignetur-

1907 1505 2030 1558 que,
2061 1492 2131 1543 ita
2166 1501 2222 1544 ut
2275 1492 2387 1545 haec
2436 1492 2713 1559 phantasia
2758 1510 2877 1547 cum
2929 1510 2990 1549 ca
3037 1511 3155 1564 quae
3197 1499 3389 1568 saepius
3422 1500 3473 1553 in

1905 1582 2108 1636 somnis
2137 1583 2212 1645 ﬁt,
2232 1583 2424 1637 habeat
2441 1584 2816 1651 cognationem
2842 1595 2999 1656 atque
3021 1589 3470 1643 convenientiam.

1907 1673 2364 1738 Quemadmodum
2395 1675 2558 1739 enim,
2587 1690 2711 1731 aere
2735 1692 2837 1730 non
2870 1693 3152 1746 percusso,
3185 1682 3472 1748 quamdam

1908 1764 2191 1818 verborum
2221 1774 2276 1818 et
2303 1781 2553 1818 sonorum
2597 1768 2909 1820 memoriam
2953 1768 3004 1822 in
3046 1769 3342 1838 phantasiis
3377 1787 3475 1840 per

1907 1870 2151 1908 somnum
2183 1856 2494 1924 accipimus,
2520 1871 2821 1926 quanquam
2853 1873 2952 1911 vox
2977 1875 3073 1928 per
3099 1861 3334 1915 auditum
3367 1879 3469 1915 non

1907 1945 2197 2012 recipitur,
2235 1945 2326 1998 sed
2386 1945 2436 1997 in
2491 1947 2606 2014 ipso
2658 1947 2818 2000 corde
2880 1960 3063 2002 nostro
3110 1950 3471 2019 imprimitur;

1906 2034 2067 2085 etiam
2099 2033 2356 2101 ejusmodi
2389 2049 2567 2088 vocem
2593 2035 2644 2088 in
2668 2037 2938 2104 prophetis
2966 2053 2993 2090 a
3025 2039 3131 2093 Deo
3153 2043 3472 2108 productam

1907 2121 2071 2178 fuisse
2127 2123 2347 2178 credere
2382 2141 2479 2194 par
2510 2135 2609 2180 est.
2668 2126 2778 2180 Vos:
2829 2128 3041 2183 Domini
3085 2147 3240 2196 super
3283 2151 3469 2202 aquas,

1907 2213 2056 2280 Quod
2083 2216 2293 2284 quidem
2321 2219 2385 2270 ad
2430 2218 2683 2272 sensibile
2718 2220 2912 2273 attinet
2959 2240 2971 2286 ;
3005 2226 3257 2291 quoniam
3302 2227 3470 2280 nubes

1905 2307 2062 2360 simul
2095 2315 2152 2361 ut
2186 2309 2335 2378 aquis
2369 2308 2627 2365 conferta:
2653 2321 2798 2374 sunt,
2831 2327 3017 2366 sonmn
3060 2316 3468 2386 strepitumque,

1906 2399 2029 2451 dum
2063 2401 2204 2454 inter
2225 2416 2282 2454 se
2312 2401 2660 2468 colliduntur,
2698 2407 2882 2468 edunt,
2922 2407 3038 2462 ideo
3071 2409 3147 2460 ait
3180 2420 3193 2462 :
3233 2401 3344 2462 Vox
3374 2411 3472 2462 Da-

1906 2491 2034 2542 mini
2057 2507 2210 2560 super
2236 2509 2418 2560 aquas.
2452 2493 2556 2548 Sed
2587 2504 2643 2546 et
2688 2497 2860 2550 sicubi
2898 2498 2989 2551 fiat
3013 2499 3267 2569 strepitus
3302 2515 3471 2570 aqua-

1907 2597 2022 2635 rum
2051 2582 2119 2637 ob
2165 2586 2485 2638 renitentem
2537 2586 2765 2654 aliquem
2798 2588 3006 2642 obicem
3035 2591 3392 2659 diruptarum,
3417 2603 3470 2646 et

1905 2673 1947 2727 si
1981 2688 2129 2727 mare
2151 2675 2324 2727 ventis
2350 2676 2604 2744 agitatum
2635 2687 2919 2743 exaestuet,
2946 2689 2998 2732 et
3025 2680 3310 2734 violentum
3348 2676 3472 2737 edat

1905 2777 2116 2828 sonum,
2155 2765 2234 2818 hae
2267 2780 2353 2818 res
2383 2766 2688 2819 inanimatte
2711 2783 2738 2819 a
2768 2767 2993 2822 Domino
3020 2771 3214 2825 habent
3245 2787 3426 2827 vocem
3453 2792 3468 2827 :

1904 2853 2098 2921 quippe
2135 2854 2370 2906 ostendit
2395 2853 2694 2921 Scriptura,
2728 2871 2914 2911 omnes
2955 2873 3041 2912 res
3075 2869 3287 2914 creatas
3313 2862 3472 2930 Opili-

1904 2958 2020 2996 cem
2048 2959 2201 2997 suum
2229 2945 2609 3001 annuntiantes
2631 2957 2832 3000 tantum
2860 2964 2961 3002 non
2985 2950 3215 3006 clamare
3234 2953 3297 3006 ⁰².
3319 2953 3468 3018 Quod

1906 3033 1949 3085 si
1975 3035 2170 3087 tonitru
2201 3049 2267 3088 ex
2301 3035 2529 3091 nubibus
2549 3038 2829 3106 obstrepit,
2855 3040 2984 3093 nihil
3009 3041 3148 3093 aliud
3177 3045 3467 3110 putandum

1905 3135 2004 3191 est,
2035 3128 2134 3179 nisi
2169 3129 2307 3196 quod
2367 3129 2507 3182 Deus
2557 3131 2852 3197 majestatis
2903 3133 3212 3198 intonuerit,
3242 3144 3295 3188 et
3327 3137 3467 3203 quod

1907 3219 2159 3273 Dominus
2185 3221 2272 3284 sit,
2309 3221 2397 3290 qui
2449 3237 2544 3291 per
2591 3224 2822 3292 seipsum
2880 3223 3150 3279 humidam
3197 3228 3471 3282 contineat

1903 3320 2166 3365 naturam.
2198 3311 2452 3365 Dominus
2484 3331 2638 3382 super
2685 3328 2847 3384 aquas
2895 3317 3106 3370 multas.
3137 3318 3469 3386 Agnovimus

1900 3402 2040 3455 enim
2101 3403 2152 3455 in
2213 3404 2391 3455 mundi
2429 3406 2794 3471 procrcatione
2851 3422 3042 3473 aquam
3095 3423 3256 3476 super
3280 3411 3465 3472 caelos,

1901 3506 2091 3559 aquam
2151 3509 2336 3546 rursus
2382 3494 2591 3561 abyssi.
2624 3496 2748 3548 item
2804 3495 2963 3548 aliam
3018 3512 3242 3562 aquam,
3276 3515 3468 3570 nempe

1901 3582 2341 3651 congregationes
2372 3584 2533 3636 maris
2555 3584 2618 3636 (³³.
2636 3583 2767 3650 Quis
2790 3586 2949 3653 igitur
2975 3597 3056 3642 est
3082 3589 3171 3656 qui
3201 3589 3312 3643 haec
3339 3605 3468 3642 con-

1900 3674 2086 3735 tineat,
2117 3689 2214 3728 nec
2237 3689 2296 3728 ea
2331 3675 2468 3728 sinat
2498 3676 2725 3729 naturali
2756 3679 2990 3746 pondere
3020 3680 3266 3732 deorsum
3311 3681 3466 3742 ferri,

1900 3767 2004 3820 nisi
2040 3768 2417 3836 Dominus,qui
2449 3768 2576 3820 nihil
2603 3783 2706 3820 non
2739 3769 3014 3839 pertingit,
3057 3769 3259 3840 quique
3305 3786 3466 3839 aqua-

1901 3877 2016 3914 rum
2047 3862 2207 3915 habet
2233 3862 2512 3928 imperium
2540 3861 2780 3917 ?Forsan
2806 3878 2932 3918 vero
2960 3875 3013 3918 et
3042 3867 3207 3933 magis
3239 3867 3463 3936 mystico

1907 3952 2021 4006 Vox
2048 3952 2257 4005 Domini
2308 3968 2462 4022 super
2490 3971 2653 4022 aquas
2695 3966 2843 4017 erat,
2877 3971 2995 4008 cum
3033 3956 3300 4024 baptizato
3337 3956 3462 4011 Jesu

1899 4046 2034 4098 facta
2074 4053 2158 4098 est
2205 4060 2437 4113 superne
2476 4061 2620 4100 vox:
2667 4045 2764 4098 llic
2799 4057 2871 4098 est
2921 4046 2969 4098 Γ
2974 4046 3093 4099 ilius
3139 4065 3278 4100 meus
3336 4051 3465 4101 dile-

1898 4150 2008 4190 ctus
2051 4137 2114 4189 “.
2151 4137 2301 4192 Tunc
2351 4140 2492 4192 enim
2547 4140 2797 4191 Dmuinus
2853 4153 3014 4206 super
3066 4141 3260 4194 multas
3305 4142 3465 4210 118

1898 4245 2064 4299 aquas
2096 4240 2214 4283 erat
2245 4249 2256 4284 :
2287 4231 2479 4298 quippe
2503 4230 2590 4297 qui
2630 4245 2725 4298 per
2771 4230 3097 4298 baptismum
3129 4233 3281 4298 aquis
3335 4248 3466 4284 cor-

1899 4321 2065 4376 ferret
2103 4323 2438 4375 sanctitatem
2478 4339 2491 4372 :
2526 4321 2666 4374 Deus
2711 4333 2888 4376 autem
2927 4323 3108 4390 glorise
3157 4324 3262 4375 alta
3313 4326 3463 4376 testi-

1899 4414 2060 4466 monii
2080 4415 2158 4466 sui
2185 4428 2311 4468 voce
2343 4415 2570 4483 desuper
2597 4415 2844 4468 intonuit.
2863 4416 3038 4482 Atque
3077 4417 3238 4470 etiam
3273 4417 3461 4471 relicta

225 4505 432 4558 ἄνωθεν
469 4505 852 4574 ὲπεϐρόντησε.
897 4504 1006 4555 Καὶ
1063 4506 1174 4566 τοῖς
1207 4504 1616 4573 βαπτιζομένοις
1660 4505 1716 4557 δὲ
1761 4509 1792 4574 ή

1902 4522 1928 4558 a
1980 4507 2202 4561 Domino
2257 4523 2356 4561 vox
2417 4523 2578 4575 super
2633 4507 2965 4573 baptizandis
3024 4510 3400 4577 pronuntiatur
3447 4527 3460 4561 :

223 4595 380 4666 παρά
414 4594 508 4648 τού
564 4595 767 4666 Κυρίου
803 4594 1220 4663 καταλειφθεῐσα
1267 4597 1414 4666 φωνὴ
1450 4597 1790 4663 ὲπιλέγεταιο

224 4689 622 4755 Πορευθέντες
663 4686 793 4756 τὰρ,
837 4688 1000 4757 φησὶ.
1027 4688 1340 4749 ,ϐαπτίζετε
1381 4691 1469 4752 εἰς
1506 4690 1569 4742 τὸ
1609 4689 1793 4760 ὄνομα

224 4777 334 4830 τοῦ
365 4779 611 4845 Πατρός,
644 4779 739 4830 καὶ
789 4777 894 4830 τοῦ
928 4777 1091 4839 Υἱοῦ,
1121 4779 1218 4832 καὶ
1253 4779 1356 4833 τοῦ
1405 4783 1574 4849 ἁγίου
1609 4784 1792 4836 Πνεύ-

223 4888 428 4939 ματος.
458 4871 627 4938 Φωνὴ
665 4865 778 4924 οὖν
804 4872 1021 4937 Κυρίου
1060 4871 1156 4923 ἐπὶ
1208 4869 1325 4924 τῶν
1374 4872 1623 4924 ὑδάτων.
1671 4875 1797 4924 Συν-

297 4987 342 5018 ⁵⁹
369 4985 503 5039 Gen.
540 5000 630 5044 xv.
660 4984 714 5037 4.
792 4984 835 5014 ⁶⁰
876 4982 1042 5038 Exod.
1091 4999 1181 5044 xx,
1227 4983 1318 5038 48.

224 5057 273 5090 "
299 5057 486 5110 Matth.
518 5069 706 5118 xxvttt,
737 5053 820 5108 19.

298 5168 407 5239 (9|)
441 5167 530 5239 Sic
553 5182 681 5220 mss.
717 5167 1092 5239 _cum_editione
1121 5163 1482 5239 BasillEditio
1515 5177 1642 5218 vero
1673 5163 1777 5239 Pa-

225 5234 324 5294 ris.
357 5234 492 5309 πρὸς
520 5238 598 5309 ὂν,
629 5237 784 5291 male.
808 5237 1015 5309 AStatim
1047 5238 1215 5309 codex
1241 5234 1612 5309 portlerianus
1648 5237 1780 5309 πρό-

223 5325 379 5377 τερον
405 5305 504 5373 ’βπ-ο
525 5307 769 5377 πότερον,
807 5307 947 5360 haud
999 5315 1159 5359 recte.
1191 5305 1437 5372 Alioquin
1470 5308 1776 5377 enimscri-

225 5375 348 5448 ptor
379 5375 670 5448 aﬂirmaret
693 5379 831 5444 quod
871 5385 1319 5448 mox_uegaturus
1357 5385 1458 5425 est.
1490 5375 1776 5448 Gorderius

226 5443 356 5504 falsa
373 5447 640 5512 scriptura
669 5443 942 5510 deceptus,
972 5443 1046 5494 sic
1074 5446 1456 5510 interpretatur
1493 5462 1503 5494 :
1541 5445 1773 5496 Primum

225 5516 646 5587 percussiocirca
669 5532 837 5569 aerem
867 5512 1211 5587 intelligatur,
1237 5513 1313 5564 vel
1338 5525 1583 5587 _aer,__etc.

296 5587 408 5658 (9'2)
445 5585 540 5658 Sic
577 5599 719 5658 mss.
765 5595 840 5658 et_
857 5585 1021 5658 editio
1061 5581 1410 5658 Ba_silecnsi_s._
1441 5581 1596 5645 Illud,
1637 5584 1768 5658 καθ’

226 5649 411 5720 ὕπνον,
442 5657 494 5709 ἱη
526 5652 762 5707 editione
809 5653 983 5706 Paris.
1033 5653 1290 5719 omissum
1341 5649 1506 5707 fuisse
1563 5656 1776 5709 videtur

225 5728 506 5784 oscitantis
536 5723 1003 5792 typographoruin.

293 5799 403 5867 (93)
438 5796 572 5848 Editi
605 5805 658 5848 et
690 5809 818 5847 mss.
853 5807 955 5844 non
991 5795 1141 5862 pauci
1173 5793 1225 5847 εἴ
1263 5816 1386 5866 που,
1425 5797 1579 5870 φησί.
1619 5797 1776 5861 Illud,

500 5891 774 5952 Pnaon.
805 5891 921 5950 tia.
954 5890 1006 5947 Χ
1023 5889 1199 5953 XIX.

1398 4987 1440 5016 “
1468 4986 1565 5037 lsa.
1603 4999 1689 5049 XL,
1708 4985 1760 5039 6.

1838 4986 1880 5015 δ’
1915 4982 2053 5038 Psal.
2098 4998 2254 5047 xvm,
2282 4985 2338 5038 2.

1898 4601 2094 4651 Euntes
2117 4601 2273 4659 enim,
2309 4600 2496 4665 inquit,
2527 4599 2787 4662 baptizata
2835 4599 2890 4650 in
2932 4600 3138 4651 nomine
3185 4598 3387 4663 Patris,
3414 4611 3459 4652 et

1901 4688 2051 4753 Filii,
2077 4701 2122 4742 et
2153 4690 2378 4757 Spiritus
2409 4689 2575 4739 sancti
2611 4687 2676 4742 ⁸⁵.
2718 4687 2829 4742 Vox
2871 4693 3030 4759 igitur
3057 4690 3268 4744 Domini
3310 4707 3464 4757 super

1900 4798 2083 4849 aquas.
2126 4781 2212 4834 Fit
2254 4789 2429 4831 autem
2483 4779 2714 4844 tonitru,
2758 4782 2969 4848 quando
3022 4782 3241 4851 spiritus
3287 4781 3461 4834 siccus

1904 4884 1958 4926 et
1995 4873 2280 4934 violentus,
2308 4872 2360 4926 in
2413 4873 2568 4927 nubis
2616 4887 2852 4927 concavo
2890 4872 3147 4936 inclusus,
3194 4887 3257 4926 ac
3300 4875 3459 4926 vehe-

2417 4985 2460 5015 ⁶³
2491 4984 2624 5040 Gen.
2657 5002 2694 5047 I,
2728 4985 2880 5038 7-10.
2957 4984 3002 5014 ⁸⁸
3028 4982 3217 5040 Matth.
3255 5000 3336 5052 tn,
3372 4986 3456 5038 Π.

1886 5168 2040 5239 φησί,
2069 5184 2167 5222 nec
2194 5170 2244 5222 in
2275 5169 2406 5235 Reg.
2447 5169 2701 5232 secundo,
2730 5184 2827 5224 nec
2849 5169 2904 5223 in
2933 5172 3081 5227 Colb.
3115 5180 3268 5225 sexto
3299 5185 3451 5239 repe-

1885 5238 2040 5310 ritur,
2074 5241 2233 5304 idque
2272 5240 2482 5292 melius.
2515 5240 2712 5310 Ibidem
2739 5255 2872 5294 mss.
2899 5243 3002 5296 duo
3025 5242 3194 5310 ψόφος
3221 5242 3313 5293 ἐπὶ
3342 5238 3450 5292 τῶν

1883 5306 2110 5378 ὑδάτων.
2140 5310 2331 5360 Statim
2391 5309 2627 5361 nonnulli
2673 5324 2802 5363 mss.
2835 5326 2956 5365 cum
3012 5306 3170 5366 editis
3219 5311 3448 5378 γένοιτο.

1881 5377 1982 5428 Alii
2009 5381 2225 5446 γίνοιτο.
2254 5380 2356 5432 Alii
2378 5392 2600 5430 numero
2633 5380 2813 5447 plures
2838 5381 3096 5448 γίγνοιτο.

1955 5450 2062 5520 (9i)
2103 5449 2245 5520 ltegii
2277 5449 2543 5503 secundus
2580 5458 2882 5518 etquartus
2904 5452 3011 5504 ἀπὺ
3048 5451 3306 5520 νεφελῶν.
3343 5451 3447 5503 Ibi-

1881 5516 1999 5592 deut
2037 5519 2185 5592 Regii
2214 5521 2400 5592 tertius
2431 5526 2485 5570 et
2518 5516 2738 5592 quartus
2762 5521 2867 5592 χρὴ
2897 5525 3056 5577 νοεῖν,
3092 5516 3313 5592 Rursus
3345 5523 3446 5572 hoc

1888 5587 2001 5652 ipso
2026 5592 2074 5641 in
2105 5589 2218 5660 loco
2250 5589 2380 5656 Reg.
2422 5591 2612 5660 tertius
2661 5587 2938 5656 aliquanto
2972 5593 3144 5647 fusius
3189 5590 3450 5660 ἐϐρόντη-

1888 5673 1977 5708 σεν
2003 5662 2094 5710 ἐπὶ
2118 5659 2324 5727 ὑδάτων
2356 5659 2586 5719 πολλῶν,
2616 5671 2725 5713 etc.

1960 5730 2067 5800 (93)
2095 5730 2246 5786 Colb.
2274 5741 2499 5799 quartus
2526 5730 2659 5800 πρὸς
2693 5731 2751 5783 τὸ
2783 5731 2950 5786 κάτω.

3108 5896 3179 5953 10
