4016 6432
587 333 685 388 291

1893 321 1951 374 S.
1994 318 2235 375 BASILII
2275 317 2491 373 MAGNI

3753 310 3853 363 9.92

589 453 753 505 Illellli
790 452 986 518 impetu
1016 464 1111 517 per
1140 446 1361 503 nubium
1408 461 1535 501 cava
1578 443 2021 505 circumvolutns,
2057 458 2142 497 ex-

2280 458 2465 493 σταται
2502 440 2557 491 δὲ
2594 440 2625 507 ἡ
2662 436 2885 505 βροντὴ,
2929 434 3053 486 ὅταν
3084 433 3297 503 πνεῦμα
3343 431 3513 501 ξηρὸν
3548 428 3651 482 καὶ
3686 430 3851 496 βίαιον

589 546 668 598 ire
698 552 753 596 et
780 542 921 596 foras
953 554 1237 611 erumpere
1280 539 1493 608 qumrit.
1534 537 1712 592 Nubes
1739 536 1904 606 igitur
1930 552 2037 605 prta
2073 537 2154 589 in-

588 634 731 703 genti
760 638 1159 701 compressione
1189 631 1509 693 ohnitentes,
1527 633 1596 683 ob
1622 630 1763 683 hanc
1781 628 1999 700 spiritus
2022 628 2160 681 colli-

588 729 792 782 sionem
820 741 1069 796 asperum
1113 725 1258 777 illum
1286 723 1546 792 fragorem
1582 721 1836 777 efﬁciunt.
1873 721 2156 789 Postquam

587 832 719 869 vero
754 817 921 870 nubes
950 816 1051 868 illa:
1081 816 1268 883 spiritu
1310 814 1364 867 in
1403 814 1617 867 modum
1659 812 1924 866 bullarum
1956 811 2159 865 disten-

590 922 657 965 ta:
689 910 919 979 amplius
956 908 1236 970 resistere,
1266 914 1321 960 et
1347 906 1615 959 sustinere
1636 910 1924 971 nequeunt,
1955 901 2156 955 violem

589 1009 672 1053 ter
697 998 1001 1063 contractas,
1027 997 1381 1065 spiritumque
1421 994 1487 1047 ad
1538 1004 1815 1047 externam
1846 993 2157 1062 respiratio-

591 1104 714 1143 nem
766 1086 1139 1158 propellentes,
1189 1086 1447 1153 strepitus
1505 1084 1796 1138 tonitruum
1837 1086 2155 1152 producunt.

590 1179 703 1235 Hoc
725 1188 902 1232 autem
929 1176 1067 1232 solet
1094 1176 1270 1244 fulgur
1285 1175 1449 1229 etiam
1476 1173 1705 1229 efficere.
1723 1174 1977 1228 Dominus
1997 1174 2162 1244 igitur

588 1282 692 1338 est,
724 1270 813 1339 qui
844 1278 897 1323 et
928 1284 1089 1337 super
1114 1281 1284 1336 aquas
1307 1266 1653 1331 constitutus,
1682 1274 1734 1318 et
1780 1266 2048 1334 ingentem
2079 1276 2159 1319 to-

589 1360 752 1415 nitrui
807 1357 1074 1429 fragorem
1101 1357 1368 1421 excitans,
1399 1372 1587 1412 sonum
1608 1358 1760 1427 longe
1783 1356 2072 1409 maximum
2105 1356 2157 1409 in

589 1451 734 1507 molli
775 1452 916 1505 aeris
966 1460 1155 1504 natura
1210 1448 1450 1503 conficit.
1495 1451 1761 1503 Caeterum
1816 1448 2157 1501 traditionem

588 1558 707 1613 qua:
732 1552 851 1612 post
881 1542 1199 1609 baptismum
1231 1555 1326 1610 per
1371 1556 1615 1611 magnam
1651 1540 1922 1609 Evangelii
1975 1556 2159 1595 vocctn

590 1635 649 1689 fit
694 1652 748 1689 tn
795 1634 991 1689 animis
1039 1649 1225 1687 eorum
1276 1634 1366 1703 qui
1411 1636 1522 1703 jam
1578 1633 1916 1702 perficiuntur
1949 1672 1961 1693 ,
2012 1643 2162 1701 potes

588 1728 919 1797 etiamjuxta
954 1726 1376 1782 ecclesiasticum
1417 1739 1719 1780 sermonem
1754 1724 1950 1777 tonitru
1980 1723 2162 1792 appel-

589 1823 720 1877 lare.
766 1822 917 1888 Quod
964 1821 1105 1874 enim
1148 1818 1491 1888 Evangeliutn
1539 1818 1736 1868 tonitru
1790 1815 1881 1879 sit,
1916 1812 2160 1882 discipuli
2196 1800 2237 1853 Β

590 1916 686 1985 ipsi
712 1914 801 1983 qui
852 1924 1057 1967 mutato
1112 1912 1329 1965 nomine
1356 1908 1449 1962 filii
1490 1907 1705 1962 tonitrui
1742 1921 1770 1959 a
1802 1905 2025 1959 Domino
2064 1920 2150 1972 ap-

589 2006 769 2075 pellati
801 2014 927 2060 sunt
962 2004 1030 2067 ⁸⁸,
1054 2002 1365 2058 ostendunt.
1402 2000 1761 2067 Quamobrem
1796 2013 1897 2051 vox
1940 1999 2159 2051 tonitrui

589 2099 892 2170 hzjusmodi
925 2113 1027 2151 non
1079 2105 1162 2151 cst
1215 2096 1265 2150 in
1318 2094 1596 2163 quolibet;
1626 2092 1717 2145 sed
1766 2091 1813 2145 si
1842 2091 1963 2157 quis
1997 2088 2163 2141 fuerit

590 2193 783 2260 dignus
815 2189 901 2258 qui
937 2199 1050 2242 rota
1083 2186 1407 2242 nominetur.
1449 2182 1566 2236 Vos:
1598 2183 1757 2246 enim,
1796 2180 1991 2249 inquit,
2025 2180 2166 2233 toni-

588 2286 693 2338 trui
718 2284 793 2337 tui
821 2282 875 2335 in
910 2280 1110 2334 rota".
1138 2280 1193 2333 Si
1222 2278 1343 2347 quis
1371 2275 1535 2329 fuerit
1556 2274 1646 2342 qui
1687 2288 1745 2327 se
1782 2274 1847 2325 ad
1884 2272 2156 2327 anteriora

588 2376 862 2439 extendat,
888 2372 1053 2427 veluti
1081 2380 1221 2434 rota,
1249 2366 1454 2420 modica
1479 2365 1559 2419 sui
1590 2378 1740 2433 parte
1773 2374 1967 2419 terrain
2003 2365 2165 2417 attin-

589 2483 739 2538 gens,
777 2476 828 2519 et
859 2470 1079 2517 omnino
1102 2462 1244 2525 talis,
1274 2459 1449 2527 qualis
1485 2466 1601 2511 erat
1625 2471 1708 2519 ea,
1744 2457 1809 2510 de
1838 2471 1941 2524 qua
1975 2456 2166 2525 loque-

590 2560 747 2612 batur
781 2554 1026 2610 Ezechiel
1058 2570 1072 2605 :
1109 2551 1171 2605 Et
1221 2553 1347 2615 vidi,
1371 2560 1417 2604 et
1452 2565 1568 2602 ecce
1592 2556 1710 2601 rota
1755 2564 1859 2600 una
1908 2548 1964 2599 in
1999 2555 2161 2609 terra,

589 2648 769 2714 iuncta
818 2658 1042 2717 quatuor
1070 2642 1406 2704 animalibus,
1449 2652 1498 2694 et
1548 2639 1742 2709 species
1769 2647 2041 2699 eorum,et
2081 2637 2164 2707 [a-

591 2751 738 2793 ctura
770 2754 950 2792 eorum
991 2737 1140 2806 quasi
1175 2736 1366 2799 species
1396 2732 1608 2786 Tharsis
1635 2732 1700 2784 “.

2258 533 2525 600 κοιλότησι
2567 529 2795 598 νευὲλης
2836 524 3203 595 ὲναποληφῢὲν
3250 524 3380 593 (96).
3427 524 3527 575 καὶ
3555 522 3851 587 ὑπὸ-εὐτο-

2257 624 2373 686 νίας
2405 625 2514 684 τοῖς
2544 619 2842 689 κοιλώμασι
2875 617 2983 671 τῶν
3012 615 3185 685 νεφῶν
3218 616 3681 686 ὲνστρειρόμενον,
3719 614 3854 685 ζητῇ

2256 714 2484 780 διέξοδον
2521 714 2655 783 πρὸς
2682 713 2748 765 τὰ
2776 711 2900 777 ἔξω.
2944 710 3288 777 Ἀντέχουσαι
3327 708 3422 776 μὲν
3475 703 3575 759 οὖν
3610 706 3721 757 ὑπὸ
3762 706 3855 774 τῆς

2258 806 2394 873 ἄγαν
2421 804 2692 874 πιλήσεως
2723 804 2777 855 αἱ
2800 800 3039 869 νεφέλαι,
3065 800 3155 852 τὸν
3175 800 3380 869 τραχὺν
3412 799 3629 850 ἐκεῖνον
3663 799 3729 849 ἐκ
3762 797 3856 865 τῆς

2259 898 2350 950 τοῦ
2381 896 2687 967 πνεύματος
2708 896 3092 964 παρατρίψεως
3118 890 3473 945 ἀποτελοῦσιν
3497 888 3640 961 ἦχον
3660 908 3676 921 ο
3712 894 3857 942 ἐπει-

2259 990 2355 1043 δὰν
2378 990 2433 1043 δὲ
2464 990 2652 1058 ὥσπερ
2675 981 3016 1057 πομῖρόλυγες
3052 984 3430 1057 περιταθεῖσαι
3459 984 3545 1053 τῷ
3577 983 3857 1053 πνεύματι

2260 1083 2512 1134 ὲπιπλέον
2570 1082 2815 1150 ἀντέχειν
2868 1080 2959 1132 καὶ
3015 1080 3222 1148 στέγειν
3264 1078 3376 1150 (97)
3438 1077 3854 1145 ἀδυνατήσωσι,

2262 1176 2448 1245 βιαίως
2490 1173 2968 1246 ἀπορρηγνύμεναι
3001 1172 3095 1225 καὶ
3125 1173 3261 1243 πρὸς
3297 1170 3395 1242 τὴν
3430 1169 3541 1235 ἔξω
3576 1170 3860 1237 ἀναπνοὴν

2258 1269 2454 1321 διεῖσαι
2506 1268 2566 1321 τὸ
2609 1268 2853 1338 πνεῦμα,
2882 1268 3007 1329 τοὺς
3038 1266 3177 1319 κατὰ
3224 1265 3321 1329 τὰς
3370 1262 3611 1335 βροντὰς
3658 1264 3858 1315 ἀποτε-

2258 1360 2408 1413 λοῦσι
2457 1359 2681 1428 ψόφους.
2731 1358 2898 1410 Τοῦτο
2935 1357 2989 1409 δὲ
3039 1357 3133 1409 καὶ
3178 1358 3464 1427 ἀστραπὴν
3512 1355 3861 1424 ἐργάζεσθαι

2262 1453 2491 1520 πέφυκε.
2528 1451 2728 1519 Κύριος
2756 1446 2846 1502 οὗν
2878 1453 3020 1501 ἐστιν
3049 1451 3076 1501 6
3109 1449 3202 1500 καὶ
3234 1450 3325 1500 ἐπὶ
3367 1450 3477 1501 τῶν
3515 1448 3737 1501 ὑδάτων
3765 1448 3861 1506 ὢν,

2260 1545 2350 1597 καὶ
2382 1545 2410 1596 6
2438 1544 2564 1605 τους
2595 1542 2864 1613 μεγάλους
2886 1541 3088 1610 ψόφους
3113 1541 3209 1609 τῆς
3238 1540 3462 1611 βροντῆς
3493 1540 3771 1610 ἐνεργῶν,
3808 1543 3863 1591 ἐν

2263 1637 2441 1707 ἀπειλῇ
2469 1636 2561 1689 τοῦ
2618 1635 2778 1706 ἀέρος
2828 1634 2986 1701 φύσει
3014 1632 3278 1702 τοσαύτην
3321 1633 3497 1702 ψόφου
3539 1633 3865 1704 ὑπερϐολὴν

2261 1730 2647 1799 ἐργαζόμενος.
2672 1727 2903 1780 Δυνατὸν
2930 1727 2987 1779 δέ
3013 1744 3092 1778 σοι
3124 1726 3216 1778 καὶ⁵
3250 1725 3389 1778 κατὰ
3421 1726 3511 1779 τὸν
3554 1729 3862 1797 ἐκκλησια-

2267 1821 2446 1873 στικὸν
2467 1821 2619 1888 λόγον
2646 1822 2743 1891 τὴν
2781 1819 2917 1890 μετὰ
2943 1819 3004 1871 τὸ
3033 1818 3315 1888 βάπτισμα
3336 1819 3633 1888 γινομένην
3662 1823 3731 1871 ἐκ
3761 1820 3863 1887 τῆς

2261 1911 2672 1983 μεγαλοφωνίας
2728 1914 2822 1966 τοῦ
2878 1912 3211 1981 Εὑαγγελίου
3252 1913 3311 1963 ἐν
3348 1913 3468 1972 ταῖς
3502 1910 3715 1979 ψυχαῖς
3755 1913 3865 1965 τῶν

2258 2003 2358 2072 ἤδη
2419 2002 2808 2073 τελειουμένων
2861 2005 3158 2076 παράδοσιν
3233 2004 3463 2075 βροντὴν
3539 2003 3863 2072 ὀνομάζειν,

2259 2096 2382 2146 Ὅτι
2414 2095 2521 2166 γὰρ
2570 2094 2764 2165 βροντὴ
2795 2097 2852 2149 τὸ
2900 2098 3263 2164 Εὑαγγέλιον,
3293 2095 3545 2166 δηλοῦσιν
3599 2098 3654 2147 oi
3712 2099 3868 2169 παρὰ

2255 2184 2347 2238 τοῦ
2376 2186 2577 2256 Κυρίου
2606 2189 3092 2258 μετονομασθέντες
3129 2188 3369 2261 μαθηταὶ
3414 2189 3510 2240 καὶ
3556 2189 3671 2240 υἱοὶ
3703 2188 3864 2259 βρον-

2254 2277 2351 2346 τῆς
2372 2279 2820 2348 χρηματίζοντες.
2850 2279 2947 2332 Διὰ
2990 2279 3147 2333 τοῦτο
3181 2281 3282 2333 οὑκ
3313 2281 3369 2331 ἐν
3397 2277 3475 2349 τῷ
3507 2279 3739 2347 τυχόντι
3769 2282 3869 2349 τῆς

2261 2369 2516 2438 τοιαύτης
2558 2370 2785 2439 βροντῆς
2815 2373 2846 2440 ἡ
2877 2372 3049 2442 φωνὴ,
3086 2371 3199 2424 ἀλλ’
3232 2372 3328 2423 ἐάν
3370 2387 3453 2432 τις
3495 2368 3653 2432 ἄξιος
3751 2372 3873 2422 6w—

2266 2456 2532 2527 μόιζεσϐαι
2582 2462 2793 2530 τροχός.
2830 2462 3003 2529 Φωνὴ
3060 2461 3169 2531 γὰρ
3218 2462 3328 2529 τῆς
3379 2459 3659 2528 ,ϐροντῆς
3723 2477 3867 2523 σου,

2263 2551 2449 2619 φησὶν,
2483 2551 2552 2603 ἐν
2596 2550 2675 2616 τῷ
2718 2552 2925 2620 τροχῷ.
2988 2555 3111 2607 Ἐάν
3150 2573 3236 2618 τις
3384 2557 3496 2618 τοῖς
3544 2553 3873 2625 ἔμπροσθεν

2262 2642 2727 2713 ἐπεκτεινόμενος,
2760 2642 2945 2713 ὥσπερ
2989 2645 3017 2695 6
3069 2647 3292 2715 τροχὸς,
3322 2647 3488 2717 ὀλίγῳ
3544 2648 3707 2716 μέρει
3769 2648 3871 2717 τῆς

2261 2734 2364 2805 γῆς
2391 2735 2798 2803 ἐφαπτόμενος,
2832 2736 2925 2787 καὶ
2957 2734 3093 2797 ὅλως
3113 2736 3350 2800 τοιοῦτος
3382 2738 3516 2807 (98),
3556 2740 3752 2802 ὁποῖος
3799 2736 3869 2809 ἦν

592 2832 718 2901 περὶ
746 2826 807 2884 οὗ
839 2829 1019 2896 ἔλεγεν
1063 2826 1321 2895 Ὶεζεκιήλ
1345 2844 1357 2855 ·
1394 2824 1499 2878 Καὶ
1539 2819 1720 2886 εἶδον,
1764 2824 1861 2876 καὶ
1902 2823 2029 2876 ἰδοὺ
2098 2825 2308 2894 τροχὸς
2371 2824 2458 2895 εἷς
2490 2827 2588 2882 ἐπὶ
2616 2825 2728 2896 γῆς
2782 2828 3065 2897 ἐχόμενος
3094 2826 3205 2897 (99)
3233 2827 3351 2879 τῶν
3374 2828 3530 2887 ζώων
3562 2833 3691 2897 τοῖς
3733 2832 3871 2885 τέσ-

591 2940 796 2993 σαρσι,
836 2922 933 2975 καὶ
962 2920 1026 2974 τὸ
1050 2916 1207 2985 εἶδος
1251 2918 1447 2973 αὐτῶν
1481 2917 1579 2970 καὶ
1618 2917 1656 2984 ἠ
1692 2917 1935 2984 ποίησις
1968 2915 2166 2970 αὐτῶν
2202 2920 2283 2986 ὡς
2316 2919 2473 2988 εἶδος
2496 2922 2762 2990 Θαρσεῖς.

662 3020 717 3074 4.
756 3019 894 3073 Deus
947 3031 1075 3086 ergo
1106 3014 1393 3085 majestatis
1431 3012 1676 3077 intonuit,
1714 3012 1969 3066 Dominus
2015 3028 2171 3082 super
2200 3018 2243 3075 C

594 3130 757 3183 aquas
792 3111 1008 3164 multas.
1043 3110 1209 3176 Aquae
1255 3116 1380 3160 sunt
1426 3112 1482 3157 et
1536 3106 1634 3171 ipsi
1681 3104 1874 3169 sancti,
1900 3106 1969 3159 ob
2007 3106 2167 3174 idque

594 3208 661 3261 de
683 3211 867 3257 ventre
893 3215 1080 3255 eorum
1110 3198 1277 3251 fluunt
1302 3194 1518 3250 ﬂumina
1535 3195 1599 3256 θ’,
1628 3197 1729 3250 hoc
1750 3206 1855 3260 est,
1875 3195 2169 3265 spiritualis

597 3294 996 3361 doetrina,qua:
1023 3290 1353 3345 audientium
1379 3287 1588 3343 animas
1620 3287 1825 3356 irrigat.
1866 3287 1933 3341 Et
1959 3301 2168 3350 rursus,

599 3385 870 3455 accipiunt
890 3398 1084 3453 aquam
1127 3380 1406 3435 salientem
1455 3380 1506 3433 in
1547 3379 1713 3432 vitam
1750 3388 2170 3445 aeternamque:

600 3478 654 3531 in
697 3476 767 3529 iis
795 3474 887 3543 qui
927 3487 1046 3527 eam
1101 3471 1200 3524 rite
1246 3471 1571 3539 acceperint,
1607 3467 1836 3522 eﬂicitur
1870 3466 1987 3522 fons
2016 3481 2171 3537 aqua:

602 3567 844 3625 salientis
878 3565 932 3619 in
985 3563 1148 3616 vitam
1182 3559 1537 3616 aeternam".
1585 3558 1769 3627 Itaque
1818 3574 1982 3628 super
2036 3558 2172 3614 tales

604 3671 774 3726 aquas
817 3654 1074 3709 Dominus
1125 3661 1227 3707 est.
1276 3649 1583 3704 Memineris
1632 3658 1893 3704 autemet
1938 3649 2173 3704 historia:

606 3748 756 3813 Elia,
793 3744 1007 3814 quando
1042 3743 1197 3797 annis
1227 3742 1396 3796 tribus
1419 3751 1473 3796 et
1500 3741 1773 3795 mensibus
1812 3754 1904 3795 sex
1930 3741 2170 3796 clausum

603 3852 687 3899 est
720 3838 960 3904 caelum;
998 3837 1234 3905 quando,
1285 3843 1581 3901 occupante
1633 3834 1887 3889 verticem
1939 3832 2172 3889 Carmeli

607 3932 762 3997 sudo,
787 3944 1046 3999 aquarum
1098 3926 1383 3981 multarum
1424 3939 1608 3980 vocem
1655 3926 1856 3979 audivit
1891 3941 1904 3977 :
1944 3942 2065 3979 mox
2098 3925 2174 3977 fa-

607 4035 752 4079 ctum
775 4030 877 4083 est,
910 4031 967 4073 ut
992 4028 1047 4073 et
1072 4018 1271 4073 tonitru
1316 4018 1488 4083 fieret,
1510 4026 1563 4072 et
1587 4030 1741 4085 aqua:
1770 4013 1998 4070 fluerent
2020 4032 2049 4069 e
2082 4034 2176 4070 nu-

608 4116 845 4174 bibus“.
878 4112 1131 4166 Dominus
1165 4128 1285 4181 ergo
1317 4127 1473 4178 super
1505 4127 1666 4176 aquas
1691 4112 1903 4163 multas.
1933 4108 2091 4163 Vnus.
2121 4109 2174 4164 4.

616 4206 731 4262 νοω
788 4203 1002 4258 Domini
1056 4203 1111 4255 in
1160 4204 1363 4256 uirtute.
1410 4201 1560 4255 Sicut.
1612 4204 1664 4255 in
1719 4212 1832 4255 rota
1892 4214 1994 4254 vox
2056 4201 2115 4253 fit
2161 4219 2175 4256 :

608 4302 689 4355 sic
721 4300 772 4353 in
811 4296 1007 4349 virtute
1046 4308 1151 4349 vox
1197 4293 1403 4348 Domini
1449 4294 1716 4348 consistit.
1755 4292 1856 4360 Qui
1891 4292 2032 4347 enim
2060 4306 2178 4346 om-

2345 3017 2397 3070 4.
2441 3019 2501 3070 ὐ
2530 3016 2673 3083 Θεὸς
2716 3012 2810 3069 οὖν
2859 3014 2969 3082 τῆς
3014 3015 3199 3083 δόξης
3240 3015 3592 3083 ἐϐρόντησε,
3650 3018 3870 3083 Κύριος

2268 3110 2365 3162 ἐπὶ
2394 3110 2630 3163 ὑδάτων
2668 3106 2933 3162 πολλῶν.
2975 3108 3183 3161 ’Ὑδατὰ
3206 3111 3313 3162 είσι
3336 3109 3431 3162 καὶ
3449 3108 3499 3161 οἱ
3530 3108 3705 3175 amt,
3732 3110 3868 3162 διότι

2270 3201 2505 3269 ποταμοὶ
2554 3201 2766 3272 ῥέουσιν
2810 3202 2873 3253 ἐκ
2915 3199 3014 3268 τῆς
3054 3199 3258 3263 κοιλίας
3311 3201 3517 3263 αὐτῶν,
3588 3202 3867 3263 τουτέστι,

2272 3292 2614 3363 πνευματικὴ
2684 3291 3002 3346 διδασκαλία
3063 3291 3298 3361 ἄρδουσα
3358 3292 3453 3354 τὰς
3509 3292 3696 3363 ψυχὰς
3758 3292 3870 3345 τῶν

2272 3383 2596 3436 ἀκουόντων.
2631 3385 2741 3437 Καὶ
2775 3384 2955 3445 πάλιν,
2991 3381 3358 3451 λαμϐάνουσιν
3394 3381 3541 3451 ὕδωρ
3565 3384 3871 3455 ἀλλόμενον

2273 3478 2353 3539 εἰς
2378 3474 2521 3546 ζωὴν
2552 3475 2788 3538 αἰώνιον,
2813 3478 2946 3547 ὅπερ
2980 3476 3187 3543 γίνεται
3213 3477 3270 3529 ὲν
3293 3477 3404 3536 τοῖς
3423 3474 3607 3538 καλῶς
3636 3477 3868 3533 λαϐοῦσι

2276 3571 2426 3642 πηγὴ
2457 3570 2647 3633 ὓδατος
2679 3568 2972 3639 ἁλλομένου
3008 3570 3087 3631 είς
3121 3566 3267 3638 ζωὴν
3308 3570 3546 3621 αἰώνιον.
3603 3568 3731 3621 Ἐπὶ
3759 3570 3872 3621 τῶν

2275 3660 2532 3714 τοιούτων
2554 3655 2647 3713 οὖν
2667 3659 2872 3711 ὑδάτων
2903 3662 2930 3712 6
2968 3659 3186 3729 Κύριος.
3229 3656 3510 3728 Μνήσθητι
3550 3656 3608 3710 δὲ
3645 3659 3746 3710 καὶ
3771 3660 3871 3730 τῆς

2276 3752 2517 3823 ἱστορίας
2547 3750 2747 3811 Ἠλίου,
2776 3750 2864 3803 ὅτε
2899 3750 3151 3819 ὲκλείσοη
3174 3752 3201 3803 6
3228 3750 3457 3818 οὐρανὸς
3486 3749 3581 3820 ἐτη
3615 3750 3749 3820 τρία
3776 3752 3873 3802 καὶ

2281 3844 2456 3915 μῆνας
2489 3844 2578 3909 ἒξ·
2614 3846 2738 3906 ὅτε,
2774 3841 2990 3912 αἰθρίας
3018 3842 3182 3914 οὔσης
3219 3842 3313 3895 ἐπὶ
3350 3841 3447 3912 τὴν
3488 3840 3744 3913 κορυφὴν
3776 3840 3873 3893 τοῦ

2277 3934 2597 4005 Καρμήλου,
2614 3934 2812 4002 ἢκουσε
2836 3931 3017 4000 φωνῆς
3041 3932 3247 3984 ὑδάτων
3262 3932 3472 3985 πολλῶν
3496 3927 3639 3984 ἐἶτα
3660 3936 3873 4002 ἐπηκο-

2278 4026 2504 4095 λούθησε
2528 4026 2586 4077 τὸ
2607 4025 2700 4078 καὶ
2736 4023 2962 4096 βροντὴν
2996 4024 3248 4091 γενέσθαι
3274 4026 3336 4076 ἐκ
3352 4023 3595 4092 νεφελῶν
3608 4025 3708 4077 καὶ
3730 4025 3875 4096 ὓδωρ

2281 4120 2493 4187 ῥυῆναι.
2528 4118 2742 4184 Κύριος
2765 4113 2880 4170 οὖν
2895 4116 2991 4169 ἐπὶ
3026 4113 3258 4169 ὑδάτων
3272 4114 3539 4168 πολλῶν.
3560 4118 3741 4183 Φωνὴ
3761 4121 3877 4171 Κισ-

2271 4208 2409 4275 ρίου
2428 4207 2497 4259 ἐν
2517 4209 2702 4273 ἰσχύϊ.
2726 4209 2933 4278 Ὥσπερ
2952 4210 3007 4260 ὲν
3024 4206 3103 4277 τῷ
3117 4205 3340 4278 τροχῷἡ
3361 4206 3512 4276 φωνὴ
3533 4206 3774 4272 γίνεται,
3792 4208 3876 4259 οὖα

2280 4320 2388 4364 τως
2415 4303 2471 4355 ὲν
2493 4300 2635 4371 ίσχύῖ
2662 4304 2694 4371 ἡ
2732 4301 2882 4372 φωνὴ
2920 4303 3233 4355 συνίσταται
3260 4298 3353 4353 τοῦ
3389 4298 3625 4369 Κυρίου.
3677 4301 3739 4353 Ὀ
3765 4300 3875 4369 γὰρ

610 4396 699 4451 nia
738 4398 915 4462 potest
962 4390 1013 4443 in
1058 4404 1123 4444 eo
1150 4389 1239 4458 qui
1281 4388 1452 4457 ipsum
1496 4386 1809 4441 corroborat
1852 4385 2068 4441 Christo
2106 4386 2170 4448 ⁷⁸,

2283 4393 2457 4445 πάντα
2489 4391 2685 4463 ἰσχύων
2712 4393 2768 4443 ὲν
2797 4392 2874 4462 τῷ
2910 4390 3289 4462 ἐνδυναμοῦντι
3323 4384 3485 4444 αὐτὸν
3510 4389 3763 4462 Χριστῷ,
3787 4384 3875 4443 οἴω-

613 4486 660 4540 is
690 4483 843 4538 audit
885 4479 1094 4534 Domini
1123 4477 1393 4537 mandata,
1444 4485 1498 4530 et
1537 4476 1686 4531 facit.
1722 4476 1830 4530 Vox
1870 4475 2035 4544 igitur
2076 4475 2177 4529 Do-

613 4578 744 4634 mini
774 4590 881 4632 non
910 4574 963 4628 in
990 4568 1150 4626 dehili
1178 4578 1232 4622 et
1260 4569 1519 4623 dissoluta
1553 4570 1755 4633 anima,
1778 4570 1871 4624 sed
1898 4571 1948 4623 in
1976 4584 2037 4623 ea
2059 4584 2178 4637 quae

614 4682 832 4727 strenue
878 4680 943 4719 ac
974 4660 1199 4716 viriliter
1237 4658 1433 4713 bonum
1468 4659 1695 4729 perlicit.
1744 4657 1853 4713 γοα
1880 4659 2089 4714 Domini
2124 4664 2180 4713 in

616 4756 1028 4831 magniﬁcentia.
1081 4750 1476 4822 Magniﬁcentia
1530 4760 1613 4806 est
1672 4752 1846 4806 virtus
1904 4751 2182 4822 eleganter

618 4864 831 4921 magna.
886 4845 1051 4917 Igitur
1104 4856 1190 4897 res
1246 4857 1468 4913 magnas
1523 4844 1612 4910 qui
1653 4842 1905 4896 decenter
1942 4843 2179 4909 conficit,

619 4947 709 4999 hic
736 4940 885 4997 audit
910 4934 1243 5004 magniﬁcus.
1275 4932 1509 4988 Proinde
1538 4949 1658 4987 cum
1700 4936 1878 4986 anima
1937 4948 1965 4985 ιι
2002 4935 2182 4988 carnis

697 5032 928 5087 “Marc.
958 5042 1041 5091 ιιι,
1077 5026 1161 5080 l7.
1259 5026 1303 5057 ⁸⁷
1343 5024 1482 5079 Psal.
1533 5040 1709 5087 uxvn,
1738 5024 1824 5079 19.

617 5121 778 5171 xvm,
798 5101 869 5156 42
898 5113 1054 5166 seqq.
1130 5096 1173 5127 "
1202 5093 1435 5164 Philipp.
1460 5111 1533 5160 tv,
1567 5094 1651 5149 12.

692 5196 799 5269 (96)
828 5190 1079 5269 Nonnulli
1128 5202 1261 5242 mss.
1312 5186 1806 5269 svanolsupeév,et
1857 5188 2179 5269 italegisse

620 5256 832 5322 videtur
872 5266 1139 5328 interpres
1174 5268 1349 5325 vetus,
1379 5258 1469 5327 qui
1513 5256 1782 5328 verterit:
1819 5258 2047 5328 spiritus
2093 5276 2177 5313 rc—

619 5341 792 5394 tictus.
825 5333 931 5388 Sed
983 5325 1155 5399 major
1186 5344 1336 5399 pars
1359 5325 1486 5383 niss.
1532 5325 1927 5399 evanolqcpﬂév,
1964 5329 2180 5396 spiritus

621 5412 882 5462 detentus.
914 5397 1452 5469 inclusus.‘0ptime.
1508 5399 1714 5453 Ibidem
1758 5398 1909 5453 Colb.
1948 5410 2179 5469 quartus

618 5478 728 5532 τῶν
748 5471 984 5543 νεφελῶν
1010 5468 1486 5543 ἐπιστρεφόμενον.

696 5538 1047 5615 (9Ἱ)ἰ.οείωι’
1078 5541 1129 5594 in
1162 5538 1333 5593 tribus
1368 5554 1497 5592 mss.
1529 5538 1902 5615 περιστέλλειν
1929 5554 2027 5615 pro
2053 5538 2177 5615 στέ-

621 5608 760 5688 γειν.
790 5608 1019 5669 ἰιιίἆοιιι
1086 5619 1320 5688 quatuor
1369 5624 1500 5688 t_nss.
1543 5608 1781 5664 διιεῖσαι.
1838 5609 1946 5664 Sed
2011 5611 2177 5680 niajor

626 5679 753 5760 pars
782 5698 912 5741 mss.
943 5695 1067 5738 cum
1095 5681 1253 5735 editis
1288 5679 1506 5732 διεῖσαι.

1902 5024 1948 5055 ⁸⁸
1988 5023 2188 5081 Ezech.
2234 5042 2269 5093 ι,
2310 5034 2395 5089 15,

2284 4502 2373 4547 τος
2392 4485 2577 4540 ἀκούει
2609 4484 2716 4536 τῶν
2742 4484 2968 4537 ἐντολῶν
3000 4484 3093 4537 τοῦ
3124 4484 3350 4553 Κυρίου,
3382 4484 3475 4535 καὶ
3511 4486 3679 4535 ποιεῖ.
3717 4484 3875 4553 Φωνὴ

2287 4570 2378 4627 οὖν
2403 4575 2628 4646 Κυρίου,
2664 4575 2763 4628 οὐκ
2792 4575 2850 4625 ὲν
2876 4578 2941 4644 τῇ
2975 4574 3188 4628 ἀσθενεῖ
3220 4574 3314 4625 καὶ
3341 4572 3680 4643 ὲκλελυμένῃ
3702 4574 3873 4643 ψυχῇ,

2288 4666 2401 4719 ἀλλ’
2430 4667 2488 4718 ἐν
2523 4669 2587 4737 τῇ
2632 4666 2864 4729 εὐτόνως
2907 4668 3001 4719 καὶ
3045 4664 3278 4737 ἰσχυρῶς
3322 4661 3782 4735 κατεργαζομένη
3819 4666 3880 4717 τὸ

2289 4758 2509 4825 ἀγαθόν.
2543 4758 2713 4825 Φωνὴ
2732 4758 2955 4827 Κυρίου
2983 4758 3052 4811 ὲν
3068 4756 3569 4827 μεγαλοπρεπείᾳ.
3611 4756 3677 4808 Ὶῐ
3705 4773 3878 4826 μετα-

2289 4849 2587 4922 λοπρὲπεια
2638 4854 2804 4923 ἀρετή
2862 4852 3011 4903 ἐστιν
3070 4850 3363 4922 ἐκπρεπῶς
3421 4848 3636 4919 μεγάλη
3674 4850 3778 4920 (Ι).
3819 4850 3877 4901 Ὀ

2286 4936 2381 4994 οὖν
2428 4944 2745 5015 πρεπόντως
2797 4942 3083 5005 ἀποδιδοὺς
3138 4943 3235 5004 τὰς
3274 4943 3403 5012 περὶ
3447 4942 3557 4996 τῶν
3620 4942 3881 5010 μεγάλων

2474 5036 2518 5068 ⁶’
2546 5034 2700 5093 Joan.
2738 5036 2943 5097 ut,58.
3020 5035 3064 5065 "°
3099 5033 3253 5088 Joau.
3291 5050 3363 5099 tv,
3391 5034 3480 5087 16.
3554 5036 3602 5066 ⁷⁸
3634 5033 3703 5087 ιιι
3742 5034 3876 5104 Reg.

2360 5190 2475 5259 (98)
2496 5188 2731 5245 Codices
2762 5206 2867 5244 non
2894 5191 3047 5259 pauci
3089 5188 3503 5259 Elei-tomum;

2354 5255 3127 5333 (99)—Nonnulliimss:19916;
3173 5255 3252 5333 εἷς
3294 5261 3572 5333 ἐχόμενος.
3605 5260 3715 5333 Alii
3750 5279 3879 5332 τρο-

2282 5325 2683 5401 χὸςίὲχόμενος.
2751 5331 2890 5385 Editi
2937 5325 3129 5401 τροῇᾖὸς
3163 5325 3243 5394 εἷς
3293 5325 3520 5399 ἐπιγῆς
3588 5325 3873 5401 ἐχόμενος.

2286 5398 2641 5472 Lxxdtidem
2672 5402 2863 5472 τροχὸς
2904 5398 2992 5472 εἷς
3024 5398 3118 5456 ἐπὶ
3151 5402 3250 5471 τῆς
3284 5403 3387 5471 γῆς
3429 5398 3721 5472 ἐχόμενος.
3756 5402 3877 5454 Sta-

2287 5472 2382 5525 tim
2420 5471 2571 5525 Colb.
2615 5467 2841 5539 quartus
2876 5467 3016 5537 εἶδος
3038 5467 3227 5527 αὐτοῦ’.

2362 5541 2437 5623 ti)
2472 5542 2648 5595 Editio
2698 5540 2873 5623 Paris.
2916 5544 3087 5616 ἀρετή
3141 5546 3291 5623 ἐστιν
3334 5542 3634 5623 ειύπρεπῶς
3663 5544 3877 5623 μεγαλα

2293 5613 2755 5683 πράττουσαηΑι
2813 5629 2945 5667 mss.
2981 5613 3172 5679 omnes
3215 5613 3517 5683 simplicius
3560 5615 3876 5683 εὐτρεπῶς.

2296 5692 2390 5736 aut
2423 5682 2714 5753 ἐκπρεπῶς
2752 5683 2983 5756 μεγάλη.
