4016 6468
273 401 378 455 995

1367 399 1650 454 llOlllLlA
1688 397 1756 452 lN
1795 398 2124 455 PSALMUM
2166 399 2400 456 XXVIII.

3409 410 3510 462 294

275 521 523 590 πράξεων
573 521 870 592 ἐνεργείας,
927 522 954 574 ὁ
986 521 1221 582 τοιοῦτος
1277 521 1462 573 ἀκούει
1505 521 1842 590 μεγαλοπρε-

1951 518 2225 573 aﬂ'ectibus
2260 520 2418 572 fuerit
2459 519 2645 581 libera,
2681 520 3057 588 acceperitque
3089 524 3506 592 magnitudinem

273 613 402 682 πής.
435 613 601 665 Ὅταν
624 611 714 665 οῦν
746 613 888 683 ψυχὴ
918 612 1213 674 ἁδούλωτος
1307 611 1382 682 τῷ
1418 615 1719 684 φρονήματι
1750 612 1845 680 τῆς

275 703 494 774 σαρκὸς,
555 702 779 772 μέγεθος
820 703 877 756 δὲ
916 706 1010 757 καὶ
1045 704 1121 769 (ΕΞ)
1172 702 1384 772 ἀξίωμα
1415 703 1619 773 πρέπον
1680 704 1844 772 ἑαυτῇ

273 793 337 845 ἐκ
367 794 463 863 τῆς
494 795 893 865 συναισθήσεως
926 795 1030 847 τῶν
1074 795 1381 864 προσόντων
1414 796 1546 864 αὑτῇ
1579 794 1682 845 ἀπὸ
1712 794 1844 845 Θεοῦ

274 885 541 958 ἀναλάϐῃ,
584 888 639 938 ἐν
669 887 837 958 ταύτῃ
867 886 1073 954 γίνεται
1129 888 1159 956 ἡ
1194 886 1344 955 φωνὴ
1374 885 1464 938 τοῦ
1521 887 1744 954 Κυρίου.
1783 887 1845 937 Οἱ

272 973 368 1028 οῦν
408 977 766 1046 μεγαλοφυεῖς
810 978 906 1047 μὲν
935 977 1147 1046 ἔχοντες
1170 978 1267 1039 τὰς
1303 978 1429 1049 περὶ
1455 976 1588 1028 Θεοῦ
1619 975 1843 1038 ἐννοίας,

276 1068 496 1138 {aQ/21M);
536 1069 591 1122 δὲ
639 1070 1039 1139 τεθεωρηκὸτες
1071 1069 1198 1132 τοῦς
1222 1070 1347 1138 περὶ
1384 1067 1610 1146 κτίσεως
1635 1067 1842 1134 λόγους,

277 1163 372 1213 καὶ
405 1161 721 1229 δυνηθέντες
766 1160 857 1211 ἐπὶ
897 1160 1060 1211 ποσὸν
1091 1159 1220 1226 γοῦν
1253 1157 1526 1210 ἐπιϐαλεῖν
1557 1157 1634 1226 τῷ
1659 1156 1845 1226 ἀγαθῷ

273 1253 372 1322 τῆς
401 1252 493 1304 τοῦ
517 1252 648 1304 Θεοῦ
675 1251 948 1321 προνοίας,
983 1254 1077 1303 καὶ
1109 1249 1329 1322 προσέτι
1355 1250 1410 1301 ὲν
1432 1251 1548 1310 ταῖς
1584 1248 1846 1310 δαπάναις

274 1344 533 1413 ἀφειδεῖς,
574 1343 665 1394 καὶ
714 1342 1075 1412 μεγαλόδωροι
1123 1344 1176 1394 ἐν
1206 1341 1281 1410 τῷ
1319 1340 1414 1404 τάς
1457 1340 1563 1392 τῶν
1605 1339 1845 1407 ἀδελφῶν

273 1437 464 1507 χρείας
498 1434 946 1505 ἐπανορθοῦσθαι,
977 1428 1122 1487 οῦτοί
1145 1435 1280 1485 εἰσιν
1303 1434 1351 1485 oi
1390 1433 1842 1503 μεγαλοπρεπεῖς,

271 1527 330 1578 ὲν
379 1523 458 1588 οἷς
489 1528 520 1595 ἡ
559 1526 708 1596 φωνὴ
766 1525 858 1577 τοῦ
895 1525 1093 1595 Κυρίου
1144 1523 1573 1594 ἐμπολιτεύεται.
1611 1523 1698 1593 Τῷ
1736 1524 1845 1576 ὄντι

271 1619 379 1687 γὰρ
409 1621 435 1669 ὁ
486 1616 906 1688 μεγαλοπρεπὴς
952 1618 1193 1687 ὑπερορᾷ
1222 1617 1397 1670 πάντα
1431 1617 1498 1669 τὰ
1538 1615 1842 1685 σωματικὰ,

271 1709 480 1769 οὑδενδς
508 1705 643 1762 εἶναι
689 1709 811 1772 ἄξια
859 1708 1054 1776 κρίνων
1083 1709 1240 1777 λόγου
1284 1712 1349 1778 τῇ
1395 1707 1693 1778 παραθέσει
1738 1709 1843 1760 τῶν

272 1800 536 1869 ἀοράτων.
580 1801 681 1852 Τὸν
730 1800 1120 1871 μεγαλοπρεπῆ
1166 1800 1386 1869 οὐδεμία
1424 1800 1649 1868 λυπήσει
1691 1800 1846 1869 περί-

1951 626 2013 664 ac
2043 612 2379 680 dignitatem,
2402 626 2518 677 qu:e
2563 611 2722 681 119
2753 628 2847 680 pro
2875 613 3186 667 facultatum
3217 631 3245 666 a
3292 615 3398 666 Deo
3422 633 3508 666 ac-

1953 714 2231 768 ceptarum
2281 701 2586 767 cognitione
2618 703 2715 754 sibi
2751 704 3054 765 conveniat,
3092 713 3200 756 tum
3234 705 3285 756 in
3316 705 3401 757 illa
3455 705 3511 756 fit

1951 806 2049 842 vox
2075 791 2305 844 Domini.
2333 791 2690 855 Quamobrem
2726 793 2815 860 qui
2855 794 3139 862 magniﬁce
3175 796 3416 862 cogitant
3447 799 3511 848 de

1952 881 2059 934 Deo
2092 923 2106 944 ,
2149 891 2202 933 et
2255 882 2546 935 creatiouis
2598 884 2836 936 rationes
2894 885 3000 939 alte
3052 885 3304 953 speculati
3363 896 3507 945 sunt,

1947 984 2000 1026 et
2048 975 2376 1040 aliquantum
2438 974 2630 1027 saltem
2681 975 2974 1030 bonitatem
3023 977 3370 1044 providentiae
3421 979 3507 1032 Dei

1948 1067 2159 1132 assequi
2187 1076 2430 1135 potuere,
2484 1066 2814 1136 iusuperque
2846 1069 2988 1136 parci
3020 1085 3125 1122 non
3176 1080 3300 1123 sunt
3347 1071 3396 1123 in
3437 1071 3512 1123 fa.

1947 1157 2155 1210 ciendis
2203 1158 2523 1222 sumptibus,
2562 1166 2614 1207 et
2663 1158 2714 1208 in
2767 1158 3108 1210 sublevandis
3157 1157 3381 1212 fratrum
3417 1176 3509 1212 ne-

1947 1249 2289 1302 cessitatibus
2309 1249 2556 1302 liberales
2569 1258 2712 1314 sunt;
2733 1248 2808 1314 bi,
2831 1250 3206 1317 inquam,sunt
3221 1252 3511 1320 magnifici,

1949 1339 1998 1392 in
2038 1341 2232 1407 quibus
2280 1355 2378 1392 vox
2415 1339 2619 1392 Domini
2675 1339 2961 1393 inhabitat.
2994 1341 3206 1396 Etenim
3256 1345 3346 1412 qui
3387 1359 3513 1397 vere

1950 1431 2266 1499 magnificus
2295 1441 2398 1496 est,
2435 1448 2519 1486 res
2549 1447 2738 1486 omnes
2765 1447 3051 1500 corporeas
3071 1444 3414 1502 aspernatur,
3445 1451 3508 1485 ac.

1947 1537 2054 1589 piae
2085 1522 2439 1576 invisibilibus
2483 1538 2574 1574 eas
2627 1521 2758 1576 facit
2812 1523 2982 1575 nihili.
3023 1523 3338 1578 Advers‘tas
3369 1523 3510 1577 nulla

1947 1613 2286 1678 magnificum
2307 1612 2500 1666 afficiet
2531 1614 2773 1676 tristitia,
2805 1614 2948 1667 nulla
2981 1630 3196 1682 prorsus
3228 1617 3365 1669 mala
3389 1626 3514 1670 sont

1948 1703 2094 1756 illiilli
2135 1705 2512 1770 perturbatura
2544 1722 2561 1760 :
2595 1720 2764 1772 neque
2809 1707 3172 1775 improborum
3231 1719 3285 1762 et
3334 1711 3512 1776 despi-

1945 1796 2256 1850 ciendorutn
2301 1797 2744 1851 homunculoruut
2791 1809 3003 1865 peccata
3049 1815 3170 1853 eum
3207 1815 3510 1854 commove-

274 1908 493 1953 στασις’
538 1893 656 1945 οὑδὲ
702 1893 836 1955 ὅλως
881 1893 1053 1955 πάθος
1094 1910 1144 1944 τι
1174 1892 1335 1944 αὐτὸν
1382 1889 1691 1959 ὲκταράξει,
1726 1893 1843 1944 οὑδὲ

1949 1890 2123 1952 Ιιιιηι,
2181 1905 2353 1959 neque
2402 1890 2579 1958 ipsum
2642 1893 2904 1962 deprimet
2962 1894 3142 1946 carnis
3203 1893 3508 1961 impuritas.

271 1980 663 2051 ἀνθρωπαρίων
726 1982 944 2050 φαύλων
985 1981 1078 2034 καὶ
1137 1981 1628 2050 εὑκαταφρονήτων
1669 1981 1847 2052 ἁμαρ-

269 2071 487 2140 τήματα
540 2073 783 2142 κινήσει·
823 2072 942 2124 οὑδὲ
976 2070 1284 2140 ἀκαθαρσία
1326 2071 1426 2140 τῆς
1457 2071 1654 2142 σαρκὸς
1688 2073 1847 2124 αὑτὸν

268 2163 610 2218 ταπεινώσει.
648 2165 1011 2235 Δυσπρόσιτος
1048 2165 1156 2235 γάρ
1187 2166 1301 2217 ἐστι
1356 2169 1467 2227 τοῖς
1530 2182 1848 2218 ταπεινωτι-

269 2258 385 2319 κοῖς
439 2256 684 2315 πάθεσιν,
739 2256 857 2308 οὐδὲ
905 2256 1267 2327 προσϐλέπειν
1327 2257 1474 2327 αὑτῷ
1529 2257 1845 2328 δυναμένοις

267 2347 356 2400 διὰ
386 2348 446 2401 τί)
477 2349 610 2414 ὑψος
634 2347 732 2417 τῆς
752 2346 993 2417 γνώμης.
1021 2349 1248 2416 Λέγεται
1277 2349 1334 2401 δέ
1367 2367 1448 2411 τις
1476 2348 1566 2400 καὶ
1589 2348 1722 2400 Θεοῦ
1754 2365 1846 2418 με-

269 2441 673 2514 γαλοπρέπεια·
729 2440 804 2504 ὡς
865 2442 945 2504 τὸ,
991 2443 1244 2510 Ἐπ-ήρθη
1305 2443 1342 2508 ἡ
1373 2440 1847 2509 μεγαλοπρέπειά

268 2551 387 2586 σου
415 2532 686 2599 ὑπεράνω
717 2532 837 2586 τῶν
866 2534 1156 2601 οἰφανῶν.
1193 2536 1254 2586 Οἱ
1283 2529 1373 2584 οῦν
1397 2531 1463 2583 τὰ
1489 2533 1696 2602 μεγάλα
1722 2534 1848 2604 περὶ

317 2622 406 2675 εοῦ
440 2621 771 2688 δοξάζοντες,
803 2619 946 2678 οὗτοι
989 2623 1373 2693 ὑπεραίρουσιν
1408 2622 1570 2675 αὑτοῦ
1610 2622 1706 2693 τὴν
1753 2640 1847 2693 με-

268 2713 693 2784 γαλοπρέπειαν.

339 2804 391 2857 5.
421 2805 592 2872 Φωνὴ
629 2807 847 2872 Κυρίου
883 2803 1311 2870 συντρίϐεντος
1340 2803 1608 2870 κέδρους.
1665 2803 1729 2854 'll
1759 2803 1848 2854 κέ-

264 2896 388 2968 δρος
421 2898 549 2949 ποτὲ
593 2897 691 2963 μὲν
717 2896 790 2958 ὡς
824 2896 1068 2966 μόνιμον,
1114 2896 1207 2946 καὶ
1244 2894 1458 2963 σήψεως
1496 2893 1721 2963 βέλτιον,
1755 2893 1848 2944 καὶ

267 2988 486 3052 εὑῶδες,
530 2989 622 3041 καὶ
677 2987 881 3056 σκέπην
919 2987 1097 3040 ἱκανὸν
1147 2985 1484 3055 παρέχεσθαι
1547 2985 1693 3054 παρὰ
1752 2984 1847 3053 τῆς

270 3080 492 3152 Γραφῆς
519 3083 816 3133 ἐπαινεῖται
838 3097 850 3109 ·
888 3080 1015 3132 ποτὲ
1047 3080 1102 3130 δὲ
1119 3080 1192 3139 ὡς
1214 3080 1460 3147 ἄκαρπον
1492 3079 1583 3131 καὶ
1606 3078 1845 3146 δυσκαμ-

272 3173 369 3236 πὲς
391 3171 753 3232 διαϐάλλεται,
787 3170 861 3230 ὡς
883 3170 976 3220 καὶ
1001 3168 1180 3219 εἰκόνα
1211 3167 1449 3236 πληροῦν
1477 3167 1569 3219 τοῦ
1597 3166 1790 3219 ἁσεϐοῦ
1803 3185 1841 3229 ς.

1949 1980 2273 2036 Aﬂectiones
2343 1984 2485 2037 enim
2544 1999 2663 2052 qua:
2728 1985 3068 2048 demittunt,
3121 1984 3510 2054 abjiciuntque,

1949 2075 2034 2126 vix
2096 2074 2299 2126 aditum
2351 2075 2415 2128 ad
2477 2073 2622 2127 illum
2673 2074 2995 2137 inveniunt,
3021 2091 3141 2128 cum
3175 2090 3241 2129 ne
3270 2077 3514 2144 aspicere

1948 2165 2160 2234 quidem
2244 2165 2415 2234 ipsum
2478 2167 2547 2219 ob
2626 2168 2823 2220 mentis
2885 2168 3217 2221 altitudinem
3285 2179 3509 2236 queant.

1953 2256 2159 2310 Dicitur
2205 2265 2384 2308 autem
2437 2264 2492 2309 et
2541 2256 2786 2325 quantum
2837 2255 2929 2309 Dei
2985 2257 3418 2326 magnificentia,
3458 2269 3515 2309 ut

1950 2347 2001 2399 in
2060 2349 2161 2401 hoc
2213 2347 2329 2400 loco
2363 2365 2377 2400 :
2411 2345 2627 2400 Elevata
2673 2359 2746 2401 est
2798 2348 3189 2419 magniﬁcentia
3234 2359 3322 2402 tua
3361 2365 3515 2417 super

1947 2439 2189 2491 caelos".
2257 2438 2355 2504 Qui
2414 2439 2576 2508 igitur
2616 2455 2809 2510 magna
2849 2442 2915 2494 de
2970 2442 3079 2495 Deo
3125 2441 3396 2504 sentiunt,
3462 2442 3512 2494 bi

1951 2528 2122 2597 ipsius
2156 2527 2417 2582 extollunt
2447 2531 2924 2599 magnificentiam.

2020 2798 2070 2850 ὅ.
2107 2800 2264 2851 Vens.
2300 2799 2350 2854 5.
2407 2801 2516 2855 Vox
2543 2801 2755 2854 Domini
2784 2804 3155 2874 ranfriugeutis
3179 2807 3382 2859 cedros.
3415 2807 3516 2862 Ce-

1949 2885 2078 2940 drns
2113 2889 2269 2942 modo
2310 2899 2366 2941 ut
2420 2907 2506 2943 res
2563 2893 2792 2957 stabilis,
2849 2903 2900 2947 et
2955 2898 3252 2962 putredinis
3294 2914 3514 2968 expers,

1950 2975 2303 3046 odorataqne,
2335 2987 2390 3032 et
2447 2981 2511 3033 ad
2547 2983 2887 3050 pra-bendnm
2932 2995 3141 3053 tegmen
3171 2997 3291 3056 apta
3317 3004 3345 3041 a
3373 2990 3516 3044 Scri-

1948 3081 2101 3138 ptura
2153 3069 2440 3137 laudatur;
2505 3073 2663 3126 modo
2730 3083 2787 3127 ut
2845 3074 3180 3130 infructuosa
3252 3089 3306 3133 et
3368 3096 3512 3150 aegre

1950 3159 2198 3215 ﬂexibilis
2235 3165 2592 3231 vituperatur,
2618 3169 2752 3219 adeo
2778 3177 2836 3219 ut
2863 3167 3008 3237 impii
3034 3169 3194 3222 etiam
3225 3169 3512 3240 imaginem

272 3234 452 3318 Εἶδον
477 3265 583 3330 γὰρ
613 3263 719 3314 τὸν
737 3259 924 3326 ἀσεϐῆ
953 3234 1450 3327 ὐπερυψούμενον
1480 3260 1573 3310 καὶ
1612 3259 1843 3325 ἐπαιρό-

1951 3255 2130 3317 fcrat,
2186 3253 2533 3324 impleatque.
2593 3255 2713 3308 Vidi
2760 3258 2894 3308 enim
2940 3234 3178 3326 vimpium
3201 3234 3511 3327 exaltatum,

265 3376 454 3427 μενον
479 3357 558 3421 ὡς
597 3357 702 3422 τὰς
731 3354 976 3423 κέδρους
1008 3355 1112 3408 τοῦ
1142 3354 1417 3409 Λιϐάνου.
1455 3353 1590 3406 Καθ’
1631 3353 1658 3405 ὂ
1686 3353 1758 3420 (5)
1786 3351 1846 3404 τὸ

272 3447 666 3517 σημαινόμενον
726 3448 820 3499 καὶ
873 3445 966 3499 νῦν
1017 3445 1359 3517 παρελήφθη.
1418 3446 1481 3497 Ἢ
1537 3444 1644 3516 γὰρ
1694 3443 1844 3514 φωνὴ

269 3541 362 3594 τοῦ
411 3540 613 3610 Κυρίου
664 3540 937 3611 συντρίϐει
979 3540 1220 3608 κέδρους.
1289 3538 1499 3607 Ὥσπερ
1532 3536 1640 3605 γὰρ
1684 3537 1741 3586 ὲν
1778 3537 1843 3604 τῇ

275 3633 675 3705 μεγαλοπρεπεῖ
733 3634 874 3703 ψυχῇ
920 3633 1144 3700 γίνεται,
1207 3628 1348 3682 οὕτω
1396 3631 1518 3692 τοὺς
1578 3628 1700 3698 εἰκῆ
1752 3645 1847 3696 φυ-

275 3726 612 3795 σιουμένους,
654 3727 779 3787 τοὺς
838 3723 1160 3792 ἐπαίροντας
1212 3720 1434 3782 ἑαυτοὺς
1496 3721 1552 3770 ὲν
1593 3723 1703 3782 τοῖς
1757 3737 1844 3771 νο-

277 3813 587 3882 μιζομένοις
626 3811 879 3881 ὑψώμασι
940 3812 1032 3863 τοῦ
1079 3811 1282 3879 κόσμου
1330 3808 1535 3870 τούτου,
1592 3808 1841 3871 πλούτου,

272 3905 304 3972 ἦ
357 3902 533 3969 δόξης,
564 3901 595 3968 ἦ
629 3902 963 3965 δυναστείας,
1009 3902 1039 3970 ἢ
1103 3901 1329 3964 κάλλους
1360 3899 1628 3969 σώματος,
1686 3899 1719 3969 ἢ
1751 3899 1844 3951 δυο

273 3995 506 4062 νάμεως,
554 3994 587 4061 ἢ
648 3993 846 4063 ἰσχύος.
899 3992 1204 4062 συντρίϐειν
1249 3991 1485 4057 λέγεται.
1532 3990 1642 4043 Καὶ
1693 4006 1844 4042 συν-

272 4088 464 4154 τρίψει
506 4088 716 4153 Κύριος
751 4085 856 4152 τὰς
898 4085 1148 4152 κέδρους
1187 4085 1292 4138 τοῦ
1327 4082 1602 4138 Λιϐάνου.
1639 4085 1701 4135 υἱ
1735 4086 1846 4146 τοῖς

271 4177 568 4247 ἀλλοτρίοις
599 4179 908 4247 πράγμασιν
958 4178 1345 4239 ἐπιϐαίνοντες,
1373 4176 1466 4228 καὶ
1498 4175 1592 4228 ἀπ’
1620 4176 1844 4228 ἐκείνων

275 4270 486 4331 ἑαυτοῖς
515 4268 612 4337 τὴν
639 4267 955 4329 ἀλαζονείαν
982 4267 1323 4334 συνάγοντες,
1351 4259 1493 4318 οῦτοί
1523 4265 1629 4315 εἱσι
1663 4264 1844 4334 κέδροι

272 4362 367 4414 τοῦ
404 4361 652 4414 Λιϐάνου.
693 4360 902 4429 Ὥσπερ
922 4360 1030 4430 γὰρ
1056 4361 1110 4412 αἱ
1140 4359 1342 4429 κέδροι,
1369 4357 1489 4410 καθ’
1526 4356 1722 4418 ἑαυτὰς
1754 4352 1843 4408 οὗ·

277 4471 365 4505 σαι
392 4454 611 4523 ὑψηλαὶ,
635 4451 712 4522 τῷ
741 4453 823 4503 ἐπ’
850 4451 1008 4520 ὅρους
1047 4449 1248 4520 ὑψηλοῦ
1288 4449 1610 4516 πεφυκέναι,
1658 4449 1720 4499 ὲκ
1747 4448 1845 4516 τῆς

274 4545 586 4615 προσθήκης
616 4543 707 4597 τοῦ
739 4543 895 4614 ὅρους
922 4543 1377 4612 περιφανέστεραι
1400 4541 1670 4608 γίνονται·
1705 4539 1845 4592 οῦτω

274 4638 368 4689 καὶ
397 4639 444 4688 οἱ
474 4640 583 4698 τοῖς
618 4637 874 4706 φθαρτοῖς
908 4632 1002 4685 τοῦ
1043 4632 1249 4699 κόσμου
1286 4632 1600 4702 πράγμασιν
1632 4634 1845 4700 ἐπερει-

272 4729 483 4799 δόμενοι
506 4727 681 4795 κέδροι
709 4728 803 4797 μέν
830 4728 935 4779 είσι
966 4722 1054 4777 διὰ
1075 4725 1172 4792 τὴν
1201 4723 1512 4787 ἀλαζονείαν
1545 4725 1634 4776 καὶ
1662 4723 1722 4775 τὸ
1749 4725 1846 4792 τῆς

273 4819 509 4880 διανοίας
549 4817 791 4888 ἔπαρμα,
835 4817 1067 4871 Λιϐάνου
1103 4815 1158 4867 δὲ
1199 4817 1375 4887 κέδροι
1416 4814 1846 4886 προσαγορεύον-

273 4928 383 4972 ται,
414 4909 500 4962 διὰ
532 4908 590 4960 τὸ
617 4907 692 4975 τῷ
717 4908 981 4977 ἀλλοτρίῳ
1009 4903 1259 4974 ὑψώματι
1300 4905 1718 4972 ὲπαγάλλεσθαι,
1755 4907 1846 4958 καὶ

276 5003 381 5056 ὑπὸ
408 5004 508 5073 γῆς
553 5002 644 5056 καὶ
675 4999 780 5053 τῶν
815 5001 1016 5071 γηίνων
1057 4997 1415 5068 πραγμάτων,
1468 4995 1576 5050 οἷον
1617 4998 1720 5050 ὑπδ
1744 4997 1842 5065 τῆς

274 5094 518 5165 κορυφῆς
555 5091 648 5145 τοῦ
684 5089 935 5153 Λιϐάνου,
968 5088 1101 5159 πρὸς
1137 5085 1450 5149 ἀλαζονείαν
1495 5088 1831 5156 ἐπαίρεσθαι.

274 5183 349 5235 Οὑ
384 5181 561 5242 πάσας
610 5181 667 5232 δὲ
692 5181 787 5242 τὰς
821 5175 1042 5246 κέδρους
1072 5174 1337 5248 συντρίϐει
1385 5177 1412 5225 ὁ
1445 5175 1662 5247 Κύριος,
1702 5176 1836 5228 ἀλλὰ

273 5280 372 5341 τὰς
396 5275 489 5330 τοῦ
522 5278 769 5329 Λιϐάνου.
822 5273 1036 5342 Ἐπειδὴ
1065 5274 1172 5343 γὰρ
1208 5269 1644 5339 εἰδωλολατρείας
1676 5271 1837 5333 τόπος

269 5371 300 5422 ὁ
329 5369 574 5432 Λίϐανος,
611 5368 731 5420 ὅσαι
761 5365 928 5436 ψυχαὶ
956 5365 1266 5434 ἐπαίρονται
1303 5361 1442 5414 κατὰ
1468 5361 1565 5429 τῆς
1590 5361 1839 5428 γνώσεως

340 5503 387 5534 ’³
413 5504 550 5557 Psal.
575 5518 689 5569 vttt,
716 5503 769 5556 2.
857 5504 904 5534 "
941 5500 1082 5555 Psal.
1136 5514 1322 5563 3mm,
1365 5497 1432 5551 55

345 5639 422 5711 (ε)
450 5639 618 5691 Verba
653 5641 763 5703 illa,
804 5638 1032 5709 μέγεθος
1053 5637 1112 5711 δὲ
1147 5635 1261 5711 καί,
1283 5634 1535 5711 gannit-1
1569 5634 1835 5711 interpres

269 5704 428 5764 vetus
460 5709 646 5763 Latine
678 5704 927 5770 reddidit,
953 5721 1010 5760 ut
1032 5707 1306 5771 illud,d1cb
1336 5704 1492 5768 Θεοῦ,
1521 5708 1584 5755 ad
1610 5707 1831 5757 verbum

275 5779 522 5851 ἀναλάϐῃ
579 5784 846 5840 retulerit.
897 5795 1017 5830 cum
1070 5778 1259 5833 referri
1318 5788 1492 5854 tamen
1536 5773 1600 5854 ad
1645 5789 1828 5854 vocem

276 5841 581 5923 προτόντὶοιν
612 5853 803 5905 debeat
841 5867 852 5902 :
909 5865 1012 5919 qua
1052 5866 1213 5918 parva
1267 5847 1584 5917 negligentia
1634 5845 1829 5898 mirum

1947 3355 1996 3397 et
2031 3346 2284 3399 eleuatum
2313 3349 2446 3401 sicut
2499 3350 2680 3402 cedros
2711 3349 2977 3404 Libani“.
3011 3355 3122 3418 Qua
3159 3355 3211 3409 in
3246 3357 3515 3424 signiﬁca-

1950 3437 2093 3491 tione
2151 3440 2313 3493 etiam
2358 3457 2500 3496 nunc
2554 3457 2774 3513 accepta
2815 3454 2919 3499 est.
2956 3444 3069 3502 Vox
3129 3449 3272 3502 enim
3306 3452 3510 3505 Domini

1948 3531 2240 3599 confringit
2305 3536 2515 3587 cedros.
2586 3535 2655 3590 Ut
2720 3539 2862 3590 enim
2922 3539 3038 3594 haec
3113 3541 3164 3594 in
3232 3544 3512 3613 magnifica

1948 3625 2125 3676 anima
2165 3627 2262 3679 lit:
2299 3625 2370 3677 ita
2410 3626 2656 3681 homines
2699 3636 2901 3683 temere
2925 3630 3156 3699 inﬂatos,
3187 3635 3277 3702 qui
3310 3635 3516 3703 seipsos

1948 3714 2200 3781 eﬂ‘ernnt,
2237 3717 2306 3771 ob
2331 3732 2390 3770 ea
2423 3733 2542 3786 qua:
2574 3720 2625 3773 in
2668 3720 2768 3775 hic
2808 3724 3005 3776 mundo
3027 3723 3133 3776 alta
3158 3740 3222 3779 ac
3266 3725 3511 3779 sublimia

1947 3818 2225 3873 putantur,
2285 3824 2477 3876 nempe
2535 3811 2603 3863 ob
2662 3813 2902 3876 divitias,
2953 3824 3045 3868 aut
3107 3815 3372 3884 gloriam,
3425 3830 3515 3872 aut

1950 3898 2260 3964 imperium,
2318 3911 2411 3952 aut
2466 3904 2712 3970 corporis
2769 3905 3250 3973 pulchritudinem,
3284 3922 3378 3963 aut
3428 3929 3516 3981 po-

1948 3999 2243 4056 testatem,
2322 4003 2414 4046 aut
2483 3994 2678 4060 vires,
2744 3998 2943 4050 dicitur
2995 4001 3358 4071 confringere.
3448 4003 3514 4057 Et

1950 4084 2248 4154 confringet
2292 4085 2548 4140 Dominus
2609 4089 2791 4144 cedros
2846 4089 3054 4146 Libani.
3116 4094 3322 4150 Alienis
3358 4098 3519 4150 rebus

1947 4175 2037 4243 qui
2086 4177 2352 4239 insident,
2405 4190 2460 4231 et
2523 4195 2588 4233 ex
2628 4182 2708 4234 eis
2763 4183 2989 4248 gloriam
3050 4185 3364 4252 {astumque
3419 4191 3516 4240 sibi

1947 4267 2199 4332 conﬂant,
2228 4269 2262 4320 ii
2291 4278 2418 4322 sunt
2450 4271 2594 4324 cedri
2631 4271 2842 4327 Libani.
2879 4274 3340 4340 Quemadmodum
3374 4281 3516 4332 enim

1947 4358 2092 4411 cedri
2146 4374 2241 4424 per
2291 4375 2348 4414 se
2397 4361 2519 4416 alta:
2577 4377 2700 4418 cum
2766 4368 2896 4430 sint,
2971 4376 3174 4432 tamen,
3229 4382 3514 4439 propterea

1947 4447 2087 4515 quod
2147 4450 2198 4501 in
2242 4450 2350 4504 alto
2412 4463 2595 4506 monte
2647 4467 2963 4520 nascuntur,
3017 4456 3154 4510 fiunt
3200 4473 3268 4513 ex
3318 4463 3516 4513 montis

1877 4583 1920 4637 D
1950 4543 2261 4596 accessione
2293 4545 2464 4611 magis
2515 4547 2817 4615 conspicua:
2847 4564 2860 4600 :
2897 4550 2976 4603 sic
3007 4566 3222 4619 quoque
3242 4554 3334 4621 qui
3359 4553 3516 4607 ﬂuxis

1950 4634 2129 4687 mundi
2181 4636 2341 4689 rebus
2393 4637 2709 4707 fulciuntur,
2767 4643 2916 4697 cedri
2975 4645 3191 4713 quidem
3261 4658 3386 4700 sunt
3446 4649 3516 4700 ob

1948 4728 2316 4794 arrogantiam
2371 4744 2437 4784 ac
2468 4735 2666 4787 mentis
2725 4736 3048 4802 elationem,
3101 4739 3195 4793 sed
3251 4751 3515 4794 vocantur

1947 4815 2132 4870 Libani
2182 4821 2522 4892 cedri,quod
2568 4826 2741 4880 aliena
2789 4829 3412 4896 superbiautaltitudiue
3460 4841 3514 4884 et

1944 4923 1974 4960 e
2038 4918 2185 4962 terra
2242 4915 2516 4984 rebusque
2573 4920 2922 4974 terrestribus
2975 4930 3227 4988 tanquam
3261 4936 3289 4974 c
3326 4923 3510 4976 Libani

1947 5000 2148 5054 vertice
2193 5006 2258 5056 ad
2320 5005 2512 5059 fastum
2561 5017 2614 5060 et
2661 5011 2969 5077 superbiam
3010 5012 3354 5066 extollantur.
3392 5011 3510 5066 Non

1946 5106 2124 5148 autem
2156 5099 2346 5151 cedros
2381 5115 2590 5164 omnes,
2637 5104 2728 5156 sed
2763 5102 2954 5155 Libani
3001 5105 3193 5157 cedros
3220 5103 3512 5172 confringit

1947 5186 2220 5241 Dominus.
2255 5188 2387 5243 Nam
2412 5207 2530 5245 cunt
2586 5194 2821 5247 Libauus
2860 5194 3176 5248 idololatria:
3215 5196 3285 5247 sit
3319 5195 3465 5246 locus
3491 5231 3507 5255 ,

1945 5292 2279 5348 quaecunque
2345 5286 2537 5334 animm
2608 5301 2664 5339 se
2736 5297 2923 5340 contra
2989 5286 3080 5340 Dei
3147 5287 3505 5355 cognitionem

1945 5369 2197 5438 efferunt,
2225 5377 2305 5429 bac
2340 5377 2486 5432 cedri
2522 5377 2712 5433 Libani
2763 5389 3161 5450 nuncupantur,
3195 5389 3250 5432 et
3282 5394 3509 5435 censen-

1941 5645 2202 5705 quantum
2228 5655 2255 5692 a
2284 5655 2446 5708 secpn
2476 5643 2762 5696 aberrarit.

2015 5707 2091 5776 ('5)
2120 5709 2211 5760 Sic
2259 5707 2389 5763 mss.
2442 5713 2702 5779 nonnulli,
2732 5713 2883 5766 bene.
2925 5708 3104 5768 Editio
3132 5709 3305 5766 Paris.
3349 5711 3510 5767 unico

1941 5779 2202 5834 vocabulo
2229 5779 2383 5833 καθό.
