4016 6434
526 348 633 403 295

1837 341 1896 397 S.
1935 341 2018 394 BA
2030 341 2180 397 SlLll
2224 340 2436 394 MAGNI

3695 334 3802 391 ξοδ

528 478 610 515 tur
664 464 838 531 digna:
874 477 992 530 quae
1046 469 1419 516 conterantur.
1456 456 1594 510 Sunt
1650 467 1829 509 autem
1862 458 2104 526 qumdam

2212 456 2302 509 τοῦ
2333 456 2488 517 Θεοῦ,
2522 449 2678 509 αῦται
2728 455 2816 507 τοῦ
2870 454 3102 507 Λιϐάνου
3152 455 3506 525 ὀνομάζονται
3549 453 3656 524 (4),
3706 457 3801 505 καὶ

529 557 618 608 Dei
649 557 821 616 cedri.
871 571 1006 623 quas
1071 555 1295 609 arbusta
1345 552 1518 605 vineae
1569 564 1689 617 quas
1745 564 1809 604 ex
1866 547 2101 618 Egypto

525 647 786 703 translata
821 648 983 710 est”,
1024 647 1299 714 operiunt,
1335 644 1467 698 utin
1514 641 1743 697 Psalmis
1773 641 2055 696 didicimus
2087 660 2101 695 :

526 741 744 810 Operut’t
798 750 998 794 montes
1036 738 1220 792 umbra
1253 737 1386 806 ejus,
1436 745 1484 788 et
1523 734 1738 787 arbusta
1776 733 1890 802 ejus
1925 733 2104 786 cedros

528 833 708 886 Dei".
755 831 990 885 Proinde
1037 845 1158 884 cum
1190 830 1332 882 inter
1357 839 1584 882 caiteras
1633 826 1699 879 de
1741 826 1962 880 Christo
2012 839 2106 877 no-

528 927 706 978 tiones
729 923 989 977 Dominus
1019 931 1200 975 noster
1225 921 1352 972 vitis
1374 919 1532 972 etiam
1552 919 1798 971 dicatur:
1834 916 1947 985 Ego
1966 915 2104 968 enim

524 1033 660 1082 sum,
684 1015 884 1084 inquit,
916 1014 1055 1074 vitis.
1075 1029 1163 1066 vos
1185 1011 1503 1080 palmites";
1526 1011 1668 1064 cedri
1685 1009 1774 1063 Dei
1795 1007 1996 1071 suntii,
2014 1006 2103 1076 qui

523 1121 681 1164 antea
711 1108 927 1178 quidem
947 1107 1097 1160 fuere
1121 1103 1334 1159 steriles
1364 1111 1418 1156 et
1441 1103 1505 1155 ad
1525 1100 1947 1156 comburendum
1973 1099 2101 1166 apti:

522 1201 617 1256 sed
662 1201 753 1254 ubi
803 1207 1172 1269 tegumentum
1241 1196 1522 1249 subierunt
1577 1193 1802 1258 Christi,
1848 1191 2104 1259 illumque

523 1293 670 1347 velut
693 1292 1006 1355 induerunt,
1035 1304 1130 1357 per
1161 1288 1330 1357 ipsius
1358 1289 1586 1356 gratiam
1625 1285 1972 1340 sterilitatem
1998 1298 2106 1337 sua:

523 1387 650 1438 vitae
676 1391 990 1450 contegunt.
1026 1380 1116 1434 Dei
1146 1393 1276 1447 ergo
1315 1379 1506 1432 cedros
1534 1378 1691 1447 120
1717 1377 1992 1430 fructuosa
2019 1392 2107 1427 ar-

523 1481 682 1532 busta
709 1474 1114 1544 circumplicata
1141 1472 1448 1526 custodiunt
1479 1486 1491 1521 :
1527 1472 1718 1524 cedros
1747 1484 1874 1521 vero
1917 1465 2102 1520 Libani

525 1568 817 1638 confringit
868 1567 1142 1620 Dominus.
1211 1563 1374 1617 Vsus.
1405 1564 1456 1616 6.
1533 1561 1596 1614 Et
1652 1559 1964 1612 comminuet
2019 1574 2105 1610 eas

524 1668 778 1723 tanquam
824 1653 1074 1713 vitulum,
1125 1648 1406 1702 Libanum.
1462 1645 1624 1699 Viluli
1686 1644 1828 1697 illius
1879 1643 1946 1696 de
2000 1657 2106 1710 quo

525 1748 727 1802 mentio
770 1749 828 1798 lit
869 1745 919 1798 in
947 1742 1133 1796 Exodo
1154 1741 1221 1804 ⁷⁸,
1273 1737 1610 1800 memineris,
1647 1751 1806 1806 quem
1851 1735 1902 1788 in
1939 1733 2109 1786 idolo-

2208 548 2493 617 συντριϐἦς
2517 547 2812 611 ἀξιοῦνται.
2846 547 2964 599 Εἰσὶ
3001 545 3109 617 γάρ
3137 563 3280 608 τινες
3302 546 3482 616 κέδροι
3511 545 3609 598 τοῦ
3639 545 3799 607 Θεοῦ,

2204 639 2269 701 ἀς
2303 641 2356 691 αἱ
2393 638 2771 709 ἀναδενδραδες
2805 640 2902 707 τῆς
2942 641 3034 692 ἀπ’
3079 639 3355 706 Αἰγύπτου
3405 637 3802 708 μετατεθείσης

2207 733 2450 803 ἀμπέλου
2506 732 2889 794 καλύπτουτιν,
2934 731 3009 794 ὡς
3055 733 3111 783 ὲν
3159 731 3406 800 Ψαλμοῖς
3467 728 3798 800 μεμαθήκα-

2212 841 2340 893 μεν·
2393 824 2733 891 Ἐκάλυψεν
2771 822 2877 891 ὄρη
2908 824 2945 888 ἡ
2988 821 3132 876 σκιὰ
3183 819 3392 887 αὐτῆς,
3428 821 3528 874 καὶ
3559 824 3620 873 αἱ
3651 822 3799 874 ἀνα-

2209 915 2526 984 δενδράδες
2583 915 2773 980 αὐτῆς
2816 917 2922 978 τὰς
2959 914 3206 982 κέδρους
3256 912 3362 966 τοῦ
3423 915 3597 966 Θεοῦ.
3649 915 3802 966 Ἐπεὶ

2215 1005 2312 1060 οὖν
2364 1009 2500 1077 μετά
2559 1008 2666 1060 τῶν
2734 1007 2908 1061 ἄλλων
2951 1007 3059 1058 τῶν
3105 1006 3232 1077 περὶ
3287 1005 3530 1077 Χριστοῦ
3583 1008 3804 1060 ἐννοιῶν

2209 1102 2302 1153 καὶ
2348 1099 2585 1170 ἄμπελος
2640 1102 2668 1152 δ
2709 1098 2914 1169 Κύριος
2953 1099 3108 1168 ἡμῶν
3162 1100 3411 1166 λέγεται·

2205 1195 2342 1261 εἰμι,
2400 1193 2579 1261 φησὶν,
2631 1193 2668 1257 ἡ
2727 1190 3015 1260 ἄμπελος,
3074 1191 3244 1259 ὑμεῖς
3291 1191 3366 1262 (5)
3413 1191 3486 1243 τὰ
3569 1191 3804 1258 κλήμα-

2207 1301 2312 1334 ταο
2347 1282 2525 1353 κέδροι
2565 1284 2668 1334 εἰσὶ
2700 1283 2792 1334 τοῦ
2823 1281 2957 1334 Θεοῦ
3000 1283 3050 1334 οἱ
3106 1282 3241 1344 τέως
3281 1283 3379 1352 μὲν
3410 1282 3660 1351 ἄκαρποι
3710 1283 3805 1332 καὶ

2207 1374 2344 1444 πρὸς
2391 1373 2587 1426 καῦσιν
2629 1373 2943 1443 ἐπιτήδειοι,
2991 1373 3311 1436 ὑπελθόντες
3345 1373 3398 1425 δὲ
3442 1373 3542 1442 τὴν
3590 1372 3804 1441 σκέπην

3490 1099 3638 1166 Ἐγὼ
3697 1098 3804 1165 γάρ

2205 1466 2300 1518 τοῦ
2341 1465 2602 1536 Χριστοῦ,
2633 1465 2726 1517 καὶ
2755 1467 2914 1518 οἱονεὶ
2963 1466 3309 1537 ἐνδυσάμενοι
3353 1467 3540 1528 αὐτὸν,
3600 1468 3668 1517 ὲκ
3706 1466 3806 1533 τῆς

2209 1559 2338 1630 παρ’
2375 1558 2539 1610 αὑτοῦ
2591 1558 2811 1627 χάριτος
2857 1558 2918 1609 τὸ
2962 1559 3209 1628 ἄκαρπον
3255 1559 3352 1625 τῆς
3391 1559 3606 1610 ἑαυτῶν
3651 1556 3802 1625 ζωῆς

2211 1650 2669 1718 συγκαλύπτουσι.
2719 1648 2829 1711 Τὰς
2863 1650 2958 1718 μὲν
2991 1647 3083 1702 οῦν
3126 1651 3348 1720 κέδρους
3377 1650 3469 1702 τοῦ
3499 1649 3640 1702 Θεοῦ
3672 1653 3807 1702 ἀνα-

2209 1738 2484 1809 δενδράδες
2515 1737 2781 1809 εὔκαρποι
2827 1737 3243 1806 περιπλακεῖσαι
3291 1739 3626 1806 φυλάττουσι
3655 1756 3668 1768 °
3703 1740 3804 1802 τὰς

527 1839 684 1892 latria
739 1836 1092 1895 ellinxerunt,
1139 1843 1408 1900 quemque
1457 1828 1847 1882 comminutum
1889 1825 2102 1895 Moyses

2212 1831 2260 1881 δὲ
2287 1832 2510 1900 κέδρους
2544 1831 2636 1884 τοῦ
2677 1829 2910 1882 Λιϐάνου
2947 1829 3216 1898 συντρίϐει
3243 1831 3271 1880 ὁ
3299 1830 3520 1896 Κύριος.
3556 1829 3670 1882 Καὶ
3704 1833 3806 1882 ,ιε-

527 1932 675 1984 dedit
699 1927 899 1998 populo
941 1925 1258 1994 pOtandum.
1295 1923 1480 1990 Itaque
1525 1931 1690 1975 totum
1734 1920 1996 1974 Libanum
2053 1929 2107 1971 et

525 2021 975 2077 consuetudinem
1006 2015 1322 2071 idololatria:
1349 2015 1400 2068 in
1434 2029 1498 2066 eo
1534 2013 1951 2066 invalescenlem
1984 2027 2106 2080 per-

526 2115 653 2168 inde
693 2122 751 2167 ut
805 2111 954 2166 illum
1015 2109 1239 2163 vitulum
1285 2104 1690 2160 exterminabit.
1761 2102 1829 2156 Et
1883 2101 2104 2154 dilectus

525 2209 658 2259 sicut
695 2205 841 2273 ﬁlius
876 2203 1227 2256 unicornium.
1248 2199 1566 2265 Unigeuitus
1589 2196 1779 2260 Filius,
1799 2195 1888 2262 qui
1910 2194 2107 2246 mundo

526 2301 619 2350 dat
652 2297 900 2358 vitam",
937 2310 1060 2349 cum
1098 2293 1329 2347 hostiam
1369 2299 1423 2343 et
1470 2289 1798 2343 oblationem
1853 2300 1950 2355 pro
1977 2299 2104 2354 pec-

525 2389 662 2443 catis
691 2386 891 2443 nostris
915 2385 1150 2454 seipsunt
1181 2383 1290 2437 Deo
1313 2380 1555 2445 offert”,
1596 2391 1650 2434 ct
1694 2379 1784 2434 Dei
1818 2393 2004 2448 agnus,
2053 2385 2105 2430 et

524 2484 644 2534 ovis
687 2478 1016 2532 nominatur.
1068 2475 1204 2529 Ecce
1262 2477 1424 2540 enim,
1473 2473 1669 2540 inquit,
1714 2486 1880 2539 agnus
1923 2468 2100 2521 Dei“.

533 2568 598 2622 Et
623 2582 833 2630 rursus,
863 2565 1137 2632 Tanquam
1169 2565 1276 2617 ovis
1305 2565 1370 2615 ad
1397 2561 1707 2614 occisionem
1734 2561 1920 2612 ductus
1945 2570 2016 2610 est
2036 2559 2101 2609 δ’.

525 2657 659 2710 Cum
700 2669 828 2708 vero
856 2661 1190 2721 p0tentzitum
1225 2667 1393 2720 genus
1423 2650 1700 2704 hominum
1745 2649 2102 2712 adorientem,

528 2747 678 2801 illam
707 2740 1250 2798 videlicetell‘cratam
1286 2753 1339 2797 et
1363 2751 1735 2811 exasperatam
1772 2749 2098 2810 potestatem

526 2837 713 2892 ulcisci
757 2846 812 2890 et
850 2845 1096 2890 evertere
1147 2846 1375 2904 oportet,
1409 2845 1521 2888 tum
1571 2835 1711 2888 lilius
1757 2833 2099 2887 unicornium

524 2928 858 3000 appellatur.
902 2925 1187 2982 Uuicornis
1235 2929 1402 2989 enim,
1452 2936 1509 2980 ut
1552 2927 1602 2979 in
1647 2926 1748 2980 Job
1797 2927 2102 2989 didicimus,

525 3032 611 3075 est
652 3020 853 3072 animal
903 3019 1252 3086 insuperabili
1304 3019 1505 3072 virtute
1556 3017 1876 3086 prmditum,
1934 3015 2106 3067 homi-

529 3111 689 3163 nibus
731 3109 872 3162 haud
916 3107 1235 3175 subjectum.
1267 3108 1389 3161 Non
1435 3108 1573 3161 enim
1604 3145 1620 3172 ,
1667 3105 1884 3174 inquit,
1937 3105 2104 3171 ipsum

2209 1921 2422 1973 :ztvrsi
2446 1921 2630 1986 αὑτὰς
2653 1921 2733 1985 ὠς
2777 1919 2884 1973 τὸν
2918 1920 3158 1987 μόσχον
3182 1919 3289 1970 τὸν
3321 1921 3603 1971 Λίϐανον.
3646 1921 3806 1989 Μνή-

2209 2011 2366 2081 σθητι
2394 2011 2484 2064 τοῦ
2513 2012 2713 2084 μόσχου
2748 2010 2840 2064 τοῦ
2878 2013 2934 2062 ὲν
2975 2013 3040 2080 τῇ
3077 2009 3289 2079 Ἐξόδῳ,
3323 2009 3379 2061 ὃν
3409 2009 3552 2062 κατά
3593 2010 3697 2080 τὴν
3723 2013 3804 2062 εί-

2205 2102 2590 2170 δωλολατρείαν
2624 2103 2952 2166 ἀνέπλασαν,
2996 2103 3054 2154 ὃν
3101 2101 3355 2153 ὲλέπτυνε
3409 2102 3659 2170 Μωῡσῆς
3707 2103 3806 2153 καὶ

2205 2197 2423 2250 eadem
2459 2197 2546 2250 τὸν
2594 2196 2740 2251 λαόν.
2785 2198 3003 2266 Ἐκείνῳ
3055 2196 3232 2248 τοίνυν
3279 2196 3354 2266 τῷ
3387 2196 3575 2266 μόσχῳ
3610 2213 3803 2268 παρα-

2218 2289 2459 2361 πλησίως
2500 2289 2617 2341 ὅλον
2651 2288 2742 2340 τὸν
2777 2289 3004 2341 Λίϐανον
3048 2289 3142 2341 καὶ
3169 2286 3264 2357 τὴν
3299 2289 3354 2338 ὲν
3384 2288 3532 2356 αὐτῷ
3563 2289 3804 2358 κρατοῦ-

2213 2400 2311 2434 σαν
2343 2381 2630 2451 συνήθειαν
2655 2381 2752 2450 τῆς
2776 2381 3213 2452 εἰδωλολατρείας
3236 2379 3572 2448 ἐξαφανίσει.
3605 2383 3718 2434 Kal
3767 2385 3802 2432 ὁ

2207 2473 2590 2540 ἠγαπημένος
2633 2472 2714 2536 ὡς
2750 2472 2879 2537 υίὸς
2912 2472 3353 2540 μονοκερώτων.
3395 2472 3450 2522 '0
3497 2473 3803 2541 μονογενὴς

2208 2561 2356 2624 Υἱὸς,
2407 2561 2434 2611 ό
2494 2561 2671 2624 διδοὺς
2725 2561 2869 2633 ζωὴν
2909 2561 2986 2631 τῷ
3031 2563 3238 2632 κόσμῳ,
3291 2562 3419 2614 ὅταν
3479 2562 3577 2630 μὲν
3622 2579 3800 2632 προσ-

2208 2651 2346 2723 φέρῃ
2387 2650 2572 2703 Θυτίαν
2618 2652 2710 2704 καὶ
2756 2651 3066 2722 προσφοράν
3120 2653 3306 2705 ἑαυτὸν
3357 2650 3433 2720 τῷ
3477 2650 3598 2721 Θεῴ
3653 2652 3798 2720 ὑπὲρ

2217 2744 2327 2795 τῶν
2396 2742 2678 2813 ἁμαρτιῶν
2731 2743 2905 2811 ἡμῶν,
2958 2746 3048 2795 καὶ
3105 2745 3272 2813 ἀμνὸς
3333 2743 3672 2814 ὀνομάζεται,
3702 2745 3799 2797 τοῦ

2208 2837 2345 2889 Θεοῦ
2406 2836 2501 2888 καὶ
2550 2835 2839 2905 πρόϐατον.
2903 2835 3024 2887 Ἴδε
3080 2837 3208 2904 γὰρ,
3274 2840 3458 2908 φησὶν,
3515 2841 3550 2892 ό
3605 2839 3804 2906 ἀμνὸς

2204 2929 2309 2982 τοῦ
2383 2927 2529 2982 Θεοῦ
2574 2927 2687 2997 (6)’
2759 2926 2850 2978 καὶ
2923 2925 3119 2978 πάλιν·
3195 2927 3288 2992 Ὡς
3337 2932 3638 2994 πρόϐατον
3699 2931 3802 2983 ἐπὶ

2205 3019 2457 3088 σφαγὴν
2497 3019 2673 3087 ἤχθη.
2726 3019 2892 3069 Ὅταν
2925 3016 2980 3069 δὲ
3021 3015 3328 3086 ἀμύνασθαι
3373 3017 3468 3088 δέῃ
3521 3019 3618 3070 καὶ
3661 3019 3802 3072 καθ-

2209 3111 2349 3163 ελεῖν
2371 3111 2466 3181 τὴν
2512 3110 2830 3163 δυναστείαν
2862 3109 2960 3180 τὴν
3009 3108 3380 3178 ὲπιφυομένην
3415 3109 3492 3179 τῷ
3515 3109 3664 3176 γένει
3692 3111 3804 3163 τῶν

527 3204 643 3256 loro
668 3201 934 3270 alligabis,
969 3216 1131 3270 neque
1156 3199 1379 3252 dormiet
1413 3203 1468 3250 in
1496 3200 1719 3267 prwsepi
1744 3198 1810 3250 ⁸³.
1846 3197 1913 3251 Et
1941 3195 2104 3250 multa

2212 3179 2537 3273 ἀνθρώπων,
2563 3179 3033 3274 ἐκτεθηριωμένην
3075 3203 3195 3255 τινὰ
3229 3203 3319 3255 καὶ
3361 3202 3803 3272 ἀπηγριωμένην

527 3296 582 3348 in
605 3296 703 3349 hac
733 3292 1027 3362 praphe'tite
1053 3301 1207 3360 parte
1235 3291 1376 3344 dicta
1414 3301 1562 3354 sunt,
1589 3305 1653 3344 ex
1675 3290 1872 3359 quibus
1896 3299 2112 3344 constat

529 3387 725 3440 animal
746 3386 878 3440 illud
909 3383 1175 3439 libertatis
1194 3397 1386 3437 amans
1404 3395 1543 3444 esse,
1571 3396 1742 3450 neque
1762 3382 1982 3450 obsequi
2018 3382 2110 3434 ho-

529 3479 784 3533 minibus.
839 3477 1200 3532 Observatum
1256 3483 1340 3530 cst
1397 3481 1599 3537 autem,
1653 3471 1989 3542 Scripturam
2058 3474 2110 3526 in

528 3573 814 3632 utramque
856 3575 1060 3633 partem
1106 3563 1460 3617 similitudine
1496 3560 1774 3615 unicornis
1810 3563 1906 3625 uti,
1954 3565 2112 3616 modo

531 3669 650 3708 cum
672 3654 850 3720 laude,
881 3656 1038 3710 modo
1073 3671 1192 3710 cum
1223 3655 1640 3725 vituperatione.
1674 3650 1816 3706 Erue
1840 3656 1999 3717 enim,
2030 3657 2110 3707 in-

531 3750 666 3812 quit,
720 3763 750 3797 a
786 3747 988 3812 framea
1024 3745 1254 3796 animam
1283 3759 1475 3806 meam,
1499 3753 1545 3797 et
1584 3760 1616 3796 a
1640 3741 1881 3796 cornibus
1904 3745 2114 3793 unicor-

533 3853 677 3890 nium
708 3838 1058 3890 humilitatem
1081 3852 1250 3889 meam
1268 3835 1333 3887 ⁸³.
1358 3835 1498 3890 Dicit
1527 3836 1660 3900 hac,
1684 3833 2002 3890 insimulans
2019 3834 2111 3886 de-

531 3930 701 3981 ditum
732 3929 867 3984 bello
895 3930 1168 3998 populum,
1195 3939 1436 4000 tempore
1474 3930 1741 3998 passionis
1769 3929 1822 3983 in
1850 3943 1907 3984 se
1937 3929 2113 3982 insur-

533 4031 767 4091 gentem.
798 4022 1004 4077 Rursus
1029 4034 1195 4074 vero:
1219 4019 1580 4087 Exaltabitur,
1615 4022 1810 4090 inquit,
1841 4023 1977 4074 sicut
2004 4021 2115 4073 uni-

532 4114 728 4178 cornis,
752 4130 916 4166 cornu
944 4113 1187 4167 meum“.
1214 4113 1443 4168 Videtur
1467 4113 1627 4182 igitur
1644 4123 1862 4182 propter
1891 4114 2111 4168 insitum

535 4206 754 4260 animali
777 4207 1015 4260 studium
1037 4206 1356 4271 ulciscendi,
1389 4221 1533 4276 sarpe
1555 4206 1605 4260 in
1633 4205 1830 4260 malam
1857 4206 2110 4261 similitu-

537 4299 716 4352 dinem
749 4298 959 4367 accipi;
991 4307 1205 4362 contra,
1239 4305 1463 4367 propter
1499 4313 1664 4352 cornu
1695 4298 2032 4352 altitudinem
2061 4308 2115 4351 et

539 4389 864 4454 libertatem,
915 4392 966 4445 in
1017 4391 1213 4446 bonam
1253 4388 1663 4444 similitudinem
1704 4389 1915 4445 abduci.
1953 4391 2020 4444 Et
2059 4391 2110 4442 in

2212 3295 2464 3366 δύναμιν,
2521 3294 2643 3346 τότε
2685 3296 2798 3356 υἱὸς
2850 3295 3232 3366 μονοκερὼτων
3266 3294 3612 3365 ὀνομάζεται.
3651 3295 3804 3349 Ζῶον

2212 3388 2342 3458 γὰρ,
2380 3386 2456 3448 ὡς
2495 3387 2552 3438 ὲν
2581 3383 2659 3454 τῷ
2701 3385 2819 3436 Ἰὼϐ
2855 3386 3272 3457 μεμαθήκαμεν,
3313 3389 3342 3440 ὀ
3383 3385 3696 3458 μονόκερὼς
3726 3388 3804 3457 (7)

2213 3479 2359 3530 ἐστιν
2391 3477 2603 3546 ἄμαχον
2633 3475 2730 3544 τὴν
2771 3473 3019 3543 δύναμιν,
3047 3477 3412 3530 ἀνυπότακτον
3441 3479 3554 3539 τοῖς
3591 3477 3804 3548 ἀνθρὼ-

2213 3586 2354 3631 ποις.
2391 3570 2471 3621 Οὐ
2527 3567 2638 3635 γὰρ
2680 3564 2892 3633 δήσεις
2923 3567 3128 3630 αὐτὸν,
3164 3569 3347 3636 φησιν,
3391 3567 3609 3636 ἱμάντι,
3657 3569 3805 3622 οὐδὲ

2213 3659 2639 3730 κοιμηθήσεται
2693 3657 2792 3712 ἐπὶ
2850 3659 3102 3728 φάτνης.
3160 3659 3268 3710 Καὶ
3317 3660 3485 3713 πολλά
3543 3661 3676 3731 περὶ
3707 3661 3802 3714 τοῦ

2212 3752 2607 3824 ἐλευθεριάζειν
2637 3753 2698 3806 τὸ
2752 3751 2888 3816 ζῶον
2918 3751 3012 3804 καὶ
3038 3751 3114 3821 μὴ
3145 3751 3391 3802 ὑπείκειν
3442 3755 3554 3814 τοῖς
3588 3752 3800 3822 ἀνθρώ-

2213 3861 2334 3906 ποις
2368 3848 2425 3897 ὲν
2474 3846 2665 3914 ἐκείνῳ
2695 3845 2771 3915 τῷ
2822 3845 2976 3916 μέρει
3029 3844 3126 3915 τῆς
3184 3841 3520 3913 προφητείας
3555 3842 3797 3911 εἴρηται.

2215 3935 2323 3987 Kal.
2368 3939 2832 4008 παρατετήρηται,
2869 3938 2950 3989 ὅτι
2984 3936 3069 3988 ἐπ’
3105 3937 3392 4006 ἀμςρότερα
3432 3933 3702 4003 κέχρηται
3732 3938 3798 4007 τῇ

2214 4029 2381 4081 εἰκόνι
2413 4030 2506 4082 τοῦ
2549 4030 2919 4100 μονοκέρωτος
2953 4031 2984 4098 ἡ
3027 4028 3213 4098 Γραφή
3235 4045 3248 4058 ·
3280 4027 3409 4080 ποτὲ
3447 4027 3543 4096 μὲν
3579 4027 3802 4078 ὲπαινευ

2213 4118 2340 4181 τῶς,
2372 4119 2557 4172 ἄλλοτε
2591 4119 2647 4171 δὲ
2683 4118 3137 4188 διαϐεϐλημένως.
3188 4115 3398 4168 Ῥῦσαι
3436 4115 3567 4183 γὰρ,
3608 4117 3798 4185 φησιν,

2213 4213 2280 4265 ἐκ
2323 4212 2622 4280 ῥομφαίας
2656 4211 2770 4277 τὴν
2801 4210 3011 4277 ψυχήν
3031 4227 3170 4277 μου,
3213 4208 3308 4260 καὶ
3369 4209 3487 4260 ἀπὸ
3530 4208 3799 4275 κεράτων

2207 4304 2630 4375 μονοκερώτων
2669 4301 2783 4369 τὴν
2822 4301 3187 4354 ταπείνωσιν
3231 4317 3368 4368 μου.
3413 4298 3515 4350 Τὸν
3573 4300 3801 4370 πολεμο-

2213 4398 2362 4451 ποιὸν
2395 4396 2520 4449 λαὸν
2553 4395 2849 4448 διαϐάλλων
2900 4393 3075 4447 ταῦτά
3107 4410 3238 4463 φησι
3295 4392 3446 4463 παρά
3476 4391 3566 4444 τὸν
3609 4394 3800 4462 καιρὸν

537 4497 778 4548 summa,
818 4484 1074 4552 quoniam
1127 4483 1372 4538 invenire
1413 4491 1497 4538 est
1550 4497 1719 4538 cornu
1767 4498 1795 4534 a
1831 4483 2104 4552 Scriptura

2212 4488 2304 4540 τοῦ
2335 4488 2539 4550 πάθους
2573 4487 2953 4540 ἐπαναστάντα
2985 4483 3132 4553 αὐτῷ
3160 4485 3258 4554 (8).
3290 4485 3457 4537 Πάλιν
3492 4483 3570 4546 δὲ,
3617 4485 3801 4551 Tym-

536 4589 678 4641 saepe
707 4590 807 4644 pro
837 4574 1008 4647 gloria
1041 4586 1356 4644 usurpatum
1387 4618 1399 4630 .
1432 4574 1578 4631 verbi
1613 4575 1808 4644 gratia,
1837 4573 2108 4627 Ezaltabit

610 4759 654 4790 ⁷⁵
690 4758 825 4814 Psal.
859 4772 1042 4820 Lxxtx,
1075 4758 1128 4813 9.
1222 4759 1265 4787 7“
1301 4758 1428 4810 ibid.
1467 4760 1551 4811 ll.
1629 4759 1672 4788 ⁷⁷
1696 4754 1850 4809 Joan.
1895 4774 1982 4822 xv,
2031 4760 2083 4812 5.

535 4827 580 4867 "
609 4829 764 4884 Joan.
798 4845 815 4882 1
867 4829 954 4883 29.
1032 4830 1075 4860 θ’
1105 4833 1223 4882 Act.
1261 4843 1352 4880 vut
1404 4828 1473 4881 52
1498 4845 1509 4855 ·
1561 4829 1666 4883 lsa.
1696 4843 1790 4880 Llll
1856 4827 1904 4880 7.

609 5006 684 5077 (4)
723 5005 898 5060 Editio
925 5004 1097 5059 Paris.
1119 5004 1350 5058 Λιϐάνου
1372 5004 1552 5077 κέδροι
1575 5003 1947 5077 ὀνομάζονται.
1982 5005 2093 5058 Vox

539 5075 719 5148 κέδροι
743 5076 978 5148 deest_in
1002 5077 1222 5148 nostris
1252 5075 1497 5148 undecim
1516 5088 1642 5126 mss.
1677 5075 1898 5148 perinde
1934 5085 2092 5143 atque

541 5152 593 5199 in
629 5144 865 5200 editione
892 5144 1057 5199 Basil.
1093 5146 1157 5198 Et
1187 5160 1314 5197 vero
1348 5146 1472 5212 quid
1533 5158 1752 5198 necesse
1785 5145 1854 5196 sit
1897 5159 2082 5197 vocem

540 5217 720 5286 κέδροι
746 5217 833 5270 hic
858 5214 1072 5286 apponi,
1109 5230 1211 5267 non
1252 5215 1424 5286 video.
1461 5213 1594 5286 Nam
1643 5229 1708 5267 ex
1740 5229 1798 5268 se
1846 5214 1978 5286 satis
2014 5216 2095 5267 in-

544 5284 823 5357 telligitur,
867 5301 930 5340 ac
956 5284 1101 5337 nullo
1150 5285 1365 5357 negotio
1394 5299 1423 5336 a
1454 5284 1963 5357 tlttolibet_supplt_:ri
1995 5299 2091 5350 po-

543 5352 684 5439 test;
702 5356 988 5425 Aliquanto
1015 5363 1136 5424 post
1175 5352 1305 5424 Reg.
1363 5357 1630 5408 secundus
1678 5353 1915 5423 Χριστοῦ
1970 5358 2094 5406 ὲπι-

542 5444 720 5481 νοιων.

615 5498 692 5567 (5)
721 5494 813 5567 Sic
843 5493 1008 5567 editio
1052 5491 1226 5567 Basili
1248 5507 1370 5567 cum
1403 5493 1672 5567 plerisque
1695 5566 1703 5567 ί
1727 5510 1858 5549 mss.
1895 5495 1960 5548 At
1991 5497 2106 5550 edi-

545 5562 631 5619 tio‘
648 5565 822 5619 Paris.
857 5565 1016 5635 ὑμεῖς
1049 5563 1123 5635 δέ.
1181 5562 1299 5616 Mox
1331 5566 1380 5617 in
1408 5562 1736 5620 Colbertinis
1777 5567 2012 5620 secundo
2050 5576 2107 5618 et

543 5645 739 5704 quarto
769 5633 1248 5704 legitureeofrpro
1283 5635 1537 5703 Χριστοῦ.
1585 5635 1780 5688 lhidetn
1835 5637 1962 5704 Reg.
2017 5651 2104 5690 se-

549 5701 764 5774 cundus
782 5701 1101 5774 ῦπελθόντες
1123 5702 1178 5753 δὲ
1287 5701 1482 5774 σκέπῃ.

626 5773 699 5836 ((5)
727 5770 873 5822 Coll).
904 5771 1168 5824 secundus
1210 5772 1375 5837 ἀμνὸς
1413 5770 1504 5824 τοῦ
1549 5773 1679 5825 Θεοῦ
1729 5776 1754 5824 ό
1800 5776 1966 5843 αἴρων
2007 5775 2103 5842 τὴν

2161 4762 2204 4790 ⁷⁸
2228 4763 2394 4816 Exod.
2443 4779 2614 4821 xxx".
2648 4763 2702 4815 4.

2002 4830 2046 4860 ⁸³
2071 4829 2170 4884 Job
2225 4848 2411 4897 χχιιι,
2446 4836 2532 4888 10.
2607 4834 2654 4865 ⁸⁵
2680 4833 2820 4887 Psal.
2878 4848 2990 4898 XXI,
3017 4831 3105 4884 22.
3180 4831 3225 4860 ⁸⁸
3257 4829 3396 4885 Psal.
3453 4845 3560 4895 xei,
3596 4832 3685 4885 11.

2218 4580 2483 4648 θήσεται,
2537 4579 2721 4650 φησιν,
2761 4579 2840 4640 ὠς
2885 4575 3294 4646 μονοκέρωτος
3326 4573 3392 4626 τὸ
3429 4576 3606 4643 κέρας
3652 4592 3796 4644 μου.

2814 4763 2856 4794 ⁷⁸
2879 4761 3035 4814 Joan.
3071 4776 3146 4821 VI,
3178 4759 3269 4812 33.
3343 4759 3389 4791 '°
3417 4759 3618 4828 Ephes.
3645 4777 3699 4825 ν,
3741 4765 3797 4817 Ξ.

2203 5010 2479 5082 ἁμαρτίαν
2525 5011 2619 5063 τοῦ
2664 5011 2892 5082 κόσμου.
2953 5009 3104 5064 ﬂanti
3152 5009 3222 5064 ita
3274 5011 3435 5081 longe
3503 5009 3610 5065 duo
3662 5027 3798 5067 mss.

2202 5081 2314 5145 υἰδς
2345 5082 2737 5151 μονοκέρωτος.

2275 5149 2355 5220 t7)
2383 5149 2632 5218 Scriptor
2658 5169 2760 5206 non
2788 5153 2898 5221 ipsa
2925 5149 3226 5221 Scriptura;
3253 5149 3418 5221 verba
3445 5151 3636 5206 retulit
3681 5170 3694 5204 :
3737 5169 3801 5207 ea

2201 5223 2243 5273 si
2275 5222 2548 5290 quiSpiatn
2588 5221 2770 5274 videre
2805 5219 2972 5288 cupit,
3011 5219 3205 5290 Jobum
3249 5220 3390 5288 legat
3438 5237 3630 5284 χχιιι,
3669 5223 3703 5275 9
3743 5237 3800 5276 et

2200 5289 2512 5362 {0.Aquila
2537 5306 2634 5362 pro
2668 5292 2976 5362 μονόκερως
3016 5289 3238 5356 scripsit
3283 5290 3604 5361 ῥινόκερως.
3642 5292 3800 5347 Unde

2213 5361 2460 5427 Vulgata,
2520 5361 2779 5430 Nunquid
2821 5361 2949 5414 rotet
2992 5361 3294 5414 rhinoceros
3342 5366 3535 5414 servire
3583 5363 3798 5417 tibi?...

2218 5431 2470 5500 Nunquid
2505 5430 2746 5499 alligabis
2774 5433 3155 5485 rhinocerota?
3192 5431 3384 5496 Aliqua
3421 5433 3522 5484 hoc
3554 5430 3675 5485 loco
3717 5451 3802 5484 re-

2215 5503 2454 5625 Butulare
2498 5502 2547 5553 in
2575 5502 2808 5556 editione
2862 5503 3063 5557 Veneta
3095 5511 3277 5555 monet
3311 5502 3398 5553 vir
3442 5501 3800 5557 doctissimus

2262 5588 2458 5625 notans.

2262 5588 2458 5626 llC$llS.

2284 5643 2359 5710 (8)
2389 5643 2440 5694 1η
2467 5655 2546 5694 se.
2573 5639 2684 5696 Hoc
2714 5652 2815 5704 est,
2848 5643 2898 5696 in
2932 5640 3212 5696 Christum
3245 5639 3554 5709 Dominum,
3583 5641 3651 5696 dc
3689 5657 3800 5710 quo

2219 5723 2359 5766 totus
2389 5713 2474 5765 ille
2504 5711 2743 5780 psalmus
2775 5713 3155 5782 intelligendus
3188 5720 3290 5765 est.
