4016 6452
242 429 358 481 207
1352 428 1634 482 IIO‘.\III.IA
1674 429 1736 483 IN
1781 429 2111 483 PSALMUM
2145 430 2374 485 XXVIII.
3405 432 3508 482 29$

253 545 472 597 ’Ἑοικεν
501 539 592 597 οὖν
627 543 713 596 διὰ
751 543 846 614 μὲν
876 543 935 594 τὸ
964 543 1257 612 ἀμυντικὸν
1289 543 1382 594 τοῦ
1434 544 1574 608 ζώου
1608 547 1696 598 ἐπὶ
1731 548 1828 618 τὴν

1941 565 2096 600 εονηιι
2131 546 2311 613 papuli
2350 547 2532 610 sui“;
2578 555 2654 611 et,
2712 543 2889 597 Cornu
2931 545 3044 613 ejus
3093 543 3412 596 exaltabitur
3459 546 3514 598 iu

251 638 362 692 τῶν
399 640 654 708 χειρόνων
709 637 957 689 εἰκασίαν
1003 637 1077 707 (9)
1107 637 1364 699 πολλάκις
1415 639 1835 709 παραλαμϐάνε-

253 731 400 792 σθαι,
440 730 529 781 διὰ
571 728 628 780 δὲ
665 727 726 779 τὸ
767 727 1042 800 ὑψίκερων
1086 729 1180 781 καὶ
1229 727 1532 800 ἐλευθέριον
1581 731 1714 799 πρὸς
1739 730 1835 801 τὴν

248 821 347 873 τοῦ
380 821 646 890 βελτίονος
669 820 896 888 ἄγεσθαι
921 821 1187 873 εἰκασίαν.
1228 820 1335 871 Καὶ
1376 821 1530 883 ὅλως,
1564 821 1746 892 ἐπειδὴ
1775 821 1837 873 τὸ

250 913 421 982 κέρας
445 910 549 961 ὑπὸ
566 912 663 981 τῆς
688 913 913 984 Γραφῆς
938 913 1055 966 ἀντὶ
1078 913 1177 979 τῆς
1192 911 1348 981 δόξης
1363 913 1628 980 πολλαχοῦ
1651 931 1838 983 παρειο

251 1000 535 1068 λημμένον
562 1001 712 1056 ἔστιν
744 1005 946 1073 εὑρεῖν,
977 1000 1052 1062 ὡς
1085 1000 1164 1065 τὸ,
1205 1001 1451 1070 Ὺψώσει
1489 999 1663 1065 κέίας
1686 999 1839 1054 λαοῦ

1941 637 2166 703 gloria”
2191 655 2204 698 ;
2225 643 2318 688 aut.
2347 637 2507 688 etiam
2531 639 2651 705 quia
2679 650 2846 691 cornu
2873 650 2969 702 pro
2997 635 3194 688 virtute
3224 637 3509 706 accipitur,

1941 736 1997 779 ut
2026 739 2108 783 est
2142 728 2297 782 illud:
2319 726 2594 780 Prolector
2623 747 2784 794 meus,
2817 737 2863 781 et
2897 742 3058 778 cornu
3091 727 3274 779 salutis
3302 745 3428 782 metu
3446 730 3511 791 ⁸⁶ς

1939 817 2188 873 Christus
2211 828 2388 871 autem
2428 818 2518 871 Dei
2553 820 2720 871 virtus
2747 831 2829 874 est
2857 821 2925 886 “9;
2963 819 3084 871 ideo
3108 819 3383 872 unicornis
3416 835 3511 886 ap-

1941 911 2166 976 pellatus
2203 919 2305 974 est,
2341 920 2597 977 tanquam
2639 910 2728 976 qui
2765 927 2927 965 unum
2974 913 3172 966 haheat
3223 925 3415 976 cornu,
3461 912 3510 963 id

1939 1011 2040 1064 est,
2068 1019 2227 1055 unam
2273 1016 2396 1056 cum
2433 1001 2591 1054 Patre
2623 1016 2964 1054 communem
2993 1005 3311 1072 potentiam.

251 1093 442 1147 αὑτοῦ
470 1094 602 1166 (I0)°
636 1098 750 1159 καὶ,
793 1095 862 1147 Τὸ
917 1094 1095 1162 κέρας
1125 1095 1311 1149 αὑτοῦ
1346 1095 1727 1163 ὑψωθήσεται
1752 1097 1820 1147 ἐν
1849 1093 1997 1160 δόξῃ
2018 1111 2030 1123 ⁸
2069 1096 2100 1164 ἢ
2130 1096 2222 1148 καὶ
2266 1092 2451 1163 ἐπειδὴ
2488 1093 2548 1145 τὸ
2588 1092 2757 1160 κέρας
2798 1095 2917 1145 ἀντί
2953 1094 3228 1165 δυνάμεως
3251 1093 3512 1158 πολλάκις

254 1189 782 1260 παραλαμϐάνεται·
853 1186 927 1250 ὡς
972 1187 1052 1251 τὸ,
1093 1185 1564 1256 Ὑπερασπιστής
1600 1205 1718 1255 μου
1787 1188 1883 1239 καὶ
1933 1187 2109 1254 κέρας
2163 1187 2460 1255 σωτηρίας
2502 1202 2655 1255 μουο
2711 1186 2942 1256 Χριστὸς
2993 1186 3048 1240 δὲ
3079 1187 3211 1238 Θεοῦ
3251 1190 3508 1260 δύναμις⁶

249 1279 341 1333 διὰ
365 1279 520 1331 τοῦτο
539 1279 613 1341 ὡς
642 1278 700 1330 ἒν
728 1278 863 1346 ἔχων
913 1280 1100 1350 κέρας,
1135 1281 1374 1332 τουτέστι
1445 1277 1570 1348 μίαν
1605 1279 1832 1349 δύναμιν
1867 1278 2002 1350 ἔχων
2049 1280 2146 1350 τὴν
2204 1280 2296 1332 τοῦ
2336 1279 2565 1350 Πατρὸς,
2604 1279 2909 1350 μονόκερως
2942 1279 3392 1349 προσηγόρευται.

329 1373 378 1425 6.
405 1372 580 1439 ibam-7‘}
642 1373 858 1441 Κυρίου
899 1375 1326 1437 διακόπτοντος
1371 1375 1569 1441 φλόγα
1621 1375 1829 1442 πυρός.

251 1465 491 1535 Διεκόπη
528 1465 624 1534 μὲν
649 1467 743 1520 καὶ
773 1467 912 1521 κατά
957 1466 1056 1535 τὴν
1091 1465 1330 1534 ἱστορίαν
1357 1465 1467 1516 τῶν
1501 1467 1704 1519 παίδων
1726 1464 1833 1517 τῶν

249 1557 423 1628 τριῶν
454 1560 510 1611 ἐν
555 1562 618 1630 τῇ
652 1559 966 1628 Βαϐυλωνίᾳ
1003 1557 1112 1628 (II)
1152 1559 1184 1627 ἡ
1218 1557 1348 1626 φλὸξ
1387 1556 1480 1608 τοῦ
1515 1558 1704 1628 πυρὸς,
1746 1557 1834 1608 ὅτε

251 1650 627 1721 ὑπερεξεχὺθη
669 1652 766 1721 μὲν
787 1650 1352 1718 τεσσαρακονταεννέα
1389 1651 1637 1719 πήχειςὴ
1672 1650 1837 1718 κάμι-

250 1758 366 1804 νος,
397 1739 680 1811 ὲνεπὺριζε
707 1742 764 1793 δὲ
789 1741 915 1802 τοὺς
943 1740 1126 1812 κύκλῳ
1166 1742 1372 1806 πάντας
1390 1759 1402 1770 ⁶
1441 1741 1758 1794 διακοπεῖσα
1782 1742 1838 1794 δὲ

250 1831 336 1901 τῷ
361 1834 739 1902 προστάγματι
788 1832 881 1884 τοῦ
920 1832 1074 1896 Θεοῦ,
1112 1834 1329 1903 πνεῦμα
1363 1834 1576 1900 ἐδέξατο
1626 1835 1684 1886 ἐν
1710 1837 1838 1887 ἑαυ-

249 1927 347 1993 τῇ,
382 1924 599 1995 ἡδίστην
629 1925 901 1996 ἀναπνοὴν
941 1928 1036 1978 καὶ
1071 1926 1355 1993 ἀνάψυξιν,
1394 1926 1579 1997 ὥσπερ
1615 1932 1672 1980 ἐν
1711 1929 1839 1998 σκιᾷ

250 2035 366 2068 τινι
394 2017 594 2084 φυτῶν,
624 2019 680 2069 ὲν
716 2020 964 2089 εἰρηνικῇ
993 2017 1321 2070 καταστάσει
1349 2021 1694 2087 παρεχομένη
1727 2023 1839 2082 τοῖς

253 2107 467 2160 παισίν.
519 2107 779 2177 Ἐγένετο
806 2110 933 2176 γὰρ,
967 2107 1154 2176 φησιν,
1191 2107 1334 2159 ὡσεὶ
1361 2107 1594 2174 πνεῦμα
1617 2107 1840 2174 δρόσου

252 2201 600 2268 διασυρίζον
629 2202 760 2272 (I2).
808 2202 917 2254 Καὶ
961 2200 1398 2271 θαυμαστότερον
1433 2217 1495 2268 γε
1530 2200 1708 2271 πολλῴ
1744 2219 1842 2252 πυ-

256 2292 356 2362 ρὸς
388 2293 547 2359 φύσιν
574 2292 916 2362 διακοπῆναι,
955 2292 987 2362 ἦ
1035 2291 1506 2362 καταδιαιρεθῆναι
1549 2291 1648 2362 τὴν
1688 2294 1842 2364 Ἐρυ-

255 2380 397 2449 θρέιν
449 2381 721 2435 Θάλασσαν
785 2384 866 2444 εἰς
895 2381 1207 2450 διαιρέσεις.
1253 2380 1391 2432 Ἀλλ’
1434 2382 1642 2450 ὄμωςή
1690 2382 1838 2451 φωνὴ

255 2471 356 2523 τοῦ
405 2472 610 2542 Κυρίου
643 2474 737 2524 καὶ
769 2473 829 2524 τὸ
863 2472 1082 2540 συνεχὲς
1126 2474 1191 2540 τῇ
1247 2471 1402 2538 φύσει
1436 2473 1527 2523 καὶ
1564 2473 1840 2541 ἡνωμένον

255 2562 356 2616 τοῦ
381 2563 550 2634 πυρὸς
575 2562 876 2616 διακόπτει.
914 2563 1106 2615 Καίτοι
1144 2563 1386 2632 ἄτμητον
1421 2564 1512 2614 καὶ
1539 2563 1841 2630 ἀδιαίρετον

257 2656 527 2719 ἐπινοίαις
563 2655 931 2727 ἀνθρωπίναις
951 2656 1012 2709 τὸ
1041 2655 1152 2728 πῦρ
1187 2651 1324 2710 εἶναι
1353 2656 1517 2719 δοκεῖ,
1553 2654 1666 2708 ἀλλ’
1695 2656 1843 2724 ὅμως

259 2749 646 2817 προστάγματι
682 2748 888 2818 Κυρίου
919 2747 1029 2816 (I5)
1060 2747 1402 2800 διακόπτεται
1436 2746 1527 2800 καὶ
1553 2745 1839 2798 διίσταται.

259 2834 430 2906 Οἶμαι
465 2839 540 2900 δὲ,
568 2841 649 2890 ὅτι
678 2839 738 2890 τὸ
769 2839 879 2907 πῦρ
899 2839 956 2890 τὸ
983 2839 1381 2908 ἡτοιμασμένον
1412 2840 1488 2901 είς
1511 2838 1728 2890 κόλασιν
1766 2837 1843 2908 τῷ

257 2926 491 2995 διαϐόλῳ
521 2927 615 2979 καὶ
646 2929 757 2988 τοῖς
787 2926 1035 2993 ἀγγέλοις
1060 2927 1221 2978 αὑτοῦ
1256 2927 1599 2979 διακόπτεται
1633 2929 1696 2996 τῇ
1734 2945 1844 2994 φω-

260 3019 327 3086 νῇ
357 3018 448 3069 τοῦ
475 3017 678 3087 Κυρίου
699 3035 710 3046 ο
735 3018 840 3081 ἵνα,
866 3016 1050 3087 ἐπειδὴ
1082 3017 1172 3069 δύο
1194 3019 1328 3071 είσὶν
1354 3019 1409 3068 ἐν
1437 3017 1513 3085 τῷ
1539 3016 1671 3086 πυρὶ
1696 3017 1843 3068 δυνά-

265 3128 408 3180 μεις,
461 3109 494 3178 ἦ
553 3126 613 3162 τε
672 3109 938 3178 καυστικὴ
971 3110 1064 3162 καὶ
1093 3111 1124 3178 ἡ
1167 3109 1464 3178 φωτιστικὴ
1495 3108 1625 3178 (14),
1657 3107 1715 3159 τὸ
1747 3109 1841 3176 μὲν

2012 1374 2060 1427 6.
2111 1372 2268 1426 Vsus.
2301 1375 2353 1429 '7.
2417 1373 2526 1427 Vox
2573 1372 2788 1425 Domini
2848 1371 3197 1425 intercidentis
3243 1372 3510 1440 ﬂammam

1942 1465 2096 1534 ignis.
2123 1465 2376 1518 Intercisa
2409 1475 2489 1518 est
2519 1463 2733 1534 quidem
2753 1462 2912 1515 etiam
2944 1463 3084 1531 ignis
3113 1461 3322 1514 ﬂamma
3349 1461 3516 1531 Baby-

1942 1558 2082 1625 lone,
2123 1555 2416 1610 secundum
2445 1555 2601 1608 trium
2627 1569 2916 1623 puerorum
2945 1553 3225 1606 historiam
3245 1553 3314 1619 ’°,
3341 1567 3514 1617 quan-

1943 1649 2011 1702 do
2033 1648 2278 1704 caminus
2300 1662 2462 1715 supra
2483 1647 2693 1700 cubitos
2718 1646 3077 1715 quadraginta
3103 1661 3290 1700 novem
3315 1643 3514 1699 otiusns

1944 1751 2046 1804 est,
2075 1757 2136 1796 ac
2177 1743 2600 1796 circumstantes
2628 1755 2815 1793 omnes
2858 1739 3125 1792 ambussit
3157 1756 3168 1790 :
3226 1754 3255 1791 e
3279 1738 3514 1802 diverso,

1873 1845 1914 1897 Β
1942 1831 2128 1884 eadem
2177 1833 2268 1887 Dei
2321 1841 2591 1900 praecepto
2637 1830 2908 1892 intercisa,
2951 1829 3002 1883 in
3065 1845 3123 1885 sc
3167 1831 3278 1899 ipsa
3327 1846 3513 1885 auram

1945 1923 2178 1988 recepit;
2230 1923 2647 1993 respirationem
2689 1919 3169 1989 iucundissimam,
3221 1921 3510 1991 refrigera-

1945 2013 2251 2081 tionemque
2279 2014 2460 2081 pueris
2490 2015 2541 2066 in
2570 2012 2862 2081 tranquillo
2891 2021 3032 2066 statu
3066 2013 3212 2066 velut.
3245 2013 3297 2065 in
3322 2013 3501 2081 aliqua

1944 2105 2195 2158 arborum
2229 2105 2418 2158 umbra
2455 2105 2764 2160 constitutis
2816 2107 3191 2174 suppeditans,
3228 2107 3518 2162 exhibeusa

1943 2210 2068 2262 que.
2097 2195 2271 2250 Facta
2295 2205 2369 2250 est
2400 2197 2558 2260 enim,
2585 2196 2781 2264 inquit,
2810 2197 2944 2250 sicut
2978 2196 3193 2264 spiritus
3225 2198 3358 2251 roris
3391 2199 3517 2250 sibi-

1943 2287 2059 2339 lam
2084 2287 2150 2339 θ’.
2189 2288 2252 2340 Ει
2281 2299 2430 2341 certe
2454 2288 2622 2341 multo
2654 2289 3028 2344 admirabilius
3065 2298 3147 2343 est
3187 2289 3327 2360 ignis
3354 2301 3511 2343 natu-

1944 2393 2057 2432 ram
2096 2377 2368 2441 intercidi,
2395 2393 2558 2448 quam
2592 2393 2741 2432 mare
2767 2380 3011 2432 Rubrum
3049 2381 3098 2433 in
3123 2390 3302 2448 partes
3324 2382 3510 2435 dividi.

1940 2469 2191 2521 Attamen
2248 2465 2459 2520 Domini
2490 2480 2588 2520 vox
2655 2467 2828 2535 ignem
2871 2478 3059 2536 suapte
3107 2481 3299 2522 natura
3343 2472 3516 2524 conii-

1943 2573 2104 2610 nuum
2126 2573 2187 2611 ac
2205 2557 2304 2611 sibi
2329 2556 2481 2626 121
2509 2555 2868 2610 cohzerentem
2889 2557 3172 2613 intercidit.
3197 2559 3516 2629 Quanquam

1943 2646 2106 2711 igitur
2148 2648 2285 2716 ignis
2332 2647 2577 2703 consiliis
2642 2647 2894 2702 humanis
2942 2650 3250 2706 insecabilis
3313 2666 3377 2707 ac
3438 2653 3518 2705 in-

1944 2736 2195 2791 dividuus
2225 2738 2437 2793 videtur
2480 2755 2620 2805 esse,
2663 2740 3010 2795 nihilominus
3064 2752 3240 2797 tamen
3306 2745 3514 2799 Domini

1938 2825 2088 2895 jussu
2123 2829 2459 2884 interciditnr
2494 2845 2557 2884 ac
2603 2832 2876 2885 dividitur.
2933 2833 3114 2900 Ignem
3172 2844 3352 2888 autem
3375 2876 3390 2901 ,
3423 2836 3513 2902 qui

1944 2919 2154 2975 diabolo
2185 2929 2238 2974 et
2268 2919 2472 2990 angelis
2501 2921 2616 2989 ejus
2646 2923 2699 2973 in
2744 2920 3065 2990 supplicium
3097 2932 3320 2992 paratus
3349 2923 3512 2986 est".

1945 3027 2072 3066 voce
2117 3012 2325 3068 Domini
2381 3013 2625 3067 intercidi
2670 3028 2792 3068 reor
2844 3035 2856 3070 :
2902 3024 2958 3070 ιιι
3002 3031 3122 3070 cum
3159 3015 3277 3069 dua:
3306 3017 3416 3072 sint
3463 3019 3515 3070 in

1946 3104 2065 3170 igne
2107 3104 2410 3167 facultates,
2447 3119 2676 3174 quarum
2735 3121 2840 3159 una
2872 3107 3162 3171 comburit,
3226 3109 3394 3164 altera
3453 3110 3515 3163 il-

259 3200 424 3270 δριμὺ
456 3201 548 3253 καὶ
582 3199 898 3254 κολαστικὸν
919 3199 1012 3252 τοῦ
1047 3200 1216 3271 πυρὸς
1246 3203 1357 3263 τοῖς
1380 3199 1549 3263 ἀξίοις
1575 3199 1676 3269 τῆς
1702 3200 1838 3252 καύ-

1947 3196 2144 3250 Iustrat
2168 3237 2181 3260 ,
2226 3198 2365 3266 ignis
2395 3198 2612 3266 quidem
2660 3200 2946 3267 asperitas,
2983 3216 3047 3253 ac
3079 3200 3360 3268 torquendi
3391 3215 3514 3268 pro-

266 3305 400 3350 σεως
449 3289 882 3359 προσαπομείνῃ,
938 3289 997 3341 τὸ
1053 3289 1109 3341 δὲ
1149 3289 1474 3357 φωτιστικὸν
1526 3289 1690 3342 αὑτοῦ
1743 3291 1838 3342 καὶ

262 3381 515 3450 λαμπρὸν
559 3384 623 3450 τῇ
656 3382 970 3451 φαιδρότητι
996 3381 1103 3434 τῶν
1134 3383 1566 3453 εὐφραινομένων
1601 3385 1839 3454 ἀποκλη-

265 3472 435 3543 ρωθῇ.
479 3473 632 3541 Φωνὴ
665 3467 757 3525 οὖν
798 3473 1003 3543 Κυρίου
1038 3474 1416 3538 διακόπτοντος
1452 3475 1624 3543 φλόγα
1670 3477 1840 3546 πυρὸς

264 3564 362 3617 καὶ
399 3564 730 3634 μερίζοντος,
781 3563 856 3626 ὡς
886 3564 1136 3634 ἀλαμπὲς
1187 3565 1283 3634 μὲν
1337 3561 1559 3619 εἶναιτὸ
1606 3567 1714 3638 πῦρ
1744 3569 1840 3637 τῆς

263 3656 558 3719 κολάσεως,
595 3657 862 3710 ἀκαυστον
884 3656 939 3707 δὲ
970 3657 1030 3708 τὸ
1051 3655 1164 3724 φῶς
1192 3656 1291 3725 τῆς
1321 3658 1677 3720 ἀναπαύσεως
1707 3660 1841 3710 ἁπο-

267 3752 469 3820 μεῖναι.
518 3748 688 3815 Φωνὴ
737 3749 958 3816 Κυρίου
1007 3749 1404 3814 σύσσείοντος
1439 3751 1679 3817 ἔρημον.
1727 3749 1839 3800 Ἐπ’

263 3841 553 3912 εὐεργεσία
585 3841 682 3911 τῆς
720 3842 928 3911 ἐρήμου
961 3843 989 3894 ό
1030 3843 1355 3912 συσσεισμὸς
1394 3843 1527 3914 αὑτῇ
1565 3844 1714 3915 παρὰ
1749 3843 1839 3896 τοῦ

262 3934 469 4004 Κυρίου
499 3935 882 4003 οἰκονομεῖται,
925 3934 1028 3992 ἵνα,
1062 3933 1433 4003 μεταϐαλοῦσα
1463 3936 1568 3988 ἀπὸ
1594 3937 1684 3988 τοῦ
1713 3937 1840 4008 ἕρη-

269 4041 369 4093 μος
398 4020 556 4088 εἶναι,
602 4025 823 4094 γένηται
855 4024 926 4093 γῆ
964 4026 1380 4095 κατοικουμένη,
1408 4027 1500 4078 καὶ
1532 4027 1836 4098 ἀποθεμένη

261 4115 327 4166 τὸ
359 4116 454 4183 τῆς
483 4117 734 4179 ἀτεκνίας
765 4117 987 4180 ὄνειδος,
1033 4116 1131 4185 τῆς
1183 4117 1539 4180 πολυπαιδίας
1589 4119 1725 4189 λάϐῃ
1752 4121 1839 4172 τὸν

264 4205 486 4258 ἔπαινον
517 4207 743 4274 (Πολλὰ
766 4208 873 4278 γὰρ
903 4209 974 4262 τὰ
998 4207 1178 4260 τέκνα
1206 4208 1313 4275 τῆς
1340 4208 1579 4278 ἐρήμου,
1602 4209 1841 4278 μᾶλλον

263 4298 305 4364 ἢ
336 4297 445 4365 τῆς
488 4298 751 4366 ἐχούσης
808 4301 912 4352 τὸν
936 4297 1168 4367 ἄνδρα),
1230 4300 1324 4352 καὶ
1370 4301 1475 4352 τῶν
1511 4301 1716 4355 ὑδάτων
1746 4303 1837 4355 τοῦ

263 4389 572 4460 πνεύματος
602 4389 965 4460 πληρωθεῖσα,
995 4392 1220 4462 γένηται
1243 4395 1275 4462 ὴ
1302 4393 1406 4464 πρὸ
1426 4393 1613 4447 τούτου
1639 4395 1732 4466 ἕρη
1744 4413 1839 4464 μος

262 4477 345 4537 εἰς
375 4476 565 4546 λίμνας
592 4477 814 4531 ὑδάτων.
850 4479 958 4532 Kal
995 4481 1315 4534 συσσείσει
1333 4483 1547 4549 Κύριος
1577 4483 1690 4550 τὴν
1716 4486 1840 4551 ἐρη-

255 4585 380 4636 μον
405 4569 624 4636 Κάδης.
655 4571 726 4622 Οὑ
766 4571 945 4623 πᾶσαν
973 4568 1065 4624 οὖν
1091 4572 1296 4644 ἔρημον
1331 4576 1359 4626 ό
1390 4575 1591 4644 Κύριος
1630 4577 1839 4629 συσσεί-
1870 4551 1918 4607 D

265 4673 348 4709 σει
376 4659 507 4724 (15),
546 4660 678 4713 ἀλλά
723 4663 819 4732 τὴν
854 4663 1056 4731 Κάδης,
1099 4667 1361 4730 τουτέστι,
1401 4667 1490 4719 τὸν
1531 4669 1830 4738 ἁγιασμόν·

262 4751 450 4821 Κάδης
503 4753 610 4824 γάρ
640 4754 931 4824 ἁγιασμὸς
975 4757 1352 4826 ἑρμηνεύεται.
1407 4759 1576 4826 Φωνὴ
1614 4762 1834 4828 Kvpt'ov

263 4845 720 4914 καταρτιζομένη
760 4846 1040 4915 ἐλάφους.
1081 4848 1345 4918 Ὀμότιμα
1389 4850 1490 4920 χρὴ
1522 4855 1630 4914 τοῖς
1695 4870 1828 4923 προ-

339 4937 547 4992 l"Psal.
601 4956 825 4998 chVIIt.
859 4942 942 4995 III.
1021 4943 1064 4974 ⁸⁷
1091 4942 1228 4997 Psal.
1277 4960 1383 5006 CXI,
1418 4947 1470 5000 9.

263 5009 309 5041 ⁹¹
345 5007 533 5060 Matth.
579 5026 706 5074 xxv,
757 5013 841 5064 41.
922 5013 1092 5067 "lsa.
1151 5030 1256 5074 LIV,
1298 5015 1346 5066 I.

336 5099 579 5177 (91895;.
615 5107 880 5177 secundus
917 5107 1008 5158 ἐπὶ
1032 5106 1138 5158 τῶν
1173 5107 1431 5177 χειρόνων
1464 5106 1704 5177 εἰκασίᾳ.

340 5171 678 5247 (I_O)_'l_‘otum
714 5174 871 5247 illud,
889 5171 1330 5245 παρειλημμένον
1357 5178 1503 5228 ἔστιν
1531 5171 1729 5247 εὑρεῖν,
1759 5178 1833 5239 ὼς

260 5240 346 5303 τὸ,
383 5241 618 5315 ’Υψώσει
668 5245 836 5315 κέρας
863 5240 990 5298 λαοῦ
1027 5240 1214 5309 αὑτοῦ,
1253 5249 1305 5300 ἱιι
1342 5248 1539 5300 ιιοδινίς
1589 5240 1832 5300 (undecim

262 5327 397 5365 mss.
447 5313 807 5367 desideratur.
850 5315 1044 5369 Videre
1085 5328 1164 5370 est
1197 5321 1296 5372 hoc
1333 5320 1452 5371 Ioco
1503 5319 1553 5370 in
1609 5333 1741 5370 mss.
1781 5328 1835 5369 et

263 5381 579 5455 aliasparvi
627 5387 881 5455 momenti
911 5388 1267 5455 ivarialioncs.
1324 5405 1457 5455 quas
1521 5387 1724 5440 referre
1780 5397 1838 5440 ut

265 5451 476 5513 inmile,
515 5454 583 5503 ita
621 5452 781 5506 Inerit
816 5454 1120 5508 molestum.

337 5521 775 5596 (II)__Cotber_tini
805 5527 1078 5596 secundus
1116 5537 1169 5579 et
1218 5540 1440 5592 quartus
1475 5529 1532 5579 ὲν
1567 5529 1629 5596 τῇ
1659 5527 1832 5578 Βαϐυ-

266 5587 579 5668 λῷειιι.ηὓιοὶ
620 5593 746 5645 editi
793 5595 1179 5666 ὑπερεξεχύθη.
1216 5587 1283 5650 At
1311 5599 1478 5665 major
1519 5587 1640 5663 pars
1664 5599 1832 5668 ὑπερ-

266 5658 517 5782 ea.

338 5730 448 5809 (1⁸3)
481 5730 880 5809 ΙΙΙιιημἘγένετο
915 5735 1042 5806 γὰρ,
1076 5737 1259 5809 φησὶν,
1301 5738 1429 5790 ὡσεὶ
1469 5739 1681 5808 πνεῦμα
1707 5739 1824 5809 δρό-

269 5783 364 5878 non
391 5783 720 5878 δίσσυρίζονξ
748 5805 822 5878 sic
863 5783 1438 5860 verterat;'i'ilniannus
1473 5826 1483 5858 :
1532 5787 1695 5861 Furta
1722 5789 1820 5868 est.

267 5871 690 5937 inquit,ﬂammn
719 5875 867 5927 relati
897 5878 1108 5944 spiritus
1141 5879 1271 5932 roris
1312 5881 1458 5932 sttm't
1511 5879 1715 5945 spirans
1750 5882 1823 5935 si-

1547 4946 1590 4977 “
1626 4946 1762 5001 Psal.
1803 4965 1934 5006 xm.
1963 4949 2017 5002 5.

1941 3287 2145 3355 prietas
2180 3288 2244 3340 iis
2278 3287 2368 3357 qui
2410 3287 2697 3342 adustione
2720 3289 2865 3359 digni
2901 3299 3028 3344 sunt
3057 3303 3304 3345 servetur
3337 3291 3514 3347 εὶιιίιις

1946 3393 2070 3431 vero
2097 3378 2348 3446 splendor
2393 3388 2446 3431 et.
2487 3377 2710 3433 claritas
2744 3380 2810 3433 ad
2847 3381 3174 3436 hilaritatem
3209 3398 3395 3437 eorum
3422 3385 3515 3455 qui

1943 3470 2116 3524 laetam
2162 3484 2225 3525 ac
2273 3471 2482 3524 beatam
2539 3471 2704 3524 vitam
2759 3475 2930 3527 acturi
2996 3484 3142 3538 sunt,
3195 3475 3512 3530 destinetur.

1942 3560 2056 3615 Vox
2087 3563 2249 3630 igitur
2283 3561 2492 3616 Domini
2521 3562 2895 3619 intercidentis
2916 3606 2931 3632 ,
2959 3581 3022 3620 ac
3055 3567 3343 3623 dividentis
3365 3569 3516 3622 tiam-

1943 3669 2082 3707 mam
2113 3655 2275 3724 ignis,
2319 3657 2453 3712 adeo
2476 3659 2796 3728 utsupplicii
2830 3661 3048 3729 quidem
3083 3661 3224 3732 ignis
3253 3663 3516 3716 obscurus

1943 3748 2062 3813 sit,
2124 3747 2211 3801 lux
2277 3763 2406 3803 vero
2434 3751 2736 3819 requietis,
2799 3753 2851 3805 vi
2907 3763 3090 3807 careat
3140 3753 3510 3810 comburendi.

1945 3838 2101 3894 Vens.
2135 3840 2188 3895 8.
2233 3840 2348 3896 Vox
2386 3841 2598 3897 Domini
2653 3847 3000 3900 concutientis
3051 3847 3334 3902 desertum.
3373 3851 3516 3905 Con-

1943 3934 2121 3987 cussio
2185 3934 2272 3988 illa
2336 3950 2366 3988 a
2435 3935 2664 3991 Domino
2694 3937 3041 4006 dispensatur
3074 3940 3292 3994 deserto
3315 3941 3366 3993 in
3397 3941 3514 3993 loco

1943 4024 2212 4092 beneﬁcii,
2243 4035 2303 4080 ut
2337 4027 2508 4096 ipsum
2527 4025 2638 4094 jam
2674 4037 3038 4097 permutatum
3075 4044 3141 4084 ex
3181 4029 3396 4084 deserto
3424 4033 3515 4084 liat

1945 4126 2083 4170 terra
2153 4115 2429 4181 habitata,
2501 4127 2588 4182 et,
2645 4118 2890 4186 deposito
2939 4119 3240 4175 sterilitatis
3292 4124 3509 4191 probro,

1946 4209 2123 4262 mnItzn
2172 4209 2517 4264 fecunditatis
2567 4211 2780 4266 laudem
2838 4213 3087 4281 accipiat.
3136 4213 3315 4283 (Multi
3367 4221 3504 4271 enim

1944 4299 2042 4367 [itii
2072 4301 2308 4364 deserta,
2347 4303 2514 4371 magis
2549 4319 2706 4373 quam
2735 4304 2851 4372 ejus
2881 4321 2998 4369 qua:
3040 4306 3190 4359 habet
3221 4306 3509 4376 virum”),

1943 4401 1996 4447 et
2022 4393 2070 4446 id
2097 4395 2238 4462 quod
2267 4403 2422 4448 antea
2438 4395 2710 4450 desertum
2731 4404 2870 4462 erat,
2897 4406 3082 4464 postea
3105 4398 3263 4465 aquis
3289 4399 3512 4466 spiritus

1944 4486 2264 4552 confertum,
2308 4487 2359 4539 in
2389 4495 2578 4557 stagna
2629 4503 2894 4556 aquarum
2924 4489 3036 4541 Iiat.
3072 4485 3137 4538 Et
3173 4492 3513 4543 commovebit

1948 4575 2199 4631 Dominus
2251 4577 2511 4631 desertum
2569 4577 2758 4632 Cades.
2803 4577 2987 4645 Itaque
3042 4578 3310 4631 desertum
3353 4594 3513 4633 omne

1944 4683 2047 4722 non
2076 4669 2437 4723 commovebit
2471 4669 2750 4735 Dominus,
2780 4669 2872 4722 sed
2902 4669 3170 4722 desertum
3189 4668 3384 4735 Gades,
3415 4672 3516 4727 hoc

1943 4772 2046 4827 est,
2079 4762 2561 4816 sanctilicationem
2599 4779 2611 4814 :
2652 4761 2824 4816 Cades
2870 4762 3010 4816 enim
3040 4772 3145 4829 est,
3179 4765 3224 4816 si
3274 4765 3395 4832 quis
3427 4765 3512 4818 in-

1939 4864 2307 4921 terpretetur,
2366 4854 2739 4922 sanctiﬁcatio.
2799 4853 2956 4909 Vnus.
3011 4854 3061 4907 9.
3145 4853 3260 4907 Vox
3300 4855 3514 4910 Domini

2115 4949 2202 5001 ⁸⁹Ι
2235 4949 2358 5002 Cor.
2394 4964 2431 5010 ι,
2468 4948 2558 5003 Ἡ.
2659 4950 2702 4980 ⁹⁰
2731 4949 2863 5002 Dan.
2897 4964 2974 5012 ιιι,
3021 4949 3107 5001 47.
3186 4947 3228 4979 ⁹¹
3260 4949 3393 5010 ibid.
3423 4951 3509 5007 50.

1941 5108 2065 5160 bilo.
2098 5106 2204 5161 Sed
2233 5121 2376 5175 aegre
2409 5107 2507 5161 fert
2534 5107 2757 5162 Ducazus
2800 5109 3144 5165 'I‘ilmannnm
3184 5115 3249 5168 de
3290 5131 3388 5170 suo
3420 5132 3513 5168 vn-

1947 5193 2063 5231 cem
2087 5179 2303 5244 ﬂamma
2333 5178 2602 5232 addidisse
2648 5195 2660 5230 :
2709 5179 3065 5236 Combetisius
3103 5198 3230 5236 vero
3273 5187 3508 5238 additam

1947 5262 2063 5325 eam
2094 5248 2257 5325 fuisse
2282 5248 2347 5300 ad
2381 5258 2615 5325 mentem
2675 5247 2856 5301 Basilii
2899 5250 3150 5325 aIIirmat.
3209 5254 3366 5307 Plura
3420 5260 3509 5325 qui

1947 5318 2108 5392 volet:
2149 5318 2432 5392 scriptoris
2462 5317 2748 5385 utriusque
2780 5326 2933 5392 notas
2965 5320 3143 5392 legere
3171 5327 3389 5392 poterit.

2017 5387 2127 5460 (ιᾷ)
2160 5387 2572 5460 ςυιυΑωτυω
2600 5390 2984 5460 προστάγματι
3018 5387 3174 5451 Θεοῦ.

2012 5457 2121 5525 (Μ)
2155 5455 2244 5508 Sic
2272 5458 2397 5510 editi
2428 5467 2481 5510 et
2522 5455 2794 5534 t‘res'mss.
2826 5455 2894 5512 At
2913 5476 3006 5514 sex
3044 5463 3132 5516 alii
3168 5478 3305 5518 mss.
3339 5466 3508 5534 φωτί-

1943 5525 2581 5600 ζουσαβιο-φωτιστική.
2612 5528 2777 5600 Paulo
2821 5541 2941 5600 post
2977 5547 3106 5587 mss.
3153 5543 3277 5588 octo
3321 5525 3362 5588 δ’
3392 5553 3512 5592 συσ·

1943 5598 2182 5665 σεισμός.
2220 5597 2355 5650 Editi
2387 5601 2414 5650 ό
2443 5599 2683 5668 σεισμός.

2007 5669 2124 5740 (15)
2148 5668 2425 5740 ὃίοᾼηιιιιιι
2453 5685 2583 5740 mss.
2611 5670 2678 5722 At
2701 5669 2828 5722 editi
2860 5685 2980 5724 cum
3008 5673 3330 5740 quibusdam
3372 5692 3503 5727 mss.

1937 5738 2197 5789 συσσείει.
2242 5738 2432 5790 Statim
2465 5738 2552 5790 ubi
2605 5741 2797 5808 legitur
2842 5741 2892 5793 in
2920 5738 3081 5796 editis
3118 5756 3172 5797 et
3220 5746 3272 5798 in
3309 5747 3508 5799 nostris

1936 5825 2065 5861 mss.
2102 5808 2557 5884 καταρτιζοινένη,
2597 5811 2800 5865 editum
2837 5811 3143 5868 invenimus
3187 5818 3322 5884 apud
3367 5814 3506 5869 LXX

1933 5879 2409 5949 καττρτιζομένου.
