4016 6472
505 406 614 460 2‘39

1823 402 1879 455 S.
1929 401 2008 452 BA
2022 398 2171 451 SlLll
2212 395 2424 450 MAGNI

3677 396 3789 450 Ξῗο

505 532 812 586 pm'parans
843 532 1035 570 cervos.
1073 516 1204 583 Quae
1253 517 1317 570 de
1361 517 1751 585 praeparatione
1799 535 2086 574 cervorum

2205 517 2416 583 ἁγουσιν
2462 513 2787 583 ἀποδοθῆναι
2820 513 2932 583 (16)
2970 512 3062 566 καὶ
3115 515 3181 566 τὰ
3215 510 3462 586 περὶτοῦ
3514 529 3790 582 καταρτι-

505 622 599 676 per
659 621 843 662 vocem
897 608 1104 663 Domini
1135 609 1276 663 facta
1327 607 1613 672 dicuntur,
1669 610 1828 664 etiam
1887 609 2077 664 eodem

507 699 666 753 modo
694 714 801 767 quo
837 700 1020 768 priora
1083 700 1402 768 explicanda
1443 711 1589 756 sunt.
1621 698 1882 764 Quoniam
1917 700 2079 767 igitur

505 807 698 846 cervus
726 792 796 845 ita
822 808 852 846 a
884 803 1073 847 natura
1104 805 1448 862 comparatus
1466 802 1567 854 est,
1591 802 1649 844 ut
1680 793 1879 846 nullam
1899 808 1926 844 a
1965 808 2081 844 ser-

506 885 758 952 pentibus
777 887 1003 952 accipiat
1022 899 1216 938 noxiam
1238 904 1250 939 :
1270 887 1377 940 imo
1393 899 1541 946 vero,
1559 893 1617 936 ut
1639 885 1789 938 aiunt
1806 885 1838 937 ii
1861 884 1949 952 qui
1969 884 2082 938 haec

505 977 883 1041 ubservavere,
910 976 1107 1045 vipera!
1130 992 1256 1032 esus
1287 978 1391 1030 vim
1421 973 1536 1041 ejus
1573 977 1833 1044 purgandi
1864 975 2079 1038 habeat,

505 1077 559 1117 et
589 1066 845 1132 quoniam
884 1078 1150 1124 venenata
1202 1069 1380 1122 omnia
1410 1066 1663 1120 animalia
1695 1082 1817 1120 eum
1847 1065 2002 1120 malis
2029 1075 2083 1118 et

507 1157 752 1212 adversis
780 1160 1072 1215 virtutibus
1107 1170 1510 1228 comparantur,
1554 1175 1675 1213 cuin
1711 1158 1968 1213 Dominus
1997 1160 2072 1211 di-

509 1259 596 1301 cat
623 1267 636 1302 :
675 1249 808 1302 Dedi
832 1252 973 1302 vobis
1018 1260 1320 1316 potestatem
1345 1251 1583 1304 calcandi
1609 1267 1768 1319 supra
1797 1261 2081 1318 serpentes,

509 1350 556 1391 et
585 1341 901 1406 scorpiones,
937 1349 985 1393 et
1015 1357 1168 1408 super
1193 1358 1394 1393 omnem
1423 1343 1656 1395 virtutem
1698 1343 1899 1396 t'ninu'ci
1919 1342 1998 1408 9";
2031 1360 2085 1396 et

511 1448 630 1483 cum
660 1446 846 1484 rursus
871 1432 1109 1500 psalmus
1132 1431 1412 1498 Pr0phet:e
1437 1435 1746 1501 promittat:
1769 1431 2089 1503 Superaspi-

511 1529 626 1578 dem
663 1534 709 1576 et
743 1524 1042 1578 basiliscum
1097 1524 1464 1590 ambulabis";
1506 1542 1724 1581 necesse
1760 1537 1843 1581 est
1878 1537 1933 1580 ut
1963 1542 2084 1580 cum

512 1630 708 1673 nomen
742 1618 888 1672 cervi
938 1618 992 1671 in
1042 1617 1324 1685 Scriptura
1371 1618 1643 1680 audimus,
1675 1633 1986 1672 sermOnem
2019 1621 2087 1674 ad

513 1709 794 1763 meliorem
848 1711 1261 1765 similitudinem
1328 1713 1630 1765 trahamus.
1680 1711 1815 1765 Nam
1882 1710 2087 1768 Montes

510 1803 703 1858 excelsi
755 1806 917 1856 cervis
941 1805 1020 1868 “;
1057 1806 1221 1857 item:
1260 1803 1527 1857 Desiderat
1575 1820 1753 1858 cervus
1798 1807 1867 1859 ad
1917 1805 2086 1874 fontes

513 1892 855 1962 aquarum".
898 1893 1131 1948 Proinde
1161 1909 1285 1948 cum
1315 1904 1367 1947 et
1391 1894 1576 1963 justus
1607 1898 1784 1952 omnis
1807 1899 1859 1951 in
1884 1899 2083 1952 altissi-

517 1986 619 2038 mis
667 1997 1060 2049 commoretur,
1095 1985 1262 2039 Juxta
1291 2004 1505 2055 scapum
1542 2006 1850 2058 persequens
1874 1992 1942 2042 ad
1967 1993 2087 2041 bra-

516 2078 653 2130 rium
676 2092 915 2142 superna:
937 2076 1222 2128 vocationis
1241 2075 1309 2141 ⁵⁸,
1340 2079 1502 2128 etiam
1532 2075 1597 2128 ad
1630 2077 1941 2143 poculentos
1969 2075 2087 2128 fon-

519 2181 597 2218 tes
624 2167 883 2227 accurrit,
921 2165 1204 2233 theologia:
1244 2166 1508 2233 principia
1554 2167 1726 2233 prima
1771 2164 2079 2232 requirens.

518 2255 708 2312 Trahit
741 2266 917 2310 autem
954 2271 1147 2310 cervus
1171 2257 1282 2309 oris
1319 2257 1399 2309 Siti
1432 2257 1790 2325 reSpiratione
1820 2265 2083 2308 venenata

519 2352 772 2406 animalia
800 2351 1092 2415 latitantia,
1125 2366 1297 2419 eaque
1331 2351 1380 2403 vi
1411 2351 1637 2420 spiritus
1681 2351 1762 2406 sui
1794 2367 1822 2404 e
1853 2350 2090 2404 latibulis

519 2445 721 2498 educit.
754 2443 1220 2510 Quemadmodum
1259 2443 1426 2514 igitur
1458 2454 1680 2498 sanctus
1728 2444 1904 2513 aquila
1960 2443 2091 2496 dici-

521 2548 626 2599 tur,
659 2537 801 2603 quod
845 2536 1094 2588 sublimia
1144 2546 1310 2602 petat,
1354 2546 1406 2589 et
1459 2536 1746 2600 plurimum
1777 2552 1805 2587 a
1836 2545 1976 2589 terra
2006 2535 2090 2587 di-

519 2636 661 2690 stet;
691 2638 745 2680 et
781 2626 1234 2697 quemadmodum
1285 2626 1490 2681 dicitur
1523 2626 1640 2677 ovis
1680 2627 1749 2679 ob
1784 2638 2094 2678 mansuetu-

521 2725 704 2776 dinem
762 2730 817 2774 et
871 2732 1050 2772 rerum
1122 2731 1341 2770 suarum
1396 2716 1976 2777 conminnicationein;
2038 2725 2094 2766 et

521 2817 666 2869 aries
705 2816 773 2868 ob
823 2814 1142 2882 imperium;
1187 2819 1243 2863 et
1276 2809 1523 2864 columba
1566 2817 1787 2877 propter
1826 2808 2089 2860 innocen—

526 2910 652 2960 tiam
690 2925 702 2960 :
744 2906 816 2959 ita
847 2921 1062 2972 quoque
1095 2903 1294 2957 dicitur
1330 2916 1522 2955 cervus
1567 2903 1634 2953 ob
1664 2917 1782 2952 eam
1813 2915 1973 2967 quam
2005 2899 2095 2950 hn-

525 3004 613 3055 het
652 3000 917 3053 adversus
970 3012 1131 3067 prava
1191 2993 1631 3064 repugnantiam.
1674 2993 1800 3045 ideo
1838 3001 1892 3045 et
1941 2991 2093 3044 Salo-

526 3115 647 3155 mon
678 3099 754 3151 ait
781 3115 794 3150 :
827 3095 1019 3150 Cervus
1053 3092 1319 3153 amicitiis,
1350 3101 1398 3143 et
1434 3089 1612 3158 pullus
1653 3099 1866 3141 tuarum
1894 3086 2094 3156 grada-

2187 605 2323 676 σμοῦ
2376 607 2481 660 τῶν
2529 605 2765 674 ἐλάφων,
2792 607 2906 678 ὃνή
2944 603 3092 674 φωνὴ
3121 606 3215 658 τοῦ
3276 606 3483 678 Κυρίου
3532 605 3785 675 ἐνεργεῖ.

2199 700 2352 752 Ἐπεὶ
2392 699 2631 766 τοίνυνή
2685 697 2883 766 ἔλαφος
2925 695 3177 765 τοιαύτης
3222 698 3378 769 ἔτυχε
3439 697 3544 768 τῆς
3602 713 3788 748 κατα-

2191 798 2389 865 σκευῆς
2415 797 2491 859 ὡς
2520 793 2781 866 κρείττων
2823 794 2932 864 (17)
2967 789 3104 846 εἶναι
3136 791 3234 861 τῆς
3273 794 3338 845 ὲκ
3372 795 3482 849 τῶν
3524 790 3786 865 ἑρπετῶν

2188 887 2414 958 βλάϐης,
2445 889 2581 942 ἀλλὰ
2605 886 2699 938 καλ⁵
2729 887 3095 959 καθαρτήριον
3130 885 3266 953 αὐτῇ
3298 885 3467 948 ἐστιν,
3502 888 3582 950 ὣς
3615 901 3785 955 φασιν

2183 982 2233 1033 oi
2278 981 2344 1032 τά
2373 982 2597 1034 τοιαῦτα
2633 979 3014 1048 τετηρηκότες,
3065 976 3245 1047 τὸτῆς
3292 977 3507 1047 ἐχίδνης
3554 979 3784 1050 βρῶμα,

2186 1073 2365 1125 πάντα
2402 1071 2545 1125 δὲτὰ
2583 1072 2756 1125 ἰοὸὁλα
2792 1071 2929 1141 πρὸς
2953 1070 3050 1140 τὴν
3081 1070 3188 1122 τῶν
3217 1068 3468 1137 πονηρῶν
3499 1076 3597 1124 και
3625 1073 3782 1129 ἀντι-

2188 1165 2455 1234 κειμένων
2477 1164 2757 1234 δυνάμεων
2792 1161 2974 1215 εἰκόνα
3003 1161 3336 1232 λαμϐάνεται
3364 1160 3477 1232 (18)
3504 1165 3622 1230 (τοῦ
3664 1168 3788 1218 Κυ-

2189 1257 2304 1327 ρίου
2331 1254 2582 1321 λέγοντος
2601 1273 2614 1285 ·
2649 1253 2882 1308 Δέδωκα
2924 1251 3068 1321 ὑμῖν
3097 1253 3209 1319 τὴν
3247 1253 3539 1318 ἐξουσίαν
3562 1256 3787 1309 πατεῖν

2185 1346 2384 1400 ἐπάνω
2413 1347 2624 1416 ὄφεων,
2656 1345 2754 1399 καὶ
2788 1345 3115 1412 σκορπίων,
3157 1347 3253 1398 καὶ
3281 1347 3378 1399 ἐπὶ
3410 1343 3626 1398 πᾶσαν
3666 1349 3786 1414 τὴν

2187 1440 2442 1505 δύναμιν
2478 1441 2584 1494 τοῦ
2625 1437 2838 1508 ἐχθροῦ
2859 1455 2872 1468 ο
2904 1439 2997 1491 καὶ
3028 1438 3120 1492 τοῦ
3153 1438 3369 1509 ψαλμοῦ
3403 1439 3567 1492 πάλιν
3600 1442 3786 1510 ἐπαγ-

2188 1530 2512 1602 γελλομένου
2542 1532 2617 1601 τῷ
2641 1531 2914 1603 προφήτῃ,
2945 1532 3028 1584 ὅτι
3063 1531 3187 1582 Ἐπὶ
3215 1531 3446 1585 ἀσπίδα
3474 1532 3578 1586 καὶ
3604 1533 3786 1595 ,Βασι-

2187 1625 2407 1680 λίσκον
2428 1622 2731 1692 ἐπιϐ-ήσῃ)·
2752 1621 2987 1693 ἀνάγκη,
3006 1625 3132 1677 ὅταν
3160 1622 3359 1691 ἐλάφου
3377 1623 3464 1675 δνο
3471 1641 3548 1693 μα
3572 1623 3793 1676 ἀκούω-

2193 1733 2290 1788 μεν
2327 1718 2383 1768 ὲν
2404 1719 2470 1786 τῇ
2505 1716 2715 1786 Γραφῇ,
2754 1713 2888 1785 πρὸς
2908 1715 3269 1784 τὴνβελτίονα
3301 1716 3485 1769 εἰκόνα
3504 1716 3599 1768 τὸν
3621 1715 3789 1785 λόγον

2190 1808 2387 1860 ἕλκειν.
2430 1808 2567 1874 Ὄρη
2615 1805 2724 1875 γὰρ
2776 1805 2850 1858 τὰ
2902 1808 3112 1872 ὑψηλὰ
3145 1807 3274 1874 ταῖς
3311 1807 3596 1876 ἐλάφοις-ο
3647 1810 3774 1870 καὶ,

2202 1898 2503 1951 Ἐπιποθεῐ
2537 1899 2576 1964 ἠ
2613 1897 2838 1966 ἔλαφος
2869 1898 2966 1954 ἐπὶ
2995 1897 3101 1962 τὰς
3129 1901 3325 1969 πηγὰς
3368 1901 3488 1955 τῶν
3515 1900 3785 1956 ὑδάτων.

2200 1993 2351 2045 Ἐπεὶ
2397 1987 2490 2044 οὖν
2522 1993 2618 2044 καὶ
2662 1993 2768 2054 πᾶς
2798 1992 3005 2055 δίκαιος
3042 1993 3099 2044 ὲν
3141 1992 3366 2062 ὑψηλοῖς
3393 1994 3503 2064 ἔχει
3539 1995 3645 2066 τὴν
3673 1996 3793 2049 δια·

2185 2083 2399 2154 τριϐὴν.
2433 2082 2595 2137 Κατὰ
2630 2084 2866 2136 σκοπὸν
2888 2082 3118 2136 διώκων
3145 2084 3241 2136 ἐπὶ
3263 2086 3326 2137 τὸ
3351 2086 3644 2152 βραϐεῖον
3667 2086 3786 2153 (19)

2187 2175 2297 2243 τῆς
2328 2176 2449 2229 ἅνω
2488 2175 2780 2240 κλήσεως,
2821 2175 2913 2228 καὶ
2961 2175 3098 2244 πρὸς
3141 2174 3242 2238 τὰς
3287 2177 3552 2247 ποτίμους
3591 2177 3788 2246 πηγὰς

2186 2271 2495 2339 ἀνατρέχει,
2540 2268 2640 2329 τὰς
2675 2266 2897 2336 πρώτας
2930 2267 3102 2339 ἀρχὰς
3128 2267 3226 2337 τῆς
3259 2267 3536 2338 θεολογίας
3566 2266 3784 2336 ἀναζη-

2186 2358 2312 2411 τῶν.
2352 2357 2539 2409 Ἔλκει
2567 2356 2623 2409 δὲ
2655 2358 2686 2426 ἡ
2710 2355 2906 2424 ἔλαφος
2931 2359 2996 2426 τῇ
3027 2357 3267 2428 ἀναπνοῇ
3291 2358 3384 2411 τοῦ
3412 2358 3686 2427 στόματος
3714 2361 3787 2412 τά

2190 2449 2497 2519 φωλεύοντα
2527 2449 2633 2502 τῶν
2665 2447 2904 2511 ἰοϐόλων,
2933 2448 3025 2500 καὶ
3056 2449 3162 2501 ἀπὸ
3187 2451 3297 2502 τῶν
3320 2452 3670 2506 καταδύσειον
3700 2454 3795 2519 ἐξ·

2191 2545 2314 2612 άγει
2352 2545 2416 2614 τῇ
2466 2541 2555 2612 βίᾳ.
2596 2540 2688 2594 τοῦ
2730 2539 3056 2610 πνεύματος.
3100 2541 3309 2612 ’Ὠσπερ
3341 2539 3433 2595 οὖν
3477 2544 3640 2608 ἀετὸς
3672 2546 3790 2614 ('20)

2191 2637 2406 2704 λέγεται
2459 2637 2486 2688 ὁ
2530 2633 2682 2701 ἅγιος
2734 2633 2821 2686 διὰ
2859 2632 2919 2685 τὸ
2968 2635 3525 2706 μετεωροπόρον,κα⁹ι
3581 2638 3676 2691 διὰ
3727 2641 3791 2692 τὸ

2191 2727 2480 2797 διηρμένον
2504 2727 2611 2778 άπὸ
2645 2725 2747 2795 γῆς
2779 2727 2871 2778 ἐπὶ
2898 2726 3080 2779 πλεῖον
3099 2742 3113 2758 ο
3156 2727 3250 2780 καὶ
3291 2727 3366 2791 ὡς
3395 2729 3672 2800 πρόὸατον
3698 2730 3792 2782 διὰ

2192 2819 2252 2870 τὸ
2285 2820 2492 2889 ἥμερον
2516 2819 2607 2870 καὶ
2627 2819 2974 2887 μεταδοτικὺν
3008 2812 3081 2872 ὧν
3113 2819 3220 2890 ἔχει
3251 2837 3262 2850 ·
3302 2821 3396 2873 καὶ
3425 2822 3579 2891 κριὸς
3608 2822 3699 2874 διὰ
3727 2822 3794 2873 τὸ

2195 2908 2548 2978 ἡγεμονικόν·
2581 2908 2672 2959 καὶ
2702 2909 3001 2978 περιστερὰ
3036 2909 3124 2961 διὰ
3158 2911 3218 2962 τὸ
3248 2911 3454 2963 ἄκακον
3475 2927 3487 2938 ·
3520 2910 3665 2963 οὕτω
3695 2914 3793 2964 καὶ

2196 3000 2391 3068 ἔλαφος
2412 2997 2501 3050 διὰ
2532 2995 2628 3066 τὴν
2658 2995 2792 3066 πρὸς
2817 2997 2884 3048 τά
2909 2998 3121 3067 πονηρὰ
3150 3000 3482 3052 ἐναντίωσιν.
3515 3001 3605 3053 Διὸ
3635 3004 3731 3054 καὶ
3763 3005 3793 3054 ὁ

2197 3086 2446 3158 Σολομὼν
2496 3104 2657 3156 φησιν
2681 3077 2714 3115 θ’
2737 3087 2998 3154 Ἔλαφος
3022 3088 3245 3155 φιλίας,
3293 3089 3389 3141 καὶ
3417 3091 3622 3155 πῶλος
3659 3091 3794 3143 σῶν

525 3210 638 3248 tum
670 3189 1032 3257 confabulatur
1056 3185 1305 3241 tecum".
1336 3183 1444 3238 Nos
1462 3193 1637 3238 autem
1660 3184 1814 3235 docet
1835 3194 2096 3240 memora-

2205 3181 2461 3249 χαρίτων
2499 3177 2771 3246 ὀμιλείτω
2797 3192 2927 3230 σοι·
2965 3177 3228 3231 διδάσκων
3256 3181 3401 3251 ἡμᾶς
3437 3184 3562 3243 τοὺς
3596 3199 3794 3252 προει-

529 3297 608 3340 tos
639 3296 828 3335 cervos
859 3281 926 3332 ad
963 3278 1244 3347 theologia:
1280 3276 1582 3329 doctrinam
1608 3289 1727 3328 esse
1749 3272 1993 3328 idoneos.

601 3463 651 3517 7.
711 3462 868 3532 122
914 3459 1028 3515 Vox
1079 3458 1289 3511 Domini
1344 3471 1650 3524 prazparans
1707 3469 1908 3508 cervos.
1959 3451 2096 3505 Cum

532 3554 1017 3626 igiturquenipiam
1064 3551 1154 3603 Dei
1191 3549 1462 3619 hominem
1505 3549 1800 3616 perfectum
1822 3545 2103 3601 etabsolu-

533 3661 643 3700 tum
678 3647 994 3707 viderimus,
1039 3642 1325 3696 utilitatem
1354 3657 1421 3695 ex
1453 3641 1572 3710 ejus
1621 3655 1920 3707 congressu
1951 3654 2100 3707 qua:-

531 3755 733 3793 ramtts.
783 3735 915 3792 Nam
965 3750 1123 3790 cervo
1180 3744 1448 3803 praesente
1493 3733 1826 3802 serpentium
1887 3734 2104 3800 fugatur

532 3837 734 3892 tnalitia
771 3836 967 3890 omnis.
1026 3833 1141 3886 Non
1188 3834 1332 3887 enim
1379 3833 1536 3902 hujus
1581 3833 1832 3888 animalis
1882 3837 2103 3888 odorem

531 3931 801 3985 virulenta
849 3928 1144 3982 animantia
1186 3927 1483 3996 perferunt,
1519 3936 1575 3978 ut
1618 3943 1738 3995 qua:
1765 3928 1848 3980 vel
1881 3929 1946 3980 ad
1980 3943 2107 3982 cor-

535 4036 701 4072 riuum
751 4019 1094 4072 cervinorunn
1145 4018 1381 4070 sullitmn
1437 4018 1716 4070 secedant.
1751 4017 1818 4069 Et
1856 4017 2101 4070 revelabit

533 4107 818 4166 condensa.
864 4104 1104 4162 Primum
1152 4119 1254 4157 vox
1307 4104 1518 4157 Domini
1572 4115 1837 4171 praeparat
1872 4121 2102 4160 cervos:

533 4198 728 4251 deinde
762 4194 963 4248 revelat
994 4197 1262 4249 condensa
1298 4194 1441 4259 loca,
1480 4195 1728 4249 videlicet
1764 4198 1992 4263 consita,
2033 4207 2110 4250 at-

534 4305 641 4360 que
674 4290 875 4350 agresti
910 4304 972 4342 ac
1002 4286 1335 4341 infructuosa
1379 4288 1603 4340 materia
1648 4288 2009 4354 condensata;
2053 4290 2105 4341 in

536 4400 656 4452 quae
699 4383 816 4437 loca
859 4382 1110 4436 animalia
1171 4392 1438 4435 venenata
1486 4382 1722 4435 maxime
1764 4380 2000 4449 recipere
2049 4397 2109 4437 se

536 4477 732 4529 solent.
779 4475 1047 4540 Quoniam
1093 4474 1256 4543 igitur
1298 4489 1392 4541 per
1439 4474 1890 4540 prmparationem
1934 4490 1964 4527 a
2002 4474 2108 4527 Do-

2241 3273 2472 3344 ημὲνους
2523 3271 2753 3338 ἐλάφους
2792 3270 3129 3340 ἐπιτηδείους
3171 3266 3308 3324 εἶναι
3349 3272 3483 3342 πρὸς
3511 3269 3792 3343 Θεολογίας

2201 3366 2564 3419 διδασκαλίαν.

2273 3456 2324 3507 7.
2367 3453 2538 3521 Φωνὴ
2563 3453 2784 3519 Κυρίου
2813 3450 3267 3520 καταρτιζομένη
3296 3453 3587 3524 ἐλάφους.
3619 3459 3798 3512 Ὅταν

2202 3543 2293 3599 οὖν
2316 3546 2512 3615 ἴδωμέν
2536 3563 2653 3598 τινα
2685 3546 2967 3617 ἄνθρωπον
3000 3546 3134 3598 Θεοῦ
3169 3547 3373 3601 τέλειον
3403 3550 3496 3601 καὶ
3525 3569 3761 3622 κατηρτι
3781 3582 3796 3590 -

2206 3639 2419 3708 σμένον,
2452 3635 2548 3707 τὴν
2581 3636 2688 3689 ἀπὸ
2724 3636 2824 3705 τῆς
2850 3636 3063 3706 ὁμιλίας
3107 3638 3274 3691 αὑτοῦ
3314 3640 3585 3709 ὠφέλειαν
3629 3661 3797 3710 μετα-

2204 3725 2509 3796 διώκωμεν.
2541 3726 2713 3777 Ὅπου
2748 3727 2857 3797 γὰρ
2887 3724 3084 3796 ἐλάφου
3112 3731 3401 3800 παρουσία,
3429 3731 3795 3799 φυγαδεύεται

2207 3824 2354 3875 πᾶσα
2376 3820 2482 3874 τῶν
2516 3820 2760 3891 ἑρπετῶν
2791 3822 2822 3891 ἡ
2857 3821 3042 3874 κακία.
3075 3822 3149 3873 Οὐ
3171 3821 3276 3894 γάρ
3305 3825 3459 3894 φέρει
3487 3825 3587 3892 τὴν
3617 3822 3797 3892 ὀσμὴν

2207 3918 2300 3971 τοῦ
2336 3917 2472 3983 ζώου
2504 3918 2571 3971 τὰ
2600 3917 2797 3980 ἰοϐόλα,
2832 3919 2964 3970 ὅπου
2991 3935 3053 3986 γε
3080 3918 3174 3971 καὶ
3206 3922 3319 3981 τοῖς
3351 3918 3579 3987 κέρασιν
3613 3918 3798 3970 αὐτῶν

2211 4009 2682 4080 ὐποΘυμιωμένοις
2719 4010 3006 4079 ὑποχωρεῖ.
3064 4009 3175 4061 Καὶ
3216 4009 3598 4076 ἀποκαλύψει
3650 4009 3797 4078 δρυ-

2203 4105 2357 4172 μούς
2384 4102 2513 4173 (2|).
2553 4102 2771 4171 Πρῶτον
2802 4103 2833 4170 ἡ
2865 4101 3013 4171 φωνὴ
3045 4099 3135 4152 τοῦ
3164 4099 3370 4169 Κυρίου
3409 4100 3796 4170 καταρτίζεται

2209 4199 2306 4258 τὰς
2326 4196 2554 4264 ἐλάφους
2577 4211 2588 4222 ·
2623 4193 2811 4244 ἔπειτα
2841 4192 3210 4246 ἀποκαλύπτει
3238 4190 3497 4261 δρυμοὺς,
3523 4192 3650 4254 τους
3668 4208 3798 4260 συμ-

2211 4285 2408 4351 φύτους
2440 4285 2533 4335 καὶ
2562 4282 2668 4334 ἀπὸ
2694 4281 2888 4352 ἀγρίας
2921 4281 3013 4332 καὶ
3046 4280 3297 4350 ἀκάρπου
3334 4281 3466 4352 ὕλης
3500 4298 3794 4334 πεπυκνω-

2213 4375 2405 4444 μένους
2445 4375 2663 4435 τόπους,
2695 4366 2773 4434 οἷς
2816 4372 3045 4443 μάλιστα
3089 4373 3454 4443 προσφεύγειν
3504 4373 3572 4424 τὰ
3613 4372 3792 4425 ἰοόὁλα

2212 4466 2473 4534 πέφυκεν.
2512 4465 2661 4517 Ἐπεὶ
2684 4459 2774 4516 οὖν
2803 4464 2902 4534 ἤδη
2925 4464 3269 4516 τετελείωται
3294 4463 3380 4516 διὰ
3401 4464 3490 4515 τὸν
3520 4465 3672 4534 παρὰ
3700 4466 3790 4518 τοῦ

537 4568 682 4620 mino
715 4565 919 4620 tactam
954 4564 1065 4633 jam
1093 4564 1370 4617 absolutus
1402 4579 1591 4616 cervus
1614 4575 1717 4628 est,
1758 4566 1849 4632 qui
1881 4563 1930 4618 ei
1966 4566 2096 4619 assi-

2213 4558 2414 4627 Κυρίου
2470 4557 2756 4625 γενόμενον
2814 4557 3181 4626 καταρτισμὸν
3223 4557 3255 4626 ἡ
3304 4555 3517 4622 ἔλαφος,
3559 4558 3587 4608 ό
3619 4557 3792 4629 ταύτῃ

539 4660 760 4713 milatur
793 4657 978 4724 justus
1035 4655 1242 4711 revelat
1297 4655 1592 4718 condensa,
1632 4666 1690 4709 ut
1751 4657 1873 4712 vitae
1911 4668 2109 4712 nostra:

537 4762 886 4819 corruptores
939 4749 1066 4802 nudi
1102 4758 1159 4802 et
1195 4747 1430 4816 expediti
1467 4745 1814 4812 objiciuntur.
1874 4747 1939 4801 Et
1982 4749 2105 4817 quia

538 4843 760 4910 Lignum
787 4858 956 4905 omne,
981 4842 1120 4906 quod
1158 4857 1260 4893 non
1296 4840 1421 4906 facit
1447 4841 1676 4894 fructum
1721 4842 1933 4906 bonum,
1971 4841 2110 4894 exci-

610 4956 658 4989 ”
695 4954 824 5008 an.
860 4971 914 5018 ι,
950 4954 1039 5008 19.
1117 4954 1163 4985 ⁸⁸
1189 4954 1329 5009 Psal.
1364 4967 1446 5014 xc,
1479 4953 1564 5009 15.

612 5073 724 5143 (16)
755 5071 826 5124 Ita
859 5071 1015 5143 Regii
1052 5070 1423 5143 secundnshet
1455 5079 1696 5143 quartus
1733 5085 1850 5143 cum
1902 5069 2122 5143 (Euther-

540 5138 653 5205 tino
685 5138 858 5196 sexto.
918 5140 1065 5198 Editi
1118 5157 1243 5192 cum
1299 5140 1573 5207 aliquibus
1623 5157 1752 5194 mss.
1807 5138 2120 5194 ἀποδοῦναι.

539 5213 777 5270 Subinde
805 5211 957 5266 Colb.
986 5211 1022 5263 2
1048 5209 1302 5279 τοιαύτης
1327 5209 1506 5278 ἔλαχε,
1540 5227 1644 5262 non
1688 5211 1904 5265 diverso
1937 5225 2115 5279 sensu.

615 5284 726 5354 (Π)
757 5283 922 5335 Netat
950 5285 1176 5354 Dircaeus
1205 5278 1664 5354 snnilequiddatn
1687 5286 1754 5334 de
1782 5281 1956 5334 cervis
1981 5278 2116 5346 apud

543 5349 778 5411 Plinium
816 5353 1050 5413 narrari.
1077 5362 1133 5406 et
1163 5352 1304 5420 apud
1344 5349 1645 5420 A‘Ilianum.

614 5425 726 5495 (18)
757 5424 831 5495 Ita
879 5424 1124 5495 quinque
1147 5417 1465 5495 _niss_._cum
1522 5417 2116 5495 editione_Basileeitsi.

543 5487 722 5552 Editiu
769 5487 942 5547 Paris.
995 5487 1688 5563 rrizpaladevstatLInfra
1736 5491 1886 5563 illud,
1938 5487 2117 5563 πάλιν,

543 5571 696 5620 deest
720 5567 774 5618 in
807 5565 1015 5619 duobus
1042 5558 1175 5618 mss.
1216 5558 1459 5616 Subinde
1493 5560 1626 5630 Reg.
1656 5561 1930 5615 secundus
1959 5558 2121 5613 ἀκού-

544 5653 749 5691 σωμεν.

609 5655 1046 5776 ξῗὸΐῦοιϋθηίηἰ
1091 5704 1361 5776 secundus
1402 5710 1456 5754 et
1483 5712 1709 5776 quartus
1759 5700 1851 5754 ἐπὶ
1901 5699 1962 5776 τδ
2012 5701 2123 5753 ἄνω

547 5773 932 5852 ﬁpaﬂilbideip
959 5791 1059 5852 vox
1085 5775 1256 5846 ἀρχάς
1287 5794 1314 5827 a
1343 5773 1677 5844 typographo
1713 5776 1914 5828 omiSsa
1949 5773 2119 5826 luerat

548 5844 599 5904 in
633 5847 868 5904 editione
898 5844 1070 5902 Paris.

1642 4953 1686 4985 “
1716 4951 1858 5006 Psal.
1897 4967 2008 5014 CIII,
2048 4949 2134 5004 18.

2216 4648 2566 4720 ὁμοιούμενος
2598 4647 2802 4712 δίκαιος
2836 4647 3208 4701 ἀποκαλύπτει
3245 4647 3368 4708 τοὺς
3402 4645 3666 4716 δρυμοὺς,
3714 4649 3795 4700 ἵνα,

2216 4743 2412 4812 γυμνοί
2461 4742 2554 4794 καὶ
2594 4741 2801 4811 ἕτοιμοι
2845 4739 3218 4811 παραδοθῶσιν
3271 4737 3320 4788 οἱ
3365 4736 3655 4807 φθαρτικοὶ
3700 4739 3796 4806 τῆς

2221 4835 2366 4907 ζωῆς
2416 4833 2594 4905 ἡμῶν.
2656 4835 2768 4888 Καὶ
2822 4831 3008 4902 ἐπειδὴ
3048 4829 3178 4884 Πᾶν
3225 4830 3415 4894 ξύλον
3456 4829 3543 4898 μὴ
3586 4829 3797 4883 ποιοῦν

2212 4950 2254 4979 ³⁷
2281 4949 2423 5002 l’sal.
2453 4964 2561 5013 xu,
2593 4948 2646 5001 2.
2725 4948 2770 4978 ⁸⁸
2798 4948 3027 5013 Philipp.
3062 4960 3145 5007 ιιι,
3188 4944 3274 4997 14.
3349 4943 3395 4974 ⁸*
3418 4942 3578 4999 Prov.
3609 4961 3661 5009 v,
3708 4947 3790 4995 19.

2302 5064 2413 5135 (ςο)
2462 5063 2516 5116 lu
2562 5064 2948 5135 dttobns_tnss.
2997 5061 3190 5135 legitur
3216 5059 3420 5135 that-rep
3450 5059 3558 5128 γάρ
3616 5060 3791 5135 αὲτός,

2232 5131 2427 5189 Statim
2467 5147 2583 5188 tres
2624 5150 2752 5188 mss.
2786 5131 3132 5203 διῃρημένον.
3166 5132 3266 5183 Alii
3301 5151 3328 5178 ιι
3355 5147 3426 5184 ss.
3471 5144 3599 5203 cum
3632 5132 3793 5203 editis

2228 5205 2540 5279 διηρμένον.
2569 5205 2732 5258 Paulo
2763 5201 2885 5272 pust
2925 5201 3076 5257 Colb.
3122 5213 3349 5270 quartus
3397 5201 3558 5253 habet
3603 5202 3792 5267 σοφίας

2268 5277 2325 5330 ιι)
2350 5277 2548 5338 φιλίας.

2228 5295 2600 5411 νμίὲήιΐὶῗῇίιο
2626 5343 2799 5395 locum
2823 5341 3296 5411 legitAususliW
3325 5339 3393 5391 im
3425 5346 3480 5389 υι
3511 5340 3789 5394 venimus'

2308 5350 2419 5470 ηοιι)
2452 5350 2600 5400 llinic
2626 5350 2799 5395 lorum
2824 5350 3296 5411 lcgitAngustinns
3325 5350 3393 5391 ita
3425 5350 3480 5389 ut
3511 5353 3789 5394 vertimus.

2233 5416 2310 5471 Vn
2338 5429 2477 5487 gata,
2507 5412 2847 5487 Etrevelabil
2875 5414 3156 5487 condenso.
3190 5410 3508 5487 Paulu_post
3536 5411 3794 5487 "biivgi-

2230 5479 2404 5542 turin
2445 5485 2624 5539 multis
2660 5501 2789 5537 mss.
2823 5494 2876 5538 et
2923 5484 2973 5534 in
3001 5483 3160 5536 editis
3197 5479 3528 5550 συμφύτους,
3566 5479 3794 5533 habetur

2231 5559 2283 5612 in
2312 5559 2510 5612 Catena
2541 5556 2870 5609 Corderiana
2908 5552 3279 5623 ἀσυμφύτους,
3317 5555 3428 5604 sine
3460 5551 3644 5603 ordine
3679 5567 3793 5603 con-

2229 5632 2354 5682 sita.
2379 5629 2487 5681 Etsi
2517 5637 2694 5678 autem
2728 5627 2996 5692 scriptura
3047 5625 3204 5692 plane
3233 5625 3443 5674 diversa
3469 5632 3576 5692 est,
3607 5636 3795 5674 sensus

2234 5710 2412 5752 tamen
2444 5699 2631 5750 eodem
2669 5691 3012 5759 redit.rQnod
3048 5691 3191 5745 enim
3227 5708 3254 5742 a
3291 5703 3482 5744 natura
3517 5691 3636 5745 sine
3683 5705 3796 5744 arte

2232 5769 2568 5834 producitur,
2628 5766 2677 5820 id
2737 5769 3038 5833 promisuze
3105 5774 3157 5817 et
3210 5765 3326 5817 sine
3387 5763 3579 5815 ordine
3652 5763 3795 5816 nasci

2229 5841 2385 5898 solet.
