4016 6434
551 357 658 412 505

1867 357 1922 411 S.
1967 355 2209 409 BASILII
2245 354 2457 407 MAGNI

3731 353 3834 408 σοι

551 481 764 525 centem
794 490 806 523 :
843 469 908 524 In
944 471 1136 538 templo
1185 471 1302 540 ejus
1331 474 1686 542 unusquisque
1716 472 1840 524 dicit
1875 474 2118 543 gloriam.

2230 473 2448 540 μνήμην
2501 470 2608 521 τῶν
2661 470 2940 538 ἁμαρτιῶν
2979 469 3389 540 ἀφικνούμενοι,
3433 469 3495 521 οὐ
3560 470 3837 540 τρέμουσι

556 559 634 611 Tu
691 574 820 613 vero
870 576 974 614 non
1025 560 1183 615 modo
1212 577 1319 616 non
1352 561 1621 628 loqueris;
1655 561 1748 614 sed
1781 563 1933 618 alteri
1964 565 2126 618 etiam

549 666 608 702 es
640 649 1053 714 impedimento,
1087 652 1181 721 qui
1218 668 1339 708 eum
1387 651 1480 706 tibi
1513 653 1704 708 reddas
1729 664 2022 716 attentum,
2049 663 2130 709 at-

550 756 657 801 que
692 757 788 811 per
815 751 964 796 tuum
991 745 1274 796 tumultum
1299 756 1492 798 sonum
1517 743 1771 812 majorem
1806 748 1935 802 edas
1966 761 2126 814 quam

555 829 791 896 Spiritus
815 833 1083 888 doctrina.
1121 833 1264 888 Cave
1295 849 1363 889 ne
1405 835 1618 904 quando
1661 835 1847 900 abeas,
1874 851 1978 890 una
2005 851 2126 891 cum

551 922 621 976 iis
647 922 738 991 qui
794 923 956 994 impia
990 935 1044 979 et
1075 926 1470 982 contumeliosa
1516 925 1678 979 verba
1714 928 1767 980 in
1807 929 1897 982 Dei
1928 943 2124 982 nomen

550 1026 831 1081 evomunt,
869 1017 1284 1086 condemnatus,
1343 1034 1462 1074 cum
1505 1016 1785 1073 debuisses
1817 1022 2123 1076 mercedem

549 1119 650 1176 pro
693 1121 871 1161 rerum
928 1107 1234 1164 divinarum
1263 1109 1628 1165 celebratione
1654 1111 1916 1181 recipere.
1947 1113 2126 1169 Habes

549 1196 838 1267 psahnum,
871 1201 1040 1257 babes
1073 1204 1430 1272 prophetiam,
1467 1217 1730 1275 praecepta
1790 1207 2120 1278 evangelica,

513 1291 914 1359 ,apostolorum
968 1295 1404 1364 praedicationes.
1452 1297 1654 1368 Lingua
1707 1299 1918 1368 psallat,
1972 1316 2124 1356 mens

549 1399 760 1448 eorum,
794 1400 912 1455 qua:
944 1387 1088 1441 dicta
1134 1395 1282 1449 sunt.
1341 1399 1616 1444 scrutetur
1661 1390 2073 1459 intelligentiam
2106 1408 2119 1446 :

551 1486 609 1529 ut
663 1476 860 1546 psallas
919 1477 1136 1546 spiritu,
1175 1480 1374 1550 psallas
1430 1481 1556 1536 item
1607 1491 1660 1536 et
1703 1495 1884 1538 mente
1909 1484 1950 1538 ⁸.
1982 1485 2120 1539 Deus

550 1567 695 1620 enim
748 1567 972 1624 minime
1027 1571 1232 1641 indiget
1281 1571 1449 1640 gloria
1480 1590 1493 1626 :
1525 1575 1618 1628 sed
1655 1584 1705 1627 te
1739 1574 1849 1627 vult
1895 1590 2017 1630 esse
2049 1576 2123 1629 di-

551 1674 738 1727 gnum,
770 1660 861 1730 qui
916 1662 1139 1733 gloriam
1195 1679 1551 1732 consequare.
1588 1667 1927 1735 Quapropter
1967 1667 2122 1733 Quod

551 1754 776 1808 seminat
813 1756 987 1818 homo,
1035 1754 1131 1808 hoc
1177 1766 1222 1808 ct
1268 1766 1417 1812 metet
1437 1758 1479 1812 ⁵.
1528 1759 1744 1814 Semina
1778 1758 2122 1829 gloriﬁcatio-

2233 563 2332 632 τὴν
2365 561 2544 631 κρίσιν
2566 579 2577 589 ·
2603 559 2736 613 ἀλλά
2767 560 3097 632 μειδιῶντες,
3130 564 3338 630 καὶτὰς
3362 560 3545 629 δεξιὰς
3573 562 3834 633 ἀλλήλοις

2236 652 2615 722 ἐμϐάλλοντες,
2651 651 2814 705 τόπον
2849 650 3213 722 μακρολογίας
3247 655 3338 706 τὸν
3359 651 3508 706 οἷκον
3536 652 3833 706 ποιοῦνται

2230 746 2328 816 τῆς
2377 743 2702 813 προσευχῆς,
2761 741 3167 815 παρακούοντες
3205 745 3298 797 τοῦ
3327 745 3547 817 ψαλμοῦ
3578 744 3680 799 τοῦ
3715 745 3833 797 δια-

2235 837 2646 908 μαρτυρομένου
2694 837 2787 888 καὶ
2844 838 3111 905 λέγοντος,
3157 835 3238 887 ὅτι
3294 840 3391 890 Ἐν
3425 839 3508 904 τῷ
3554 836 3688 904 ναῷ
3725 838 3832 891 τσῦ

2234 929 2380 984 Θεοῦ
2413 929 2532 996 πᾶς
2563 949 2654 996 τις
2683 929 2845 997 λέγει
2870 930 3077 995 δόξαν.
3115 928 3185 979 Σὺ
3229 928 3286 981 δὲ
3337 932 3396 983 οῦ
3440 932 3611 1001 μόνον
3649 934 3712 986 οὐ
3745 930 3831 983 λέ-

2230 1037 2366 1089 γεις.
2391 1019 2526 1072 ἀλλά
2559 1021 2652 1072 καὶ
2681 1017 2852 1088 ἑτέρῳ
2882 1019 3135 1088 ἐμπόδιον
3172 1015 3284 1085 (27)
3317 1020 3438 1090 γίνῃ
3469 1022 3831 1092 ἐπιστρέφων

2230 1115 2365 1184 πρὸς
2397 1113 2607 1177 ἑαυτὸν,
2648 1113 2742 1166 καὶ
2783 1109 2859 1179 τῷ
2894 1110 3006 1180 ἰδίῳ
3037 1107 3250 1182 θορύϐῳ
3283 1109 3582 1182 ὑπερηχῶν
3625 1115 3729 1184 τὴν
3755 1115 3831 1166 δι-

2225 1203 2520 1260 δασκαλίαν
2569 1205 2663 1257 τοῦ
2714 1201 3049 1272 Πνεῦματος.
3093 1204 3232 1272 Ὅρα
3270 1202 3342 1271 μή
3379 1219 3512 1256 ποτε
3552 1207 3827 1276 ἀπέλθῃς,

2225 1299 2346 1352 ἀντὶ
2383 1294 2475 1348 τοῦ
2512 1296 2699 1366 μισθὸν
2739 1293 2918 1348 λαϐεῖν
2947 1295 3039 1347 ἐπὶ
3066 1293 3363 1363 δοξολογίᾳ,
3391 1297 3506 1356 τοῖς
3551 1298 3618 1348 τὸ
3653 1298 3830 1366 ὄνομα

2224 1388 2318 1443 τοῦ
2363 1386 2497 1440 Θεοῦ
2547 1384 2927 1458 βλασφημοῦσι
2985 1383 3531 1454 συγκαταδικασθείς.
3591 1387 3830 1458 Ψαλμὺν

2225 1483 2387 1553 ἔχεις,
2419 1481 2759 1551 προφητείαν
2783 1478 2946 1548 ἔχεις,
2991 1476 3322 1547 εὐαγγελικά
3349 1478 3825 1548 παραγγέλματα,

2223 1575 2290 1627 τὰ
2337 1571 2446 1624 τῶν
2479 1572 2793 1624 ἀποστόλων
2830 1567 3180 1639 κηρύγματα.
3248 1570 3311 1623 Ἡ
3345 1565 3572 1636 γλῶσσα
3623 1569 3828 1637 ψαλλὲ-

2223 1684 2317 1730 τω,
2357 1667 2385 1718 ὁ
2420 1663 2549 1726 νοῦς
2600 1663 2875 1735 έρευνάτω
2920 1660 3020 1732 τὴν
3052 1660 3288 1715 διάνοιαν
3334 1659 3443 1712 τῶν
3485 1659 3825 1729 εἰρημένων,

2225 1759 2310 1811 ἵνα
2355 1755 2563 1826 ψάλλῃς
2595 1753 2674 1824 τῷ
2703 1755 2992 1823 πνεύματι,
3018 1752 3223 1824 omn;
3259 1755 3314 1806 δὲ
3349 1752 3443 1806 καὶ
3489 1750 3560 1820 τῷ
3593 1752 3698 1806 νοΐ.
3733 1753 3826 1821 Μὴ

551 1860 696 1910 nem,
733 1856 786 1900 ut
835 1860 1065 1900 coronas
1123 1847 1465 1919 honoresque
1515 1859 1568 1905 et
1599 1851 1785 1906 laudes
1845 1852 1896 1905 in
1955 1868 2121 1924 regno

2229 1849 2331 1917 γὰρ
2359 1847 2517 1918 δόξης
2547 1845 2816 1898 ἐπιδέεται
2851 1847 2879 1897 ό
2913 1844 3066 1906 Θεὸς,
3092 1844 3228 1898 ἀλλά
3269 1863 3328 1897 σε
3365 1843 3621 1915 βούλεται
3674 1843 3829 1907 ἀξιον

533 1937 806 1991 caelorum
852 1948 1041 1994 metas.
1075 1939 1200 1995 Haec
1238 1959 1342 1996 non
1388 1943 1486 1998 abs
1521 1959 1578 1998 re
1602 1959 1697 2013 per
1725 1946 2116 2016 digressionem

547 2029 688 2080 dicta
722 2038 847 2083 sunt
878 2030 930 2084 in
952 2030 1094 2086 hunc
1118 2031 1291 2086 locum
1326 2056 1336 2088 :
1364 2033 1431 2088 In
1459 2035 1650 2105 templo
1688 2037 1800 2107 ejus
1833 2043 2115 2111 unusquis-

545 2138 646 2190 que
681 2122 809 2177 dicit
851 2125 1096 2192 gloriam,
1122 2125 1263 2193 quod
1310 2135 1437 2179 sunt
1465 2129 1556 2196 qui
1586 2128 1833 2198 loquendi
1870 2133 2030 2187 linem
2064 2134 2114 2184 in

546 2211 642 2266 Dei
676 2215 871 2282 templo
924 2231 1200 2286 nunquam
1258 2217 1478 2284 faciant,
1511 2235 1574 2274 ac
1620 2221 1883 2275 inutiliter
1935 2221 2114 2290 ingre-

545 2303 782 2357 diantur.
829 2304 1042 2359 Utinam
1081 2307 1362 2373 inutiliter,
1399 2324 1504 2365 non
1537 2323 1658 2364 cum
1699 2311 2042 2367 detrimento.

614 2658 666 2710 8.
717 2656 872 2711 Vens.
919 2660 1003 2713 10.
1042 2661 1300 2716 Dominus
1335 2664 1593 2720 diluvium
1620 2669 1918 2723 inhabitare
1939 2670 2114 2737 faciet.

549 2749 816 2804 Diluvium
843 2751 1122 2807 inundatio
1157 2769 1310 2822 aqua:
1339 2766 1440 2821 est,
1471 2757 1730 2827 quidquid
1769 2763 1956 2815 subest
1985 2777 2118 2816 con-

547 2843 801 2909 tegentis,
836 2855 891 2900 et
927 2845 1188 2914 quidquid
1239 2848 1387 2917 prius
1415 2850 1766 2906 sordescebat
1809 2868 2118 2923 expurgan-

549 2933 639 2988 tis.
683 2934 939 3004 Baptismi
1010 2939 1192 3009 itaque
1247 2941 1478 3010 gratiam
1539 2943 1799 2998 diluvium
1849 2947 2115 3011 nominat,

545 3027 680 3088 adeo
724 3037 781 3081 ut
827 3029 1006 3086 anima
1052 3033 1285 3101 peccatis
1336 3034 1539 3098 abluta,
1581 3044 1635 3090 et
1682 3039 1850 3092 veteri
1902 3039 2118 3095 homine

545 3131 863 3191 expurgatu,
895 3123 986 3176 liat
1020 3123 1271 3196 deinceps
1304 3128 1516 3193 idonea,
1547 3143 1664 3198 qua:
1703 3128 1753 3182 in
1786 3129 1988 3199 Spiritu
2017 3132 2114 3185 ha-

547 3210 737 3265 bitatio
759 3213 827 3267 sit
857 3215 968 3268 Dei.
1005 3213 1176 3271 Porro
1205 3235 1324 3290 qua:
1353 3221 1513 3276 etiam
1544 3223 1684 3277 dicta
1730 3231 1856 3277 sunt
1888 3224 1939 3277 in
1971 3224 2117 3293 psal-

548 3317 637 3355 mo
666 3303 941 3358 tricesimo
981 3309 1176 3374 primo,
1209 3325 1332 3364 cum
1368 3313 1453 3367 bis
1484 3315 1796 3370 concinunt.
1833 3314 2122 3386 Postquam

546 3392 689 3445 enim
722 3393 892 3448 dixit:
927 3394 1259 3466 Injustitiam
1287 3417 1456 3454 meam
1490 3407 1750 3472 cognitam
1780 3407 1902 3476 feci,
1935 3417 1982 3461 et
2008 3425 2126 3477 pec-

545 3491 721 3536 catum
786 3503 956 3540 meum
1006 3505 1108 3542 non
1159 3492 1448 3557 abscondi;
1485 3493 1615 3547 item
1669 3496 1836 3551 illud:
1871 3496 1977 3552 Pro
2026 3500 2126 3554 hac

545 3578 715 3628 orabit
744 3577 812 3629 ad
840 3588 892 3631 Ie
914 3581 1080 3632 omnis
1099 3580 1656 3648 sanctus,subjunxit:
1689 3582 2052 3643 Verumtamen
2070 3592 2123 3643 in

544 3665 738 3720 diluvio
763 3687 1017 3736 aquarum
1042 3673 1327 3726 multarum
1353 3675 1422 3728 ad
1447 3692 1564 3729 eum
1596 3694 1699 3731 non
1731 3680 2122 3748 appropinqua-

547 3758 671 3812 buut
695 3760 737 3814 ⁸.
754 3759 870 3816 Νοιι
896 3765 1038 3818 enim
1060 3777 1275 3836 peccata
1303 3769 1806 3838 appropinquabunt
1827 3770 1900 3834 ei,
1917 3754 2006 3838 qui
2028 3787 2124 3841 per

548 3869 741 3923 aquam
773 3868 827 3912 et
857 3856 1114 3923 Spiritum
1148 3858 1412 3931 baptisma
1451 3861 1784 3916 remissionis
1807 3862 2120 3916 delictorum

547 3947 834 4014 receperit.
873 3946 978 4002 Sed
1020 3959 1072 4003 et
1101 3951 1155 4004 in
1191 3951 1422 4006 Miebzeze
1455 3953 1732 4022 prophetia
1768 3955 2020 4022 quiddam
2042 3954 2124 4009 bis

548 4038 705 4092 aliine
731 4039 1000 4095 invenitur
1026 4061 1038 4096 :
1061 4043 1196 4108 Quia
1211 4045 1381 4098 volens
1399 4047 1811 4100 misericordiam
1839 4058 1938 4111 est,
1959 4066 2124 4101 rever-

546 4140 683 4181 tetur
710 4142 756 4183 et
786 4133 1118 4188 miserebitur
1164 4138 1328 4190 nostri
1354 4154 1372 4191 :
1396 4140 1656 4209 demerget
1681 4151 1890 4207 peccata
1923 4152 2121 4207 nostra,

546 4228 593 4270 et
625 4220 1046 4287 projicienturin
1081 4227 1348 4293 profunda
1374 4232 1590 4283 maris’.
1621 4230 1688 4284 Et
1722 4235 1914 4286 sedebit
1953 4234 2126 4287 Domi-

548 4328 644 4364 nus
665 4328 754 4364 νεα
771 4312 825 4365 in
841 4323 1114 4368 ceternum.
1137 4317 1342 4372 Anima!
1360 4335 1426 4373 ex
1447 4322 1646 4378 diluvio
1672 4325 1972 4392 splendenti
1996 4328 2125 4379 insi-

548 4401 682 4456 dens
711 4401 868 4466 Deus,
901 4417 1018 4457 eam
1051 4405 1148 4458 sibi
1182 4405 1343 4461 veluti
1373 4410 1625 4464 thronum
1648 4413 2002 4473 eiIlcitJ'ens.
2034 4417 2116 4470 Η.

2221 1936 2360 1993 εἶναι
2411 1939 2506 1993 τοῦ
2555 1937 2896 2008 ὼξασθῆναι.
2941 1937 3085 1989 Διότι
3119 1938 3180 1988 ’Ὁ
3213 1938 3445 2007 σπείρει
3480 1937 3826 2004 ἅνθρωπος,

2217 2034 2396 2088 τοῦτο
2431 2033 2528 2088 καὶ
2559 2032 2799 2101 θερίσει.
2836 2032 3066 2101 Σπείρον
3094 2029 3426 2097 δοξολογίαν,
3462 2031 3554 2082 ἵνα
3598 2029 3829 2100 esp-Sag;

2222 2125 2525 2193 στεφάνους
2576 2121 2866 2192 καὶτιμὰς
2925 2121 3018 2174 καί
3059 2120 3314 2183 ἐπαίνους
3357 2122 3413 2173 ὲν
3451 2122 3520 2188 τῇ
3570 2118 3829 2187 βασιλείᾳ⁵

2217 2215 2327 2269 τῶν
2369 2213 2636 2286 οὐρανῶν.
2682 2211 2867 2264 Ταῦτα
2906 2211 3006 2264 οὐκ
3046 2210 3333 2280 ἀχρήστως
3381 2210 3438 2261 ἐν
3472 2205 3828 2274 παρεκϐάσει

2220 2308 2433 2380 εἴρηται
2467 2307 2546 2369 είς
2579 2305 2658 2369 τὸ,
2718 2306 2818 2357 Ἐν
2855 2302 2935 2368 τῷ
2978 2301 3101 2367 ναῷ
3139 2303 3325 2358 αὐτοῦ
3373 2297 3493 2364 πᾶς
3528 2315 3625 2363 τις
3661 2298 3828 2366 λέγει

2219 2401 2426 2466 δόξαν,
2451 2398 2541 2452 διὰ
2568 2397 2628 2450 τὸ
2653 2397 2776 2459 τοὺς
2806 2397 2862 2447 ὲν
2893 2394 2970 2466 τῷ
2993 2396 3106 2467 ναῷ
3133 2395 3227 2448 τοῦ
3257 2393 3392 2445 Θεοῦ
3420 2391 3685 2444 ἀπαυστα
3708 2391 3825 2460 (28)

2219 2488 2706 2563 γλωσσαλγοῦντας
2738 2487 2832 2540 καὶ
2860 2487 3149 2556 ἀνωφελῶς
3177 2485 3480 2546 εἰσιόντας⁶
3509 2482 3627 2536 εἴθε
3653 2484 3710 2536 δὲ
3741 2487 3829 2537 ἀν-

2221 2583 2452 2653 ωφελῶς
2476 2583 2568 2635 καὶ
2596 2580 2671 2652 μὴ
2693 2577 3018 2641 ὲπιῦλαϐῶς.

2291 2678 2342 2730 8.
2385 2677 2601 2743 Κύριος
2634 2678 2739 2727 τὸν
2771 2670 3203 2739 κατακλυσμὸν
3228 2671 3523 2724 κατοικιεῖ
3542 2672 3682 2740 (29).
3707 2672 3825 2722 Κα-

2217 2768 2526 2838 τακλυσμὸς
2555 2766 2745 2828 ὕδατός
2774 2767 2921 2818 ἐστιν
2949 2763 3232 2828 ὲπίκλυσις
3259 2762 3683 2833 ὲξαφανίζοντος
3711 2763 3822 2814 πᾶν

2219 2859 2278 2912 τὸ
2307 2859 2686 2928 ὑποκείμενον,
2726 2857 2821 2922 καὶ
2855 2855 3246 2928 καθαρίζοντος
3273 2854 3419 2907 ἀπαν
3440 2854 3502 2905 τὸ
3537 2853 3820 2922 προερρυ-

2221 2951 2488 3020 πωμένον.
2534 2950 2645 3021 Τὴν
2676 2945 2768 3003 οῦν
2796 2949 2888 3003 τοῦ
2932 2949 3306 3019 βαπτίσματος
3340 2944 3502 3014 χάριν
3541 2943 3822 2996 κατακλυ-

2222 3043 2658 3116 σμὸυόνομάζει,
2684 3043 2822 3096 ὥστε
2849 3043 2947 3113 τὴν
2986 3036 3443 3107 ἀποπλυναμένην
3471 3035 3544 3087 τὰ
3568 3035 3822 3108 ἁμαρτή-

2225 3153 2367 3207 ματα
2419 3135 2617 3206 ψυχὴν,
2674 3137 2768 3187 καὶ
2813 3129 3310 3202 ἀποκαθηραμένην
3343 3127 3432 3182 τὸν
3464 3128 3698 3182 παλαιὸν
3729 3127 3823 3181 ἀν-

2224 3227 2460 3298 θρωπον,
2503 3225 2814 3294 ἐπιτηδείαν
2843 3220 2979 3276 εἶναι
3010 3223 3194 3276 λοιπὸν
3225 3222 3360 3294 πρὸς
3391 3223 3820 3292 κατοικητήριον

2223 3317 2316 3370 τοῦ
2362 3315 2495 3370 Θεοῦ
2546 3319 2602 3369 ὲν
2647 3314 2944 3384 Πνεῦματι.
2989 3313 3210 3386 Συνᾴδει
3239 3313 3293 3373 δὲ
3319 3313 3496 3382 τούτῳ
3530 3313 3627 3365 καὶ
3662 3310 3733 3362 τὰ
3763 3312 3821 3360 ἐν

2224 3411 2300 3483 τῷ
2325 3409 2632 3484 τριακοστῷ
2657 3407 2858 3481 πρώτῳ
2886 3406 3086 3478 ψαλμῷ
3115 3406 3397 3478 εἰρημένα.
3431 3403 3587 3457 Μετά
3613 3401 3727 3473 γὰρ
3758 3403 3822 3454 τὸ

2226 3507 2418 3567 εἰπεῖν,
2473 3504 2555 3556 ὅτι
2603 3501 2721 3570 Τὴν
2771 3499 3029 3568 ἀνομίαν
3062 3516 3182 3568 μου
3218 3499 3532 3566 ἐγνώρισα,
3565 3494 3667 3547 καὶ
3703 3492 3823 3562 τὴν

2226 3595 2519 3664 ἁμαρτίαν
2569 3611 2687 3663 μου
2737 3594 2848 3645 οὐκ
2898 3588 3215 3657 ἐκάλυψα·
3255 3589 3347 3640 καὶ
3395 3585 3476 3652 τὸ,
3516 3586 3597 3637 ὅτι
3647 3585 3822 3654 Ὑπὲρ

2225 3683 2415 3751 αὐτῆς
2444 3685 2553 3752 (50)
2581 3681 2972 3749 προσεύξεται
3014 3679 3162 3747 πρὸς
3205 3678 3280 3731 σὲ
3327 3675 3451 3743 πᾶς·
3482 3676 3688 3744 ἔσως’
3721 3679 3824 3730 t7:-

2225 3777 2427 3844 ήγαγε·
2482 3772 2653 3839 Πλὴν
2711 3773 2779 3825 ἐν
2829 3767 3234 3837 κατακλυσμῷ
3277 3767 3513 3822 ὑδάτων
3567 3767 3822 3822 πολλῶν

2223 3865 2372 3932 πρὸς
2407 3865 2592 3917 αὐτὸν
2634 3865 2745 3918 οὐκ
2780 3864 3104 3935 ἐγγιοῦσιν.
3159 3862 3232 3916 Οὐ
3275 3861 3384 3932 γὰρ
3426 3861 3715 3930 ὲγγιοῦσιν
3764 3863 3820 3915 αξ

2223 3959 2486 4030 ἁμαρτίαι
2526 3956 2602 4029 τῷ
2629 3957 2846 4011 λαϐόντι
2885 3958 2944 4009 τὸ
2977 3957 3258 4027 βάπτισμα
3295 3955 3393 4025 τῆς
3421 3955 3677 4024 ἀφέσεως
3710 3955 3820 4007 τῶν

2227 4050 2686 4122 παραπτωμάτων
2714 4051 2802 4105 διὰ
2853 4047 2946 4103 τοῦ
2988 4048 3176 4112 ὓδατος
3222 4050 3317 4102 καὶ
3349 4047 3442 4101 τοῦ
3473 4049 3816 4117 Πνεῦματος.

2226 4139 2494 4206 Συγγενὲς
2527 4139 2584 4192 δὲ
2614 4139 2786 4208 τούτῳ
2814 4139 2907 4191 καὶ
2935 4141 2990 4192 ὲν
3019 4140 3084 4208 τῇ
3117 4137 3423 4209 προφητείᾳ
3455 4138 3697 4206 Μιχαίου
3729 4134 3820 4186 εῦ-

2231 4251 2421 4306 ρηταιο
2475 4235 2601 4286 Ὅτι
2646 4231 2905 4299 θελητὴς
2961 4231 3172 4296 ἐλέους
3227 4231 3417 4293 ἐστίν,
3466 4227 3819 4296 ἐπιστρέψει

2227 4327 2324 4380 καὶ
2389 4325 2628 4392 ἐλεήσει
2696 4323 2882 4392 ἡμᾶς·
2958 4323 3284 4376 καταδύσει
3355 4323 3458 4383 τὰς
3526 4321 3820 4388 ἀμαιτίίις

2227 4415 2412 4483 ἡμῶν,
2451 4414 2548 4467 καὶ
2597 4412 3112 4480 ἀπορριφήσονται
3151 4415 3237 4476 είς
3268 4411 3337 4464 τὰ
3371 4409 3533 4476 ,βάθη
3582 4409 3697 4477 τῆς
3725 4413 3823 4462 θα-

549 4489 802 4546 Dominus
823 4495 1063 4549 virtutem
1083 4497 1275 4565 populo
1290 4516 1385 4553 suo
1403 4501 1569 4563 dabit;
1588 4503 1843 4557 Dominus
1860 4508 2120 4563 benedice:

2229 4505 2491 4571 λάσσης.
2535 4505 2643 4557 Καὶ
2691 4505 2973 4558 καθιεῐται
2999 4505 3211 4572 Κύριος
3245 4502 3549 4568 ,βασιλεὺς
3593 4506 3681 4568 εις
3718 4505 3822 4556 τίν

547 4584 737 4653 populo
757 4603 850 4640 suo
878 4588 932 4640 in
946 4605 1092 4653 pace.
1117 4589 1162 4642 A
1183 4592 1377 4660 populo
1404 4592 1619 4658 quidem
1646 4607 1931 4662 peccatore
1957 4597 2117 4651 robu-

550 4685 693 4729 stum
721 4685 776 4730 et
806 4678 1079 4734 robustam
1105 4683 1314 4736 auferet
1340 4682 1631 4736 Dominus"
1658 4703 1670 4738 :
1699 4683 1965 4751 justitiam
1991 4703 2120 4751 vero

550 4767 768 4822 facienti
800 4772 964 4824 robur
995 4772 1224 4827 confert.
1257 4774 1388 4828 Nam
1423 4775 1577 4830 Omni
1607 4778 1818 4833 habenti
1847 4781 2096 4832 dubitur’

550 4857 818 4913 Caeterum
852 4861 944 4930 qui
977 4864 1043 4916 ad
1080 4865 1406 4934 perﬁcienda
1447 4870 1582 4923 bona
1612 4885 1771 4938 opera
1801 4876 2123 4928 corrobora-

552 4959 635 5004 tus
662 4961 768 5016 est,
804 4951 850 5006 is
891 4952 952 5007 iit
995 4955 1189 5028 dignus
1231 4959 1324 5013 Dei
1369 4962 1764 5018 benedictione.
1797 4962 1908 5017 Pax
1942 4976 2124 5019 autem

629 5091 651 5124 ⁸
676 5091 697 5145 l
721 5092 843 5148 Cor.
877 5113 988 5161 xiv,
1025 5098 1111 5154 15.

627 5229 905 5312 ((27λῆεῆ
935 5236 1124 5312 tertius
1171 5236 1361 5312 é‘:_épqa_
1396 5239 1626 5310 ἐμπόρῳ
1669 5241 1944 5312 ἐμπόδιον.
1989 5243 2127 5308 Quid

555 5312 735 5376 autem
762 5302 914 5376 i._|u_d,
944 5304 1192 5376 ἐμπόρῳ,
1223 5302 1324 5361 hoc
1351 5302 1469 5363 loco
1495 5302 1609 5363 sibi
1634 5302 1781 5376 velit,
1810 5328 1914 5366 non
1949 5302 2122 5368 video.

631 5372 743 5443 (28)
771 5371 922 5443 εοιυ.
960 5371 1228 5430 Secundus
1260 5379 1575 5443 ἀπαύστως.

633 5441 744 5509 (29)
771 5441 859 5496 Sic
884 5444 1048 5498 editio
1079 5445 1240 5502 Basil.
1276 5459 1328 5500 et
1363 5448 1504 5504 Oliv.
1534 5441 1655 5504 eum
1701 5455 1905 5507 nosuis
1939 5455 2123 5512 decem

560 5527 716 5588 9155.,
743 5526 840 5566 nec
870 5514 1026 5571 aliter
1049 5518 1250 5571 editum
1280 5518 1379 5573 fuit
1407 5522 1546 5588 apud
1585 5520 1750 5576 LXX.
1784 5524 1963 5577 Editio
1995 5541 2119 5576 vero

559 5580 731 5663 Paris.
763 5590 817 5635 et
845 5599 981 5639 unus
995 5595 1085 5640 aut
1111 5593 1247 5642 alter
1263 5606 1362 5643 ms.
1386 5580 1632 5663 euasti-is
1667 5598 1932 5646 κατοικεῖ’
1961 5612 2119 5663 quam

558 5651 855 5726 lectionem
903 5671 1138 5724 quoque,
1206 5669 1341 5713 teste
1386 5657 1615 5726 Nobilio,
1660 5673 1878 5716 tuentur
1928 5651 1992 5718 et'
2037 5665 2122 5717 alii

559 5722 772 5804 quidam
803 5723 948 5804 libri.
988 5722 1250 5804 Certe-ex
1291 5722 1707 5804 Helirtef)__\'ertit
1745 5735 2125 5804 lliet‘unytlttts,

559 5791 812 5853 ﬂaminus
855 5794 1108 5851 diluvium
1156 5799 1431 5854 inhabitat.
1486 5800 1868 5872 llicmuymum
1909 5791 2126 5861 sdeutus

1216 5102 1236 5131 ⁵
1264 5100 1378 5156 Gal.
1409 5118 1480 5166 νι,
1516 5104 1568 5158 7.
1645 5113 1665 5144 ⁸
1691 5105 1830 5160 Psal.
1865 5121 2016 5171 χχχι,
2041 5107 2094 5171 5,
2125 5106 2176 5160 6.
2256 5109 2274 5138 ⁷
2313 5107 2520 5161 Micbm.
2571 5123 2664 5172 \'ll,
2701 5108 2782 5162 19.

2227 4595 2431 4649 αίῶνα.
2487 4597 2563 4666 Τῇ
2615 4595 2904 4668 λαμπούσῃ
2945 4596 3089 4666 ψυχῇ
3138 4595 3246 4648 ἀπὸ
3287 4593 3384 4648 τοῦ
3427 4596 3821 4667 κατακλυσμοῦ

2230 4688 2526 4762 ἐνιδρυθεὶς
2569 4690 2677 4760 (⁸51)
2729 4693 2756 4743 ὀ
2793 4691 2944 4755 Θεὸς,
2989 4691 3148 4744 οἱονεὶ
3193 4689 3381 4762 θρόνον
3418 4690 3590 4758 αὐτὴν
3645 4691 3822 4759 tam}:

2231 4781 2623 4851 ἀπεργάζεται.
2658 4782 2873 4849 Κύριος
2911 4783 3094 4852 ισχὺν
3120 4781 3199 4847 τῷ
3229 4781 3356 4847 λαῷ
3380 4780 3570 4835 αὐτοῦ
3605 4780 3818 4835 δώσει·

2235 4876 2448 4941 Κύριος
2500 4876 2821 4944 εὐλογήσει
2878 4875 2986 4929 τὸν
3022 4875 3176 4929 λαὸν
3225 4875 3411 4927 αὐτοῦ
3466 4876 3537 4927 ἐν
3586 4875 3818 4942 είρήνῃ.

2250 4967 2380 5019 Ἀπὸ
2418 4966 2514 5035 μὲν
2542 4966 2635 5020 τοῦ
2661 4968 2982 5039 ἀμαρτωλοῦ
3008 4965 3136 5020 λαοῦ
3164 4966 3351 5034 ἀφελεῖ
3376 4967 3581 5037 Κύριος
3611 4965 3820 5035 ἰσχύον-

2877 5107 2896 5138 ⁶
2920 5107 3016 5159 lsa.
3052 5121 3130 5170 ut,
3163 5107 3213 5159 1.
3291 5108 3311 5138 ⁸
3344 5105 3532 5160 Matth.
3565 5122 3697 5168 xxv,
3731 5106 3819 5158 29.

2236 5251 2318 5294 est
2355 5240 2710 5326 A'ugustinus.
2739 5243 3031 5310 Aliquanto
3077 5254 3195 5310 post
3250 5243 3380 5314 Reg.
3431 5246 3625 5299 tertius
3654 5248 3819 5317 ὲρῥυ-

2235 5328 2322 5363 πω
2374 5327 2512 5366 ενον.

2307 5329 2418 5455 (ἕο)
2473 5383 2906 5455 Ileg.__secundus
2941 5385 3037 5437 καὶ
3065 5385 3147 5437 ὅτι
3197 5386 3338 5455 ὑπὲρ
3363 5384 3587 5455 ταύτης.
3611 5384 3723 5439 Nec
3749 5388 3817 5442 ita

2233 5453 2564 5524 multogpost
2603 5453 2754 5506 Colb.
2801 5465 3028 5524 quartus
3077 5453 3325 5523 ἀφέσεως
3370 5454 3478 5506 τῶν
3530 5457 3818 5524 ἁμαρτιῶν

2229 5523 2322 5573 καὶ
2367 5522 2474 5574 τῶν
2517 5523 2997 5593 παραπτωμάτων.
3027 5522 3264 5579 Subinde
3298 5540 3426 5579 mss.
3465 5522 3581 5580 duo.
3615 5530 3818 5582 habent

2232 5593 2444 5664 εἴρηται
2471 5609 2564 5660 pro
2587 5591 2838 5664 εὓρηται.

2307 5663 2582 5736 (διιιιςε.
2636 5663 2912 5736 secundus
2969 5665 3311 5736 ὲνιδρυνθείς.
3348 5664 3466 5736 Mox
3529 5681 3662 5720 mss.
3713 5670 3814 5723 duo

2239 5734 2430 5787 ἑαυτοῦ
2494 5733 2644 5790 Haud
2687 5735 2842 5806 longe
2878 5736 3006 5806 Reg.
3033 5733 3297 5792 secundus
3332 5735 3631 5803 ἀφελεῖται.
