4016 6452
241 392 347 447 διεδ

240 524 309 558 τα
339 507 431 560 καὶ
462 510 767 583 ἰσχύουσαν,
812 518 889 587 τῷ
916 520 969 573 δὲ
1003 522 1477 595 δικαιοπραγοῦντι
1514 531 1624 603 (52)
1656 536 1808 590 δίδω-

244 612 328 647 σιν
360 598 530 669 ἰσχύν.
563 606 706 657 Διότι
739 605 820 671 Τῷ
850 611 1049 679 ἔχοντι
1087 619 1261 670 παντὶ
1305 598 1639 687 δοθήσεται.
1696 630 1809 681 Ἐν-

239 687 573 787 δυναμωθεὶς
599 697 653 749 δὲ
678 699 813 769 πρὸς
827 703 923 774 τὴν
944 704 1052 756 τῶν
1072 707 1288 775 ἀγαθῶν
1312 711 1486 782 ἔργων
1511 717 1804 787 ἐνέργειαν,

239 778 387 844 ἄξιος
424 785 629 852 γίνεται
668 789 767 860 τῆς
809 794 916 846 ἀπὸ
942 793 1035 846 τοῦ
1064 797 1195 852 Θεοῦ
1228 778 1495 870 εὐλογίας.
1542 778 1719 863 Ἔόίκε
1752 778 1807 866 δέ,

239 873 543 946 τελειοτάτη
582 879 687 934 τών
730 885 989 953 εὑλογιῶν
1031 886 1167 944 εἶναι
1206 895 1236 963 ἡ
1278 896 1485 966 εἰρήνη,
1522 900 1808 958 εὐστάθειά

238 1056 398 1148 ἐνλτῷ
424 1064 783 1119 κατεστάλθαι
812 1068 881 1121 τὰ
908 1070 1009 1143 ἤθη
1046 1078 1539 1148 χαρακτηρίζεσθαι
1558 1103 1570 1115 ο
1625 1089 1715 1141 τὸν
1737 1056 1804 1142 ’δὲ

239 1145 639 1244 πολεμούμενον
681 1156 784 1209 ὑπὸ
832 1159 939 1214 τῶν
986 1145 1169 1220 παΟἰῦν
1202 1145 1367 1238 μήπω
1399 1174 1495 1244 τῆς
1534 1178 1642 1229 ἀπὸ
1670 1181 1803 1234 Θεοῦ

239 1235 459 1327 εἰρήνης
489 1245 898 1314 μετεσχηκέναι,
933 1254 998 1322 ἦν
1031 1257 1058 1306 6
1092 1235 1293 1323 Κύριος
1325 1235 1488 1315 ἔδωκε
1530 1267 1643 1327 τοῖς
1682 1268 1805 1320 ἑαυ-

232 1324 331 1376 -τοῦ
378 1326 665 1396 μαθηταῖς,
698 1332 837 1401 ἥτις,
870 1338 1207 1409 ὑπερέχουσα
1242 1344 1416 1399 πάντα
1458 1348 1602 1413 νοῦν,
1640 1369 1805 1420 φρου-

239 1418 391 1509 ρήσει
416 1416 514 1480 τὰς
535 1419 709 1491 ψυχὰς
732 1428 838 1479 τῶν
862 1430 1046 1495 ἀξίων.
1075 1432 1287 1505 Ταύτην
1306 1438 1398 1491 καὶ
1422 1442 1449 1492 6
1486 1416 1803 1509 Ἀπόστολος

233 1506 521 1576 ἐπεύχεται
544 1517 659 1578 ταῖς
689 1517 1051 1588 Ἐκκλησίαις,
1086 1520 1256 1592 λέγων
1277 1545 1290 1557 ·
1317 1529 1496 1596 Χάρις
1530 1532 1670 1599 ὑμῖν
1702 1506 1800 1589 καί

230 1596 436 1666 εἰρήνη
472 1604 857 1674 πληθυνθείη.
886 1608 1096 1664 Γένοιτο
1121 1610 1211 1667 οὖν
1245 1618 1372 1686 ἡμῖν
1400 1596 1579 1683 καλῶς
1607 1623 1802 1693 ἀγωνι-

234 1690 507 1757 σαμένοις,
540 1697 631 1747 καὶ
653 1698 712 1749 τὸ
734 1698 987 1768 φρόνημα
1010 1703 1111 1773 τῆς
1130 1708 1330 1775 σαρκὸς
1354 1690 1801 1787 καταστρεψαμέ-

232 1792 365 1842 νοις,
390 1781 417 1831 ὃ
442 1783 587 1835 ἐστιν
614 1785 783 1855 ἔχθρα
811 1789 889 1850 εἰς
913 1788 1061 1858 Θεὸν,
1090 1796 1147 1846 ὲν
1176 1795 1500 1867 γαληνιώσει
1534 1781 1797 1859 καὶ-ἀκύ-

236 1886 356 1968 μιονι
381 1875 708 1968 καταστάσει
732 1877 829 1948 τῆς
861 1880 1037 1953 ψυχῆς
1068 1889 1383 1960 γενομένης,
1408 1894 1628 1965 εἰρήνης
1652 1899 1798 1968 ἡμᾶς
1830 1881 1869 1933 Β

232 1960 379 2023 υἱοὺς
412 1964 783 2035 χρηματίζειν,
814 1971 904 2023 καὶ
940 1976 1036 2045 τῆς
1067 1980 1313 2049 εὐλογίας
1337 1984 1431 2037 τοῦ
1462 1986 1594 2040 Θεοῦ
1626 2007 1795 2059 μετα-

230 2054 379 2120 σχεῖν
399 2056 475 2155 ’ἐν
502 2057 710 2157 εἰρήνῃ,
738 2061 797 2114 ὲν
825 2064 1041 2136 Χριστῷ
1084 2071 1253 2141 Ἰησοῦ
1284 2076 1359 2146 τῷ
1389 2079 1577 2151 Κυρίῳ
1608 2054 1785 2153 ημῶν,
1828 2076 1873 2153 ᾧ
1892 2090 1924 2157 ἡ
1946 2054 2191 2157 δόξακαί

230 2159 327 2206 νας
357 2144 463 2197 τῶν
491 2148 719 2203 αἰώνων.
766 2153 952 2225 Ἀμήν.

1338 412 1616 470 IIOMILIA
1661 421 1731 475 ΙΝ
1769 424 2103 483 PSALMUM
2143 433 2330 491 XXIX.

3366 468 3467 524 506

1839 550 1885 600 Α
1914 558 2030 609 quae
2072 552 2265 603 mentis
2299 563 2381 606 est
2410 556 2637 615 ﬁrmitas
2668 563 2827 636 124
2863 570 3103 636 quaedam
3144 585 3305 645 alque
3343 595 3463 637 corr-

1912 637 2133 704 slantia,
2175 638 2609 705 benedictionum
2655 654 3043 722 perfectissima
3072 678 3190 719 esse
3219 637 3469 735 videtur;

1911 741 2077 795 quare
2116 734 2326 801 paciﬁci
2368 738 2467 793 viri
2515 746 2798 802 character
2833 752 2885 805 in
2936 759 3251 826 compositis
3285 777 3348 817 ac
3380 734 3468 819 se?

1911 818 2048 877 datis
2076 827 2315 881 moribus
2344 830 2479 886 situs
2511 844 2591 889 est
2615 854 2629 889 :
2654 853 2865 907 contra,
2906 846 2994 912 qui
3024 818 3471 920 a'cupiditatibus

1910 922 2269 1015 oppugnatur,
2303 921 2538 1015 nondum
2578 931 2724 992 pacis
2753 930 2845 989 Dei
2873 938 3146 1007 particeps
3170 953 3271 1007 est,
3306 962 3466 1015 quam

1908 1013 2091 1100 [ta-cem
2121 1006 2399 1077 discipulis
2424 1014 2537 1067 suis
2569 1016 2828 1079 Dominus
2867 1027 3037 1094 dedit,
3069 1006 3189 1100 qua:
3228 1006 3353 1089 cui.
3385 1038 3466 1090 in-

1909 1090 2176 1150 tellectum
2214 1115 2426 1155 omnem
2463 1118 2681 1176 superet
2702 1109 2764 1176 “,
2799 1130 3002 1185 eorum,
3032 1090 3120 1191 qui
3148 1124 3296 1191 digni
3319 1137 3467 1194 sunt,

1906 1183 2114 1285 animas
2144 1191 2399 1250 tuebitur.
2439 1193 2589 1252 Hanc
2623 1204 2896 1270 apostolus
2923 1183 3178 1271 Ecclesiis
3206 1183 3465 1285 appreca:

2050 1276 2233 1334 dicens
2268 1300 2282 1334 :
2314 1282 2499 1340 Gratia
2550 1292 2693 1346 vobis
2748 1306 2797 1347 et
2847 1314 2954 1365 pax
2995 1276 3377 1376 multiplidetur
3401 1310 3465 1364 “.

1908 1363 2122 1466 Utinam
2156 1368 2317 1466 igitur
2364 1388 2649 1449 postquam
2693 1395 2915 1443 strenue
2960 1363 3368 1466 certaverimos,
3402 1418 3466 1457 ac

1901 1454 2085 1510 Carnis
2146 1456 2395 1517 aﬂ'ectum
2471 1470 2560 1537 qui
2636 1471 2915 1532 inimicitia
2973 1482 3234 1540 adversns
3299 1490 3463 1549 Deum

1903 1555 2009 1647 est,
2044 1547 2099 1602 in
2132 1554 2447 1611 servitutem
2483 1564 2864 1634 redegerimus,
2903 1572 3081 1627 anima
3118 1574 3170 1629 in
3209 1583 3466 1647 tranquil-

1900 1633 2050 1690 litate
2078 1653 2141 1695 ac
2180 1646 2361 1712 quieto
2397 1660 2538 1705 statu
2572 1633 2885 1725 constituta,
2912 1661 3002 1714 ﬁlii
3036 1666 3185 1731 pacis
3218 1633 3457 1736 appelle-

1901 1742 2043 1829 mur,
2073 1739 2237 1801 atque
2285 1738 2336 1791 in
2372 1756 2505 1809 pace
2540 1744 2730 1802 ﬁamus
2766 1750 3158 1810 benedictionis
3187 1756 3281 1812 Dei
3338 1776 3464 1829 par-

1903 1817 2130 1890 ticipes:
2161 1824 2213 1878 in
2249 1828 2467 1886 Christo
2496 1832 2619 1891 Jcsu
2655 1839 2878 1896 Domino
2919 1854 3126 1913 nostro,
3160 1849 3244 1902 cui
3296 1851 3463 1918 gloria

1900 1917 1954 1962 et
1990 1912 2294 1984 imperium,
2329 1936 2470 1978 nunc
2499 1935 2553 1980 et
2582 1941 2814 1998 semper,
2843 1944 2898 1989 et
2934 1935 2985 1989 in
3014 1938 3209 1994 stecula
3238 1942 3462 1997 saeculo-

1904 2014 2041 2056 rum.
2071 2007 2262 2064 Amen.

2216 2100 2277 2153 τὸ
2306 2103 2504 2177 κράτος
2525 2106 2619 2161 νῦν
2650 2112 2743 2165 καὶ
2770 2113 2878 2179 ἀεὶ,
2914 2117 3004 2169 καὶ
3060 2122 3137 2183 είς
3190 2123 3317 2187 τοὺς
3336 2123 3464 2177 αἰῶ-

267 2280 3439 2362 ..εκ-Ἄ

616 2369 725 2423 ΕΙΣ
764 2372 901 2427 ΤΗΝ
944 2376 1052 2428 ΚΘ¹
1093 2380 1409 2439 ΨΑΛΜΟΝ.

337 2457 581 2529 Ψαλμὸς
623 2461 781 2533 ᾠδῆς
827 2465 1346 2612 Ξῖῑιέίὲγὲἕῖισμοῦ
1390 2477 1493 2531 τοῦ
1522 2478 1690 2535 οἴκου

298 2620 348 2715 1..
381 2621 687 2715 Ψαλτήριον
737 2627 833 2695 μὲν
882 2633 1173 2700 τροπικῶς,
1221 2638 1313 2688 καὶ
1359 2638 1585 2710 ὄργανον
1626 2646 1796 2715 ἡρμο-

227 2709 421 2777 σμένον
446 2714 715 2779 μουσικῶς
759 2719 838 2779 εἰς
880 2718 1081 2789 ὕμνους
1125 2724 1216 2776 τοῦ
1251 2727 1383 2779 Θεοῦ
1412 2731 1587 2799 ἡμῶν,
1640 2709 1795 2803 τοῦ

228 2800 475 2870 σώματός
502 2806 615 2856 ἐστι
657 2813 999 2883 κατασκευή·
1032 2813 1244 2886 ψαλμὺς
1272 2818 1327 2871 δὲ
1361 2821 1414 2871 αἱ
1443 2822 1530 2876 διὰ
1565 2800 1672 2878 τοῦ-
1693 2827 1797 2879 σώ-

230 2909 397 2962 ματος
424 2895 672 2966 πράξεις,
702 2902 756 2953 αἰ
787 2901 864 2965 εἰς
894 2903 1047 2968 δόξαν
1075 2906 1207 2958 Θεοῦ
1242 2909 1641 2982 ἀποδιδόμεναι,
1668 2916 1795 2970 ὅταν

225 2985 332 3038 ὑπὸ
364 2987 457 3040 τοῦ
488 2989 644 3057 λόγου
678 2994 1019 3065 ἡρμοσμένου
1062 2998 1225 3069 μηδὲν
1259 3002 1489 3073 ἐκμελὲς
1521 3005 1794 3060 ἀποτελῶ-

232 3093 330 3145 μεν
376 3079 432 3130 ὲν
476 3083 587 3144 τοῖς
625 3085 940 3153 κινήμασιν.
986 3088 1107 3159 ᾨδὴ
1137 3089 1192 3142 δέ
1234 3093 1401 3156 ἐστιν,
1430 3096 1528 3149 ὅσα
1564 3096 1795 3169 θεωρίας

227 3170 408 3239 ἔχεται
458 3172 665 3244 ὑψηλῆς
709 3177 817 3245 (54)
864 3179 957 3230 καὶ
989 3153 1283 3249 θεολογίας.
1323 3153 1483 3239 Ὥστε
1526 3191 1553 3241 ό
1582 3153 1795 3261 ψαλμὺς
1824 3157 1867 3216 C

226 3262 384 3331 λόγος
419 3264 534 3317 ἐστὶ
574 3268 850 3335 μουσικὸς,
878 3270 1004 3322 ὅταν
1038 3273 1324 3343 εὐρύθμως
1365 3278 1504 3330 κατὰ
1538 3281 1662 3344 τοὺς
1698 3284 1798 3353 ἀρ-

230 3357 482 3423 μονικοὺς
509 3356 697 3425 λόγους
736 3359 869 3429 πρὸς
907 3362 966 3412 τὸ
1021 3362 1250 3433 ὀργανον
1288 3368 1570 3439 κρούηται·
1605 3372 1715 3445 ᾠδὴ
1743 3374 1798 3426 δὲ

228 3448 378 3517 φωνὴ
422 3449 665 3520 ἐμμελὴς
704 3450 1059 3525 ἀποδιδομένη
1096 3457 1457 3527 ὲναρμονίως,
1488 3463 1659 3532 χωρὶς
1698 3466 1797 3535 τῆς

229 3542 580 3612 συνηχήσεως
621 3543 713 3597 τοῦ
761 3546 1012 3616 ὀργάνου.
1066 3549 1325 3605 Ἐνταῦθα
1372 3554 1567 3619 τοίνυν,
1614 3558 1798 3630 ἐπειδὴ

227 3637 649 3708 ἐπιγέγραπται,
710 3642 954 3711 Ψαλμὸς
1000 3643 1177 3711 ᾠδῆς,
1221 3646 1500 3717 ἡγούμεθα
1539 3651 1634 3719 τὴν
1669 3651 1797 3703 ἀκό-

227 3728 417 3782 λουθον
442 3731 638 3801 πρᾶξιν
670 3736 732 3803 τῇ
775 3733 976 3805 θεωρίᾳ
1010 3736 1101 3788 τὸν
1130 3736 1285 3805 λόγον
1315 3738 1671 3793 αἰνίσσεσθαι.
1703 3734 1801 3793 Οὗ-

226 3839 318 3885 τος
338 3822 395 3875 δὲ
418 3825 445 3875 ὁ
474 3822 683 3893 ψαλμὺς
721 3825 819 3893 τῆς
848 3826 1011 3897 ᾠδῆς,
1041 3828 1182 3881 κατὰ
1218 3831 1313 3900 τὴν
1341 3832 1671 3903 ἐπιγραφὴν,
1704 3833 1797 3885 τοῦ

227 3913 584 3984 ὲγκαινισμοῦ
622 3913 717 3966 τοῦ
764 3916 911 3967 οἴκου
960 3918 1199 3988 περιέχει
1243 3920 1393 3983 τινὰς
1440 3921 1648 3989 λόγους.
1692 3923 1799 3974 Καὶ

226 4007 374 4059 ἔοικε
404 4007 542 4059 κατὰ
581 4007 677 4077 μὲν
717 4006 777 4059 τὺ
811 4009 1118 4076 σωματικὸν
1140 4049 1154 4073 ,
1187 4011 1279 4063 ἐπὶ
1308 4012 1415 4064 τῶν
1456 4012 1661 4082 χρόνων
1704 4012 1796 4066 τοῦ

228 4098 591 4167 Σολομῶντος,
621 4099 1002 4169 ἀνεγερθέντος
1034 4100 1145 4171 (55)
1170 4101 1261 4153 τοῦ
1297 4104 1617 4174 περιϐοήτου
1644 4106 1795 4171 ναοῦ,

226 4196 255 4245 ό
274 4192 431 4259 λόγος
459 4192 868 4259 διεξοδεύεσθαι,
900 4196 1036 4266 πρὸς
1059 4196 1118 4249 τὸ
1144 4195 1438 4267 ψαλτήριον
1465 4198 1803 4269 μελῳδούμε-

226 4300 346 4346 νος·
385 4283 523 4336 κατὰ
555 4285 610 4337 δὲ
640 4286 700 4338 τὸ
744 4287 952 4354 νοητὸν,
982 4288 1080 4358 τὴν
1115 4288 1500 4357 ὲνσωμάτωσιν
1533 4287 1625 4338 τοῦ
1664 4287 1798 4338 Θεοῦ

226 4376 403 4444 Λόγου
434 4377 718 4447 σημαίνειν
759 4378 891 4447 (56),
925 4379 1019 4431 καὶ
1049 4380 1139 4431 τὸν
1170 4378 1522 4449 ἐγκαινισμὸν
1549 4378 1641 4431 τοῦ
1675 4396 1799 4431 και-

213 4469 337 4532 .νῶς
381 4470 474 4521 καὶ
503 4468 815 4539 παραδόξως
846 4470 1009 4523 αὑτοῦ
1053 4470 1586 4534 κατασκευασθέντος
1612 4471 1760 4523 οἴκου
1784 4512 1797 4536 ,

301 4583 343 4614 ¹⁰
366 4581 594 4651 Philipp.
624 4598 697 4647 tv,
731 4582 782 4636 7.
862 4582 902 4613 “
935 4582 954 4637 Ι
983 4582 1127 4637 Petr.
1164 4599 1203 4648 t,
1236 4584 1288 4635 2.

2349 2408 2416 2463 ΙΝ
2457 2410 2786 2471 PSALMUM
2823 2417 3010 2476 XXIX.

2012 2519 2258 2577 Psalmus
2287 2528 2478 2580 cantici
2504 2528 2560 2581 in
2590 2531 2920 2587 dedicatione
2948 2536 3132 2590 domus
3160 2539 3351 2592 David.

1977 2652 2029 2707 1.
2084 2654 2365 2711 Structura
2414 2662 2674 2730 corporis,
2734 2664 3045 2734 psalterium
3105 2669 3320 2737 quidem
3382 2682 3465 2726 est

1903 2758 1999 2813 per
2075 2748 2485 2817 metaphoram,
2553 2751 3118 2827 instrmneutumque,
3182 2762 3323 2829 quod
3395 2777 3460 2818 ex

1903 2837 2119 2890 musicae
2154 2838 2350 2909 regulis
2383 2839 2446 2893 ad
2481 2842 2840 2897 concinendos
2873 2845 2979 2898 Deo
3008 2856 3193 2901 nostro
3225 2852 3463 2917 hymnos

1904 2925 2212 2995 adaptatum
2249 2939 2331 2983 est
2363 2950 2374 2983 :
2420 2932 2548 3000 ipsa:
2595 2948 2726 2987 vero
2764 2938 3005 3004 corporis
3044 2938 3283 2992 actiones
3324 2942 3463 3009 psal-

1902 3030 2023 3069 mus
2052 3028 2175 3071 sunt
2202 3035 2217 3073 :
2244 3035 2361 3088 qme
2385 3024 2449 3075 ad
2476 3024 2564 3077 Dei
2597 3024 2818 3092 gloriam
2849 3026 3157 3083 referuntur
3185 3039 3318 3095 tum,
3341 3048 3462 3086 cum

1904 3109 2113 3163 ratione
2144 3109 2214 3164 ita
2245 3112 2492 3167 concinni
2526 3112 2804 3181 efﬁcimur,
2838 3127 2895 3170 ut
2921 3119 3299 3174 iuconciunum
3330 3122 3463 3176 nihil

1904 3199 1955 3251 in
2022 3203 2221 3257 nostris
2277 3205 2509 3259 motibus
2567 3222 2905 3277 peragamus.
2964 3208 3232 3279 Quidquid
3285 3221 3461 3267 autem

1901 3288 2117 3342 sublimi
2177 3293 2615 3360 contemplationi
2658 3311 2719 3349 ac
2775 3296 3054 3367 theologia:
3099 3299 3462 3369 conjungitur,

1901 3381 2170 3434 canticum
2218 3392 2323 3436 est.
2370 3382 2612 3440 Psalmus
2643 3388 2824 3457 itaque
2859 3405 3036 3445 sermo
3069 3400 3153 3445 est
3200 3394 3460 3456 musicus,

1901 3484 2020 3523 cum
2051 3473 2316 3528 concinne
2352 3482 2579 3543 apteque
2609 3492 2674 3530 ex
2704 3479 2996 3532 harmonia
3028 3482 3235 3534 ratione
3268 3483 3335 3535 ad
3368 3497 3460 3536 or-

1901 3578 2094 3631 ganum
2130 3564 2416 3631 pulsatur:
2460 3568 2727 3622 canticum
2768 3584 2897 3624 vero
2928 3586 3026 3625 vox
3062 3582 3145 3625 est
3176 3573 3461 3634 concinna,

1902 3666 2018 3719 quae
2049 3653 2317 3707 modulate
2343 3654 2476 3708 citra
2501 3658 2684 3725 organi
2709 3673 2895 3711 sonum
2924 3659 3207 3714 emittitur.
3233 3659 3465 3716 Proinde

1902 3757 2020 3795 cum
2055 3743 2141 3797 hic
2178 3744 2454 3813 inscriptio
2504 3746 2596 3812 sit,
2653 3748 2901 3804 Psalmus
2942 3752 3172 3817 cantici,
3214 3761 3463 3820 putamus

1902 3833 1986 3887 his
2018 3834 2195 3888 verbis
2243 3836 2556 3906 signiﬁcari,
2605 3841 2743 3908 quod
2779 3842 3283 3908 contemplationem
3322 3841 3463 3896 actio

1901 3935 2177 3993 sequatur.
2212 3926 2311 3983 llic
2347 3943 2474 3983 vero
2509 3929 2746 3999 psalmus
2776 3931 3005 3995 cantici,
3042 3933 3337 3986 secundum
3380 3933 3465 3987 in-

1900 4020 2244 4087 scriptionem
2268 4062 2282 4085 ,
2316 4022 2559 4089 quaedam
2596 4024 2661 4075 de
2696 4023 2888 4076 domus
2920 4023 3259 4081 dedicatione
3301 4040 3464 4096 argu-

1903 4121 2079 4163 menta
2112 4112 2373 4164 continet.
2406 4112 2471 4164 Et
2500 4114 2641 4181 quod
2674 4114 2737 4167 ad
2762 4117 3094 4184 corporalem
3126 4132 3346 4171 sensum
3382 4129 3465 4170 at-

1905 4201 2057 4262 tinet,
2090 4200 2300 4255 videtur
2323 4201 2409 4255 hic
2443 4218 2621 4257 sermo
2656 4208 2985 4274 temporibus
3011 4207 3340 4275 Salomonis,
3370 4223 3461 4262 ce-

1902 4289 2188 4343 leberrimo
2238 4291 2327 4345 illo
2374 4293 2568 4360 templo
2607 4305 2913 4359 exstructo,
2962 4297 3221 4353 recitatos
3264 4296 3460 4363 fuisse,

1905 4390 2064 4448 atque
2112 4383 2176 4434 ad
2224 4384 2467 4451 psalterii
2515 4387 2934 4442 modulationem
2984 4389 3459 4453 accommodatus;

1906 4482 1961 4523 at
1998 4486 2124 4525 vero
2171 4476 2461 4529 secundum
2503 4476 2831 4547 spiritualem
2867 4479 3274 4549 intelligentiam
3299 4518 3316 4544 ,
3370 4480 3463 4534 Dei

302 4698 424 4771 (52),
450 4696 557 4771 Ubi
601 4699 806 4771 legitur
840 4702 891 4755 in
933 4701 1093 4754 editis
1126 4700 1629 4771 δικαιοπραγούντι,
1664 4702 1793 4753 scri-

1902 4716 2014 4767 tpsa
2046 4702 2239 4763 nativa,
2264 4699 2425 4754 καθά.
2460 4699 2582 4753 llaec
2638 4699 2746 4753 ille.
2799 4697 3148 4771 Cum_ta_meu
3182 4697 3236 4751 in
3270 4699 3465 4752 nostris

226 4768 377 4820 bitur
414 4770 463 4821 in
520 4768 845 4824 Colbertinis
864 4774 1100 4824 secundo
1138 4783 1193 4823 et
1243 4768 1433 4836 quarto
1478 4770 1670 4838 δικαίῳ
1706 4772 1799 4823 καὶ

226 4838 609 4908 εὑπράττοντι.
641 4839 766 4899 Sed.
797 4841 897 4894 nisi
922 4856 1006 4895 me
1040 4839 1177 4893 fallit
1209 4841 1440 4903 animus,
1468 4842 1568 4893 hoc
1601 4843 1795 4893 factum

229 4916 319 4962 est
358 4908 651 4980 alibrario,
696 4910 808 4978 qui,
859 4912 1001 4978 quod
1053 4925 1151 4963 vox
1193 4908 1671 4980 δικαιοπραγοῦντι
1698 4911 1797 4963 sibi

230 4992 423 5048 parum
459 4979 673 5048 elegans
700 4980 991 5043 videretur,
1045 4984 1336 5034 emendare
1370 4979 1562 5037 veluit.
1604 4980 1798 5033 Statim

230 5063 335 5100 vox
364 5046 719 5115 Epywvdeest
761 5054 810 5103 in
844 5049 1110 5115 aliquibus
1141 5065 1268 5103 mss.

305 5064 335 5099 ι
364 5064 389 5098 ε
430 5064 540 5115 γων
572 5064 719 5103 oeeSt
761 5066 810 5103 In
844 5064 1110 5115 aliquibus
1141 5065 1268 5103 mss.

305 5064 426 5198 (555)
477 5118 585 5181 llla,
623 5118 852 5198 :Td/tboto
898 5118 1225 5198 σε,“Κύριε,
1264 5120 1343 5172 ὅτι
1391 5119 1655 5198 ὑπέλαϐές
1691 5136 1797 5198 “pte,

229 5188 576 5256 reperiuntur
623 5190 675 5244 in
704 5188 951 5244 editione
991 5188 1163 5243 Paris.
1200 5200 1323 5257 post
1364 5206 1545 5242 vocem
1608 5189 1791 5241 Aa6i6°

228 5258 330 5313 sed
360 5272 479 5328 cum
516 5257 567 5311 iu
612 5275 740 5312 mss.
775 5261 977 5317 desint.
1002 5274 1062 5311 ea
1093 5260 1415 5313 delevimus.
1450 5259 1569 5328 Ipso
1599 5260 1791 5326 psalmi

228 5329 386 5399 initio
418 5326 618 5380 habent
652 5329 778 5381 editi
815 5329 934 5382 κατ’
963 5329 1211 5399 ὄργανον.
1243 5330 1312 5381 At
1352 5326 1573 5383 Ducieus
1608 5344 1793 5399 emen-

226 5398 464 5451 dandum
502 5408 684 5451 censet
713 5414 778 5452 ex
810 5402 947 5454 Oliv.
1000 5397 1456 5465 scribendumque
1485 5400 1576 5451 καὶ
1628 5397 1794 5467 ὄργα-

225 5484 340 5521 νον.
380 5468 468 5548 ᾼὶι
502 5469 715 5535 quidem
767 5468 1118 5548 Combeﬁsjus
1171 5467 1486 5548 illud,.xatr’
1537 5469 1786 5548 ὄργανον,

233 5540 553 5591 mendosum
587 5552 705 5591 esse
736 5556 747 5591 :
785 5541 879 5591 sed
927 5541 977 5591 in
1028 5538 1144 5605 ipsa
1178 5538 1356 5592 Ducaei
1387 5538 1784 5602 emendatione,

227 5606 421 5659 vitium
454 5623 667 5675 quoque
713 5610 939 5662 subesse
982 5608 1230 5661 affirmat.
1281 5608 1585 5674 Legendum
1629 5610 1792 5677 igitur

228 5686 384 5743 putat
418 5677 538 5729 καθ’
567 5679 818 5757 ὄργανον,
852 5680 903 5732 id
940 5680 1079 5745 quod
1110 5680 1222 5746 ipse
1262 5679 1351 5757 ita‘
1382 5679 1787 5757 interpretatur,

224 5762 334 5814 qua
375 5746 629 5815 organum
690 5750 876 5802 musice
926 5759 1243 5813 cooptatum.
1305 5746 1539 5815 Fefellit,
1596 5748 1789 5814 inquit,

224 5820 505 5888 aspiratio,
536 5832 774 5889 sequente
808 5821 911 5873 leni
944 5835 961 5871 :
994 5819 1081 5872 sed
1115 5818 1206 5873 illa
1233 5834 1333 5872 non
1368 5835 1396 5871 a
1429 5818 1531 5871 leni
1571 5827 1666 5885 est,
1696 5816 1785 5871 sed

1906 4772 2181 4848 duodecim
2235 4787 2364 4848 mss.
2410 4771 2854 4848 legatur‘quoqne
2883 4769 2975 4822 καὶ
3004 4768 3251 4848 δργανον,
3279 4784 3466 4848 quem-

1908 4842 2193 4894 admodum
2222 4842 2363 4894 etin
2414 4840 2550 4893 Oliv.
2583 4838 2738 4901 libro,
2797 4839 2951 4907 longe
2998 4841 3164 4893 tutius
3216 4838 3465 4891 duximus

1904 4914 2228 4979 scripturam
2281 4920 2358 4987 tot
2417 4910 2662 4987 codicum
2726 4909 3034 4987 testimonio
3074 4907 3463 4987 conﬁrmatam

1905 4978 2075 5048 sequi,
2102 4996 2261 5048 (lllilln
2292 4981 2549 5033 incertam
2580 4978 2721 5031 illam
2756 4993 2817 5032 ac
2858 4979 3027 5032 levem
3074 4978 3307 5033 hominis
3334 4978 3465 5031 alio-

1906 5052 1993 5117 qui
2020 5050 2371 5128 eruditissimi
2404 5049 2793 5128 conjecturam.
3018 5125 3025 5128 _
3282 5114 3322 5128 n
3398 5115 3432 5128 η

1977 5119 2085 5189 (54)
2115 5120 2204 5172 Sic
2233 5114 2525 5189 Colbcrtini
2555 5118 2827 5189 tertius_et
2872 5125 3100 5186 quartus
3129 5129 3252 5189 cum
3282 5114 3464 5189 Regiis

1905 5184 2098 5241 ouarto
2126 5197 2177 5242 et
2209 5198 2379 5242 sexto.
2413 5188 2552 5241 Editi
2573 5197 2626 5241 et
2661 5187 2830 5251 major
2853 5184 2976 5254 pars
2999 5201 3125 5240 mss.
3152 5184 3333 5255 ἔχεται
3370 5185 3461 5254 dit-

1904 5260 2020 5326 λῆς,
2055 5258 2210 5313 male.
2240 5256 2370 5310 Nam
2411 5274 2592 5336 vocem
2636 5257 2797 5336 ψιλῆς
2838 5257 2963 5310 huic
3006 5256 3123 5310 loco
3156 5270 3462 5336 accommo-

1902 5323 2019 5383 dart
2072 5343 2175 5381 non
2230 5342 2387 5398 posse
2439 5323 2897 5398 vident,'opinor,
2949 5340 3157 5380 omnes.
3221 5323 3463 5379 Subinde

1901 5398 2295 5469 ιιοιηιιιιίἰηιεε.
2328 5397 2530 5469 Θεωρία
2570 5397 2678 5450 τῶν
2705 5397 2899 5469 λόγων.

1973 5468 2083 5537 (55)
2115 5467 2213 5540 Ubi
2264 5469 2313 5521 in
2350 5461 2516 5522 edi-tis
2542 5469 2739 5540 legitur
2776 5461 3180 5540 ἀνεγερθέντος,
3227 5461 3462 5540 habetur

1898 5538 1951 5591 in
1979 5534 2292 5606 quibusdam
2314 5553 2445 5593 mss.
2475 5534 2849 5602 ἀνατεθέντος,
2878 5534 2928 5591 in
2944 5534 3064 5592 aliis
3086 5549 3213 5591 vero
3236 5534 3469 5586 ἀναστα-

1898 5608 2275 5686 θέντος,ῇὴσμό
2303 5609 2549 5662 dissimili
2576 5623 2758 5686 sensu.
2874 5677 2939 5686 ω
3103 5684 3108 5686 Α
3284 5674 3330 5686 ῃ,

1969 5680 2077 5749 (56)
2106 5678 2257 5750 Colh.
2295 5690 2519 5745 quartus
2560 5678 2833 5750 σημαίνει.
2862 5677 3148 5748 Aliquanto
3182 5682 3299 5745 post
3318 5672 3461 5730 idem

1897 5753 2061 5807 codex
2090 5748 2326 5819 εὑραμεν
2361 5751 2435 5802 ἐν.
