4016 6448
223 400 335 455 309

1357 405 1638 458 llOlilLlA
1679 407 1743 460 IN
1784 408 2113 461 PSALMUM
2153 408 2348 461 ΧΧΙΧ..

3362 404 3464 455 ’.510

226 515 363 570 Θεοῦ
402 516 677 586 ἄνθρωποι
709 516 1055 589 ἐργάζονται,
1088 520 1328 573 τοιοῦτον
1357 523 1568 586 ἑαυτοῖς
1596 525 1787 578 ποιοῦνι

1912 527 2050 577 niam
2077 523 2348 588 suscepisti
2375 539 2451 574 me
2476 539 2492 585 ;
2526 537 2615 573 nec
2643 520 2907 572 delectasti
2940 518 3179 570 inimicos
3214 533 3351 568 meos
3379 532 3472 568 w-

227 625 319 670 τες
351 607 441 660 τὸν
467 609 621 674 Θεὸν,
647 605 758 663 οἷον
785 612 946 674 αὐτὸς
971 613 1158 667 ἑαυτὸν
1182 615 1410 678 ἕκαστος
1441 619 1801 686 προευτρεπί-

221 697 329 760 ζει.
373 699 627 768 ’Υψώσω
653 715 727 753 σε
753 697 866 764 οὖν,
901 704 1098 771 Κύριε,
1129 705 1216 756 ὅτι
1249 704 1547 770 ὑπέλαϐές
1573 723 1670 773 με,
1705 708 1800 760 καὶ

219 791 335 842 οὐκ
367 794 667 861 εὔφρανας
708 794 847 860 τοὺς
895 796 1145 866 ἐχθρούς
1182 814 1300 864 μου
1340 799 1431 850 ἐπ’
1463 797 1587 866 ἐμὲ,
1640 799 1801 870 μηδὲν

220 887 478 937 ταπεινὸν
513 884 649 954 μηδὲ
680 888 1012 959 χαμαίζηλον
1049 889 1140 940 ἐπὶ
1173 888 1265 942 τοῦ
1307 889 1422 960 βίου
1461 906 1560 960 μου
1599 891 1797 962 φέρων.

221 976 335 1029 Καὶ
390 977 552 1029 πόθεν
613 996 701 1049 μοι
747 983 780 1050 ή
829 981 921 1032 τοῦ
980 979 1149 1049 ὑψοῦν
1195 983 1490 1053 ἐνυπάρχει
1542 982 1798 1053 δύναμις;

233 1066 450 1138 Ἐπειδὴ
476 1068 538 1121 σύ
565 1089 632 1140 με
651 1069 938 1140 προλαϐὼν
961 1071 1250 1137 ὑπέλαϐες.
1291 1074 1670 1142 Ἐμφαντικῶς
1688 1075 1799 1142 (41)

218 1156 411 1227 εἴρηκε
437 1159 496 1212 τὺ
517 1204 530 1225 ,
572 1162 905 1226 ’Υπέλαϐες,
940 1162 1060 1216 ἀντὶ
1085 1165 1200 1226 τοῦ,
1251 1162 1669 1231 Ἐμετεώρισάς
1701 1181 1793 1233 με,

221 1249 317 1301 καὶ
353 1249 621 1331 ἀνώτερον
661 1249 770 1302 τῶν
809 1251 1362 1322 κατεπανισταμένων
1401 1272 1468 1325 με
1515 1257 1794 1324 ἐποίησας.

218 1345 397 1397 Οἱονεὶ
427 1345 590 1397 παῖδά
618 1362 738 1398 τινα
769 1347 1010 1418 ἀπείρως
1038 1347 1230 1416 ἔχοντα
1262 1347 1397 1418 πρὸς
1427 1347 1486 1399 τὸ
1519 1347 1796 1416 νήχεσθαι,

217 1435 286 1501 τῇ
317 1433 458 1504 χειρί
485 1451 568 1498 τις
587 1435 889 1501 ὑπολαϐὼν,
912 1435 1308 1507 μετεωρότερον
1326 1437 1446 1503 ἄγοι
1470 1435 1561 1488 τοῦ
1588 1436 1796 1498 ὓδατος.

231 1529 293 1580 '0
319 1523 410 1581 οὖν
443 1530 506 1581 ὲκ
536 1530 633 1600 τῆς
663 1530 755 1583 τοῦ
789 1529 924 1580 Θεοῦ
956 1528 1204 1600 βοηθείας
1237 1529 1534 1591 ἀνανεύσας
1565 1529 1672 1582 ἀπὸ
1703 1525 1796 1579 τοῦ

217 1619 536 1691 πτώματος,
575 1617 727 1684 οὗτος
761 1621 864 1674 ὑπὸ
883 1622 1303 1694 εὐγνωμοσύνης
1324 1622 1409 1676 διὰ
1437 1623 1544 1675 τῶν
1579 1619 1797 1690 ἀγαθῶν

216 1711 398 1781 ἔργων
429 1713 632 1781 ὕψωσιν
665 1712 1054 1780 ἐπαγγέλλεται
1087 1713 1162 1783 τῷ
1192 1713 1310 1779 Θεῷ
1342 1715 1472 1784 (42).
1511 1714 1582 1767 ’Ἡ
1608 1713 1796 1784 ῶσπερ

214 1803 340 1856 τινά
375 1805 675 1875 παλαιστὴν
705 1804 1032 1858 ἀσθενοῦντα
1064 1803 1429 1874 ὑποστηρίξας
1459 1823 1542 1868 τις
1569 1807 1675 1860 ἀπὸ
1699 1805 1792 1860 τοῦ

1905 633 1996 680 per
2035 631 2133 669 me.
2169 611 2311 665 Nihil
2347 610 2600 663 nimirum
2649 609 2882 672 humile,
2926 606 3060 661 nihil
3105 604 3367 671 abiectum
3417 606 3470 656 in

1905 711 2012 762 vita
2038 722 2156 762 mea
2185 703 2474 773 perferam.
2506 701 2660 756 Unde
2684 714 2813 754 vero
2840 698 3062 752 lacullas
3090 697 3219 751 mihi
3249 705 3298 747 te
3325 693 3474 748 exal-

1906 799 2084 852 tandi?
2109 797 2373 863 Quoniam
2418 803 2468 848 tu
2511 809 2595 847 me
2638 788 2973 862 praeveniens
3006 783 3309 856 suscepisti.
3341 782 3474 836 Per-

1902 890 2084 957 Spicue
2107 889 2262 952 dixit,
2286 886 2574 954 Suscepisti
2598 901 2699 947 me,
2731 899 2844 951 pro.
2873 878 3167 937 Sublevasti
3191 896 3290 943 me,
3310 887 3364 931 et
3383 891 3476 929 su-

1903 982 2167 1049 periorem
2194 978 2594 1048 insurgentibus
2624 976 2675 1028 in
2702 989 2786 1027 me
2804 972 3046 1027 effecisti.
3081 969 3252 1022 Veluti
3276 969 3320 1023 si
3348 966 3475 1038 quis

1904 1089 2127 1142 puerum
2159 1072 2467 1141 quempiam
2499 1065 2719 1121 natandi
2756 1066 3060 1134 imperitum
3099 1076 3260 1115 manu
3295 1063 3469 1116 susci-

1901 1165 2077 1233 piens,
2121 1178 2242 1217 eum
2289 1163 2442 1230 aquis
2497 1159 2744 1213 altiorem
2798 1156 3081 1210 sustineat.
3133 1153 3235 1222 Qui
3288 1153 3468 1222 igitur,

1900 1256 2194 1326 opitulante
2220 1254 2350 1317 Deo,
2386 1272 2413 1308 a
2441 1269 2569 1308 casu
2601 1267 2657 1305 se
2681 1249 2860 1317 erigit,
2891 1250 2933 1301 is
2961 1250 3096 1318 grati
3124 1248 3289 1301 animi
3314 1245 3471 1314 signi-

1901 1349 2152 1402 ﬁcatione
2187 1361 2283 1417 per
2315 1347 2455 1399 bona
2485 1360 2648 1414 opera
2680 1341 3059 1396 exaltationem
3104 1341 3214 1394 Deo
3248 1339 3469 1406 pollice-

1900 1453 2003 1494 tur.
2039 1442 2147 1495 Aut
2179 1439 2322 1493 velut
2374 1438 2418 1492 si
2453 1439 2571 1506 quis
2614 1436 2842 1491 debilem
2891 1435 3196 1503 quempiam
3245 1431 3470 1484 luctato-

1900 1548 2010 1586 rem
2039 1532 2370 1592 sull’ulciens,
2401 1531 2467 1583 ab
2502 1531 2820 1583 imminente
2856 1527 3006 1594 lapsu
3037 1526 3248 1589 liberet,
3278 1539 3342 1578 ac
3366 1525 3470 1580 col-

1896 1623 2133 1677 luctante
2183 1625 2370 1678 reddat
2426 1625 2792 1689 superiorem;
2853 1619 2926 1674 illi
2967 1617 3180 1685 quidem
3228 1617 3484 1672 victoriae.

1895 1717 2098 1786 prtehet
2126 1717 2487 1779 occasionem,
2530 1715 2656 1769 huic
2697 1728 2827 1767 vero
2857 1721 3176 1780 conceptam
3210 1712 3276 1766 de
3313 1713 3464 1780 lapsu

1895 1809 2118 1864 alterius
2148 1808 2382 1863 laetitiam
2413 1807 2622 1862 adimit.
2667 1805 2782 1861 Non
2824 1816 3002 1859 autem
3032 1819 3306 1864 aerumnae,
3339 1818 3467 1872 pro-

216 1897 663 1966 κινδυνευομένου
696 1895 1006 1967 πτώματος,
1043 1898 1135 1950 καὶ
1177 1899 1516 1966 ἐπανώτερον
1559 1900 1787 1968 ποιήσας

1893 1900 2129 1955 bationis
2171 1914 2331 1952 causa
2364 1899 2566 1954 sanctis
2595 1895 2834 1960 inﬂictae,
2873 1894 3237 1950 invisibilibus
3265 1891 3467 1945 nostris

213 1987 315 2042 τοῦ
362 1989 812 2060 συμπαλαίοντος,
852 1988 930 2060 τῷ
967 1991 1062 2059 μὲν
1095 1989 1193 2059 τῆς
1224 1989 1379 2060 νίκης
1409 1989 1650 2060 παρέσχε
1695 1991 1792 2059 τὴν

215 2081 497 2152 ἀφορμὴν,
542 2081 633 2135 τοῦ
664 2081 719 2136 δὲ
755 2081 849 2152 τὴν
882 2083 976 2135 ἐπὶ
1009 2080 1087 2151 τῷ
1124 2079 1374 2150 πτώματι
1406 2079 1569 2132 αὑτοῦ
1601 2081 1795 2150 εὐφροο

221 2169 389 2240 σύνην
429 2171 697 2240 ἀφείλετο.
740 2173 872 2241 Οὐχὶ
915 2173 972 2225 δὲ
1006 2172 1060 2224 αἱ
1106 2170 1334 2239 θλίψεις,
1378 2171 1434 2222 αι
1472 2170 1795 2242 δοκιμασίας

217 2260 410 2313 ἓνελεν
444 2262 843 2330 προσαγόμεναι
891 2264 1002 2322 τοῖς
1043 2260 1248 2327 ἁγίοις,
1301 2258 1639 2330 εὐφροσύνην
1681 2262 1792 2323 τοῖς

216 2353 434 2423 ἐχθροῖς
461 2351 614 2423 ἡμῶν
652 2355 763 2415 τοῖς
793 2352 1043 2422 ἀοράτοις
1085 2351 1467 2422 προξενοῦσιν·
1510 2352 1622 2406 ἀλλ’
1663 2355 1792 2404 ὅταν

216 2445 684 2515 ἀπαγορεύσωμεν
756 2443 1095 2516 θλιϐόμενοι,
1161 2444 1251 2498 καὶ
1320 2443 1792 2515 στενοχωρηθῶσιν

214 2537 374 2610 ἡμῶν
403 2540 450 2591 oi
477 2538 743 2608 λογισμοὶ,
768 2538 1146 2612 ἀπειρηκότων
1165 2538 1322 2609 ἡμῶν
1345 2538 1479 2609 πρὸς
1502 2537 1561 2588 τὸ
1591 2535 1791 2587 πυκνὸν

214 2633 328 2686 τῶν
361 2633 674 2695 κακώσεων,
710 2635 830 2685 τότε
865 2634 1240 2703 εὐφραίνονται
1274 2632 1367 2682 κοιλ⁸
1400 2629 1652 2698 κροτοῦσι
1699 2629 1793 2682 καὶ

215 2723 613 2796 ἐπιχαίρουσιν.
657 2718 779 2773 Οἴον
824 2721 915 2774 ἐπὶ
956 2721 1049 2773 τοῦ
1097 2720 1235 2773 Ίώϐ.
1296 2719 1651 2773 Ἀπολωλέκει
1693 2720 1790 2790 τὴν

217 2813 451 2882 κτῆσιν·
500 2812 704 2865 τέκνων
760 2812 1046 2883 ἐστέρητο·
1089 2812 1291 2883 ἰχῶρας
1325 2812 1472 2881 αὐτῷ
1506 2814 1600 2864 καὶ
1647 2812 1791 2866 σκώ-

211 2906 444 2976 ληκαςή
481 2904 617 2975 σὰρξ
650 2905 913 2968 ἀπέζεσεν
951 2904 1080 2975 (45)·
1119 2904 1268 2957 οὔπω
1298 2904 1456 2958 τοῦτο
1484 2904 1789 2976 εὐφροσύνη

211 2999 294 3068 τῷ
335 2999 630 3068 ἀντιπάλῳ.
665 2999 725 3050 Ei
753 2997 808 3048 δὲ
841 2997 1021 3060 ἐνδοὺς
1056 2999 1189 3067 πρὸς
1218 2998 1285 3051 τὰ
1321 2997 1547 3050 ἐπίπονα
1582 2998 1790 3068 εἰρήκει

210 3111 266 3146 ⁴ι.
312 3093 590 3162 δύσφημον
633 3093 781 3162 ῥῆμα
825 3091 963 3144 κατὰ
999 3092 1096 3162 τὴν
1127 3089 1432 3162 συμϐουλὴν
1461 3090 1561 3159 τῆς
1607 3106 1792 3158 γυναι-

214 3183 330 3245 κὸς,
362 3183 482 3234 τότε
506 3183 571 3235 ἂν
602 3183 981 3254 εὐφράνθησαν
1011 3185 1058 3235 oi
1091 3183 1275 3253 ἐχθροὶ
1302 3184 1387 3234 ἐπ’
1420 3182 1586 3252 αὐτῷ.
1619 3183 1790 3236 Τοῦτο

1893 1990 2124 2044 inimicis
2150 1988 2401 2058 gaudium
2427 1987 2656 2043 afferunt
2686 2005 2700 2042 :
2747 1988 2841 2041 sed
2882 1999 3004 2039 cum
3037 1982 3275 2036 alllictati
3313 1980 3464 2034 fran-

1895 2083 2089 2151 gimur,
2125 2096 2356 2150 ctnnque
2386 2083 2737 2149 cogitationes
2771 2089 2996 2145 nostrae,
3037 2078 3191 2132 nobis
3244 2078 3313 2130 ob
3349 2076 3462 2130 fre-

1893 2185 2118 2244 quentes
2155 2173 2430 2230 molestias
2477 2174 2715 2228 animum
2771 2172 3258 2242 despondentibus,
3311 2184 3465 2223 coar-

1893 2277 2131 2328 clantur,
2165 2275 2291 2319 tunc
2315 2265 2677 2328 obiectantur,
2702 2265 3065 2333 plauduntque
3097 2273 3150 2316 et
3179 2263 3460 2315 insultant.

1893 2357 2054 2412 Velut
2083 2359 2135 2412 in
2166 2357 2266 2413 Job
2298 2360 2544 2426 contigit.
2575 2357 2845 2411 Atniserat
2875 2355 3266 2424 possessiones,
3305 2353 3464 2408 orba-

1897 2461 1977 2502 tus
2008 2452 2166 2522 126
2189 2461 2308 2505 erat
2347 2451 2490 2518 (iliis,
2525 2451 2646 2505 tabo
2676 2457 2729 2504 et
2760 2448 3037 2502 vermibus
3066 2448 3307 2501 scatebat
3343 2445 3462 2515 ejus

1891 2559 2052 2606 caro;
2092 2545 2316 2597 necdum
2354 2556 2528 2597 tamen
2572 2544 2623 2596 id
2653 2543 2837 2596 laetitia
2870 2541 3031 2594 allicit
3061 2542 3457 2594 adversarium.

1894 2635 1999 2688 Sed
2050 2635 2094 2688 si
2132 2635 2404 2689 laboribus
2449 2635 2690 2697 fractus,
2748 2633 3196 2687 cantumeliosum
3244 2633 3460 2700 aliquod

1892 2729 2116 2782 verbum
2143 2741 2210 2780 ex
2246 2727 2429 2781 uxoris
2460 2728 2685 2782 consilio
2725 2728 3055 2796 protulisset,
3108 2735 3231 2780 tunc
3260 2727 3312 2779 in
3346 2727 3464 2794 ipso

1892 2818 2140 2871 oblectati
2170 2827 2353 2871 essent
2380 2817 2604 2871 inimici.
2639 2818 2774 2882 Quin
2805 2826 2858 2870 et
2891 2819 2940 2870 in
2970 2815 3135 2869 Paulo
3161 2816 3459 2876 esuriente,

1892 2907 2124 2974 sitiente,
2162 2910 2326 2972 nudo,
2355 2907 2595 2975 colaphis
2629 2921 2797 2966 casso.
2829 2906 3128 2967 laborante,
3165 2903 3232 2958 de
3264 2904 3378 2957 loco
3408 2904 3460 2956 in

1894 2998 2071 3052 locum
2129 3001 2392 3070 migrante
2434 3016 2540 3055 non
2597 2998 2969 3053 delectabatur
3013 2997 3296 3062 inimicus;
3354 2996 3463 3049 imo

1893 3107 2021 3145 vero
2059 3094 2460 3157 eonterebatur,
2489 3096 2613 3145 dum
2653 3107 2774 3145 eum
2815 3091 3020 3142 videret
3059 3089 3137 3141 sic
3163 3087 3461 3140 certamina

1893 3187 2271 3254 perferentem,
2302 3197 2359 3240 ut
2381 3187 2731 3254 contemptim
2759 3185 2958 3238 diceret
2986 3202 2997 3235 :
3034 3181 3162 3246 Quis
3188 3197 3279 3234 nos
3308 3196 3458 3247 sepa-

213 3276 311 3328 καὶ
348 3276 436 3327 ἐπὶ
476 3274 673 3340 Παύλῳ
721 3276 992 3338 πεινῶντι,
1029 3278 1121 3328 καὶ
1153 3275 1392 3344 διψῶντι,
1441 3277 1534 3330 καὶ
1574 3293 1785 3347 γυμνη-

1893 3277 2027 3330 rubit
2057 3296 2088 3330 a
2113 3277 2364 3330 charitate
2386 3276 2581 3331 Christi
2613 3277 2695 3328 '3?

208 3364 441 3424 τεύοντι,
477 3366 569 3418 καὶ
606 3365 1030 3435 κολαφιζομένῳ.
1098 3369 1189 3420 καὶ
1236 3369 1518 3431 κοπιῶντι,
1585 3370 1678 3422 καὶ
1744 3368 2095 3422 ἀστατοῦντι·
2141 3371 2239 3422 οὐκ
2286 3369 2608 3440 εὐφραίνετο
2657 3368 2684 3418 ὁ
2718 3366 2942 3438 ἐχθρός·
2978 3365 3039 3418 τὸ
3077 3363 3318 3416 ἐναντίον
3366 3363 3464 3433 μὲν

209 3456 328 3523 οὖν,
379 3459 720 3530 συνετρίϐετο
766 3458 976 3528 βλέπων
1023 3459 1164 3511 οὕτω
1234 3461 1300 3512 τὰ
1375 3462 1733 3531 ἀγωνίσματα
1810 3463 2066 3535 φέροντα,
2131 3462 2271 3515 ὥστε
2331 3463 2510 3516 λέγειν
2573 3461 2734 3514 αὑτὸν
2791 3457 3301 3530 καταφρονητικῶς·
3369 3455 3464 3520 Τίς

210 3553 370 3624 ἡμᾶς
399 3554 639 3624 χωρίσει
672 3554 790 3607 ἀπὸ
819 3553 930 3620 τῆς
962 3553 1196 3621 ἀγάπης
1227 3556 1332 3608 τοῦ
1359 3557 1647 3623 Χριστοῦ;

286 3647 337 3698 5,
369 3646 548 3711 Κύριε
565 3647 596 3696 ό
618 3645 761 3709 Θεός
785 3662 924 3712 μου,
944 3643 1236 3711 ἐκέκραξα
1252 3645 1398 3713 πρὸς
1416 3646 1509 3707 σὲ,
1529 3647 1626 3698 καὶ
1645 3645 1792 3699 ἰάσω

201 3757 302 3808 με.
354 3740 639 3808 Μακάριος
688 3741 715 3790 ό
759 3739 857 3807 τὴν
898 3741 954 3790 ὲν
1007 3737 1083 3808 τῷ
1124 3739 1275 3808 βάθει
1328 3739 1542 3810 πληγὴν
1597 3738 1789 3791 ἑαυτοῦ

207 3831 522 3900 γνωρίζων,
567 3829 707 3882 ὥστε
739 3830 997 3882 δύνασθαι
1046 3832 1123 3900 τῷ
1161 3830 1326 3901 ίατρῴ
1367 3831 1647 3902 προσιέναι
1697 3831 1790 3883 καὶ

205 3922 418 3988 λέγειν·
470 3921 670 3976 ’[ασαί
695 3937 794 3989 με,
827 3921 1025 3987 Κύριε,
1057 3921 1145 3974 ὅτι
1191 3922 1487 3991 ἐταράχθη
1531 3924 1601 3976 τὰ
1639 3921 1790 3977 ὀστᾶ

199 4028 356 4083 μου·
403 4015 522 4074 καὶ,
571 4010 718 4081 Ἐγὼ
758 4012 916 4075 εἶπα,
953 4012 1152 4079 Κύριε,
1201 4012 1459 4079 ἐλέησόν
1495 4031 1590 4082 με,
1623 4014 1787 4066 lavat

205 4103 325 4172 τὴν
362 4103 572 4172 ψυχήν
599 4122 737 4173 μου,
774 4104 862 4157 ὅτι
898 4104 1163 4172 ἦμαρτόν
1196 4119 1312 4157 σοι.
1367 4106 1628 4159 Ἐνταῦθα
1664 4107 1787 4175 μέν-

203 4213 290 4248 τοι
344 4194 664 4265 εὐχαριστία
719 4195 864 4246 ὲστ¹ιν
921 4196 1058 4266 ὑπὲρ
1105 4196 1203 4266 τῆς
1257 4196 1590 4267 ἐπαχθείσης
1638 4197 1786 4267 αὑτῷ

208 4284 476 4355 ἰατρείας·
515 4285 691 4350 Κύριε
740 4284 868 4352 γὰρ,
909 4287 1090 4353 φησιν,
1124 4291 1155 4338 o'
1191 4290 1333 4352 Θεός
1357 4305 1493 4355 μου.
1531 4288 1603 4340 Οὐ
1647 4288 1785 4340 παν--

203 4395 314 4430 των
344 4375 475 4437 Θεὸς
504 4378 531 4428 ό
565 4376 713 4438 Θεὸς.
759 4375 895 4428 ἀλλά
933 4376 1038 4429 τῶν
1083 4378 1468 4431 οἰκειωθέντων
1509 4379 1656 4450 αὺτῴ
1698 4381 1786 4434 διὰ

203 4469 304 4536 τῆς
347 4467 584 4535 ἀγάπης.
634 4467 764 4529 Θεὸς
801 4467 909 4538 γὰρ
970 4468 1238 4538 Ἀϐραὰμ,
1272 4469 1366 4521 καί
1404 4469 1534 4532 Θεὸς
1577 4470 1780 4534 Ἰσαὰκ,

205 4563 302 4614 καὶ
347 4561 477 4624 Θεὸς
541 4561 752 4612 Ἰακώϐ.
791 4563 853 4613 Εἰ
896 4561 952 4613 δὲ
992 4561 1208 4614 πάντων
1257 4557 1323 4632 ἦν
1376 4562 1527 4624 Θεὸς,
1576 4565 1676 4615 οὐκ
1718 4564 1782 4616 ἂν

204 4653 435 4716 ἐκείνοις
479 4654 555 4716 ὡς
587 4653 863 4722 ἐξαίρετον
897 4653 1053 4705 τοῦτο
1098 4659 1620 4726 προσεμαρτυρεῖτο.
1672 4658 1781 4709 Καὶ

205 4744 368 4796 πάλιν
402 4747 428 4797 ὁ
473 4742 684 4796 Ἰακώϐ·
726 4741 1049 4809 Ἐϐοήθησέ
1073 4760 1168 4797 σοι
1199 4745 1308 4813 (44)
1340 4749 1370 4798 ό
1401 4745 1542 4811 Θεὸς
1565 4750 1596 4799 ὁ
1618 4747 1773 4816 ἐμός.

203 4837 316 4892 Καὶ
350 4836 548 4904 Θωμᾶς
581 4837 719 4907 μετά
752 4837 849 4906 τὴν
882 4837 1248 4907 πληροφορίαν
1280 4838 1761 4909 κατασπαζόμενος

200 4931 296 4984 τὸν
339 4931 633 5002 Δεσπότην,
690 4931 751 4984 '0
801 4932 1016 4998 Κύριός
1049 4948 1188 4999 μου,
1223 4934 1374 5002 φησὶ,
1425 4932 1521 4985 καὶ
1551 4936 1583 4986 ό
1635 4937 1779 4999 Θεοῖς

1893 4934 2134 4985 Domina:
2181 4950 2346 4998 metu,
2390 4932 2582 5000 inquit,
2623 4941 2674 4986 et
2716 4932 2854 4986 Deus
2906 4947 3049 4983 meus
3087 4931 3153 4981 “.

193 5042 340 5094 μου.
384 5023 712 5087 Ἐνδιάθετος
739 5020 830 5078 οὖν
857 5027 889 5092 ή
924 5026 1073 5093 φωνὴ
1104 5027 1159 5094 ἡ,
1192 5026 1365 5092 Κύριε
1400 5028 1430 5078 o'
1469 5027 1611 5090 Θεός
1633 5044 1771 5094 μου,

277 5207 320 5237 ¹⁸
362 5207 518 5262 Rom.
544 5224 663 5273 VIII,
696 5209 785 5263 55.
860 5209 903 5242 ¹⁹
941 5210 1083 5266 Psal.
1117 5227 1188 5278 v1,
1225 5212 1278 5266 5.
1356 5214 1399 5244 ²⁰
1442 5211 1580 5270 Psal.
1617 5229 1701 5276 τι,
1731 5213 1782 5266 5.

276 5345 390 5415 με)
422 5345 553 5415 Reg.
580 5349 846 5419 secundus
879 5350 1213 5419 ὲμφατικῶς.
1249 5350 1368 5404 Mox
1397 5353 1561 5406 editio
1599 5353 1772 5407 Paris.

199 5418 761 5488 κατεπανισταμένων
789 5418 922 5488 μου.
944 5422 1116 5474 Editio
1147 5437 1273 5474 vero
1315 5421 1478 5476 Basil.
1502 5433 1556 5475 et
1585 5440 1774 5477 novem

201 5502 336 5571 prs.
372 5490 923 5571 x‘afrsrtavtg'raps'vwv
989 5508 1074 5560 με.
1132 5493 1332 5547 Ibidem
1393 5493 1557 5548 editio
1601 5493 1772 5548 Paris.

199 5557 350 5609 υἷον.
386 5557 455 5609 At
477 5576 606 5611 mss.
635 5557 830 5611 Οίονεί.

278 5627 559 5702 (4:2)_Edi_ti
602 5640 654 5682 et
677 5630 912 5702 nonnulli
945 5645 1071 5683 mss.
1111 5631 1342 5699 ὑψώσειν
1379 5634 1772 5702 ἐπαγγέλλεται

195 5696 292 5772 τὸν
321 5697 578 5772 Θεόνηᾼι
611 5700 928 5772 major-pars
955 5717 1085 5754 mss.
1118 5696 1238 5755 cum
1277 5704 1413 5758 Oliv.
1449 5696 1511 5758 et'
1539 5696 1758 5772 'Anglic.

199 5771 298 5840 ita,
332 5778 386 5840 ut
428 5769 710 5840 edidimus.
756 5768 864 5822 Nec
911 5772 980 5822 ita
1021 5773 1184 5822 multo
1232 5784 1350 5838 post
1402 5775 1532 5840 Reg.
1570 5768 1762 5829 tertius

196 5837 297 5893 zz‘.
338 5837 629 5908 ἀνώτερον.
674 5839 910 5895 Subinde
965 5841 1127 5896 editio
1155 5837 1327 5899 Paris.
1379 5857 1430 5898 et
1476 5837 1582 5901 tres
1630 5864 1757 5902 mss.

1861 5214 1899 5245 ²¹
1939 5210 2073 5263 Gen.
2109 5225 2252 5272 χιιι,
2285 5207 2373 5261 9.5.

1964 3651 2017 3708 5.
2064 3649 2227 3703 Vens.
2258 3649 2308 3702 5.
2353 3648 2576 3702 Domine
2606 3647 2744 3701 Deus
2772 3661 2934 3710 meus,
2969 3642 3189 3700 clamavi
3218 3641 3285 3694 ad
3313 3649 3382 3704 te,
3414 3649 3462 3691 et

1891 3745 2088 3795 sanasti
2142 3757 2241 3795 me.
2296 3741 2491 3796 Beatus
2544 3739 2633 3808 qui
2682 3739 2988 3793 intestinam
3046 3749 3196 3790 suam
3251 3731 3462 3800 plagam

1892 3834 2188 3901 cognoscit,
2237 3835 2368 3886 adeo
2397 3843 2455 3886 ut
2488 3833 2552 3886 ad
2600 3831 2866 3885 medicum
2897 3838 3058 3896 queat
3087 3824 3365 3888 accedere,
3398 3837 3461 3874 ac

1892 3925 2068 3977 dicere
2097 3942 2109 3976 :
2139 3924 2283 3977 Sana
2310 3940 2407 3985 me,
2443 3923 2689 3983 Domine,
2717 3919 2963 3990 quoniam
2999 3915 3308 3971 conturbata
3336 3922 3458 3967 sunt

1890 4033 2008 4070 ossa
2031 4033 2146 4069 mea
2171 4016 2233 4080 ¹⁹;
2259 4027 2338 4068 et:
2367 4013 2478 4084 Ego
2504 4016 2634 4076 dixi,
2659 4013 2896 4077 Domine,
2919 4012 3159 4065 miserere
3181 4008 3304 4070 mei,
3329 4022 3461 4059 sana

1889 4110 2120 4162 animam
2157 4124 2346 4173 meam,
2379 4108 2499 4176 quia
2528 4107 2733 4174 peccari
2773 4106 2865 4158 tibi
2897 4106 2963 4156 ²⁰.
3011 4103 3108 4156 llic
3144 4100 3359 4170 quidem
3391 4100 3459 4150 ob

1888 4196 2179 4249 adhibitam
2230 4196 2329 4249 sibi
2387 4197 2718 4249 curationem
2772 4195 2973 4262 gratias
3033 4188 3454 4259 agitzDomine,

1885 4287 2040 4349 enim,
2092 4288 2285 4354 inquit,
2329 4286 2465 4339 Deus
2499 4303 2661 4339 meus.
2712 4285 2851 4338 Deus
2891 4298 2994 4337 non
3036 4281 3274 4336 omnium
3319 4279 3458 4332 Deus

1887 4387 1988 4440 est,
2021 4378 2111 4430 sed
2140 4392 2325 4430 corum
2352 4379 2442 4445 qui
2473 4392 2520 4430 et
2547 4388 2669 4430 sunt
2693 4377 2957 4430 charitate
2979 4373 3276 4443 conjuncti.
3310 4371 3453 4425 Deus

1887 4471 2028 4523 enim
2062 4469 2332 4522 Abraham
2379 4479 2483 4535 est,
2525 4479 2578 4523 et
2626 4469 2765 4524 Deus
2803 4469 2969 4532 Isaac,
3009 4479 3063 4520 et
3096 4465 3236 4518 Deus
3264 4463 3454 4517 Jacob.

1887 4563 2095 4616 Etenim
2141 4564 2184 4616 si
2219 4563 2458 4616 omnium
2501 4574 2644 4617 esset
2694 4564 2854 4623 Deus,
2898 4576 3001 4613 non
3052 4559 3235 4626 utique
3286 4557 3336 4609 id
3376 4555 3456 4608 eis

1888 4666 2137 4723 tanquam
2171 4654 2443 4724 quidpiam
2477 4653 2749 4723 singulare
2779 4669 2841 4705 ac
2867 4651 3124 4705 eximium
3153 4648 3451 4703 tribuisset.

1883 4746 1945 4798 Et
1979 4748 2170 4800 iterum
2203 4745 2368 4800 Jacob
2401 4764 2416 4802 ;
2449 4747 2666 4814 Adjuvit
2697 4754 2744 4797 te
2776 4744 2916 4797 Deus
2945 4759 3089 4796 meus
3112 4743 3178 4795 ³⁸.
3213 4740 3279 4794 Ει
3306 4737 3450 4792 ΤΙιο-

1885 4855 2019 4906 mas,
2044 4851 2246 4893 semota
2273 4840 2610 4893 dubitatione
2642 4839 2810 4904 omni,
2841 4837 3122 4891 Dominum
3148 4832 3449 4900 amplexus,

3215 4927 3454 4980 Allectus

1888 5025 2048 5092 igitur
2074 5039 2175 5079 vox
2215 5034 2316 5088 est,
2363 5025 2583 5077 Domine
2613 5023 2752 5077 Deus
2793 5039 2957 5085 ineas,
2993 5031 3048 5075 et
3069 5036 3187 5089 quae
3221 5018 3452 5088 prophe-

2450 5209 2492 5239 ²¹
2528 5207 2681 5262 Joan.
2713 5222 2803 5270 xx,
2831 5203 2922 5258 98.

1881 5352 1975 5405 τοῦ
2000 5351 2054 5403 δὲ
2082 5353 2201 5421 τήν.
2231 5351 2334 5404 Alii
2365 5365 2492 5401 mss.
2529 5361 2749 5421 numero
2783 5344 2962 5411 plures
2995 5342 3070 5414 τῷ
3103 5341 3159 5395 δὲ
3192 5343 3310 5408 τήν.
3353 5340 3455 5392 lbi-

1882 5426 2001 5476 dem
2030 5417 2177 5476 (lolb.
2218 5431 2442 5490 quartus
2465 5417 2740 5488 ἀφείλατο.

1954 5492 2065 5562 (65)
2095 5479 2529 5562 Βρςζ.’δειςιιιιόιιέ
2584 5504 2706 5562 eum
2752 5485 2903 5562 Colb.
2940 5485 3136 5562 quinto
3165 5479 3321 5562 seps.
3346 5482 3446 5562 ἐπ-

1880 5548 2088 5627 έζεσεν.
2128 5548 2244 5614 Mox
2277 5561 2442 5614 editio
2473 5558 2648 5611 Paris.
2685 5548 3076 5627 ἀντιπάλιρίῆν.
3105 5548 3262 5607 Deest
3294 5548 3360 5623 ἦν
3394 5554 3444 5604 in

1879 5626 2007 5686 mss.
2051 5633 2288 5686 Subinde
2319 5631 2448 5698 Reg.
2489 5629 2758 5683 secundus
2792 5626 2980 5696 εἴρηκὲ
3013 5643 3085 5678 τι.

1947 5703 2232 5770 (4l)Colb.
2293 5693 2564 5755 secundus
2610 5714 2729 5770 cum
2783 5693 2958 5770 altero
3007 5711 3124 5770 ins.
3171 5693 3442 5770 ἐϐοήθησε

1875 5763 2181 5897 paulo?!)
2214 5783 2332 5839 post
2368 5787 2496 5827 mss.
2535 5769 2698 5837 trcsh
2733 5766 2883 5838 φωνὴ
2917 5766 2971 5836 ἡ,
3007 5764 3198 5839 Κύριε.
3234 5763 3374 5821 Edili
3405 5765 3436 5836 ἡ

1875 5862 2041 5897 εωντ.
2138 5859 2272 5897 uera.

1874 5862 2041 5917 ςωνη,
2084 5859 2272 5914 nupta.
