4016 6500
527 405 628 458 512

1877 398 1934 452 S.
1978 395 2217 449 BASILII
2260 396 2478 452 MAGNI

3696 387 3808 442 319.

526 519 631 569 tico
666 515 826 568 statui
860 513 1132 568 convenit.
1176 510 1412 564 Clanmvi
1442 509 1510 559 ad
1549 519 1633 575 te,
1668 522 1716 564 et
1764 511 1967 564 sanasti
1995 527 2090 565 me.
2125 560 2127 566 ,

2232 511 2294 561 αἱ
2323 512 2606 583 πρέπουσα
2626 512 2692 579 τῇ
2720 509 3032 579 προφητικῇ
3068 504 3413 559 καταστάσει.
3454 505 3808 571 Ἐκέκραξα

523 603 670 657 Nihil
703 602 1010 656 intercessit
1049 601 1210 654 medii
1244 601 1383 654 iuter
1412 614 1596 654 vocem
1633 616 1808 655 meam
1852 608 1906 654 et
1950 608 2098 655 tuam

522 693 776 762 gratiam,
827 693 921 748 sed
971 693 1132 746 simul
1175 704 1335 759 atque
1380 690 1629 757 clamavi,
1681 689 1887 745 medela
1913 704 2100 745 acces—

523 787 616 838 sit.
650 785 837 837 Adhuc
867 784 1013 838 enim
1060 785 1296 855 loquente
1343 793 1392 835 te
1414 822 1429 848 ,
1463 784 1676 853 inquit,
1709 786 1924 847 dicant,
1962 780 2102 838 Ecce

524 881 710 932 adsum
739 879 805 930 ⁸³.
849 876 1079 932 Proinde
1103 891 1292 944 magna
1331 891 1460 930 voce
1492 875 1634 943 loqui
1673 883 1886 944 Oportet
1930 889 2053 928 eum
2082 917 2097 940 ,

524 970 617 1038 qui
647 970 812 1024 Deum
843 977 1115 1037 precatur,
1146 977 1208 1019 ut
1238 967 1346 1022 cita
1374 975 1734 1038 promptaque
1761 965 1973 1019 sanatio
2007 983 2104 1021 no-

525 1062 611 1115 bis
638 1061 934 1115 exoriatur.
971 1059 1137 1112 Vsus.
1175 1059 1231 1114 4.
1265 1060 1516 1122 Domine,
1542 1057 1770 1110 eduxisti
1800 1057 1863 1110 ab
1893 1055 2102 1124 inferno

527 1151 762 1204 animam
793 1167 980 1204 meam.
1018 1150 1093 1204 De
1140 1151 1238 1205 hac
1281 1149 1563 1205 sanatione
1608 1150 1806 1218 gratias
1849 1150 1957 1203 Deo
1995 1151 2106 1215 agit

531 1242 596 1303 is,
624 1245 713 1311 qui
741 1241 1018 1296 descendit
1041 1242 1260 1312 quidem
1289 1256 1354 1292 ex
1384 1239 1700 1293 infirmitate
1729 1240 1779 1293 in
1809 1239 2102 1304 infernum,

529 1335 622 1388 sed
660 1345 948 1390 revocatur
986 1351 1053 1390 ex
1096 1333 1306 1387 inferno
1354 1347 1448 1400 per
1488 1333 1780 1401 potentiam
1824 1333 1964 1400 ejus,
2012 1334 2104 1401 qui

532 1441 629 1495 pro
659 1427 814 1482 nobis
848 1428 1039 1482 mortis
1071 1425 1370 1493 principem
1401 1439 1464 1478 ac
1499 1425 1893 1479 dominatorem
1936 1439 2104 1491 expu-

534 1519 734 1588 gnavit.
767 1518 995 1572 Salrasti
1019 1533 1098 1570 me
1139 1535 1172 1570 a
1213 1517 1646 1571 descendentibus
1675 1519 1728 1570 in
1761 1521 1956 1570 (neunt.
1989 1517 2106 1572 Sa:-

535 1624 829 1677 penumeru
872 1608 1020 1662 lacus
1047 1609 1395 1663 nominantur
1423 1608 1796 1663 subterranea:
1828 1608 2009 1675 fossae,
2043 1615 2108 1665 ait

534 1703 838 1756 vinctorum
867 1704 1172 1757 custodiam
1198 1702 1484 1770 adaptatar.
1514 1703 1605 1756 Sic
1627 1702 1770 1756 enim
1797 1703 2001 1757 dictum
2029 1717 2111 1759 est

535 1796 591 1849 in
621 1794 808 1849 Exodo
835 1813 847 1850 :
874 1796 917 1849 Α
946 1795 1288 1864 primogenita
1323 1791 1619 1848 Pharaonis
1646 1833 1662 1860 ,
1698 1809 1861 1863 usque
1906 1799 1974 1849 ad
2010 1799 2112 1864 pri-

537 1889 855 1956 mogenitum
885 1889 1128 1955 captivas,
1169 1904 1286 1956 qua
1322 1898 1434 1940 erat
1466 1888 1518 1938 in
1550 1886 1669 1938 lacu
1696 1885 1760 1941 ".
1803 1886 1910 1941 Sed
1941 1897 1995 1942 et
2019 1887 2100 1942 Je-
2147 1867 2184 1918 Β

539 1977 763 2032 remiam
792 1977 843 2030 in
875 1977 1051 2030 lacum
1093 1978 1430 2032 demiserunt
1462 1976 1541 2040 ";
1585 1986 1639 2030 et
1665 1974 1866 2048 Joseph
1905 1979 1958 2031 in
1991 1978 2111 2030 lacu

540 2085 736 2140 aquam
779 2085 886 2124 non
930 2069 1163 2125 habente
1207 2069 1404 2122 fratres
1461 2083 1574 2137 pm
1621 2067 1821 2123 invidia
1879 2068 2112 2124 incluse-

543 2171 672 2216 runt
698 2163 764 2215 '°.
795 2162 981 2230 Itaque
1012 2163 1156 2214 actio
1187 2160 1442 2228 qualibet
1483 2170 1578 2215 aut
1611 2176 1707 2215 nos
1735 2169 1957 2229 peccato
1990 2175 2114 2229 gra—

540 2263 696 2306 vatos
727 2254 792 2307 ad
817 2253 1073 2307 inferiora
1105 2252 1379 2322 deprimit,
1403 2263 1496 2306 aut
1524 2267 1622 2307 nos
1645 2251 1800 2319 quasi
1830 2250 2021 2318 pennis
2052 2251 2118 2304 ad

544 2343 712 2400 Deum
758 2342 930 2397 elatos
969 2344 1035 2397 ad
1075 2343 1356 2412 superiora
1405 2343 1605 2396 evehit.
1642 2340 1724 2394 Me
1772 2339 1935 2408 igitur
1970 2339 2121 2408 prius

541 2433 708 2488 vitam
745 2432 984 2501 iniquam
1021 2443 1265 2501 agentem
1307 2428 1560 2493 servasti,
1597 2440 1764 2500 atque
1809 2446 1838 2484 a
1889 2432 2116 2486 descen-

543 2523 798 2580 dentibus
833 2524 886 2578 in
929 2525 1275 2580 tenebrosum
1308 2539 1372 2578 ac
1418 2522 1672 2594 frigidum
1717 2523 1895 2579 locum
1941 2525 2122 2594 sejun-

544 2619 694 2675 xisti.
725 2618 959 2689 ldipsum
996 2619 1158 2688 igitur
1191 2617 1531 2687 signiﬁcatur
1560 2617 1740 2672 verbis
1768 2617 1896 2681 illis.
1934 2617 2123 2673 Susce-

543 2715 671 2783 pisti
705 2732 819 2780 me;
853 2717 953 2769 hoc
977 2724 1080 2779 est,
1110 2715 1394 2768 Reduxisti
1427 2729 1509 2768 me
1542 2731 1569 2767 a
1608 2714 1814 2769 ferente
1839 2730 1926 2769 me
1963 2717 2122 2768 deor-

548 2820 668 2859 sum
704 2806 926 2874 impetu,
947 2815 1005 2859 ut
1032 2820 1098 2858 ne
1125 2805 1425 2860 delectandi
1445 2806 1513 2860 de
1537 2822 1622 2861 me
1642 2808 1860 2861 occasio
1890 2808 2125 2862 inimicis

547 2896 786 2951 daretur.
805 2894 959 2962 Quod
985 2897 1149 2967 igitur
1163 2897 1292 2951 alibi
1313 2898 1390 2952 ait
1415 2916 1427 2951 :
1455 2898 1559 2962 Qui
1573 2899 1790 2968 perfecit
1815 2902 1970 2966 pedes
1987 2915 2126 2954 meos

549 2999 799 3061 tanquam
822 2991 979 3055 cervi,
1013 3001 1060 3044 et
1083 3006 1239 3060 super
1260 2991 1463 3045 excelsa
1482 3001 1719 3045 statuens
1746 3010 1826 3045 me
1853 2993 1896 3023 ⁸⁷
1919 3010 1934 3059 ;
1959 2993 2009 3045 id
2038 2995 2128 3048 hic

551 3084 781 3139 reditum
800 3084 866 3138 ad
884 3082 1116 3147 excelsa,
1137 3081 1504 3138 liberationem
1526 3099 1554 3136 a
1578 3083 1695 3138 lacu
1707 3086 2130 3154 susceptionem-

550 3191 656 3242 que
682 3177 936 3245 appellat.
969 3176 1135 3232 Vens.
1167 3176 1219 3231 5.
1251 3174 1472 3232 Psallite
1516 3176 1760 3242 Domino,
1789 3178 1958 3232 sancti
1985 3178 2121 3246 ejus.

552 3265 668 3321 Non
693 3269 948 3322 continuo
971 3270 1013 3322 si
1051 3269 1320 3339 quispiam
1353 3270 1542 3340 psalmi
1573 3271 1733 3325 verba
1773 3284 1866 3325 ore
1901 3274 2125 3340 profert,

551 3358 639 3415 hic
663 3358 891 3413 Domino
912 3359 1093 3428 psallit
1124 3379 1136 3413 :
1164 3363 1259 3415 sed
1283 3363 1594 3431 quicunque
1616 3378 1682 3417 ex
1705 3377 1839 3432 puro
1861 3363 2023 3417 corde
2045 3363 2133 3416 de-

555 3458 808 3520 promunt
831 3450 1207 3520 psalmodiam,
1237 3453 1396 3521 127
1415 3464 1471 3507 et
1493 3464 1756 3523 quotquot
1785 3463 1910 3508 sunt
1934 3456 2130 3518 sancti,

554 3539 645 3607 qui
669 3555 793 3611 erga
830 3541 996 3595 Deum
1019 3552 1237 3597 servant
1259 3543 1551 3610 justitiam,
1578 3546 1611 3598 ii
1638 3548 1691 3598 in
1723 3545 1990 3613 rhythmis
2018 3548 2131 3615 spi-

556 3625 845 3685 ritualibus
896 3629 1165 3684 concinne
1222 3629 1415 3683 ordine
1464 3631 1695 3699 psallere
1740 3631 1849 3684 Deo
1885 3641 2128 3699 possunt.

558 3718 698 3784 Quot
728 3717 1106 3786 fornicatores,
1133 3731 1266 3791 quot
1301 3720 1451 3776 fures
1475 3721 1566 3774 hic.
1607 3721 1794 3775 stant?
1837 3721 1977 3787 Quot
2006 3732 2132 3775 sunt

559 3809 651 3877 qui
680 3810 858 3864 dolum
885 3827 948 3867 ac
968 3813 1306 3868 mendacium
1331 3817 1383 3867 in
1407 3813 1570 3867 corde
1594 3814 1930 3867 abscondunt
1946 3811 1968 3864 ?
1986 3810 2134 3865 Psal-

562 3900 673 3960 lere
707 3905 924 3972 quidem
966 3915 1241 3975 putantur,
1272 3920 1462 3961 revera
1503 3914 1684 3960 autem
1720 3919 1824 3959 non
1874 3902 2133 3973 psallunt.

568 3993 828 4046 Sanctum
851 3995 994 4048 enim
1029 3999 1097 4050 ad
1123 3996 1358 4065 psalmos
1384 3995 1749 4050 concinendos
1782 4009 1962 4049 sermo
1996 3993 2135 4047 invi-

568 4091 662 4138 tat.
697 4081 820 4136 Non
855 4094 1022 4151 potest
1055 4090 1216 4140 arbor
1246 4089 1389 4142 mala
1434 4089 1595 4142 bonos
1638 4088 1842 4157 fructus
1873 4086 2045 4155 facere
2076 4086 2144 4150 ’⁸,

566 4188 742 4243 neque
775 4192 869 4230 cor
903 4178 1104 4233 malum
1151 4181 1271 4234 vitae
1314 4181 1478 4234 verba
1524 4180 1785 4249 proferre.
1818 4177 2006 4232 Facite
2039 4180 2145 4230 ita-

566 4282 665 4332 que
697 4276 940 4322 arborem
980 4272 1190 4334 bonam,
1230 4283 1276 4323 et
1311 4269 1518 4338 [ructus
1553 4272 1667 4339 ejus
1708 4271 1870 4323 bonos
1902 4270 1967 4326 ”.
2009 4268 2145 4322 Pur-

572 4372 695 4428 gate
727 4365 890 4417 corda
924 4373 981 4418 ut
1012 4365 1064 4419 in
1097 4366 1291 4434 Spiritu
1336 4365 1570 4420 fructum
1607 4365 1813 4431 feratis,
1847 4373 1900 4419 et
1927 4365 2150 4433 possitis

574 4458 746 4512 sancti
782 4458 986 4524 cﬂecti,
1024 4460 1322 4530 prudenter
1351 4460 1580 4514 Domino
1611 4459 1865 4528 psallere.

2155 3222 2200 3281 C

2199 600 2348 668 πρὸς
2383 600 2477 666 σὲ,
2532 600 2630 653 καὶ
2677 597 2824 652 Idm.)
2865 617 2962 667 με.
3015 597 3179 652 Οὐδὲν
3225 594 3442 662 ἐγένετο
3478 597 3655 662 μέσον
3706 595 3807 662 τῆς

2199 692 2339 760 ἐμῆς
2382 691 2563 762 φωνῆς
2597 689 2691 743 καὶ
2715 689 2816 758 τῆς
2847 689 2945 758 σῆς
2984 691 3231 759 χάριτος,
3262 685 3375 739 ἀλλ’
3404 684 3549 754 ὁμοῦ
3586 704 3644 737 τε
3681 687 3809 740 ἐκέ-

2202 782 2400 853 κραξα,
2434 785 2527 837 καὶ
2558 780 2861 852 προσῆλθεν
2889 781 2922 850 ὴ
2958 779 3120 842 ἴασις.
3157 783 3276 834 Ἔτι
3303 777 3411 849 γὰρ
3440 777 3810 840 λαλοῦντός

2200 894 2335 939 σου,
2385 879 2568 948 φησιν,
2599 874 2728 944 ἐρῶ·
2784 873 2928 928 Ἰδοὺ
2981 870 3235 940 πάρειμι.
3279 871 3508 942 Μεγάλα
3574 863 3676 920 οὖν
3730 869 3814 920 δεῖ

2203 969 2530 1038 φθέγγεσθαι
2580 967 2868 1040 εὐχόμενον
2895 965 2973 1036 τῷ
2999 963 3137 1034 Θεῷ,
3172 965 3258 1017 ἵνα
3286 970 3481 1036 ταχεῖα
3513 963 3657 1035 ἡμῖν
3709 962 3811 1012 ἑπ-

2203 1061 2456 1132 ανατείλῃ
2482 1063 2593 1133 (45)
2619 1065 2652 1134 ἡ
2677 1062 2837 1124 ἴασις.
2858 1061 3055 1128 Κύριε,
3081 1055 3377 1126 ἀνήγαγες
3394 1059 3465 1121 ἐξ
3494 1056 3652 1124 ᾅδου
3687 1049 3811 1116 τὴν·

2204 1151 2413 1222 ψυχήν
2439 1169 2577 1219 μου.
2608 1155 2743 1226 Περὶ
2763 1150 2968 1220 ταύτης
2998 1149 3097 1218 τῆς
3135 1149 3329 1210 ἰάσεως
3369 1149 3706 1219 εὐχαριστεῖ
3729 1141 3812 1212 τῷ

2204 1245 2323 1315 Θεῷ
2347 1248 2375 1298 ὁ
2407 1244 2681 1300 κατελθὼν
2715 1247 2811 1317 μὲν
2843 1244 2901 1312 ἐξ
2926 1243 3207 1305 ἀσθενείας
3234 1244 3311 1304 εἰς
3339 1241 3497 1311 ᾅδην,
3535 1239 3809 1310 ἀναχθεὶς

2207 1338 2262 1391 δὲ
2295 1335 2401 1390 ἀπὸ
2433 1334 2528 1388 τοῖ’)
2573 1335 2699 1406 ᾅδου
2727 1338 2815 1393 διὰ
2850 1339 2947 1408 τῆς
2985 1334 3266 1404 δυνάμεως
3310 1331 3404 1384 τοῦ
3452 1333 3601 1403 ὑπὲρ
3643 1331 3810 1404 ἡμῶν

2209 1427 2712 1490 καταπαλαίσαντος
2749 1430 2837 1482 τὸν
2871 1428 2932 1482 τὸ
2961 1427 3160 1498 κράτος
3186 1425 3376 1495 ἔχοντα
3409 1422 3504 1475 τοῦ
3537 1423 3809 1477 θανάτου.

2213 1517 2492 1584 Ἕσωονάς
2512 1536 2587 1587 με
2626 1519 2744 1572 ἀπὸ
2771 1519 2888 1574 τῶν
2911 1519 3387 1573 καταϐαινόντων
3420 1517 3511 1580 εἰς
3540 1514 3810 1567 λάκκον.

2211 1611 2486 1681 “Nam
2544 1612 2641 1681 μὲν
2699 1613 2746 1664 οἱ
2798 1612 2990 1666 λάκκοι
3037 1608 3391 1680 ὀνομάζονται
3440 1606 3513 1659 τὰ
3568 1605 3814 1671 ὑπόγεια

2210 1702 2518 1774 ὀρύγματα,
2572 1704 2649 1765 είς
2712 1702 2960 1774 φυλακὴν
3015 1701 3251 1770 δεσμίων
3303 1696 3809 1768 ἐπιτετηδευμένα.

2214 1796 2370 1848 Οὕτω
2398 1795 2506 1866 γὰρ
2538 1796 2750 1866 εἴρηται
2783 1797 2839 1848 ὲν
2871 1800 2936 1867 τῇ
2985 1793 3196 1862 Ἑξὸδῳ·
3241 1793 3382 1845 Ἀπὸ
3416 1790 3815 1859 πρωτοτόκου

2215 1889 2426 1957 Φαραὼ
2446 1888 2557 1954 ἕως
2577 1891 2956 1956 πρωτοτόκου
2985 1887 3095 1955 τῆς
3120 1884 3563 1954 αὶχμαλωτίδος
3595 1881 3714 1949 τῆς
3748 1882 3818 1932 ἐν

2216 1980 2295 2045 τῷ
2325 1981 2547 2047 λάκκῳ.
2589 1977 2748 2031 Ἀλλὰ
2784 1979 2879 2032 καὶ
2905 1979 2996 2031 τὸν
3036 1977 3304 2047 Ἱερεμίαν
3349 1979 3428 2039 εἰς
3475 1975 3689 2028 λάκκον
3726 1975 3818 2024 ὲν-

2217 2074 2441 2127 ἐϐαλον·
2487 2074 2580 2126 καὶ
2608 2072 2699 2125 τὸν
2742 2071 2936 2142 Ἰωσὴφ
2972 2071 3076 2124 ὑπὸ
3105 2068 3198 2122 τοῦ
3249 2069 3443 2139 φθόνου
3490 2070 3539 2120 oi
3589 2062 3820 2131 ἀδελφοὶ

2217 2168 2405 2236 λάκκῳ
2437 2166 2823 2220 ἐναπὲκλεισαν
2868 2163 3010 2237 ὕδωρ
3053 2163 3126 2234 μὴ
3171 2161 3367 2232 ἔχοντι.
3425 2159 3677 2227 Ἐκάστη
3719 2152 3818 2209 οὖν

2222 2260 2418 2332 πρᾶξις
2467 2258 2500 2328 ἢ
2549 2259 2640 2310 ἐπὶ
2687 2257 2756 2310 τὰ
2804 2256 2954 2309 κάτω
3004 2256 3149 2327 ἡμᾶς
3190 2254 3440 2321 κατάγει,
3494 2249 3824 2322 βαρύνο-δςα

2221 2353 2366 2421 ἡμᾶς
2393 2349 2500 2418 (46)
2523 2347 2610 2400 διὰ
2644 2348 2741 2416 τῆς
2770 2347 3063 2417 ἁμαρτίας,
3090 2344 3123 2414 ἢ
3171 2345 3262 2395 ἐπὶ
3292 2343 3358 2395 τὰ
3387 2342 3500 2395 ἄνω
3534 2340 3820 2409 κουφίζει,

2225 2439 2499 2511 πτεροῦσα
2523 2440 2669 2509 ἡμᾶς
2697 2439 2828 2509 πρὸς
2853 2438 2943 2490 τὸν
2970 2437 3124 2490 Θεόν.
3158 2437 3408 2497 Ἔσωσας
3430 2429 3527 2487 οὖν
3551 2435 3660 2504 ἐμὲ
3685 2433 3824 2501 πρό-

2224 2552 2380 2606 τερον
2407 2533 2534 2586 δντα
2563 2535 2620 2585 ὲν
2670 2532 2768 2601 βίῳ
2804 2531 3047 2602 πονηρῷ,
3082 2529 3321 2600 χωρίσας
3361 2529 3471 2582 ἀπὸ
3501 2530 3617 2581 τῶν
3651 2544 3824 2579 κατα-

2229 2626 2521 2680 ϐαινόντων
2568 2627 2647 2687 εἰς
2690 2623 2780 2676 τὸν
2820 2623 3203 2693 ὲσκοτισμένον
3251 2622 3346 2675 καὶ
3394 2619 3824 2689 κατεψυγμένον

2226 2720 2406 2772 τόπον.
2449 2717 2617 2771 Τοῦτο
2639 2711 2730 2770 οὖν
2759 2717 2874 2769 ἐστι
2905 2715 2986 2780 τὸ,
3029 2714 3344 2780 Ὑπέλαϐές
3368 2731 3442 2782 με
3465 2729 3479 2741 ”
3513 2710 3823 2772 τουτέστιν,

2241 2811 2615 2883 Ἐπανὴγαγές
2650 2827 2716 2882 με
2740 2809 2848 2863 ἀπὸ
2874 2812 2971 2880 τῆς
3002 2810 3080 2871 είς
3111 2809 3171 2860 τὸ
3215 2808 3361 2861 κάτω
3396 2803 3596 2873 φορᾶς,
3639 2802 3717 2864 ὡς
3750 2800 3824 2870 μὴ

2228 2905 2409 2958 δοῦναι
2451 2905 2640 2974 καιρὸν
2681 2902 3121 2973 ὲπευφρανθῆναί
3165 2919 3253 2970 μοι
3287 2899 3410 2960 τοὺς
3453 2894 3712 2966 ἐχθρούς.
3760 2897 3824 2946 Ὃ

2229 2994 2322 3052 οὖν
2349 2996 2584 3066 ἀλλοιχοῦ
2616 2997 2864 3066 εἴρηκεν,
2893 2996 2974 3046 ὅτι
3010 2989 3505 3060 Καταρτιζόμενος
3536 2988 3686 3053 τοὺς
3719 2990 3826 3040 πό-

2230 3087 2341 3150 δας
2383 3103 2502 3154 μου
2537 3085 2680 3136 ὡσεὶ
2713 3084 2964 3153 ἐλάφου,
3001 3083 3097 3135 καὶ
3133 3080 3229 3133 ἐπὶ
3263 3079 3335 3131 τὰ
3377 3078 3594 3146 ὑψηλὰ
3637 3075 3829 3130 ἱστῶν

2228 3197 2303 3249 με
2350 3179 2482 3249 (47),
2519 3177 2616 3248 τὴν
2665 3179 2744 3240 είς
2782 3177 2848 3228 τὰ
2882 3176 3061 3245 ὑψηλά
3096 3173 3355 3226 ἐπάνοδον
3396 3170 3608 3224 λάκκου
3647 3170 3825 3223 ἀπα).-

2231 3271 2401 3342 λαγὴν
2425 3272 2520 3322 καὶ
2549 3268 2818 3338 ὑπόληψιν
2844 3265 3117 3336 ὀνομάζει.
3159 3264 3398 3318 Ψάλατε
3425 3262 3504 3328 τῷ
3527 3263 3748 3328 Κυρίῳ,
3776 3263 3828 3310 οἱ

2235 3366 2387 3419 ὅσιοι
2409 3363 2615 3417 αὑτοῦ.
2649 3362 2761 3415 Οὐκ
2786 3360 2838 3412 εἴ
2861 3379 2942 3424 τις
2973 3359 3051 3429 τῷ
3083 3359 3312 3428 στόματι
3343 3357 3609 3426 προφέρει
3640 3353 3710 3404 τὰ
3734 3352 3829 3404 τοῦ

2234 3457 2445 3528 ψαλμοῦ
2483 3459 2721 3526 ῥήματα,
2761 3449 2917 3517 οὗτος
2948 3452 3140 3522 ψάλλει
3174 3450 3252 3520 τῷ
3295 3448 3484 3519 Κυρίῳ
3506 3464 3518 3475 ·
3557 3446 3679 3498 ἀλλ’
3713 3446 3830 3498 ὅσοι

2236 3550 2344 3604 ἀπὸ
2377 3548 2600 3620 καρδίας
2642 3547 2886 3618 καθαρᾶς
2928 3545 3316 3614 ἁναπὲμπουσι
3347 3540 3446 3602 τὰς
3474 3537 3829 3607 ψαλμῳδίας.

2242 3643 2336 3695 καὶ
2365 3642 2476 3694 ὅσοι
2506 3641 2643 3692 εἰσὶν
2673 3641 2831 3703 ὅσιοι,
2870 3636 3133 3701 σώζοντες
3163 3634 3259 3704 τὴν
3293 3632 3428 3703 πρὸς
3457 3631 3592 3684 Θεὸν
3625 3632 3834 3685 δικαιο-

2244 3732 2430 3801 σύνην,
2465 3727 2609 3784 οὗτοι
2640 3731 2750 3799 (48)
2779 3730 3032 3782 δύνανται
3077 3726 3298 3796 ψάλλειν
3346 3724 3424 3796 τῷ
3453 3723 3574 3794 Θεῷ
3599 3729 3719 3787 τοῖς
3750 3727 3834 3795 pu-

2243 3822 2398 3891 θμοῖς
2432 3823 2542 3883 τοῖς
2573 3821 2961 3889 πνευματικοῖς
2995 3817 3345 3888 ἁρμοζόντως
3379 3813 3828 3874 ἀκολουθοῦντες.

2242 3914 2406 3966 Πόσοι
2436 3913 2544 3964 ἀπὸ
2573 3911 2684 3981 (49)
2716 3910 2974 3980 πορνείας
3003 3911 3223 3963 ἑστᾶσιν
3254 3909 3509 3972 ἐνταῦθα,
3537 3908 3701 3960 πόσοι
3730 3904 3835 3956 ἀπὸ

2250 4003 2481 4073 κλοπῆςί
2508 4006 2662 4054 πόσοι
2694 4001 2865 4064 δόλον,
2901 4001 3054 4054 πόσοι
3080 3999 3432 4070 ψευδολογίαν
3462 4000 3520 4050 ὲν
3553 3999 3680 4058 ταῖς
3710 4011 3836 4061 καρ-

2250 4096 2388 4158 δίαις
2418 4094 2782 4165 κρύπτοντεςί
2819 4094 3056 4148 Ψάλλειν
3091 4094 3322 4162 οἴονται,
3365 4093 3432 4162 τῇ
3478 4087 3713 4158 ἀληθείᾳ
3765 4085 3834 4153 μὴ

2252 4189 2565 4258 ψάλλοντες.
2605 4189 2789 4240 Ὅσιον
2827 4188 2936 4258 γὰρ
2966 4188 3120 4240 καλεῖ
3151 4186 3286 4257 πρὸς
3323 4181 3704 4253 ψαλμολογίαν
3726 4178 3834 4247 (50)

2256 4281 2284 4330 ὁ
2315 4278 2485 4346 λόγος.
2525 4280 2605 4331 Οὐ
2651 4277 2896 4330 δύναται
2944 4276 3194 4344 δένδρον
3245 4274 3512 4341 πονηρὸν
3565 4270 3837 4338 καρποὺς

2260 4370 2518 4438 ἀγαθοὺς
2547 4369 2758 4432 ποιεῖν,
2790 4369 2909 4421 οὐδὲ
2956 4369 3152 4439 καρδία
3194 4365 3405 4435 πονηρὰ
3443 4365 3668 4434 ῥήματα
3699 4360 3838 4429 ζωῆς

2259 4460 2559 4512 ἐκϐάλλειν.
2598 4460 2896 4525 Ποιήσατε
2928 4456 3042 4514 οὖν
3072 4458 3138 4511 τὸ
3188 4457 3440 4524 δένδρον
3485 4454 3702 4511 καλὸν,
3745 4453 3836 4504 καὶ

572 4553 716 4619 τοὺς
749 4557 1015 4623 καρποὺς
1045 4556 1229 4611 αὐτοῦ
1265 4557 1510 4621 καλούς.
1543 4553 1838 4624 Καθάρατε
1882 4551 1980 4614 τὰς
2021 4551 2264 4623 καρδίας,
2333 4555 2420 4608 ἵνα
2487 4557 2870 4627 καρποφορῆτε
2939 4553 3017 4624 τῷ
3059 4553 3350 4622 πνεύματι,
3419 4550 3512 4602 καὶ
3550 4545 3834 4615 δυνηθῆτε,

572 4652 709 4705 ὅσιοι
743 4653 1045 4723 γενόμενοι,
1073 4652 1294 4722 ψάλλειν
1330 4651 1565 4714 συνετῶς
1590 4650 1666 4721 τῷ
1696 4648 1904 4719 Κυρίῳ.
2189 4657 2230 4709 D

646 4742 700 4798 4.
743 4741 813 4795 Et
857 4745 1181 4811 conﬁtemini
1219 4746 1482 4800 memoriae
1525 4744 1823 4797 sanctitatis
1861 4742 1997 4809 ejus.
2032 4739 2146 4794 Non

653 4926 699 4958 ³³
728 4925 831 4979 lsa.
862 4939 1011 4988 LVIII,
1040 4925 1094 4978 9.
1172 4925 1219 4955 ’δ
1247 4925 1419 4989 Exod,
1446 4940 1543 4990 xu,
1568 4923 1660 4978 29.
1736 4923 1780 4954 ³⁵
1802 4920 2002 4976 Jerem.
2027 4931 2253 4983 xxxvttt,
2277 4915 2331 4971 6.
2406 4917 2449 4948 "
2475 4915 2608 4970 Gen.
2641 4913 2956 4981 xxxvnﬂi.

581 5014 677 5065 vn,
712 4998 799 5052 18.
875 4997 919 5028 ³⁸
953 4995 1144 5051 Matth.
1179 5012 1278 5063 xu,
1304 4997 1394 5052 55.

678 5174 768 5244 45)
792 5173 1015 5242 Legitur
1041 5171 1094 5225 in
1117 5171 1326 5244 duobus
1360 5185 1489 5224 mss.
1519 5169 1877 5244 επανατὲλλῃ.

678 5177 768 5244 45)
792 5177 1015 5242 Legitur
1041 5177 1094 5225 in
1117 5177 1326 5225 duobus
1360 5185 1489 5224 mss.
1519 5177 1877 5240 ἐπανατέλλῃ.

656 5177 1028 5319 itmﬂditiet
1083 5241 1324 5319 nonnulli
1362 5257 1490 5295 tnss.
1521 5240 1838 5319 genetivoqu
1868 5239 2035 5309 ἡμᾶς·
2069 5234 2160 5290 sed

586 5311 929 5384 deest—nudi;
954 5315 1007 5366 in
1046 5312 1238 5384 majori
1271 5321 1420 5384 parte
1455 5329 1598 5384 Iltss‘._
1623 5311 1912 5384 Moxillegj
1965 5322 2160 5384 securi:

586 5393 688 5443 dus
720 5375 969 5446 Ἐ’άωσάς
1020 5399 1088 5455 με
1122 5375 1214 5436 οὖν
1260 5375 1522 5453 πρότερον
1575 5381 1704 5433 ὅντα
1748 5383 1806 5432 ἐν
1845 5375 1922 5450 τῷ
1960 5379 2058 5450 βίῳ
2091 5375 2166 5445 τῷ

588 5476 724 5513 πονη
736 5476 830 5513 οω.

664 5477 999 5598 ἷέἧῳὲιιὶιίο
1039 5524 1211 5579 Paris.
1245 5523 1436 5598 ἐπὶ-τὰ
1476 5522 1582 5598 Etim
1619 5539 1685 5592 με
1716 5519 1898 5598 ίστῶν.
1939 5521 2009 5573 At
2042 5533 2168 5598 mss.

598 5591 804 5666 st-ptein
835 5607 892 5649 ut
938 5599 989 5648 in
1027 5606 1308 5666 contextu.
1341 5593 1450 5650 Nec
1494 5591 1565 5648 ita
1620 5591 1788 5646 multo
1836 5601 1958 5661 post
2009 5591 2172 5656 aliqui

596 5664 726 5724 mss.
768 5667 1064 5738 προσφέρει
1089 5664 1177 5720 τά.

671 5729 958 5802 (48)(10113.
986 5729 1251 5791 secundus
1279 5736 1392 5788 ἀλλ’
1430 5737 1478 5789 οἳ
1518 5735 1624 5790 ἀπὸ
1657 5733 1882 5804 καρδίας
1925 5729 2170 5804 καθαρᾶς

597 5801 982 5881 ἀναπέμπουσι
1013 5806 1108 5870 τὰς
1139 5806 1488 5878 ψαλμῳδίας·
1533 5806 1624 5859 καὶ
1681 5801 1795 5859 δέοι
1843 5801 2166 5858 εξσῖδίκαιοι

2327 4736 2378 4792 4.
2418 4735 2528 4790 Καὶ
2573 4735 3032 4804 ἐξομολογεῖσθε
3064 4731 3137 4800 τῇ
3178 4729 3384 4800 μνήμῃ
3433 4724 3544 4794 τῆς
3590 4725 3839 4794 ἁγιωσύ-

3036 4907 3496 4973 "Psal.xvu,34.
3577 4909 3624 4939 "
3654 4907 3832 4961 Matth.

2271 5160 2578 5230 ἐγγίζοντες
2607 5161 2676 5232 τῇ
2703 5157 2838 5228 πρὸς
2866 5155 2997 5232 Θεὸν
3022 5151 3358 5232 δικαιοσύνῃ,
3388 5145 3556 5232 οξτοι,
3590 5162 3696 5232 etc.
3743 5151 3835 5204 Sed

2269 5223 2363 5302 qui
2396 5223 2459 5285 ea:
2490 5223 2826 5302 corde'pu'ro‘
2847 5229 3159 5302 depromunt
3191 5223 3565 5302 psalmodiam,
3607 5231 3657 5299 et
3695 5233 3836 5286 quot-

2270 5293 2391 5370 quot
2429 5311 2545 5356 sunt
2573 5293 2708 5366 justi
2741 5299 2826 5366 qui
2858 5299 2926 5348 ad
2967 5293 3362 5370 D_ei__justitiam_
3396 5293 3833 5370 appropinquant,

2274 5360 2350 5432 Ῑιὶ,
2385 5381 2487 5425 etc.
2514 5360 2801 5438 Aliquanio
2834 5375 2954 5436 post
2979 5360 3130 5420 Colb.
3164 5364 3430 5419 secundus
3481 5360 3714 5430 ῥυθμοῖς
3752 5362 3835 5413 τοῦ

2276 5458 2608 5502 πνευματος.

2349 5461 2692 5584 ῗὲὥατιὲῇίιίο
2723 5507 2911 5584 _Paris.
2980 5505 3135 5557 πόσοι
3188 5504 3244 5556 δὲ
3659 5503 3835 5584 v'oculla

2277 5584 2335 5635 δέ
2356 5572 2468 5634 ‘non
2505 5581 2698 5649 legitur
2723 5579 2772 5630 in
2797 5593 2886 5631 sex
2932 5592 3089 5649 mss,
3119 5574 3370 5649 nequein
3406 5573 3650 5649 editione
3679 5572 3833 5649 Basil.

2346 5653 2458 5722 (50)
2495 5641 2622 5720 ne'g.
2679 5650 2869 5722 tertius
2918 5647 3055 5722 πρὸς
3106 5641 3442 5722 ψαλμιμδίαν.
3490 5641 3603 5722 l\_'8c
3638 5641 3836 5722 procul

2275 5713 2409 5788 Rea.
2441 5713 2710 5776 secundus
2761 5713 3127 5789 καθαρίσατε,
3166 5713 3258 5789 sed
3294 5715 3388 5780 ita,
3419 5723 3476 5768 ut
3519 5714 3689 5769 lectio
3722 5713 3834 5777 alia,

2275 5786 2574 5864 καθάρατε,
2608 5791 2662 5846 in
2682 5786 2926 5859 margine
2956 5789 3185 5858 ascripta
3215 5786 3304 5840 sit.
