4016 6466
201 398 313 453 313

1336 393 1616 450 HOMILIA
1656 390 1722 445 IN
1763 391 2090 450 PSALMUM
2131 394 2324 449 XXIX.

3347 392 3451 452 5Ιὲ

202 537 323 587 γης
365 519 564 573 αὐτοῦ.
600 521 713 574 Οὐκ
745 515 915 583 εἶπεν,
951 519 1381 590 Ἐξομολογεῐσθε
1412 522 1477 590 τῇ
1508 515 1781 588 ἁγιωσύνῃ

1885 518 2041 581 dixit,
2080 516 2423 572 Conlitemini
2479 517 2754 572 sanctitati
2808 517 2956 585 cjus,
3000 517 3131 581 sed,
3183 516 3454 570 Memoria:

206 613 398 674 αὑτοῦ,
440 611 602 675 ἀλλὰ,
651 611 728 681 Τῇ
772 613 977 682 μνήμη
1023 611 1131 680 τῆς
1178 611 1516 681 ἁγιωσύνης
1560 608 1776 662 αὐτοῦ·

206 705 504 770 τουτέστιν,
554 705 952 776 Εὑχαριστεῖτε.
1006 705 1068 756 'H
1111 702 1217 770 γὰρ
1264 700 1644 771 ἐξομολόγησις
1694 702 1778 751 ἐν-

207 796 383 848 ταῦθα
428 797 547 851 ἀντὶ⁸
596 796 944 867 εὐχαριστίας
993 794 1347 864 λαμϐάνεται.
1395 789 1779 862 Εὐχαριστεῖτε

205 887 327 950 οὖν,
365 889 446 944 ὅτι
490 891 546 940 ἐν
583 890 770 959 μνὴμῃ
806 888 903 956 τῆς
935 884 1243 956 ἁγιωσύνης
1289 885 1453 937 αὐτοῦ
1500 883 1775 951 ἐγένεσθεο

207 981 259 1032 οἳ
294 981 574 1051 πρότερον,
613 980 701 1033 διὰ
743 979 803 1033 τὸ
846 976 1168 1048 ἐμϐαθύνειν
1205 978 1271 1047 τῇ
1305 977 1492 1045 κακίᾳ,
1537 977 1629 1028 καὶ
1661 977 1779 1036 ταῖς

208 1073 570 1143 ἁκαθαρσίαις
619 1072 718 1143 τῆς
772 1069 969 1140 σαρκὸς
1035 1067 1430 1139 ἐμμολύνεσθαι
1499 1067 1645 1136 (5i),
1701 1068 1778 1127 είς

207 1163 384 1233 λήθην
417 1161 605 1231 ἡλθετε
650 1162 747 1229 τῆς
779 1157 1087 1226 ἁγιωσύνης
1129 1155 1222 1209 τοῦ
1265 1157 1584 1225 ποιήσαντος
1613 1154 1776 1223 ὑμᾶς.

219 1252 396 1322 ’Υπὲρ
429 1250 520 1305 οὖν
546 1251 638 1305 τοῦ
681 1247 968 1318 ἐξιλασμοῦ
998 1248 1106 1302 τῶν
1149 1247 1568 1318 ἡμαρτημένων,
1604 1244 1783 1314 ἐξομο-

207 1345 456 1414 λογεῖσθε
492 1361 554 1397 πε
565 1345 615 1412 pi.
642 1342 747 1395 τῶν
770 1343 867 1411 οὐχ
897 1340 1063 1409 ὑγιῶς
1097 1342 1223 1410 ὑμῖν
1248 1338 1778 1409 προπεπραγμένων.

210 1439 338 1490 Ὅτι
367 1436 507 1505 ὀργὴ
538 1435 606 1487 ἐν
631 1433 711 1498 τῷ
743 1433 906 1501 θυμῷ
953 1431 1160 1494 αὐτοῦ,
1197 1430 1294 1485 καὶ
1333 1428 1441 1497 ζωὴ
1476 1429 1544 1482 ἐν
1581 1427 1659 1492 τῷ
1686 1431 1782 1481 θε-

208 1525 433 1594 λήματι
463 1520 665 1575 αὑτοῦ.
693 1522 963 1592 Πρότερον
999 1515 1117 1572 εἶπε
1148 1519 1208 1571 τὸ
1241 1518 1583 1588 σκυθρωπὸν,
1613 1517 1782 1589 ὀργὴν

209 1618 275 1667 ἐν
321 1615 398 1684 τῷ
449 1612 604 1682 θυμῷ
641 1612 732 1664 τοῦ
787 1612 954 1665 Θεοῦ’
1006 1607 1127 1664 εἶτα
1171 1610 1231 1664 τὸ
1278 1610 1645 1681 φαιδρότερον,
1686 1609 1783 1678 τὴν

210 1708 359 1777 ζωὴν
389 1709 446 1759 ἐν
488 1706 564 1776 τῷ
598 1707 856 1776 θελήματι
890 1703 1074 1758 αὑτοῦ.
1110 1706 1264 1756 Δοκεῖ
1292 1703 1610 1771 ταυτολογία
1642 1697 1781 1754 εἶναι

207 1802 326 1860 τοῖς
373 1797 447 1868 μὴ
494 1798 805 1868 δυναμένοις
835 1797 932 1866 τῆς
976 1795 1258 1866 ἀκριϐείας
1299 1794 1406 1846 τῶν
1452 1792 1783 1864 σημαινομέ-

1882 610 2179 662 sanctitatis
2215 604 2327 678 ejus
2357 621 2376 660 .'
2414 608 2516 662 hoc
2559 618 2665 672 est,
2707 609 2924 662 Gratias
2970 609 3130 678 agite.
3174 609 3453 663 Confessio

1881 715 2116 770 namque
2160 700 2249 755 hic
2283 714 2380 770 pro
2412 701 2705 769 gratiarum
2748 700 2959 754 actione
2992 699 3273 767 accipitur.
3317 699 3453 753 Gra-

1888 794 1994 848 tias
2025 794 2190 863 igitur
2225 794 2386 863 agite,
2422 791 2558 861 quod
2599 791 2652 844 in
2690 791 2952 846 memoria
2987 791 3289 845 sanctitatis
3331 789 3446 858 ejus

1882 887 2002 940 sitis
2033 903 2046 939 :
2079 887 2171 955 qui
2213 885 2387 956 prius,
2422 893 2606 955 utpote
2644 884 2905 952 profunda
2950 885 3184 938 immersi
3217 883 3442 947 malitia,

1881 990 1937 1033 et
1981 979 2161 1032 carnis
2220 978 2494 1046 spurcitiis
2547 976 2916 1038 contaminati,
2958 976 3012 1029 in
3067 974 3183 1044 ejus
3225 977 3313 1045 qui
3354 989 3447 1028 vos

1888 1069 2131 1124 condidit
2178 1068 2504 1124 oblivionem
2547 1069 2840 1122 veneratis.
2875 1066 3057 1136 Itaque
3101 1068 3166 1121 ad
3207 1068 3482 1122 obtinetto'

1884 1162 2007 1214 dam
2050 1168 2391 1228 peccatorum
2448 1159 2684 1223 veniam,
2731 1159 2796 1212 de
2842 1158 2924 1212 his
2956 1172 3073 1227 qua:
3107 1169 3263 1211 antea
3294 1173 3322 1210 a
3354 1171 3451 1211 vo-

1884 1253 1970 1307 bis
1997 1267 2102 1306 non
2127 1261 2274 1306 recte
2299 1259 2446 1321 gesta
2477 1260 2602 1304 sunt
2628 1250 3016 1305 conﬁteamini.
3041 1248 3202 1303 Vsus.
3226 1249 3277 1302 6.
3309 1248 3455 1314 Quo-

1884 1348 2025 1400 niam
2071 1347 2152 1398 ira
2191 1346 2245 1398 in
2275 1345 2631 1414 indignatione
2662 1342 2796 1411 ejus,
2829 1353 2877 1395 ct
2927 1343 3034 1396 vita
3083 1343 3138 1395 in
3185 1341 3453 1394 voluntate

1884 1440 2021 1508 ejus.
2056 1437 2214 1492 Prius
2267 1436 2419 1490 triste
2466 1435 2719 1504 quiddam
2765 1435 2919 1497 dixit,
2959 1435 3092 1488 iram
3129 1435 3179 1488 in
3213 1435 3453 1503 indigna-

1887 1528 2031 1581 tione
2063 1526 2153 1581 Dei
2191 1547 2203 1580 :
2241 1526 2432 1580 deinde
2476 1525 2676 1594 aliquid
2718 1525 2908 1589 Izetius,
2946 1526 3110 1578 vitam
3159 1525 3212 1579 in
3258 1526 3451 1580 volun-

1886 1628 1997 1671 tate
2031 1619 2166 1686 ejus.
2197 1618 2419 1672 Videtur
2447 1615 2696 1686 repetitio
2724 1630 2863 1680 esse,
2895 1617 2961 1670 iis
2992 1619 3081 1685 qui
3117 1616 3452 1686 significato-

1885 1726 2002 1763 rum
2037 1709 2441 1779 intelligentiam
2475 1717 2784 1761 accuratam
2814 1707 3024 1776 assequi
3053 1722 3153 1760 non
3186 1717 3448 1775 possmt:

1885 1798 2315 1868 quandoquidem
2349 1798 2607 1867 propheta
2643 1798 2775 1851 dicit
2821 1798 2954 1851 iram
2995 1812 3114 1852 esse
3145 1797 3197 1850 in
3235 1797 3324 1850 Dei
3363 1799 3450 1849 in-

211 1856 323 1942 νων
357 1856 709 1957 ἐφάπτεσθαι,
741 1856 834 1941 τοῦ
884 1856 1156 1957 προφὴτου
1203 1885 1449 1954 λέγοντος
1494 1856 1661 1956 ἀργὴν
1689 1856 1781 1937 ⁷εἷ-

1886 1856 2217 1961 dignatione,
2249 1856 2405 1959 qua-si
2449 1856 2530 1942 ira
2560 1895 2614 1941 et
2647 1888 2940 1956 indignatio
2986 1888 3125 1943 idem
3170 1888 3300 1947 sint.
3327 1903 3448 1943 cum

209 2001 304 2036 ναι
339 1982 448 2053 (52)
477 1983 534 2034 ἐν
562 1981 640 2052 τῷ
667 1979 821 2051 θυμῷ
859 1979 950 2032 τοῦ
994 1977 1149 2039 Θεοῦ,
1179 1974 1254 2040 ὡς
1297 1977 1390 2030 τοῦ
1430 1977 1590 2030 αὑτοῦ
1635 1977 1785 2040 ὄντος

208 2077 385 2146 ὀργῆς
429 2074 518 2127 καὶ
562 2073 766 2143 θυμοῦ·
814 2072 1056 2124 πλεῖστον
1099 2069 1156 2122 δὲ
1190 2069 1251 2122 τὸ
1295 2069 1567 2139 διάφορον.
1605 2069 1786 2139 Θυμὸς

215 2166 320 2233 μὲν
361 2164 468 2235 γάρ
499 2166 641 2216 ἐστιν
671 2164 704 2231 ἡ
739 2161 916 2232 κρίσις
950 2158 1041 2212 τοῦ
1077 2160 1372 2230 ἐπαχθῆναι
1403 2160 1526 2212 τάδε
1561 2160 1680 2213 τινὰ
1720 2160 1786 2212 τά

214 2257 516 2328 σκυθρωπὰ
552 2255 628 2324 τῷ
672 2253 805 2322 ἀξίῳ
881 2253 1017 2325 ὀργὴ
1060 2253 1192 2328 δένὸ
1240 2253 1398 2314 πόνος
1443 2252 1564 2322 ήδη,
1615 2251 1707 2302 καὶ
1751 2251 1783 2319 ἡ

212 2349 436 2410 κόλασις
469 2349 501 2417 ἡ
539 2345 644 2399 ἀπὸ
686 2345 779 2398 τοῦ
813 2345 1021 2398 δικαίου
1067 2342 1254 2415 κριτοῦ
1303 2343 1442 2396 κατὰ
1487 2342 1548 2394 τὸ
1588 2341 1783 2412 μέτρον

210 2440 316 2508 τῆς
369 2437 578 2500 ἀδικίας
638 2435 972 2506 ἐπαγομένη.
1036 2433 1166 2485 Ἀπὸ
1230 2429 1670 2502 παραδείγματος
1727 2427 1783 2479 δὲ

215 2527 549 2598 σαφέστερον
577 2527 605 2578 ὃ
643 2526 785 2595 λέγω
833 2526 1118 2594 γενήσεται
1153 2520 1286 2589 (55).
1330 2518 1784 2589 Σημειωσὰμενος

210 2621 243 2671 6
289 2619 469 2690 ἰατρὸς
495 2619 553 2672 τὸ
581 2619 908 2688 φλεγμαῖνον
940 2615 1101 2684 μέρος
1137 2613 1228 2664 καὶ
1262 2610 1514 2675 ὓπουλον,
1546 2609 1786 2682 ἐγκρίνει

210 2714 319 2786 τὴν
347 2714 517 2782 τομὴν
550 2709 849 2778 ἀναγκαίαν
878 2702 1013 2758 εἶναι
1043 2703 1120 2774 τῷ
1151 2703 1430 2774 κάμνοντι.
1472 2702 1641 2755 Τοῦτο
1688 2700 1784 2754 θυ-

217 2805 323 2876 μὸν
352 2801 602 2872 ὀνομάζει
640 2801 672 2868 ἡ
709 2798 920 2869 Γραφή.
951 2793 1106 2849 Μετὰ
1130 2794 1185 2847 δὲ
1223 2795 1320 2864 τὴν
1350 2795 1441 2847 ἐπὶ
1469 2792 1544 2863 τῷ
1587 2792 1783 2863 βοηθή-

219 2912 352 2965 ματι
386 2892 564 2963 κρίσιν
604 2889 694 2942 τοῦ
738 2887 920 2959 ἰατροῦ
950 2885 1302 2939 ἐπακολουθεῖ
1340 2885 1524 2938 λοιπὸν
1557 2887 1588 2956 ἡ
1636 2885 1785 2955 ἐνέρ-

217 3003 342 3055 γεια
376 2987 454 3046 είς
499 2983 654 3053 ἔργον
699 2982 810 3054 (54)
850 2982 1054 3050 ἄγουσα
1098 2979 1166 3032 τὰ
1208 2979 1491 3050 κριθέντα,
1523 2979 1616 3031 καὶ
1644 2980 1671 3031 6
1709 2978 1786 3030 σί-

209 3080 380 3149 δηρος
432 3078 645 3148 τέμνων
692 3077 785 3129 καὶ
836 3075 1026 3146 ὀδύνην
1078 3073 1318 3144 ἐμποιῶν
1370 3072 1448 3141 τῷ
1496 3072 1782 3124 διακοπτο-

216 3165 386 3236 μένῳ.
434 3165 602 3217 Τοῦτο
650 3164 784 3234 ὀργὴ
836 3162 970 3214 Θεοῦ
1019 3161 1348 3232 ὠνόμασται.
1407 3159 1558 3213 Ἐλθὲ
1603 3160 1784 3213 τοίνυν

213 3257 314 3309 ’ἐπὶ
337 3257 398 3309 τὸ
442 3255 816 3325 προκείμενον,
851 3254 944 3306 καὶ
989 3254 1238 3324 εὑρήσεις
1266 3253 1327 3305 τὸ
1367 3250 1652 3304 ἀκόλουθον
1683 3251 1784 3321 τῆς

214 3348 446 3411 ἐννοίας.
475 3348 594 3398 Ὅτι
641 3344 784 3414 ὀργὴ
818 3345 887 3396 ἐν
933 3344 1012 3410 τῷ
1059 3345 1220 3415 θυμῷ
1267 3343 1472 3399 αὐτοῦ.
1513 3343 1780 3415 Τιμωρία,

217 3441 361 3495 κατά
408 3441 467 3492 τὸ
498 3438 701 3491 δίκαιον
748 3439 919 3509 κρῖμα
971 3437 1067 3491 τοῦ
1120 3436 1274 3491 Θεοῦο
1314 3435 1442 3503 Ζωὴ
1488 3434 1556 3488 δὲ
1597 3436 1668 3489 ἐν
1703 3435 1784 3502 τῷ

215 3532 504 3600 θελήματι
532 3530 734 3584 αὐτοῦ.
765 3531 828 3583 Τί
867 3525 959 3584 οῦν
994 3547 1187 3602 φησιν;
1223 3531 1341 3583 Ὅτι
1370 3528 1398 3581 ὃ
1431 3529 1529 3599 μὲν
1576 3528 1716 3582 θέλει
1753 3529 1782 3581 6

215 3623 373 3686 Θεὸς,
399 3621 556 3675 τοῦτό
585 3623 720 3687 ἐστι,
752 3623 960 3686 πάντας
993 3622 1238 3693 μετέχειν
1267 3621 1430 3676 αὑτοῦ
1468 3622 1566 3693 τῆς
1604 3622 1778 3692 ζωῆς·

215 3717 288 3770 τὰ
313 3716 368 3768 δέ
401 3715 774 3788 περιστατικά,
813 3716 932 3785 οὐχὶ
978 3714 1053 3786 τῷ
1096 3715 1357 3786 θελήματι
1407 3714 1572 3767 αὑτοῦ
1628 3715 1781 3784 ἐνερ-

215 3808 417 3876 γεῖται,
460 3807 594 3859 ἀλλά
636 3809 700 3877 τῇ
752 3805 877 3876 ἀξίᾳ.
911 3805 1019 3858 τῶν
1069 3804 1464 3876 ἡμαρτηκότων
1497 3807 1780 3872 ἐπάγεται.

217 3898 330 3969 Τὴν
366 3901 462 3969 μὲν
494 3895 586 3952 οῦν
620 3897 762 3969 ζωὴν
794 3899 821 3949 6
849 3897 980 3960 Θεὸς
1008 3896 1087 3966 τῷ
1123 3896 1236 3966 ἰδίῳ
1275 3895 1535 3967 θελήματι
1571 3897 1783 3967 ἑκάστῳ

216 3993 524 4062 χαρίζεται,
552 3992 651 4060 τὴν
683 3991 739 4042 δὲ
767 3990 938 4060 ὀργὴν
981 3989 1138 4051 αὐτὸς
1184 3989 1412 4050 ἕκαστος
1460 3988 1636 4058 ἐαυτῷ
1683 3989 1780 4058 θη-

217 4081 463 4154 σαυρίζει
493 4081 603 4153 (55)
639 4083 734 4134 Ἐν
777 4081 966 4150 ἡμέρᾳ
1003 4079 1183 4149 ὀργῆς
1223 4080 1320 4132 καὶ
1347 4081 1784 4149 ἀποκαλύψεως

215 4175 319 4228 καὶ
344 4173 771 4242 δικαιοκρισίας
810 4172 915 4226 τοῦ
958 4172 1124 4226 Θεοῦ.
1152 4171 1386 4242 Σύνηθες
1414 4171 1471 4224 δὲ
1497 4174 1562 4243 τῇ
1594 4173 1780 4245 Γραφῇ

217 4266 545 4336 προτάσσειν
589 4266 659 4319 τὰ
703 4265 1000 4338 σκυθρωπά
1042 4265 1148 4318 τῶν
1200 4264 1610 4337 χρηστοτέρων·
1651 4267 1782 4319 διότι

215 4355 383 4424 ἡδίων
411 4356 555 4408 ἐστὶν
593 4357 625 4426 ἡ
658 4356 974 4418 ἀπόλαυσις,
1017 4354 1590 4426 προκαθηγησαμένων
1617 4356 1783 4424 αὐτῆς

213 4445 329 4503 τῶν
361 4447 693 4500 λυπούντων.
750 4445 896 4515 Ἐγὼ
945 4447 1055 4514 γὰρ
1099 4443 1436 4505 ἀποκτενῶ,
1489 4445 1648 4514 φησὶ,
1684 4446 1782 4499 καί

1887 1990 2062 2036 tamen
2122 1981 2411 2050 plurimum
2469 1979 2740 2034 dilferant.
2802 1977 3101 2048 Indignatio
3159 1979 3304 2033 enim
3369 1989 3454 2032 est

1880 2073 2136 2141 judicium
2187 2073 2252 2128 de
2295 2071 2592 2141 inﬂigendis
2640 2070 2867 2125 merenti
2919 2070 3081 2125 certis
3124 2071 3449 2139 quibusdam

1888 2165 2130 2220 tristibus
2164 2184 2177 2219 :
2208 2165 2287 2219 ira
2337 2179 2463 2219 vero
2517 2164 2668 2217 labor
2719 2171 2772 2217 et
2829 2163 3171 2232 supplicium,
3219 2163 3360 2232 quod
3420 2178 3449 2214 a

1880 2255 2025 2326 justo
2064 2255 2245 2324 judice
2285 2271 2381 2324 pro
2428 2254 2702 2324 injustitize
2749 2269 2999 2308 mensura
3045 2253 3156 2321 jam
3199 2253 3447 2308 infertur.

1885 2345 2034 2412 Quod
2087 2356 2266 2400 autem
2323 2346 2479 2408 dico,
2536 2344 2590 2398 id
2644 2344 2890 2413 exemplo
2949 2345 3286 2400 manifestius
3335 2347 3447 2399 lict.

1885 2435 2120 2490 Medicus
2169 2434 2216 2490 si
2259 2449 2419 2505 quam
2454 2443 2660 2504 partem
2710 2434 3132 2491 inﬂammatione
3175 2435 3448 2502 affectam,

1885 2536 1939 2581 et
1982 2527 2135 2581 sanie
2179 2527 2387 2581 occulta
2425 2525 2678 2581 refertam
2712 2528 3099 2593 observaverit,
3131 2529 3449 2584 incisionem

1879 2618 2230 2687 judicatesse
2259 2618 2541 2688 mgrotanti
2575 2619 2955 2674 necessariam.
2999 2619 3132 2675 Illud
3173 2621 3449 2690 Scriptura

1886 2709 2304 2777 indignationem
2346 2716 2522 2763 vocat.
2560 2707 2664 2763 Sed
2702 2719 2824 2778 post
2874 2711 3137 2778 prolatam
3172 2726 3201 2764 a
3237 2713 3452 2768 medico

1884 2800 1949 2854 de
1982 2797 2253 2853 alferendo
2295 2797 2534 2852 remedio
2578 2799 2919 2865 sententiam,
2951 2800 3092 2854 actio
3125 2801 3340 2853 tandem
3371 2816 3454 2856 se-

1885 2893 2087 2962 quitur,
2121 2905 2225 2959 qua
2261 2890 2404 2960 quod
2443 2889 2720 2944 decretum
2756 2899 2837 2946 est
2872 2890 3168 2960 perﬁcitur,
3217 2891 3453 2946 ferrum-

1884 3000 2009 3054 que,
2038 2986 2179 3054 quod
2220 2984 2429 3048 incidit,
2460 2992 2515 3037 et
2542 2984 2778 3039 dolorem
2827 2986 2967 3054 parit
3005 2987 3321 3042 incisionem
3355 3003 3453 3057 pa-

1887 3077 2059 3142 tienti,
2099 3075 2404 3132 adhibetur.
2453 3075 2584 3130 Illud
2623 3077 2700 3130 ira
2740 3076 2829 3131 Dei
2861 3076 3180 3146 appellatum
3215 3091 3316 3134 est.
3350 3079 3452 3132 Ve-

1810 3191 1851 3248 c
1886 3168 2003 3221 nias
2031 3182 2158 3237 ergo
2187 3168 2252 3220 ad
2281 3168 2631 3236 propositmn,
2667 3177 2721 3222 et
2759 3167 2917 3238 hujus
2944 3170 3224 3224 sententiae
3257 3185 3452 3225 conse-

1888 3256 2158 3326 quentiam
2213 3255 2472 3310 invenies.
2528 3255 2790 3321 Quoniam
2845 3259 2926 3311 ira
2975 3260 3028 3311 in
3091 3261 3453 3331 indignatione

1887 3347 2022 3417 ejus.
2060 3347 2248 3412 Poena,
2278 3347 2570 3402 secundum
2619 3347 2822 3413 justum
2854 3349 2946 3404 Dei
2992 3350 3293 3419 judicium:
3331 3351 3452 3406 Vita

1891 3447 2017 3487 vero
2045 3433 2100 3485 in
2129 3431 2393 3486 voluntate
2426 3433 2557 3501 ejus.
2599 3433 2737 3500 Quid
2771 3450 2899 3506 ergo
2923 3435 3088 3490 dicit?
3119 3436 3270 3504 Quod
3305 3439 3452 3493 Deus

1889 3522 2020 3589 vult,
2049 3528 2149 3577 hoc
2189 3538 2328 3588 esse,
2357 3534 2416 3577 ut
2448 3527 2570 3580 vitae
2607 3527 2722 3596 ejus
2765 3527 2874 3581 sint
2917 3531 3209 3600 participes
3239 3547 3449 3587 omnes.

1887 3612 2022 3666 Mala
2073 3620 2246 3666 autem
2297 3628 2402 3667 non
2450 3614 2568 3683 ejus
2617 3617 2893 3672 voluntate
2941 3620 3097 3684 fiunt,
3133 3624 3228 3677 sed
3258 3625 3454 3677 merito

1889 3718 2072 3759 eorum
2095 3705 2185 3774 qui
2247 3717 2603 3773 peccaverunt
2662 3709 2984 3767 inferuntur.
3048 3714 3224 3767 Vitam
3289 3714 3454 3784 igitur

1889 3795 2083 3865 cuique
2123 3795 2258 3850 Deus
2308 3798 2524 3865 propria
2571 3798 2846 3855 voluntate
2893 3802 3078 3856 tribuit
3110 3819 3124 3855 :
3157 3801 3290 3856 iram
3323 3818 3454 3858 vero

1889 3889 1988 3942 sibi
2025 3890 2251 3956 quisque
2291 3892 2532 3958 congerit
2558 3890 2626 3942 In
2658 3893 2742 3945 die
2781 3895 2898 3958 ine,
2930 3905 2976 3946 et
3015 3895 3369 3961 reuelationis,
3401 3906 3453 3952 et

1882 3978 2014 4048 justi
2054 3977 2244 4048 judicii
2278 3977 2375 4033 Dei
2407 3979 2472 4034 '°.
2522 3979 2720 4036 Tristia
2755 3992 2936 4038 autem
2991 3996 3115 4040 ante
3164 4003 3252 4042 res
3305 3988 3454 4043 lentas

1890 4072 2148 4128 collocare
2176 4072 2312 4129 solet
2342 4072 2643 4144 Scriptura,
2678 4086 2962 4146 propterea
2994 4079 3134 4148 quod
3168 4081 3452 4135 delectatio

1885 4163 2168 4232 jucundior
2203 4174 2318 4229 est,
2364 4175 2508 4230 tum,
2550 4180 2670 4220 cum
2711 4183 2832 4236 quae
2870 4182 3154 4222 maerorem
3198 4169 3450 4238 aﬂcrunt,

1891 4255 2059 4323 ipsam
2113 4264 2522 4323 praecesserunt.
2571 4255 2683 4325 Ego
2738 4257 2907 4322 enim,
2948 4259 3138 4329 inquit,
3194 4263 3449 4330 occidam,

1888 4355 1935 4399 et
1970 4347 2134 4400 vivere
2165 4346 2355 4414 faciam
2392 4346 2458 4399 ³⁸.
2494 4344 2819 4402 Beneﬁcium
2856 4365 3013 4418 paena
3051 4361 3134 4405 est
3164 4355 3449 4421 posterius.

1889 4436 2212 4501 Percutiam,
2243 4445 2292 4490 et
2333 4453 2426 4507 ego
2458 4438 2654 4495 sanabo
2682 4440 2745 4491 “.
2779 4440 2893 4509 Ipse
2925 4441 3069 4495 enim
3109 4441 3264 4497 affert
3303 4445 3454 4499 dolo-

213 4537 327 4606 ζῇν
378 4535 626 4601 ποιήσω.
681 4536 917 4606 Δευτέρα
963 4538 994 4604 ἡ
1049 4535 1333 4605 εὐεργεσία
1392 4533 1528 4603 μετά
1573 4536 1669 4606 τὴν
1703 4539 1781 4592 κό-

1895 4544 2031 4594 rem,
2062 4537 2115 4583 et
2165 4543 2352 4584 rursus
2398 4539 2607 4585 recreat
2647 4549 2660 4586 :
2697 4533 2979 4601 percussit,
3009 4542 3062 4586 ει
3103 4549 3298 4590 manus
3337 4535 3452 4604 ejus

213 4629 392 4681 λασιν.
417 4625 684 4691 Πατάξω,
725 4624 885 4694 κάγὼ
942 4624 1202 4693 ἰάσομαι.
1244 4624 1416 4687 Αὐτὸς
1461 4625 1569 4696 γὰρ
1601 4627 1786 4697 ἀλγεῖν

213 4719 397 4780 ποιεῖ,
444 4716 538 4769 καὶ
589 4717 751 4770 πάλιν
800 4715 1255 4788 ἀποκαθίστησιν·
1307 4718 1526 4783 ἔπαισε,
1579 4719 1674 4772 καὶ
1729 4724 1786 4775 ai

213 4813 399 4882 χεῖρες
439 4807 603 4862 αὑτοῦ
649 4809 885 4863 ίάσαντο.
939 4808 1316 4881 Προλαμὸἀνει
1361 4810 1428 4863 τά
1481 4811 1783 4876 κακοῦντα,

213 4905 307 4955 ἵνα
342 4900 704 4973 μονιμώτεραι
740 4902 869 4970 ἡμῖν
901 4903 957 4954 αἱ
991 4902 1208 4972 χάριτες
1233 4900 1513 4968 γένωνται,
1546 4903 1786 4974 σφοδρῶς

211 4983 668 5063 ἁντιποιηθέντων
718 4992 873 5065 ἡμῶν
908 4993 1008 5063 τῆς
1058 4991 1303 5062 φυλακῆς
1351 4991 1457 5044 τῶν
1502 4993 1782 5048 δοθέντων.

215 5083 294 5139 Τὸ
321 5083 584 5151 ἑσπέρας
620 5083 1059 5151 αὐλισθήσεται
1092 5082 1422 5152 κλαυθμὸς,
1469 5085 1566 5137 καὶ
1600 5087 1686 5150 εἰς
1719 5085 1784 5138 τὸ

1894 4632 2239 4679 sanaverunt.
2273 4624 2605 4682 Antecedunt
2639 4626 2799 4692 mala,
2833 4643 2936 4696 quo
2974 4628 3133 4700 128
3172 4630 3323 4684 nobis
3358 4631 3451 4685 bc-

1893 4717 2084 4771 nelicia
2132 4717 2406 4774 stabiliora
2452 4719 2583 4773 fiant
2635 4731 2793 4790 atque
2844 4721 3101 4789 firmiora,
3136 4725 3329 4793 quippe
3359 4725 3451 4792 qui

1893 4817 2022 4861 tunc
2079 4822 2400 4878 magnopere
2448 4811 2570 4864 data
2621 4812 3001 4867 custodiamus.
3054 4813 3134 4865 Ad
3189 4831 3452 4880 vesperum

1893 4896 2250 4950 demorabitur
2288 4899 2460 4964 ﬂetus,
2491 4909 2539 4951 et
2570 4901 2639 4953 ad
2679 4903 2994 4956 matutinum
3035 4903 3242 4960 latitia.
3273 4905 3454 4960 Remi-

1894 4989 2102 5042 niscere
2153 4990 2404 5057 temporis
2455 4992 2724 5060 passionis
2774 4993 3008 5059 Domini,
3061 5004 3118 5048 et
3167 4999 3452 5053 verborum

1892 5085 2133 5142 invenies
2164 5086 2590 5157 intelligentiam.
2619 5090 2697 5144 Ad
2731 5106 3005 5161 veSperam
3039 5095 3181 5148 enim
3211 5097 3455 5150 demora-

209 5177 362 5242 πρωὶ
395 5177 774 5246 ἀγαλλίασις.
793 5175 1073 5248 Μνήσθητι
1102 5175 1195 5228 τοῦ
1225 5174 1412 5246 καιροῦ
1443 5174 1533 5226 τοῦ
1566 5176 1706 5228 κατά
1732 5176 1781 5228 τὲ

1903 5186 1984 5231 tus
2014 5188 2096 5233 est
2126 5177 2284 5236 ﬂetus
2331 5183 2380 5234 in
2426 5180 2635 5238 Domini
2668 5183 2965 5253 discipulis,
2997 5201 3116 5241 cum
3157 5203 3276 5242 eum
3308 5189 3457 5242 vide-

284 5264 330 5296 ³ο
354 5265 508 5323 Rom.
535 5284 594 5334 ιι,
628 5267 680 5322 5.
755 5268 798 5299 ³⁸
819 5269 970 5323 Deut.
1002 5283 1172 5332 χχχιι,
1207 5267 1296 5322 59.
1370 5265 1414 5296 ³²
1444 5267 1573 5321 ibid.

308 5359 607 5432 51)77Editio
638 5361 810 5417 Paris.
851 5361 1188 5432 μολύνεσθαι.
1218 5364 1283 5414 At
1306 5376 1438 5415 mss.
1471 5362 1773 5432 ἐμμολύνε-

207 5430 359 5484 σθαι.
402 5431 520 5502 Μοχ
561 5440 670 5486 tres
700 5448 826 5486 mss.
852 5430 1340 5502 ἐξομολογήσασθε.
1375 5430 1576 5486 Ibidem
1617 5435 1768 5489 Coll).

207 5499 480 5572 secundus
509 5499 1089 5572 ὑμῖνιπεπραγμένων.

288 5570 398 5636 (52)
424 5569 577 5641 Deest
611 5569 748 5625 εἶναι
773 5569 821 5624 in
854 5569 1118 5641 aliquibus
1149 5585 1258 5624 mss

285 5641 399 5711 (55)
425 5639 523 5695 Ubi
546 5654 795 5711 corrupte
826 5639 1016 5710 legit—ur
1051 5645 1102 5696 in
1121 5641 1357 5696 editione
1382 5653 1564 5696 nostra
1602 5642 1772 5698 Paris.

220 5709 356 5763 ’Λπὸ
400 5709 835 5785 παραδείγματος
880 5709 936 5766 δὲ
981 5715 1009 5766 ὁ
1053 5712 1376 5782 σαφέστερον
1406 5713 1596 5782 ὃλέγω
1616 5717 1776 5785 γενή-

208 5796 387 5850 σεται,
421 5784 676 5848 scriptum
714 5784 981 5838 invenitur
1028 5785 1080 5836 in
1138 5784 1409 5850 aliquibus
1451 5799 1577 5836 mss.
1640 5784 1771 5837 Ἀπὸ

207 5849 654 5918 παραδείγματος
696 5852 749 5902 δέ
786 5853 1107 5921 σαφέστερον
1134 5853 1182 5914 δ,
1221 5849 1344 5914 etc.,
1384 5852 1435 5904 in
1491 5852 1620 5920 Reg.
1649 5870 1774 5910 vero

1881 5363 2039 5442 tertio
2082 5364 2213 5418 Ἀπὸ
2234 5365 2674 5442 παραδείγματος
2698 5371 2752 5422 δὲ
2784 5369 2812 5421 ὃ
2837 5367 2979 5437 λεγω
3009 5373 3336 5442 σαφέστερον
3361 5389 3453 5442 γε·

1880 5436 2143 5503 νὴσεται·
2195 5451 2261 5490 ex
2290 5436 2395 5504 quo
2436 5439 2585 5490 vario
2636 5436 2916 5494 verborum
2967 5436 3154 5496 ordine
3207 5436 3448 5497 errore-nt

1885 5506 2234 5574 typographis
2260 5508 2526 5574 objectnm
2555 5525 2674 5562 esse
2701 5508 3061 5574 suspicamur.

1954 5574 2064 5649 (54)
2095 5574 2227 5649 Reg.
2258 5578 2524 5631 secundus
2557 5582 2634 5643 είς
2660 5579 2715 5631 ἒν
2733 5578 2912 5649 ἔργον.
2944 5584 3067 5636 Mox
3086 5583 3247 5638 editio
3275 5583 3444 5639 Paris.

1882 5644 1909 5695 6
1931 5644 2162 5725 τέμνων.
2193 5647 2349 5700 Deest
2380 5650 2640 5725 articulus
2673 5644 2885 5725 injuss.

1957 5717 2071 5798 (5E?!
2104 5717 2294 5771 Nostra
2327 5720 2490 5776 editio
2524 5719 2694 5776 Paris.
2729 5718 3102 5794 θησαυρίζειν.
3123 5728 3189 5782 At
3214 5744 3338 5782 mss.
3362 5727 3452 5798 θη-

1881 5788 2143 5855 σαυρίζει.
