4016 6450
256 369 366 420 317

1379 368 1660 422 HOMILIA
1701 368 1764 419 lN
1811 367 2138 421 PSALMUM
2183 369 2374 421 XXIX.

3383 373 3490 431 518

253 485 477 555 ἀρετὰς,
517 483 981 546 ἐπακολουθούσας
1011 485 1130 544 ταῖς
1163 485 1224 534 ὲκ
1257 483 1643 553 θεωρημάτων.
1674 483 1810 535 Κατέ

1935 498 2071 544 mur,
2109 499 2228 552 quae
2289 483 2622 536 formidanda
2669 497 2811 550 sunt,
2850 497 2940 541 aut
2986 503 3089 539 non
3134 489 3486 540 formidanda.

254 577 367 645 γάρ
416 575 513 642 τὴν
545 575 885 646 συμμετρίαν
938 577 1030 626 καὶ
1064 575 1325 645 ἁρμονίαν
1372 575 1476 627 τῶν
1509 575 1605 642 τῆς
1649 573 1824 642 ψυχῆς

256 665 648 736 θεωρημάτων,
682 667 809 721 ἔνιοι
845 668 949 719 τῶν
983 668 1159 736 σοφῶν
1201 668 1480 736 νενοήκασι
1509 667 1569 719 τὸ
1598 666 1817 729 κάλλος·

255 757 398 808 κατά
447 756 503 809 δὲ
557 759 616 811 τὸ
670 758 1081 810 ἀποτελεστικὸν
1113 759 1220 810 τῶν
1272 757 1716 827 ὑπεϐαλλομένων
1762 759 1823 809 ὲκ

253 846 367 897 τῶν
397 846 743 919 θεωρητικῶν
777 847 1006 917 ἀρετῶν,
1035 851 1130 919 τὴν
1169 849 1319 917 ἰσχὺν
1350 852 1651 919 νενοήκασι.
1678 848 1822 918 Πλὴν

258 937 343 989 ἵνα
392 942 483 993 καὶ
517 939 709 999 κάλλος
760 941 1076 1010 ἐπιγένηται
1109 941 1173 1008 τῇ
1225 940 1404 1012 ψυχῇ,
1452 941 1544 992 καὶ
1599 939 1822 1009 δύναμις

252 1031 364 1082 τῶν
398 1031 623 1082 δεόντων
657 1031 1060 1101 ὲπιτελεστικὴ,
1109 1029 1254 1094 Θείας
1288 1036 1364 1096 εἰς
1405 1031 1562 1084 τοῦτο
1604 1033 1820 1101 χάριτος

253 1122 552 1194 χρῄζομεν.
588 1124 672 1187 Ὠς
703 1125 881 1178 τοίνυν
914 1125 1024 1178 ἅνω
1054 1122 1291 1194 εἴρηκεν,
1325 1129 1451 1177 ’Ὁτι
1489 1123 1597 1191 (cui)
1644 1125 1711 1176 ἐν
1743 1123 1821 1188 τῷ

254 1213 540 1281 θελήματι
578 1215 788 1269 αὑτοῦ·
821 1213 962 1266 οὕτω
1005 1213 1096 1266 νῦν
1145 1215 1267 1284 ὑψοῖ
1298 1216 1388 1268 τὸν
1434 1215 1563 1268 Θεὸν
1605 1213 1691 1266 διὰ
1724 1215 1821 1284 τῆς

252 1305 600 1374 εὐχαριστίας
639 1307 807 1375 λέγων
846 1305 976 1374 (65),
1015 1307 1096 1358 ὅτι
1139 1309 1233 1360 Ἐν
1263 1309 1341 1374 τῷ
1381 1307 1670 1378 θελήματί
1700 1323 1816 1360 σου

251 1395 560 1464 παρέσχου
589 1396 668 1461 τῷ
696 1394 906 1447 κάλλει
930 1414 1048 1464 μου
1074 1397 1344 1466 δύναμιν.
1376 1398 1549 1460 Καλὸς
1579 1398 1676 1469 μὲν
1711 1396 1818 1466 γάρ

251 1489 401 1557 ἤμην
453 1489 594 1540 κατὰ
632 1487 730 1554 τὴν
784 1486 963 1554 φύσιν,
1010 1489 1238 1557 ἀσθενὴς
1288 1490 1341 1540 δὲ
1374 1489 1461 1540 διὰ
1510 1490 1568 1541 τὸ
1603 1490 1657 1554 ἐξ
1694 1492 1814 1542 ἐπι-

252 1578 453 1648 ϐουλῆς
508 1578 600 1629 τοῦ
653 1578 825 1645 ὄφεως
878 1577 1214 1648 νεκρωθῆναι
1265 1576 1341 1646 τῷ
1393 1578 1811 1647 παραπτώματι.

250 1670 343 1740 Τῷ
373 1668 464 1723 οὖν
492 1669 675 1723 κάλλει
717 1687 836 1740 μου,
865 1669 892 1721 ὃ
920 1669 1067 1740 παρά
1097 1669 1187 1721 σοῦ
1228 1669 1414 1720 ἔλαϐον
1449 1671 1512 1720 ἐκ
1550 1669 1648 1736 τῆς
1675 1669 1818 1739 πρώ-

248 1779 351 1832 της
387 1763 745 1832 κατασκευῆς,
789 1760 1127 1831 προσέθηκας
1161 1759 1383 1828 δύναμιν
1423 1759 1516 1826 τὴν
1543 1759 1650 1810 τῶν
1678 1757 1816 1809 δεόν-

1935 572 2132 626 Verum
2163 575 2311 626 aiunt
2341 574 2792 641 pulchritudinem
2828 592 2891 630 ac
2925 581 3087 632 robur
3117 581 3342 630 virtutes
3375 592 3493 643 spe-

1933 665 2216 720 culatrices
2235 681 2337 719 non
2353 680 2490 728 esse,
2506 681 2624 717 cum
2641 666 2748 719 sint
2769 669 3209 734 speculatricibus
3229 669 3493 735 posterio-

1934 771 2018 809 res
2054 756 2183 811 Nam
2202 775 2266 814 ex
2289 759 2660 814 convenientia
2681 759 3067 828 harmoniaque
3084 762 3240 832 129
3253 770 3492 816 contem-

1933 848 2224 914 plationum
2259 853 2470 913 animae,
2498 852 2764 919 sapientes
2792 852 3006 917 qoidem
3038 854 3484 918 pulchritudinem

1933 939 2312 992 intellexerunt
2348 961 2358 993 :
2395 951 2450 993 at
2481 958 2607 997 vero
2631 958 2694 996 ex
2725 942 2773 995 vi
2805 942 3069 996 efficiente
3101 958 3286 996 eorum
3316 962 3430 1013 qua:
3458 963 3485 996 a

1930 1029 2218 1082 virtutibus
2249 1029 2692 1098 speculatricibus
2721 1041 3114 1101 proponuntur,
3149 1033 3310 1085 robur
3343 1049 3459 1085 com

1931 1122 2091 1174 menti
2127 1130 2270 1174 sunt.
2314 1117 2690 1174 Verumtamen
2731 1134 2787 1175 ut
2820 1134 2869 1177 et
2911 1123 3072 1177 decor
3112 1126 3301 1178 anima:
3337 1139 3463 1178 acce

1928 1214 2036 1277 dat,
2071 1223 2123 1266 et
2163 1213 2302 1266 adsit
2350 1214 2430 1267 vis
2471 1229 2655 1266 eorum
2703 1230 2818 1281 qua:
2866 1216 3020 1271 oflicii
3065 1227 3188 1269 sunt
3227 1216 3485 1279 effectrix,

1930 1306 2078 1358 nobis
2109 1307 2174 1358 ad
2206 1308 2308 1361 hoc
2338 1321 2475 1375 opus
2502 1316 2582 1360 est
2610 1308 2786 1360 divina
2816 1310 3009 1374 gratia.
3043 1309 3109 1364 lit
3141 1309 3305 1378 igitur
3334 1319 3484 1360 antea

1928 1396 2080 1457 dixit,
2131 1396 2390 1459 Quoniam
2439 1399 2544 1452 vita
2590 1399 2648 1450 in
2703 1399 2965 1451 voluntate
3019 1401 3129 1468 ejus
3177 1418 3194 1456 :
3233 1402 3311 1455 sic
3348 1417 3488 1454 nunc

1927 1486 2090 1540 Deum
2131 1487 2425 1553 gratiarum
2459 1489 2669 1544 actione
2699 1489 2904 1542 exaltat
2939 1490 3121 1544 dicens
3151 1507 3164 1543 :
3200 1491 3263 1543 In
3301 1492 3486 1544 volun-

1925 1584 2031 1627 tate
2084 1583 2176 1626 tua
2224 1577 2512 1640 pra'stitisti
2551 1580 2728 1632 decori
2781 1594 2890 1630 meo
2946 1581 3204 1632 virtutem.
3262 1579 3486 1633 Pulcher

1923 1667 2136 1732 quidem
2185 1680 2332 1718 eram
2378 1671 2665 1720 secundum
2716 1678 2999 1730 naturam;
3037 1673 3128 1723 sed
3183 1669 3481 1739 languidus,

1927 1767 2204 1826 propterea
2242 1759 2382 1826 quod
2429 1774 2491 1811 ex
2536 1763 2800 1827 serpentis
2842 1761 3050 1815 insidiis
3090 1772 3306 1827 peccato
3341 1780 3483 1816 tuor-

249 1871 361 1906 των
393 1855 699 1924 πρακτικήν
752 1855 879 1922 (66).
929 1853 1080 1924 Καλὴ
1135 1855 1230 1923 μὲν
1273 1848 1363 1905 οὖν
1407 1854 1552 1904 πᾶσα
1596 1851 1738 1923 ψυχὴ
1786 1854 1810 1922 ἡ

1927 1859 2046 1902 tnus
2076 1865 2242 1906 eram.
2276 1849 2665 1906 Pulchritudini
2713 1871 2839 1923 ergo
2875 1871 3022 1916 mete,
3055 1869 3213 1922 quam
3247 1870 3312 1908 ex
3347 1866 3397 1908 te
3430 1858 3479 1908 in

249 1944 310 1994 ὲν
356 1941 663 2012 συμμετρία
711 1941 815 1993 τῶν
852 1942 1064 1993 οἰκείων
1122 1941 1398 2009 δυνάμεων
1434 1940 1812 2011 θεωρουμένηο

247 2031 444 2094 κάλλος
497 2031 552 2083 δὲ
597 2029 865 2098 ἀληθινὸν,
915 2031 1005 2082 καὶ
1059 2028 1486 2100 ἐρασμιώτατον,
1539 2031 1682 2099 μόνῳ
1741 2031 1818 2101 τῷ

244 2127 340 2179 τὸν
380 2125 500 2178 νοῦν
537 2123 928 2196 κεκαθαρμένῳ
961 2122 1252 2195 θεωρητὸν,
1284 2124 1344 2176 τὸ
1372 2125 1499 2194 περὶ
1536 2123 1632 2192 τὴν
1670 2124 1816 2177 Θείαν

243 2221 340 2270 καὶ
387 2217 658 2287 μακαρίαν
697 2216 874 2286 φύσιν.
915 2210 987 2270 Οἶ)
1021 2218 1048 2268 ὁ
1086 2215 1395 2277 ὲνατενίσας
1436 2218 1552 2278 ταῖς
1601 2233 1817 2286 μαρμα-

247 2311 443 2378 ρυγαῖς
474 2309 565 2360 καὶ
600 2309 718 2368 ταῖς
750 2305 952 2374 χάρισι,
990 2303 1389 2374 μεταλαμϐάνει
1417 2322 1466 2356 τι
1498 2305 1590 2356 ἀπ’
1627 2302 1812 2365 αὑτοῦ,

244 2396 435 2466 ὥσπερ
474 2396 581 2447 ἀπό
626 2411 767 2456 τινος
812 2394 1019 2462 βαφῆς,
1057 2393 1248 2462 αἴγλην
1293 2394 1414 2445 τινὰ
1459 2393 1696 2463 ἀνθηράν
1736 2395 1815 2455 είς

243 2487 345 2556 τὴν
388 2487 591 2539 οἰκείαν
632 2487 751 2555 ὄψιν
795 2484 1296 2556 ἀναχρωννύμενος.
1321 2484 1479 2536 Ὅθεν
1513 2487 1604 2536 καὶ
1653 2487 1815 2537 Mmo-

247 2580 378 2647 σῇς,
417 2577 495 2648 τῷ
547 2577 925 2648 μετειληφέναι
969 2576 1060 2627 τοῦ
1111 2575 1337 2638 κάλλους
1385 2575 1590 2627 ἐκείνου
1641 2577 1696 2625 ἐν
1738 2574 1814 2644 τῷ

241 2672 452 2741 ὁμιλεῖν
497 2672 632 2742 Θεῷ,
661 2670 916 2742 ἐδοξάσθη
962 2670 1022 2723 τὸ
1073 2670 1376 2741 πρόσωπον.
1418 2670 1473 2720 Ὀ
1506 2665 1596 2720 οὖν
1637 2668 1816 2721 αἰσθό-

247 2779 408 2829 μενος
448 2762 545 2830 τῆς
578 2760 767 2813 ἑαυτοῦ
802 2759 1020 2830 ἀρετῆς,
1063 2759 1159 2828 τὴν
1187 2757 1568 2828 εὐχαριστικὴν
1614 2756 1814 2824 ταύτην

243 2852 436 2920 ἀφίησι
471 2855 680 2922 φωνήν·
721 2853 914 2917 Κύριε,
941 2853 1011 2902 ἐν
1069 2848 1145 2914 τῷ
1175 2849 1461 2918 θελήματι
1502 2865 1616 2902 σου
1665 2864 1811 2914 παρ-

243 2943 438 3011 έσχου
482 2941 557 3005 τῷ
599 2942 809 2995 κάλλει
850 2959 968 3010 μου
1022 2940 1292 3008 δύναμιν.
1342 2943 1545 3010 Ὥσπερ
1594 2941 1648 2990 δὲ
1696 2943 1810 3000 ταῖς

242 3033 600 3104 Θεοιρητικαῖς
659 3035 876 3103 ἀρεταῖς
918 3030 1213 3100 ἀθεώρητοι
1271 3030 1638 3093 ἀκολουθοῦσι,
1669 3029 1726 3080 τό
1753 3045 1810 3080 τε

242 3127 440 3191 κάλλος
493 3128 583 3181 καὶ
635 3130 667 3198 ἠ
713 3127 970 3196 δύναμις,
1035 3125 1204 3188 οὕτως
1257 3124 1361 3176 εἰσί
1413 3141 1555 3187 τινες
1615 3124 1804 3175 κακίαι

239 3208 563 3286 ἀθεώρητοι,
595 3217 627 3286 ἦ
659 3233 714 3267 τε
762 3215 1050 3284 αἰσχρότης
1091 3216 1239 3285 καὶὴ
1273 3212 1540 3266 ἀσθένεια.
1590 3213 1654 3265 Τί
1701 3214 1807 3285 γὰρ

239 3309 547 3378 ἀωρότερον
591 3309 683 3361 καὶ
711 3307 1107 3377 εἰδεχθὲστερον
1148 3306 1322 3376 ψυχῆς
1354 3305 1668 3375 ὲμπαθοῦςς
1703 3305 1806 3356 Ἴδε

244 3417 334 3469 μοι
382 3401 472 3452 τὸν
523 3399 877 3470 θυμούμενον,
922 3400 1012 3452 καὶ
1042 3400 1138 3468 τὴν
1188 3399 1244 3452 ἐν
1290 3397 1436 3468 αὑτῴ
1490 3398 1803 3469 ἀγριότητα.

238 3491 444 3542 Θέας-αι
480 3492 569 3543 τὸν
617 3491 969 3560 λυπούμενον,
1017 3492 1108 3542 καὶ
1150 3490 1207 3542 τὸ
1256 3492 1312 3542 ἐν
1358 3489 1505 3560 αὐτῷ
1553 3491 1805 3543 ταπεινὸν

239 3582 336 3634 καὶ
394 3582 786 3651 συμπεπτωκὸς
846 3583 941 3649 τῆς
990 3582 1184 3651 ψυχῆς.
1214 3582 1314 3632 Τὸν
1359 3582 1415 3633 δὲ
1459 3582 1729 3648 λαγνείαις
1774 3581 1804 3651 ἢ

239 3673 704 3743 γαστριμαργίαις
734 3673 1183 3734 ὑποπεπτωκότα,
1229 3671 1260 3740 ἢ
1306 3671 1488 3738 φόϐοις
1537 3671 1807 3739 ἐπτοημέ-

240 3780 350 3825 νον,
383 3763 464 3825 τίς
491 3764 555 3815 ἂν
582 3764 675 3816 καὶ
706 3763 1037 3832 προσϐλέψαι
1083 3761 1393 3829 ἀνάσχοιτο;
1425 3761 1803 3829 διαδαινούσης

242 3853 404 3924 μέχρι
442 3854 545 3905 τῶν
597 3853 844 3924 περάτων
879 3852 968 3903 τοῦ
1019 3851 1262 3920 σώματος
1308 3852 1404 3920 τῆς
1449 3851 1588 3903 κατά
1630 3851 1803 3922 ψυχὴν

237 3945 554 4008 διαθέσεως·
587 3944 774 4014 ὥσπερ
807 3939 896 3995 οὖν
931 3943 1021 3995 καὶ
1057 3942 1122 3994 τά
1153 3940 1260 4009 (67)
1293 3941 1408 4012 ἴχνη
1452 3941 1542 3993 τοῦ
1578 3942 1806 4005 κάλλους

236 4035 339 4103 τῆς
368 4036 542 4105 ψυχῆς
567 4038 624 4087 ὲν
664 4038 726 4105 τῇ
763 4034 1089 4087 καταστάσει
1125 4031 1216 4084 τοῦ
1253 4032 1405 4098 ἁγίου
1448 4033 1803 4100 διαφαίνεται,

237 4128 568 4196 Προνοητέον
600 4128 775 4180 τοίνυν
806 4126 896 4179 τοῦ
933 4126 1160 4188 κάλλους
1189 4128 1338 4195 ἡμῖν,
1364 4126 1449 4176 ἵνα
1481 4126 1574 4178 καὶ
1612 4128 1639 4178 ό
1668 4143 1806 4193 νυμ-

239 4217 363 4284 φίος
393 4218 562 4284 Λόγος
592 4217 984 4287 ἀποδεξάμενος
1018 4219 1160 4286 ἡμᾶς
1192 4217 1349 4287 εἵπῃο
1378 4217 1525 4281 Ὄλη
1565 4217 1722 4283 καλὴ
1764 4216 1816 4281 νγ

236 4311 507 4377 πλησίον
534 4328 674 4378 μου,
704 4309 802 4362 καὶ
834 4306 1033 4376 μῶμος
1055 4310 1164 4361 οὐκ
1192 4308 1361 4360 ἔστιν
1384 4308 1451 4359 ἐν
1477 4308 1596 4360 σοί.

1921 1941 2090 2006 prima
2139 1946 2414 1998 creatione
2454 1947 2657 2014 accepi,
2691 1948 2938 2000 addidisti
2973 1948 3246 2007 virtutem,
3294 1961 3479 2000 eerum

1920 2048 2038 2099 quae.
2069 2036 2133 2090 ad
2167 2035 2396 2092 oflicium
2418 2038 2684 2107 pertinent
2709 2037 3044 2092 efﬁcientem.
3067 2039 3294 2093 Pulchra
3320 2042 3483 2109 igitur

1919 2134 2000 2176 est
2026 2125 2205 2178 anima
2233 2130 2430 2192 omnis,
2461 2146 2580 2199 qua:
2609 2130 2658 2184 in
2687 2131 3021 2199 propriarum
3047 2133 3304 2186 virtutum
3333 2149 3481 2204 syni-

1922 2217 2112 2269 metria
2164 2221 2517 2288 conSpicitur.
2559 2223 2906 2278 Pulchritudo
2946 2234 3122 2279 autem
3157 2240 3302 2287 vera,
3333 2241 3482 2278 ama-

1919 2308 2320 2379 bilissimaqne,
2372 2328 2532 2381 quam
2597 2315 2640 2367 is
2691 2316 2836 2369 solus
2880 2318 2969 2383 qui
3013 2334 3197 2386 puram
3245 2328 3478 2373 mentem

1917 2399 2077 2454 habet
2111 2403 2458 2472 contemplari
2490 2415 2685 2474 potest,
2714 2407 2853 2460 circa
2903 2408 3135 2461 divinam
3174 2427 3236 2464 ac
3269 2411 3477 2464 beatam

1918 2500 2167 2545 naturam
2215 2497 2484 2548 consistit.
2537 2495 2699 2564 Cujus
2752 2495 2983 2566 fulgores
3035 2510 3088 2552 et
3138 2501 3337 2568 gratias
3387 2502 3475 2568 qui

1918 2576 2123 2630 intente
2153 2585 2512 2649 conspexerit,
2553 2585 2619 2638 ab
2649 2601 2710 2638 ea
2749 2589 2892 2640 velut
2929 2587 2994 2639 ab
3035 2589 3211 2655 aliqua
3245 2591 3478 2643 tinctura

1917 2668 2160 2721 nonnihil
2196 2682 2492 2736 mntnatur,
2536 2673 2780 2727 floridum
2817 2678 3102 2743 quemdam
3142 2677 3476 2746 splendorem

1917 2758 1969 2810 in
2023 2762 2298 2830 propriam
2351 2764 2541 2819 faciem
2597 2766 2928 2835 imprimens.
2984 2765 3135 2821 Unde
3183 2778 3236 2820 et
3282 2769 3477 2839 Moysis

1915 2848 2081 2906 facies
2110 2853 2268 2906 simul
2305 2863 2466 2923 atque
2510 2873 2572 2910 ex
2619 2857 2868 2909 familiari
2901 2872 3021 2910 cum
3056 2856 3165 2910 Deo
3191 2874 3478 2924 congressu

1914 2944 2328 3008 pulchritudinis
2376 2949 2516 3000 illius
2567 2949 2836 3016 particeps
2871 2946 2990 3008 fuit,
3034 2948 3326 3002 clarificata
3370 2961 3476 3004 est.

1916 3033 2146 3088 Proinde
2189 3021 2406 3090 virtutis
2441 3052 2550 3089 sua:
2577 3038 2666 3104 qui
2700 3037 2948 3092 conscius
2981 3049 3082 3102 εει,
3123 3040 3260 3094 hanc
3293 3055 3476 3095 vocem

1912 3134 2089 3192 grates
2138 3125 2516 3193 rependentem
2569 3126 2767 3179 emittit
2799 3145 2810 3178 :
2843 3125 3083 3190 Domine,
3116 3130 3167 3180 in
3214 3129 3476 3182 voluttlat:

1914 3225 2003 3268 tua
2031 3218 2321 3284 precatuiin
2361 3218 2534 3269 decori
2572 3232 2684 3269 meo
2712 3218 2968 3270 virtutem.
3013 3219 3472 3284 Quemadmodum

1913 3317 2094 3359 autem
2134 3321 2209 3360 ea:
2247 3309 2477 3359 virtutes
2508 3322 2626 3374 quae
2655 3309 2704 3360 in
2741 3307 3194 3374 contemplatione
3223 3309 3340 3362 sita:
3370 3325 3474 3363 non

1913 3410 2059 3463 sunt,
2093 3399 2322 3452 virtutes
2371 3399 2756 3466 speculatrices
2805 3409 3117 3467 sequuntur,
3153 3409 3276 3468 puta
3317 3401 3478 3455 decor

1913 3504 1968 3549 et
2010 3493 2175 3546 robur
2222 3509 2234 3544 :
2288 3491 2366 3545 sic
2415 3499 2541 3544 sunt
2582 3491 2823 3558 qua-dam
2869 3490 2997 3542 vitia
3041 3492 3472 3560 contemplatioiii

1915 3598 2019 3637 non
2052 3581 2317 3648 subjecta,
2345 3595 2535 3646 netnpe
2562 3578 2774 3631 fteditas
2799 3588 2850 3632 et
2876 3578 3140 3635 debilitas.
3168 3583 3302 3646 Quid
3331 3582 3470 3634 enim

1913 3673 2248 3727 invenustius
2279 3687 2342 3724 ac
2382 3671 2676 3724 deformius
2705 3671 2880 3723 dedita
2933 3670 3212 3725 affectibus
3255 3674 3475 3726 anima?

1912 3761 2066 3824 Vide,
2098 3774 2301 3828 qmeso,
2330 3759 2542 3821 iratum,
2575 3769 2766 3813 etcam
2795 3776 2953 3827 quam
2986 3776 3092 3828 pra:
3120 3777 3175 3814 se
3209 3760 3310 3814 fert
3345 3762 3470 3815 feri-

1915 3861 2099 3906 tatem.
2163 3851 2394 3905 Tristem
2460 3867 2521 3905 ac
2579 3862 2829 3905 mrestum
2891 3854 3204 3915 considera,
3254 3854 3474 3923 ejusque

1912 3943 2289 3997 demissionem
2340 3953 2391 3996 et
2446 3942 2614 3993 animi
2669 3943 3020 4005 abjectionem
3068 3943 3299 3998 intuere.
3342 3943 3473 4010 Quis

1911 4049 2039 4089 vero
2075 4034 2282 4088 libidini
2314 4043 2406 4086 aut
2444 4033 2578 4100 gulae
2614 4033 3018 4098 inservientem,
3047 4046 3138 4088 aut
3177 4038 3473 4090 terroribus

1913 4136 2334 4188 consternatum,
2377 4125 2459 4178 vel
2495 4125 2736 4192 aspicere
2774 4127 2972 4193 queat?
3008 4142 3128 4180 cum
3163 4127 3276 4180 hrec
3307 4129 3473 4180 animi

1913 4215 2122 4271 affectio
2150 4218 2215 4270 ad
2243 4225 2482 4270 extrema
2517 4232 2682 4284 usque
2709 4220 2948 4285 corporis
2979 4220 3256 4285 pervadat,
3285 4234 3472 4286 quem-

1914 4309 2197 4362 admodum
2233 4324 2263 4362 e
2302 4309 2573 4362 contrario
2606 4309 2827 4377 vestigia
2859 4311 3019 4361 etiam
3056 4309 3469 4377 pulchritudinis

236 4401 433 4452 animm
476 4400 528 4452 in
570 4401 670 4452 viri
718 4398 885 4452 sancti
933 4399 1118 4451 habitu
1171 4397 1528 4464 resplendent.
1578 4397 1945 4464 Comparanda
2010 4400 2189 4466 itaque
2261 4399 2414 4453 nobis
2473 4409 2552 4453 est
2609 4399 2792 4453 istbzec
2826 4400 3180 4468 pulchritudo,
3215 4412 3270 4454 ut
3306 4418 3467 4470 spon-

235 4508 331 4546 sus
385 4492 615 4546 Verbum
675 4491 980 4558 approbans
1027 4505 1123 4543 nos
1172 4489 1315 4542 dicat
1355 4505 1368 4540 ε
1401 4488 1526 4540 Τοια
1565 4488 1800 4555 pulchra,
1840 4490 2076 4557 proxima
2100 4507 2237 4554 mea,
2261 4502 2306 4544 et
2330 4494 2536 4547 macula
2568 4510 2668 4546 non
2698 4503 2770 4545 est
2801 4493 2855 4545 in
2888 4503 2936 4544 te
2958 4493 3022 4544 ³⁸.

312 4584 363 4636 6.
417 4583 814 4652 Ἀπέστρεψας
845 4583 911 4636 δὲ
940 4583 1003 4636 τὸ
1044 4582 1366 4649 πρόσωπόν
1399 4595 1536 4644 σου,
1572 4581 1670 4633 καὶ
1694 4583 1810 4650 ἐγε-

1980 4581 2031 4636 6.
2071 4587 2318 4638 Avertisti
2373 4597 2544 4639 autem
2597 4587 2786 4654 [aciem
2853 4596 3018 4648 luant,
3056 4594 3101 4637 et
3140 4585 3309 4652 [actus
3354 4601 3468 4638 sum

232 4675 433 4743 νήθην
491 4677 938 4744 τεταραγμένος.
989 4676 1131 4736 Ἕως
1191 4673 1286 4743 μὲν
1341 4675 1464 4736 ὅτε,
1516 4674 1699 4744 φησὶν,
1745 4675 1801 4726 αἱ

232 4767 452 4830 ἀκτῖνες
490 4768 586 4839 τῆς
634 4769 933 4836 ἐπισκοπῆς
971 4785 1061 4819 σου
1096 4766 1409 4834 ὲπέλαμπόν
1456 4783 1574 4835 μοι,
1615 4767 1670 4817 ὲν
1715 4768 1802 4817 εὑ-

311 4904 356 4935 ³⁸
378 4904 530 4958 Cant.
559 4920 632 4968 tv,
659 4905 708 4957 7.

315 5065 423 5135 (65)
485 5065 614 5132 lieg.
655 5066 917 5121 secundus
963 5066 1018 5116 ἐν
1067 5064 1142 5134 τῷ
1200 5063 1460 5133 θελήματί
1508 5062 1806 5135 σου·νοῦτω

231 5134 332 5191 νῦν
373 5135 495 5204 {aq/oi
523 5136 612 5187 τὸν
660 5137 789 5189 Θεὸν
839 5135 924 5187 διὰ
965 5136 1064 5200 τῆς
1099 5135 1321 5206 χάριτος
1356 5135 1567 5206 (λέγων.
1605 5134 1804 5186 Ibidem

233 5208 402 5259 editio
457 5216 635 5259 nostra
682 5207 851 5260 Paris.
907 5206 1212 5274 παράσχου.
1264 5205 1408 5257 Multi
1476 5221 1600 5258 mss.
1664 5221 1804 5273 παρ-

233 5279 397 5346 έσχου
408 5317 422 5331 .

313 5342 424 5416 (66)
460 5344 609 5411 Begii
647 5346 870 5414 primus,
905 5345 1170 5416 seCundus
1195 5352 1249 5396 et
1279 5345 1509 5416 quintus_
1527 5359 1660 5416 cum
1683 5342 1805 5394 Col-

237 5413 464 5468 liertinis
510 5413 699 5483 quinto
731 5426 783 5469 et
836 5426 986 5469 εοκιυ
1036 5415 1260 5482 δύναμιν
1306 5413 1402 5483 τὴν
1444 5413 1549 5464 τῶν
1575 5413 1802 5465 δεόντων

235 5477 595 5556 παρεκτικῆν,
630 5477 744 5556 Vim
772 5503 831 5536 ea
875 5501 990 5553 qua:
1031 5477 1328 5556 (:[ﬁcit_ittttt
1361 5477 1694 5556 'largicnzcm.
1736 5489 1803 5556 At

241 5569 353 5608 tres
386 5559 473 5608 alii
505 5554 634 5608 mss.
670 5555 817 5624 liegii
855 5568 908 5607 et
942 5566 1139 5624 septi-ni
1174 5554 1466 5624 Colbertini
1494 5569 1612 5624 cum
1641 5554 1799 5624 editis

238 5638 290 5678 et
331 5641 449 5677 cum
488 5626 683 5678 Catena
710 5621 1033 5678 Gorderiana
1059 5621 1283 5690 δύναμιν
1310 5623 1403 5693 τὴν
1437 5623 1544 5674 τῶν
1576 5621 1798 5673 δεόντων

238 5696 568 5766 πρακτικήν,
618 5694 729 5746 Vim
764 5711 939 5748 eorum
986 5709 1101 5760 qum
1134 5693 1281 5761 o/ﬁcii
1315 5703 1431 5745 sunt
1463 5694 1787 5759 elice-tricem.

233 5765 431 5833 Aptam
486 5767 699 5834 quidem
749 5779 803 5819 ct
866 5766 1107 5818 idoneam
1160 5767 1474 5817 sententiam
1533 5780 1595 5817 ex
1643 5775 1789 5816 utra-

1910 4678 2269 4729 conturbatus.
2297 4675 2542 4741 Quamlin
2568 4677 2734 4738 enim,
2767 4676 2962 4742 inquit,
2989 4675 3339 4742 inspectionis
3367 4685 3468 4728 tua:

1910 4766 2044 4818 radii
2079 4768 2208 4819 mihi
2243 4766 2514 4830 aﬂ'ulsere,
2547 4768 2598 4819 in
2632 4776 2774 4820 statu
2811 4765 2965 4819 firmo
2995 4777 3154 4834 atque
3184 4766 3466 4832 tranquillo

1911 5076 2012 5129 que
2052 5059 2276 5114 lectione
2301 5060 2434 5114 effici
2473 5075 2626 5127 posse
2661 5067 2868 5113 constat
2900 5079 2912 5113 :
2945 5061 3038 5114 sed
3071 5057 3468 5129 quinrcpam-

1909 5127 2012 5199 κήν
2045 5133 2142 5200 legi
2192 5141 2455 5198 oporteat,
2490 5130 2717 5200 dubitari
2775 5145 2875 5183 non
2927 5143 3084 5198 posse
3115 5127 3460 5200 arbitramur.

1910 5197 2118 5253 Etenim
2145 5203 2186 5252 si
2228 5197 2356 5252 nihil
2389 5201 2553 5264 aliud,
2591 5199 2700 5267 ipsa
2725 5210 2870 5253 certe
2897 5197 3158 5252 orationis
3189 5198 3354 5267 series
3391 5198 3461 5248 ita

1907 5271 2188 5337 legendum
2218 5285 2337 5323 esse
2385 5280 2565 5338 aperte
2595 5264 2845 5321 oSIendit.
2894 5270 3026 5338 Cum
3063 5267 3202 5338 enim
3237 5264 3465 5338 Basilius

1905 5336 2064 5408 paulo
2091 5353 2213 5392 ante
2244 5336 2538 5406 scripserit,
2571 5339 2662 5390 καὶ
2693 5338 2920 5408 δύναμις
2952 5337 3059 5389 τῶν
3086 5336 3308 5408 δεόντων
3345 5337 3458 5408 ἐπι-

1903 5405 2206 5476 τελεστική,
2238 5405 2416 5462 debuit
2452 5424 2598 5467 Sane,
2647 5408 2687 5460 si
2732 5405 2840 5461 sibi
2881 5418 3124 5462 constare
3155 5405 3337 5466 voluit,
3381 5405 3466 5457 hic

1905 5497 2212 5549 πρακτικην
2263 5480 2518 5549 scribere,
2562 5489 2617 5528 ut
2651 5493 2748 5549 vox
2787 5495 2887 5530 una
2923 5478 3098 5549 alterig
3123 5476 3338 5526 omnino
3383 5490 3466 5549 re-

1890 5545 2178 5616 spondeat.
2216 5548 2344 5600 Nam
2399 5548 2458 5600 τὸ
2509 5548 2907 5601 ἐπιτελεστικόν
2955 5558 3006 5602 et
3055 5546 3114 5599 τὸ
3165 5545 3435 5616 πρακτικό

1902 5621 2056 5687 plane
2094 5621 2225 5674 idem
2261 5619 2437 5672 valere
2475 5635 2653 5680 nemo,
2690 5624 2897 5685 opinor,
2929 5619 3161 5689 negabit.

1972 5690 2082 5758 (67)
2116 5689 2203 5743 Sic
2254 5703 2377 5744 octo
2409 5704 2537 5742 mss.
2596 5693 2662 5743 At
2711 5691 2872 5745 editio
2923 5685 3094 5744 I’ai’is.
3144 5687 3333 5755 ὥσπερ
3372 5685 3468 5740 καὶ

1897 5777 1984 5812 τα.
