4016 6446
222 393 321 448 521

1356 390 1631 445 ΗΠΜΙΙΛΛ
1673 392 1736 445 IN
1780 393 2104 449 PSAIJIUM
2145 395 2331 451 XXIX.

3359 397 3464 449 392

216 507 373 573 νήθη
400 505 628 570 ,ϐοηθός
674 521 812 574 μου.
858 500 1010 554 Μετά
1055 501 1116 553 τὸ
1155 501 1511 575 διηγήσασθαι
1553 503 1671 556 τίνα

1895 503 2152 561 Dominus
2183 506 2358 575 factus
2384 515 2460 559 est
2493 505 2714 575 adjutor
2741 519 2905 558 meus.
2950 503 3238 575 Postquam
3278 517 3465 562 narra‘

215 599 252 654 ἃ
284 599 418 670 πρὸς
439 599 528 652 τὸν
550 598 680 651 Θεὸν
702 594 1014 666 ἐκέκραξεν,
1051 595 1209 656 εὐθὺς
1236 598 1551 670 αἰσθόμενος
1579 597 1676 669 τῆς
1697 598 1790 650 ἁν-

215 694 486 763 τιλήᾷεως
524 692 616 745 τοῦ
651 688 805 751 Θεοῦ,
854 689 1151 759 παρορμῶν
1198 691 1342 759 ἡμᾶς
1380 691 1513 765 πρὸς
1540 692 1639 761 τὴν
1682 692 1789 745 τῶν

213 786 412 855 ὁμοίων
439 787 668 852 αἴτησιν,
708 782 979 845 Ἤκουσε,
1008 783 1161 854 φησι,
1186 785 1416 851 Κύριος,
1444 784 1540 837 καὶ
1561 784 1790 852 ἠλέησέ

214 896 287 946 με
315 896 327 908 ’
373 881 586 945 Κύριος
622 873 872 943 ἐγενήθη
908 877 1136 944 ,Βοηθός
1159 893 1296 943 μου.
1349 876 1649 947 Εὑχὼμεθα
1698 874 1790 932 οὖν

215 975 308 1025 καὶ
353 971 548 1040 ἡμεῖς,
600 968 692 1020 καὶ
733 968 1022 1038 κράζωμεν
1071 966 1168 1037 τὴν
1215 970 1584 1041 πνευματικὴν
1640 968 1785 1039 βοὴν,

214 1062 520 1130 αἰτούμενοι
548 1059 611 1112 τὰ
650 1061 876 1131 μεγάλα,
913 1059 985 1128 μὴ
1008 1061 1437 1134 ἀντιποιούμενοι
1464 1064 1561 1131 τῆς
1590 1063 1789 1133 σαρκὸς

215 1155 297 1223 (Ol
324 1152 432 1220 γὰρ
455 1151 524 1203 ἐν
554 1155 729 1220 σαρκὶ
763 1153 951 1216 ὄντες,
981 1151 1100 1217 Θεῷ
1130 1155 1338 1221 ἀρέσαι
1369 1157 1439 1208 οὑ
1461 1155 1786 1222 δύνανται),

214 1245 303 1297 ἵνα
336 1245 428 1296 καὶ
460 1244 612 1314 ἡμῶν
646 1242 923 1316 ἐπακούσῃ
965 1246 992 1296 6
1028 1245 1245 1316 Κύριος,
1283 1249 1509 1318 ἐλεήσας
1544 1248 1698 1319 ἡμῶν
1729 1247 1789 1299 τὸ

213 1335 455 1397 ἀσθενὲς,
501 1337 593 1387 καὶ
629 1351 726 1401 της
776 1333 923 1396 θείας
973 1334 1219 1403 βοηθείας
1252 1336 1653 1400 ἀπολαύσαντες
1695 1338 1788 1390 καὶ

213 1428 374 1496 ἡμεῖς
412 1430 684 1496 εἴπωμεν·
734 1427 1074 1493 Ἔστρεψας
1115 1427 1222 1478 τὸν
1264 1429 1517 1479 νοπετόν
1553 1447 1667 1494 μου
1702 1432 1789 1493 είς

212 1519 407 1586 χαρὰν
429 1518 578 1587 ἐμοί.
629 1518 701 1570 Οὐ
731 1521 799 1588 τῇ
830 1517 1062 1588 τυχούσῃ
1094 1518 1236 1587 ψυχῇ
1267 1520 1298 1587 ἠ
1330 1519 1437 1571 ἀπὸ
1467 1519 1599 1571 Θεοῦ
1646 1523 1787 1591 χαρᾶ

212 1611 508 1680 ἐγγίνεται,
550 1609 662 1662 ἀλλ’
689 1609 742 1662 εἴ
779 1628 862 1672 τις
908 1609 1075 1662 πολλά
1110 1611 1205 1679 τὴν
1236 1611 1507 1682 ἁμαρτίαν
1533 1611 1627 1681 τὴν
1662 1612 1786 1664 ἑαυο

210 1705 304 1757 τοῦ
359 1703 772 1766 ἀπεκλαύσατο,
831 1704 1069 1774 ἰσχυροῖς
1128 1702 1380 1774 ὀδυρμοῖς
1430 1705 1522 1757 καὶ
1572 1704 1788 1775 Θρήνοις

209 1795 530 1864 διηνεκέσιν,
565 1796 639 1858 ὡς
679 1797 769 1846 ἐπὶ
801 1794 1054 1847 τεθνεῶτι
1100 1795 1276 1865 ἐαυτῷ
1324 1796 1549 1848 κοπετὸν
1596 1799 1783 1868 ἐποιή-

1895 598 1969 649 vit
1999 614 2243 667 quautam
2303 594 2502 651 iuerint
2561 612 2681 667 qua:
2718 597 2830 666 ipse
2888 597 2951 650 ad
3007 597 3288 655 Dominum
3345 600 3462 655 cla-

1893 690 2078 750 mavit,
2134 689 2314 741 statim
2359 686 2449 740 Dei
2511 689 2748 742 sentiens
2809 685 3091 752 auxilium,
3137 702 3232 740 nos
3282 692 3345 742 ad
3377 706 3464 759 pe-

1895 781 2049 834 tenda
2085 780 2277 833 similia
2303 790 2580 848 provocat.
2623 781 2877 842 Audirit,
2928 781 3138 849 inquit,
3178 781 3455 847 Dominus,

1891 881 1936 921 et
1971 871 2210 921 misertus
2227 879 2300 922 est
2318 870 2452 923 mei:
2479 869 2733 923 Dominus
2753 874 2926 940 {nctus
2950 882 3026 925 est
3053 873 3272 940 adjutor
3291 890 3456 929 meus.

1891 960 2121 1016 Oremus
2147 963 2308 1032 igitur
2335 971 2390 1014 et
2423 977 2541 1024 nos,
2576 978 2638 1015 ac
2676 963 3009 1029 spiritualem
3036 963 3331 1017 clamorem
3355 964 3461 1017 cla-

1892 1069 2121 1118 memns,
2157 1068 2260 1107 non
2311 1067 2473 1122 parva
2525 1063 2783 1118 petentes,
2828 1071 2924 1108 nec
2974 1056 3124 1110 carni
3185 1057 3461 1110 studentes

1892 1141 2018 1208 (Qui
2053 1145 2188 1195 enim
2214 1144 2268 1196 in
2285 1157 2441 1194 carne
2473 1152 2613 1206 sunt,
2634 1141 2740 1195 Deo
2757 1142 2962 1208 placere
2992 1161 3094 1198 non
3117 1160 3334 1214 possunt
3366 1145 3456 1214 ⁸³).

1893 1242 1949 1284 ιιι
1979 1244 2032 1284 et
2064 1249 2161 1286 nos
2191 1234 2448 1287 exaudiat
2482 1232 2640 1296 Deus,
2671 1235 2996 1288 debilitatem
3034 1250 3271 1292 nostram
3302 1237 3462 1290 mise-

1894 1334 2062 1385 ratus,
2099 1331 2260 1388 atqne
2305 1325 2508 1378 auxilio
2549 1323 2734 1377 divino
2780 1325 2927 1379 fruiti
2968 1329 3129 1380 etiam
3177 1347 3274 1385 nos
3303 1331 3458 1384 dica-

1890 1428 2006 1466 mus
2039 1429 2051 1466 :
2092 1411 2253 1465 Vnus.
2289 1413 2373 1465 12.
2413 1413 2728 1468 Convertiin
2753 1414 3023 1484 planctum
3051 1434 3214 1470 meum
3243 1419 3295 1472 in
3322 1436 3458 1489 gau-

1889 1507 2033 1556 dium
2082 1505 2230 1558 milti.
2287 1503 2399 1558 Non
2441 1507 2490 1557 in
2523 1507 2762 1575 qualibet
2790 1509 2966 1560 anima
3022 1509 3160 1562 inest
3207 1513 3459 1578 gaudium

1893 1597 1982 1648 Dei
2011 1615 2025 1648 :
2060 1599 2150 1649 sed
2179 1598 2222 1651 si
2255 1597 2376 1666 quis
2413 1596 2635 1649 multum
2667 1608 2950 1667 peccatum
2977 1615 3133 1651 suum
3168 1601 3454 1668 planxerit,

1891 1689 2193 1742 vehementi
2249 1688 2501 1742 videlicet
2540 1690 2707 1750 luctu,
2759 1701 2811 1745 et
2864 1691 3095 1746 assiduis
3129 1693 3455 1762 gemitibus,

1890 1781 2113 1848 perinde
2137 1784 2288 1850 quasi
2322 1798 2380 1836 se
2418 1783 2530 1850 ipse
2562 1793 2828 1837 mortuum
2863 1785 3182 1855 plunxisset,
3221 1786 3345 1840 huic
3371 1789 3458 1842 isti

211 1903 374 1949 σατο,
402 1888 494 1939 τοῦ
528 1888 767 1938 τοιούτου
803 1888 831 1936 ὁ
867 1887 1091 1948 κοπετὸς
1139 1890 1216 1948 εἰς
1259 1887 1430 1955 χαρὰν
1480 1889 1781 1958 στρέφεται.

1893 1876 2142 1939 planctus
2178 1875 2227 1926 in
2270 1874 2521 1945 gaudium
2552 1877 2795 1930 vertitur.
2830 1879 2979 1943 Quod
3007 1889 3187 1932 autem
3221 1879 3459 1933 laudabi-

212 1981 339 2046 ζὈτι
377 1983 434 2034 δέ
469 1984 617 2034 ἐστιν
653 1982 951 2044 ἐπαινετῶς
1001 1981 1300 2049 κόψασθαι,
1348 1982 1596 2045 δηλοῦσιν
1638 1987 1685 2035 oi
1731 1987 1788 2037 ἐν

208 2077 332 2137 ταῖς
357 2076 577 2146 ἀγοραῖς
609 2074 904 2144 καθήμενοι
959 2074 1163 2137 παῖδες,
1199 2077 1246 2126 oi
1281 2074 1556 2141 λέγοντεςο
1596 2076 1790 2143 Ἐθρη-

209 2164 485 2235 νήσαμεν
512 2166 670 2234 ὑμῖν,
718 2165 812 2219 καὶ
855 2167 964 2218 οὐκ
1001 2165 1307 2232 ἐκόψασθε
1338 2164 1480 2233 (74)-
1517 2167 1790 2234 ηὺλήσα·

205 2273 322 2325 μεν
342 2257 503 2326 ὑμῖν,
535 2257 633 2309 καὶ
659 2259 767 2309 οὐκ
793 2255 1169 2322 ὠρχήσασθε.
1201 2257 1355 2307 Ἐστι
1383 2255 1437 2307 δὲ
1465 2259 1492 2309 6
1520 2258 1678 2321 αὐλὸς
1699 2258 1789 2330 ὅρ-

207 2363 374 2414 γανον
406 2347 659 2417 μουσικὸν
704 2345 971 2414 πνεύματι
1021 2345 1266 2415 συνεργῷ
1311 2347 1446 2416 πρὸς
1507 2349 1602 2418 τὴν
1664 2349 1788 2418 μελ-

207 2436 688 2507 ῳδίανχρὼμενον.
710 2436 907 2506 Διόπερ
940 2432 1092 2505 οἶμαι
1123 2437 1298 2489 πάντα
1326 2436 1476 2505 ἅγιον
1503 2440 1788 2509 προφήτην

207 2529 370 2582 αὐλὸν
404 2527 675 2600 τροπικῶς
715 2529 1072 2600 ὀνομάζεσθαι
1117 2527 1202 2581 διὰ
1245 2530 1340 2600 τὴν
1383 2533 1446 2583 ἐκ
1493 2531 1586 2582 τοῦ
1631 2530 1784 2596 ἁγίου

207 2618 524 2688 Πνεύματος
577 2620 808 2688 κίνησιν.
862 2619 1090 2689 Διόπερ,
1159 2620 1354 2688 φησιν,
1420 2619 1788 2687 Ηύλήσαμεν

205 2711 369 2779 ὑμῖν,
402 2712 498 2764 καὶ
520 2714 628 2764 οὐκ
651 2712 1028 2779 ὠρχήσασθε.
1068 2713 1129 2762 Ui
1155 2711 1262 2780 γὰρ
1291 2712 1613 2781 προφητικοὶ
1640 2712 1786 2780 λόγοι

204 2801 610 2872 προτρέπονται
669 2802 817 2871 ἡμᾶς
866 2799 958 2852 ἐπὶ
1017 2798 1114 2870 τὴν
1161 2798 1426 2869 εὔρυθμον
1478 2798 1578 2867 τῆς
1625 2799 1786 2866 ἁγίας

204 2893 540 2965 προφητείας
577 2894 876 2965 ἐνέργειαν,
936 2893 1055 2962 ἥτις
1095 2892 1306 2962 εἴρηται
1337 2891 1580 2961 ὄρχησις.
1630 2890 1786 2942 Ἀλλά

204 2987 300 3037 καὶ
337 2984 620 3057 θρηνοῦσιν
651 2986 780 3054 ἡμῖν
822 2985 869 3035 οἰ
916 2984 1187 3054 προφῆται
1215 3023 1228 3044 ,
1279 2983 1356 3043 είς
1386 2981 1613 3034 κοπετὸν
1640 2983 1786 3051 ἡμᾶς

205 3079 658 3150 προκαλούμενοι,
692 3079 799 3140 ἵνα,
833 3079 910 3139 είς
935 3075 1285 3146 συναίσθησιν
1319 3074 1560 3138 ἐλθόντες
1593 3076 1655 3126 ἐκ
1679 3075 1785 3128 τῶν

208 3172 562 3241 προφητικῶν
584 3171 755 3238 λόγων
784 3169 876 3221 ἐπὶ
903 3171 1016 3232 τοῖς
1045 3167 1251 3220 ἑαυτῶν
1286 3167 1661 3237 ἁμαρτήμασι,
1690 3185 1786 3219 κα-

201 3263 632 3332 ταπενθήσωμεν
667 3261 822 3332 ἡμῶν
871 3261 968 3332 τὴν
1015 3258 1324 3324 ἀπώλειαν,
1363 3261 1418 3310 ὲν
1466 3259 1655 3322 κόποις
1695 3260 1785 3311 καὶ

205 3353 422 3423 μόχθοις
463 3354 562 3424 τὴ)
611 3354 788 3423 σάρκα
842 3351 998 3422 ἡμῶν
1050 3350 1481 3412 καταπιέσαντες
1517 3349 1646 3418 (75).
1697 3348 1785 3418 Τῷ

201 3444 430 3516 τοιούτῳ
475 3445 654 3497 τοίνυν
695 3446 1125 3514 περιρρήγνυται
1180 3443 1274 3511 μὲν
1312 3443 1371 3493 τὸ
1402 3441 1652 3494 πενθικὴν
1699 3440 1785 3494 ἕν-

200 3537 371 3607 δυμα,
417 3536 445 3589 ὃ
477 3534 832 3589 καταπενθῶν
879 3535 1068 3587 ἑαυτοῦ
1099 3533 1196 3604 τὴν
1226 3533 1497 3603 ἁμαρτίαν
1532 3532 1786 3603 περιεϐά-

201 3631 345 3686 λετο.
397 3630 736 3704 Περιτίθεται
766 3630 820 3682 δὲ
853 3628 1000 3698 αὐτῷ
1038 3631 1064 3680 ὁ
1097 3626 1261 3697 χιτὼν
1294 3626 1392 3695 τῆς
1425 3625 1781 3696 εὐφροσύνης,

201 3725 386 3778 καὶτὸ
435 3723 646 3794 ἱμάτιον
691 3722 782 3776 τοῦ
817 3721 1104 3790 σωτηρίου,
1145 3719 1212 3770 τὰ
1244 3717 1443 3789 φαιδρά
1476 3717 1645 3769 ταῦτα
1692 3719 1784 3770 καὶ

200 3819 415 3888 γαμικά
438 3818 729 3886 ἐνδύματα,
758 3809 838 3878 οἷς
869 3815 897 3865 6
923 3811 1333 3883 κεκοσμημένος
1362 3813 1425 3864 ἐκ
1451 3810 1543 3863 τοῦ
1568 3811 1785 3882 νυμφῶ-

198 3926 292 3971 νος
322 3910 420 3960 οὐκ
450 3907 864 3977 ἐκϐληθήσεται.
895 3904 1217 3972 Διέῤῥηξας
1246 3903 1352 3955 τὸν
1386 3901 1616 3955 σάκκον
1639 3919 1779 3970 μου,

199 4001 302 4052 καὶ
327 3997 680 4066 περιέζὶυσάς
702 4015 776 4065 με
795 3997 1202 4063 εὐφροσύνην.
1231 3994 1495 4064 Συνεργδς
1519 3995 1596 4054 είς
1621 3993 1782 4062 μετὰ-

197 4106 350 4143 νοιαν
371 4091 398 4142 ὁ
424 4090 642 4151 σάκκος,
666 4085 1043 4149 ταπεινώσεως
1072 4087 1332 4157 ὑπάρχων
1360 4087 1422 4137 σύ
1432 4087 1624 4156 μϐολον
1648 4086 1778 4156 (76).

199 4183 394 4237 Πάλαι
420 4186 527 4252 γὰρ
561 4181 636 4235 ἂν
668 4183 737 4235 ἐν
769 4181 996 4247 σάκκῳ,
1049 4181 1202 4251 φησὶ,
1254 4179 1351 4232 καὶ
1397 4180 1605 4245 σποδῷ
1642 4183 1782 4233 καθ-

196 4275 406 4347 ήμενοι
423 4276 817 4345 μετενόησαν.
837 4275 988 4326 Ἐπεὶ
1018 4274 1073 4326 δὲ
1097 4275 1124 4325 6
1159 4272 1475 4334 Ἀπόστολος
1508 4272 1616 4340 (77)
1648 4276 1784 4325 ἀνα-

195 4370 627 4438 κεκαλυμμένῳ
665 4366 960 4434 προσώπῳ
998 4365 1112 4433 τὴν
1148 4363 1342 4432 αὐτὴν
1374 4364 1576 4416 εἰκόνα
1619 4381 1782 4434 μετα-

201 4461 503 4533 μορφοῦται
535 4459 651 4513 ἀπὸ
682 4458 868 4527 δόξης
898 4462 984 4524 εἰς
1011 4458 1215 4522 δόξαν,
1241 4458 1339 4528 τὴν
1360 4457 1602 4509 δοθεῖσαν
1631 4455 1780 4527 αὐτῷ

1891 1965 1954 2018 lis
1980 1965 2050 2019 sit
2081 1966 2250 2020 luctus
2277 1971 2515 2037 quidam,
2547 1971 2836 2022 ostendunt
2859 1974 3003 2036 pueri
3038 1974 3086 2026 in
3113 1972 3230 2029 foro
3264 1974 3460 2028 seden-

1891 2068 1972 2110 tes
2004 2074 2066 2112 ac
2093 2059 2335 2114 dicentes
2362 2080 2374 2114 :
2406 2061 2709 2115 Lamentati
2749 2078 2929 2115 sumus
2962 2065 3123 2127 vobis,
3144 2077 3189 2118 et
3210 2082 3310 2119 non
3341 2065 3458 2132 pla-

1890 2151 2050 2203 rastis
2073 2168 2094 2206 :
2142 2155 2466 2208 cantavimus
2502 2155 2644 2209 vobis
2676 2155 2840 2219 tibiis,
2876 2165 2926 2208 et
2977 2172 3080 2209 non
3113 2157 3345 2210 saltastis
3385 2157 3454 2213 ⁸³.

1890 2242 2042 2296 Tibia
2075 2252 2253 2297 autem
2281 2245 2695 2300 instrumentum
2745 2249 3006 2302 musicum
3035 2259 3137 2313 est,
3174 2249 3318 2318 quod
3363 2249 3459 2302 lla-

1892 2342 1978 2386 tns
2013 2349 2111 2403 cpe
2143 2333 2384 2388 tnelodiae
2417 2335 2662 2391 inservit.
2711 2333 2918 2391 Idcirco
2954 2350 3200 2392 sanctum
3228 2341 3459 2408 queruli-

1891 2427 1980 2479 bet
2006 2427 2322 2495 prophetam
2362 2428 2546 2481 tibiatn
2576 2445 2672 2498 per
2725 2429 3134 2484 translationem
3188 2434 3456 2487 nominari

1889 2517 2142 2582 arbitror,
2183 2522 2252 2574 ob
2311 2523 2483 2576 sancti
2527 2521 2760 2589 Spiritus
2786 2530 3006 2576 motum.
3046 2521 3456 2591 Quamobrem,

1889 2609 2083 2678 inquit,
2115 2608 2450 2665 Cantavimus
2474 2612 2612 2666 vobis
2645 2614 2810 2677 tibiis,
2835 2624 2884 2668 et
2910 2631 3011 2667 non
3037 2615 3294 2669 saltastis.
3323 2615 3456 2670 Nam

1889 2701 2187 2770 prOphetici
2212 2717 2493 2757 sermones
2517 2704 2872 2758 adhortantur
2892 2720 2988 2757 nos
3017 2706 3083 2757 ad
3105 2716 3306 2760 sanctas
3333 2722 3459 2777 pro-

1887 2793 2080 2862 phetize
2099 2793 2415 2846 concinnam
2439 2796 2728 2859 actionem,
2755 2796 3278 2866 qutedicta131est
3297 2797 3460 2851 salta-

1889 2883 2129 2950 tio.Quin
2147 2884 2308 2937 etiam
2326 2895 2507 2940 nostra
2527 2901 2685 2940 causa
2703 2887 3062 2942 lamentantur
3078 2893 3372 2958 prophetae,
3391 2892 3457 2945 ad

1888 2976 2088 3029 luctum
2122 2992 2218 3031 nos
2252 2978 2626 3046 cohortantes,
2655 2989 2706 3032 ut
2736 2994 2830 3048 per
2872 2981 3215 3050 propheticos
3244 2996 3455 3037 sermo-

1889 3084 1983 3122 nes
2016 3079 2362 3137 peccatorum
2401 3080 2708 3125 nostrorum
2740 3074 2942 3126 conscii
2978 3073 3186 3138 ell'ecti,
3227 3075 3453 3129 exitium

1889 3171 2131 3214 nostrmn
2157 3161 2458 3229 lugeamus,
2501 3163 2776 3216 laboribus
2818 3179 2881 3218 ac
2922 3167 3175 3221 aerumnis
3231 3182 3453 3222 carnem

1889 3262 2124 3306 nostram
2157 3254 2500 3321 castigantes.
2531 3253 2647 3307 Tali
2676 3255 3057 3322 igiturhomini
3084 3257 3328 3312 luctuosa
3359 3275 3454 3314 ve-

1887 3344 1985 3397 stis
2008 3344 2400 3409 conscinditur,
2430 3359 2587 3412 quam
2615 3362 2736 3401 cum
2783 3359 3066 3417 peccatum
3117 3363 3273 3403 suum
3311 3351 3456 3418 plan-

1887 3441 2058 3500 geret,
2098 3431 2368 3486 induerat.
2425 3433 2665 3501 Denique
2697 3434 2746 3487 ei
2794 3436 3221 3504 circumponitur
3271 3437 3453 3492 tunica

1887 3523 2102 3585 la-titiae,
2128 3532 2184 3577 et
2211 3523 2429 3592 pallium
2465 3525 2680 3589 salutis,
2706 3524 2985 3596 splendida
3029 3527 3237 3581 scilicet
3279 3528 3369 3582 illa
3399 3537 3455 3583 et

1887 3615 2150 3685 nuptialia
2179 3616 2520 3680 indumenta,
2553 3619 2749 3687 quibus
2785 3620 2831 3672 si
2865 3620 2988 3688 quis
3016 3618 3177 3674 fuerit
3203 3628 3451 3681 ornatus.

1885 3724 1914 3763 e
1942 3709 2165 3777 nuptiali
2194 3709 2429 3764 thalamo
2467 3726 2572 3764 non
2604 3712 2868 3779 ejicietur.
2895 3711 3214 3764 Conscidisti
3243 3727 3454 3765 saccum

1884 3818 2074 3865 meum,
2094 3814 2140 3856 et
2157 3802 2550 3856 circumdedisti
2566 3819 2646 3856 me
2673 3804 2882 3857 (latitia.
2905 3802 3108 3858 Saccus
3139 3803 3453 3872 adiumento

1883 3904 1965 3948 est
2015 3893 2080 3946 ad
2127 3895 2519 3962 paenitentiam,
2570 3907 2692 3946 cum
2743 3893 2954 3961 signum
3003 3897 3073 3948 sit
3111 3893 3450 3948 humilitatis.

1885 3983 2030 4038 Olim
2057 3985 2223 4046 enim,
2258 3984 2450 4050 inquit,
2487 3985 2541 4036 in
2565 3998 2716 4035 sacco
2740 3992 2788 4035 et
2828 3984 2998 4036 cinere
3031 3986 3266 4037 sedentes
3293 3985 3454 4052 paeni-

1885 4077 2099 4128 tentiam
2132 4084 2345 4144 egerunt
2377 4072 2442 4125 ⁸⁸.
2468 4073 2728 4140 Quoniam
2770 4088 2898 4127 vero
2930 4073 3253 4142 Apostolus,
3312 4090 3454 4128 reve-

1883 4169 1992 4222 lata
2028 4168 2182 4236 facie,
2230 4169 2297 4220 ad
2353 4167 2584 4220 eamdem
2634 4165 2916 4233 imaginem
2972 4164 3454 4222 transformatura

1881 4261 2052 4331 gloria
2071 4261 2124 4313 in
2146 4259 2450 4329 gloriam“;
2482 4258 2678 4312 idcirco
2703 4256 2880 4311 datam
2906 4257 3007 4312 sibi
3033 4273 3060 4311 a
3086 4257 3312 4311 Domino
3330 4273 3452 4328 gra-

1885 4355 2032 4418 tiam,
2065 4352 2338 4422 propriam
2372 4351 2596 4418 gloriam
2625 4361 2800 4405 vocat.
2840 4349 3000 4406 Vens.
3037 4351 3123 4405 15.
3169 4348 3240 4403 Ut
3274 4359 3452 4403 cantet

1882 4444 2162 4513 tibigloria
2190 4459 2324 4496 mea.
2344 4441 2525 4497 Gloria
2552 4441 2706 4509 justi,
2727 4441 2950 4509 spiritus
2975 4441 3064 4510 qui
3109 4441 3159 4493 in
3198 4440 3317 4508 ipso
3346 4450 3450 4494 est.

195 4555 357 4624 χάριν
391 4553 496 4606 ἀπὸ
523 4552 615 4604 τοῦ
650 4551 853 4621 Κυρίου
904 4550 1038 4602 ἰδίαν
1076 4551 1224 4617 λέγει
1252 4549 1428 4615 δόξαν.
1485 4549 1674 4613 Ὅπως
1702 4547 1778 4600 ἂν

1884 4537 2135 4605 Quisquis
2164 4537 2325 4606 igitur
2363 4537 2552 4605 spiritu
2589 4535 2790 4604 psallit,
2824 4536 2970 4588 dicat
3002 4553 3015 4586 :
3068 4531 3135 4586 Ut
3160 4541 3333 4586 cantet
3360 4533 3452 4586 tibi

191 4645 370 4714 ψάλῃ
397 4660 493 4697 σοι
517 4645 551 4710 ή
579 4642 725 4706 δόξα
738 4659 876 4710 μου.
897 4641 1030 4706 Δόξα
1062 4642 1267 4693 δικαίου
1300 4643 1360 4694 τὸ
1384 4641 1596 4710 πνεῦμα
1623 4639 1682 4691 τὸ
1716 4642 1773 4691 ἐν

191 4736 366 4806 αύτῷ.
422 4738 479 4788 'O
511 4731 600 4788 οὖν
629 4734 844 4804 ψάλλων
869 4733 945 4803 τῷ
984 4734 1274 4803 πνεύματι,
1307 4732 1509 4802 λεγέτω
1529 4750 1542 4762 ο
1575 4734 1774 4795 νΟπωςι

267 4899 312 4930 ⁸¹
345 4899 495 4952 Rom.
525 4915 639 4962 vm,
692 4903 742 4955 8.
820 4900 864 4931 ⁸³
893 4898 1020 4952 Luc.
1054 4914 1151 4959 vn.
1185 4898 1276 4950 '52.
1350 4897 1395 4927 ⁸⁸
1424 4894 1555 4950 Luc.
1593 4911 1647 4960 χ,
1679 4895 1769 4948 15.

186 5059 362 5116 editio
401 5058 569 5111 Paris.
614 5057 947 5128 ἀντιλήψεως
993 5057 1092 5127 τῆς
1135 5054 1252 5110 τοῦ.
1305 5055 1411 5110 Sed
1448 5055 1596 5119 illud,
1641 5054 1761 5124 τῆς,

191 5132 325 5185 delit
357 5131 405 5181 in
429 5134 662 5195 quinque
685 5146 810 5181 mss.

267 5201 377 5272 (7i)
420 5198 619 5272 Tenus
652 5214 804 5252 sacer
842 5195 1163 5272 ἐκλαύσατε.

265 5263 376 5342 (75)
416 5268 856 5342 Colh.__quart_ns_
890 5267 1211 5342 πιέσαντες.
1271 5266 1480 5342 Statim
1534 5263 1750 5342 plurimi

189 5334 324 5393 mss.
358 5334 725 5407 περιεϐάλετο.
766 5337 938 5389 Editio
989 5335 1155 5407 Paris.
1205 5335 1609 5407 περιεϐάλλετο.
1650 5334 1756 5387 Ibi-

186 5411 310 5465 dem
345 5404 511 5473 major
546 5425 668 5476 pars
698 5423 823 5460 mss.
853 5404 1182 5475 περιτίθεται
1213 5404 1483 5459 δὲαύτοῦ.

265 5481 375 5548 (76)
416 5474 588 5532 Ειίἰιῖιι
623 5489 802 5532 nostra
839 5474 1018 5548 Paris.
1038 5493 1156 5548 cum
1194 5475 1485 5548 uuoColl).
1516 5474 1753 5548 σύμϐού-

183 5545 299 5604 λον.
351 5553 418 5602 At
481 5550 626 5600 tnulti
688 5562 814 5599 mss.
877 5545 1162 5614 σύμϐολον.
1214 5546 1412 5597 Ibidem
1471 5548 1636 5599 editio
1693 5547 1750 5595 ἐν

186 5622 400 5689 σάκκῳ,
451 5620 633 5688 φησὶν,
671 5620 720 5670 οἱ
765 5617 1030 5689 πατέρες,
1066 5627 1170 5668 etc.
1224 5617 1294 5689 At
1325 5617 1491 5689 illud,
1541 5617 1589 5666 οἱ
1643 5631 1750 5689 πα-

183 5679 362 5754 τέρες,
386 5679 549 5742 deest
585 5692 633 5739 in
670 5704 796 5741 mss.
831 5679 1048 5754 perinde
1086 5695 1247 5754 atque
1286 5687 1333 5736 in
1366 5687 1600 5738 editione
1641 5685 1746 5736 Bu-

183 5743 270 5813 sil'.
305 5743 498 5813 Ibidem
519 5760 665 5810 inulti
689 5774 813 5809 mss.
831 5743 956 5826 Icum
981 5743 1215 5826 editione
1239 5753 1398 5806 Busil.
1424 5754 1756 5826 καθήμεναι.

184 5832 286 5885 ΑΙῘί
335 5845 461 5883 mss.
492 5843 608 5882 cum
647 5827 881 5878 editione
917 5825 1084 5879 Paris.
1117 5825 1438 5894 καθήμενοι,

508 5923 776 5980 ΡΑτιιοι..
826 5923 942 5980 Gn.
993 5921 1199 5980 XXIX

1880 4633 2049 4701 gloria
2079 4647 2214 4692 mea,
2253 4639 2298 4682 et
2330 4646 2430 4682 non
2457 4642 2797 4694 compungar.
2835 4625 2948 4679 Non
2978 4624 3223 4694 amplius,
3257 4624 3452 4693 inquit,

1881 4723 2164 4777 admittam
2192 4720 2319 4782 ulla,
2366 4721 2432 4775 ob
2470 4734 2589 4788 quae
2633 4718 2756 4786 jure
2799 4731 2863 4770 ac
2911 4720 3105 4771 merito
3147 4731 3240 4772 cor
3271 4731 3450 4770 meum

1843 4891 1885 4922 ⁸⁵
1919 4888 1960 4942 II
1994 4886 2117 4942 Cor.
2150 4901 2229 4951 nt,
2265 4885 2327 4938 l8

1947 5052 2057 5121 (77)
2097 5051 2202 5104 Alii
2252 5064 2380 5105 mss.
2427 5063 2552 5121 cum,
2605 5048 2834 5121 ed_itis_6
2890 5044 3231 5121 ’ᾼπόστολος
3269 5042 3377 5121 Alii
3417 5042 3449 5095 ό

1874 5115 2059 5189 ἅγιος,
2108 5122 2306 5174 omissa
2357 5135 2484 5173 voce
2514 5117 2886 5179 ,Ἀπόστολος
2937 5117 3133 5184 Regius
3183 5115 3449 5189 secundus

1874 5183 2089 5245 eihibet
2117 5201 2402 5258 utramque
2427 5189 2731 5251 lectionem,
2758 5203 2918 5240 unam
2942 5189 2996 5239 in
3025 5183 3448 5258 contextn,_alte-

1863 5277 1976 5314 ram
2000 5262 2049 5312 in
2075 5254 2334 5327 margine:
2357 5262 2481 5328 lieg.
2500 5261 2717 5326 quintus
2737 5257 3230 5328 ntratnquejunxit.
3247 5257 3273 5307 6
3293 5254 3449 5321 ἆγιος

1873 5325 2218 5392 Ἀπό-στολοςξ
2252 5325 2491 5399 Ιιιιειήιῖιι
2515 5325 2764 5399 ςΒαδὶΙίιιε
2800 5328 2866 5379 ad
2900 5337 3059 5399 caput
3083 5325 3318 5399 Δωνιίιιιιι
3365 5341 3450 5374 se-

1859 5403 2049 5455 cunda:
2105 5392 2375 5468 l‘lpislolm-
2399 5401 2462 5453 ad
2499 5397 2812 5451 Corinthios
2857 5392 2996 5451 vers.
3045 5395 3130 5468 18,
3170 5396 3257 5447 ubi
3293 5392 3448 5468 ᾼρο-

1859 5471 2029 5523 stolus
2068 5461 2450 5537 sic-loquitur;
2502 5469 2693 5538 Ἡμεῖς
2722 5468 2785 5538 ,δὲ
2822 5467 3021 5530 πάντες
3061 5461 3447 5538 ἀνακεκαλυμ-

1861 5542 2004 5610 μένῳ
2040 5529 2428 5610 προσώπῳ.....
2457 5529 2584 5624 τῆν’
2610 5537 2778 5624 αὐτῂν
2834 5529 3018 5590 είκόνα
3067 5529 3446 5624 μεταμορξού-

1861 5601 2001 5680 μεθα
2039 5601 2145 5662 ἀπὸ
2176 5601 2331 5680 δόξης
2365 5613 2443 5672 είς
2470 5601 2650 5673 δόξαν,
2693 5601 2806 5680 Nos
2840 5624 2959 5667 vero
2990 5601 3171 5680 omnes
3213 5601 3444 5655 reuelato

1860 5676 2030 5748 facie.
2051 5721 2085 5734 ..
2111 5717 2127 5733 .
2149 5720 2160 5731 .
2210 5683 2261 5732 in
2290 5676 2535 5734 eamdem
2587 5679 2870 5746 imaginem
2916 5676 3362 5748 transformamur
3407 5683 3446 5724 a

1863 5743 2104 5806 claritate
2143 5753 2199 5805 in
2247 5752 2560 5806 claritatem.
2605 5743 2804 5804 Ibidem
2855 5743 3075 5818 plurimi
3123 5759 3253 5798 mss.
3291 5743 3444 5794 ἐπα·

1865 5822 1928 5892 δὴ
1959 5825 2002 5874 τι.
