4016 6452
563 375 669 429 325

1885 373 1940 425 S.
1984 367 2225 424 BASILII
2264 365 2480 418 MAGNI

3696 363 3806 415 3‘34

555 497 963 555 compungatur,
1006 485 1452 554 coulodiaturque
1484 485 1552 538 ob
1587 487 1791 552 peccati
1838 486 1939 536 mei
1993 501 2094 538 me-

2220 479 2290 530 ἂν
2312 477 2480 543 ill-diu
2509 491 2607 528 σοι
2646 476 2686 539 ἡ
2730 473 2880 536 δόξα
2909 490 3053 539 μου,
3089 474 3188 527 καί
3227 471 3299 526 οὐ
3333 473 3421 541 μὴ
3454 471 3803 539 κατανυγκὶ

551 577 797 629 suariam.
829 574 1046 625 Domine
1073 571 1213 625 Deus
1239 589 1406 632 meus,
1438 572 1492 622 in
1525 582 1778 624 wternum
1819 571 2106 636 conﬁtebor

548 664 642 714 sibi
728 664 827 714 hoc
849 668 952 721 est,
983 660 1152 727 Agam
1185 662 1407 731 gratias.
1431 658 1564 713 Cum
1589 662 1730 714 enim
1755 669 1972 728 propter
1999 676 2108 730 pte-

546 752 826 807 nitentiam
855 751 982 804 milii
1012 752 1222 805 veniam
1247 750 1479 815 dederis,
1507 767 1719 819 meque,
1741 752 1951 806 sublato
1977 768 2104 820 pec-

543 853 786 896 catorum
828 842 1114 908 dedecore,
1161 843 1225 896 ad
1283 842 1508 912 gloriam
1547 844 1847 906 reduxeris,
1875 844 1998 898 ideo
2051 845 2104 898 in

542 947 704 987 omne
732 948 906 987 aevum
934 934 1229 990 conﬁtebor
1258 935 1374 988 tibi.
1417 933 1563 998 Quod
1587 935 1728 988 enim
1756 945 1963 990 tantum
1986 951 2105 991 esse

545 1026 720 1090 possit
756 1028 1015 1095 temporis
1044 1025 1406 1086 intervallum.
1447 1029 1589 1095 quod
1638 1035 1910 1081 tantorum
1943 1029 2106 1083 bene-

543 1111 790 1169 ﬁciorum
813 1115 1134 1170 oblivionem
1161 1118 1353 1168 anima:
1384 1129 1514 1166 mea:
1547 1113 1796 1166 inducere
1827 1116 2033 1183 queat?

2217 567 2411 619 Οὐκέτι
2456 566 2550 637 μὴ,
2603 566 2753 634 φησὶ,
2794 564 3002 634 ποιήσω
3046 563 3171 628 ἄξια
3215 564 3308 620 τοῦ
3352 565 3807 618 κατανύτσεσθαι

2218 657 2312 709 καὶ
2340 654 2781 711 κατακεντεῖσθαι
2826 656 2926 726 τὴν
2977 656 3204 725 καρδίαν
3247 657 3339 712 ἐπὶ
3385 657 3450 726 τῇ
3485 656 3809 726 ὑπομνήσει

2216 745 2317 815 τῆς
2363 746 2633 818 ἁμαρτίας
2685 762 2804 815 μου.
2858 746 3034 813 Κύριε
3081 747 3114 796 ό
3172 749 3315 813 Θεός
3354 763 3495 816 μου,
3548 745 3641 807 είς
3692 743 3811 795 τὸν

2217 838 2401 891 αἰῶνα
2419 836 2932 910 ἐξομολογήσομαί
2949 851 3070 890 σοι’
3097 836 3214 889 ἀντὶ
3235 840 3349 901 τοῦ,
3373 835 3802 910 Εὐχαριστὴσω.

2225 932 2447 1002 Ἐπειδὴ
2476 934 2586 1003 γὰρ
2634 930 2840 993 ἔδωκάς
2872 948 2960 1000 μοι
2993 930 3086 1002 τὴν
3122 930 3187 982 ἐκ
3217 929 3318 997 τῆς
3346 931 3640 1001 μετανοίας
3668 943 3807 992 συγ-

2211 1021 2476 1094 χώρησιν,
2510 1025 2605 1077 καὶ
2637 1022 2981 1091 ἐπανήγαγές
3028 1039 3094 1092 με
3128 1023 3206 1084 εἰς
3232 1019 3408 1086 δόξαν,
3435 1025 3537 1094 τὴν
3577 1025 3648 1077 ἐκ
3688 1017 3805 1071 τῶν

2210 1115 2627 1186 ἁμαρτημάτων
2681 1113 2940 1184 αἰσχύνην
2998 1113 3297 1186 περιελὼν,
3358 1112 3447 1165 διὰ
3502 1116 3669 1168 τοῦτο
3718 1114 3804 1175 εἰς

544 1208 719 1261 πάντα
762 1208 855 1259 τὸν
900 1205 1072 1260 αίῶνα
1120 1205 1580 1279 ἐξομολογησομαί
1632 1223 1733 1258 σοι.
1782 1208 1846 1260 Τί
1893 1209 2000 1278 γὰρ
2051 1207 2116 1262 ἂν
2153 1207 2368 1277 γένοιτο
2395 1211 2646 1263 τοσοῦτον
2685 1210 2874 1283 χρόνου
2943 1207 3251 1282 διάστημα,
3300 1208 3329 1262 ὃ
3383 1208 3447 1277 τῇ
3496 1211 3604 1281 ἐμῇ
3649 1209 3803 1280 ψυχῇ

543 1299 711 1370 λήθην
748 1298 856 1351 τῶν
896 1297 1227 1370 τηλικούτων
1275 1299 1602 1368 εὐεργεσιῶν
1641 1301 1936 1370 ἐμποιῆσαι
1968 1301 2290 1371 δυνήσεται;

991 1491 1055 1545 ΙΝ
1091 1489 1416 1547 PSALMUM
1445 1490 1657 1547 XXXII.

544 1608 843 1673 Exsultale,
859 1608 1017 1676 justi,
1035 1607 1088 1661 in
1109 1606 1331 1660 Domino
1357 1621 1375 1660 :
1407 1617 1572 1658 rectos
1602 1607 1744 1659 decet
1764 1605 2112 1664 collaudatio.

2413 1490 2551 1544 ΤΟΥ
2576 1492 2807 1546 ΑΥΤΟΥ
2831 1493 2938 1544 ΕΙΣ
2967 1491 3103 1543 TON
3125 1493 3225 1543 AB’
3255 1492 3574 1548 ΨΑΛΜΟΝ.

2289 1580 2695 1648 Ἀταλλιᾶσθε,
2730 1584 2966 1648 δίκαιοι,
2993 1583 3063 1636 ἐν
3089 1584 3312 1651 Κυρίῳ·
3355 1586 3478 1654 τοῖς
3514 1586 3730 1640 εὐθέοι

2742 1654 2951 1723 πρέπει
3002 1654 3261 1721 αἴνεσις.

2137 1783 2180 1837 Β
2277 1745 2328 1800 1.
2368 1744 2613 1818 Συνήθης
2652 1749 2718 1818 τῇ
2760 1748 2950 1818 Γραφῇ
2998 1745 3096 1817 τῆς
3129 1745 3495 1816 ἀγαλλιάσεως
3531 1751 3565 1820 ἡ
3617 1747 3801 1819 φωνὴ.

2210 1837 2574 1910 φαιδροτάτην
2600 1840 2720 1893 τινὰ
2747 1839 2841 1892 καὶ
2877 1838 3152 1910 περιχαρῆ
3194 1841 3530 1895 κατάστασιν
3561 1841 3667 1912 τῆς
3690 1841 3803 1910 ψυ-

2209 1930 2310 2000 χῆς
2353 1931 2446 1984 ἐπὶ
2488 1933 2600 1994 τοῖς
2646 1929 2818 1996 ἀξίοις
2857 1929 3122 2000 εὐθυμίας
3173 1933 3528 2004 ἐμφαίνουσα.
3591 1936 3802 2002 Ἀταλ-

2209 2020 2420 2075 λιᾶσθε
2469 2017 2580 2085 οὖν,
2627 2018 2863 2082 δίκαιοι,
2907 2018 2978 2072 ἐν
3005 2023 3199 2090 Κυρίῳ
3221 2039 3236 2054 ο
3281 2023 3356 2094 μὴ
3391 2024 3516 2075 ὅταν
3544 2023 3676 2092 ὑμῖν
3702 2023 3802 2074 εὐ-

2210 2113 2436 2184 θηνῆται
2465 2111 2530 2164 τὰ
2574 2111 2717 2165 κατὰ
2759 2112 2850 2165 τὸν
2894 2107 3042 2168 οἷκον
3077 2113 3212 2186 (78),
3254 2114 3327 2186 μὴ
3372 2115 3499 2168 ὅταν
3527 2113 3804 2181 εὐεκτῆτε

2208 2204 2284 2275 τῷ
2323 2203 2555 2274 σώματι,
2593 2203 2668 2276 μὴ
2705 2205 2832 2258 ὅταν
2869 2207 2924 2259 αἱ
2961 2206 3192 2279 ἄρουραι
3217 2205 3528 2277 πληθύνωσι
3559 2201 3804 2276 καρπῶν

2209 2292 2562 2348 παντοδαπῶν
2583 2310 2596 2322 ⁸
2635 2293 2752 2347 ἀλλ’
2777 2294 2860 2348 ὅτι
2895 2295 3100 2367 Κύριον
3125 2295 3298 2366 ἔχετε,
3331 2292 3571 2347 τοιοῦτον
3604 2293 3707 2361 μὲν
3735 2293 3805 2344 τὺ

2210 2386 2423 2451 κάλλος,
2452 2386 2694 2442 τοιοῦτον
2730 2387 2787 2442 δὲ
2815 2389 2914 2460 τὴν
2946 2389 3278 2460 ἀγαθότητα,
3315 2388 3412 2458 τὴν
3460 2385 3656 2454 σοφίαν
3683 2401 3804 2436 τοι-

2209 2477 2384 2531 οῦτον.
2429 2478 2694 2550 Ἀρκείτω
2745 2481 2873 2551 ὑμῖν
2919 2484 2952 2551 ὴ
2998 2483 3088 2532 ἐπ’
3119 2480 3267 2549 αὐτῷ
3302 2462 3803 2548 εὐφροσύνη.’Καὶ

2210 2569 2384 2623 ἔοικεν
2424 2572 2453 2623 ό
2494 2573 2609 2640 μετ’
2639 2571 2975 2642 εὐφροσύνης
3017 2570 3112 2622 καὶ
3143 2571 3316 2640 χαρᾶς
3355 2569 3804 2639 ἐπαγαλλόμενος

2208 2678 2314 2714 τινι
2338 2660 2444 2715 τῶν
2477 2661 2954 2732 περισπουδάστων
2975 2699 2988 2724 ,
3023 2659 3198 2723 οὕτως
3239 2659 3504 2729 ἀγαλλιᾷν
3547 2659 3666 2728 (79)
3703 2660 3800 2710 ἐπ’

2211 2754 2378 2826 αὐτῷ.
2428 2753 2518 2807 Διὸ
2560 2755 2686 2818 τοὺς
2729 2754 2969 2817 δικαίους
3000 2754 3256 2825 παρορμᾷ
3283 2756 3310 2806 ό
3353 2753 3508 2821 λόγος
3543 2751 3804 2806 αἰσθάνε-

2214 2846 2334 2900 σθαι
2382 2847 2519 2918 μετὰ
2566 2845 2661 2899 τοῦ
2707 2845 3037 2917 ἀξιώματος,
3092 2847 3174 2900 ὅτι
3224 2847 3468 2900 τοιούτου
3518 2847 3801 2900 Δεσπότου

2212 2937 2388 2992 δοῦλοι
2425 2935 2562 2992 εἶναι
2601 2938 3037 3012 κατηξιώθησαν,
3073 2940 3168 2992 καὶ
3197 2939 3595 3007 ἐπαγάλλεσθαι
3625 2937 3801 2990 αὐτοῦ

2210 3032 2277 3098 τῇ
2305 3029 2514 3099 δουλείᾳ
2550 3030 2687 3099 μετὰ
2721 3032 2893 3100 χαρᾶς
2925 3031 3211 3101 ἀμυθήτου
3255 3031 3348 3083 καὶ
3383 3029 3801 3099 σκιρτημάτων,

549 3118 746 3174 ctionis
775 3117 900 3171 boui
931 3114 1086 3186 quasi
1114 3113 1452 3168 subsilieute.
1477 3112 1532 3166 Si
1563 3113 1779 3182 quando
1825 3124 1912 3165 tuo
1961 3113 2106 3166 cordi

2220 3119 2311 3187 τῆς
2352 3119 2577 3188 καρδίας
2632 3119 2792 3170 οἱονεί¹
2844 3117 3096 3188 πηδώσης
3148 3118 3226 3188 τῷ
3273 3117 3650 3186 ἐνθουσιασμῷ
3699 3117 3803 3188 τῆς

549 3213 640 3266 lux
673 3213 916 3279 quaedam
944 3208 1102 3279 quasi
1141 3207 1348 3276 illapsa,
1375 3205 1704 3277 repentinam
1741 3203 1832 3258 Dei
1859 3204 2111 3272 cognitio-

2220 3210 2429 3281 ἂγάπης
2465 3210 2557 3263 τοῦ
2608 3209 2831 3278 ἀγαθοῦ.
2879 3211 2947 3263 Et
2977 3209 3105 3263 ποτὲ
3151 3227 3243 3262 σου
3276 3212 3341 3279 τῇ
3392 3209 3591 3280 καρδίᾳ
3632 3211 3804 3262 οἱονεὶ

549 3319 670 3358 nem
717 3302 992 3361 indiderit,
1027 3310 1190 3367 atque
1241 3301 1476 3353 animam
1525 3309 1668 3353 tuam
1718 3297 2066 3353 illustraverit
2095 3338 2110 3363 ,

2220 3303 2327 3373 φῶς
2371 3301 2608 3372 ἐμπεσὸν
2657 3300 2857 3370 ἁθρόαν
2899 3301 3034 3354 Θεοῦ
3079 3300 3284 3354 ἔννοιαν
3330 3302 3652 3370 ἐνεποίησε,
3705 3301 3803 3355 καὶ

614 1745 667 1800 l.
701 1743 994 1812 Scriptura:
1021 1741 1305 1795 familiaris
1335 1747 1415 1792 est
1436 1739 1812 1796 exsultationis
1840 1757 1964 1805 vox,
1983 1756 2106 1809 per-

541 1852 704 1907 quam
729 1834 953 1890 hilarem
981 1848 1043 1887 ac
1073 1831 1251 1884 laetum
1287 1831 1483 1885 animae
1527 1842 1725 1886 statum
1782 1833 1835 1885 in
1884 1833 1967 1886 his
2013 1833 2104 1901 qui

543 1928 726 1981 laetitia
746 1925 887 1995 digni
915 1933 1042 1979 sunt
1063 1922 1376 1978 ostendens.
1409 1921 1690 1978 Exsultate
1725 1923 1927 1993 itaque,
1947 1923 2105 1992 justi,

542 2020 597 2072 in
631 2019 891 2083 Domino;
919 2033 1024 2071 non
1049 2031 1171 2072 cum
1212 2030 1298 2070 res
1342 2017 1482 2070 domi
1514 2016 1666 2069 vobis
1689 2030 1948 2086 prospere
1986 2034 2110 2074 suc-

543 2112 766 2176 cedunt,
812 2126 916 2166 non
948 2125 1070 2165 cum
1101 2109 1242 2164 bona
1297 2107 1461 2160 fuerit
1502 2109 1751 2177 corporis
1803 2110 2063 2164 habitudo
2089 2150 2106 2172 ,

546 2221 652 2258 non
680 2220 802 2258 cum
838 2203 950 2272 agri
987 2201 1251 2254 fructibus
1277 2200 1577 2271 omnigenis
1601 2199 1782 2255 referti
1821 2210 1945 2256 sunt
1975 2215 1989 2254 :
2014 2204 2108 2256 sed

544 2294 685 2362 quod
720 2293 1006 2346 Dominum
1035 2290 1263 2348 habetis,
1295 2289 1387 2343 tali
1415 2288 1837 2357 pulchritudine,
1884 2289 1973 2343 tali
2010 2289 2108 2345 bo-

545 2384 733 2448 nitate,
767 2381 854 2435 tali
901 2381 1165 2449 sapientia
1222 2379 1524 2446 praeditum.
1577 2376 1817 2433 Sutliciat
1864 2379 2014 2435 vobis
2045 2395 2108 2435 ea

545 2475 727 2532 L'utitia
752 2491 868 2545 qua:
889 2475 940 2529 in
973 2474 1086 2545 ipso
1113 2482 1214 2528 est.
1238 2471 1302 2525 Et
1323 2472 1567 2542 quisquis
1591 2471 1642 2525 in
1671 2487 1728 2526 re
1755 2472 1932 2543 aliqua
1949 2487 2107 2541 quam

547 2571 760 2639 plurimi
793 2567 941 2629 facit,
975 2581 1095 2621 cum
1129 2565 1309 2620 laetitia
1367 2579 1431 2619 ac
1489 2566 1684 2635 gaudio
1727 2567 1984 2630 exsultat,
2043 2566 2110 2620 ad

545 2674 666 2712 eum
719 2659 933 2712 modum
986 2658 1037 2708 in
1095 2671 1156 2709 ea
1197 2654 1470 2708 exsultare
1507 2655 1743 2708 videtur.
1776 2655 2112 2724 Quapropter

542 2751 713 2819 justos
749 2762 928 2802 sermo
982 2747 1322 2809 adhortatur,
1363 2754 1420 2796 ut
1449 2759 1600 2798 suam
1642 2745 1957 2814 dignitatem
1990 2761 2111 2816 per-

545 2841 812 2903 sentiant;
870 2837 1109 2906 itemque
1146 2846 1204 2890 ut
1241 2834 1512 2890 exsultent
1535 2832 1678 2902 quod
1732 2834 1850 2888 talis
1893 2838 2103 2890 Domini

544 2934 686 2988 servi
706 2946 827 2986 esse
856 2929 1060 3000 dignati
1092 2929 1222 2992 sint,
1253 2929 1304 2981 in
1335 2926 1475 2980 illius
1502 2926 1727 2979 servitio
1757 2942 1880 2980 cum
1913 2928 2112 2997 gaudio

547 3023 892 3082 inenarrabili
914 3033 965 3079 et
991 3036 1113 3077 cum
1146 3020 1411 3090 tripudiis,
1455 3020 1616 3074 corde
1650 3034 1719 3072 ex
1747 3017 1926 3071 alllatu
1974 3020 2111 3072 dile-

549 3397 682 3449 adeo
719 3405 778 3448 ut
823 3393 988 3447 Deum
1033 3393 1242 3460 diligas,
1282 3393 1536 3444 mundum
1577 3392 1732 3461 132
1764 3407 1890 3448 vero
1934 3407 1997 3446 ac
2027 3407 2113 3448 res

549 3503 736 3543 omnes
767 3499 1056 3555 corporeus
1073 3492 1406 3543 contemnas,
1435 3495 1498 3533 ex
1522 3482 1750 3536 obscura
1777 3482 1866 3536 illa
1891 3494 1944 3536 et
1966 3484 2113 3537 brevi

551 3579 910 3632 similitudine
944 3589 1158 3630 omnem
1192 3571 1464 3642 iustorum
1496 3581 1692 3625 statum
1727 3574 1963 3643 intellige
2024 3575 2115 3643 qui

549 3669 885 3739 aequabiliter
949 3667 1424 3732 iudesiueutcrque
1485 3663 1538 3717 in
1586 3662 1698 3718 Deo
1751 3663 2114 3718 delectantur.

550 3761 668 3815 Tibi
709 3761 922 3830 quidem
963 3759 1054 3811 Dei
1087 3755 1490 3824 dispensatione
1524 3753 1834 3822 aliquando,
1867 3757 1958 3809 sed
1988 3770 2115 3808 raro

552 3854 742 3909 incidit
762 3851 1021 3921 ejusmodi
1047 3848 1362 3912 exsultatio,
1394 3857 1452 3902 ut
1474 3857 1524 3900 te
1546 3862 1642 3916 per
1669 3847 1938 3901 modicqu
1968 3848 2114 3902 hunc

553 3956 790 4014 gustum,
828 3957 1012 3997 eorum
1053 3939 1248 4011 quibus
1284 3938 1524 4005 privatus
1555 3949 1642 4001 es,
1695 3935 2001 3992 admoneat.
2048 3935 2118 3989 At

553 4049 683 4090 vero
705 4034 852 4100 justo
869 4042 1122 4103 perpetua
1153 4040 1236 4084 est
1273 4029 1454 4082 divina
1499 4043 1563 4082 ac
1606 4026 1842 4082 cmlestis
1881 4026 2068 4081 laetitia
2097 4068 2113 4092 ,

552 4127 692 4194 quod
729 4127 894 4180 semel
924 4127 973 4177 in
1011 4124 1128 4192 ipso
1159 4122 1428 4176 inhabitat
1471 4121 1744 4188 Spiritus;
1776 4119 1981 4188 primus
2019 4133 2116 4173 au-

553 4226 660 4272 t'em
703 4214 932 4268 Fructus
959 4217 1176 4283 spiritus
1207 4219 1284 4268 est
1317 4215 1571 4275 Charitas,
1605 4213 1884 4281 gaudium,
1917 4227 2022 4281 pax
2050 4212 2115 4266 ⁵⁸.

552 4310 831 4364 Exsultate
878 4307 1059 4374 igitur,
1103 4305 1260 4373 justi,
1299 4306 1354 4357 in
1385 4305 1626 4358 Domino.
1663 4305 1826 4359 Velut
1855 4305 2004 4359 locus
2034 4304 2120 4373 ju-

553 4413 758 4456 storum
797 4411 879 4453 est
900 4398 1155 4452 Dominus
1177 4410 1367 4463 capax,
1398 4396 1449 4447 in
1489 4410 1597 4463 quo
1624 4397 1715 4463 qui
1743 4411 1843 4461 est,
1875 4413 1996 4450 eum
2025 4399 2117 4452 la:-

2214 3393 2553 3466 περιέλαμψὲ
2580 3409 2672 3446 σου
2709 3393 2807 3458 τὴν
2843 3392 3050 3463 ψυχὴν,
3095 3391 3236 3445 ὥστε
3267 3391 3552 3461 ἀγαπῆσαι
3581 3392 3681 3462 μὲν
3710 3391 3803 3444 τὸν

2215 3488 2366 3555 Θεὸν,
2413 3488 2822 3558 καταφρονῆσαι
2869 3485 2926 3538 δὲ
2974 3486 3175 3556 κόσμου
3209 3484 3441 3539 καὶτῶν
3473 3483 3803 3552 σωματικῶν

2215 3582 2467 3646 πάντων,
2534 3584 2599 3634 ἐκ
2662 3581 2759 3652 τῆς
2824 3579 3067 3649 ἀμυδρᾶς
3124 3577 3340 3648 ἐκείνης
3399 3577 3493 3631 κα)⁸
3541 3575 3804 3646 βραχείας

2216 3673 2424 3733 είκόνος
2468 3670 2734 3742 γνώρισον
2780 3671 2878 3740 τὴν
2927 3670 3053 3740 ὅλην
3105 3671 3212 3722 τῶν
3263 3669 3484 3722 δικαίων
3529 3668 3808 3719 κατάστα-

2219 3779 2324 3824 σιν,
2383 3761 2601 3830 ὁμαλῶς
2659 3761 2754 3814 καὶ
2809 3761 3116 3823 άδιακόπως
3157 3762 3254 3830 τὴν
3293 3761 3383 3810 ἐπὶ
3426 3757 3504 3826 τῷ
3544 3756 3666 3826 Θεῷ
3721 3757 3807 3810 εὑ-

2218 3850 2494 3922 φροσύνην
2564 3848 2994 3920 κατορθούντων.
3052 3851 3142 3900 Σοὶ
3215 3849 3314 3917 μὲν
3367 3847 3476 3918 γὰρ
3535 3848 3804 3916 ἐμπίπτει

2217 3941 2347 3994 ποτέ
2399 3940 2640 4004 σπανίως
2698 3942 2874 3995 ἐκεῖνο
2929 3940 2991 3992 τὸ
3043 3939 3355 4009 άγαλλίαμα
3416 3940 3534 3992 κατ’
3597 3941 3804 3992 οἰκονο⁴

2220 4033 2347 4105 μίαν
2391 4032 2546 4097 Θεοῦ,
2600 4033 2684 4086 ἵνα
2738 4049 2796 4084 σε
2853 4033 2940 4085 διὰ.
2991 4031 3190 4103 μικροῦ
3239 4031 3510 4100 γεύματος
3536 4031 3617 4094 εἰς
3669 4031 3805 4083 ὑπό-

2222 4142 2413 4197 μνησιν
2465 4125 2645 4198 ἀγάγῃ
2698 4126 2824 4177 οἵων
2873 4125 3168 4196 ὲστέρησαι
3203 4124 3344 4195 (80)*
3391 4123 3467 4194 τῷ
3504 4123 3560 4177 δὲ
3609 4123 3804 4196 δικαίῳ

2218 4220 2443 4290 διαρκής
2508 4219 2724 4288 ἐστινὴ
2776 4216 2894 4270 θεία
2955 4219 3049 4270 καὶ
3109 4218 3427 4288 ἐπουράνιος
3471 4216 3801 4288 εὐφροσύνη,

2219 4311 2350 4364 διότι
2416 4307 2561 4374 ἅπαξ
2612 4308 2758 4380 αὐτῷ
2805 4311 3001 4362 ἐνοικεῖ
3065 4308 3128 4362 τὸ
3176 4308 3432 4380 Πνεῦμα·
3479 4309 3694 4381 πρῶτος
3743 4311 3803 4364 δὲ

2220 4401 2459 4471 Καρπός
2521 4401 2624 4456 τοῦ
2676 4403 3023 4470 Πνεύματός
3092 4401 3261 4454 ἐστιν
3312 4400 3512 4470 ἀγάπη
3537 4441 3550 4464 ,
3625 4406 3800 4471 χαρὰ,

551 4492 655 4547 tari
681 4500 735 4545 et
758 4489 1027 4545 exsultare
1054 4488 1274 4542 omnino
1306 4500 1525 4540 necesse
1555 4495 1658 4539 est.
1705 4485 1792 4539 Fit
1831 4490 1992 4541 etiam
2031 4489 2111 4553 ju-

2223 4494 2449 4562 εἰρήνη.
2522 4495 2911 4563 Ἀγαλλιᾱσθε
2969 4490 3093 4556 οὖν,
3145 4493 3397 4556 δίκαιοι,
3454 4495 3525 4546 ἐν
3583 4497 3798 4560 Κιιοίῳ.

551 4593 688 4648 atus,
707 4582 857 4636 locus
884 4581 1129 4646 Domino,
1150 4595 1272 4634 cum
1299 4578 1444 4632 illum
1474 4579 1524 4631 in
1553 4592 1611 4632 se
1637 4579 1842 4647 recipit.
1870 4579 1970 4646 Qui
1993 4596 2117 4635 vero

553 4683 760 4744 peccat,
788 4675 961 4728 locum
995 4674 1083 4725 dat
1105 4671 1342 4735 diabolo,
1371 4685 1480 4724 non
1509 4671 1892 4740 obtemperans
1928 4672 1975 4725 ei
2024 4674 2114 4742 qui

555 4767 686 4821 dicit
714 4783 728 4820 :
787 4764 966 4818 Nolite
1012 4761 1184 4816 locum
1224 4763 1349 4816 dare
1372 4761 1580 4815 diabolo
1614 4761 1657 4791 ⁸⁷
1686 4779 1700 4814 :
1731 4777 1904 4832 neque
1933 4763 2120 4819 Eccle-

555 4858 752 4920 siastaa,
809 4853 865 4909 Si
900 4853 1128 4920 Spiritus
1180 4862 1489 4921 potestatem
1528 4853 1770 4906 habentis
1816 4855 2110 4908 ascenderit

552 4968 709 5021 super
735 4962 805 5014 te,
835 4948 1004 5003 locum
1031 4959 1176 5000 tuum
1207 4963 1267 4999 ne
1305 4945 1564 4997 dimiseris
1595 4943 1662 4997 ⁵³.
1709 4945 1766 4998 lu
1795 4944 1911 5014 ipso
1935 4947 2116 5015 itaque

556 5045 782 5097 Domino
810 5042 1151 5102 exsistentes,
1203 5049 1255 5093 et
1298 5046 1558 5105 quantum
1596 5035 1751 5088 nobis
1778 5035 1905 5089 licet
1935 5076 1949 5100 ,
1998 5038 2115 5106 ejus

557 5135 821 5191 mirabilia
850 5133 1131 5202 speculati,
1161 5130 1230 5183 ita
1261 5144 1325 5182 ex
1363 5130 1464 5182 hac
1502 5127 1958 5196 contemplatione
1993 5144 2120 5182 cor-

556 5229 712 5282 dibus
743 5227 947 5282 nostris
992 5224 1232 5279 ltetitiam
1287 5234 1684 5288 comparemus.
1737 5218 1925 5274 Rectos
1968 5223 2112 5275 decet

628 5368 673 5398 “
702 5366 817 5421 Gal.
845 5381 895 5431 ν,
935 5378 1027 5423 22.
1101 5363 1143 5394 ”
1173 5361 1368 5431 Ephes.
1418 5375 1490 5423 tv,
1537 5358 1627 5412 27.
1704 5361 1750 5392 ι’
1789 5361 1960 5418 Eccle.
1990 5378 2043 5424 ι,
2075 5362 2127 5416 4.

629 5503 739 5572 (78)
780 5501 944 5570 Major
976 5515 1099 5569 pars
1131 5513 1260 5552 mss.
1287 5495 1426 5572 κατά
1472 5494 1756 5572 τὸνλοῖκον.
1804 5496 1946 5572 ΕιΙὶιί
1996 5513 2117 5572 cum

559 5565 766 5629 duobus
793 5565 884 5624 aut
914 5565 1082 5624 tribus
1115 5585 1243 5622 mss.
1273 5566 1412 5619 κατὰ
1436 5568 1527 5619 τὸν
1567 5565 1700 5634 βίον,
1732 5584 1810 5617 res
1853 5569 1919 5618 ad
1957 5570 2114 5620 vitam

557 5652 864 5710 spectantes.
900 5641 1148 5694 Diversus
1176 5654 1288 5710 non
1318 5647 1398 5691 est
1438 5652 1646 5690 sensus.
1673 5637 1807 5710 ﬁlex
1845 5639 1950 5690 duo
1978 5653 2116 5710 mss.

557 5705 786 5785 ἄρουραι
849 5711 1108 5785 πλῄθωσι.
1152 5709 1602 5785 Golb_._quartush
1632 5705 2112 5785 niﬁeooat.nReg.

557 5775 774 5852 quiuius
808 5775 1152 5852 πληθύνουσι.
1202 5778 1372 5833 Editio
1408 5793 1532 5832 vero
1567 5775 1819 5835 Paris.-..et
1869 5777 1960 5830 alii
2011 5778 2118 5832 duo

559 5869 688 5908 mss.
715 5853 1044 5925 πληθύνωσι.

2225 4587 2398 4639 Οἱονεὶ
2420 4587 2584 4648 τόπος
2611 4587 2914 4656 χωρητικός
2941 4587 3055 4638 ἐστι
3085 4584 3193 4638 τῶν
3219 4583 3444 4637 δικαίων
3488 4586 3517 4636 ό
3557 4584 3762 4656 Κύριος
3782 4604 3797 4617 ο

2224 4678 2281 4728 ἐν
2319 4670 2363 4744 ᾧ
2393 4677 2482 4729 τὸν
2526 4677 2815 4747 γενόμενον
2861 4679 3008 4730 πᾶσα
3055 4677 3267 4743 ἀνάγκη
3314 4675 3667 4745 εὐθυμεῖσθαι
3709 4679 3802 4730 καὶ

2229 4768 2696 4840 ἐνευφραίνεσθαι.
2739 4768 2950 4821 Γίνεται
2978 4770 3069 4820 καὶ
3094 4769 3122 4818 ό
3150 4767 3352 4830 δίκαιος
3379 4768 3539 4832 τόπος
3581 4769 3658 4839 τῷ
3689 4772 3801 4824 Κιμ

2229 4860 2345 4933 ρίῳ,
2388 4860 2678 4931 λαμϐάνων
2710 4860 2873 4913 αὐτὸν
2904 4862 2961 4912 ἐν
3001 4857 3197 4928 ἐαυτῷ.
3249 4858 3304 4912 '0
3347 4859 3448 4928 μὲν
3474 4861 3801 4930 ἁμαρτάνων

2228 4954 2334 5026 (81)
2365 4954 2547 5007 δίδωσι
2576 4954 2737 5006 τόπον
2764 4953 2840 5023 τῷ
2870 4953 3117 5019 διαϐόλῳ,
3150 4951 3475 5022 παρακούων
3505 4954 3597 5005 τοῦ
3629 4955 3806 5021 λέγον-

2229 5063 2350 5108 τος·
2396 5046 2559 5114 Μηδὲ
2603 5047 2800 5100 δίδοτε
2852 5048 3039 5099 τόπον
3095 5042 3175 5109 τῷ
3223 5044 3480 5109 διαϐόλῳ
3511 5062 3525 5076 ·
3573 5047 3668 5099 καὶ
3711 5047 3802 5098 τοῦ

2243 5136 2692 5208 Ἐκκλησιαστοῦ·
2747 5136 2886 5191 Ἐὰν
2917 5136 3152 5204 πνεῦμα
3197 5135 3304 5189 τοῦ
3345 5135 3801 5201 ἐξουσιάζοντος

2227 5228 2421 5298 ἀναϐῇ
2456 5229 2554 5283 ἐπὶ
2590 5227 2684 5293 σὲ,
2734 5230 2918 5281 τόπον
2943 5243 3058 5281 σου
3083 5226 3168 5296 μὴ
3196 5224 3379 5294 ἀφῇς.
3424 5227 3514 5279 Ἐν
3537 5226 3684 5297 αὐτῷ
3712 5223 3801 5279 οὖν

2293 5495 2402 5568 (79)
2443 5492 2592 5546 Multi
2627 5485 2942 5568 ηιεμοῦτος
2973 5491 3255 5568 amntem
3288 5491 3463 5568 Editio
3482 5491 3662 5568 _Pa‘ris.
3682 5510 3802 5550 cum

2219 5563 2354 5633 Reg.
2385 5575 2575 5633 quarto
2600 5574 2653 5618 et
2685 5565 2836 5616 Colb.
2870 5565 3103 5630 septimo
3128 5563 3304 5633 οξτως
3337 5563 3624 5632 ἀγαλλιᾷν.

2291 5586 2301 5621 ξ
2346 5605 2354 5616 .
2385 5585 2575 5633 quarto
2600 5585 2653 5618 Cl
2685 5585 2836 5616 UOH).
2870 5585 3103 5630 δυριιιιιυ
3128 5585 3304 5625 ουτως
3337 5585 3624 5632 αγαΑΑιᾳν.

2291 5585 2401 5708 (ξο)
2443 5635 2594 5708 Colb.
2641 5633 3113 5708 quartusdwo'qm
3158 5628 3232 5686 ὧν
3279 5633 3594 5703 ἐστέρησαι.
3639 5633 3804 5688 Paulo

2218 5703 2338 5774 post
2370 5706 2520 5757 multi
2558 5719 2686 5757 mss.
2712 5703 2812 5758 διό.
2842 5703 2941 5755 Alii
2970 5704 3126 5774 διότι.

2289 5775 2400 5847 (8|)
2443 5774 2590 5847 Reg._
2624 5776 2890 5847 secundus
2921 5775 2970 5847 o
2992 5773 3049 5825 δὲ
3069 5774 3272 5847 -άμαρ.
3328 5771 3480 5847 Rugii
3501 5774 3722 5847 _lertius
3754 5785 3808 5829 et

2219 5842 2445 5919 quartus
2477 5847 2504 5896 ὁ
2538 5844 2634 5914 μὲν
2670 5845 2796 5915 γάρ.
2835 5842 3030 5899 Statim
3067 5842 3199 5914 Reg.
3225 5842 3429 5898 tertius
3456 5843 3600 5901 δότε.
