4016 6472
225 440 330 495 39.5

1349 424 1628 481 llOMlUA
1664 423 1732 476 IN
1775 418 2100 475 PSALMUM
2141 419 2356 474 XXXII.

3353 405 3458 469 ssc

226 555 501 628 γενόμενοι
527 552 605 622 τῷ
634 551 842 622 Κυρίῳ,
869 550 963 603 καὶ
986 540 1215 602 καθόσον
1236 546 1400 615 ἐσμὲν
1415 545 1647 610 δυνατοὶ,
1677 558 1802 595 κατ-

1925 539 2163 592 audatio.
2189 534 2650 602 Quemadmodum
2698 546 2792 599 pes
2829 530 3078 586 obtortus
3103 523 3286 586 calceo
3313 547 3462 585 recto

228 647 548 707 οπτεύοντες
582 641 748 695 αὑτοῦ
792 641 861 694 τὰ
897 639 1197 709 θαυμάσια,
1232 636 1374 689 οὕτω
1409 638 1803 706 συναγάγωμεν

232 741 296 794 ἐκ
338 740 437 810 τῆς
484 734 715 806 θεωρίας
770 736 888 796 ταῖς
934 730 1182 801 καρδίαις
1230 727 1387 797 ἡμῶν
1444 727 1800 797 εὐφροσύνην.

234 830 360 892 Τοῖς
400 824 580 879 εὐθέσι
637 823 838 893 πρέπει
886 823 1090 883 αἴνεσις
1123 837 1136 849 ·
1173 819 1362 888 ὥσπερ
1412 817 1620 879 σκολιὸς
1671 817 1805 879 ποῦς

235 921 382 994 ὀρθῷ
411 917 714 988 ὑποδήματι
758 917 857 969 οὐκ
895 913 1269 983 ἐναρμόζεται,
1315 910 1486 970 οὕτως
1515 908 1635 960 οὐδὲ
1668 926 1804 978 καρ-

235 1013 376 1074 δίαις
420 1007 818 1076 ἐνδιαστρόιροις
861 1010 894 1078 ἡ
933 1006 1137 1067 αίνεσις
1190 1003 1285 1056 τοῦ
1337 999 1470 1054 Θεοῦ
1519 1000 1807 1070 ἐπιπρέπει

240 1100 371 1169 (82).
404 1100 501 1154 Διά
526 1099 701 1161 τοῦτο,
744 1093 917 1168 οἶμαι,
946 1094 1021 1158 ὡς
1053 1095 1113 1146 ού
1144 1095 1444 1166 πρέποντος
1477 1089 1554 1160 τῷ
1586 1091 1808 1158 στόματι

238 1190 346 1241 τῶν
370 1190 636 1260 δαιμόνων
663 1187 755 1240 τοῦ
788 1185 913 1256 περὶ
940 1182 1035 1236 τοῦ
1065 1185 1315 1254 Σωτῆρος
1343 1181 1500 1250 λόγου
1523 1221 1536 1245 ,
1565 1182 1812 1249 ἀφαιρεῖ-

239 1295 328 1331 ται
357 1279 533 1332 αὐτῶν
560 1275 656 1345 τὴν
681 1275 943 1341 ἐξουσίαν,
980 1274 1065 1327 ἵνα
1107 1273 1180 1342 μὴ
1219 1272 1447 1345 φανερὸν
1469 1269 1628 1324 αὐτὸν
1660 1271 1812 1340 ποιή-

244 1386 397 1422 σωσι.
445 1365 555 1420 Καὶ
597 1365 674 1436 τῷ
712 1365 926 1419 Πύθωνι
967 1365 995 1417 6
1033 1360 1244 1424 Παῦλος
1285 1363 1542 1431 ἐπιτιμᾷ,
1599 1360 1682 1411 ἵνα
1739 1360 1812 1429 μὴ

244 1459 352 1512 ἀπὸ
399 1455 704 1527 ἀκαθάρτου
754 1457 784 1506 6
831 1455 982 1521 ἆγιος
1038 1453 1370 1524 συνιστῆται.
1423 1449 1674 1506 Τοιοῦτον
1720 1451 1814 1502 καὶ

242 1549 325 1608 τὸ.
368 1548 449 1612 Tib
490 1548 557 1602 δὲ
588 1545 911 1617 ἁμαρτωλῷ
935 1546 1100 1598 εἶπεν
1146 1550 1178 1600 ό
1215 1547 1389 1612 Θεός·
1447 1546 1580 1600 Ἵνα
1625 1543 1681 1596 τί
1733 1542 1814 1594 σὺ

243 1639 489 1710 ἐκδιηγῇ
538 1643 608 1695 τὰ
663 1637 1019 1707 δικαιώματὰ
1059 1653 1210 1707 μους
1262 1634 1674 1706 Φιλοτιμώμεθα
1724 1628 1816 1687 οὖν

246 1735 438 1800 φυγεῖν
477 1733 583 1784 πᾶν
627 1729 834 1781 σκολιὸν
883 1728 1040 1800 ἔργον
1079 1729 1170 1779 καὶ
1217 1725 1672 1798 στραγγαλιὼδες,
1724 1723 1817 1777 καὶ

262 1822 680 1893 ιατορθώσωμεν
727 1819 802 1882 ὡς
839 1819 968 1888 εὐθῆ
1000 1819 1201 1870 κανόνα
1246 1817 1336 1869 τὸν
1369 1817 1492 1871 νοῦν
1537 1817 1692 1888 ἡμῶν
1725 1817 1818 1870 καὶ

1906 646 2010 684 non
2055 630 2376 696 adaptatur;
2415 629 2484 681 ita
2520 639 2692 694 neque
2720 624 2958 677 distortis
2990 622 3248 677 cordibus
3278 620 3463 675 lau'da-

1907 717 1981 768 tio
2012 715 2103 769 Dei
2127 713 2399 768 convenit.
2424 713 2782 783 Quapropter,
2819 713 3033 781 opinor,
3067 712 3325 781 quoniam
3356 726 3464 766 ser-

1908 822 1995 861 mo
2023 808 2112 875 qui
2145 807 2209 859 de
2231 803 2517 857 Servatore
2541 807 2770 860 habetur
2806 805 3103 857 tlteinonum
3133 820 3195 858 os
3230 818 3336 856 non
3371 804 3466 858 dc-

1908 907 2013 955 cct,
2043 898 2241 949 idcirco
2270 894 2348 946 cis
2378 894 2565 946 adimit
2593 893 2918 955 facultatem,
2945 902 3001 945 ιιι
3029 908 3096 946 ne
3120 895 3463 950 manifestum

1912 987 2083 1055 ipsum
2118 987 2340 1039 fat-iant.
2368 984 2431 1038 Et
2457 982 2757 1054 Pythonem
2792 987 3030 1055 increpat
3081 984 3277 1040 Paulus
3311 988 3377 1054 δ’,
3409 989 3467 1040 ut

1911 1094 1978 1132 ne
2006 1077 2073 1130 ab
2115 1079 2322 1144 impuro
2361 1085 2578 1131 sanctus
2613 1078 3037 1131 commendetur.
3075 1073 3206 1132 Tale
3232 1089 3314 1131 est
3343 1086 3463 1142 hoc,

1914 1169 2192 1223 Peccatori
2228 1183 2401 1222 autem
2445 1169 2580 1220 dixit
2628 1167 2765 1220 Deus
2789 1181 2807 1218 :
2848 1166 3021 1232 Quare
3054 1183 3107 1224 tu
3129 1188 3348 1226 enarras
3375 1170 3470 1241 ju-

1909 1263 2082 1316 stitias
2121 1276 2259 1314 meas
2287 1260 2378 1316 ὀἳ
2411 1261 2681 1317 Conemur
2723 1260 2883 1329 igitur
2919 1259 3102 1329 fugere
3145 1279 3303 1320 omne
3333 1279 3470 1334 opus

1913 1356 2188 1422 obliquum
2223 1366 2287 1404 ac
2317 1360 2655 1418 tortuosum;
2698 1361 2857 1419 atque
2891 1361 3123 1405 mentem
3155 1365 3395 1408 nostram
3417 1355 3473 1411 ei

1915 1445 2076 1499 animi
2093 1443 2356 1514 judicium
2385 1442 2436 1494 in
2481 1445 2694 1498 modum
2728 1454 2888 1496 rectae
2928 1444 3125 1511 regula:
3158 1445 3469 1515 dirigamus,

1917 1548 1973 1592 ut
2006 1553 2125 1591 cum
2157 1537 2285 1592 recti
2314 1535 2596 1600 fuerimus,
2620 1539 2809 1592 deccat
2837 1553 2932 1592 nos
2977 1537 3183 1592 Domini
3213 1534 3470 1596 laudatio.

1915 1628 1990 1682 lla
2025 1630 2169 1683 enim
2195 1630 2397 1699 peccati
2425 1637 2611 1682 auctor
2632 1645 2877 1696 serpens,
2929 1629 3180 1698 obliquus
3237 1633 3432 1687 dicitur
3455 1672 3472 1695 ,

1918 1728 1972 1774 et
1993 1720 2197 1788 gladius
2223 1721 2313 1774 Dei
2339 1719 2610 1774 inducitur
2637 1721 2687 1773 in
2720 1720 3007 1775 draconem
3039 1725 3340 1791 serpentem
3369 1735 3478 1778 toro

1922 1818 2131 1864 tuosum
2162 1811 2231 1873 “,
2256 1813 2398 1881 quod
2421 1811 2594 1880 spiras
2618 1824 2682 1866 ac
2717 1813 2941 1867 divortia
2983 1815 3034 1868 in
3063 1815 3256 1869 itinere
3291 1816 3473 1870 faciat.

256 1912 308 1965 τὸ
344 1882 623 1983 κριτήριον
664 1909 764 1978 τῆς
819 1882 1013 1977 ψυχῆς,
1061 1906 1148 1959 ἵνα
1203 1907 1511 1976 γενομένοις
1557 1882 1692 1978 ἰἡμῖν
1726 1908 1818 1960 εύ-

1928 1901 2134 1954 Etenim
2162 1900 2288 1954 dum
2325 1901 2590 1970 serpentis
2622 1911 2823 1955 tractus
2851 1904 3083 1968 ducitur,
3130 1906 3183 1960 in
3213 1915 3353 1960 terra
3389 1908 3475 1959 ia-

247 2000 396 2054 θέσιν
447 2000 722 2071 ἐπιπρέψῃ
753 2001 784 2068 ἡ
822 1997 1025 2054 αἴνεσις
1070 1995 1162 2050 τοῦ
1196 1997 1420 2067 Κυρίου.
1471 1997 1679 2071 ’Ὠσπερ
1714 1998 1822 2069 γὰρ

245 2093 278 2146 6
312 2096 410 2163 τὴν
449 2091 717 2162 ἁμαρτίαν
757 2089 1206 2161 καθηγησάμενος
1248 2089 1370 2157 δερις
1410 2087 1622 2152 σκολιὸς
1668 2090 1824 2160 λέγε-

246 2197 361 2245 ⁴ται,
395 2183 490 2235 καὶ
512 2223 514 2225 .
536 2182 798 2250 ἐπάγεται
829 2183 863 2251 ἡ
891 2180 983 2234 τοῦ
1010 2179 1144 2233 Θεοῦ
1175 2180 1421 2252 μάχαιρα
1457 2179 1550 2232 ἐπὶ
1589 2179 1678 2234 τὶν
1704 2182 1824 2252 δρά-

247 2290 414 2327 κοντα
441 2267 531 2326 τδν
562 2273 684 2342 ὅφιν
727 2272 839 2342 (83)
881 2272 970 2324 τὸν
1011 2270 1240 2333 σκολιὸν,
1283 2272 1363 2323 ὅτι
1409 2269 1607 2332 πολλὰς
1651 2271 1825 2324 ἐκκλί-

252 2377 368 2424 σεις
398 2362 490 2413 καὶ
528 2359 796 2429 ἐκτροπάς
821 2359 878 2410 ἐν
915 2360 981 2427 τῇ
1012 2355 1206 2426 πορείᾳ
1232 2359 1484 2408 ποιεῖται.
1519 2353 1823 2424 Συρόμενος

251 2451 362 2520 γὰρ
389 2452 417 2501 ὁ
442 2440 597 2512 ὁλκὸς
633 2448 727 2500 τοῦ
760 2448 933 2516 ὄφεως
954 2445 1252 2515 ἀνωμάλως
1284 2448 1351 2518 τῇ
1387 2447 1458 2515 γῇ
1482 2441 1822 2515 ὲπισύρεταιν

254 2541 429 2604 ἄλλως
463 2538 756 2611 ὁρμώντων
783 2538 892 2592 τῶν
921 2535 1246 2608 ἔμπροσθεν,
1282 2537 1375 2589 καὶ
1417 2536 1658 2603 πλαγίως
1702 2537 1826 2603 ἐφε-

253 2634 504 2705 πομένων
553 2632 661 2686 τῶν
701 2632 862 2702 ἑξῆς.
916 2631 1009 2684 καὶ
1054 2629 1215 2682 πάλιν
1257 2628 1364 2682 τῶν
1404 2627 1638 2699 οὐραίων
1691 2619 1826 2698 πρὸς

251 2728 316 2779 τὸ
348 2723 586 2778 ἐναντίον
612 2724 998 2778 ἀπονευόντων.
1037 2722 1199 2774 Ὥστε
1231 2723 1258 2775 6
1311 2721 1408 2791 μὲν
1437 2720 1514 2791 τῷ
1551 2720 1670 2789 δφει
1709 2714 1826 2773 ἐπό-

261 2833 421 2886 μενος
461 2816 668 2868 σκολιὸν
703 2816 796 2866 καὶ
838 2807 1122 2882 ἀνώμαλον
1150 2804 1244 2863 καὶ
1285 2813 1701 2881 ἐναντιωμάτων
1728 2810 1823 2878 γέ-

262 2922 428 2972 μοντα
457 2905 547 2957 τὸν
595 2903 708 2970 βίον
747 2901 937 2955 ἑαυτοῦ
969 2901 1293 2966 ἐπιδείξεται
1315 2917 1328 2931 ⁶
1364 2903 1392 2953 ὁ
1419 2900 1474 2952 δὲ
1508 2901 1679 2953 ὀπίσω
1710 2901 1826 2953 Κυ-

259 2995 376 3069 ρίου
408 2994 502 3049 τοῦ
522 2993 657 3048 Θεοῦ
695 2993 1058 3066 πορευόμενος
1085 2983 1301 3054 εὐθείας
1327 2994 1558 3043 ποιεῖται
1586 2989 1684 3052 τὰς
1716 2989 1769 3058 (8
1781 2987 1824 3060 ι)

256 3088 497 3159 τρίϐους,
548 3087 642 3140 καὶ
684 3086 848 3157 ὀρθάς
885 3084 984 3146 τὰς
1032 3083 1250 3154 τροχιὰς
1290 3081 1397 3134 τῶν
1429 3080 1603 3133 ποδῶν
1641 3077 1824 3132 αὑτοῦ.

256 3178 454 3246 Είιθὴς
487 3177 597 3248 γάρ
635 3179 848 3246 Κύριος
887 3178 918 3228 ὁ
957 3175 1097 3239 Θεὸς
1132 3167 1318 3241 ἡμῶν,
1361 3170 1459 3225 καί
1501 3173 1826 3236 εὐθύτητας

1923 1992 2202 2059 aequaliter
2239 1991 2564 2060 imprimitur
2599 2010 2612 2046 :
2644 2007 2766 2047 cum
2808 1995 2968 2048 aliter
3005 2000 3297 2065 procedant
3324 2007 3480 2055 ante-

1925 2082 2097 2136 riores
2120 2093 2320 2151 partes,
2356 2093 2410 2136 et
2443 2085 2658 2152 oblique
2685 2085 3034 2154 insequantur
3062 2099 3478 2158 consequentes.

1922 2184 1976 2227 et
1995 2188 2204 2226 rursum
2223 2175 2407 2229 cauda:
2432 2187 2608 2242 partes
2627 2178 2679 2230 in
2696 2179 3026 2233 contrarium
3045 2190 3285 2252 vergant.
3300 2175 3480 2250 Quare

1923 2269 2012 2337 qui
2051 2278 2352 2336 serpentem
2405 2268 2670 2339 sequitur,
2719 2286 2868 2325 suam
2903 2273 3067 2327 vitam
3098 2266 3368 2345 obliquam
3400 2277 3482 2330 in-

1922 2359 2290 2430 aequalemque
2313 2367 2364 2413 et
2395 2361 2862 2416 contrarietatibus
2878 2364 3123 2420 refertam
3139 2360 3480 2422 demonstra-s

1923 2449 2039 2503 bit:
2071 2451 2161 2520 qui
2194 2465 2321 2504 vero
2361 2464 2498 2518 pone
2543 2447 2821 2504 Dominum
2857 2444 3022 2507 Deum
3058 2456 3272 2521 incedit,
3304 2469 3481 2514 rectas

1923 2542 2143 2594 semitas
2159 2549 2212 2594 et
2243 2550 2384 2595 recta
2410 2541 2628 2611 vestigia
2654 2543 2845 2610 pedum
2869 2558 3085 2597 suorum
3116 2541 3263 2602 facit.
3293 2545 3482 2605 Rectus

1923 2629 2066 2683 enim
2106 2629 2356 2681 Dominus
2392 2630 2528 2683 Deus
2572 2643 2765 2696 noster,
2796 2642 2844 2686 et
2876 2649 2992 2702 qua:
3027 2646 3166 2689 recta
3202 2646 3323 2691 sunt
3357 2640 3482 2692 vidit

1925 2717 2084 2788 facies
2116 2718 2278 2787 ipsius
2301 2718 2391 2772 ³¹⁹.
2413 2717 2628 2786 Regula:
2651 2718 2769 2773 duae
2797 2721 2839 2775 si
2866 2721 3019 2791 juxta
3050 2739 3108 2778 se
3131 2725 3428 2781 collocentii
3439 2745 3481 2792 r,

1924 2826 2109 2866 earum
2147 2809 2413 2864 rectitudo
2460 2811 2598 2863 inter
2630 2825 2688 2864 se
2724 2815 3006 2879 convenit;
3041 2816 3084 2869 si
3119 2832 3248 2873 vero
3284 2819 3484 2874 distorA

1927 2915 2037 2958 tum
2071 2903 2272 2972 lignum
2303 2903 2368 2956 ad
2410 2897 2646 2972 regulam
2679 2913 2997 2972 apponatur,
3031 2907 3301 2963 obtortum
3334 2926 3486 2980 repe-

1926 2993 2064 3046 ritur
2111 3005 2255 3047 recto
2299 3009 2402 3047 non
2447 3009 2762 3063 congruere.
2806 2993 3069 3061 Quoniam
3127 2998 3289 3067 igitur
3340 3007 3484 3054 rata

1927 3094 2008 3138 est
2049 3082 2140 3137 Dei
2175 3083 2426 3146 laudatio,
2473 3095 2619 3137 recto
2651 3099 2782 3152 Opus
2825 3095 2908 3139 est
2955 3089 3138 3154 corde,
3183 3091 3232 3144 ei
3279 3102 3337 3146 ut
3369 3092 3487 3146 laus

1928 3175 2206 3229 conveniat
2239 3184 2630 3241 competatque.
2659 3175 2808 3239 Quod
2841 3176 2884 3229 si
2926 3192 3082 3232 nemo
3113 3179 3254 3235 valet
3299 3183 3478 3238 dicere

259 3229 474 3323 cide;
500 3229 840 3338 ’πρόσωποιί
865 3229 1092 3321 αὐτοῦ..
1117 3229 1243 3318 Ίξὰν
1275 3229 1367 3317 δύο
1401 3262 1625 3325 κανόνες
1665 3229 1823 3331 άλλήξ

1932 3260 2212 3321 Dominum
2244 3229 2421 3320 Jesu-m
2455 3229 2555 3322 nisi
2592 3269 2642 3321 in
2670 3229 2875 3334 ~Spiritu
2907 3280 3096 3324 sancto
3119 3271 3187 3336 ",
3217 3275 3488 3344 quomodo

259 3362 375 3424 λοις
425 3360 835 3431 παρατεθιῖωιν,
882 3354 915 3430 ἠ
972 3358 1201 3429 εὐθύτης
1257 3356 1436 3410 αὐτῶν
1500 3351 1823 3425 συναρμόζει

1933 3353 2174 3423 proferes
2207 3354 2439 3418 laudem,
2464 3373 2584 3409 cum
2622 3364 2825 3410 rectum
2856 3359 3106 3427 spiritum
3141 3371 3246 3417 nan
3283 3364 3486 3418 habeas

262 3453 543 3524 ἀλλήλοις·
570 3451 664 3504 ἐὰν
691 3450 747 3503 δὲ
780 3451 1103 3522 διάστροφον
1127 3449 1279 3513 ξύλον
1311 3447 1493 3500 κανόνι
1525 3443 1823 3516 παρατεθῇ,

1937 3443 1989 3497 in
2017 3443 2126 3496 tuis
2159 3443 2452 3499 visceribus
2484 3447 2791 3500 innovatum
2815 3445 2894 3502 "2

263 3542 675 3614 ἀσυνάρμοστον
730 3539 1040 3610 εὑρίσκεται
1095 3537 1174 3606 τῷ
1229 3536 1375 3606 ὀρθῷ
1436 3537 1498 3588 τὸ
1550 3534 1824 3606 στρεϐλόν.
1880 3535 2033 3590 Ἐπεὶ
2071 3530 2164 3588 οὖν
2210 3535 2373 3607 εύθής
2417 3539 2562 3590 ἐστιν
2593 3541 2626 3608 ἠ
2660 3538 2755 3591 τοῦ
2820 3540 2953 3593 Θεοῦ
3018 3544 3242 3609 αἷνεσις,
3282 3537 3491 3612 εύθείας

265 3636 424 3708 χρεία
444 3633 793 3705 καρδίας,ίνα
807 3632 1081 3703 ἐπιπρέψῃ
1095 3633 1232 3702 αὐτῇ
1256 3630 1349 3684 καὶ
1389 3629 1676 3699 ὲφαρμόσῃ
1711 3628 1740 3680 6
1763 3627 1871 3697 (85)
1911 3622 2075 3690 αἶνος.
2100 3630 2164 3682 Εἰ
2199 3631 2255 3682 δέ
2315 3631 2487 3694 οὐδεὶς
2517 3616 2735 3686 δύναται
2767 3634 2940 3686 εἰπεῖν
2970 3634 3170 3707 Κύριον
3208 3638 3410 3709 Ἰησοῦν
3443 3644 3490 3694 εί

271 3733 346 3803 μὴ
369 3733 427 3786 ἐν
460 3730 738 3800 Πνεύματι
770 3721 930 3798 ἁγίῳ,
963 3727 1079 3791 πῶς
1109 3727 1174 3781 ἂν
1200 3725 1429 3798 ἐνέγκῃς
1453 3725 1543 3778 τὸν
1581 3719 1666 3778 αἷκ·
1800 3723 1870 3792 ἰὴ
1909 3721 2046 3794 ἔχων
2082 3725 2142 3777 τὸ
2175 3724 2327 3787 simi;
2355 3726 2572 3796 πνεῦμα
2635 3728 2974 3796 ἐγκαινισθὲν
3010 3731 3067 3783 ἐν
3095 3734 3205 3796 τοὶς
3243 3735 3492 3802 ἐγκάτοις

269 3840 399 3889 σου;

338 3917 393 3969 2.
440 3914 931 3985 Ἐξομολοτεῖσθε
985 3912 1066 3978 τῷ
1114 3905 1308 3981 Κυρίῳ
1351 3904 1421 3966 ἐν
1470 3906 1711 3981 κιθάρᾳ,
1761 3905 1831 3965 ἐν

268 4010 582 4078 ψαλτηρίου
618 4006 956 4074 δεκαχόρδῳ
983 4004 1218 4074 tuti/late
1261 4003 1439 4069 αὐτῷ.
1476 4005 1744 4075 Πρότερον
1774 4004 1832 4055 ἐν

271 4099 473 4168 κιθάρᾳ
520 4097 600 4150 δεῖ
650 4096 1144 4164 ἐξομολογήσασθαι
1197 4091 1305 4165 (86)
1344 4094 1419 4164 τῷ
1453 4096 1675 4166 Κυρίῳ·
1712 4111 1836 4145 του-

271 4181 444 4251 τέστι,
478 4187 577 4249 τὰς
608 4186 694 4239 διά
751 4186 845 4239 τοῦ
905 4177 1155 4255 σώματος
1213 4186 1490 4256 ἐνεργείας
1547 4185 1836 4246 ἀποδοῦναι

273 4269 626 4351 ἰναρμονίως.
672 4277 888 4348 Ἐπειδὴ
914 4277 1021 4347 γάρ
1051 4280 1108 4329 ἐν
1133 4277 1208 4347 τῷ
1237 4273 1447 4346 σώματι
1495 4278 1832 4348 ἡμάρτομεν,

272 4372 362 4424 ὅτε
391 4368 812 4439 παρεστήσαμεν
840 4368 907 4420 τά
944 4367 1081 4437 μέλη
1108 4366 1273 4436 ςήμῶν
1297 4366 1458 4418 δοῦλα
1489 4369 1555 4438 τῇ
1593 4361 1836 4439 ἁμαρτίᾳ

274 4462 357 4523 εἰς
381 4459 478 4528 τὴν
512 4457 758 4527 ἀνομίαν,
791 4455 869 4527 τῷ
908 4455 1118 4526 σώματι
1156 4457 1250 4508 καὶ
1294 4454 1833 4527 ἐξομολογησώμεθα,

274 4549 353 4619 τῷ
391 4548 539 4618 αὐτῷ
563 4548 894 4620 κεχρημένοι
923 4547 1137 4618 ὀργάνῳ
1165 4547 1301 4614 πρὸς
1325 4546 1424 4616 τὴν
1456 4547 1712 4601 ἀνάλυσιν
1737 4549 1837 4620 τῆς

278 4639 572 4710 ἁμαρτίας.
633 4639 1040 4709 Ἐλοιδόρησας;
1090 4639 1405 4709 εύλόγησον.
1448 4640 1832 4712 Ἐπλεονέκτη-

2004 3907 2058 3962 Ξ.
2099 3907 2252 3962 Vens.
2301 3907 2355 3963 2.
2393 3907 2726 3977 Confitemini
2778 3900 3002 3966 Domino
3049 3913 3104 3966 in
3153 3915 3387 3983 cithara,
3437 3913 3494 3972 iit

1935 4000 2182 4067 psalterio
2215 4001 2387 4053 decem
2425 4003 2741 4053 chordarum
2776 4003 2984 4070 psallite
3024 4005 3122 4058 illi.
3161 4006 3398 4064 Primum
3439 4013 3492 4063 in

1937 4091 2141 4144 cithara
2178 4090 2400 4143 Domino
2438 4091 2680 4143 conﬁteri
2712 4101 2954 4160 oportet;
2991 4095 3092 4149 hoc
3118 4103 3221 4159 est.
3251 4100 3496 4164 corporis

1942 4182 2180 4236 actiones
2215 4181 2475 4234 concinne
2508 4182 2802 4237 absolvere.
2833 4184 3095 4250 Quoniam
3141 4188 3287 4242 enim
3335 4176 3492 4262 133

1943 4273 1997 4328 in
2035 4287 2262 4341 corpore
2293 4273 2652 4341 peccavimus,
2678 4287 2800 4326 cum
2841 4284 3024 4328 nostra
3057 4276 3294 4331 membra
3338 4289 3496 4334 serva

1941 4365 2161 4433 peccato
2193 4364 2259 4418 ad
2303 4364 2636 4430 iniquitatem
2676 4365 3020 4434 praebuimus.
3063 4380 3286 4435 corpore
3333 4369 3497 4424 etiam

1941 4455 2316 4521 confiteantur,
2358 4457 2547 4510 eodem
2583 4465 2796 4511 utentes
2823 4455 3180 4510 instrumento
3207 4457 3272 4510 ad
3307 4474 3499 4528 pecca-

1943 4558 2052 4602 tum
2105 4549 2495 4603 dissolvendum
2521 4545 2587 4604 “.
2642 4548 2988 4604 Conviclatus
3042 4549 3136 4603 es?
3189 4550 3496 4608 benedicasz

1945 4637 2197 4708 Eripuisti
2263 4641 2476 4694 aliena?
2536 4642 2762 4696 reddito.
2813 4640 3108 4696 inebriatus
3157 4641 3252 4696 es?
3294 4641 3496 4713 jejuna;

281 4745 414 4795 σας;
458 4728 674 4791 ἀπόδος.
717 4728 1050 4799 Ἐμεθύσθης
1089 4729 1229 4798 (87);
1259 4733 1574 4800 νήστευσον.
1617 4732 1823 4797 Ἦλαζο-

1940 4731 2217 4800 Superbus
2250 4733 2439 4786 fuisti?
2471 4743 2586 4787 esto
2628 4733 2862 4786 humilis.
2914 4732 3202 4787 lnvidisti?
3251 4737 3497 4790 obsecra.

281 4820 492 4884 νεύσω;
556 4819 940 4891 ταπεινώθητι.
1005 4810 1371 4890 Ἒςρθόνησαςς
1439 4822 1837 4893 παρακάλεσον.

1945 4820 2234 4878 Occidisti?
2272 4826 2583 4896 martyrium
2621 4823 2891 4894 perferas;
2941 4823 3024 4878 vel
3059 4822 3200 4893 quod
3244 4826 3502 4897 martyrio

292 4903 649 4980 Ἒφόνευσας;
688 4910 1131 4982 μαρτύρησονοῆ
1178 4909 1247 4963 τά
1295 4910 1712 4983 ίσοδυναμοῦντα
1765 4913 1823 4984 τᾷ

1947 4931 2046 4985 par
2075 4926 2178 4980 est,
2221 4931 2315 4986 per
2347 4916 2733 4972 confessionem
2778 4932 2973 4984 corpus
3016 4926 3160 4969 tuum
3195 4915 3390 4985 afllige.
3431 4915 3501 4969 Et

353 5021 399 5055 δ’
440 5024 555 5076 Act.
599 5039 708 5083 xvi.
767 5021 853 5077 £8.
943 5024 989 5055 '°
1037 5023 1180 5078 Psal.
1215 5039 1340 5079 xu:
1367 5065 1383 5088 ,
1420 5024 1507 5080 16.

281 5093 328 5125 ⁸³
359 5091 502 5146 Psal.
538 5110 590 5156 ι..
621 5093 706 5147 12.
786 5091 834 5124 ⁸⁸
872 5091 1027 5146 Rom.
1057 5109 1128 5153 νι,
1168 5094 1257 5148 l9.

356 5204 467 5275 (82)
508 5203 639 5275 δρα.
671 5205 861 5275 tertius
890 5203 1021 5258 Θεοῦ
1064 5206 1281 5275 πρέπει.

354 5271 468 5344 (85)
508 5272 683 5327 Editio
737 5273 907 5327 Paris.
954 5277 1045 5328 τὸν
1093 5271 1234 5343 ὅφιν.
1289 5273 1447 5327 Deest
1480 5271 1738 5327 articulus
1787 5272 1841 5328 in

282 5343 555 5463 gingilibus,
596 5358 730 5411 quos
775 5345 905 5398 mihi
951 5348 1167 5415 quidem
1217 5344 1396 5398 videre
1442 5344 1700 5413 contigit,
1746 5358 1842 5398 co-

325 5430 390 5463 ιρι
433 5428 513 5463 IIS.

287 5414 513 5469 dicihns.

357 5481 468 5551 (84)
507 5481 658 5536 Colb.
686 5492 911 5549 quartus
944 5486 1080 5536 ποιεῖ
1107 5483 1222 5547 τάς.

357 5551 469 5621 (85)
506 5551 654 5605 Coll).
678 5563 901 5620 quartus
946 5555 1039 5604 καὶ
1089 5551 1402 5623 ἐφαρμοσθῇ
1451 5552 1499 5606 ὁ.
1531 5551 1649 5607 Mox
1688 5553 1835 5619 Regii

287 5625 477 5675 tertius
498 5633 551 5674 et
575 5631 760 5674 sextus
781 5636 899 5672 cum
923 5624 1153 5676 editione
1182 5623 1342 5677 Basil.
1370 5625 1691 5688 coniunctim
1721 5624 1840 5686 πῶς

286 5691 604 5763 άνενέγκῃς.
631 5690 807 5763 Editio
828 5689 1000 5745 Paris.
1025 5708 1147 5763 cum
1177 5692 1517 5763 Regaquinto
1548 5695 1837 5763 separatim

287 5762 353 5833 ἂν
393 5759 812 5833 ἐνέγκῃς-Κέω
839 5762 1256 5833 secundus_cum
1285 5761 1435 5833 _Colb_.
1466 5764 1691 5833 septimo
1724 5762 1839 5833 πῶς

287 5828 612 5898 ἀνενέγκειξ.
638 5828 784 5886 Colb.
808 5840 1030 5900 quartus
1051 5831 1166 5895 πῶς
1192 5830 1256 5884 ἂν
1281 5828 1540 5903 ἐνενέγκῂ
1567 5832 1658 5885 τὸν
1689 5828 1836 5886 αἶνον

1617 5027 1662 5058 ⁸¹
1697 5025 1799 5082 Isa.
1834 5044 2004 5096 xxvii,
2036 5030 2086 5083 1.

2184 5031 2254 5065 ⁸⁸*
2293 5031 2438 5085 Psal.
2466 5047 2576 5097 xei,
2616 5031 2716 5100 16;
2776 5049 2832 5096 ι,
2861 5029 2915 5083 8ι
3014 5031 3059 5063 ⁸¹
3093 5029 3263 5084 lCor.
3318 5045 3414 5096 xit,
3443 5031 3498 5084 ὅ.

1937 5207 1966 5257 ὀ
2003 5205 2167 5285 μὴΤηῖ
2197 5209 2254 5261 ἐν
2300 5211 2412 5272 τοῖς
2453 5209 2707 5280 ἐγκάτοις
2756 5211 2955 5276 αὐτοῦς
3009 5211 3280 5277 Quomodo
3323 5214 3368 5268 is
3414 5216 3505 5285 qui

1939 5287 2046 5328 non
2075 5281 2248 5341 habet,
2274 5292 2378 5332 etc.

2011 5345 2236 5418 (86)~Ita
2267 5350 2502 5418 quinque
2537 5364 2664 5405 mss.
2696 5365 2818 5404 cum
2851 5352 3084 5406 editione
3116 5351 3282 5406 Basil.
3317 5353 3498 5408 Editiu

1940 5429 2069 5492 vero
2118 5416 2365 5492 Paris._et
2404 5416 2641 5472 nonnulli
2693 5436 2822 5492 mss.
2869 5421 3328 5492 ἐξομολογεῖσθαι.
3380 5421 3504 5477 Non

1941 5485 2069 5561 editi
2105 5500 2224 5561 cum
2276 5487 2407 5553 lteg.
2451 5501 2644 5558 quarto
2693 5485 2984 5545 ἀποδοῦναι
3034 5485 3390 5561 ἐναρμονίοις.
3434 5497 3506 5546 At

1943 5553 2294 5630 aliiquinque
2334 5553 2826 5630 ιιίεε.’ὲναρμονίως
2861 5553 3190 5617 ἀποδιδόνάρ

2165 5623 2296 5694 Reg.
2328 5623 2605 5701 secundus
2629 5623 2755 5701 ὐιιιιι
2787 5631 3167 5701 ,ΟοΙῦεψιριιιο
3208 5631 3502 5701 ὲμέθυσαςδ

1943 5693 2045 5746 Alii
2065 5710 2205 5771 mss.
2235 5693 2356 5771 cum
2388 5699 2545 5755 editis
2573 5699 2898 5771 ἐμεθύσθης.
2942 5693 3133 5757 Statim
3174 5693 3323 5758 Colb.
3351 5693 3505 5770 quin!

1944 5771 2030 5819 tus
2057 5762 2435 5837 ἡλαζονεύθηςε
2605 5762 2618 5770 ’
2833 5762 2872 5771 ’⁷
3282 5786 3291 5795 ’-
