4016 6460
234 373 351 434 I529

1375 371 1655 426 HOMILIA
1695 369 1760 423 ΙΝ
1805 369 2130 426 PSALMUM
2171 367 2381 422 XXXII.

3369 369 3478 423 530

233 494 344 562 τγῆς
369 494 424 544 ἐν
455 490 604 560 αὖτῷ
643 490 876 552 πίστεως
911 488 1155 559 βάλωμεν
1175 490 1279 559 (94)
1303 489 1460 558 ἡμῶν
1485 491 1572 542 τὸν
1597 489 1807 560 ἐχθρὸν,

1916 488 2276 554 impetamus?
2331 487 2468 541 Bene
2512 489 2675 557 igitur
2716 489 2926 556 psallite
2971 488 3024 541 in
3083 489 3472 556 vociferatione.

235 581 340 639 τάιὶ
361 579 732 649 τοξεύσωμεν;
767 578 976 645 Καλῶς
1002 578 1094 632 οὖν
1122 571 1354 646 etiam
1370 581 1438 632 ἐν
1464 579 1806 649 ἀλαλαγμῷ.

243 670 405 724 Ἐστι
437 672 492 723 δὲ
519 674 547 724 6
575 671 885 740 ἀλαλαγμὸς
910 675 1056 741 φωνή
1084 689 1166 733 τις
1195 671 1365 742 ἀναρθ
1376 690 1484 742 ρος,
1509 672 1810 743 συμφώνως

242 762 496 832 ἀλλήλοις
551 762 658 814 τῶν
700 762 1135 825 συνασπιζόντων
1185 765 1243 814 ὲν
1301 761 1379 833 τῷ
1423 763 1644 834 πολέμῳ
1690 781 1810 816 συν-

242 855 718 924 ιπηχούντων.Ἐν
742 855 1027 925 συμφωνίᾳ
1056 850 1147 907 οὖν
1181 855 1273 907 καὶ
1307 857 1364 907 ὲν
1397 857 1683 926 συμπνοίᾳ,
1717 857 1810 909 καὶ

240 949 312 1016 τῇ
339 947 424 999 διὰ
452 947 547 1015 τῆς
574 947 790 1017 ἀγάπης
819 945 1005 998 ἐνώσει
1027 946 1253 1014 ψάλατε.
1278 947 1341 1000 Τί
1364 945 1454 1001 οὖν
1483 949 1561 1000 δεῖ
1586 947 1810 1017 ψάλλον-

241 1055 346 1100 τας
378 1037 586 1106 λέγεινς
621 1039 749 1091 Ὅτι
782 1036 964 1102 εὐθὴς
998 1040 1030 1090 ό
1067 1038 1249 1106 λόγος
1285 1039 1392 1092 τοῦ
1426 1039 1669 1106 Kvplov.
1711 1036 1811 1090 Διά

240 1130 403 1183 τοῦτο
437 1131 700 1202 πρότερον
757 1131 882 1192 τοὺς
934 1129 1109 1192 εὐθείς
1161 1130 1317 1182 καλεῖ
1371 1130 1482 1198 (95)
1533 1130 1669 1198 πρὸς
1711 1129 1810 1198 τὴν

242 1224 467 1286 αῖνεσιν,
511 1221 693 1292 ἐπειδὴ
728 1220 888 1291 εὖθής
920 1221 1034 1273 ἐστι
1075 1221 1166 1273 καὶ
1205 1222 1232 1272 6
1267 1220 1469 1290 μέλλων
1497 1218 1810 1283 δοξάζεσθαι

245 1313 438 1378 Λόγος,
473 1315 500 1365 6
533 1309 625 1363 τοῦ
657 1311 882 1381 Κυρίου,
913 1311 941 1362 6
979 1312 1036 1363 ὲν
1067 1312 1206 1381 ἀρχῇ
1252 1309 1326 1362 ὣν
1361 1309 1496 1380 πρὸς
1522 1310 1612 1362 τὸν
1641 1309 1808 1372 θεὸν,

244 1404 342 1456 καί
369 1404 497 1465 Θεὸς
519 1402 611 1456 ὢν.
652 1403 826 1472 Εὐθὴς
856 1398 946 1455 οὖν
973 1405 999 1455 6
1017 1404 1224 1473 Πατήρ·
1248 1401 1409 1470 εὑθὴς
1430 1405 1458 1455 6
1487 1401 1631 1464 Υἱός·
1658 1401 1811 1464 εὑθὲς

243 1495 308 1545 τὸ
355 1493 505 1558 ἅγιον
556 1492 800 1562 Πνεῦμα.
855 1493 964 1544 Καὶ
1018 1492 1195 1545 πάντα
1237 1491 1308 1545 τὰ
1365 1492 1500 1562 ἔργα
1538 1490 1698 1543 αὑτοῦ
1751 1492 1810 1543 ὲν

245 1583 450 1636 πίστει.
481 1584 544 1635 Τί
566 1583 710 1636 ἐστιν
749 1583 776 1636 ὃ
809 1584 983 1651 λέγει;
1023 1582 1223 1653 Ἔργον
1255 1585 1282 1636 6
1305 1582 1548 1650 οὐρανὸς,
1578 1581 1737 1651 ἔργον
1775 1581 1808 1651 ἠ

245 1677 343 1744 γῆ,
386 1676 543 1747 ἔργον
581 1679 612 1747 ἡ
654 1677 925 1736 Θάλασσα.
962 1678 989 1729 6
1023 1677 1149 1746 ἀὴρ,
1197 1674 1263 1728 τὰ
1301 1673 1481 1742 ἀψυχα
1516 1674 1711 1736 πάντα,
1742 1673 1810 1726 τὰ

244 1767 487 1837 ἔμψυχα,
531 1768 600 1822 τὰ
628 1768 839 1837 λογικὰ,
879 1768 946 1821 τὰ
979 1767 1166 1833 ἄλογα.
1212 1764 1335 1828 Πῶς
1389 1760 1480 1818 οὖν
1531 1766 1588 1816 ὲν
1628 1764 1808 1816 πίστει

247 1859 459 1924 πάνῒα;
499 1859 627 1912 ποία
664 1860 843 1920 πίστις
876 1859 934 1909 ὲν
971 1860 1082 1919 τοῖς
1108 1855 1358 1924 ἀψύχοιςς
1403 1855 1531 1908 ποία
1559 1856 1741 1918 πίστις
1775 1858 1806 1924 ἡ
1845 1832 1885 1886 Β

243 1949 356 2002 τῶν
404 1950 653 2017 ἀλόγων;
701 1951 838 2002 Ποία
875 1949 932 2000 δὲ
971 1949 1151 2010 πίστις
1195 1949 1250 2000 ὲν
1283 1946 1359 2016 τῷ
1394 1946 1554 2017 λίοῳ;
1587 1947 1714 2000 ποία
1753 1946 1809 2000 δὲ

244 2039 428 2104 πίστις
482 2043 539 2093 ὲν
582 2040 660 2110 τῷ
706 2041 853 2102 κυνί;
894 2037 1028 2090 Οὔτε
1085 2039 1309 2108 ἄψυχον,
1360 2037 1482 2090 οὔτε
1532 2039 1723 2105 ἄλογον
1752 2040 1808 2090 ὲν

246 2131 448 2185 πίστει.
477 2133 539 2185 'H
588 2133 767 2202 μέντοι
813 2130 1085 2198 ἀπόφασις
1124 2131 1275 2183 οὐδὲν
1317 2131 1628 2195 ὑπεξείλετο
1675 2129 1808 2197 (96),

244 2224 383 2277 ἀλλὰ
427 2225 601 2276 πάντα
646 2223 995 2292 περιείληφεν
1028 2222 1285 2275 εἰποῦσα·
1321 2220 1523 2274 Πάντα
1559 2220 1631 2272 τὰ
1668 2220 1811 2289 ἔργα

245 2316 433 2368 αὐτοῦ
457 2317 526 2367 ἐν
556 2316 774 2366 πίστει.
817 2315 880 2366 Τί
905 2310 997 2368 οὖν
1027 2317 1172 2367 ἐστιν
1203 2314 1230 2366 ὃ
1255 2313 1436 2380 λέγει;
1485 2312 1608 2366 Ἐάν
1637 2329 1696 2364 τε
1718 2314 1810 2365 οὑ-

249 2405 430 2474 ρανὸν,
467 2404 652 2474 φησὶν,
684 2405 816 2475 ἴδῃς,
848 2405 943 2458 καὶ
975 2403 1070 2473 τὴν
1105 2407 1161 2455 ἔν
1191 2401 1336 2472 αὑτῴ
1363 2401 1517 2466 τάξιν
1537 2446 1550 2464 ,
1580 2401 1813 2466 πίστεώς

247 2500 396 2550 ἐστιν
417 2497 608 2567 ὀδηγός
629 2515 642 2529 ·
676 2499 911 2550 δείκνυσι
939 2497 1045 2567 γὰρ
1077 2497 1168 2550 τὸν
1203 2498 1453 2567 τεχνίτην
1483 2498 1549 2550 δι’
1580 2497 1774 2551 ἑαυτοῦ
1794 2516 1807 2528 ·

248 2593 344 2645 ὲάν
372 2609 431 2644 τε
450 2593 546 2654 τὰς
567 2593 693 2661 περὶ
717 2591 812 2660 τὴν
840 2594 942 2658 γῆν
969 2590 1376 2660 διακοσμήσεις,
1410 2591 1568 2643 πάλιν
1600 2593 1694 2645 καὶ
1729 2592 1814 2645 διά

246 2682 452 2736 τούτων
487 2683 706 2746 αὔξεταί
745 2685 886 2752 σοιή
924 2682 1050 2753 περὶ
1085 2682 1175 2735 τὸν
1206 2683 1338 2737 Θεὸν
1376 2684 1574 2745 πίστις.
1601 2684 1675 2736 Οὐ
1706 2684 1814 2756 γὰρ

249 2774 529 2841 σαρκίνοις
559 2773 857 2842 ὀφθαλμοῖς
889 2775 1295 2845 καταμαθόντες
1341 2775 1433 2827 τὸν
1469 2774 1622 2837 Θεὸν,
1650 2792 1813 2827 πεπι-

249 2863 553 2934 στεύκαμεν
578 2868 657 2929 είς
687 2868 866 2926 αὐτὸν,
899 2867 1033 2918 ἀλλὰ
1078 2870 1143 2937 τῇ
1177 2866 1271 2918 τοῦ
1321 2865 1412 2920 νοῦ
1460 2868 1682 2935 δυνάμει
1730 2866 1816 2919 διὰ

246 2955 358 3008 τῶν
380 2957 672 3028 ὁρωμένων
697 2959 786 3012 τὸν
809 2960 1036 3029 ἀόρατον
1057 2960 1396 3030 καθορῶμεν.
1418 2959 1616 3011 Πάντα
1634 2953 1724 3010 οὖν
1745 2956 1816 3009 τὰ

247 3044 393 3113 ἔργα
407 3046 592 3100 αὑτοῦ
615 3049 684 3100 ἐν
710 3049 930 3102 πίστει.
953 3049 1067 3101 Κᾶν
1079 3049 1170 3101 τὸν
1183 3049 1326 3100 λίθον
1344 3046 1684 3116 καταμάθῃς,
1705 3047 1815 3115 ἔχει

1915 581 2012 634 Est
2053 591 2232 635 autem
2266 580 2574 635 vociferatio
2602 593 2700 632 vox
2731 581 2970 646 qua-dam
3010 578 3252 642 confusa,
3281 594 3404 634 cum
3438 582 3472 636 ii

1914 672 2004 739 qui
2037 671 2088 724 in
2122 671 2259 726 bello
2295 685 2350 725 se
2377 671 2600 725 invicem
2626 667 2839 738 agmine
2871 668 3110 723 cnnierto
3139 671 3472 732 adoriuntur.

1913 780 2206 819 consonam
2249 778 2430 818 vocem
2461 762 2644 816 edunt.
2688 759 2871 828 ltaque
2912 760 2964 812 in
3015 770 3272 814 concentu
3318 770 3371 814 et
3420 763 3474 815 in

1911 856 2226 918 concordia,
2267 863 2322 910 et
2359 857 2410 908 in
2463 853 2743 908 charitatis
2802 851 3180 918 conjunctione
3238 851 3470 918 psallite.

1915 948 2051 1014 Quid
2110 948 2273 1017 igitur
2329 946 2620 1014 psallentes
2669 945 2846 996 dicere
2918 943 3164 1010 oportet?
3214 943 3474 997 Nimirum

1921 1037 2080 1110 134
2109 1041 2271 1094 Vens.
2301 1037 2371 1091 ιε
2399 1037 2551 1100 Quod
2583 1045 2778 1089 rectum
2810 1047 2882 1088 est
2908 1035 3110 1089 verbum
3138 1034 3367 1089 Domini.
3391 1034 3475 1088 ld-

1911 1134 2062 1188 circo
2091 1141 2268 1186 rectos
2312 1131 2462 1199 prius
2491 1128 2556 1181 ad
2589 1127 2947 1182 laudationem
2980 1137 3154 1187 vocat,
3201 1127 3345 1195 quod
3395 1140 3478 1179 re.

1912 1233 2058 1278 ctum
2107 1229 2187 1276 est
2221 1220 2382 1274 etiam
2434 1218 2560 1272 illud
2609 1216 2819 1270 Domini
2870 1216 3140 1278 Verbum,
3191 1215 3328 1284 quod
3363 1225 3478 1268 erat

1911 1314 2078 1382 gloria
2141 1311 2512 1371 adiciendum.
2561 1310 2702 1376 quod
2753 1309 2804 1362 in
2858 1309 3118 1376 principio
3172 1318 3288 1362 erat
3333 1308 3474 1377 apud

1915 1409 2104 1467 Deum,
2135 1415 2190 1458 et
2227 1404 2366 1457 Deus
2395 1411 2514 1456 erat
2538 1401 2605 1454 ⁸ο.
2639 1398 2838 1454 Rectus
2878 1400 3056 1466 itaque
3083 1398 3264 1460 Pater,
3300 1411 3476 1453 rectus

1911 1497 2099 1560 Filius,
2130 1506 2309 1550 rectus
2340 1495 2573 1563 Spiritus
2599 1506 2836 1548 sanctus.
2863 1491 2930 1546 Et
2969 1494 3143 1546 omnia
3175 1507 3331 1559 opera
3363 1493 3477 1560 ejus

1908 1591 1965 1642 in
2007 1589 2131 1656 ﬁde.
2181 1589 2316 1654 Quid
2369 1599 2452 1642 est
2497 1588 2640 1656 quod
2705 1586 2876 1640 dicit?
2917 1585 3063 1654 Opus
3114 1595 3195 1637 cst
3242 1583 3473 1646 caelum,

1909 1696 2043 1748 Opus
2078 1691 2250 1742 terra,
2280 1694 2414 1748 opus
2455 1695 2620 1740 mare,
2657 1694 2771 1739 aer,
2809 1678 3098 1732 inanimato
3127 1677 3328 1740 omnia,
3361 1677 3477 1729 ani—

1914 1782 2077 1834 mata,
2126 1772 2444 1834 rationalia,
2494 1770 2846 1825 irrationalia.
2892 1770 3168 1836 Quomodo
3214 1769 3386 1839 igitur-
3421 1769 3475 1821 in

1913 1862 2015 1915 lide
2050 1860 2276 1914 omnia?
2325 1859 2580 1926 Quantam
2631 1859 2681 1913 in
2733 1857 3040 1911 inanimatis
3090 1855 3258 1908 tides?
3305 1853 3478 1922 qualis

1909 1965 1993 2008 est
2019 1954 2149 2006 ﬁdes
2177 1951 2490 2007 brutorutn?
2513 1951 2767 2014 Quaenam
2797 1949 2926 2002 lides
2956 1949 3006 2000 in
3045 1945 3258 2014 lapide?
3289 1959 3478 1998 rursus

1910 2061 2028 2115 qua:
2059 2045 2189 2098 iides
2224 2045 2274 2098 in
2311 2044 2479 2098 cane?
2510 2043 2692 2112 Neque
2724 2040 3095 2101 inanimatam,
3138 2051 3308 2103 neque
3349 2035 3476 2088 bru-

1913 2148 2022 2191 tum
2063 2139 2112 2190 in
2145 2138 2248 2192 ﬁde
2285 2148 2382 2191 est.
2413 2136 2536 2190 llaec
2566 2145 2742 2188 tamen
2769 2132 3036 2188 sententia
3075 2129 3208 2183 nihil
3241 2125 3469 2194 excepit.

1912 2227 2002 2280 sed
2028 2229 2206 2279 omnia
2234 2227 2662 2294 comprehendit,
2687 2227 2870 2279 dicens
2900 2243 2911 2276 :
2951 2223 3141 2276 Omnia
3173 2238 3329 2285 Opera
3359 2220 3476 2287 ejus

1912 2319 1964 2370 in
2008 2317 2132 2386 ﬁde.
2165 2317 2301 2383 Quid
2353 2317 2511 2385 igitur
2548 2326 2632 2370 est
2663 2317 2804 2384 quod
2853 2313 3017 2369 dicit?
3067 2313 3212 2374 Sive,
3266 2309 3474 2378 inquit,

1914 2409 2274 2476 contemplere
2330 2407 2525 2464 caelum
2587 2407 2805 2476 ejusque
2862 2409 3142 2467 ordinem,
3199 2403 3317 2456 iidei
3367 2403 3473 2455 dux

1914 2509 2037 2562 est;
2087 2497 2348 2552 artiﬁcem
2394 2499 2537 2551 enim
2585 2513 2680 2566 per
2720 2513 2779 2552 se
2818 2497 2990 2564 ipsum
3041 2496 3275 2550 ostendit
3313 2513 3326 2548 :
3363 2494 3477 2547 sive

1916 2600 2073 2644 teme
2104 2598 2374 2654 ornatum,
2425 2605 2612 2644 rursus
2657 2604 2868 2658 quoque
2911 2589 3012 2642 hoc
3064 2598 3218 2656 pacto
3251 2596 3477 2654 augetur

1917 2690 2002 2734 tua
2051 2681 2100 2734 in
2137 2680 2301 2734 Deum
2334 2680 2482 2735 ﬁdes.
2515 2679 2626 2732 Non
2663 2681 2805 2734 enim
2853 2680 3062 2734 carneis
3106 2679 3276 2732 oculis
3312 2679 3479 2733 Deum

1914 2773 2112 2836 edocti,
2149 2773 2199 2825 in
2233 2773 2402 2841 ipsum
2435 2771 2783 2836 credidimus,
2821 2772 2915 2827 sed
2949 2771 2996 2824 vi
3047 2769 3240 2823 utentis
3269 2785 3365 2838 per
3397 2769 3477 2822 vi-

1915 2863 2090 2918 sibilia
2136 2863 2454 2918 invisibilem
2507 2864 2884 2933 conspicimus.
2923 2861 3110 2915 Omnia
3143 2875 3272 2930 ergo
3323 2875 3478 2928 opera

1915 2955 2028 3024 ejus
2077 2956 2131 3008 in
2177 2955 2302 3023 ﬁde.
2353 2955 2478 3010 Sive
2522 2955 2752 3025 lapidem
2814 2955 3267 3018 consideraveris,
3319 2953 3480 3006 habet

1916 3045 2076 3098 etiam
2113 3043 2225 3112 ipse
2260 3044 2491 3111 aliquam
2533 3045 2782 3113 potentia:
2813 3045 3108 3098 conditoris
3140 3045 3474 3096 demonstra-

249 3139 344 3191 καὶ
371 3139 534 3201 αὐτός
568 3156 688 3192 τινα
718 3140 817 3208 τῆς
849 3141 1127 3209 δυνάμεως
1155 3139 1248 3192 τοῦ
1286 3140 1642 3208 πεποιηκότος
1675 3139 1813 3191 ἀπό-

1919 3136 2150 3200 tionem;
2193 3135 2305 3190 sive
2349 3134 2652 3198 formicam,
2697 3137 2809 3190 sive
2846 3136 3103 3199 culicem,
3145 3134 3259 3189 sive
3301 3149 3477 3203 apem.

248 3225 446 3290 δειξιν·
491 3229 592 3281 κᾶν
634 3228 934 3298 μύρμηκα,
982 3229 1085 3281 κᾶν
1122 3230 1344 3299 ἐμπίδα,
1381 3228 1482 3283 κᾶν
1530 3228 1809 3300 μέλισσαν.

250 3318 516 3380 Πολλάκις
558 3320 651 3371 καὶ
681 3322 737 3372 ὲν
763 3323 874 3383 τοῖς
907 3323 1252 3392 μικροτάτοις
1291 3325 1322 3391 ὴ
1373 3323 1533 3392 σοφία
1581 3321 1673 3374 τοῦ
1722 3321 1814 3388 δη-

253 3406 511 3477 μιουργοῦ
545 3408 902 3477 διαταίνεται.
950 3411 1006 3464 Ὀ
1053 3412 1160 3481 γὰρ
1214 3412 1436 3482 οὐρανὸν
1484 3409 1812 3475 διαπλώσας,

249 3497 343 3549 καὶ
383 3498 449 3549 τὰ
481 3497 686 3552 ἄπλετοι
714 3501 914 3572 μεγέθη
957 3501 1063 3554 τῶν
1098 3501 1350 3569 πελαγῶν
1375 3500 1627 3570 ἀναχέας,
1662 3494 1816 3563 οὗτός

249 3589 398 3640 ἐστιν
426 3588 452 3639 6
487 3589 658 3642 καὶτὸ
683 3590 1005 3644 λεπτότατον
1036 3591 1258 3662 κέντρον
1288 3593 1387 3661 τῆς
1420 3591 1679 3662 μελίσσης
1705 3609 1818 3645 κοι-

249 3677 414 3742 λάνας
441 3680 627 3751 ὥσπερ
662 3682 843 3742 αὐλὸν,
882 3682 1022 3734 ὥστε
1053 3683 1119 3735 δι’
1161 3683 1324 3735 αὑτοῦ
1356 3684 1446 3736 τὸν
1488 3684 1564 3736 ίδν
1598 3685 1819 3753 ἀποχεῖ-

251 3771 396 3824 σθαι.
419 3769 619 3822 Πάντα
639 3766 730 3822 οὖν
755 3773 825 3824 τὰ
845 3774 985 3842 ἔργα
1000 3772 1184 3827 αὑτοῦ
1211 3773 1280 3825 ἐν
1292 3774 1510 3826 πίστει.
1531 3774 1711 3844 Μηδέν
1737 3791 1817 3826 σοι

248 3858 502 3920 ἀπιστίας
529 3858 736 3925 ἑφόδιον
759 3859 914 3913 ἔστω.
953 3862 1040 3932 Μὴ
1070 3861 1228 3934 εἴπῃς
1247 3876 1261 3890 ⁸
1308 3862 1394 3924 Ὠς
1413 3861 1591 3932 ἔτυχε,
1631 3864 1817 3932 γέγονε

250 3949 426 4013 τοῦτο,
443 3952 535 4002 καὶ
560 3952 881 4022 αὐτομάτως
905 3953 1183 4024 ἀπήντησε
1202 3955 1341 4009 τόδε.
1369 3955 1535 4008 Οὐδὲν
1561 3956 1814 4017 ἀτακτον,

249 4043 401 4096 οὐδὲν
426 4044 695 4114 ἀόριστον,
736 4043 886 4097 οὐδὲν
908 4047 1026 4115 είκῆ
1059 4047 1370 4115 γενόμενον,
1406 4046 1526 4098 οὐδὲ
1564 4046 1637 4110 ὡς
1661 4046 1816 4117 ἔτυχε

250 4133 548 4204 φερόμενον
577 4135 634 4187 ἐν
657 4138 767 4197 τοῖς
799 4130 966 4190 οὖσιν.
1007 4137 1098 4200 Ἦ,
1135 4137 1293 4208 Κακὴ
1322 4137 1598 4207 συντυχία,
1630 4137 1684 4208 ἢ,
1710 4137 1816 4189 Πο-

250 4227 392 4298 νηρά
424 4227 558 4298 ὥρα.
607 4227 966 4281 Ἀπαιδεύτων
996 4223 1153 4282 αὗται
1184 4231 1240 4281 αί
1274 4230 1469 4299 φωναί.
1522 4230 1668 4298 Οὐχὶ
1708 4229 1816 4283 δύο

250 4318 535 4384 στρουθιά
566 4319 864 4386 ἀσσαρίου
889 4320 1163 4372 πωλεῖται
1180 4337 1196 4382 ;
1214 4321 1308 4372 καὶ
1335 4319 1403 4372 ἐν
1431 4319 1499 4384 ἐξ
1517 4319 1714 4374 αὐτῶν
1745 4323 1816 4374 οὺ

249 4409 520 4462 πεσεῖται
558 4411 686 4464 ἄνευ
719 4409 812 4462 τοῦ
843 4409 986 4462 θείου
1016 4411 1318 4482 θελήματος
1351 4413 1484 4482 (97).
1539 4413 1710 4464 Πόσαι
1761 4414 1816 4464 ai

1920 3227 2073 3298 Saepe
2115 3231 2195 3284 vel
2229 3229 2282 3283 in
2327 3229 2560 3284 minimis
2590 3229 2764 3284 elucet
2805 3230 3014 3297 opiticis
3059 3229 3342 3298 sapientia.
3376 3227 3477 3294 Qui

1914 3323 2055 3376 enim
2105 3323 2301 3375 caelum
2351 3323 2628 3389 expandit,
2660 3334 2714 3376 et
2748 3325 3061 3376 immensam
3101 3321 3269 3390 pelagi
3317 3321 3480 3373 vasti-

1917 3419 2080 3466 tatem
2129 3410 2334 3472 cﬂ‘ndit,
2367 3411 2453 3466 ille
2487 3413 2602 3481 ipse
2630 3423 2734 3475 est,
2772 3413 2860 3482 qni
2900 3412 3270 3465 tenuissimum
3315 3413 3476 3465 etiam

1917 3505 2032 3572 apis
2082 3504 2324 3559 aculeum
2363 3504 2527 3560 veluti
2569 3505 3132 3570 ﬁstulamexcavavit,
3184 3514 3241 3557 ut
3286 3519 3383 3574 per
3427 3506 3479 3557 id

1918 3595 2065 3647 virus
2113 3592 2437 3647 eﬂ‘uudatur.
2481 3592 2670 3646 Omnia
2719 3593 2878 3664 igitur
2907 3610 3061 3662 opera
3095 3593 3206 3662 ejus
3255 3597 3307 3646 in
3352 3594 3477 3660 ﬁde.

1918 3684 2069 3738 Nulla
2117 3686 2208 3739 tibi
2261 3685 2333 3737 sit
2378 3685 2765 3739 incredulitatis
2800 3686 3039 3740 occasio.
3091 3684 3170 3739 Ne
3220 3686 3418 3740 dixeris
3465 3707 3477 3741 :

1920 3774 2029 3829 Hoc
2064 3785 2262 3828 temere
2295 3774 2520 3838 factum,
2553 3786 2604 3831 et
2641 3777 2764 3830 illud
2795 3792 2921 3830 casn
2971 3777 3166 3832 evenit.
3207 3775 3349 3830 Nihil
3399 3776 3480 3829 in-

1917 3868 2219 3921 ordinatum
2251 3877 2366 3928 est.
2419 3868 2825 3921 interminatum
2873 3867 3034 3929 nihil,
3092 3867 3226 3922 nihil
3275 3868 3476 3922 frustra

1919 3957 2154 4021 factum,
2211 3972 2384 4025 neque
2438 3956 2726 4024 quidquam
2779 3970 2957 4009 rerum
3011 3953 3234 4009 fortuito
3289 3956 3479 4011 fertur.

1919 4045 2100 4114 Neque
2133 4046 2319 4101 dicas:
2361 4045 2530 4099 Malus
2571 4061 2748 4105 casus.
2792 4055 2882 4099 aut
2918 4044 3085 4099 Prava
3131 4046 3280 4098 hora.
3309 4042 3482 4098 Voces

1919 4137 2050 4206 ipsa:
2091 4149 2218 4192 sunt
2251 4138 2661 4192 ineruditorum.
2714 4138 2902 4191 Nonne
2944 4138 3047 4190 duo
3087 4151 3322 4205 passeres
3365 4153 3480 4190 asse

1918 4243 2158 4298 veneunt,
2192 4243 2240 4286 et
2279 4249 2412 4286 unus
2445 4248 2508 4287 ea:
2537 4233 2640 4287 illis
2674 4249 2774 4286 non
2814 4235 2960 4286 cadet
3003 4233 3117 4285 sine
3163 4232 3341 4286 divina
3389 4245 3480 4283 vo-

1921 4324 2225 4379 luntate“?
2265 4324 2407 4390 Quot
2449 4325 2625 4392 capilli
2673 4324 2898 4390 capitis!
2957 4322 3102 4378 Unus
3131 4337 3198 4376 ex
3245 4321 3329 4376 his
3373 4331 3481 4375 tra-

1921 4418 2066 4472 ditus
2098 4432 2202 4471 non
2245 4426 2326 4470 est
2359 4414 2616 4470 oblivioni
2643 4416 2708 4470 “.
2739 4414 2897 4468 Vides
2940 4414 3178 4467 divinum
3227 4413 3482 4477 oculum,

247 4501 434 4572 τρίχες
455 4503 553 4572 τῆς
580 4504 854 4572 κεφαλῆςί
892 4503 1004 4556 Μία
1034 4504 1210 4557 αὐτῶν
1251 4507 1348 4558 οὐκ
1388 4505 1533 4558 ἔστιν
1568 4505 1814 4577 ἐπιλελη-

1921 4508 2187 4576 quomodo
2215 4505 2344 4558 nihil
2377 4505 2854 4561 tninutissimarum
2885 4520 3062 4560 rerqu
3094 4504 3482 4574 inspectionem

251 4593 444 4664 σμένη.
483 4594 642 4665 Ὁρᾷς
674 4597 765 4648 τὸν
805 4596 943 4648 θεῖον
965 4595 1258 4666 ὀφθαλμὸν,
1283 4598 1357 4660 ὼς
1382 4597 1532 4650 οὐδὲν
1564 4598 1672 4650 τῶν
1726 4616 1814 4668 μι-

251 4685 528 4754 κροτάτων
581 4689 679 4757 τὴν
734 4687 1037 4755 ἐπισκοπὴν
1103 4688 1266 4740 αὑτοῦ
1323 4687 1599 4757 διαφεύγει
1662 4689 1811 4760 (98);

264 4775 489 4846 Ἀγαπᾷ
521 4780 942 4848 ἐλεημοσύνην
973 4779 1070 4832 καὶ
1117 4781 1319 4846 κρίσιν
1357 4783 1389 4834 ὁ
1419 4782 1658 4849 Κύριος·
1710 4781 1815 4834 τοῦ

248 4868 463 4935 ἐλέους
511 4871 733 4937 Κυρίου
785 4870 1022 4939 πλήρης
1073 4873 1112 4939 ἡ
1171 4870 1268 4940 γῆ.
1324 4873 1386 4925 El
1443 4872 1563 4926 καθ’
1618 4874 1817 4944 ἑαυτὴν

253 4961 495 5030 ὑπῆρχεν
525 4959 670 5033 ἡτοῦ
697 4961 830 5014 Θεοῦ
852 4962 1050 5032 κρίσις,
1085 4963 1372 5032 ἀποτόμως
1399 4966 1530 5034 ἡμῖν
1553 4965 1693 5017 κατὰ
1719 4965 1814 5034 τὴν

253 5053 411 5120 ἀξίαν
440 5055 593 5124 ἡμῶν
615 5053 955 5117 ἀποδιδόντος
979 5057 1114 5126 πρὸς
1148 5055 1182 5110 ἀ
1205 5057 1558 5126 ἐποιήσαμεν,
1591 5057 1718 5110 ποία
1749 5053 1814 5128 ἦν

254 5144 436 5210 ὲλπίςς
489 5144 573 5208 τίς
601 5145 666 5200 ἂν
707 5146 883 5218 ἐσώθη
921 5147 1028 5199 τῶν
1063 5148 1312 5210 πάντων;
1343 5146 1452 5199 Νῦν
1494 5148 1551 5201 δὲ
1597 5147 1814 5218 Ἀγαπᾷ

329 5284 374 5315 ⁸⁸
411 5283 570 5339 Joan.
606 5299 644 5349 t,
679 5284 727 5337 1.
806 5286 846 5316 ⁸¹
893 5285 1074 5339 Matth.
1121 5302 1172 5346 ι,
1205 5285 1295 5339 29.
1373 5285 1415 5315 ⁸³
1458 5286 1585 5339 ibid.
1613 5284 1701 5340 50.

333 5441 444 5514 (94)
486 5443 576 5499 Sic
605 5445 755 5512 Regii
790 5457 1012 5510 quartus
1040 5457 1093 5502 et
1119 5457 1302 5500 sextus
1327 5463 1447 5501 cum
1478 5446 1630 5500 Colb.
1659 5462 1818 5514 quar-

257 5521 329 5586 [ο.
360 5514 533 5586 Editio
565 5515 732 5571 Paris.
763 5516 1059 5586 βάλλωμεν.
1087 5516 1204 5570 Mox
1243 5517 1368 5586 lleg.
1403 5520 1668 5570 secundus
1697 5534 1815 5570 cum

251 5581 418 5708 (.‘oglb£5
443 5585 613 5654 primo
640 5581 966 5657 τοξεῦωμενζ
1007 5589 1198 5643 Statim
1243 5581 1394 5640 Colb.
1439 5597 1664 5656 quartus
1704 5587 1816 5638 ἔστι

251 5667 289 5708 γ
333 5669 363 5708 Ω
425 5693 437 5708 .

251 5667 438 5795 7“59(5);
478 5722 627 5779 Collt.
681 5737 904 5786 quartus
953 5727 1153 5781 ἐκάλει.
1198 5724 1395 5795 “ﬁdem
1445 5741 1635 5781 novem
1685 5743 1812 5779 mss.

1179 5793 1202 5814 γ

253 5804 378 5848 cum
423 5798 656 5853 editione
691 5795 852 5852 Basd.
900 5799 1117 5869 Ἐπειδὴ
1149 5795 1299 5859 οὗτός
1340 5798 1472 5848 ἐστι.
1510 5798 1681 5851 Etlitio
1723 5797 1820 5851 Pa-

1920 4598 2034 4665 ejns
2061 4595 2321 4664 eliugiat?
2358 4597 2518 4652 Vens.
2549 4597 2602 4650 5.
2638 4595 2815 4665 Diligit
2862 4598 3269 4650 misericordiam
3309 4605 3360 4649 et
3393 4595 3486 4664 ju-

1920 4690 2114 4742 dicium
2170 4687 2424 4742 Dominus
2468 4702 2486 4740 :
2533 4690 2895 4743 misericordia
2946 4689 3158 4742 Domini
3207 4690 3362 4756 plena
3403 4699 3480 4743 est

1922 4789 2082 4835 terra.
2129 4779 2186 4834 Si
2222 4780 2509 4848 separatim
2555 4789 2608 4834 et
2641 4781 2931 4834 secundum
2979 4793 3038 4833 se
3087 4779 3177 4833 Dei
3223 4780 3482 4848 judicium

1925 4871 2062 4923 foret
2092 4889 2104 4924 :
2141 4871 2211 4925 ita
2249 4880 2306 4925 ut
2355 4871 2509 4925 nobis
2539 4885 2724 4925 severe
2766 4886 2862 4938 pro
2894 4873 3100 4926 meritis
3135 4886 3322 4925 eorum
3366 4887 3485 4940 qna:

1924 4964 2150 5034 egimus,
2183 4966 2519 5032 rependeret,
2563 4979 2680 5031 qua:
2717 4979 2840 5034 spes
2886 4965 3225 5033 superesset?
3265 4965 3388 5032 quis
3419 4979 3485 5016 ex

1920 5056 2169 5110 omnibus
2202 5056 2383 5110 salvus
2419 5057 2603 5109 lieret?
2643 5057 2794 5110 Nunc
2836 5069 3011 5110 autem
3054 5055 3237 5125 Diligit
3277 5057 3486 5108 miseri-

1924 5146 2160 5201 cordiam
2204 5159 2254 5202 et
2303 5149 2588 5218 judicium.
2636 5147 2992 5218 Posteaquam
3059 5149 3482 5204 misericordiam

1920 5447 2013 5500 ris.
2058 5444 2272 5514 Ἐπειδὴ
2305 5443 2466 5513 εὐθής
2495 5443 2626 5495 ἐστι.

1993 5517 2106 5580 (96)
2149 5510 2299 5568 Colb.
2328 5510 2552 5580 quartus
2597 5510 2930 5580 ὑφεξείλατο.
2964 5513 3094 5577 Reg.
3128 5510 3316 5566 tertius
3362 5523 3483 5560 cum

1921 5586 2291 5674 (.Iulli.”pritnu
2337 5583 2666 5650 ὑφεξείλετο.
2723 5583 2872 5651 Regii
2931 5595 3155 5652 quartus
3204 5592 3256 5637 et
3305 5593 3488 5634 scmus

1923 5672 2250 5722 υπεςειλετο.

1996 5727 2107 5794 (97)
2145 5726 2294 5778 Colb.
2323 5736 2546 5791 quartus
2579 5723 2722 5776 θείου
2758 5721 3116 5792 βουλήματος.

1994 5798 2104 5867 (98)
2149 5796 2278 5865 llcg.
2315 5796 2502 5850 tertius
2543 5795 2750 5863 φεύγει.
