4016 6430
514 320 612 376 331

1857 324 1911 380 S.
1958 326 2195 382 BASlLll
2237 326 2450 380 .‘MGNI

3684 323 3798 379 5ῖὲ

513 437 660 494 velut
691 436 792 490 sibi
833 438 1160 492 assidentem
1208 445 1262 491 et
1303 445 1426 492 ante
1475 438 1680 509 regium
1709 441 1894 510 judieii
1942 443 2091 496 thro-

2210 443 2616 510 iJEnpccdrnr
2649 443 2745 495 καὶ
2786 442 2989 510 κρίσιν
3015 482 3028 496 .
3067 442 3243 494 Οἱονεὶ
3283 442 3554 514 πάρεδρον
3606 442 3795 512 ἑαυτῷ

514 546 641 588 num
677 539 908 584 stantem
947 529 1248 591 constituit,
1296 532 1366 582 ita
1400 530 1640 600 singulos
1675 535 1892 588 adducit
1924 534 1974 586 in
2007 534 2090 600 jn-

515 621 734 674 dicium.
785 612 844 675 Si
892 622 1192 688 iniquitates
1245 622 1630 686 observaveris,
1683 625 1924 689 Domine,
1982 625 2093 678 Do-

517 707 680 767 mine,
723 709 840 774 quis
889 709 1160 762 sustinebit
1189 708 1270 761 "'I
1322 707 1506 779 Neque
1559 714 1930 769 misericordia
1977 716 2095 767 sine

510 797 743 866 judicio,
795 815 966 868 neque
1011 801 1272 868 judicium
1325 803 1442 857 sine
1509 804 1904 863 misericordia.
1957 809 2095 863 Ante

512 891 772 958 judicium
821 892 979 961 igitur
1027 892 1199 963 diligit
1247 896 1700 959 misericordiam,
1731 910 1784 951 et
1827 909 1946 968 post
1997 902 2096 953 ιιιί-

518 987 885 1048 sericordiam,
921 990 1067 1041 venit
1107 991 1170 1041 ad
1211 989 1498 1057 judicium.
1551 991 1674 1046 llaec
1723 1003 1902 1047 autem
1955 993 2096 1047 inter

519 1089 580 1130 se
623 1078 905 1147 conjuncta
941 1089 1065 1134 sunt
1108 1103 1120 1135 ι
1163 1083 1536 1138 misericordia
1583 1101 1704 1138 cum
1749 1085 1955 1154 judicio
1984 1104 1996 1140 :
2030 1102 2096 1141 ne

521 1179 614 1220 aut
648 1172 1014 1225 misericordia
1065 1173 1176 1227 sola
1235 1174 1510 1228 mollitiem
1557 1177 1764 1245 pariat,
1815 1189 1907 1230 aut
1946 1175 2094 1240 judi-

521 1261 662 1314 cium
700 1262 872 1314 solum
910 1262 1098 1317 afferat
1147 1265 1596 1334 desperationem.
1632 1266 1758 1321 Vult
1808 1271 1878 1323 tui
1930 1272 2094 1324 mise-

525 1353 630 1404 reri
662 1351 852 1420 judex,
884 1364 1041 1422 teque
1073 1356 1481 1411 miserationum
1512 1375 1732 1414 suarum
1767 1361 1943 1416 facere
1974 1378 2098 1430 par-

525 1440 741 1510 ticipem
769 1457 783 1496 :
817 1445 860 1496 si
915 1445 1072 1498 modo
1113 1457 1231 1514 post
1265 1459 1548 1515 peccatum
1599 1452 1803 1519 reperit
1838 1460 1888 1505 te
1919 1453 2096 1506 Immi-

526 1536 651 1598 lem,
679 1537 990 1601 contritum,
1037 1556 1198 1608 prava
1233 1557 1394 1609 Opera
1437 1544 1665 1597 multum
1697 1543 2088 1614 deplorantem,

523 1643 588 1680 ac
616 1627 677 1681 e'a
708 1645 826 1698 qua:
856 1631 992 1684 clam
1029 1632 1167 1686 facta
1200 1643 1326 1688 sunt
1367 1635 1709 1704 evulgantem
1760 1639 1891 1691 citra
1925 1641 2098 1708 pudo-

526 1735 662 1783 rom,
711 1734 985 1790 rogantem
1033 1725 1230 1780 fratres
1273 1728 1365 1780 tibi
1412 1738 1469 1781 ut
1516 1728 1625 1781 sint
1669 1730 1984 1797 adjnmento
2029 1734 2094 1785 ad

2197 531 2416 603 (99)τὴν
2434 530 2800 604 ἐλεημοσύνην
2833 533 3218 604 ποιησάμενος,
3247 536 3339 586 καὶ
3372 533 3792 605 προϐληθεῖσαν

2195 625 2272 694 τῷ
2287 625 2547 697 βασιλικῷ
2566 625 2662 696 τῆς
2683 626 2913 694 κρίσεως
2928 626 3122 697 θρόνῳ,
3142 623 3283 678 οὕτω
3308 627 3548 696 παράγει
3565 628 3651 689 εἰς
3667 627 3794 697 κρίο

2198 735 2280 772 σιν
2333 718 2582 774 ἕκαστον.
2632 717 2772 772 Ἐὰν
2807 717 3062 785 ἀνομίας
3091 718 3546 789 παρατηρήσῃς,
3579 721 3791 790 Κύριε,

2195 813 2394 878 Κύριε,
2426 813 2515 876 τίς
2539 808 2976 875 ὑποστήσεται;
3008 811 3146 864 υῦτε
3175 815 3208 882 ἡ
3249 812 3589 882 ἐλεημοσύνη
3630 814 3797 884 ἄκρι-

2201 923 2310 968 τος,
2354 903 2478 956 οὔτε
2510 906 2541 973 ἡ
2571 905 2751 975 κρίσις
2777 902 3113 973 ἀνελεήμων.
3155 906 3268 976 Πρὸ
3295 909 3392 976 τῆς
3432 903 3672 974 κρίσεως
3694 902 3794 958 οὖν

2197 997 2388 1066 ἀγαπᾷ
2443 995 2860 1066 ἐλεημοσύνην,
2914 995 3008 1048 καὶ
3068 995 3206 1062 μετὰ
3254 997 3351 1068 τὴν
3406 994 3794 1066 ἐλεημοσύνην

2197 1089 2416 1160 ἔρχεται
2466 1087 2560 1140 ἐπὶ
2611 1087 2710 1154 τὴν
2753 1088 2955 1159 κρίσιν.
3009 1085 3194 1139 Ταῦτα
3238 1087 3294 1138 δὲ
3343 1086 3599 1155 ἀλλήλοις
3657 1103 3789 1137 συν-

2199 1179 2476 1243 έζευκται,
2497 1182 2524 1231 ὁ
2551 1178 2699 1241 ἕλεος
2723 1181 2862 1248 μετὰ
2883 1180 2979 1249 τῆς
3003 1177 3231 1249 κρίσεως
3249 1195 3260 1207 ο
3294 1179 3378 1229 ἵνα
3407 1181 3543 1250 μήτε
3580 1180 3609 1230 ό
3639 1176 3792 1238 ἕλεος

2201 1270 2359 1340 μόνος
2412 1269 2712 1339 χαυνότητα
2772 1269 3070 1340 ἐμποιήσῃ,
3131 1267 3266 1337 μήτε
3323 1267 3456 1336 μόνη
3509 1271 3540 1337 ἡ
3603 1267 3792 1339 κρίσις

2198 1362 2507 1427 ἀπόγνωσιν
2557 1359 2938 1430 ἐνεργάσηται.
2987 1358 3244 1413 Βούλεταί
3289 1374 3345 1410 σε
3399 1358 3645 1427 ἐλεῆσαι,
3692 1359 3793 1412 καὶ

2196 1449 2305 1502 τῶν
2335 1450 2525 1501 ἑαυτοῦ
2547 1448 2844 1519 οἰκτιρμῶν
2875 1449 3192 1519 μεταδοῦναι
3223 1452 3250 1502 ὁ
3281 1449 3474 1519 κριτής
3496 1464 3509 1476 ’
3546 1449 3667 1499 ἀλλ’
3693 1452 3793 1501 ἐὰν

2199 1539 2334 1613 εὖρῃ
2360 1557 2418 1592 σε
2458 1541 2596 1610 μετὰ
2642 1541 2742 1612 τὴν
2794 1541 3069 1610 ἁμαρτίαν
3111 1542 3395 1604 ταπεινὸν,
3451 1557 3788 1610 συντετριμ-

2203 1633 2380 1702 μένον,
2403 1635 2572 1688 πολλὰ
2595 1633 2869 1704 μετακλαύ
2879 1650 3043 1687 σαντα
3060 1635 3152 1686 ἐπὶ
3165 1637 3274 1697 τοῖς
3294 1637 3548 1705 πονηροῖς
3573 1633 3790 1704 ἔργοις,

2199 1727 2270 1777 τα
2295 1726 2564 1796 γενόμενα
2599 1726 2783 1796 κρυφῆ
2819 1725 3266 1797 ἁνεπαισχύντως
3304 1727 3750 1796 δημοσιεύσαντα
3775 1766 3790 1787 ,

525 1815 891 1883 accipiendam
932 1819 1215 1872 medelam.
1276 1819 1390 1875 Uno
1441 1836 1605 1874 verno
1651 1823 1693 1877 si
1744 1825 2099 1878 commisera-

2210 1818 2458 1887 δεηθέντα
2497 1817 2738 1886 ἀδελφῶν
2775 1818 2849 1890 (l)
2887 1823 3184 1890 συγκαμεῖν
3214 1836 3296 1871 σοι
3330 1820 3464 1890 πρὸς
3487 1817 3586 1887 τὴν
3621 1819 3794 1878 ἴασιν,

529 1905 672 1960 tione
699 1908 854 1977 135
885 1911 1102 1978 dignum
1148 1912 1365 1978 viderit,
1413 1912 1626 1967 abunde
1675 1914 1769 1967 tibi
1803 1930 1955 1968 suam
2005 1917 2104 1970 im-

526 1986 806 2061 pertietur'
858 2000 1328 2067 misericordiam;
1385 2001 1430 2057 si
1492 2018 1623 2059 vero
1680 2022 1776 2060 cor
1836 2010 2102 2075 pmnitere

529 2087 790 2152 nescium,
838 2103 1068 2144 mentem
1118 2095 1444 2164 superbam,
1495 2099 1734 2151 animum
1784 2098 1965 2151 futuro
2002 2114 2103 2152 sae-

529 2179 648 2232 Cnlo
697 2197 800 2233 non
853 2186 1199 2268 credentem,
1247 2202 1308 2240 ac
1364 2187 1566 2241 nullum
1613 2189 1800 2256 judirii
1856 2189 2100 2241 timorem

527 2274 903 2339 conspexerit,
948 2284 1073 2329 tunc
1117 2278 1167 2328 in
1210 2287 1258 2330 te
1291 2278 1556 2346 judicium
1593 2279 1790 2348 diligit.
1839 2277 1914 2331 lta
1956 2282 2099 2334 enim

529 2362 699 2416 bonus
743 2378 805 2418 ac
857 2367 1122 2418 humanus
1158 2368 1393 2422 medicus
1428 2370 1679 2424 fomentis
1714 2372 1865 2440 prius
1898 2386 1960 2424 ac
2010 2385 2096 2423 re-

530 2453 721 2508 mediis
763 2456 1011 2512 mollibus
1063 2469 1328 2514 tumorem
1381 2464 1574 2518 sedare
1622 2474 1849 2518 conatur
1889 2479 1903 2516 :
1953 2471 2098 2534 post-

531 2561 690 2616 quam
727 2563 854 2604 vero
886 2550 1080 2605 viderit
1112 2554 1304 2607 molem
1341 2556 1472 2609 nihil
1507 2559 1805 2623 remittere,
1839 2567 1999 2628 atque
2029 2558 2107 2610 in-

531 2640 778 2694 duratam
814 2645 1009 2707 reniti;
1060 2655 1168 2696 tum
1204 2649 1423 2700 demum
1474 2650 1688 2717 rejectis
1729 2651 1847 2704 oleo
1879 2666 1941 2704 ac
1977 2651 2109 2702 mol-

531 2729 666 2784 .iore
697 2734 913 2786 curandi
968 2737 1198 2797 ratione,
1233 2737 1362 2792 ferri
1426 2755 1579 2793 usum
1647 2743 1882 2797 adhibet.
1926 2743 2107 2812 Diligit

531 2820 696 2891 igitur
725 2825 1153 2881 misericordiam
1199 2830 1251 2882 in
1289 2831 1676 2897 paenitentibus
1721 2849 1734 2885 :
1775 2833 1948 2896 diligit
1978 2850 2107 2888 vero

533 2913 586 2964 in
625 2912 910 2970 obstinatis
945 2915 1230 2983 judicium.
1263 2920 1393 2975 Tale
1421 2923 1548 2991 quid
1581 2921 1748 2977 Isaias
1783 2924 1944 2978 etiam
1978 2925 2106 2977 dicit

533 3001 643 3055 Deo
682 3016 698 3055 :
733 3003 1105 3061 Misericordia
1152 3019 1242 3063 tua
1289 3012 1341 3063 in
1394 3015 1597 3080 pondus
1621 3013 1688 3067 “.
1735 3011 1868 3067 Nam
1907 3023 1961 3068 et
2021 3014 2106 3067 ille

2204 1908 2342 1972 ὅλως
2368 1908 2601 1962 ἐλεεινόν
2631 1927 2687 1962 σε
2710 1911 3000 1980 γενόμενον
3029 1910 3124 1961 ἐὰν
3168 1909 3274 1980 ἴδῃ,
3299 1908 3530 1975 ἄφθονόν
3565 1925 3657 1960 σοι
3691 1905 3796 1974 τὴν

2204 2001 2397 2055 ἑαυτοῦ
2447 2002 2819 2074 ἐλεημοσύνην
2873 2005 3232 2072 ἐπιχορηγεῖο
3289 2003 3383 2054 ἐὰν
3432 2002 3488 2053 δὲ
3555 2001 3798 2072 καρδίαν

2204 2096 2607 2167 ἀμετανόητον,
2654 2097 2906 2166 φρόνημα
2954 2095 3324 2164 ὑπερήφανον,
3382 2093 3646 2145 ἀπιστίαν
3695 2091 3797 2143 τοῦ

2206 2186 2401 2250 αἰῶνος
2443 2188 2536 2240 τοῦ
2586 2187 2891 2258 μέλλοντος,
2946 2184 3174 2253 ἀφοϐίαν
3222 2185 3319 2256 τῆς
3369 2184 3630 2254 κρίσεως,
3667 2184 3798 2235 τότε

2205 2280 2396 2349 ἀγαπᾷ
2431 2281 2521 2331 ἐπὶ
2574 2279 2654 2331 σοὶ
2686 2279 2785 2347 τήν
2815 2276 3014 2345 κρίσιν.
3061 2278 3142 2340 Ὠς
3181 2277 3290 2347 γὰρ
3324 2277 3504 2348 largo;
3539 2274 3800 2346 ἐμμελὴς

2207 2369 2299 2421 καὶ
2346 2368 2725 2438 φιλάνθρωπος
2773 2369 3188 2439 καταντλήμασι
3241 2369 3506 2439 πρότερον
3559 2369 3658 2419 καὶ
3695 2385 3799 2418 πε-

2209 2458 2580 2530 ριπλὰσμασιν
2604 2458 2832 2522 ἁπαλοῖς
2863 2463 3122 2531 πειρᾶται
3157 2461 3504 2511 καταστεῖλαι
3535 2457 3596 2508 τὸ
3644 2457 3800 2522 οἴδη-

2210 2570 2285 2623 μα
2306 2568 2317 2582 ·
2347 2551 2485 2604 ἐπὰν
2511 2551 2566 2604 δὲ
2616 2551 2690 2620 (‘2)
2727 2552 2808 2621 ἴδῃ
2845 2552 3137 2612 ἁνενδότως
3169 2552 3261 2601 καὶ
3293 2547 3544 2618 σκληρῶς
3573 2548 3801 2599 ἀντιτυ-

2207 2641 2412 2695 ποῦντα
2441 2642 2534 2694 τὸν
2561 2641 2742 2709 ὄγκον,
2784 2639 2945 2710 ῥίψας
2983 2639 3042 2691 τὸ
3074 2638 3248 2691 ἔλαιον
3281 2639 3374 2690 καὶ
3402 2638 3499 2708 τὴν
3537 2636 3798 2707 μαλακὴν

2209 2735 2453 2805 ἀγωγὴν,
2505 2734 2738 2806 αἱρεῖται
2772 2731 2955 2784 λοιπὸν
3001 2730 3100 2800 τὴν
3148 2729 3240 2783 τοῦ
3286 2731 3506 2801 σιδήρου
3563 2729 3792 2801 χρῆσιν.

2223 2826 2436 2894 Ἀγαπᾷ
2483 2820 2575 2878 οὖν
2625 2824 2994 2895 ἐλεημοσύνην
3033 2823 3126 2876 ἐπὶ
3174 2822 3280 2875 τῶν
3333 2822 3745 2890 μετανοούντων
3774 2837 3793 2852 ο

2206 2916 2395 2986 ἀγαπᾷ
2421 2917 2476 2968 δὲ
2511 2919 2606 2969 καὶ
2636 2918 2816 2986 κρίσιν
2833 2918 2925 2969 ἐπὶ
2952 2916 3060 2968 τῶν
3091 2915 3403 2967 ἀνενδότων.
3441 2912 3698 2965 Τοιοῦτόν
3736 2929 3797 2963 τι

2208 3006 2300 3059 καὶ
2333 3008 2360 3058 ὁ
2406 3006 2632 3069 Ἡσαΐας
2671 3007 2818 3074 λέγει
2869 3007 2944 3076 τῷ
2995 3006 3148 3074 Θεῷ,
3177 3007 3258 3058 ὅτι
3315 3006 3375 3058 Ἠ
3401 3005 3795 3072 ἐλεημοσύνη

535 3096 966 3152 misericordiam
1011 3117 1131 3153 cum
1161 3103 1365 3169 judicio
1399 3105 1616 3159 exhibet
1643 3106 1782 3173 ejus,
1819 3109 1907 3174 qui
1948 3107 2104 3172 libra,

2210 3119 2324 3156 σου
2352 3103 2440 3167 είς
2472 3101 2742 3168 σταθμόν
2776 3101 2872 3170 (3).
2923 3100 3034 3151 Καὶ
3079 3097 3189 3169 γὰρ
3238 3099 3488 3158 κάκεῖνος
3517 3096 3615 3165 τὴν
3651 3095 3798 3164 μετὰ

533 3197 588 3239 et
621 3202 847 3244 numero
891 3206 954 3245 ac
997 3195 1234 3260 pondere
1270 3213 1372 3266 pro
1417 3197 1680 3270 cujusque
1727 3201 1920 3255 merito
1965 3200 2108 3256 vices

532 3280 794 3348 rependit.

603 3463 661 3517 ι.
705 3464 1076 3520 Misericordia
1107 3468 1318 3523 Domini
1364 3471 1516 3539 plena
1550 3484 1624 3526 est
1657 3483 1818 3529 terra.
1856 3473 1954 3528 Hic
1998 3477 2109 3530 dis-

531 3557 717 3636 juncta
781 3571 865 3614 est
916 3577 944 3615 a
1003 3562 1207 3630 judicio
1287 3566 1677 3621 misericordia.
1758 3567 1881 3622 Sola
1962 3570 2107 3623 enim

537 3649 910 3706 misericordia
969 3653 1178 3708 Domini
1231 3655 1386 3724 plena
1437 3668 1523 3711 est
1580 3669 1756 3723 terra,
1801 3658 2006 3727 judicio
2057 3665 2106 3714 in

537 3743 890 3799 constitutum
942 3757 1152 3817 tempus
1205 3761 1499 3805 reservato.
1550 3751 1647 3807 Hic
1701 3754 1880 3822 itaque
1940 3759 2107 3809 mise-

539 3834 774 3889 ricordia
810 3847 894 3892 est
928 3838 1046 3893 sine
1078 3840 1283 3909 judicio
1329 3861 1342 3896 :
1395 3859 1498 3896 non
1539 3845 1682 3898 enim
1735 3847 1878 3898 venit
1925 3857 1983 3900 ut
2019 3846 2109 3911 ju-

540 3925 681 3980 tlicet
710 3930 990 3994 mundum,
1024 3933 1116 3985 sed
1155 3942 1212 3984 ut
1243 3934 1414 3988 salvet
1447 3939 1699 3988 mundum
1726 3936 1791 3989 “.
1835 3935 1946 3991 Illic
1986 3952 2112 3988 vero

542 4031 646 4068 non
691 4029 773 4072 est
827 4021 1194 4077 misericordia
1250 4025 1554 4092 judicium,
1610 4037 1893 4093 propterea
1966 4030 2108 4097 quod

540 4101 702 4157 homo
745 4119 773 4156 a
810 4109 1061 4163 sordibus
1111 4126 1277 4180 purus
1335 4115 1556 4181 reperiri
1623 4129 1885 4184 nequeat,
1935 4118 1978 4171 si
2032 4116 2114 4172 vel

539 4210 701 4247 unam
749 4197 890 4250 diem
920 4203 1121 4256 vixerit
1146 4205 1212 4258 “.
1239 4205 1418 4271 Quare
1457 4210 1499 4260 si
1531 4210 1652 4276 quis
1686 4212 1946 4264 malitiam
1982 4228 2116 4282 quo-

539 4286 668 4339 tidie
713 4302 1082 4358 grassantem,
1129 4305 1183 4349 et
1222 4295 1413 4365 fragile
1460 4299 1733 4352 hominum
1780 4317 1970 4370 genus,
2016 4305 2114 4355 ha-

540 4377 650 4431 bita
731 4393 1073 4449 peccatorum
1165 4389 1402 4451 ratione,
1473 4390 1768 4443 innumeris
1854 4394 2115 4447 mortibus

2211 3196 2441 3266 κρίσεως
2475 3190 2844 3264 ἐλεημοσύνην
2879 3192 3205 3263 παρίστησι,
3261 3188 3410 3259 ζυγῷ
3442 3189 3536 3242 καὶ
3569 3188 3797 3258 ἀριθμῷ

2209 3290 2302 3343 καὶ
2337 3285 2562 3359 σταθμῷ
2602 3285 2744 3338 κατὰ
2778 3285 2876 3357 τὴν
2910 3285 3140 3338 ἑκάστου
3184 3282 3340 3350 ἀξίαν
3393 3279 3796 3352 ἁντιμετροῦν-

2206 3396 2318 3442 τος.

2279 3471 2333 3524 4.
2374 3471 2484 3525 Τοῦ
2526 3471 2740 3537 ἐλέους
2787 3472 3009 3537 Κυρίου
3039 3469 3279 3536 πλήρης
3301 3469 3337 3532 ἡ
3371 3464 3470 3534 γῆ.
3518 3465 3800 3519 Ἐνταῦθα

2207 3563 2513 3627 διέζευκται
2543 3563 2649 3615 ἀπὸ
2687 3564 2786 3631 τῆς
2812 3562 3046 3632 κρίσεως
3074 3563 3102 3612 ό
3138 3561 3305 3622 ἔλεος.
3337 3558 3515 3610 Μόνον
3550 3557 3663 3627 γὰρ
3700 3557 3798 3609 τοῦ

2209 3654 2391 3716 ἐλέους
2424 3655 2630 3724 Κυρίου
2675 3654 2890 3723 πλήρης
2931 3655 2963 3721 ἡ
3006 3651 3112 3720 γῆ,
3158 3652 3257 3722 τῆς
3296 3651 3534 3719 κρίσεως
3577 3651 3659 3711 εἰς
3705 3649 3800 3702 τὸν

2208 3743 2512 3816 ὡρισμένον
2561 3745 2749 3813 καιρὸν
2785 3743 3193 3813 ταμιευθείσης.
3254 3739 3518 3792 Ἐνταῦθα
3567 3740 3668 3809 μὲν
3701 3736 3800 3792 οὖν

2213 3838 2359 3900 ἔλεός
2401 3839 2514 3890 ἐστι
2555 3838 2722 3907 χωρὶς
2760 3836 2993 3906 κρίσεως
3019 3852 3032 3865 ·
3065 3836 3126 3888 οὐ
3163 3834 3272 3904 γὰρ
3310 3829 3474 3902 ἦλθεν
3511 3833 3600 3884 ἵνα
3627 3833 3798 3904 κρίνῃ

2211 3933 2302 3984 τὸν
2351 3931 2573 3998 κόσμον,
2625 3928 2740 3980 ἀλλ’
2779 3930 2863 3980 ῖνα
2909 3927 3058 3999 σώσῃ
3110 3926 3202 3979 τὸν
3250 3926 3474 3995 κόσμον.
3529 3925 3681 3976 Ἐκεῖ
3739 3925 3798 3978 δὲ

2214 4026 2312 4078 οὐκ
2354 4023 2557 4094 ἔστινὴ
2593 4023 2776 4093 κρίσις
2819 4021 2986 4092 χωρὶς
3036 4020 3240 4082 ἐλέους,
3283 4018 3372 4072 διὰ
3415 4018 3477 4071 τὸ
3521 4019 3598 4091 μὴ
3641 4019 3802 4071 δύνα-

2219 4119 2340 4170 σθαι
2372 4117 2656 4188 ἄνθρωπον
2690 4114 2927 4184 καθαρὸν
2970 4112 3257 4184 εὑρεθῆναι
3307 4111 3416 4164 ἀπὸ
3454 4111 3652 4184 ῥύπου,
3692 4129 3799 4182 μη-

2217 4211 2270 4263 δὲ
2308 4211 2400 4264 ἐὰν
2438 4210 2533 4280 μία
2569 4203 2805 4280 ἡμέραῇ
2836 4207 2934 4276 τῆς
2981 4207 3246 4274 γενέσεως
3283 4206 3447 4258 αὐτοῦ
3497 4205 3594 4274 (Ai).
3634 4204 3800 4255 Ὥστε

2219 4305 2312 4357 ἐὰν
2344 4321 2427 4368 τις
2457 4303 2540 4374 ἴδῃ
2565 4302 2662 4372 τὴν
2703 4302 2898 4354 κακίαν
2940 4299 3209 4369 ὁσημέραι
3243 4299 3574 4368 νεμομένην,
3610 4296 3708 4348 καὶ
3738 4295 3801 4346 τὸ

2219 4395 2479 4464 ἐπίκηρον
2520 4395 2676 4461 γένος
2705 4392 2813 4444 τῶν
2859 4392 3157 4462 ἀνθρώπων
3190 4390 3336 4456 ἄξιον
3379 4389 3584 4460 μυρίων
3619 4387 3785 4439 θανα-

538 4471 758 4539 dignum
799 4475 999 4540 videat,
1049 4479 1401 4533 admirabitur
1429 4481 1642 4534 divitias
1691 4483 1945 4536 bonitatis
2001 4485 2105 4545 Dei,

2219 4506 2343 4547 των,
2389 4489 2508 4538 ὅσον
2548 4487 2639 4536 ἐπὶ
2668 4487 2776 4545 τοῖς
2809 4484 3164 4553 ἁμαρτήμασι
3195 4481 3479 4549 τυγχάνον,
3524 4479 3798 4547 θαυμάσει

545 4565 923 4637 patientiaeque
971 4569 1161 4637 ipsius,
1209 4582 1260 4625 et
1313 4573 1550 4628 lenitatis
1571 4575 1636 4628 ετ.
1693 4575 1835 4628 Sane
1883 4576 2004 4626 dum
2057 4577 2110 4628 in

540 4666 687 4711 terra
724 4674 931 4721 sumus,
979 4666 1346 4720 misericordia
1377 4682 1509 4735 opus
1541 4669 1695 4723 nobis
1717 4679 1815 4723 est.
1860 4667 1992 4721 Nam
2021 4669 2108 4735 qui

541 4749 595 4803 in
625 4751 778 4804 caelis
809 4768 1115 4820 versantur,
1159 4757 1301 4826 digni
1335 4773 1477 4823 sum,
1512 4761 1602 4829 qui
1641 4762 1780 4813 beati
1819 4761 2118 4828 pra-dicen-

544 4852 648 4904 tur,
705 4860 809 4898 non
847 4861 1075 4913 quorum
1117 4850 1492 4907 misereantur.
1551 4853 1655 4906 Aut
1714 4853 1962 4906 fortassis
2000 4869 2119 4920 pro-

543 4945 664 5004 pter
693 4940 1200 4995 coudemnationem
1237 4944 1288 4998 in
1325 4963 1422 4998 nos
1442 4949 1511 4999 oh
1543 4956 1814 5015 peccatum
1851 4948 2116 5017 prolatam

615 5077 659 5108 "
697 5077 840 5136 l’sal.
870 5095 1061 5144 cxxtx,
1100 5084 1153 5136 ὅ.
1232 5085 1276 5116 ⁸³
1316 5085 1416 5140 lsa.
1461 5102 1667 5151 xxvttt,
1706 5087 1792 5141 Π.

620 5217 730 5282 (99)
773 5219 1018 5273 Nomulli
1072 5235 1200 5273 mss.
1242 5218 1458 5273 ἑαυτοῦ.
1500 5220 1600 5271 Alii
1650 5221 1846 5290 ἐαυτῷ.
1899 5219 2007 5273 Nec
2048 5221 2117 5272 ita

545 5290 729 5361 nullo;
753 5301 872 5355 post.
906 5302 1112 5358 septem
1151 5306 1277 5344 mss.
1306 5292 1696 5361 παρατηρήσῃ.
1739 5292 1866 5356 Reg,
1898 5300 2119 5354 quartus

545 5371 601 5413 et
622 5359 771 5413 Colb.
789 5364 1051 5420 septimus
1074 5378 1192 5415 cum
1218 5363 1374 5414 editis
1390 5359 1447 5414 et
1468 5378 1586 5411 rum
1614 5359 1760 5432 tequ
1784 5378 1937 5416 sacro
1958 5379 2125 5432 παρα·

545 5431 810 5501 τηρήσῃς.
849 5432 984 5484 Infra
1026 5433 1153 5499 lleg.
1186 5435 1449 5502 secundus
1484 5431 1806 5502 ἐργάζηται.

619 5503 696 5564 tl)
741 5503 870 5569 Heg.
915 5503 1136 5574 quintus
1177 5517 1296 5552 eum
1341 5501 1492 5554 Coll).
1517 5501 1702 5574 primo
1735 5502 1978 5574 ἀδελφόν.
2021 5501 2123 5554 Nec

550 5571 709 5624 aliter
748 5571 958 5622 videtur
1000 5572 1194 5630 legisse
1225 5574 1510 5639 interpres,
1543 5572 1634 5636 qui
1663 5584 1830 5623 vertat
1868 5592 1879 5626 :
1921 5573 1978 5626 Si
2016 5576 2127 5636 [rn-

552 5653 680 5694 tn-m
713 5644 964 5704 oraveris.
997 5643 1172 5695 Editio
1195 5644 1366 5695 Paris.
1397 5658 1517 5695 cum
1563 5644 1743 5692 multis
1781 5659 1891 5694 mss
1923 5681 1939 5702 ,
1972 5644 2126 5695 ἁδελ-

552 5712 684 5781 φῶν.
725 5714 1015 5780 Aliquanto
1051 5726 1166 5779 pnst
1201 5713 1350 5765 Colit.
1387 5715 1591 5774 primus
1618 5714 1707 5764 ἐπὶ
1748 5713 1840 5766 σού
1875 5715 1991 5782 τήν.

623 5784 698 5856 t2}
741 5782 872 5854 Reg.
915 5786 1187 5839 secundus
1235 5785 1400 5835 ἐπενῆ
1437 5783 1499 5836 ἂν
1547 5782 1621 5834 δέ.
1672 5784 1785 5836 Mox
1833 5786 1959 5839 editi
2007 5800 2124 5837 cum

1870 5086 1915 5117 "
1955 5085 2110 5141 Joztn.
2137 5101 2216 5145 ιιι,
2253 5085 2333 5139 Π.

2221 4578 2308 4629 τὶν
2336 4574 2562 4627 πλοῦτον
2588 4575 2682 4642 τῆς
2703 4573 3065 4642 χρηστότητος
3085 4570 3178 4622 τοῦ
3200 4569 3355 4630 Θεοῦ,
3376 4569 3467 4622 καὶ
3479 4568 3576 4637 τῆς
3601 4567 3800 4636 ἀνοχῆς

2219 4666 2382 4720 αὐτοῦ
2419 4667 2512 4717 καὶ
2534 4665 2630 4734 τῆς
2659 4662 3054 4734 μακροθυμίας.
3100 4661 3186 4711 Ἐν
3229 4662 3293 4729 τῇ
3325 4663 3393 4730 γῇ
3431 4659 3614 4729 μέντοι
3647 4659 3800 4722 ὅντες

2216 4760 2309 4812 τοῦ
2346 4757 2530 4819 ἐλέους
2554 4753 2845 4827 χρῄζομεν.
2885 4754 2947 4805 Οἱ
2978 4754 3086 4820 γὰρ
3118 4753 3175 4803 ὲν
3203 4751 3280 4819 τῷ
3305 4749 3518 4820 οὐρανῷ
3557 4750 3650 4802 τοῦ
3692 4771 3797 4821 μα-

2217 4848 2536 4923 καρίζεσθαί
2571 4850 2726 4912 εἰσιν,
2769 4845 2883 4899 ἀλλ’
2923 4847 3041 4915 οὐχὶ
3083 4842 3175 4896 τοῦ
3225 4843 3488 4896 ἐλεεῖσθαι
3529 4842 3691 4908 ἄξιοι.
3730 4845 3801 4896 Ἦ

2215 4948 2352 5016 τάχα
2376 4943 2462 4996 διὰ
2491 4941 2588 5012 τὴν
2623 4942 2686 4992 ἐκ
2711 4939 2810 5008 τῆς
2837 4937 3108 5008 ἁμαρτίας
3130 4937 3258 5006 ἡμῖν
3291 4933 3674 5002 ἐπενεχθεῖσαν
3706 4953 3801 4988 κα·

2440 5081 2483 5112 ⁸⁸
2522 5080 2622 5134 Job
2648 5093 2754 5138 τιν,
2790 5077 2846 5139 4,
2874 5075 2927 5138 5,
2953 5075 3108 5144 juxta
3134 5070 3298 5130 LXX.
3374 5073 3417 5104 ⁸⁷
3450 5072 3609 5128 Rom.
3649 5091 3713 5140 II,
3743 5080 3797 5129 ι.

2228 5221 2549 5288 ηιιτὶιιιείιιιιιι
2583 5233 2711 5272 mss.
2740 5219 2829 5271 τὸν
2858 5217 3023 5270 ἔλεον.
3047 5217 3145 5288 λΑιη
3165 5215 3457 5270 Culbertini
3508 5217 3718 5288 prilmts
3746 5229 3798 5268 et

2230 5285 2453 5355 quartus
2481 5306 2599 5343 eum
2637 5289 2762 5356 Reg.
2792 5299 2983 5357 quarto
3013 5285 3309 5357 toilatov,
3333 5287 3552 5351 optime.
3586 5286 3796 5338 Etenim

2231 5378 2350 5411 rum
2396 5362 2481 5414 hic
2533 5375 2710 5413 sermo
2760 5356 2827 5410 sit
2877 5360 2940 5411 tle
2995 5356 3236 5410 molliore
3288 5359 3508 5410 curandi
3567 5358 3796 5415 ratione,

2226 5432 2400 5483 oleum
2437 5431 2850 5497 prmtermissum
2902 5443 3005 5480 non
3039 5429 3295 5494 Oportuit,
3335 5430 3476 5496 quod
3519 5429 3570 5477 in
3608 5428 3800 5493 primis

2226 5503 2289 5552 ad
2327 5503 2482 5554 talem
2515 5502 2776 5553 tractandi
2812 5500 3024 5552 modum
3056 5499 3326 5559 pertinere
3361 5506 3543 5550 notum
3581 5505 3689 5550 est:

2299 5573 2376 5632 (τι
2420 5571 2568 5622 Coll).
2600 5581 2821 5634 quartus
2851 5571 2929 5631 εἰς
2960 5567 3236 5633 στάθμιον.

2299 5643 2373 5705 (4)
2417 5642 2545 5704 Reg.
2593 5643 2860 5692 set-nntius
2908 5650 2959 5693 el
3012 5641 3164 5691 Coll».
3208 5638 3412 5701 primus
3467 5639 3567 5705 τῆς
3607 5638 3802 5704 γεννή-

2230 5703 2383 5766 σεως.
2427 5703 2544 5765 Mox
2585 5712 2735 5765 Coll).
2771 5723 2994 5778 quartus
3027 5709 3120 5760 καὶ
3161 5708 3219 5760 τὸ
3254 5703 3560 5777 ἐπίκαιρον,
3601 5703 3803 5774 tenipo-

2234 5800 2455 5838 t'tll'flfifl.
