  <div class='ocr_page' id='page_1' title='image "/cluster/home/n/w/nwhite01/storage/ocr_20150623/29/ien.35556001660547/575.png"; bbox 0 0 4016 6456; ppageno 0'>
   <div class='ocr_carea' id='block_1_1' title="bbox 234 364 347 430">
    <p class='ocr_par' dir='ltr' id='par_1_1' title="bbox 234 364 347 430">
     <span class='ocr_line' id='line_1_1' title="bbox 234 364 347 430; baseline -0.071 0"><span class='ocrx_word' id='word_1_1' title='bbox 234 364 347 430; x_wconf 67' lang='lat'><strong>355</strong></span> 
     </span>
    </p>
   </div>
   <div class='ocr_carea' id='block_1_2' title="bbox 3068 0 3795 9">
    <p class='ocr_par' dir='ltr' id='par_1_2' title="bbox 3068 0 3795 9">
     <span class='ocr_line' id='line_1_2' title="bbox 3068 0 3795 9; baseline 0 -8"><span class='ocrx_word' id='word_1_2' title='bbox 3068 8 3147 9; x_wconf 31' lang='lat'><em>777</em></span> <span class='ocrx_word' id='word_1_3' title='bbox 3166 8 3185 9; x_wconf 29' lang='grc' dir='ltr'><strong>Ὗ</strong></span> <span class='ocrx_word' id='word_1_4' title='bbox 3200 0 3795 8; x_wconf 40' lang='grc' dir='ltr'><strong>-Ῠέ-ῤ-Ϋ</strong></span> 
     </span>
    </p>
   </div>
   <div class='ocr_carea' id='block_1_3' title="bbox 1372 370 3478 434">
    <p class='ocr_par' dir='ltr' id='par_1_3' title="bbox 1372 370 3478 434">
     <span class='ocr_line' id='line_1_3' title="bbox 1372 370 3478 434; baseline -0.003 -3"><span class='ocrx_word' id='word_1_5' title='bbox 1372 376 1653 432; x_wconf 77' lang='lat' dir='ltr'><strong>HOMILIA</strong></span> <span class='ocrx_word' id='word_1_6' title='bbox 1692 377 1757 433; x_wconf 81' lang='lat' dir='ltr'><strong>iN</strong></span> <span class='ocrx_word' id='word_1_7' title='bbox 1798 377 2133 433; x_wconf 77' lang='lat' dir='ltr'><strong>PSALMUM</strong></span> <span class='ocrx_word' id='word_1_8' title='bbox 2174 375 2394 434; x_wconf 76' lang='lat' dir='ltr'><strong>XXXII.</strong></span> <span class='ocrx_word' id='word_1_9' title='bbox 3376 370 3478 425; x_wconf 61' lang='grc' dir='ltr'>δτι</span> 
     </span>
    </p>
   </div>
   <div class='ocr_carea' id='block_1_4' title="bbox 238 481 1826 562">
    <p class='ocr_par' dir='ltr' id='par_1_4' title="bbox 238 484 1815 562">
     <span class='ocr_line' id='line_1_4' title="bbox 238 484 1815 562; baseline 0.006 -24"><span class='ocrx_word' id='word_1_10' title='bbox 238 484 465 552; x_wconf 82' lang='grc' dir='ltr'>ταδικη’ν</span> <span class='ocrx_word' id='word_1_11' title='bbox 494 484 566 554; x_wconf 80' lang='grc' dir='ltr'>γῆ</span> <span class='ocrx_word' id='word_1_12' title='bbox 586 485 855 557; x_wconf 77' lang='grc' dir='ltr'>λεγόμεθα</span> <span class='ocrx_word' id='word_1_13' title='bbox 888 489 1049 556; x_wconf 78' lang='grc' dir='ltr'>ἡμεῖς</span> <span class='ocrx_word' id='word_1_14' title='bbox 1076 491 1123 541; x_wconf 84' lang='lat' dir='ltr'><strong>oi</strong></span> <span class='ocrx_word' id='word_1_15' title='bbox 1149 489 1480 553; x_wconf 81' lang='grc' dir='ltr'>ἀκούσαντες</span> <span class='ocrx_word' id='word_1_16' title='bbox 1513 494 1662 562; x_wconf 86' lang='grc' dir='ltr'><strong>παρὰ</strong></span> <span class='ocrx_word' id='word_1_17' title='bbox 1682 494 1815 547; x_wconf 83' lang='grc' dir='ltr'><strong>Θεοῦ</strong></span> 
     </span>
    </p>
   </div>
   <div class='ocr_carea' id='block_1_5' title="bbox 1930 481 3481 562">
    <p class='ocr_par' dir='ltr' id='par_1_5' title="bbox 1930 481 3481 557">
     <span class='ocr_line' id='line_1_5' title="bbox 1930 481 3481 557; baseline -0.005 -14"><span class='ocrx_word' id='word_1_18' title='bbox 1930 502 2061 545; x_wconf 84' lang='lat' dir='ltr'><strong>terra</strong></span> <span class='ocrx_word' id='word_1_19' title='bbox 2088 491 2318 545; x_wconf 82' lang='lat' dir='ltr'><strong>dicimur</strong></span> <span class='ocrx_word' id='word_1_20' title='bbox 2344 503 2441 544; x_wconf 92' lang='lat' dir='ltr'><strong>nos</strong></span> <span class='ocrx_word' id='word_1_21' title='bbox 2472 489 2562 557; x_wconf 89' lang='lat' dir='ltr'><strong>qui</strong></span> <span class='ocrx_word' id='word_1_22' title='bbox 2598 486 2725 542; x_wconf 87' lang='lat' dir='ltr'><strong>illud</strong></span> <span class='ocrx_word' id='word_1_23' title='bbox 2755 502 2784 541; x_wconf 89' lang='lat' dir='ltr'><strong>a</strong></span> <span class='ocrx_word' id='word_1_24' title='bbox 2812 486 2923 540; x_wconf 87' lang='lat' dir='ltr'><strong>Deo</strong></span> <span class='ocrx_word' id='word_1_25' title='bbox 2951 484 3255 538; x_wconf 83' lang='lat' dir='ltr'><strong>audivimus</strong></span> <span class='ocrx_word' id='word_1_26' title='bbox 3280 502 3291 536; x_wconf 96' lang='lat'>:</span> <span class='ocrx_word' id='word_1_27' title='bbox 3322 481 3481 537; x_wconf 81' lang='lat' dir='ltr'><strong>Terra</strong></span> 
     </span>
    </p>
   </div>
   <div class='ocr_carea' id='block_1_6' title="bbox 238 569 1815 652">
    <p class='ocr_par' dir='ltr' id='par_1_6' title="bbox 238 569 1815 652">
     <span class='ocr_line' id='line_1_6' title="bbox 238 569 1815 652; baseline 0.004 -25"><span class='ocrx_word' id='word_1_28' title='bbox 238 575 326 639; x_wconf 78' lang='grc' dir='ltr'><strong>τὸ,</strong></span> <span class='ocrx_word' id='word_1_29' title='bbox 350 576 442 646; x_wconf 79' lang='grc' dir='ltr'><strong>Γῆ</strong></span> <span class='ocrx_word' id='word_1_30' title='bbox 463 575 535 645; x_wconf 74' lang='grc' dir='ltr'>εἴ,</span> <span class='ocrx_word' id='word_1_31' title='bbox 564 578 662 632; x_wconf 77' lang='grc' dir='ltr'><strong>καί</strong></span> <span class='ocrx_word' id='word_1_32' title='bbox 682 572 767 641; x_wconf 85' lang='grc' dir='ltr'>ἑίς</span> <span class='ocrx_word' id='word_1_33' title='bbox 792 569 907 644; x_wconf 68' lang='grc' dir='ltr'><strong>’γῆῖ</strong></span> <span class='ocrx_word' id='word_1_34' title='bbox 931 579 1242 647; x_wconf 70' lang='grc' dir='ltr'>ἀπελεύσῃ</span> <span class='ocrx_word' id='word_1_35' title='bbox 1266 595 1278 607; x_wconf 90' lang='grc'><strong>·</strong></span> <span class='ocrx_word' id='word_1_36' title='bbox 1317 581 1365 631; x_wconf 82' lang='grc' dir='ltr'>οἳ</span> <span class='ocrx_word' id='word_1_37' title='bbox 1400 580 1626 652; x_wconf 85' lang='grc' dir='ltr'><strong>πλήρεις</strong></span> <span class='ocrx_word' id='word_1_38' title='bbox 1651 583 1815 652; x_wconf 75' lang='grc' dir='ltr'>ἐσμὲν</span> 
     </span>
    </p>
   </div>
   <div class='ocr_carea' id='block_1_7' title="bbox 239 666 1817 744">
    <p class='ocr_par' dir='ltr' id='par_1_7' title="bbox 239 666 1817 744">
     <span class='ocr_line' id='line_1_7' title="bbox 239 666 1817 744; baseline 0.005 -24"><span class='ocrx_word' id='word_1_39' title='bbox 239 666 350 722; x_wconf 86' lang='grc' dir='ltr'><strong>τῶν</strong></span> <span class='ocrx_word' id='word_1_40' title='bbox 375 670 672 743; x_wconf 77' lang='grc' dir='ltr'>οἰκτιρμῶν</span> <span class='ocrx_word' id='word_1_41' title='bbox 702 666 795 720; x_wconf 85' lang='grc' dir='ltr'><strong>τοῦ</strong></span> <span class='ocrx_word' id='word_1_42' title='bbox 817 667 950 721; x_wconf 86' lang='grc' dir='ltr'>Θεοῦ</span> <span class='ocrx_word' id='word_1_43' title='bbox 973 685 985 698; x_wconf 74' lang='grc' dir='ltr'><strong>ο</strong></span> <span class='ocrx_word' id='word_1_44' title='bbox 1023 668 1293 739; x_wconf 80' lang='grc' dir='ltr'>Νεκροὺς</span> <span class='ocrx_word' id='word_1_45' title='bbox 1326 670 1434 742; x_wconf 84' lang='grc' dir='ltr'>γὰρ</span> <span class='ocrx_word' id='word_1_46' title='bbox 1462 670 1638 738; x_wconf 77' lang='grc' dir='ltr'>ὄντας</span> <span class='ocrx_word' id='word_1_47' title='bbox 1661 674 1817 744; x_wconf 68' lang='grc' dir='ltr'>ἡμᾶς</span> 
     </span>
    </p>
   </div>
   <div class='ocr_carea' id='block_1_8' title="bbox 241 761 1819 836">
    <p class='ocr_par' dir='ltr' id='par_1_8' title="bbox 241 761 1819 836">
     <span class='ocr_line' id='line_1_8' title="bbox 241 761 1819 836; baseline 0.004 -22"><span class='ocrx_word' id='word_1_48' title='bbox 241 762 370 828; x_wconf 85' lang='grc' dir='ltr'>ταῖς</span> <span class='ocrx_word' id='word_1_49' title='bbox 399 762 706 831; x_wconf 81' lang='grc' dir='ltr'><strong>ἁμαρτίαις</strong></span> <span class='ocrx_word' id='word_1_50' title='bbox 750 761 843 813; x_wconf 83' lang='grc' dir='ltr'><strong>καὶ</strong></span> <span class='ocrx_word' id='word_1_51' title='bbox 889 764 1000 826; x_wconf 90' lang='grc' dir='ltr'>τοῖς</span> <span class='ocrx_word' id='word_1_52' title='bbox 1051 763 1490 835; x_wconf 74' lang='grc' dir='ltr'><strong>παραπτώμασιν</strong></span> <span class='ocrx_word' id='word_1_53' title='bbox 1523 765 1749 836; x_wconf 77' lang='grc' dir='ltr'>ἐλεήσας</span> <span class='ocrx_word' id='word_1_54' title='bbox 1789 770 1819 820; x_wconf 99' lang='lat'><strong>6</strong></span> 
     </span>
    </p>
   </div>
   <div class='ocr_carea' id='block_1_9' title="bbox 242 850 1817 926">
    <p class='ocr_par' dir='ltr' id='par_1_9' title="bbox 242 850 1817 926">
     <span class='ocr_line' id='line_1_9' title="bbox 242 850 1817 926; baseline 0.004 -21"><span class='ocrx_word' id='word_1_55' title='bbox 242 850 377 917; x_wconf 82' lang='grc' dir='ltr'>Θεὸς</span> <span class='ocrx_word' id='word_1_56' title='bbox 403 852 881 919; x_wconf 77' lang='grc' dir='ltr'>συνεζωοποίησε</span> <span class='ocrx_word' id='word_1_57' title='bbox 903 853 984 919; x_wconf 84' lang='grc' dir='ltr'>τῷ</span> <span class='ocrx_word' id='word_1_58' title='bbox 1016 853 1266 924; x_wconf 81' lang='grc' dir='ltr'><strong>Χριστῷ.</strong></span> <span class='ocrx_word' id='word_1_59' title='bbox 1302 856 1385 922; x_wconf 82' lang='grc' dir='ltr'><strong>Τῷ</strong></span> <span class='ocrx_word' id='word_1_60' title='bbox 1420 857 1578 925; x_wconf 70' lang='grc' dir='ltr'>λόγῳ</span> <span class='ocrx_word' id='word_1_61' title='bbox 1600 860 1817 926; x_wconf 82' lang='grc' dir='ltr'><strong>Κυρίου</strong></span> 
     </span>
    </p>
   </div>
   <div class='ocr_carea' id='block_1_10' title="bbox 243 942 1819 1016">
    <p class='ocr_par' dir='ltr' id='par_1_10' title="bbox 243 942 1819 1016">
     <span class='ocr_line' id='line_1_10' title="bbox 243 942 1819 1016; baseline 0.002 -19"><span class='ocrx_word' id='word_1_62' title='bbox 243 947 299 997; x_wconf 84' lang='grc' dir='ltr'><strong>οί</strong></span> <span class='ocrx_word' id='word_1_63' title='bbox 327 943 567 1010; x_wconf 78' lang='grc' dir='ltr'>οὐρανοὶ</span> <span class='ocrx_word' id='word_1_64' title='bbox 607 942 1074 1012; x_wconf 81' lang='grc' dir='ltr'><strong>ἐστερεώθησαν,</strong></span> <span class='ocrx_word' id='word_1_65' title='bbox 1125 945 1222 997; x_wconf 76' lang='grc' dir='ltr'>καί</span> <span class='ocrx_word' id='word_1_66' title='bbox 1264 946 1344 1011; x_wconf 86' lang='grc' dir='ltr'>τῷ</span> <span class='ocrx_word' id='word_1_67' title='bbox 1388 948 1680 1016; x_wconf 82' lang='grc' dir='ltr'>πνεύματι</span> <span class='ocrx_word' id='word_1_68' title='bbox 1713 947 1819 1002; x_wconf 86' lang='grc' dir='ltr'><strong>τοῦ</strong></span> 
     </span>
    </p>
   </div>
   <div class='ocr_carea' id='block_1_11' title="bbox 244 1035 1820 1106">
    <p class='ocr_par' dir='ltr' id='par_1_11' title="bbox 244 1035 1820 1106">
     <span class='ocr_line' id='line_1_11' title="bbox 244 1035 1820 1106; baseline 0.002 -18"><span class='ocrx_word' id='word_1_69' title='bbox 244 1035 542 1102; x_wconf 84' lang='grc' dir='ltr'>στόματος</span> <span class='ocrx_word' id='word_1_70' title='bbox 575 1035 760 1090; x_wconf 84' lang='grc' dir='ltr'>αὑτοῦ</span> <span class='ocrx_word' id='word_1_71' title='bbox 790 1035 957 1091; x_wconf 83' lang='grc' dir='ltr'>πᾶσα</span> <span class='ocrx_word' id='word_1_72' title='bbox 1008 1038 1047 1103; x_wconf 75' lang='grc' dir='ltr'><em>ὴ</em></span> <span class='ocrx_word' id='word_1_73' title='bbox 1089 1035 1339 1106; x_wconf 77' lang='grc' dir='ltr'>δύναμις</span> <span class='ocrx_word' id='word_1_74' title='bbox 1380 1036 1596 1093; x_wconf 75' lang='grc' dir='ltr'><strong>αὐτῶν.</strong></span> <span class='ocrx_word' id='word_1_75' title='bbox 1626 1039 1736 1094; x_wconf 90' lang='grc' dir='ltr'><strong>Ποῦ</strong></span> <span class='ocrx_word' id='word_1_76' title='bbox 1771 1041 1820 1091; x_wconf 80' lang='grc' dir='ltr'>οἱ</span> 
     </span>
    </p>
   </div>
   <div class='ocr_carea' id='block_1_12' title="bbox 242 1126 1822 1200">
    <p class='ocr_par' dir='ltr' id='par_1_12' title="bbox 242 1126 1822 1200">
     <span class='ocr_line' id='line_1_12' title="bbox 242 1126 1822 1200; baseline 0.002 -20"><span class='ocrx_word' id='word_1_77' title='bbox 242 1127 308 1180; x_wconf 79' lang='grc' dir='ltr'>τὸ</span> <span class='ocrx_word' id='word_1_78' title='bbox 350 1126 572 1199; x_wconf 88' lang='grc' dir='ltr'>Πνεῦμα</span> <span class='ocrx_word' id='word_1_79' title='bbox 604 1128 1042 1194; x_wconf 74' lang='grc' dir='ltr'>ἐξουθενοῦντεςς</span> <span class='ocrx_word' id='word_1_80' title='bbox 1085 1128 1187 1182; x_wconf 89' lang='grc' dir='ltr'><strong>ποῦ</strong></span> <span class='ocrx_word' id='word_1_81' title='bbox 1236 1132 1285 1182; x_wconf 79' lang='grc' dir='ltr'>οἱ</span> <span class='ocrx_word' id='word_1_82' title='bbox 1334 1130 1655 1200; x_wconf 76' lang='grc' dir='ltr'><strong>χωρίζοντες</strong></span> <span class='ocrx_word' id='word_1_83' title='bbox 1690 1132 1822 1185; x_wconf 78' lang='grc' dir='ltr'>αὐτὸ</span> 
     </span>
    </p>
   </div>
   <div class='ocr_carea' id='block_1_13' title="bbox 246 1218 1822 1294">
    <p class='ocr_par' dir='ltr' id='par_1_13' title="bbox 246 1218 1822 1294">
     <span class='ocr_line' id='line_1_13' title="bbox 246 1218 1822 1294; baseline 0.003 -23"><span class='ocrx_word' id='word_1_84' title='bbox 246 1218 356 1272; x_wconf 82' lang='grc' dir='ltr'>ἀπὸ</span> <span class='ocrx_word' id='word_1_85' title='bbox 396 1221 492 1293; x_wconf 84' lang='grc' dir='ltr'>τῆς</span> <span class='ocrx_word' id='word_1_86' title='bbox 533 1220 931 1292; x_wconf 77' lang='grc' dir='ltr'><strong>δημιουργικῆς</strong></span> <span class='ocrx_word' id='word_1_87' title='bbox 964 1220 1279 1290; x_wconf 89' lang='grc' dir='ltr'>δυνάμεως;</span> <span class='ocrx_word' id='word_1_88' title='bbox 1338 1221 1439 1274; x_wconf 91' lang='grc' dir='ltr'><strong>ποῦ</strong></span> <span class='ocrx_word' id='word_1_89' title='bbox 1468 1223 1517 1274; x_wconf 82' lang='grc' dir='ltr'>οἱ</span> <span class='ocrx_word' id='word_1_90' title='bbox 1554 1223 1652 1293; x_wconf 82' lang='grc' dir='ltr'>τῆς</span> <span class='ocrx_word' id='word_1_91' title='bbox 1686 1223 1822 1294; x_wconf 82' lang='grc' dir='ltr'>πρὸς</span> 
     </span>
    </p>
   </div>
   <div class='ocr_carea' id='block_1_14' title="bbox 248 1310 1820 1386">
    <p class='ocr_par' dir='ltr' id='par_1_14' title="bbox 248 1310 1820 1386">
     <span class='ocr_line' id='line_1_14' title="bbox 248 1310 1820 1386; baseline 0.006 -26"><span class='ocrx_word' id='word_1_92' title='bbox 248 1310 464 1385; x_wconf 80' lang='grc' dir='ltr'>Πατέρα</span> <span class='ocrx_word' id='word_1_93' title='bbox 524 1315 617 1363; x_wconf 76' lang='grc' dir='ltr'>καὶ</span> <span class='ocrx_word' id='word_1_94' title='bbox 684 1310 806 1363; x_wconf 83' lang='grc' dir='ltr'>Υίὸν</span> <span class='ocrx_word' id='word_1_95' title='bbox 867 1313 1161 1379; x_wconf 71' lang='grc' dir='ltr'><strong>συναφείας</strong></span> <span class='ocrx_word' id='word_1_96' title='bbox 1218 1313 1350 1367; x_wconf 82' lang='grc' dir='ltr'>αὐτὸ</span> <span class='ocrx_word' id='word_1_97' title='bbox 1408 1314 1820 1386; x_wconf 84' lang='grc' dir='ltr'>διατέμνοντες;</span> 
     </span>
    </p>
   </div>
   <div class='ocr_carea' id='block_1_15' title="bbox 261 1399 1825 1475">
    <p class='ocr_par' dir='ltr' id='par_1_15' title="bbox 261 1399 1825 1475">
     <span class='ocr_line' id='line_1_15' title="bbox 261 1399 1825 1475; baseline 0.001 -21"><span class='ocrx_word' id='word_1_98' title='bbox 261 1400 629 1455; x_wconf 79' lang='grc' dir='ltr'>’Λκουέτωσαν</span> <span class='ocrx_word' id='word_1_99' title='bbox 653 1399 744 1453; x_wconf 92' lang='grc' dir='ltr'><strong>τοῦ</strong></span> <span class='ocrx_word' id='word_1_100' title='bbox 768 1400 978 1471; x_wconf 65' lang='grc' dir='ltr'>ψαλμοῦ</span> <span class='ocrx_word' id='word_1_101' title='bbox 998 1400 1244 1472; x_wconf 87' lang='grc' dir='ltr'>λέγοντος</span> <span class='ocrx_word' id='word_1_102' title='bbox 1266 1422 1278 1434; x_wconf 74' lang='grc' dir='ltr'><strong>ο</strong></span> <span class='ocrx_word' id='word_1_103' title='bbox 1316 1406 1398 1471; x_wconf 84' lang='grc' dir='ltr'><strong>Τῷ</strong></span> <span class='ocrx_word' id='word_1_104' title='bbox 1423 1408 1580 1475; x_wconf 74' lang='grc' dir='ltr'>λόγῳ</span> <span class='ocrx_word' id='word_1_105' title='bbox 1606 1406 1825 1474; x_wconf 85' lang='grc' dir='ltr'><strong>Κυρίου</strong></span> 
     </span>
    </p>
   </div>
   <div class='ocr_carea' id='block_1_16' title="bbox 248 1492 1826 1563">
    <p class='ocr_par' dir='ltr' id='par_1_16' title="bbox 248 1492 1826 1563">
     <span class='ocr_line' id='line_1_16' title="bbox 248 1492 1826 1563; baseline 0.002 -18"><span class='ocrx_word' id='word_1_106' title='bbox 248 1495 304 1545; x_wconf 79' lang='grc' dir='ltr'>οἱ</span> <span class='ocrx_word' id='word_1_107' title='bbox 334 1492 577 1559; x_wconf 78' lang='grc' dir='ltr'>οὐρανοὶ</span> <span class='ocrx_word' id='word_1_108' title='bbox 615 1493 1082 1562; x_wconf 83' lang='grc' dir='ltr'><strong>ἐστερεώθησαν,</strong></span> <span class='ocrx_word' id='word_1_109' title='bbox 1123 1496 1222 1548; x_wconf 76' lang='grc' dir='ltr'><strong>καί</strong></span> <span class='ocrx_word' id='word_1_110' title='bbox 1269 1495 1347 1560; x_wconf 81' lang='grc' dir='ltr'>τῷ</span> <span class='ocrx_word' id='word_1_111' title='bbox 1389 1498 1679 1563; x_wconf 73' lang='grc' dir='ltr'>πνεύματι</span> <span class='ocrx_word' id='word_1_112' title='bbox 1720 1494 1826 1548; x_wconf 84' lang='grc' dir='ltr'><strong>τοῦ</strong></span> 
     </span>
    </p>
   </div>
   <div class='ocr_carea' id='block_1_17' title="bbox 248 1585 1826 1656">
    <p class='ocr_par' dir='ltr' id='par_1_17' title="bbox 248 1585 1826 1656">
     <span class='ocr_line' id='line_1_17' title="bbox 248 1585 1826 1656; baseline 0.002 -20"><span class='ocrx_word' id='word_1_113' title='bbox 248 1586 545 1653; x_wconf 81' lang='grc' dir='ltr'>στόματος</span> <span class='ocrx_word' id='word_1_114' title='bbox 576 1588 761 1641; x_wconf 80' lang='grc' dir='ltr'>αὐτοῦ</span> <span class='ocrx_word' id='word_1_115' title='bbox 798 1585 966 1641; x_wconf 78' lang='grc' dir='ltr'>πᾶσα</span> <span class='ocrx_word' id='word_1_116' title='bbox 1014 1590 1053 1655; x_wconf 75' lang='grc' dir='ltr'><strong><em>ἡ</em></strong></span> <span class='ocrx_word' id='word_1_117' title='bbox 1110 1587 1362 1656; x_wconf 78' lang='grc' dir='ltr'>δύναμις</span> <span class='ocrx_word' id='word_1_118' title='bbox 1412 1586 1632 1640; x_wconf 81' lang='grc' dir='ltr'><strong>αὐτῶν.</strong></span> <span class='ocrx_word' id='word_1_119' title='bbox 1690 1586 1826 1639; x_wconf 76' lang='grc' dir='ltr'>Οὔτε</span> 
     </span>
    </p>
   </div>
   <div class='ocr_carea' id='block_1_18' title="bbox 248 1676 1829 1750">
    <p class='ocr_par' dir='ltr' id='par_1_18' title="bbox 248 1676 1829 1750">
     <span class='ocr_line' id='line_1_18' title="bbox 248 1676 1829 1750; baseline 0.011 -33"><span class='ocrx_word' id='word_1_120' title='bbox 248 1676 359 1745; x_wconf 72' lang='grc' dir='ltr'><strong>γὰο</strong></span> <span class='ocrx_word' id='word_1_121' title='bbox 380 1678 550 1747; x_wconf 76' lang='grc' dir='ltr'>Λόγος</span> <span class='ocrx_word' id='word_1_122' title='bbox 582 1678 680 1747; x_wconf 84' lang='lat'><strong>(5),</strong></span> <span class='ocrx_word' id='word_1_123' title='bbox 713 1682 745 1748; x_wconf 85' lang='grc' dir='ltr'>ή</span> <span class='ocrx_word' id='word_1_124' title='bbox 777 1678 928 1748; x_wconf 85' lang='grc' dir='ltr'>κοινὴ</span> <span class='ocrx_word' id='word_1_125' title='bbox 961 1679 1097 1748; x_wconf 79' lang='grc' dir='ltr'>αῦτη</span> <span class='ocrx_word' id='word_1_126' title='bbox 1131 1679 1309 1740; x_wconf 79' lang='grc' dir='ltr'>λαλιὰ,</span> <span class='ocrx_word' id='word_1_127' title='bbox 1351 1680 1737 1750; x_wconf 84' lang='grc' dir='ltr'>νομισθήσεται</span> <span class='ocrx_word' id='word_1_128' title='bbox 1770 1680 1829 1744; x_wconf 77' lang='grc' dir='ltr'>ἐξ</span> 
     </span>
    </p>
   </div>
   <div class='ocr_carea' id='block_1_19' title="bbox 249 1770 1828 1842">
    <p class='ocr_par' dir='ltr' id='par_1_19' title="bbox 249 1770 1828 1842">
     <span class='ocr_line' id='line_1_19' title="bbox 249 1770 1828 1842; baseline 0.003 -19"><span class='ocrx_word' id='word_1_129' title='bbox 249 1773 525 1842; x_wconf 79' lang='grc' dir='ltr'>ὀνομάτων</span> <span class='ocrx_word' id='word_1_130' title='bbox 559 1772 651 1823; x_wconf 75' lang='grc' dir='ltr'><strong>καὶ</strong></span> <span class='ocrx_word' id='word_1_131' title='bbox 682 1771 940 1841; x_wconf 79' lang='grc' dir='ltr'>ῥημάτων</span> <span class='ocrx_word' id='word_1_132' title='bbox 969 1771 1066 1842; x_wconf 78' lang='grc' dir='ltr'>τὴν</span> <span class='ocrx_word' id='word_1_133' title='bbox 1093 1770 1350 1824; x_wconf 85' lang='grc' dir='ltr'>σύστασιν</span> <span class='ocrx_word' id='word_1_134' title='bbox 1371 1771 1589 1841; x_wconf 72' lang='grc' dir='ltr'>ἔχουσα,</span> <span class='ocrx_word' id='word_1_135' title='bbox 1616 1772 1739 1826; x_wconf 75' lang='grc' dir='ltr'>οὔτε</span> <span class='ocrx_word' id='word_1_136' title='bbox 1768 1774 1828 1827; x_wconf 87' lang='grc' dir='ltr'><strong>τὸ</strong></span> 
     </span>
    </p>
   </div>
   <div class='ocr_carea' id='block_1_20' title="bbox 1917 576 3483 646">
    <p class='ocr_par' dir='ltr' id='par_1_20' title="bbox 1917 576 3483 646">
     <span class='ocr_line' id='line_1_20' title="bbox 1917 576 3483 646; baseline -0.004 -10"><span class='ocrx_word' id='word_1_137' title='bbox 1917 600 1991 646; x_wconf 89' lang='lat' dir='ltr'><strong>es,</strong></span> <span class='ocrx_word' id='word_1_138' title='bbox 2016 593 2066 636; x_wconf 84' lang='lat' dir='ltr'><strong>et</strong></span> <span class='ocrx_word' id='word_1_139' title='bbox 2098 584 2151 635; x_wconf 88' lang='lat' dir='ltr'><strong>in</strong></span> <span class='ocrx_word' id='word_1_140' title='bbox 2175 593 2368 636; x_wconf 86' lang='lat' dir='ltr'><strong>terram</strong></span> <span class='ocrx_word' id='word_1_141' title='bbox 2398 583 2495 635; x_wconf 84' lang='lat' dir='ltr'><strong>ibis</strong></span> <span class='ocrx_word' id='word_1_142' title='bbox 2524 580 2589 637; x_wconf 76' lang='grc'><strong>⁸⁸.</strong></span> <span class='ocrx_word' id='word_1_143' title='bbox 2630 578 2801 634; x_wconf 89' lang='lat' dir='ltr'><strong>Porro</strong></span> <span class='ocrx_word' id='word_1_144' title='bbox 2826 578 3008 646; x_wconf 92' lang='lat' dir='ltr'><strong>repleti</strong></span> <span class='ocrx_word' id='word_1_145' title='bbox 3045 593 3227 631; x_wconf 87' lang='lat' dir='ltr'><strong>sumus</strong></span> <span class='ocrx_word' id='word_1_146' title='bbox 3262 576 3353 630; x_wconf 87' lang='lat' dir='ltr'><strong>Dei</strong></span> <span class='ocrx_word' id='word_1_147' title='bbox 3386 576 3483 629; x_wconf 90' lang='lat' dir='ltr'><strong>mi—</strong></span> 
     </span>
    </p>
   </div>
   <div class='ocr_carea' id='block_1_21' title="bbox 1919 669 3485 736">
    <p class='ocr_par' dir='ltr' id='par_1_21' title="bbox 1919 669 3485 736">
     <span class='ocr_line' id='line_1_21' title="bbox 1919 669 3485 736; baseline -0.004 -9"><span class='ocrx_word' id='word_1_148' title='bbox 1919 672 2311 736; x_wconf 87' lang='lat' dir='ltr'><strong>serationibus;</strong></span> <span class='ocrx_word' id='word_1_149' title='bbox 2348 690 2470 728; x_wconf 88' lang='lat' dir='ltr'><strong>cum</strong></span> <span class='ocrx_word' id='word_1_150' title='bbox 2503 673 2646 728; x_wconf 86' lang='lat' dir='ltr'><strong>enim</strong></span> <span class='ocrx_word' id='word_1_151' title='bbox 2691 670 2893 725; x_wconf 78' lang='lat' dir='ltr'><strong>Mortui</strong></span> <span class='ocrx_word' id='word_1_152' title='bbox 2934 686 3162 724; x_wconf 84' lang='lat' dir='ltr'><strong>essemus</strong></span> <span class='ocrx_word' id='word_1_153' title='bbox 3193 669 3400 723; x_wconf 75' lang='lat' dir='ltr'><strong>delictis</strong></span> <span class='ocrx_word' id='word_1_154' title='bbox 3429 678 3485 723; x_wconf 91' lang='lat' dir='ltr'><strong>et</strong></span> 
     </span>
    </p>
   </div>
   <div class='ocr_carea' id='block_1_22' title="bbox 1922 759 3483 833">
    <p class='ocr_par' dir='ltr' id='par_1_22' title="bbox 1922 759 3483 833">
     <span class='ocr_line' id='line_1_22' title="bbox 1922 759 3483 833; baseline -0.004 -15"><span class='ocrx_word' id='word_1_155' title='bbox 1922 766 2170 833; x_wconf 72' lang='lat' dir='ltr'><strong>peccatis,</strong></span> <span class='ocrx_word' id='word_1_156' title='bbox 2193 765 2450 817; x_wconf 77' lang='lat' dir='ltr'><strong>misertus</strong></span> <span class='ocrx_word' id='word_1_157' title='bbox 2471 767 2612 831; x_wconf 86' lang='lat' dir='ltr'><strong>Deus</strong></span> <span class='ocrx_word' id='word_1_158' title='bbox 2645 763 2920 833; x_wconf 79' lang='lat' dir='ltr'><strong>viviﬁcuvit</strong></span> <span class='ocrx_word' id='word_1_159' title='bbox 2945 778 3035 814; x_wconf 86' lang='lat' dir='ltr'><strong>nos</strong></span> <span class='ocrx_word' id='word_1_160' title='bbox 3055 777 3171 813; x_wconf 81' lang='lat' dir='ltr'><strong>cum</strong></span> <span class='ocrx_word' id='word_1_161' title='bbox 3192 759 3401 814; x_wconf 81' lang='lat' dir='ltr'><strong>Christo</strong></span> <span class='ocrx_word' id='word_1_162' title='bbox 3413 759 3483 811; x_wconf 80' lang='lat'><strong>“.</strong></span> 
     </span>
    </p>
   </div>
   <div class='ocr_carea' id='block_1_23' title="bbox 1924 852 3484 924">
    <p class='ocr_par' dir='ltr' id='par_1_23' title="bbox 1924 852 3484 924">
     <span class='ocr_line' id='line_1_23' title="bbox 1924 852 3484 924; baseline -0.002 -18"><span class='ocrx_word' id='word_1_163' title='bbox 1924 855 2087 912; x_wconf 69' lang='lat' dir='ltr'><strong>Vens.</strong></span> <span class='ocrx_word' id='word_1_164' title='bbox 2114 856 2168 911; x_wconf 86' lang='lat'><em>6.</em></span> <span class='ocrx_word' id='word_1_165' title='bbox 2212 854 2374 910; x_wconf 82' lang='lat' dir='ltr'><strong>Verbo</strong></span> <span class='ocrx_word' id='word_1_166' title='bbox 2406 855 2619 910; x_wconf 80' lang='lat' dir='ltr'><strong>Domini</strong></span> <span class='ocrx_word' id='word_1_167' title='bbox 2659 856 2773 911; x_wconf 75' lang='lat' dir='ltr'><strong>caeli</strong></span> <span class='ocrx_word' id='word_1_168' title='bbox 2807 854 3008 924; x_wconf 77' lang='lat' dir='ltr'><strong>ﬁrmati</strong></span> <span class='ocrx_word' id='word_1_169' title='bbox 3050 864 3187 916; x_wconf 85' lang='lat' dir='ltr'><strong>sunt,</strong></span> <span class='ocrx_word' id='word_1_170' title='bbox 3218 862 3265 905; x_wconf 87' lang='lat' dir='ltr'><strong>ct</strong></span> <span class='ocrx_word' id='word_1_171' title='bbox 3297 852 3484 919; x_wconf 78' lang='lat' dir='ltr'><strong>spiritu</strong></span> 
     </span>
    </p>
   </div>
   <div class='ocr_carea' id='block_1_24' title="bbox 1922 943 3482 1016">
    <p class='ocr_par' dir='ltr' id='par_1_24' title="bbox 1922 943 3482 1016">
     <span class='ocr_line' id='line_1_24' title="bbox 1922 943 3482 1016; baseline -0.006 -14"><span class='ocrx_word' id='word_1_172' title='bbox 1922 951 2028 1002; x_wconf 82' lang='lat' dir='ltr'><strong>oris</strong></span> <span class='ocrx_word' id='word_1_173' title='bbox 2054 953 2166 1016; x_wconf 85' lang='lat' dir='ltr'><strong>ejus</strong></span> <span class='ocrx_word' id='word_1_174' title='bbox 2195 950 2363 1001; x_wconf 88' lang='lat' dir='ltr'><strong>omnis</strong></span> <span class='ocrx_word' id='word_1_175' title='bbox 2394 948 2558 1000; x_wconf 81' lang='lat' dir='ltr'><strong>virtus</strong></span> <span class='ocrx_word' id='word_1_176' title='bbox 2585 966 2781 1002; x_wconf 86' lang='lat' dir='ltr'><strong>eorum.</strong></span> <span class='ocrx_word' id='word_1_177' title='bbox 2818 946 2919 1002; x_wconf 89' lang='lat' dir='ltr'><strong>Ubl</strong></span> <span class='ocrx_word' id='word_1_178' title='bbox 2954 956 3080 998; x_wconf 90' lang='lat' dir='ltr'><strong>sunt</strong></span> <span class='ocrx_word' id='word_1_179' title='bbox 3104 943 3191 1011; x_wconf 92' lang='lat' dir='ltr'><strong>qui</strong></span> <span class='ocrx_word' id='word_1_180' title='bbox 3228 943 3482 1011; x_wconf 73' lang='lat' dir='ltr'><strong>Spiritum</strong></span> 
     </span>
    </p>
   </div>
   <div class='ocr_carea' id='block_1_25' title="bbox 1922 1034 3484 1107">
    <p class='ocr_par' dir='ltr' id='par_1_25' title="bbox 1922 1034 3484 1107">
     <span class='ocr_line' id='line_1_25' title="bbox 1922 1034 3484 1107; baseline -0.004 -14"><span class='ocrx_word' id='word_1_181' title='bbox 1922 1039 2331 1094; x_wconf 77' lang='lat' dir='ltr'><strong>ﬂoccifaciunt?</strong></span> <span class='ocrx_word' id='word_1_182' title='bbox 2364 1039 2452 1092; x_wconf 89' lang='lat' dir='ltr'><strong>ubi</strong></span> <span class='ocrx_word' id='word_1_183' title='bbox 2481 1048 2608 1091; x_wconf 90' lang='lat' dir='ltr'><strong>sunt</strong></span> <span class='ocrx_word' id='word_1_184' title='bbox 2640 1041 2730 1107; x_wconf 91' lang='lat' dir='ltr'><strong>qui</strong></span> <span class='ocrx_word' id='word_1_185' title='bbox 2781 1040 2931 1093; x_wconf 91' lang='lat' dir='ltr'><strong>illum</strong></span> <span class='ocrx_word' id='word_1_186' title='bbox 2984 1052 3014 1091; x_wconf 86' lang='lat' dir='ltr'><strong>a</strong></span> <span class='ocrx_word' id='word_1_187' title='bbox 3052 1034 3291 1103; x_wconf 88' lang='lat' dir='ltr'><strong>potentia</strong></span> <span class='ocrx_word' id='word_1_188' title='bbox 3326 1049 3484 1088; x_wconf 86' lang='lat' dir='ltr'><strong>crea-</strong></span> 
     </span>
    </p>
   </div>
   <div class='ocr_carea' id='block_1_26' title="bbox 1927 1127 3486 1200">
    <p class='ocr_par' dir='ltr' id='par_1_26' title="bbox 1927 1127 3486 1200">
     <span class='ocr_line' id='line_1_26' title="bbox 1927 1127 3486 1200; baseline -0.003 -16"><span class='ocrx_word' id='word_1_189' title='bbox 1927 1132 2059 1185; x_wconf 87' lang='lat' dir='ltr'><strong>trice</strong></span> <span class='ocrx_word' id='word_1_190' title='bbox 2082 1132 2372 1200; x_wconf 81' lang='lat' dir='ltr'><strong>separant?</strong></span> <span class='ocrx_word' id='word_1_191' title='bbox 2395 1130 2483 1183; x_wconf 90' lang='lat' dir='ltr'><strong>ubi</strong></span> <span class='ocrx_word' id='word_1_192' title='bbox 2518 1130 2608 1198; x_wconf 86' lang='lat' dir='ltr'><strong>qui</strong></span> <span class='ocrx_word' id='word_1_193' title='bbox 2642 1129 2813 1198; x_wconf 89' lang='lat' dir='ltr'><strong>ipsum</strong></span> <span class='ocrx_word' id='word_1_194' title='bbox 2840 1148 2870 1184; x_wconf 93' lang='lat' dir='ltr'><strong>a</strong></span> <span class='ocrx_word' id='word_1_195' title='bbox 2902 1131 3079 1185; x_wconf 89' lang='lat' dir='ltr'><strong>Patris</strong></span> <span class='ocrx_word' id='word_1_196' title='bbox 3112 1143 3175 1183; x_wconf 91' lang='lat' dir='ltr'><strong>ac</strong></span> <span class='ocrx_word' id='word_1_197' title='bbox 3214 1127 3331 1180; x_wconf 83' lang='lat' dir='ltr'><strong>Filii</strong></span> <span class='ocrx_word' id='word_1_198' title='bbox 3356 1141 3486 1180; x_wconf 89' lang='lat' dir='ltr'><strong>con-</strong></span> 
     </span>
    </p>
   </div>
   <div class='ocr_carea' id='block_1_27' title="bbox 1920 1220 3485 1291">
    <p class='ocr_par' dir='ltr' id='par_1_27' title="bbox 1920 1220 3485 1291">
     <span class='ocr_line' id='line_1_27' title="bbox 1920 1220 3485 1291; baseline -0.003 -18"><span class='ocrx_word' id='word_1_199' title='bbox 1920 1221 2195 1291; x_wconf 88' lang='lat' dir='ltr'><strong>junctione</strong></span> <span class='ocrx_word' id='word_1_200' title='bbox 2244 1222 2543 1276; x_wconf 86' lang='lat' dir='ltr'><strong>dirimunt?</strong></span> <span class='ocrx_word' id='word_1_201' title='bbox 2570 1220 2808 1275; x_wconf 82' lang='lat' dir='ltr'><strong>Audiant</strong></span> <span class='ocrx_word' id='word_1_202' title='bbox 2868 1224 3128 1289; x_wconf 80' lang='lat' dir='ltr'><strong>psalmum</strong></span> <span class='ocrx_word' id='word_1_203' title='bbox 3169 1220 3436 1275; x_wconf 86' lang='lat' dir='ltr'><strong>dicentem</strong></span> <span class='ocrx_word' id='word_1_204' title='bbox 3473 1235 3485 1270; x_wconf 89' lang='lat'><strong>:</strong></span> 
     </span>
    </p>
   </div>
   <div class='ocr_carea' id='block_1_28' title="bbox 1933 1309 3489 1379">
    <p class='ocr_par' dir='ltr' id='par_1_28' title="bbox 1933 1309 3489 1379">
     <span class='ocr_line' id='line_1_28' title="bbox 1933 1309 3489 1379; baseline -0.004 -13"><span class='ocrx_word' id='word_1_205' title='bbox 1933 1311 2101 1366; x_wconf 83' lang='lat' dir='ltr'><strong>Verbo</strong></span> <span class='ocrx_word' id='word_1_206' title='bbox 2134 1312 2345 1367; x_wconf 82' lang='lat' dir='ltr'><strong>Domini</strong></span> <span class='ocrx_word' id='word_1_207' title='bbox 2397 1312 2512 1367; x_wconf 73' lang='lat' dir='ltr'><strong>caeli</strong></span> <span class='ocrx_word' id='word_1_208' title='bbox 2552 1312 2751 1379; x_wconf 79' lang='lat' dir='ltr'><strong>ﬁrmati</strong></span> <span class='ocrx_word' id='word_1_209' title='bbox 2777 1322 2919 1373; x_wconf 85' lang='lat' dir='ltr'><strong>sunt,</strong></span> <span class='ocrx_word' id='word_1_210' title='bbox 2944 1324 2989 1363; x_wconf 87' lang='lat' dir='ltr'><strong>et</strong></span> <span class='ocrx_word' id='word_1_211' title='bbox 3019 1314 3203 1379; x_wconf 86' lang='lat' dir='ltr'><strong>spiritu</strong></span> <span class='ocrx_word' id='word_1_212' title='bbox 3237 1311 3346 1365; x_wconf 81' lang='lat' dir='ltr'><strong>oris</strong></span> <span class='ocrx_word' id='word_1_213' title='bbox 3374 1309 3489 1378; x_wconf 78' lang='lat' dir='ltr'><strong>ejus</strong></span> 
     </span>
    </p>
   </div>
   <div class='ocr_carea' id='block_1_29' title="bbox 1928 1403 3489 1473">
    <p class='ocr_par' dir='ltr' id='par_1_29' title="bbox 1928 1403 3489 1473">
     <span class='ocr_line' id='line_1_29' title="bbox 1928 1403 3489 1473; baseline -0.003 -14"><span class='ocrx_word' id='word_1_214' title='bbox 1928 1407 2092 1459; x_wconf 88' lang='lat' dir='ltr'><strong>omnis</strong></span> <span class='ocrx_word' id='word_1_215' title='bbox 2115 1407 2273 1459; x_wconf 83' lang='lat' dir='ltr'><strong>virtus</strong></span> <span class='ocrx_word' id='word_1_216' title='bbox 2300 1423 2500 1460; x_wconf 86' lang='lat' dir='ltr'><strong>eorum.</strong></span> <span class='ocrx_word' id='word_1_217' title='bbox 2545 1404 2725 1473; x_wconf 74' lang='lat' dir='ltr'><strong>Neque</strong></span> <span class='ocrx_word' id='word_1_218' title='bbox 2758 1406 2901 1460; x_wconf 90' lang='lat' dir='ltr'><strong>enim</strong></span> <span class='ocrx_word' id='word_1_219' title='bbox 2929 1404 3160 1459; x_wconf 70' lang='lat' dir='ltr'><strong>Verbum</strong></span> <span class='ocrx_word' id='word_1_220' title='bbox 3212 1403 3489 1459; x_wconf 82' lang='lat' dir='ltr'><strong>existima-</strong></span> 
     </span>
    </p>
   </div>
   <div class='ocr_carea' id='block_1_30' title="bbox 1927 1494 3490 1563">
    <p class='ocr_par' dir='ltr' id='par_1_30' title="bbox 1927 1494 3490 1563">
     <span class='ocr_line' id='line_1_30' title="bbox 1927 1494 3490 1563; baseline -0.002 -14"><span class='ocrx_word' id='word_1_221' title='bbox 1927 1496 2071 1551; x_wconf 90' lang='lat' dir='ltr'><strong>bitur</strong></span> <span class='ocrx_word' id='word_1_222' title='bbox 2098 1499 2402 1551; x_wconf 87' lang='lat' dir='ltr'><strong>communis</strong></span> <span class='ocrx_word' id='word_1_223' title='bbox 2435 1500 2548 1553; x_wconf 64' lang='lat' dir='ltr'><strong>haec</strong></span> <span class='ocrx_word' id='word_1_224' title='bbox 2588 1497 2785 1550; x_wconf 89' lang='lat' dir='ltr'><strong>locutio</strong></span> <span class='ocrx_word' id='word_1_225' title='bbox 2815 1512 2958 1559; x_wconf 88' lang='lat' dir='ltr'><strong>esse,</strong></span> <span class='ocrx_word' id='word_1_226' title='bbox 2993 1510 3111 1563; x_wconf 72' lang='lat' dir='ltr'><strong>qute</strong></span> <span class='ocrx_word' id='word_1_227' title='bbox 3154 1508 3221 1547; x_wconf 82' lang='lat' dir='ltr'><strong>ex</strong></span> <span class='ocrx_word' id='word_1_228' title='bbox 3256 1494 3490 1548; x_wconf 78' lang='lat' dir='ltr'><strong>nomini-</strong></span> 
     </span>
    </p>
   </div>
   <div class='ocr_carea' id='block_1_31' title="bbox 1929 1586 3485 1656">
    <p class='ocr_par' dir='ltr' id='par_1_31' title="bbox 1929 1586 3485 1656">
     <span class='ocr_line' id='line_1_31' title="bbox 1929 1586 3485 1656; baseline -0.001 -16"><span class='ocrx_word' id='word_1_229' title='bbox 1929 1586 2029 1641; x_wconf 93' lang='lat' dir='ltr'><strong>bus</strong></span> <span class='ocrx_word' id='word_1_230' title='bbox 2055 1603 2118 1641; x_wconf 90' lang='lat' dir='ltr'><strong>ac</strong></span> <span class='ocrx_word' id='word_1_231' title='bbox 2156 1589 2480 1643; x_wconf 86' lang='lat' dir='ltr'><strong>dictionibus</strong></span> <span class='ocrx_word' id='word_1_232' title='bbox 2512 1589 2760 1644; x_wconf 88' lang='lat' dir='ltr'><strong>consistit</strong></span> <span class='ocrx_word' id='word_1_233' title='bbox 2813 1607 2826 1641; x_wconf 89' lang='lat'><strong>:</strong></span> <span class='ocrx_word' id='word_1_234' title='bbox 2859 1602 3031 1656; x_wconf 86' lang='lat' dir='ltr'><strong>neque</strong></span> <span class='ocrx_word' id='word_1_235' title='bbox 3062 1586 3297 1655; x_wconf 88' lang='lat' dir='ltr'><strong>Spiritus</strong></span> <span class='ocrx_word' id='word_1_236' title='bbox 3321 1602 3485 1656; x_wconf 84' lang='lat' dir='ltr'><strong>vapor</strong></span> 
     </span>
    </p>
   </div>
   <div class='ocr_carea' id='block_1_32' title="bbox 1931 1667 3489 1746">
    <p class='ocr_par' dir='ltr' id='par_1_32' title="bbox 1931 1667 3489 1746">
     <span class='ocr_line' id='line_1_32' title="bbox 1931 1667 3489 1746; baseline -0.002 -16"><span class='ocrx_word' id='word_1_237' title='bbox 1931 1676 1982 1730; x_wconf 91' lang='lat' dir='ltr'><strong>in</strong></span> <span class='ocrx_word' id='word_1_238' title='bbox 2029 1693 2153 1731; x_wconf 81' lang='lat' dir='ltr'><strong>aera</strong></span> <span class='ocrx_word' id='word_1_239' title='bbox 2179 1677 2437 1745; x_wconf 71' lang='lat' dir='ltr'><strong>diﬂ‘usus;</strong></span> <span class='ocrx_word' id='word_1_240' title='bbox 2475 1680 2568 1732; x_wconf 90' lang='lat' dir='ltr'><strong>sed</strong></span> <span class='ocrx_word' id='word_1_241' title='bbox 2591 1689 2646 1733; x_wconf 88' lang='lat' dir='ltr'><strong>et</strong></span> <span class='ocrx_word' id='word_1_242' title='bbox 2683 1680 2938 1741; x_wconf 84' lang='lat' dir='ltr'><strong>Verbum,</strong></span> <span class='ocrx_word' id='word_1_243' title='bbox 2972 1667 3112 1746; x_wconf 75' lang='lat' dir='ltr'><strong>qu&#39;od</strong></span> <span class='ocrx_word' id='word_1_244' title='bbox 3146 1678 3197 1730; x_wconf 92' lang='lat' dir='ltr'><strong>in</strong></span> <span class='ocrx_word' id='word_1_245' title='bbox 3229 1676 3489 1745; x_wconf 80' lang='lat' dir='ltr'><strong>principio</strong></span> 
     </span>
    </p>
   </div>
   <div class='ocr_carea' id='block_1_33' title="bbox 1929 1767 3495 1840">
    <p class='ocr_par' dir='ltr' id='par_1_33' title="bbox 1929 1767 3495 1840">
     <span class='ocr_line' id='line_1_33' title="bbox 1929 1767 3495 1840; baseline -0.004 -16"><span class='ocrx_word' id='word_1_246' title='bbox 1929 1779 2047 1824; x_wconf 89' lang='lat' dir='ltr'><strong>erat</strong></span> <span class='ocrx_word' id='word_1_247' title='bbox 2094 1772 2230 1838; x_wconf 90' lang='lat' dir='ltr'><strong>apud</strong></span> <span class='ocrx_word' id='word_1_248' title='bbox 2279 1771 2443 1823; x_wconf 88' lang='lat' dir='ltr'><strong>Deum</strong></span> <span class='ocrx_word' id='word_1_249' title='bbox 2463 1771 2530 1833; x_wconf 80' lang='grc' dir='ltr'>⁷ο,</span> <span class='ocrx_word' id='word_1_250' title='bbox 2568 1781 2622 1823; x_wconf 91' lang='lat' dir='ltr'><strong>et</strong></span> <span class='ocrx_word' id='word_1_251' title='bbox 2666 1771 2898 1840; x_wconf 87' lang='lat' dir='ltr'><strong>Spiritus</strong></span> <span class='ocrx_word' id='word_1_252' title='bbox 2947 1780 3183 1834; x_wconf 85' lang='lat' dir='ltr'><strong>sanctus,</strong></span> <span class='ocrx_word' id='word_1_253' title='bbox 3231 1769 3321 1838; x_wconf 92' lang='lat' dir='ltr'><strong>qui</strong></span> <span class='ocrx_word' id='word_1_254' title='bbox 3356 1767 3495 1821; x_wconf 86' lang='lat' dir='ltr'><strong>hanc</strong></span> 
     </span>
    </p>
   </div>
   <div class='ocr_carea' id='block_1_34' title="bbox 252 1847 1826 1937">
    <p class='ocr_par' dir='ltr' id='par_1_34' title="bbox 252 1862 1826 1937">
     <span class='ocr_line' id='line_1_34' title="bbox 252 1862 1826 1937; baseline 0.002 -22"><span class='ocrx_word' id='word_1_255' title='bbox 252 1863 473 1934; x_wconf 77' lang='grc' dir='ltr'>Πνεῦμα</span> <span class='ocrx_word' id='word_1_256' title='bbox 496 1865 658 1935; x_wconf 76' lang='grc' dir='ltr'>ἀτμὶς</span> <span class='ocrx_word' id='word_1_257' title='bbox 687 1866 765 1928; x_wconf 89' lang='grc' dir='ltr'><strong>είς</strong></span> <span class='ocrx_word' id='word_1_258' title='bbox 786 1864 924 1937; x_wconf 87' lang='grc' dir='ltr'>ἀέρα</span> <span class='ocrx_word' id='word_1_259' title='bbox 949 1862 1268 1936; x_wconf 84' lang='grc' dir='ltr'>διαχεομένη</span> <span class='ocrx_word' id='word_1_260' title='bbox 1285 1882 1296 1893; x_wconf 90' lang='grc'><strong>·</strong></span> <span class='ocrx_word' id='word_1_261' title='bbox 1329 1864 1465 1917; x_wconf 81' lang='grc' dir='ltr'>ἀλλὰ</span> <span class='ocrx_word' id='word_1_262' title='bbox 1488 1867 1581 1917; x_wconf 74' lang='grc' dir='ltr'><strong>καὶ</strong></span> <span class='ocrx_word' id='word_1_263' title='bbox 1607 1867 1775 1933; x_wconf 84' lang='grc' dir='ltr'>Λόγος</span> <span class='ocrx_word' id='word_1_264' title='bbox 1799 1870 1826 1918; x_wconf 89' lang='lat'><strong>6</strong></span> 
     </span>
    </p>
   </div>
   <div class='ocr_carea' id='block_1_35' title="bbox 1930 1847 3490 1937">
    <p class='ocr_par' dir='ltr' id='par_1_35' title="bbox 1930 1861 3490 1933">
     <span class='ocr_line' id='line_1_35' title="bbox 1930 1861 3490 1933; baseline -0.004 -16"><span class='ocrx_word' id='word_1_265' title='bbox 1930 1862 2143 1933; x_wconf 89' lang='lat' dir='ltr'><strong>proprie</strong></span> <span class='ocrx_word' id='word_1_266' title='bbox 2176 1862 2401 1916; x_wconf 87' lang='lat' dir='ltr'><strong>sortitus</strong></span> <span class='ocrx_word' id='word_1_267' title='bbox 2443 1873 2525 1915; x_wconf 90' lang='lat' dir='ltr'><strong>est</strong></span> <span class='ocrx_word' id='word_1_268' title='bbox 2554 1861 2981 1930; x_wconf 83' lang='lat' dir='ltr'><strong>appellationem.</strong></span> <span class='ocrx_word' id='word_1_269' title='bbox 3032 1861 3490 1927; x_wconf 82' lang='lat' dir='ltr'><strong>Quemadmodum</strong></span> 
     </span>
    </p>
   </div>
   <div class='ocr_carea' id='block_1_36' title="bbox 253 1953 1828 2028">
    <p class='ocr_par' dir='ltr' id='par_1_36' title="bbox 253 1953 1828 2028">
     <span class='ocr_line' id='line_1_36' title="bbox 253 1953 1828 2028; baseline 0.004 -25"><span class='ocrx_word' id='word_1_270' title='bbox 253 1955 309 2003; x_wconf 81' lang='grc' dir='ltr'>ἐν</span> <span class='ocrx_word' id='word_1_271' title='bbox 349 1954 488 2024; x_wconf 79' lang='grc' dir='ltr'>ἀρχῇ</span> <span class='ocrx_word' id='word_1_272' title='bbox 530 1953 605 2005; x_wconf 85' lang='grc' dir='ltr'>ὢν</span> <span class='ocrx_word' id='word_1_273' title='bbox 636 1956 769 2026; x_wconf 76' lang='grc' dir='ltr'>πρὸς</span> <span class='ocrx_word' id='word_1_274' title='bbox 794 1956 883 2011; x_wconf 78' lang='grc' dir='ltr'><strong>τὸν</strong></span> <span class='ocrx_word' id='word_1_275' title='bbox 916 1957 1069 2017; x_wconf 83' lang='grc' dir='ltr'>Θεὸν,</span> <span class='ocrx_word' id='word_1_276' title='bbox 1106 1958 1200 2011; x_wconf 76' lang='grc' dir='ltr'><strong>καὶ</strong></span> <span class='ocrx_word' id='word_1_277' title='bbox 1233 1955 1456 2028; x_wconf 81' lang='grc' dir='ltr'>Πνεῦμα</span> <span class='ocrx_word' id='word_1_278' title='bbox 1494 1956 1555 2010; x_wconf 84' lang='grc' dir='ltr'><strong>τὸ</strong></span> <span class='ocrx_word' id='word_1_279' title='bbox 1587 1956 1761 2026; x_wconf 84' lang='grc' dir='ltr'>ἁγιον,</span> <span class='ocrx_word' id='word_1_280' title='bbox 1799 1956 1828 2009; x_wconf 83' lang='lat'><strong>6</strong></span> 
     </span>
    </p>
   </div>
   <div class='ocr_carea' id='block_1_37' title="bbox 256 2042 1828 2119">
    <p class='ocr_par' dir='ltr' id='par_1_37' title="bbox 256 2042 1828 2119">
     <span class='ocr_line' id='line_1_37' title="bbox 256 2042 1828 2119; baseline 0.003 -24"><span class='ocrx_word' id='word_1_281' title='bbox 256 2042 402 2106; x_wconf 88' lang='grc' dir='ltr'>ίδίως</span> <span class='ocrx_word' id='word_1_282' title='bbox 426 2044 524 2115; x_wconf 79' lang='grc' dir='ltr'><strong>τῆς</strong></span> <span class='ocrx_word' id='word_1_283' title='bbox 558 2049 929 2117; x_wconf 80' lang='grc' dir='ltr'>προσηγορίας</span> <span class='ocrx_word' id='word_1_284' title='bbox 960 2048 1162 2119; x_wconf 78' lang='grc' dir='ltr'>ταύτης</span> <span class='ocrx_word' id='word_1_285' title='bbox 1194 2049 1510 2119; x_wconf 82' lang='grc' dir='ltr'>τετύχηκεν.</span> <span class='ocrx_word' id='word_1_286' title='bbox 1551 2050 1637 2112; x_wconf 79' lang='grc' dir='ltr'>Ὠς</span> <span class='ocrx_word' id='word_1_287' title='bbox 1677 2043 1768 2101; x_wconf 82' lang='grc' dir='ltr'>οὖν</span> <span class='ocrx_word' id='word_1_288' title='bbox 1800 2048 1828 2100; x_wconf 89' lang='lat'><strong>6</strong></span> 
     </span>
    </p>
   </div>
   <div class='ocr_carea' id='block_1_38' title="bbox 250 2134 1829 2211">
    <p class='ocr_par' dir='ltr' id='par_1_38' title="bbox 250 2134 1829 2211">
     <span class='ocr_line' id='line_1_38' title="bbox 250 2134 1829 2211; baseline 0.005 -25"><span class='ocrx_word' id='word_1_289' title='bbox 250 2134 580 2205; x_wconf 82' lang='grc' dir='ltr'>δημιουργὸς</span> <span class='ocrx_word' id='word_1_290' title='bbox 621 2138 790 2206; x_wconf 84' lang='grc' dir='ltr'>Λόγος</span> <span class='ocrx_word' id='word_1_291' title='bbox 837 2141 1132 2208; x_wconf 81' lang='grc' dir='ltr'>ὲστερέωσε</span> <span class='ocrx_word' id='word_1_292' title='bbox 1179 2141 1268 2191; x_wconf 84' lang='grc' dir='ltr'><strong>τὸν</strong></span> <span class='ocrx_word' id='word_1_293' title='bbox 1308 2143 1553 2211; x_wconf 74' lang='grc' dir='ltr'>οὐρανὸν,</span> <span class='ocrx_word' id='word_1_294' title='bbox 1589 2143 1729 2196; x_wconf 78' lang='grc' dir='ltr'>οὕτω</span> <span class='ocrx_word' id='word_1_295' title='bbox 1768 2141 1829 2194; x_wconf 80' lang='grc' dir='ltr'><strong>τὸ</strong></span> 
     </span>
    </p>
   </div>
   <div class='ocr_carea' id='block_1_39' title="bbox 254 2225 1827 2305">
    <p class='ocr_par' dir='ltr' id='par_1_39' title="bbox 254 2225 1827 2305">
     <span class='ocr_line' id='line_1_39' title="bbox 254 2225 1827 2305; baseline 0.006 -26"><span class='ocrx_word' id='word_1_296' title='bbox 254 2225 477 2296; x_wconf 85' lang='grc' dir='ltr'>Πνεῦμα</span> <span class='ocrx_word' id='word_1_297' title='bbox 521 2227 582 2280; x_wconf 86' lang='grc' dir='ltr'><strong>τὸ</strong></span> <span class='ocrx_word' id='word_1_298' title='bbox 629 2230 695 2281; x_wconf 87' lang='grc' dir='ltr'><strong>ἐκ</strong></span> <span class='ocrx_word' id='word_1_299' title='bbox 728 2228 818 2282; x_wconf 89' lang='grc' dir='ltr'><strong>τοῦ</strong></span> <span class='ocrx_word' id='word_1_300' title='bbox 853 2229 1009 2291; x_wconf 84' lang='grc' dir='ltr'>Θεοῦ,</span> <span class='ocrx_word' id='word_1_301' title='bbox 1053 2231 1081 2282; x_wconf 84' lang='grc' dir='ltr'>ὃ</span> <span class='ocrx_word' id='word_1_302' title='bbox 1113 2230 1263 2301; x_wconf 83' lang='grc' dir='ltr'><strong>παρὰ</strong></span> <span class='ocrx_word' id='word_1_303' title='bbox 1292 2233 1384 2284; x_wconf 85' lang='grc' dir='ltr'><strong>τοῦ</strong></span> <span class='ocrx_word' id='word_1_304' title='bbox 1421 2235 1631 2305; x_wconf 82' lang='grc' dir='ltr'>Πατρὸς</span> <span class='ocrx_word' id='word_1_305' title='bbox 1662 2238 1827 2288; x_wconf 79' lang='grc' dir='ltr'>ἐκπο-</span> 
     </span>
    </p>
   </div>
   <div class='ocr_carea' id='block_1_40' title="bbox 257 2316 1828 2393">
    <p class='ocr_par' dir='ltr' id='par_1_40' title="bbox 257 2316 1828 2393">
     <span class='ocr_line' id='line_1_40' title="bbox 257 2316 1828 2393; baseline 0.003 -24"><span class='ocrx_word' id='word_1_306' title='bbox 257 2316 470 2386; x_wconf 77' lang='grc' dir='ltr'>ρεύεται</span> <span class='ocrx_word' id='word_1_307' title='bbox 507 2318 825 2389; x_wconf 80' lang='grc' dir='ltr'>(τουτέστιν,</span> <span class='ocrx_word' id='word_1_308' title='bbox 851 2319 878 2370; x_wconf 85' lang='grc' dir='ltr'>ὃ</span> <span class='ocrx_word' id='word_1_309' title='bbox 899 2322 961 2371; x_wconf 83' lang='grc' dir='ltr'><strong>ὲκ</strong></span> <span class='ocrx_word' id='word_1_310' title='bbox 993 2318 1084 2372; x_wconf 92' lang='grc' dir='ltr'><strong>τοῦ</strong></span> <span class='ocrx_word' id='word_1_311' title='bbox 1117 2320 1381 2389; x_wconf 88' lang='grc' dir='ltr'>στόματος</span> <span class='ocrx_word' id='word_1_312' title='bbox 1412 2320 1596 2383; x_wconf 84' lang='grc' dir='ltr'>αὑτοῦ,</span> <span class='ocrx_word' id='word_1_313' title='bbox 1634 2323 1718 2374; x_wconf 85' lang='grc' dir='ltr'><strong>ἵνα</strong></span> <span class='ocrx_word' id='word_1_314' title='bbox 1756 2324 1828 2393; x_wconf 85' lang='grc' dir='ltr'>μὴ</span> 
     </span>
    </p>
   </div>
   <div class='ocr_carea' id='block_1_41' title="bbox 253 2411 1827 2487">
    <p class='ocr_par' dir='ltr' id='par_1_41' title="bbox 253 2411 1827 2487">
     <span class='ocr_line' id='line_1_41' title="bbox 253 2411 1827 2487; baseline 0.004 -24"><span class='ocrx_word' id='word_1_315' title='bbox 253 2411 365 2463; x_wconf 84' lang='grc' dir='ltr'><strong>τῶν</strong></span> <span class='ocrx_word' id='word_1_316' title='bbox 394 2412 593 2478; x_wconf 71' lang='grc' dir='ltr'>ἔξωθέν</span> <span class='ocrx_word' id='word_1_317' title='bbox 625 2430 675 2466; x_wconf 91' lang='grc' dir='ltr'><strong>τι</strong></span> <span class='ocrx_word' id='word_1_318' title='bbox 707 2413 929 2466; x_wconf 79' lang='grc' dir='ltr'>καὶτῶν</span> <span class='ocrx_word' id='word_1_319' title='bbox 955 2414 1267 2484; x_wconf 79' lang='grc' dir='ltr'>κτισμάτων</span> <span class='ocrx_word' id='word_1_320' title='bbox 1295 2415 1425 2468; x_wconf 80' lang='grc' dir='ltr'>αὐτὸ</span> <span class='ocrx_word' id='word_1_321' title='bbox 1468 2416 1680 2487; x_wconf 74' lang='grc' dir='ltr'>κρίνῃς,</span> <span class='ocrx_word' id='word_1_322' title='bbox 1715 2413 1827 2469; x_wconf 86' lang='grc' dir='ltr'>ἁλλ’</span> 
     </span>
    </p>
   </div>
   <div class='ocr_carea' id='block_1_42' title="bbox 254 2504 1831 2581">
    <p class='ocr_par' dir='ltr' id='par_1_42' title="bbox 254 2504 1831 2581">
     <span class='ocr_line' id='line_1_42' title="bbox 254 2504 1831 2581; baseline 0.004 -26"><span class='ocrx_word' id='word_1_323' title='bbox 254 2504 330 2566; x_wconf 87' lang='grc' dir='ltr'>ὼς</span> <span class='ocrx_word' id='word_1_324' title='bbox 356 2506 419 2557; x_wconf 81' lang='grc' dir='ltr'><strong>ὲκ</strong></span> <span class='ocrx_word' id='word_1_325' title='bbox 448 2505 581 2558; x_wconf 90' lang='grc' dir='ltr'>Θεοῦ</span> <span class='ocrx_word' id='word_1_326' title='bbox 603 2506 723 2577; x_wconf 80' lang='grc' dir='ltr'>ἔχον</span> <span class='ocrx_word' id='word_1_327' title='bbox 749 2506 847 2577; x_wconf 73' lang='grc' dir='ltr'>τὴν</span> <span class='ocrx_word' id='word_1_328' title='bbox 876 2507 1171 2561; x_wconf 83' lang='grc' dir='ltr'>ὑπόστασιν</span> <span class='ocrx_word' id='word_1_329' title='bbox 1191 2508 1462 2581; x_wconf 79' lang='grc' dir='ltr'><strong>δοξάζῃς),</strong></span> <span class='ocrx_word' id='word_1_330' title='bbox 1490 2507 1709 2571; x_wconf 85' lang='grc' dir='ltr'>ἁπάσας</span> <span class='ocrx_word' id='word_1_331' title='bbox 1734 2508 1831 2573; x_wconf 76' lang='grc' dir='ltr'><strong>τὰς</strong></span> 
     </span>
    </p>
   </div>
   <div class='ocr_carea' id='block_1_43' title="bbox 256 2595 1832 2672">
    <p class='ocr_par' dir='ltr' id='par_1_43' title="bbox 256 2595 1832 2672">
     <span class='ocr_line' id='line_1_43' title="bbox 256 2595 1832 2672; baseline 0.007 -27"><span class='ocrx_word' id='word_1_332' title='bbox 256 2595 312 2645; x_wconf 82' lang='grc' dir='ltr'>ὲν</span> <span class='ocrx_word' id='word_1_333' title='bbox 334 2596 483 2663; x_wconf 83' lang='grc' dir='ltr'>αὐτῷ</span> <span class='ocrx_word' id='word_1_334' title='bbox 510 2596 765 2666; x_wconf 88' lang='grc' dir='ltr'>δυνάμεις</span> <span class='ocrx_word' id='word_1_335' title='bbox 798 2600 1149 2667; x_wconf 85' lang='grc' dir='ltr'>συνεπέφερε.</span> <span class='ocrx_word' id='word_1_336' title='bbox 1180 2600 1269 2669; x_wconf 82' lang='grc' dir='ltr'>Τῷ</span> <span class='ocrx_word' id='word_1_337' title='bbox 1300 2596 1391 2653; x_wconf 76' lang='grc' dir='ltr'><strong>οὖν</strong></span> <span class='ocrx_word' id='word_1_338' title='bbox 1419 2600 1694 2672; x_wconf 80' lang='grc' dir='ltr'>Πνεῦματι</span> <span class='ocrx_word' id='word_1_339' title='bbox 1728 2604 1832 2655; x_wconf 82' lang='grc' dir='ltr'><strong>πᾶ-</strong></span> 
     </span>
    </p>
   </div>
   <div class='ocr_carea' id='block_1_44' title="bbox 258 2682 1826 2757">
    <p class='ocr_par' dir='ltr' id='par_1_44' title="bbox 258 2682 1826 2757">
     <span class='ocr_line' id='line_1_44' title="bbox 258 2682 1826 2757; baseline 0.008 -25"><span class='ocrx_word' id='word_1_340' title='bbox 258 2699 325 2733; x_wconf 85' lang='grc' dir='ltr'><strong>σα</strong></span> <span class='ocrx_word' id='word_1_341' title='bbox 355 2686 387 2752; x_wconf 74' lang='grc' dir='ltr'>ἡ</span> <span class='ocrx_word' id='word_1_342' title='bbox 420 2682 646 2754; x_wconf 81' lang='grc' dir='ltr'>δύναμις</span> <span class='ocrx_word' id='word_1_343' title='bbox 676 2687 709 2755; x_wconf 79' lang='grc' dir='ltr'>ἠ</span> <span class='ocrx_word' id='word_1_344' title='bbox 744 2686 1062 2754; x_wconf 73' lang='grc' dir='ltr'>ἐπουράνιος</span> <span class='ocrx_word' id='word_1_345' title='bbox 1087 2688 1160 2755; x_wconf 90' lang='grc'><strong>(6)</strong></span> <span class='ocrx_word' id='word_1_346' title='bbox 1201 2687 1530 2757; x_wconf 81' lang='grc' dir='ltr'>ὲστερεώΟη’</span> <span class='ocrx_word' id='word_1_347' title='bbox 1559 2691 1826 2754; x_wconf 84' lang='grc' dir='ltr'>τουτέστι,</span> 
     </span>
    </p>
   </div>
   <div class='ocr_carea' id='block_1_45' title="bbox 256 2772 1832 2850">
    <p class='ocr_par' dir='ltr' id='par_1_45' title="bbox 256 2772 1832 2850">
     <span class='ocr_line' id='line_1_45' title="bbox 256 2772 1832 2850; baseline 0.006 -25"><span class='ocrx_word' id='word_1_348' title='bbox 256 2773 315 2825; x_wconf 82' lang='grc' dir='ltr'><strong>τὸ</strong></span> <span class='ocrx_word' id='word_1_349' title='bbox 345 2772 555 2827; x_wconf 82' lang='grc' dir='ltr'>εῦτονον</span> <span class='ocrx_word' id='word_1_350' title='bbox 589 2775 683 2827; x_wconf 75' lang='grc' dir='ltr'>καὶ</span> <span class='ocrx_word' id='word_1_351' title='bbox 711 2775 905 2843; x_wconf 89' lang='grc' dir='ltr'>πάγιον</span> <span class='ocrx_word' id='word_1_352' title='bbox 945 2776 1040 2828; x_wconf 78' lang='grc' dir='ltr'>καὶ</span> <span class='ocrx_word' id='word_1_353' title='bbox 1075 2777 1287 2846; x_wconf 76' lang='grc' dir='ltr'>βέϐαιον</span> <span class='ocrx_word' id='word_1_354' title='bbox 1324 2781 1382 2830; x_wconf 87' lang='grc' dir='ltr'>ὲν</span> <span class='ocrx_word' id='word_1_355' title='bbox 1418 2780 1694 2850; x_wconf 77' lang='grc' dir='ltr'>ἁγιασμῷ,</span> <span class='ocrx_word' id='word_1_356' title='bbox 1738 2783 1832 2834; x_wconf 74' lang='grc' dir='ltr'>καὶ</span> 
     </span>
    </p>
   </div>
   <div class='ocr_carea' id='block_1_46' title="bbox 256 2867 1832 2943">
    <p class='ocr_par' dir='ltr' id='par_1_46' title="bbox 256 2867 1832 2943">
     <span class='ocr_line' id='line_1_46' title="bbox 256 2867 1832 2943; baseline 0.004 -25"><span class='ocrx_word' id='word_1_357' title='bbox 256 2867 408 2939; x_wconf 82' lang='grc' dir='ltr'>πάσῃ</span> <span class='ocrx_word' id='word_1_358' title='bbox 446 2870 510 2937; x_wconf 83' lang='grc' dir='ltr'>τῇ</span> <span class='ocrx_word' id='word_1_359' title='bbox 543 2868 825 2941; x_wconf 83' lang='grc' dir='ltr'>πρεπούσῃ</span> <span class='ocrx_word' id='word_1_360' title='bbox 853 2871 971 2932; x_wconf 87' lang='grc' dir='ltr'>ταῖς</span> <span class='ocrx_word' id='word_1_361' title='bbox 1002 2870 1173 2940; x_wconf 81' lang='grc' dir='ltr'>ἱεραῖς</span> <span class='ocrx_word' id='word_1_362' title='bbox 1202 2870 1491 2941; x_wconf 82' lang='grc' dir='ltr'>δυνάμεσιν</span> <span class='ocrx_word' id='word_1_363' title='bbox 1525 2872 1716 2943; x_wconf 81' lang='grc' dir='ltr'>ἀρετῇ,</span> <span class='ocrx_word' id='word_1_364' title='bbox 1769 2876 1832 2924; x_wconf 76' lang='grc' dir='ltr'>ὲκ</span> 
     </span>
    </p>
   </div>
   <div class='ocr_carea' id='block_1_47' title="bbox 257 2958 1833 3036">
    <p class='ocr_par' dir='ltr' id='par_1_47' title="bbox 257 2958 1833 3036">
     <span class='ocr_line' id='line_1_47' title="bbox 257 2958 1833 3036; baseline 0.004 -24"><span class='ocrx_word' id='word_1_365' title='bbox 257 2959 356 3029; x_wconf 81' lang='grc' dir='ltr'>τῆς</span> <span class='ocrx_word' id='word_1_366' title='bbox 382 2958 475 3011; x_wconf 85' lang='grc' dir='ltr'><strong>τοῦ</strong></span> <span class='ocrx_word' id='word_1_367' title='bbox 503 2960 815 3029; x_wconf 86' lang='grc' dir='ltr'>Πνεύματος</span> <span class='ocrx_word' id='word_1_368' title='bbox 848 2962 1165 3033; x_wconf 78' lang='grc' dir='ltr'>ἐπικουρίας</span> <span class='ocrx_word' id='word_1_369' title='bbox 1200 2961 1435 3032; x_wconf 78' lang='grc' dir='ltr'>ἔχουσιν.</span> <span class='ocrx_word' id='word_1_370' title='bbox 1485 2964 1702 3017; x_wconf 71' lang='grc' dir='ltr'>Ἑιιοάδε</span> <span class='ocrx_word' id='word_1_371' title='bbox 1735 2965 1833 3036; x_wconf 82' lang='grc' dir='ltr'><strong>μὲν</strong></span> 
     </span>
    </p>
   </div>
   <div class='ocr_carea' id='block_1_48' title="bbox 258 3047 1832 3127">
    <p class='ocr_par' dir='ltr' id='par_1_48' title="bbox 258 3047 1832 3127">
     <span class='ocr_line' id='line_1_48' title="bbox 258 3047 1832 3127; baseline 0.004 -23"><span class='ocrx_word' id='word_1_372' title='bbox 258 3047 352 3105; x_wconf 74' lang='grc' dir='ltr'>οὗν</span> <span class='ocrx_word' id='word_1_373' title='bbox 376 3050 598 3120; x_wconf 87' lang='grc' dir='ltr'>Πνεῦμα</span> <span class='ocrx_word' id='word_1_374' title='bbox 638 3052 902 3120; x_wconf 86' lang='grc' dir='ltr'>στόματος</span> <span class='ocrx_word' id='word_1_375' title='bbox 929 3053 1094 3104; x_wconf 84' lang='grc' dir='ltr'>αὑτοῦ</span> <span class='ocrx_word' id='word_1_376' title='bbox 1124 3055 1563 3127; x_wconf 81' lang='grc' dir='ltr'>ἀναγέγραπται·</span> <span class='ocrx_word' id='word_1_377' title='bbox 1601 3057 1832 3127; x_wconf 79' lang='grc' dir='ltr'>εὑρήσο-</span> 
     </span>
    </p>
   </div>
   <div class='ocr_carea' id='block_1_49' title="bbox 262 3138 1829 3217">
    <p class='ocr_par' dir='ltr' id='par_1_49' title="bbox 262 3138 1829 3217">
     <span class='ocr_line' id='line_1_49' title="bbox 262 3138 1829 3217; baseline 0.006 -24"><span class='ocrx_word' id='word_1_378' title='bbox 262 3158 359 3210; x_wconf 87' lang='grc' dir='ltr'><strong>μεν</strong></span> <span class='ocrx_word' id='word_1_379' title='bbox 385 3141 441 3193; x_wconf 84' lang='grc' dir='ltr'>δὲ</span> <span class='ocrx_word' id='word_1_380' title='bbox 456 3138 692 3211; x_wconf 80' lang='grc' dir='ltr'>ἀλλαχοῦ</span> <span class='ocrx_word' id='word_1_381' title='bbox 728 3142 822 3192; x_wconf 77' lang='grc' dir='ltr'><strong>καὶ</strong></span> <span class='ocrx_word' id='word_1_382' title='bbox 845 3140 1013 3208; x_wconf 80' lang='grc' dir='ltr'>Λόγον</span> <span class='ocrx_word' id='word_1_383' title='bbox 1048 3143 1311 3212; x_wconf 84' lang='grc' dir='ltr'>στόματος</span> <span class='ocrx_word' id='word_1_384' title='bbox 1332 3144 1494 3197; x_wconf 83' lang='grc' dir='ltr'>αὺτοῦ</span> <span class='ocrx_word' id='word_1_385' title='bbox 1524 3147 1829 3217; x_wconf 83' lang='grc' dir='ltr'>εἰρημένον,</span> 
     </span>
    </p>
   </div>
   <div class='ocr_carea' id='block_1_50' title="bbox 260 3232 1833 3308">
    <p class='ocr_par' dir='ltr' id='par_1_50' title="bbox 260 3232 1833 3308">
     <span class='ocr_line' id='line_1_50' title="bbox 260 3232 1833 3308; baseline 0.004 -24"><span class='ocrx_word' id='word_1_386' title='bbox 260 3233 347 3285; x_wconf 81' lang='grc' dir='ltr'><strong>ἶνα</strong></span> <span class='ocrx_word' id='word_1_387' title='bbox 374 3232 536 3303; x_wconf 79' lang='grc' dir='ltr'>νοηοῇ</span> <span class='ocrx_word' id='word_1_388' title='bbox 570 3233 598 3285; x_wconf 87' lang='lat'><strong>6</strong></span> <span class='ocrx_word' id='word_1_389' title='bbox 633 3234 821 3305; x_wconf 82' lang='grc' dir='ltr'>Σωτὴρ</span> <span class='ocrx_word' id='word_1_390' title='bbox 846 3232 943 3303; x_wconf 86' lang='lat'><strong>(7),</strong></span> <span class='ocrx_word' id='word_1_391' title='bbox 982 3234 1074 3286; x_wconf 77' lang='grc' dir='ltr'><strong>καὶ</strong></span> <span class='ocrx_word' id='word_1_392' title='bbox 1114 3234 1173 3287; x_wconf 89' lang='grc' dir='ltr'><strong>τὸ</strong></span> <span class='ocrx_word' id='word_1_393' title='bbox 1203 3235 1357 3301; x_wconf 72' lang='grc' dir='ltr'>ἅγιον</span> <span class='ocrx_word' id='word_1_394' title='bbox 1395 3234 1558 3288; x_wconf 73' lang='grc' dir='ltr'>αὑτοῦ</span> <span class='ocrx_word' id='word_1_395' title='bbox 1608 3237 1833 3308; x_wconf 85' lang='grc' dir='ltr'>Πνεῦμα</span> 
     </span>
    </p>
   </div>
   <div class='ocr_carea' id='block_1_51' title="bbox 258 3323 1830 3400">
    <p class='ocr_par' dir='ltr' id='par_1_51' title="bbox 258 3323 1830 3400">
     <span class='ocr_line' id='line_1_51' title="bbox 258 3323 1830 3400; baseline 0.003 -23"><span class='ocrx_word' id='word_1_396' title='bbox 258 3326 323 3376; x_wconf 85' lang='grc' dir='ltr'>ὲκ</span> <span class='ocrx_word' id='word_1_397' title='bbox 344 3326 438 3378; x_wconf 88' lang='grc' dir='ltr'><strong>τοῦ</strong></span> <span class='ocrx_word' id='word_1_398' title='bbox 461 3326 690 3397; x_wconf 87' lang='grc' dir='ltr'>Πατρός.</span> <span class='ocrx_word' id='word_1_399' title='bbox 732 3327 882 3379; x_wconf 73' lang='grc' dir='ltr'>Ἐπεὶ</span> <span class='ocrx_word' id='word_1_400' title='bbox 910 3323 1002 3380; x_wconf 80' lang='grc' dir='ltr'><strong>οὖν</strong></span> <span class='ocrx_word' id='word_1_401' title='bbox 1033 3327 1202 3394; x_wconf 82' lang='grc' dir='ltr'>Λόγος</span> <span class='ocrx_word' id='word_1_402' title='bbox 1226 3328 1323 3398; x_wconf 80' lang='grc' dir='ltr'><strong>μὲν</strong></span> <span class='ocrx_word' id='word_1_403' title='bbox 1348 3330 1550 3400; x_wconf 83' lang='grc' dir='ltr'>Κυρίου</span> <span class='ocrx_word' id='word_1_404' title='bbox 1572 3330 1600 3382; x_wconf 87' lang='lat'><strong>6</strong></span> <span class='ocrx_word' id='word_1_405' title='bbox 1621 3331 1830 3400; x_wconf 85' lang='grc' dir='ltr'>Σωτὴρ,</span> 
     </span>
    </p>
   </div>
   <div class='ocr_carea' id='block_1_52' title="bbox 258 3418 1830 3489">
    <p class='ocr_par' dir='ltr' id='par_1_52' title="bbox 258 3418 1830 3489">
     <span class='ocr_line' id='line_1_52' title="bbox 258 3418 1830 3489; baseline 0.002 -19"><span class='ocrx_word' id='word_1_406' title='bbox 258 3419 351 3470; x_wconf 79' lang='grc' dir='ltr'><strong>καὶ</strong></span> <span class='ocrx_word' id='word_1_407' title='bbox 384 3418 603 3488; x_wconf 83' lang='grc' dir='ltr'>Πνεῦμα</span> <span class='ocrx_word' id='word_1_408' title='bbox 632 3419 725 3471; x_wconf 84' lang='grc' dir='ltr'><strong>τοῦ</strong></span> <span class='ocrx_word' id='word_1_409' title='bbox 770 3420 1035 3489; x_wconf 84' lang='grc' dir='ltr'>στόματος</span> <span class='ocrx_word' id='word_1_410' title='bbox 1082 3420 1244 3472; x_wconf 84' lang='grc' dir='ltr'>αὐτοῦ</span> <span class='ocrx_word' id='word_1_411' title='bbox 1286 3420 1345 3472; x_wconf 87' lang='grc' dir='ltr'>τὸ</span> <span class='ocrx_word' id='word_1_412' title='bbox 1395 3420 1546 3488; x_wconf 81' lang='grc' dir='ltr'>ἁγιον</span> <span class='ocrx_word' id='word_1_413' title='bbox 1588 3419 1830 3489; x_wconf 84' lang='grc' dir='ltr'>Πνεῦμα,</span> 
     </span>
    </p>
   </div>
   <div class='ocr_carea' id='block_1_53' title="bbox 259 3509 1833 3583">
    <p class='ocr_par' dir='ltr' id='par_1_53' title="bbox 259 3509 1833 3583">
     <span class='ocr_line' id='line_1_53' title="bbox 259 3509 1833 3583; baseline 0 -21"><span class='ocrx_word' id='word_1_414' title='bbox 259 3509 542 3577; x_wconf 67' lang='grc' dir='ltr'>ἀμφότερα</span> <span class='ocrx_word' id='word_1_415' title='bbox 581 3509 637 3561; x_wconf 82' lang='grc' dir='ltr'>δὲ</span> <span class='ocrx_word' id='word_1_416' title='bbox 677 3510 983 3579; x_wconf 76' lang='grc' dir='ltr'>συνήργησε</span> <span class='ocrx_word' id='word_1_417' title='bbox 1014 3512 1078 3579; x_wconf 84' lang='grc' dir='ltr'>τῇ</span> <span class='ocrx_word' id='word_1_418' title='bbox 1112 3510 1287 3563; x_wconf 81' lang='grc' dir='ltr'>κτίσει</span> <span class='ocrx_word' id='word_1_419' title='bbox 1319 3511 1425 3562; x_wconf 83' lang='grc' dir='ltr'><strong>τῶν</strong></span> <span class='ocrx_word' id='word_1_420' title='bbox 1455 3510 1700 3583; x_wconf 77' lang='grc' dir='ltr'>οὐρανῶν</span> <span class='ocrx_word' id='word_1_421' title='bbox 1739 3518 1833 3565; x_wconf 74' lang='grc' dir='ltr'><strong>καὶ</strong></span> 
     </span>
    </p>
   </div>
   <div class='ocr_carea' id='block_1_54' title="bbox 257 3599 1834 3672">
    <p class='ocr_par' dir='ltr' id='par_1_54' title="bbox 257 3599 1834 3672">
     <span class='ocr_line' id='line_1_54' title="bbox 257 3599 1834 3672; baseline 0.002 -20"><span class='ocrx_word' id='word_1_422' title='bbox 257 3600 365 3652; x_wconf 79' lang='grc' dir='ltr'>τῶν</span> <span class='ocrx_word' id='word_1_423' title='bbox 404 3602 460 3652; x_wconf 81' lang='grc' dir='ltr'>ὲν</span> <span class='ocrx_word' id='word_1_424' title='bbox 486 3601 668 3663; x_wconf 78' lang='grc' dir='ltr'>αὐτοῖς</span> <span class='ocrx_word' id='word_1_425' title='bbox 696 3600 999 3670; x_wconf 87' lang='grc' dir='ltr'>δυνάμεων,</span> <span class='ocrx_word' id='word_1_426' title='bbox 1027 3599 1113 3652; x_wconf 81' lang='grc' dir='ltr'>διὰ</span> <span class='ocrx_word' id='word_1_427' title='bbox 1144 3600 1300 3653; x_wconf 86' lang='grc' dir='ltr'>τοῦτο</span> <span class='ocrx_word' id='word_1_428' title='bbox 1336 3602 1583 3672; x_wconf 75' lang='grc' dir='ltr'>εἴρηται·</span> <span class='ocrx_word' id='word_1_429' title='bbox 1619 3601 1707 3668; x_wconf 81' lang='grc' dir='ltr'><em>Τῷ</em></span> <span class='ocrx_word' id='word_1_430' title='bbox 1731 3604 1834 3656; x_wconf 82' lang='grc' dir='ltr'>Λό-</span> 
     </span>
    </p>
   </div>
   <div class='ocr_carea' id='block_1_55' title="bbox 258 3690 1833 3760">
    <p class='ocr_par' dir='ltr' id='par_1_55' title="bbox 258 3690 1833 3760">
     <span class='ocr_line' id='line_1_55' title="bbox 258 3690 1833 3760; baseline 0.001 -17"><span class='ocrx_word' id='word_1_431' title='bbox 258 3709 342 3759; x_wconf 73' lang='grc' dir='ltr'>γῳ</span> <span class='ocrx_word' id='word_1_432' title='bbox 386 3692 607 3759; x_wconf 80' lang='grc' dir='ltr'>Κυρίου</span> <span class='ocrx_word' id='word_1_433' title='bbox 666 3694 720 3745; x_wconf 77' lang='grc' dir='ltr'>οἱ</span> <span class='ocrx_word' id='word_1_434' title='bbox 770 3692 1010 3759; x_wconf 79' lang='grc' dir='ltr'>Οὐρανοὶ</span> <span class='ocrx_word' id='word_1_435' title='bbox 1068 3690 1538 3760; x_wconf 74' lang='grc' dir='ltr'>ἐστερεώθησαν,</span> <span class='ocrx_word' id='word_1_436' title='bbox 1601 3696 1695 3747; x_wconf 77' lang='grc' dir='ltr'>καὶ</span> <span class='ocrx_word' id='word_1_437' title='bbox 1754 3690 1833 3758; x_wconf 83' lang='grc' dir='ltr'>τῷ</span> 
     </span>
    </p>
   </div>
   <div class='ocr_carea' id='block_1_56' title="bbox 261 3782 1834 3851">
    <p class='ocr_par' dir='ltr' id='par_1_56' title="bbox 261 3782 1834 3851">
     <span class='ocr_line' id='line_1_56' title="bbox 261 3782 1834 3851; baseline -0.001 -14"><span class='ocrx_word' id='word_1_438' title='bbox 261 3784 552 3850; x_wconf 79' lang='grc' dir='ltr'>Πνεύματι</span> <span class='ocrx_word' id='word_1_439' title='bbox 590 3782 695 3835; x_wconf 84' lang='grc' dir='ltr'><strong>τοῦ</strong></span> <span class='ocrx_word' id='word_1_440' title='bbox 727 3784 1022 3850; x_wconf 79' lang='grc' dir='ltr'>στόματος</span> <span class='ocrx_word' id='word_1_441' title='bbox 1061 3782 1245 3835; x_wconf 81' lang='grc' dir='ltr'>αὐτοῦ</span> <span class='ocrx_word' id='word_1_442' title='bbox 1296 3784 1462 3837; x_wconf 83' lang='grc' dir='ltr'>πᾶσα</span> <span class='ocrx_word' id='word_1_443' title='bbox 1502 3785 1539 3851; x_wconf 79' lang='grc' dir='ltr'><strong>-ή</strong></span> <span class='ocrx_word' id='word_1_444' title='bbox 1583 3782 1834 3851; x_wconf 79' lang='grc' dir='ltr'>δύναμις</span> 
     </span>
    </p>
   </div>
   <div class='ocr_carea' id='block_1_57' title="bbox 259 3874 1833 3949">
    <p class='ocr_par' dir='ltr' id='par_1_57' title="bbox 259 3874 1833 3949">
     <span class='ocr_line' id='line_1_57' title="bbox 259 3874 1833 3949; baseline -0.003 -18"><span class='ocrx_word' id='word_1_445' title='bbox 259 3876 474 3931; x_wconf 79' lang='grc' dir='ltr'><strong>ἁὺτῶν.</strong></span> <span class='ocrx_word' id='word_1_446' title='bbox 517 3876 681 3930; x_wconf 78' lang='grc' dir='ltr'>Οὐδὲν</span> <span class='ocrx_word' id='word_1_447' title='bbox 709 3876 815 3946; x_wconf 78' lang='grc' dir='ltr'>γὰρ</span> <span class='ocrx_word' id='word_1_448' title='bbox 844 3874 1149 3944; x_wconf 76' lang='grc' dir='ltr'>ἁγιάζεται,</span> <span class='ocrx_word' id='word_1_449' title='bbox 1180 3879 1228 3929; x_wconf 82' lang='grc' dir='ltr'><strong>εί</strong></span> <span class='ocrx_word' id='word_1_450' title='bbox 1260 3877 1333 3947; x_wconf 83' lang='grc' dir='ltr'>μὴ</span> <span class='ocrx_word' id='word_1_451' title='bbox 1371 3877 1444 3947; x_wconf 87' lang='grc'><strong>(8)</strong></span> <span class='ocrx_word' id='word_1_452' title='bbox 1471 3879 1534 3947; x_wconf 83' lang='grc' dir='ltr'><strong>τῇ</strong></span> <span class='ocrx_word' id='word_1_453' title='bbox 1566 3875 1833 3949; x_wconf 64' lang='grc' dir='ltr'>παρουσίᾳ</span> 
     </span>
    </p>
   </div>
   <div class='ocr_carea' id='block_1_58' title="bbox 258 3964 1830 4040">
    <p class='ocr_par' dir='ltr' id='par_1_58' title="bbox 258 3964 1830 4040">
     <span class='ocr_line' id='line_1_58' title="bbox 258 3964 1830 4040; baseline 0.001 -19"><span class='ocrx_word' id='word_1_454' title='bbox 258 3968 351 4023; x_wconf 89' lang='grc' dir='ltr'><strong>τοῦ</strong></span> <span class='ocrx_word' id='word_1_455' title='bbox 387 3968 723 4040; x_wconf 73' lang='grc' dir='ltr'>Πνεῦματος.</span> <span class='ocrx_word' id='word_1_456' title='bbox 765 3970 1033 4037; x_wconf 82' lang='grc' dir='ltr'>Ἀγγέλων</span> <span class='ocrx_word' id='word_1_457' title='bbox 1062 3968 1191 4038; x_wconf 87' lang='grc' dir='ltr'>γοῦν</span> <span class='ocrx_word' id='word_1_458' title='bbox 1224 3971 1320 4040; x_wconf 85' lang='grc' dir='ltr'><strong>τὴν</strong></span> <span class='ocrx_word' id='word_1_459' title='bbox 1358 3970 1455 4039; x_wconf 80' lang='grc' dir='ltr'><strong>μὲν</strong></span> <span class='ocrx_word' id='word_1_460' title='bbox 1487 3971 1566 4032; x_wconf 82' lang='grc' dir='ltr'><strong>είς</strong></span> <span class='ocrx_word' id='word_1_461' title='bbox 1598 3969 1657 4021; x_wconf 83' lang='grc' dir='ltr'><strong>τὸ</strong></span> <span class='ocrx_word' id='word_1_462' title='bbox 1692 3964 1830 4022; x_wconf 82' lang='grc' dir='ltr'>εἶναι</span> 
     </span>
    </p>
   </div>
   <div class='ocr_carea' id='block_1_59' title="bbox 259 4061 1831 4133">
    <p class='ocr_par' dir='ltr' id='par_1_59' title="bbox 259 4061 1831 4133">
     <span class='ocr_line' id='line_1_59' title="bbox 259 4061 1831 4133; baseline 0.001 -21"><span class='ocrx_word' id='word_1_463' title='bbox 259 4061 489 4131; x_wconf 80' lang='grc' dir='ltr'>πάροδον</span> <span class='ocrx_word' id='word_1_464' title='bbox 538 4064 566 4115; x_wconf 91' lang='lat'><strong>6</strong></span> <span class='ocrx_word' id='word_1_465' title='bbox 618 4061 944 4133; x_wconf 83' lang='grc' dir='ltr'>δημιουργὸς</span> <span class='ocrx_word' id='word_1_466' title='bbox 995 4061 1167 4128; x_wconf 84' lang='grc' dir='ltr'>Λόγος</span> <span class='ocrx_word' id='word_1_467' title='bbox 1217 4064 1245 4113; x_wconf 92' lang='lat'><strong>6</strong></span> <span class='ocrx_word' id='word_1_468' title='bbox 1282 4063 1510 4131; x_wconf 85' lang='grc' dir='ltr'>ποιητὴς</span> <span class='ocrx_word' id='word_1_469' title='bbox 1550 4061 1658 4114; x_wconf 82' lang='grc' dir='ltr'><strong>τῶν</strong></span> <span class='ocrx_word' id='word_1_470' title='bbox 1696 4062 1831 4115; x_wconf 81' lang='grc' dir='ltr'>ὅλων</span> 
     </span>
    </p>
   </div>
   <div class='ocr_carea' id='block_1_60' title="bbox 259 4150 1831 4221">
    <p class='ocr_par' dir='ltr' id='par_1_60' title="bbox 259 4150 1831 4221">
     <span class='ocr_line' id='line_1_60' title="bbox 259 4150 1831 4221; baseline 0.001 -18"><span class='ocrx_word' id='word_1_471' title='bbox 259 4153 575 4216; x_wconf 75' lang='grc' dir='ltr'>παρείχετο·</span> <span class='ocrx_word' id='word_1_472' title='bbox 612 4152 703 4204; x_wconf 75' lang='grc' dir='ltr'>τὸν</span> <span class='ocrx_word' id='word_1_473' title='bbox 763 4152 1028 4220; x_wconf 86' lang='grc' dir='ltr'>ἁγιασμὸν</span> <span class='ocrx_word' id='word_1_474' title='bbox 1080 4151 1135 4202; x_wconf 84' lang='grc' dir='ltr'><strong>δὲ</strong></span> <span class='ocrx_word' id='word_1_475' title='bbox 1179 4152 1358 4214; x_wconf 72' lang='grc' dir='ltr'>αὐτοῖς</span> <span class='ocrx_word' id='word_1_476' title='bbox 1402 4150 1461 4203; x_wconf 86' lang='grc' dir='ltr'>τὸ</span> <span class='ocrx_word' id='word_1_477' title='bbox 1506 4151 1725 4221; x_wconf 83' lang='grc' dir='ltr'>Πνεῦμα</span> <span class='ocrx_word' id='word_1_478' title='bbox 1770 4153 1831 4206; x_wconf 83' lang='grc' dir='ltr'><strong>τὸ</strong></span> 
     </span>
    </p>
   </div>
   <div class='ocr_carea' id='block_1_61' title="bbox 260 4238 1832 4311">
    <p class='ocr_par' dir='ltr' id='par_1_61' title="bbox 260 4238 1832 4311">
     <span class='ocr_line' id='line_1_61' title="bbox 260 4238 1832 4311; baseline -0.001 -17"><span class='ocrx_word' id='word_1_479' title='bbox 260 4241 413 4308; x_wconf 75' lang='grc' dir='ltr'>ἅγιον</span> <span class='ocrx_word' id='word_1_480' title='bbox 442 4241 823 4311; x_wconf 74' lang='grc' dir='ltr'>συνεπέφερεν.</span> <span class='ocrx_word' id='word_1_481' title='bbox 860 4241 934 4291; x_wconf 81' lang='grc' dir='ltr'><strong>Οὐ</strong></span> <span class='ocrx_word' id='word_1_482' title='bbox 970 4238 1078 4307; x_wconf 83' lang='grc' dir='ltr'><strong>γὰρ</strong></span> <span class='ocrx_word' id='word_1_483' title='bbox 1110 4241 1288 4310; x_wconf 84' lang='grc' dir='ltr'>νήπιοι</span> <span class='ocrx_word' id='word_1_484' title='bbox 1319 4238 1626 4301; x_wconf 77' lang='grc' dir='ltr'>κτισῡέντες</span> <span class='ocrx_word' id='word_1_485' title='bbox 1660 4242 1708 4291; x_wconf 81' lang='lat' dir='ltr'><strong>oi.</strong></span> <span class='ocrx_word' id='word_1_486' title='bbox 1731 4239 1832 4307; x_wconf 82' lang='grc' dir='ltr'><strong>ἄγ-</strong></span> 
     </span>
    </p>
   </div>
   <div class='ocr_carea' id='block_1_62' title="bbox 259 4325 1833 4398">
    <p class='ocr_par' dir='ltr' id='par_1_62' title="bbox 259 4325 1833 4398">
     <span class='ocr_line' id='line_1_62' title="bbox 259 4325 1833 4398; baseline 0 -19"><span class='ocrx_word' id='word_1_487' title='bbox 259 4328 427 4395; x_wconf 79' lang='grc' dir='ltr'>γελοι,</span> <span class='ocrx_word' id='word_1_488' title='bbox 466 4325 582 4379; x_wconf 80' lang='grc' dir='ltr'>εἶτα</span> <span class='ocrx_word' id='word_1_489' title='bbox 616 4326 988 4388; x_wconf 83' lang='grc' dir='ltr'>τελειωθέντες</span> <span class='ocrx_word' id='word_1_490' title='bbox 1013 4330 1081 4398; x_wconf 78' lang='grc' dir='ltr'>τῇ</span> <span class='ocrx_word' id='word_1_491' title='bbox 1114 4329 1230 4379; x_wconf 84' lang='grc' dir='ltr'>κατ’</span> <span class='ocrx_word' id='word_1_492' title='bbox 1263 4328 1442 4395; x_wconf 83' lang='grc' dir='ltr'>ὀλίγον</span> <span class='ocrx_word' id='word_1_493' title='bbox 1486 4327 1706 4397; x_wconf 81' lang='grc' dir='ltr'>μελέτῃ,</span> <span class='ocrx_word' id='word_1_494' title='bbox 1743 4327 1833 4379; x_wconf 84' lang='grc' dir='ltr'>οῦ-</span> 
     </span>
    </p>
   </div>
   <div class='ocr_carea' id='block_1_63' title="bbox 257 4417 1827 4489">
    <p class='ocr_par' dir='ltr' id='par_1_63' title="bbox 257 4417 1827 4489">
     <span class='ocr_line' id='line_1_63' title="bbox 257 4417 1827 4489; baseline -0.001 -17"><span class='ocrx_word' id='word_1_495' title='bbox 257 4436 366 4482; x_wconf 85' lang='grc' dir='ltr'><strong>τως</strong></span> <span class='ocrx_word' id='word_1_496' title='bbox 408 4418 546 4485; x_wconf 77' lang='grc' dir='ltr'>ἄξιοι</span> <span class='ocrx_word' id='word_1_497' title='bbox 581 4418 682 4488; x_wconf 84' lang='grc' dir='ltr'>τῆς</span> <span class='ocrx_word' id='word_1_498' title='bbox 724 4417 813 4471; x_wconf 90' lang='grc' dir='ltr'><strong>τοῦ</strong></span> <span class='ocrx_word' id='word_1_499' title='bbox 845 4418 1159 4487; x_wconf 86' lang='grc' dir='ltr'>Πνεύματος</span> <span class='ocrx_word' id='word_1_500' title='bbox 1208 4418 1470 4489; x_wconf 74' lang='grc' dir='ltr'>ὑποδοχῆς</span> <span class='ocrx_word' id='word_1_501' title='bbox 1511 4419 1827 4487; x_wconf 80' lang='grc' dir='ltr'>γεγόνασιν·</span> 
     </span>
    </p>
   </div>
   <div class='ocr_carea' id='block_1_64' title="bbox 258 4507 1829 4580">
    <p class='ocr_par' dir='ltr' id='par_1_64' title="bbox 258 4507 1829 4580">
     <span class='ocr_line' id='line_1_64' title="bbox 258 4507 1829 4580; baseline 0 -19"><span class='ocrx_word' id='word_1_502' title='bbox 258 4508 373 4561; x_wconf 84' lang='grc' dir='ltr'>ἀλλ’</span> <span class='ocrx_word' id='word_1_503' title='bbox 402 4510 459 4561; x_wconf 83' lang='grc' dir='ltr'>ὲν</span> <span class='ocrx_word' id='word_1_504' title='bbox 490 4511 553 4579; x_wconf 84' lang='grc' dir='ltr'>τῇ</span> <span class='ocrx_word' id='word_1_505' title='bbox 592 4507 782 4580; x_wconf 84' lang='grc' dir='ltr'>πρώτῃ</span> <span class='ocrx_word' id='word_1_506' title='bbox 814 4508 1067 4559; x_wconf 84' lang='grc' dir='ltr'>συστάσει</span> <span class='ocrx_word' id='word_1_507' title='bbox 1111 4510 1205 4561; x_wconf 79' lang='grc' dir='ltr'><strong>καὶ</strong></span> <span class='ocrx_word' id='word_1_508' title='bbox 1236 4508 1313 4579; x_wconf 80' lang='grc' dir='ltr'>τῷ</span> <span class='ocrx_word' id='word_1_509' title='bbox 1354 4508 1513 4560; x_wconf 72' lang='grc' dir='ltr'>οἱονεὶ</span> <span class='ocrx_word' id='word_1_510' title='bbox 1552 4509 1829 4579; x_wconf 83' lang='grc' dir='ltr'>φυράματι</span> 
     </span>
    </p>
   </div>
   <div class='ocr_carea' id='block_1_65' title="bbox 257 4600 1830 4674">
    <p class='ocr_par' dir='ltr' id='par_1_65' title="bbox 257 4600 1830 4674">
     <span class='ocr_line' id='line_1_65' title="bbox 257 4600 1830 4674; baseline 0.001 -22"><span class='ocrx_word' id='word_1_511' title='bbox 257 4602 357 4671; x_wconf 85' lang='grc' dir='ltr'>τῆς</span> <span class='ocrx_word' id='word_1_512' title='bbox 387 4602 571 4664; x_wconf 85' lang='grc' dir='ltr'>οὐσίας</span> <span class='ocrx_word' id='word_1_513' title='bbox 616 4600 793 4654; x_wconf 76' lang='grc' dir='ltr'>αὐτῶν</span> <span class='ocrx_word' id='word_1_514' title='bbox 836 4600 1368 4671; x_wconf 78' lang='grc' dir='ltr'>συγκαταὸληθεῖσαν</span> <span class='ocrx_word' id='word_1_515' title='bbox 1413 4600 1489 4670; x_wconf 88' lang='grc'><strong>(9)</strong></span> <span class='ocrx_word' id='word_1_516' title='bbox 1533 4601 1687 4672; x_wconf 77' lang='grc' dir='ltr'>ἔσχον</span> <span class='ocrx_word' id='word_1_517' title='bbox 1730 4604 1830 4674; x_wconf 83' lang='grc' dir='ltr'>τὴν</span> 
     </span>
    </p>
   </div>
   <div class='ocr_carea' id='block_1_66' title="bbox 258 4690 1831 4761">
    <p class='ocr_par' dir='ltr' id='par_1_66' title="bbox 258 4690 1831 4761">
     <span class='ocr_line' id='line_1_66' title="bbox 258 4690 1831 4761; baseline 0.001 -18"><span class='ocrx_word' id='word_1_518' title='bbox 258 4692 536 4761; x_wconf 83' lang='grc' dir='ltr'>ἁγιότητα.</span> <span class='ocrx_word' id='word_1_519' title='bbox 563 4691 653 4742; x_wconf 84' lang='grc' dir='ltr'>Διὸ</span> <span class='ocrx_word' id='word_1_520' title='bbox 676 4691 768 4742; x_wconf 76' lang='grc' dir='ltr'><strong>καὶ</strong></span> <span class='ocrx_word' id='word_1_521' title='bbox 799 4690 1181 4759; x_wconf 83' lang='grc' dir='ltr'>δυσμετάθετοί</span> <span class='ocrx_word' id='word_1_522' title='bbox 1210 4692 1314 4743; x_wconf 75' lang='grc' dir='ltr'>εἱσι</span> <span class='ocrx_word' id='word_1_523' title='bbox 1342 4690 1477 4760; x_wconf 86' lang='grc' dir='ltr'>πρὸς</span> <span class='ocrx_word' id='word_1_524' title='bbox 1498 4692 1715 4758; x_wconf 74' lang='grc' dir='ltr'>κακίαν,</span> <span class='ocrx_word' id='word_1_525' title='bbox 1742 4694 1831 4744; x_wconf 83' lang='grc' dir='ltr'>εὑ-</span> 
     </span>
    </p>
   </div>
   <div class='ocr_carea' id='block_1_67' title="bbox 1931 1951 3494 2023">
    <p class='ocr_par' dir='ltr' id='par_1_67' title="bbox 1931 1951 3494 2023">
     <span class='ocr_line' id='line_1_67' title="bbox 1931 1951 3494 2023; baseline -0.003 -16"><span class='ocrx_word' id='word_1_526' title='bbox 1931 1955 2096 2023; x_wconf 86' lang='lat' dir='ltr'><strong>igitur</strong></span> <span class='ocrx_word' id='word_1_527' title='bbox 2126 1952 2360 2007; x_wconf 73' lang='lat' dir='ltr'><strong>Verbum</strong></span> <span class='ocrx_word' id='word_1_528' title='bbox 2405 1952 2585 2020; x_wconf 81' lang='lat' dir='ltr'><strong>opifex</strong></span> <span class='ocrx_word' id='word_1_529' title='bbox 2624 1952 2860 2006; x_wconf 83' lang='lat' dir='ltr'><strong>ﬁrmavit</strong></span> <span class='ocrx_word' id='word_1_530' title='bbox 2900 1953 3113 2020; x_wconf 81' lang='lat' dir='ltr'><strong>coelum,</strong></span> <span class='ocrx_word' id='word_1_531' title='bbox 3145 1954 3225 2007; x_wconf 91' lang='lat' dir='ltr'><strong>sic</strong></span> <span class='ocrx_word' id='word_1_532' title='bbox 3262 1951 3494 2020; x_wconf 81' lang='lat' dir='ltr'><strong>Spiritus</strong></span> 
     </span>
    </p>
   </div>
   <div class='ocr_carea' id='block_1_68' title="bbox 1927 2042 3490 2113">
    <p class='ocr_par' dir='ltr' id='par_1_68' title="bbox 1927 2042 3490 2113">
     <span class='ocr_line' id='line_1_68' title="bbox 1927 2042 3490 2113; baseline -0.001 -18"><span class='ocrx_word' id='word_1_533' title='bbox 1927 2044 2019 2112; x_wconf 91' lang='lat' dir='ltr'><strong>qui</strong></span> <span class='ocrx_word' id='word_1_534' title='bbox 2056 2057 2122 2095; x_wconf 80' lang='lat' dir='ltr'><strong>ex</strong></span> <span class='ocrx_word' id='word_1_535' title='bbox 2153 2043 2281 2106; x_wconf 91' lang='lat' dir='ltr'><strong>Deo,</strong></span> <span class='ocrx_word' id='word_1_536' title='bbox 2314 2045 2404 2112; x_wconf 92' lang='lat' dir='ltr'><strong>qui</strong></span> <span class='ocrx_word' id='word_1_537' title='bbox 2434 2059 2463 2095; x_wconf 89' lang='lat' dir='ltr'><strong>a</strong></span> <span class='ocrx_word' id='word_1_538' title='bbox 2501 2044 2661 2098; x_wconf 85' lang='lat' dir='ltr'><strong>Patre</strong></span> <span class='ocrx_word' id='word_1_539' title='bbox 2697 2044 2956 2113; x_wconf 88' lang='lat' dir='ltr'><strong>procedit,</strong></span> <span class='ocrx_word' id='word_1_540' title='bbox 2985 2045 3085 2098; x_wconf 83' lang='lat' dir='ltr'><strong>hoc</strong></span> <span class='ocrx_word' id='word_1_541' title='bbox 3131 2053 3232 2108; x_wconf 89' lang='lat' dir='ltr'><strong>est,</strong></span> <span class='ocrx_word' id='word_1_542' title='bbox 3282 2042 3373 2111; x_wconf 92' lang='lat' dir='ltr'><strong>qui</strong></span> <span class='ocrx_word' id='word_1_543' title='bbox 3425 2057 3490 2096; x_wconf 77' lang='lat' dir='ltr'><strong>ex</strong></span> 
     </span>
    </p>
   </div>
   <div class='ocr_carea' id='block_1_69' title="bbox 1927 2132 3481 2204">
    <p class='ocr_par' dir='ltr' id='par_1_69' title="bbox 1927 2132 3481 2204">
     <span class='ocr_line' id='line_1_69' title="bbox 1927 2132 3481 2204; baseline -0.001 -16"><span class='ocrx_word' id='word_1_544' title='bbox 1927 2149 2022 2188; x_wconf 86' lang='lat' dir='ltr'><strong>ore</strong></span> <span class='ocrx_word' id='word_1_545' title='bbox 2062 2132 2202 2186; x_wconf 90' lang='lat' dir='ltr'><strong>illius</strong></span> <span class='ocrx_word' id='word_1_546' title='bbox 2223 2144 2306 2188; x_wconf 90' lang='lat' dir='ltr'><strong>est</strong></span> <span class='ocrx_word' id='word_1_547' title='bbox 2336 2135 2509 2204; x_wconf 92' lang='lat' dir='ltr'><strong>(utne</strong></span> <span class='ocrx_word' id='word_1_548' title='bbox 2535 2135 2709 2203; x_wconf 90' lang='lat' dir='ltr'><strong>ipsum</strong></span> <span class='ocrx_word' id='word_1_549' title='bbox 2741 2150 3020 2189; x_wconf 67' lang='lat' dir='ltr'><strong>cateruam</strong></span> <span class='ocrx_word' id='word_1_550' title='bbox 3051 2136 3337 2201; x_wconf 86' lang='lat' dir='ltr'><strong>quamdam</strong></span> <span class='ocrx_word' id='word_1_551' title='bbox 3369 2150 3481 2187; x_wconf 90' lang='lat' dir='ltr'><strong>rem</strong></span> 
     </span>
    </p>
   </div>
   <div class='ocr_carea' id='block_1_70' title="bbox 1925 2226 3489 2296">
    <p class='ocr_par' dir='ltr' id='par_1_70' title="bbox 1925 2226 3489 2296">
     <span class='ocr_line' id='line_1_70' title="bbox 1925 2226 3489 2296; baseline -0.002 -14"><span class='ocrx_word' id='word_1_552' title='bbox 1925 2236 2020 2282; x_wconf 88' lang='lat' dir='ltr'><strong>aut</strong></span> <span class='ocrx_word' id='word_1_553' title='bbox 2050 2237 2353 2281; x_wconf 88' lang='lat' dir='ltr'><strong>creaturam</strong></span> <span class='ocrx_word' id='word_1_554' title='bbox 2398 2241 2520 2281; x_wconf 88' lang='lat' dir='ltr'><strong>esse</strong></span> <span class='ocrx_word' id='word_1_555' title='bbox 2536 2226 2765 2295; x_wconf 86' lang='lat' dir='ltr'><strong>judices,</strong></span> <span class='ocrx_word' id='word_1_556' title='bbox 2812 2227 2904 2280; x_wconf 86' lang='lat' dir='ltr'><strong>sed</strong></span> <span class='ocrx_word' id='word_1_557' title='bbox 2948 2236 3201 2294; x_wconf 81' lang='lat' dir='ltr'><strong>tanquam</strong></span> <span class='ocrx_word' id='word_1_558' title='bbox 3237 2227 3489 2296; x_wconf 85' lang='lat' dir='ltr'><strong>hyposta—</strong></span> 
     </span>
    </p>
   </div>
   <div class='ocr_carea' id='block_1_71' title="bbox 1926 2317 3497 2391">
    <p class='ocr_par' dir='ltr' id='par_1_71' title="bbox 1926 2317 3497 2391">
     <span class='ocr_line' id='line_1_71' title="bbox 1926 2317 3497 2391; baseline -0.001 -18"><span class='ocrx_word' id='word_1_559' title='bbox 1926 2321 2027 2373; x_wconf 89' lang='lat' dir='ltr'><strong>sim</strong></span> <span class='ocrx_word' id='word_1_560' title='bbox 2059 2336 2121 2373; x_wconf 85' lang='lat' dir='ltr'><strong>ex</strong></span> <span class='ocrx_word' id='word_1_561' title='bbox 2156 2320 2263 2374; x_wconf 91' lang='lat' dir='ltr'><strong>Deo</strong></span> <span class='ocrx_word' id='word_1_562' title='bbox 2314 2320 2600 2375; x_wconf 85' lang='lat' dir='ltr'><strong>habentem</strong></span> <span class='ocrx_word' id='word_1_563' title='bbox 2645 2319 2958 2391; x_wconf 82' lang='lat' dir='ltr'><strong>gloriﬁces),</strong></span> <span class='ocrx_word' id='word_1_564' title='bbox 3008 2334 3196 2375; x_wconf 85' lang='lat' dir='ltr'><strong>Omnes</strong></span> <span class='ocrx_word' id='word_1_565' title='bbox 3241 2317 3357 2387; x_wconf 87' lang='lat' dir='ltr'><strong>ejus</strong></span> <span class='ocrx_word' id='word_1_566' title='bbox 3388 2319 3497 2371; x_wconf 84' lang='lat' dir='ltr'><strong>vir-</strong></span> 
     </span>
    </p>
   </div>
   <div class='ocr_carea' id='block_1_72' title="bbox 1928 2407 3498 2480">
    <p class='ocr_par' dir='ltr' id='par_1_72' title="bbox 1928 2407 3498 2480">
     <span class='ocr_line' id='line_1_72' title="bbox 1928 2407 3498 2480; baseline -0.002 -18"><span class='ocrx_word' id='word_1_567' title='bbox 1928 2419 2069 2462; x_wconf 88' lang='lat' dir='ltr'><strong>tutes</strong></span> <span class='ocrx_word' id='word_1_568' title='bbox 2093 2409 2254 2463; x_wconf 87' lang='lat' dir='ltr'><strong>simul</strong></span> <span class='ocrx_word' id='word_1_569' title='bbox 2279 2410 2477 2463; x_wconf 88' lang='lat' dir='ltr'><strong>intulit.</strong></span> <span class='ocrx_word' id='word_1_570' title='bbox 2501 2410 2684 2480; x_wconf 82' lang='lat' dir='ltr'><strong>Itaque</strong></span> <span class='ocrx_word' id='word_1_571' title='bbox 2713 2411 2949 2466; x_wconf 65' lang='lat' dir='ltr'><strong>caelestis</strong></span> <span class='ocrx_word' id='word_1_572' title='bbox 2969 2410 3147 2464; x_wconf 84' lang='lat' dir='ltr'><strong>omnis</strong></span> <span class='ocrx_word' id='word_1_573' title='bbox 3174 2411 3344 2463; x_wconf 87' lang='lat' dir='ltr'><strong>virtus</strong></span> <span class='ocrx_word' id='word_1_574' title='bbox 3376 2407 3498 2477; x_wconf 83' lang='lat' dir='ltr'><strong>Spi-</strong></span> 
     </span>
    </p>
   </div>
   <div class='ocr_carea' id='block_1_73' title="bbox 1927 2502 3494 2566">
    <p class='ocr_par' dir='ltr' id='par_1_73' title="bbox 1927 2502 3494 2566">
     <span class='ocr_line' id='line_1_73' title="bbox 1927 2502 3494 2566; baseline -0.004 -11"><span class='ocrx_word' id='word_1_575' title='bbox 1927 2502 2034 2555; x_wconf 89' lang='lat' dir='ltr'><strong>ritu</strong></span> <span class='ocrx_word' id='word_1_576' title='bbox 2085 2502 2298 2555; x_wconf 84' lang='lat' dir='ltr'><strong>ﬁrmata</strong></span> <span class='ocrx_word' id='word_1_577' title='bbox 2332 2512 2417 2555; x_wconf 89' lang='lat' dir='ltr'><strong>est</strong></span> <span class='ocrx_word' id='word_1_578' title='bbox 2450 2518 2465 2555; x_wconf 87' lang='lat'><strong>:</strong></span> <span class='ocrx_word' id='word_1_579' title='bbox 2502 2502 2602 2555; x_wconf 93' lang='lat' dir='ltr'><strong>hoc</strong></span> <span class='ocrx_word' id='word_1_580' title='bbox 2640 2514 2742 2566; x_wconf 87' lang='lat' dir='ltr'><strong>est,</strong></span> <span class='ocrx_word' id='word_1_581' title='bbox 2774 2502 3121 2565; x_wconf 86' lang='lat' dir='ltr'><strong>soliditatem,</strong></span> <span class='ocrx_word' id='word_1_582' title='bbox 3156 2502 3494 2553; x_wconf 79' lang='lat' dir='ltr'><strong>ﬁrmitatem-</strong></span> 
     </span>
    </p>
   </div>
   <div class='ocr_carea' id='block_1_74' title="bbox 1932 2591 3498 2662">
    <p class='ocr_par' dir='ltr' id='par_1_74' title="bbox 1932 2591 3498 2662">
     <span class='ocr_line' id='line_1_74' title="bbox 1932 2591 3498 2662; baseline -0.003 -15"><span class='ocrx_word' id='word_1_583' title='bbox 1932 2607 2037 2662; x_wconf 90' lang='lat' dir='ltr'><strong>que</strong></span> <span class='ocrx_word' id='word_1_584' title='bbox 2070 2602 2125 2647; x_wconf 90' lang='lat' dir='ltr'><strong>et</strong></span> <span class='ocrx_word' id='word_1_585' title='bbox 2164 2594 2550 2657; x_wconf 83' lang='lat' dir='ltr'><strong>constantiam,</strong></span> <span class='ocrx_word' id='word_1_586' title='bbox 2581 2593 2633 2647; x_wconf 93' lang='lat' dir='ltr'><strong>in</strong></span> <span class='ocrx_word' id='word_1_587' title='bbox 2676 2592 2986 2656; x_wconf 87' lang='lat' dir='ltr'><strong>sanctitate,</strong></span> <span class='ocrx_word' id='word_1_588' title='bbox 3015 2602 3070 2646; x_wconf 89' lang='lat' dir='ltr'><strong>et</strong></span> <span class='ocrx_word' id='word_1_589' title='bbox 3116 2592 3262 2644; x_wconf 87' lang='lat' dir='ltr'><strong>omni</strong></span> <span class='ocrx_word' id='word_1_590' title='bbox 3295 2591 3498 2644; x_wconf 73' lang='lat' dir='ltr'><strong>virtute</strong></span> 
     </span>
    </p>
   </div>
   <div class='ocr_carea' id='block_1_75' title="bbox 1929 2681 3501 2755">
    <p class='ocr_par' dir='ltr' id='par_1_75' title="bbox 1929 2681 3501 2755">
     <span class='ocr_line' id='line_1_75' title="bbox 1929 2681 3501 2755; baseline -0.003 -16"><span class='ocrx_word' id='word_1_591' title='bbox 1929 2687 2104 2740; x_wconf 88' lang='lat' dir='ltr'><strong>sacris</strong></span> <span class='ocrx_word' id='word_1_592' title='bbox 2136 2684 2500 2755; x_wconf 86' lang='lat' dir='ltr'><strong>potestatibus</strong></span> <span class='ocrx_word' id='word_1_593' title='bbox 2533 2684 2909 2745; x_wconf 86' lang='lat' dir='ltr'><strong>conveniente,</strong></span> <span class='ocrx_word' id='word_1_594' title='bbox 2937 2697 3002 2736; x_wconf 83' lang='lat' dir='ltr'><strong>ex</strong></span> <span class='ocrx_word' id='word_1_595' title='bbox 3036 2681 3272 2752; x_wconf 88' lang='lat' dir='ltr'><strong>Spiritus</strong></span> <span class='ocrx_word' id='word_1_596' title='bbox 3299 2681 3501 2735; x_wconf 79' lang='lat' dir='ltr'><strong>auxilio</strong></span> 
     </span>
    </p>
   </div>
   <div class='ocr_carea' id='block_1_76' title="bbox 1930 2773 3498 2847">
    <p class='ocr_par' dir='ltr' id='par_1_76' title="bbox 1930 2773 3498 2847">
     <span class='ocr_line' id='line_1_76' title="bbox 1930 2773 3498 2847; baseline -0.004 -15"><span class='ocrx_word' id='word_1_597' title='bbox 1930 2779 2110 2832; x_wconf 84' lang='lat' dir='ltr'><strong>habet.</strong></span> <span class='ocrx_word' id='word_1_598' title='bbox 2167 2777 2269 2831; x_wconf 90' lang='lat' dir='ltr'><strong>Hic</strong></span> <span class='ocrx_word' id='word_1_599' title='bbox 2297 2777 2459 2847; x_wconf 89' lang='lat' dir='ltr'><strong>igitur</strong></span> <span class='ocrx_word' id='word_1_600' title='bbox 2494 2775 2731 2845; x_wconf 89' lang='lat' dir='ltr'><strong>Spiritus</strong></span> <span class='ocrx_word' id='word_1_601' title='bbox 2782 2775 2896 2828; x_wconf 85' lang='lat' dir='ltr'><strong>oris</strong></span> <span class='ocrx_word' id='word_1_602' title='bbox 2941 2773 3058 2840; x_wconf 82' lang='lat' dir='ltr'><strong>ejus</strong></span> <span class='ocrx_word' id='word_1_603' title='bbox 3109 2773 3343 2841; x_wconf 90' lang='lat' dir='ltr'><strong>scriptus</strong></span> <span class='ocrx_word' id='word_1_604' title='bbox 3392 2784 3498 2826; x_wconf 85' lang='lat' dir='ltr'><strong>est.</strong></span> 
     </span>
    </p>
   </div>
   <div class='ocr_carea' id='block_1_77' title="bbox 1930 2865 3502 2937">
    <p class='ocr_par' dir='ltr' id='par_1_77' title="bbox 1930 2865 3502 2937">
     <span class='ocr_line' id='line_1_77' title="bbox 1930 2865 3502 2937; baseline -0.001 -15"><span class='ocrx_word' id='word_1_605' title='bbox 1930 2869 2264 2923; x_wconf 84' lang='lat' dir='ltr'><strong>Inveniemus</strong></span> <span class='ocrx_word' id='word_1_606' title='bbox 2287 2881 2467 2923; x_wconf 86' lang='lat' dir='ltr'><strong>autem</strong></span> <span class='ocrx_word' id='word_1_607' title='bbox 2498 2868 2627 2922; x_wconf 91' lang='lat' dir='ltr'><strong>alibi</strong></span> <span class='ocrx_word' id='word_1_608' title='bbox 2658 2878 2714 2922; x_wconf 94' lang='lat' dir='ltr'><strong>et</strong></span> <span class='ocrx_word' id='word_1_609' title='bbox 2736 2867 2971 2922; x_wconf 83' lang='lat' dir='ltr'><strong>Verbum</strong></span> <span class='ocrx_word' id='word_1_610' title='bbox 3000 2869 3112 2922; x_wconf 85' lang='lat' dir='ltr'><strong>oris</strong></span> <span class='ocrx_word' id='word_1_611' title='bbox 3140 2867 3310 2937; x_wconf 88' lang='lat' dir='ltr'><strong>ipsius</strong></span> <span class='ocrx_word' id='word_1_612' title='bbox 3340 2865 3502 2936; x_wconf 71' lang='lat'><strong>136</strong></span> 
     </span>
    </p>
   </div>
   <div class='ocr_carea' id='block_1_78' title="bbox 1931 2961 3500 3030">
    <p class='ocr_par' dir='ltr' id='par_1_78' title="bbox 1931 2961 3500 3030">
     <span class='ocr_line' id='line_1_78' title="bbox 1931 2961 3500 3030; baseline -0.004 -13"><span class='ocrx_word' id='word_1_613' title='bbox 1931 2962 2157 3024; x_wconf 90' lang='lat' dir='ltr'><strong>dictum,</strong></span> <span class='ocrx_word' id='word_1_614' title='bbox 2210 2973 2266 3015; x_wconf 89' lang='lat' dir='ltr'><strong>ut</strong></span> <span class='ocrx_word' id='word_1_615' title='bbox 2313 2961 2647 3030; x_wconf 84' lang='lat' dir='ltr'><strong>intelligatur</strong></span> <span class='ocrx_word' id='word_1_616' title='bbox 2695 2962 2945 3015; x_wconf 84' lang='lat' dir='ltr'><strong>Salvator</strong></span> <span class='ocrx_word' id='word_1_617' title='bbox 2969 2962 3106 3030; x_wconf 87' lang='lat' dir='ltr'><strong>ipse,</strong></span> <span class='ocrx_word' id='word_1_618' title='bbox 3166 2969 3219 3013; x_wconf 87' lang='lat' dir='ltr'><strong>et</strong></span> <span class='ocrx_word' id='word_1_619' title='bbox 3275 2971 3500 3012; x_wconf 83' lang='lat' dir='ltr'><strong>sanctus</strong></span> 
     </span>
    </p>
   </div>
   <div class='ocr_carea' id='block_1_79' title="bbox 1938 3048 3505 3121">
    <p class='ocr_par' dir='ltr' id='par_1_79' title="bbox 1938 3048 3505 3121">
     <span class='ocr_line' id='line_1_79' title="bbox 1938 3048 3505 3121; baseline -0.002 -17"><span class='ocrx_word' id='word_1_620' title='bbox 1938 3050 2057 3120; x_wconf 87' lang='lat' dir='ltr'><strong>ejus</strong></span> <span class='ocrx_word' id='word_1_621' title='bbox 2111 3050 2350 3121; x_wconf 89' lang='lat' dir='ltr'><strong>Spiritus</strong></span> <span class='ocrx_word' id='word_1_622' title='bbox 2382 3066 2448 3105; x_wconf 79' lang='lat' dir='ltr'><strong>ex</strong></span> <span class='ocrx_word' id='word_1_623' title='bbox 2490 3052 2670 3105; x_wconf 85' lang='lat' dir='ltr'><strong>Patre.</strong></span> <span class='ocrx_word' id='word_1_624' title='bbox 2725 3052 2992 3117; x_wconf 83' lang='lat' dir='ltr'><strong>Quoniam</strong></span> <span class='ocrx_word' id='word_1_625' title='bbox 3049 3050 3212 3119; x_wconf 80' lang='lat' dir='ltr'><strong>igitur</strong></span> <span class='ocrx_word' id='word_1_626' title='bbox 3246 3048 3505 3103; x_wconf 87' lang='lat' dir='ltr'><strong>Servator</strong></span> 
     </span>
    </p>
   </div>
   <div class='ocr_carea' id='block_1_80' title="bbox 1938 3142 3504 3211">
    <p class='ocr_par' dir='ltr' id='par_1_80' title="bbox 1938 3142 3504 3211">
     <span class='ocr_line' id='line_1_80' title="bbox 1938 3142 3504 3211; baseline -0.003 -12"><span class='ocrx_word' id='word_1_627' title='bbox 1938 3144 2176 3199; x_wconf 85' lang='lat' dir='ltr'><strong>Verbum</strong></span> <span class='ocrx_word' id='word_1_628' title='bbox 2215 3144 2428 3199; x_wconf 89' lang='lat' dir='ltr'><strong>Domini</strong></span> <span class='ocrx_word' id='word_1_629' title='bbox 2455 3154 2563 3209; x_wconf 89' lang='lat' dir='ltr'><strong>est,</strong></span> <span class='ocrx_word' id='word_1_630' title='bbox 2591 3155 2645 3197; x_wconf 92' lang='lat' dir='ltr'><strong>et</strong></span> <span class='ocrx_word' id='word_1_631' title='bbox 2670 3144 2906 3211; x_wconf 85' lang='lat' dir='ltr'><strong>Spiritus</strong></span> <span class='ocrx_word' id='word_1_632' title='bbox 2935 3153 3154 3197; x_wconf 83' lang='lat' dir='ltr'><strong>sanctus</strong></span> <span class='ocrx_word' id='word_1_633' title='bbox 3180 3142 3292 3196; x_wconf 87' lang='lat' dir='ltr'><strong>oris</strong></span> <span class='ocrx_word' id='word_1_634' title='bbox 3328 3142 3504 3211; x_wconf 87' lang='lat' dir='ltr'><strong>ipsius</strong></span> 
     </span>
    </p>
   </div>
   <div class='ocr_carea' id='block_1_81' title="bbox 1936 3233 3503 3305">
    <p class='ocr_par' dir='ltr' id='par_1_81' title="bbox 1936 3233 3503 3305">
     <span class='ocr_line' id='line_1_81' title="bbox 1936 3233 3503 3305; baseline -0.004 -14"><span class='ocrx_word' id='word_1_635' title='bbox 1936 3238 2166 3299; x_wconf 85' lang='lat' dir='ltr'><strong>Spiritus</strong></span> <span class='ocrx_word' id='word_1_636' title='bbox 2192 3246 2297 3303; x_wconf 87' lang='lat' dir='ltr'><strong>est,</strong></span> <span class='ocrx_word' id='word_1_637' title='bbox 2337 3246 2566 3305; x_wconf 90' lang='lat' dir='ltr'><strong>uterque</strong></span> <span class='ocrx_word' id='word_1_638' title='bbox 2599 3246 2778 3290; x_wconf 88' lang='lat' dir='ltr'><strong>autem</strong></span> <span class='ocrx_word' id='word_1_639' title='bbox 2810 3235 2863 3289; x_wconf 93' lang='lat' dir='ltr'><strong>in</strong></span> <span class='ocrx_word' id='word_1_640' title='bbox 2905 3234 3058 3289; x_wconf 68' lang='lat' dir='ltr'><strong>caelis</strong></span> <span class='ocrx_word' id='word_1_641' title='bbox 3101 3244 3157 3287; x_wconf 92' lang='lat' dir='ltr'><strong>et</strong></span> <span class='ocrx_word' id='word_1_642' title='bbox 3182 3248 3368 3287; x_wconf 89' lang='lat' dir='ltr'><strong>eorum</strong></span> <span class='ocrx_word' id='word_1_643' title='bbox 3392 3233 3503 3285; x_wconf 82' lang='lat' dir='ltr'><strong>vir-</strong></span> 
     </span>
    </p>
   </div>
   <div class='ocr_carea' id='block_1_82' title="bbox 1934 3325 3503 3399">
    <p class='ocr_par' dir='ltr' id='par_1_82' title="bbox 1934 3325 3503 3399">
     <span class='ocr_line' id='line_1_82' title="bbox 1934 3325 3503 3399; baseline -0.003 -16"><span class='ocrx_word' id='word_1_644' title='bbox 1934 3330 2143 3385; x_wconf 91' lang='lat' dir='ltr'><strong>tutibus</strong></span> <span class='ocrx_word' id='word_1_645' title='bbox 2191 3331 2445 3384; x_wconf 89' lang='lat' dir='ltr'><strong>creandis</strong></span> <span class='ocrx_word' id='word_1_646' title='bbox 2499 3332 2704 3399; x_wconf 89' lang='lat' dir='ltr'><strong>pariter</strong></span> <span class='ocrx_word' id='word_1_647' title='bbox 2731 3343 2949 3397; x_wconf 86' lang='lat' dir='ltr'><strong>operam</strong></span> <span class='ocrx_word' id='word_1_648' title='bbox 2991 3325 3247 3389; x_wconf 86' lang='lat' dir='ltr'><strong>contulit,</strong></span> <span class='ocrx_word' id='word_1_649' title='bbox 3301 3325 3503 3378; x_wconf 82' lang='lat' dir='ltr'><strong>idcirco</strong></span> 
     </span>
    </p>
   </div>
   <div class='ocr_carea' id='block_1_83' title="bbox 1933 3414 3500 3487">
    <p class='ocr_par' dir='ltr' id='par_1_83' title="bbox 1933 3414 3500 3487">
     <span class='ocr_line' id='line_1_83' title="bbox 1933 3414 3500 3487; baseline -0.006 -11"><span class='ocrx_word' id='word_1_650' title='bbox 1933 3424 2131 3476; x_wconf 86' lang='lat' dir='ltr'><strong>dictum</strong></span> <span class='ocrx_word' id='word_1_651' title='bbox 2158 3433 2242 3476; x_wconf 87' lang='lat' dir='ltr'><strong>est</strong></span> <span class='ocrx_word' id='word_1_652' title='bbox 2279 3440 2295 3477; x_wconf 94' lang='lat'><strong>:</strong></span> <span class='ocrx_word' id='word_1_653' title='bbox 2336 3421 2500 3475; x_wconf 77' lang='lat' dir='ltr'><strong>Verbo</strong></span> <span class='ocrx_word' id='word_1_654' title='bbox 2534 3422 2742 3474; x_wconf 83' lang='lat' dir='ltr'><strong>Domini</strong></span> <span class='ocrx_word' id='word_1_655' title='bbox 2769 3419 2883 3473; x_wconf 71' lang='lat' dir='ltr'><strong>caeli</strong></span> <span class='ocrx_word' id='word_1_656' title='bbox 2907 3419 3107 3487; x_wconf 80' lang='lat' dir='ltr'><strong>firmati</strong></span> <span class='ocrx_word' id='word_1_657' title='bbox 3134 3428 3274 3481; x_wconf 87' lang='lat' dir='ltr'><strong>sunt,</strong></span> <span class='ocrx_word' id='word_1_658' title='bbox 3304 3428 3350 3470; x_wconf 87' lang='lat' dir='ltr'><strong>et</strong></span> <span class='ocrx_word' id='word_1_659' title='bbox 3380 3414 3500 3483; x_wconf 84' lang='lat' dir='ltr'><strong>Spi-</strong></span> 
     </span>
    </p>
   </div>
   <div class='ocr_carea' id='block_1_84' title="bbox 1934 3509 3503 3582">
    <p class='ocr_par' dir='ltr' id='par_1_84' title="bbox 1934 3509 3503 3582">
     <span class='ocr_line' id='line_1_84' title="bbox 1934 3509 3503 3582; baseline -0.004 -17"><span class='ocrx_word' id='word_1_660' title='bbox 1934 3514 2037 3565; x_wconf 81' lang='lat' dir='ltr'><strong>ritu</strong></span> <span class='ocrx_word' id='word_1_661' title='bbox 2054 3514 2160 3567; x_wconf 85' lang='lat' dir='ltr'><strong>oris</strong></span> <span class='ocrx_word' id='word_1_662' title='bbox 2187 3514 2301 3582; x_wconf 86' lang='lat' dir='ltr'><strong>ejus</strong></span> <span class='ocrx_word' id='word_1_663' title='bbox 2336 3513 2506 3566; x_wconf 84' lang='lat' dir='ltr'><strong>omnis</strong></span> <span class='ocrx_word' id='word_1_664' title='bbox 2538 3514 2701 3567; x_wconf 76' lang='lat' dir='ltr'><strong>virtus</strong></span> <span class='ocrx_word' id='word_1_665' title='bbox 2725 3528 2927 3565; x_wconf 79' lang='lat' dir='ltr'><strong>eorum.</strong></span> <span class='ocrx_word' id='word_1_666' title='bbox 2960 3511 3100 3565; x_wconf 83' lang='lat' dir='ltr'><strong>Nihil</strong></span> <span class='ocrx_word' id='word_1_667' title='bbox 3140 3511 3281 3565; x_wconf 87' lang='lat' dir='ltr'><strong>enim</strong></span> <span class='ocrx_word' id='word_1_668' title='bbox 3304 3509 3503 3561; x_wconf 83' lang='lat' dir='ltr'><strong>sancti-</strong></span> 
     </span>
    </p>
   </div>
   <div class='ocr_carea' id='block_1_85' title="bbox 1936 3601 3495 3679">
    <p class='ocr_par' dir='ltr' id='par_1_85' title="bbox 1936 3601 3495 3679">
     <span class='ocr_line' id='line_1_85' title="bbox 1936 3601 3495 3679; baseline -0.005 -21"><span class='ocrx_word' id='word_1_669' title='bbox 1936 3614 2095 3679; x_wconf 71' lang='lat' dir='ltr'><strong>tatem</strong></span> <span class='ocrx_word' id='word_1_670' title='bbox 2130 3604 2469 3672; x_wconf 83' lang='lat' dir='ltr'><strong>adipiscitur,</strong></span> <span class='ocrx_word' id='word_1_671' title='bbox 2511 3604 2613 3657; x_wconf 88' lang='lat' dir='ltr'><strong>nisi</strong></span> <span class='ocrx_word' id='word_1_672' title='bbox 2647 3619 2740 3670; x_wconf 90' lang='lat' dir='ltr'><strong>per</strong></span> <span class='ocrx_word' id='word_1_673' title='bbox 2772 3602 3006 3673; x_wconf 83' lang='lat' dir='ltr'><strong>Spiritus</strong></span> <span class='ocrx_word' id='word_1_674' title='bbox 3047 3601 3221 3657; x_wconf 86' lang='lat' dir='ltr'><strong>sancti</strong></span> <span class='ocrx_word' id='word_1_675' title='bbox 3258 3614 3495 3669; x_wconf 74' lang='lat' dir='ltr'><strong>praesen-</strong></span> 
     </span>
    </p>
   </div>
   <div class='ocr_carea' id='block_1_86' title="bbox 1934 3691 3502 3763">
    <p class='ocr_par' dir='ltr' id='par_1_86' title="bbox 1934 3691 3502 3763">
     <span class='ocr_line' id='line_1_86' title="bbox 1934 3691 3502 3763; baseline -0.004 -15"><span class='ocrx_word' id='word_1_676' title='bbox 1934 3696 2082 3748; x_wconf 90' lang='lat' dir='ltr'><strong>tiam.</strong></span> <span class='ocrx_word' id='word_1_677' title='bbox 2131 3693 2315 3763; x_wconf 82' lang='lat' dir='ltr'><strong>Itaque</strong></span> <span class='ocrx_word' id='word_1_678' title='bbox 2345 3697 2487 3763; x_wconf 88' lang='lat' dir='ltr'><strong>quod</strong></span> <span class='ocrx_word' id='word_1_679' title='bbox 2542 3695 2715 3763; x_wconf 82' lang='lat' dir='ltr'><strong>angeli</strong></span> <span class='ocrx_word' id='word_1_680' title='bbox 2766 3704 2913 3756; x_wconf 89' lang='lat' dir='ltr'><strong>sunt,</strong></span> <span class='ocrx_word' id='word_1_681' title='bbox 2973 3694 3041 3747; x_wconf 90' lang='lat' dir='ltr'><strong>ab</strong></span> <span class='ocrx_word' id='word_1_682' title='bbox 3088 3694 3281 3761; x_wconf 86' lang='lat' dir='ltr'><strong>opilice</strong></span> <span class='ocrx_word' id='word_1_683' title='bbox 3326 3691 3502 3744; x_wconf 79' lang='lat' dir='ltr'><strong>Verbo</strong></span> 
     </span>
    </p>
   </div>
   <div class='ocr_carea' id='block_1_87' title="bbox 1933 3780 3503 3840">
    <p class='ocr_par' dir='ltr' id='par_1_87' title="bbox 1933 3780 3503 3840">
     <span class='ocr_line' id='line_1_87' title="bbox 1933 3780 3503 3840; baseline -0.003 -3"><span class='ocrx_word' id='word_1_684' title='bbox 1933 3785 2308 3839; x_wconf 85' lang='lat' dir='ltr'><strong>universorum</strong></span> <span class='ocrx_word' id='word_1_685' title='bbox 2341 3785 2619 3840; x_wconf 90' lang='lat' dir='ltr'><strong>conditore</strong></span> <span class='ocrx_word' id='word_1_686' title='bbox 2664 3785 2868 3839; x_wconf 88' lang='lat' dir='ltr'><strong>habent</strong></span> <span class='ocrx_word' id='word_1_687' title='bbox 2914 3801 2928 3837; x_wconf 89' lang='lat'><strong>:</strong></span> <span class='ocrx_word' id='word_1_688' title='bbox 2971 3783 3049 3836; x_wconf 84' lang='lat' dir='ltr'><strong>eis</strong></span> <span class='ocrx_word' id='word_1_689' title='bbox 3084 3798 3210 3836; x_wconf 89' lang='lat' dir='ltr'><strong>vero</strong></span> <span class='ocrx_word' id='word_1_690' title='bbox 3245 3780 3503 3835; x_wconf 85' lang='lat' dir='ltr'><strong>sanetita-</strong></span> 
     </span>
    </p>
   </div>
   <div class='ocr_carea' id='block_1_88' title="bbox 1934 3871 3504 3945">
    <p class='ocr_par' dir='ltr' id='par_1_88' title="bbox 1934 3871 3504 3945">
     <span class='ocr_line' id='line_1_88' title="bbox 1934 3871 3504 3945; baseline -0.004 -16"><span class='ocrx_word' id='word_1_691' title='bbox 1934 3887 2039 3930; x_wconf 84' lang='lat' dir='ltr'><strong>tem</strong></span> <span class='ocrx_word' id='word_1_692' title='bbox 2074 3876 2310 3945; x_wconf 87' lang='lat' dir='ltr'><strong>Spiritus</strong></span> <span class='ocrx_word' id='word_1_693' title='bbox 2342 3890 2563 3933; x_wconf 87' lang='lat' dir='ltr'><strong>sanctus</strong></span> <span class='ocrx_word' id='word_1_694' title='bbox 2611 3876 2922 3945; x_wconf 88' lang='lat' dir='ltr'><strong>impertivit.</strong></span> <span class='ocrx_word' id='word_1_695' title='bbox 2951 3872 3067 3929; x_wconf 85' lang='lat' dir='ltr'><strong>Non</strong></span> <span class='ocrx_word' id='word_1_696' title='bbox 3094 3875 3237 3929; x_wconf 90' lang='lat' dir='ltr'><strong>enim</strong></span> <span class='ocrx_word' id='word_1_697' title='bbox 3274 3871 3504 3924; x_wconf 78' lang='lat' dir='ltr'><strong>infantes</strong></span> 
     </span>
    </p>
   </div>
   <div class='ocr_carea' id='block_1_89' title="bbox 1933 3965 3503 4037">
    <p class='ocr_par' dir='ltr' id='par_1_89' title="bbox 1933 3965 3503 4037">
     <span class='ocr_line' id='line_1_89' title="bbox 1933 3965 3503 4037; baseline -0.004 -16"><span class='ocrx_word' id='word_1_698' title='bbox 1933 3970 2104 4023; x_wconf 86' lang='lat' dir='ltr'><strong>creati</strong></span> <span class='ocrx_word' id='word_1_699' title='bbox 2132 3980 2258 4023; x_wconf 91' lang='lat' dir='ltr'><strong>sunt</strong></span> <span class='ocrx_word' id='word_1_700' title='bbox 2291 3970 2492 4037; x_wconf 82' lang='lat' dir='ltr'><strong>angeli,</strong></span> <span class='ocrx_word' id='word_1_701' title='bbox 2543 3969 2737 4022; x_wconf 80' lang='lat' dir='ltr'><strong>deinde</strong></span> <span class='ocrx_word' id='word_1_702' title='bbox 2770 3968 3027 4036; x_wconf 86' lang='lat' dir='ltr'><strong>paulatim</strong></span> <span class='ocrx_word' id='word_1_703' title='bbox 3078 3965 3342 4022; x_wconf 75' lang='lat' dir='ltr'><strong>exercitio</strong></span> <span class='ocrx_word' id='word_1_704' title='bbox 3381 3979 3503 4032; x_wconf 83' lang='lat' dir='ltr'><strong>per-</strong></span> 
     </span>
    </p>
   </div>
   <div class='ocr_carea' id='block_1_90' title="bbox 1932 4058 3497 4128">
    <p class='ocr_par' dir='ltr' id='par_1_90' title="bbox 1932 4058 3497 4128">
     <span class='ocr_line' id='line_1_90' title="bbox 1932 4058 3497 4128; baseline -0.002 -19"><span class='ocrx_word' id='word_1_705' title='bbox 1932 4060 2079 4122; x_wconf 87' lang='lat' dir='ltr'><strong>l&#39;ecti,</strong></span> <span class='ocrx_word' id='word_1_706' title='bbox 2116 4058 2195 4111; x_wconf 75' lang='lat' dir='ltr'><strong>sic</strong></span> <span class='ocrx_word' id='word_1_707' title='bbox 2239 4058 2368 4113; x_wconf 83' lang='lat' dir='ltr'><strong>facti</strong></span> <span class='ocrx_word' id='word_1_708' title='bbox 2397 4069 2525 4113; x_wconf 87' lang='lat' dir='ltr'><strong>sunt</strong></span> <span class='ocrx_word' id='word_1_709' title='bbox 2557 4059 2702 4128; x_wconf 91' lang='lat' dir='ltr'><strong>digni</strong></span> <span class='ocrx_word' id='word_1_710' title='bbox 2740 4062 2830 4128; x_wconf 90' lang='lat' dir='ltr'><strong>qui</strong></span> <span class='ocrx_word' id='word_1_711' title='bbox 2869 4059 3129 4127; x_wconf 90' lang='lat' dir='ltr'><strong>Spiritum</strong></span> <span class='ocrx_word' id='word_1_712' title='bbox 3161 4058 3497 4125; x_wconf 87' lang='lat' dir='ltr'><strong>reciperent;</strong></span> 
     </span>
    </p>
   </div>
   <div class='ocr_carea' id='block_1_91' title="bbox 1933 4149 3499 4216">
    <p class='ocr_par' dir='ltr' id='par_1_91' title="bbox 1933 4149 3499 4216">
     <span class='ocr_line' id='line_1_91' title="bbox 1933 4149 3499 4216; baseline 0.002 -14"><span class='ocrx_word' id='word_1_713' title='bbox 1933 4149 2023 4202; x_wconf 89' lang='lat' dir='ltr'><strong>sed</strong></span> <span class='ocrx_word' id='word_1_714' title='bbox 2062 4149 2115 4199; x_wconf 87' lang='lat' dir='ltr'><strong>in</strong></span> <span class='ocrx_word' id='word_1_715' title='bbox 2151 4149 2325 4216; x_wconf 86' lang='lat' dir='ltr'><strong>prima</strong></span> <span class='ocrx_word' id='word_1_716' title='bbox 2368 4151 2775 4213; x_wconf 87' lang='lat' dir='ltr'><strong>constitutione,</strong></span> <span class='ocrx_word' id='word_1_717' title='bbox 2806 4160 2862 4204; x_wconf 90' lang='lat' dir='ltr'><strong>et</strong></span> <span class='ocrx_word' id='word_1_718' title='bbox 2893 4166 2996 4203; x_wconf 83' lang='lat' dir='ltr'><strong>una</strong></span> <span class='ocrx_word' id='word_1_719' title='bbox 3020 4165 3142 4204; x_wconf 90' lang='lat' dir='ltr'><strong>cum</strong></span> <span class='ocrx_word' id='word_1_720' title='bbox 3182 4149 3499 4205; x_wconf 70' lang='lat' dir='ltr'><strong>substantire</strong></span> 
     </span>
    </p>
   </div>
   <div class='ocr_carea' id='block_1_92' title="bbox 1932 4240 3499 4309">
    <p class='ocr_par' dir='ltr' id='par_1_92' title="bbox 1932 4240 3499 4309">
     <span class='ocr_line' id='line_1_92' title="bbox 1932 4240 3499 4309; baseline 0.001 -17"><span class='ocrx_word' id='word_1_721' title='bbox 1932 4253 2043 4292; x_wconf 68' lang='lat' dir='ltr'><strong>suae</strong></span> <span class='ocrx_word' id='word_1_722' title='bbox 2083 4240 2237 4309; x_wconf 86' lang='lat' dir='ltr'><strong>quasi</strong></span> <span class='ocrx_word' id='word_1_723' title='bbox 2281 4242 2513 4294; x_wconf 79' lang='lat' dir='ltr'><strong>mixtura</strong></span> <span class='ocrx_word' id='word_1_724' title='bbox 2564 4241 2797 4294; x_wconf 84' lang='lat' dir='ltr'><strong>infusam</strong></span> <span class='ocrx_word' id='word_1_725' title='bbox 2854 4242 3094 4297; x_wconf 81' lang='lat' dir='ltr'><strong>habuere</strong></span> <span class='ocrx_word' id='word_1_726' title='bbox 3138 4242 3499 4296; x_wconf 84' lang='lat' dir='ltr'><strong>sanctitatem.</strong></span> 
     </span>
    </p>
   </div>
   <div class='ocr_carea' id='block_1_93' title="bbox 1932 4328 3505 4402">
    <p class='ocr_par' dir='ltr' id='par_1_93' title="bbox 1932 4328 3505 4402">
     <span class='ocr_line' id='line_1_93' title="bbox 1932 4328 3505 4402; baseline 0.006 -26"><span class='ocrx_word' id='word_1_727' title='bbox 1932 4328 2269 4398; x_wconf 82' lang='lat' dir='ltr'><strong>Quapropter</strong></span> <span class='ocrx_word' id='word_1_728' title='bbox 2314 4333 2475 4385; x_wconf 88' lang='lat' dir='ltr'><strong>etiam</strong></span> <span class='ocrx_word' id='word_1_729' title='bbox 2516 4346 2658 4402; x_wconf 73' lang='lat' dir='ltr'><strong>aegre</strong></span> <span class='ocrx_word' id='word_1_730' title='bbox 2692 4334 2758 4385; x_wconf 87' lang='lat' dir='ltr'><strong>ad</strong></span> <span class='ocrx_word' id='word_1_731' title='bbox 2806 4333 3066 4386; x_wconf 83' lang='lat' dir='ltr'><strong>malitiam</strong></span> <span class='ocrx_word' id='word_1_732' title='bbox 3094 4344 3414 4387; x_wconf 86' lang='lat' dir='ltr'><strong>convertere</strong></span> <span class='ocrx_word' id='word_1_733' title='bbox 3445 4348 3505 4385; x_wconf 90' lang='lat' dir='ltr'><strong>se</strong></span> 
     </span>
    </p>
   </div>
   <div class='ocr_carea' id='block_1_94' title="bbox 1934 4423 3507 4492">
    <p class='ocr_par' dir='ltr' id='par_1_94' title="bbox 1934 4423 3507 4492">
     <span class='ocr_line' id='line_1_94' title="bbox 1934 4423 3507 4492; baseline 0.003 -21"><span class='ocrx_word' id='word_1_734' title='bbox 1934 4430 2175 4488; x_wconf 79' lang='lat' dir='ltr'><strong>possunt,</strong></span> <span class='ocrx_word' id='word_1_735' title='bbox 2216 4423 2415 4491; x_wconf 86' lang='lat' dir='ltr'><strong>quippe</strong></span> <span class='ocrx_word' id='word_1_736' title='bbox 2451 4423 2541 4492; x_wconf 93' lang='lat' dir='ltr'><strong>qui</strong></span> <span class='ocrx_word' id='word_1_737' title='bbox 2588 4423 2731 4478; x_wconf 89' lang='lat' dir='ltr'><strong>illico</strong></span> <span class='ocrx_word' id='word_1_738' title='bbox 2778 4425 3159 4487; x_wconf 83' lang='lat' dir='ltr'><strong>sanctimonia,</strong></span> <span class='ocrx_word' id='word_1_739' title='bbox 3196 4424 3361 4477; x_wconf 85' lang='lat' dir='ltr'><strong>veluti</strong></span> <span class='ocrx_word' id='word_1_740' title='bbox 3406 4424 3507 4475; x_wconf 79' lang='lat' dir='ltr'><strong>tin-</strong></span> 
     </span>
    </p>
   </div>
   <div class='ocr_carea' id='block_1_95' title="bbox 1934 4514 3501 4582">
    <p class='ocr_par' dir='ltr' id='par_1_95' title="bbox 1934 4514 3501 4582">
     <span class='ocr_line' id='line_1_95' title="bbox 1934 4514 3501 4582; baseline 0.003 -19"><span class='ocrx_word' id='word_1_741' title='bbox 1934 4520 2082 4563; x_wconf 87' lang='lat' dir='ltr'><strong>ctura</strong></span> <span class='ocrx_word' id='word_1_742' title='bbox 2109 4517 2343 4582; x_wconf 73' lang='lat' dir='ltr'><strong>quadarn</strong></span> <span class='ocrx_word' id='word_1_743' title='bbox 2400 4516 2738 4569; x_wconf 88' lang='lat' dir='ltr'><strong>corroborati</strong></span> <span class='ocrx_word' id='word_1_744' title='bbox 2797 4517 2929 4578; x_wconf 87' lang='lat' dir='ltr'><strong>sint,</strong></span> <span class='ocrx_word' id='word_1_745' title='bbox 2985 4515 3404 4582; x_wconf 83' lang='lat' dir='ltr'><strong>ﬁrmitatemque</strong></span> <span class='ocrx_word' id='word_1_746' title='bbox 3447 4514 3501 4568; x_wconf 86' lang='lat' dir='ltr'><strong>in</strong></span> 
     </span>
    </p>
   </div>
   <div class='ocr_carea' id='block_1_96' title="bbox 1936 4607 3500 4675">
    <p class='ocr_par' dir='ltr' id='par_1_96' title="bbox 1936 4607 3500 4675">
     <span class='ocr_line' id='line_1_96' title="bbox 1936 4607 3500 4675; baseline 0.003 -19"><span class='ocrx_word' id='word_1_747' title='bbox 1936 4607 2131 4660; x_wconf 88' lang='lat' dir='ltr'><strong>virtute</strong></span> <span class='ocrx_word' id='word_1_748' title='bbox 2165 4622 2230 4661; x_wconf 88' lang='lat' dir='ltr'><strong>ac</strong></span> <span class='ocrx_word' id='word_1_749' title='bbox 2279 4609 2643 4661; x_wconf 88' lang='lat' dir='ltr'><strong>constantiam</strong></span> <span class='ocrx_word' id='word_1_750' title='bbox 2694 4610 2836 4661; x_wconf 91' lang='lat' dir='ltr'><strong>dono</strong></span> <span class='ocrx_word' id='word_1_751' title='bbox 2871 4607 3109 4675; x_wconf 85' lang='lat' dir='ltr'><strong>Spiritus</strong></span> <span class='ocrx_word' id='word_1_752' title='bbox 3147 4608 3319 4662; x_wconf 87' lang='lat' dir='ltr'><strong>sancti</strong></span> <span class='ocrx_word' id='word_1_753' title='bbox 3344 4622 3500 4661; x_wconf 85' lang='lat' dir='ltr'><strong>acce-</strong></span> 
     </span>
    </p>
   </div>
   <div class='ocr_carea' id='block_1_97' title="bbox 1936 4709 2131 4765">
    <p class='ocr_par' dir='ltr' id='par_1_97' title="bbox 1936 4709 2131 4765">
     <span class='ocr_line' id='line_1_97' title="bbox 1936 4709 2131 4765; baseline 0.015 -17"><span class='ocrx_word' id='word_1_754' title='bbox 1936 4709 2131 4765; x_wconf 86' lang='lat' dir='ltr'><strong>pet&#39;tttt.</strong></span> 
     </span>
    </p>
   </div>
   <div class='ocr_carea' id='block_1_98' title="bbox 260 4781 3505 4862">
    <p class='ocr_par' dir='ltr' id='par_1_98' title="bbox 260 4781 3505 4862">
     <span class='ocr_line' id='line_1_98' title="bbox 260 4781 3505 4862; baseline 0.002 -28"><span class='ocrx_word' id='word_1_755' title='bbox 260 4781 375 4845; x_wconf 77' lang='grc' dir='ltr'>θὺς,</span> <span class='ocrx_word' id='word_1_756' title='bbox 404 4784 563 4836; x_wconf 78' lang='grc' dir='ltr'>οἱονεὶ</span> <span class='ocrx_word' id='word_1_757' title='bbox 590 4782 733 4853; x_wconf 51' lang='grc' dir='ltr'>βαςςῇ</span> <span class='ocrx_word' id='word_1_758' title='bbox 765 4799 891 4847; x_wconf 87' lang='grc' dir='ltr'>τινι,</span> <span class='ocrx_word' id='word_1_759' title='bbox 926 4782 1002 4852; x_wconf 77' lang='grc' dir='ltr'>τῷ</span> <span class='ocrx_word' id='word_1_760' title='bbox 1035 4783 1289 4853; x_wconf 79' lang='grc' dir='ltr'>ἁγιασμῷ</span> <span class='ocrx_word' id='word_1_761' title='bbox 1319 4784 1703 4847; x_wconf 80' lang='grc' dir='ltr'>στοιιωθέντες,</span> <span class='ocrx_word' id='word_1_762' title='bbox 1735 4786 1827 4836; x_wconf 73' lang='grc' dir='ltr'><strong>καὶ</strong></span> <span class='ocrx_word' id='word_1_763' title='bbox 1866 4788 1923 4839; x_wconf 84' lang='grc' dir='ltr'><strong>τὸ</strong></span> <span class='ocrx_word' id='word_1_764' title='bbox 1991 4791 2215 4862; x_wconf 83' lang='grc' dir='ltr'>μόνιμον</span> <span class='ocrx_word' id='word_1_765' title='bbox 2279 4792 2358 4854; x_wconf 84' lang='grc' dir='ltr'>εἰς</span> <span class='ocrx_word' id='word_1_766' title='bbox 2379 4790 2577 4862; x_wconf 82' lang='grc' dir='ltr'>ἀρετὴν</span> <span class='ocrx_word' id='word_1_767' title='bbox 2602 4794 2665 4862; x_wconf 84' lang='grc' dir='ltr'><strong>τῇ</strong></span> <span class='ocrx_word' id='word_1_768' title='bbox 2691 4791 2867 4862; x_wconf 81' lang='grc' dir='ltr'>δωρεᾷ</span> <span class='ocrx_word' id='word_1_769' title='bbox 2890 4791 2983 4845; x_wconf 90' lang='grc' dir='ltr'><strong>τοῦ</strong></span> <span class='ocrx_word' id='word_1_770' title='bbox 3012 4792 3166 4860; x_wconf 89' lang='grc' dir='ltr'>ἁγίου</span> <span class='ocrx_word' id='word_1_771' title='bbox 3192 4791 3505 4861; x_wconf 86' lang='grc' dir='ltr'>Πνεύματος</span> 
     </span>
    </p>
   </div>
   <div class='ocr_carea' id='block_1_99' title="bbox 262 4872 491 4943">
    <p class='ocr_par' dir='ltr' id='par_1_99' title="bbox 262 4872 491 4943">
     <span class='ocr_line' id='line_1_99' title="bbox 262 4872 491 4943; baseline 0.017 -20"><span class='ocrx_word' id='word_1_772' title='bbox 262 4872 491 4943; x_wconf 75' lang='grc' dir='ltr'>ἔχοντες.</span> 
     </span>
    </p>
   </div>
   <div class='ocr_carea' id='block_1_100' title="bbox 333 4987 1744 5059">
    <p class='ocr_par' dir='ltr' id='par_1_100' title="bbox 333 4987 1744 5059">
     <span class='ocr_line' id='line_1_100' title="bbox 333 4987 1744 5059; baseline 0.003 -16"><span class='ocrx_word' id='word_1_773' title='bbox 333 4988 533 5043; x_wconf 76' lang='lat' dir='ltr'><strong>“Gen.</strong></span> <span class='ocrx_word' id='word_1_774' title='bbox 564 5006 643 5051; x_wconf 84' lang='lat' dir='ltr'><strong>ut.</strong></span> <span class='ocrx_word' id='word_1_775' title='bbox 678 4990 761 5043; x_wconf 83' lang='grc'><strong>19.</strong></span> <span class='ocrx_word' id='word_1_776' title='bbox 822 4990 865 5021; x_wconf 83' lang='grc'><strong><em>⁶⁹</em></strong></span> <span class='ocrx_word' id='word_1_777' title='bbox 896 4990 1088 5059; x_wconf 81' lang='lat' dir='ltr'><strong>Epltes.</strong></span> <span class='ocrx_word' id='word_1_778' title='bbox 1128 5005 1188 5053; x_wconf 76' lang='grc' dir='ltr'>ιιι,</span> <span class='ocrx_word' id='word_1_779' title='bbox 1224 4989 1276 5047; x_wconf 80' lang='grc'><strong>5.</strong></span> <span class='ocrx_word' id='word_1_780' title='bbox 1354 4990 1399 5020; x_wconf 80' lang='grc'><strong>⁷⁰</strong></span> <span class='ocrx_word' id='word_1_781' title='bbox 1425 4987 1579 5045; x_wconf 76' lang='lat' dir='ltr'><strong>Joau.</strong></span> <span class='ocrx_word' id='word_1_782' title='bbox 1615 5007 1653 5056; x_wconf 88' lang='lat' dir='ltr'><strong>I,</strong></span> <span class='ocrx_word' id='word_1_783' title='bbox 1692 4994 1744 5047; x_wconf 81' lang='grc'><strong>1.</strong></span> 
     </span>
    </p>
   </div>
   <div class='ocr_carea' id='block_1_101' title="bbox 332 5110 1826 5179">
    <p class='ocr_par' dir='ltr' id='par_1_101' title="bbox 332 5110 1826 5179">
     <span class='ocr_line' id='line_1_101' title="bbox 332 5110 1826 5179; baseline 0.001 -15"><span class='ocrx_word' id='word_1_784' title='bbox 332 5110 408 5179; x_wconf 85' lang='grc'><strong>(5)</strong></span> <span class='ocrx_word' id='word_1_785' title='bbox 434 5110 608 5163; x_wconf 87' lang='lat' dir='ltr'><strong>Editio</strong></span> <span class='ocrx_word' id='word_1_786' title='bbox 634 5110 805 5163; x_wconf 88' lang='lat' dir='ltr'><strong>Paris.</strong></span> <span class='ocrx_word' id='word_1_787' title='bbox 852 5112 881 5162; x_wconf 90' lang='lat'><strong>6</strong></span> <span class='ocrx_word' id='word_1_788' title='bbox 911 5112 1104 5178; x_wconf 91' lang='grc' dir='ltr'>Λόγος.</span> <span class='ocrx_word' id='word_1_789' title='bbox 1149 5112 1252 5164; x_wconf 83' lang='lat' dir='ltr'><strong>Sed</strong></span> <span class='ocrx_word' id='word_1_790' title='bbox 1285 5111 1718 5166; x_wconf 86' lang='lat' dir='ltr'><strong>deestarticulus</strong></span> <span class='ocrx_word' id='word_1_791' title='bbox 1774 5112 1826 5165; x_wconf 94' lang='lat' dir='ltr'><strong>in</strong></span> 
     </span>
    </p>
   </div>
   <div class='ocr_carea' id='block_1_102' title="bbox 260 5180 1826 5253">
    <p class='ocr_par' dir='ltr' id='par_1_102' title="bbox 260 5180 1826 5253">
     <span class='ocr_line' id='line_1_102' title="bbox 260 5180 1826 5253; baseline 0 -18"><span class='ocrx_word' id='word_1_792' title='bbox 260 5195 505 5253; x_wconf 59' lang='lat' dir='ltr'><strong>sextus}.</strong></span> <span class='ocrx_word' id='word_1_793' title='bbox 524 5180 651 5253; x_wconf 72' lang='lat' dir='ltr'><strong>Mox</strong></span> <span class='ocrx_word' id='word_1_794' title='bbox 682 5181 810 5253; x_wconf 70' lang='lat' dir='ltr'><strong>Beg.</strong></span> <span class='ocrx_word' id='word_1_795' title='bbox 832 5185 1096 5253; x_wconf 78' lang='lat' dir='ltr'><strong>secundus</strong></span> <span class='ocrx_word' id='word_1_796' title='bbox 1119 5180 1339 5253; x_wconf 81' lang='grc' dir='ltr'>Πνεῦμα</span> <span class='ocrx_word' id='word_1_797' title='bbox 1380 5182 1440 5234; x_wconf 76' lang='grc' dir='ltr'><strong>τὸ</strong></span> <span class='ocrx_word' id='word_1_798' title='bbox 1464 5183 1618 5249; x_wconf 78' lang='grc' dir='ltr'>ἆγιον</span> <span class='ocrx_word' id='word_1_799' title='bbox 1641 5180 1826 5253; x_wconf 83' lang='grc' dir='ltr'>ἀτμίς.</span> 
     </span>
    </p>
   </div>
   <div class='ocr_carea' id='block_1_103' title="bbox 333 5248 1182 5319">
    <p class='ocr_par' dir='ltr' id='par_1_103' title="bbox 333 5248 1182 5319">
     <span class='ocr_line' id='line_1_103' title="bbox 333 5248 1182 5319; baseline 0.001 -17"><span class='ocrx_word' id='word_1_800' title='bbox 333 5250 408 5319; x_wconf 82' lang='grc'><strong>(6)</strong></span> <span class='ocrx_word' id='word_1_801' title='bbox 439 5248 591 5303; x_wconf 90' lang='lat' dir='ltr'><strong>Colb.</strong></span> <span class='ocrx_word' id='word_1_802' title='bbox 620 5251 823 5317; x_wconf 89' lang='lat' dir='ltr'><strong>primus</strong></span> <span class='ocrx_word' id='word_1_803' title='bbox 850 5252 883 5318; x_wconf 84' lang='grc' dir='ltr'><strong>ἡ</strong></span> <span class='ocrx_word' id='word_1_804' title='bbox 913 5251 1182 5319; x_wconf 80' lang='grc' dir='ltr'>οὐράνιος.</span> 
     </span>
    </p>
   </div>
   <div class='ocr_carea' id='block_1_104' title="bbox 334 5320 1822 5393">
    <p class='ocr_par' dir='ltr' id='par_1_104' title="bbox 334 5320 1822 5393">
     <span class='ocr_line' id='line_1_104' title="bbox 334 5320 1822 5393; baseline 0.001 -20"><span class='ocrx_word' id='word_1_805' title='bbox 334 5320 408 5393; x_wconf 64' lang='grc' dir='ltr'><strong>ςἸ)</strong></span> <span class='ocrx_word' id='word_1_806' title='bbox 442 5321 578 5389; x_wconf 69' lang='lat' dir='ltr'><strong>Reg.</strong></span> <span class='ocrx_word' id='word_1_807' title='bbox 632 5322 819 5393; x_wconf 87' lang='lat' dir='ltr'><strong>tertius</strong></span> <span class='ocrx_word' id='word_1_808' title='bbox 862 5320 945 5373; x_wconf 80' lang='grc' dir='ltr'><strong>ἵνα</strong></span> <span class='ocrx_word' id='word_1_809' title='bbox 981 5322 1208 5391; x_wconf 83' lang='grc' dir='ltr'>νομισθῇ</span> <span class='ocrx_word' id='word_1_810' title='bbox 1257 5324 1285 5375; x_wconf 92' lang='lat'><strong>6</strong></span> <span class='ocrx_word' id='word_1_811' title='bbox 1323 5323 1532 5393; x_wconf 80' lang='grc' dir='ltr'>Σωτήρ.</span> <span class='ocrx_word' id='word_1_812' title='bbox 1564 5320 1678 5375; x_wconf 74' lang='lat' dir='ltr'><strong>Vox</strong></span> <span class='ocrx_word' id='word_1_813' title='bbox 1722 5324 1822 5375; x_wconf 81' lang='grc' dir='ltr'>αὐ-</span> 
     </span>
    </p>
   </div>
   <div class='ocr_carea' id='block_1_105' title="bbox 258 5389 1822 5458">
    <p class='ocr_par' dir='ltr' id='par_1_105' title="bbox 258 5389 1822 5458">
     <span class='ocr_line' id='line_1_105' title="bbox 258 5389 1822 5458; baseline 0.002 -15"><span class='ocrx_word' id='word_1_814' title='bbox 258 5389 530 5457; x_wconf 64' lang='lat' dir='ltr'><strong>vroii,qua:</strong></span> <span class='ocrx_word' id='word_1_815' title='bbox 562 5392 803 5458; x_wconf 79' lang='lat' dir='ltr'><strong>proxime</strong></span> <span class='ocrx_word' id='word_1_816' title='bbox 857 5389 1120 5457; x_wconf 85' lang='lat' dir='ltr'><strong>sequitur.</strong></span> <span class='ocrx_word' id='word_1_817' title='bbox 1169 5389 1322 5446; x_wconf 84' lang='lat' dir='ltr'><strong>deest</strong></span> <span class='ocrx_word' id='word_1_818' title='bbox 1382 5395 1434 5446; x_wconf 91' lang='lat' dir='ltr'><strong>in</strong></span> <span class='ocrx_word' id='word_1_819' title='bbox 1464 5389 1659 5445; x_wconf 55' lang='lat' dir='ltr'><strong>&#39;iuultis</strong></span> <span class='ocrx_word' id='word_1_820' title='bbox 1688 5410 1822 5446; x_wconf 87' lang='lat' dir='ltr'><strong>mss.</strong></span> 
     </span>
    </p>
   </div>
   <div class='ocr_carea' id='block_1_106' title="bbox 263 5461 1820 5531">
    <p class='ocr_par' dir='ltr' id='par_1_106' title="bbox 263 5461 1820 5531">
     <span class='ocr_line' id='line_1_106' title="bbox 263 5461 1820 5531; baseline 0.004 -18"><span class='ocrx_word' id='word_1_821' title='bbox 263 5463 369 5515; x_wconf 87' lang='lat' dir='ltr'><strong>Sed</strong></span> <span class='ocrx_word' id='word_1_822' title='bbox 396 5476 514 5514; x_wconf 77' lang='lat' dir='ltr'><strong>eam</strong></span> <span class='ocrx_word' id='word_1_823' title='bbox 550 5461 689 5513; x_wconf 84' lang='lat' dir='ltr'><strong>male</strong></span> <span class='ocrx_word' id='word_1_824' title='bbox 732 5461 986 5514; x_wconf 87' lang='lat' dir='ltr'><strong>omissam</strong></span> <span class='ocrx_word' id='word_1_825' title='bbox 1033 5477 1152 5515; x_wconf 85' lang='lat' dir='ltr'><strong>esse</strong></span> <span class='ocrx_word' id='word_1_826' title='bbox 1194 5480 1221 5514; x_wconf 82' lang='lat' dir='ltr'><strong>a</strong></span> <span class='ocrx_word' id='word_1_827' title='bbox 1272 5464 1505 5516; x_wconf 85' lang='lat' dir='ltr'><strong>librariis</strong></span> <span class='ocrx_word' id='word_1_828' title='bbox 1550 5474 1820 5531; x_wconf 83' lang='lat' dir='ltr'><strong>putamus.</strong></span> 
     </span>
    </p>
   </div>
   <div class='ocr_carea' id='block_1_107' title="bbox 264 5530 1822 5601">
    <p class='ocr_par' dir='ltr' id='par_1_107' title="bbox 264 5530 1822 5601">
     <span class='ocr_line' id='line_1_107' title="bbox 264 5530 1822 5601; baseline 0.003 -18"><span class='ocrx_word' id='word_1_829' title='bbox 264 5540 376 5584; x_wconf 91' lang='lat' dir='ltr'><strong>tum</strong></span> <span class='ocrx_word' id='word_1_830' title='bbox 412 5534 552 5600; x_wconf 89' lang='lat' dir='ltr'><strong>quod</strong></span> <span class='ocrx_word' id='word_1_831' title='bbox 588 5532 640 5583; x_wconf 90' lang='lat' dir='ltr'><strong>in</strong></span> <span class='ocrx_word' id='word_1_832' title='bbox 668 5530 853 5583; x_wconf 87' lang='lat' dir='ltr'><strong>multis</strong></span> <span class='ocrx_word' id='word_1_833' title='bbox 880 5530 998 5601; x_wconf 85' lang='lat' dir='ltr'><strong>aliis</strong></span> <span class='ocrx_word' id='word_1_834' title='bbox 1026 5548 1153 5585; x_wconf 87' lang='lat' dir='ltr'><strong>mss.</strong></span> <span class='ocrx_word' id='word_1_835' title='bbox 1181 5532 1409 5601; x_wconf 78' lang='lat' dir='ltr'><strong>legatur,</strong></span> <span class='ocrx_word' id='word_1_836' title='bbox 1434 5530 1561 5596; x_wconf 81' lang='lat' dir='ltr'><strong>tum</strong></span> <span class='ocrx_word' id='word_1_837' title='bbox 1596 5535 1822 5587; x_wconf 79' lang='lat' dir='ltr'><strong>maxime</strong></span> 
     </span>
    </p>
   </div>
   <div class='ocr_carea' id='block_1_108' title="bbox 262 5600 1819 5670">
    <p class='ocr_par' dir='ltr' id='par_1_108' title="bbox 262 5600 1819 5670">
     <span class='ocr_line' id='line_1_108' title="bbox 262 5600 1819 5670; baseline 0.004 -21"><span class='ocrx_word' id='word_1_838' title='bbox 262 5601 403 5663; x_wconf 89' lang='lat' dir='ltr'><strong>quod</strong></span> <span class='ocrx_word' id='word_1_839' title='bbox 465 5601 768 5653; x_wconf 85' lang='lat' dir='ltr'><strong>inveniatur</strong></span> <span class='ocrx_word' id='word_1_840' title='bbox 817 5601 867 5652; x_wconf 90' lang='lat' dir='ltr'><strong>in</strong></span> <span class='ocrx_word' id='word_1_841' title='bbox 925 5600 1153 5654; x_wconf 86' lang='lat' dir='ltr'><strong>Eusebio</strong></span> <span class='ocrx_word' id='word_1_842' title='bbox 1214 5600 1253 5655; x_wconf 29' lang='grc' dir='ltr'>τί</span> <span class='ocrx_word' id='word_1_843' title='bbox 1292 5619 1321 5655; x_wconf 90' lang='lat' dir='ltr'><strong>a</strong></span> <span class='ocrx_word' id='word_1_844' title='bbox 1356 5618 1461 5670; x_wconf 91' lang='lat' dir='ltr'><strong>quo</strong></span> <span class='ocrx_word' id='word_1_845' title='bbox 1491 5613 1660 5655; x_wconf 88' lang='lat' dir='ltr'><strong>totunt</strong></span> <span class='ocrx_word' id='word_1_846' title='bbox 1696 5604 1819 5655; x_wconf 87' lang='lat' dir='ltr'><strong>illud</strong></span> 
     </span>
    </p>
   </div>
   <div class='ocr_carea' id='block_1_109' title="bbox 262 5670 1817 5739">
    <p class='ocr_par' dir='ltr' id='par_1_109' title="bbox 262 5670 1817 5739">
     <span class='ocr_line' id='line_1_109' title="bbox 262 5670 1817 5739; baseline 0.003 -18"><span class='ocrx_word' id='word_1_847' title='bbox 262 5670 640 5738; x_wconf 81' lang='lat' dir='ltr'><strong>fragmentum.</strong></span> <span class='ocrx_word' id='word_1_848' title='bbox 672 5672 743 5722; x_wconf 91' lang='lat' dir='ltr'><strong>uti</strong></span> <span class='ocrx_word' id='word_1_849' title='bbox 776 5672 825 5723; x_wconf 90' lang='lat' dir='ltr'><strong>in</strong></span> <span class='ocrx_word' id='word_1_850' title='bbox 862 5671 1174 5737; x_wconf 67' lang='lat' dir='ltr'><strong>praefatione</strong></span> <span class='ocrx_word' id='word_1_851' title='bbox 1201 5675 1517 5733; x_wconf 89' lang='lat' dir='ltr'><strong>ostenditur,</strong></span> <span class='ocrx_word' id='word_1_852' title='bbox 1550 5684 1817 5739; x_wconf 90' lang='lat' dir='ltr'><strong>sumptum</strong></span> 
     </span>
    </p>
   </div>
   <div class='ocr_carea' id='block_1_110' title="bbox 263 5739 1821 5810">
    <p class='ocr_par' dir='ltr' id='par_1_110' title="bbox 263 5739 1821 5810">
     <span class='ocr_line' id='line_1_110' title="bbox 263 5739 1821 5810; baseline 0.001 -18"><span class='ocrx_word' id='word_1_853' title='bbox 263 5749 367 5792; x_wconf 79' lang='lat' dir='ltr'><strong>est.</strong></span> <span class='ocrx_word' id='word_1_854' title='bbox 401 5741 573 5792; x_wconf 85' lang='lat' dir='ltr'><strong>Aliter</strong></span> <span class='ocrx_word' id='word_1_855' title='bbox 609 5741 674 5793; x_wconf 88' lang='lat' dir='ltr'><strong>de</strong></span> <span class='ocrx_word' id='word_1_856' title='bbox 708 5740 817 5801; x_wconf 84' lang='lat' dir='ltr'><strong>illo,</strong></span> <span class='ocrx_word' id='word_1_857' title='bbox 848 5743 911 5793; x_wconf 83' lang='grc' dir='ltr'><strong>ὲκ</strong></span> <span class='ocrx_word' id='word_1_858' title='bbox 939 5739 1033 5792; x_wconf 89' lang='grc' dir='ltr'><strong>τοῦ</strong></span> <span class='ocrx_word' id='word_1_859' title='bbox 1069 5742 1299 5810; x_wconf 84' lang='grc' dir='ltr'>Πατρός,</span> <span class='ocrx_word' id='word_1_860' title='bbox 1323 5744 1670 5808; x_wconf 76' lang='lat' dir='ltr'><strong>iudicandum</strong></span> <span class='ocrx_word' id='word_1_861' title='bbox 1696 5758 1821 5795; x_wconf 80' lang='lat' dir='ltr'><strong>ceu-</strong></span> 
     </span>
    </p>
   </div>
   <div class='ocr_carea' id='block_1_111' title="bbox 265 5810 1820 5880">
    <p class='ocr_par' dir='ltr' id='par_1_111' title="bbox 265 5810 1820 5880">
     <span class='ocr_line' id='line_1_111' title="bbox 265 5810 1820 5880; baseline 0.001 -16"><span class='ocrx_word' id='word_1_862' title='bbox 265 5823 463 5867; x_wconf 78' lang='lat' dir='ltr'><strong>senius.</strong></span> <span class='ocrx_word' id='word_1_863' title='bbox 518 5810 649 5866; x_wconf 89' lang='lat' dir='ltr'><strong>Cum</strong></span> <span class='ocrx_word' id='word_1_864' title='bbox 682 5813 822 5866; x_wconf 79' lang='lat' dir='ltr'><strong>enim</strong></span> <span class='ocrx_word' id='word_1_865' title='bbox 854 5811 1003 5877; x_wconf 85' lang='lat' dir='ltr'><strong>illud,</strong></span> <span class='ocrx_word' id='word_1_866' title='bbox 1055 5812 1117 5865; x_wconf 84' lang='grc' dir='ltr'><strong>ὲκ</strong></span> <span class='ocrx_word' id='word_1_867' title='bbox 1163 5812 1254 5865; x_wconf 78' lang='grc' dir='ltr'><strong>τοῦ</strong></span> <span class='ocrx_word' id='word_1_868' title='bbox 1290 5813 1519 5880; x_wconf 76' lang='grc' dir='ltr'>Πατρός,</span> <span class='ocrx_word' id='word_1_869' title='bbox 1578 5812 1714 5867; x_wconf 80' lang='lat' dir='ltr'><strong>desit</strong></span> <span class='ocrx_word' id='word_1_870' title='bbox 1768 5814 1820 5866; x_wconf 85' lang='lat' dir='ltr'><strong>in</strong></span> 
     </span>
    </p>
   </div>
   <div class='ocr_carea' id='block_1_112' title="bbox 1939 5107 3502 5178">
    <p class='ocr_par' dir='ltr' id='par_1_112' title="bbox 1939 5107 3502 5178">
     <span class='ocr_line' id='line_1_112' title="bbox 1939 5107 3502 5178; baseline -0.001 -17"><span class='ocrx_word' id='word_1_871' title='bbox 1939 5108 2119 5161; x_wconf 88' lang='lat' dir='ltr'><strong>multis</strong></span> <span class='ocrx_word' id='word_1_872' title='bbox 2149 5122 2306 5172; x_wconf 90' lang='lat' dir='ltr'><strong>mss.,</strong></span> <span class='ocrx_word' id='word_1_873' title='bbox 2333 5123 2434 5163; x_wconf 91' lang='lat' dir='ltr'><strong>nec</strong></span> <span class='ocrx_word' id='word_1_874' title='bbox 2483 5108 2692 5178; x_wconf 79' lang='lat' dir='ltr'><strong>legatur</strong></span> <span class='ocrx_word' id='word_1_875' title='bbox 2719 5123 2933 5177; x_wconf 89' lang='lat' dir='ltr'><strong>quoque</strong></span> <span class='ocrx_word' id='word_1_876' title='bbox 2978 5108 3032 5161; x_wconf 91' lang='lat' dir='ltr'><strong>in</strong></span> <span class='ocrx_word' id='word_1_877' title='bbox 3062 5107 3502 5178; x_wconf 64' lang='lat' dir='ltr'><strong>Commentariis</strong></span> 
     </span>
    </p>
   </div>
   <div class='ocr_carea' id='block_1_113' title="bbox 1938 5177 3501 5251">
    <p class='ocr_par' dir='ltr' id='par_1_113' title="bbox 1938 5177 3501 5251">
     <span class='ocr_line' id='line_1_113' title="bbox 1938 5177 3501 5251; baseline 0.001 -22"><span class='ocrx_word' id='word_1_878' title='bbox 1938 5178 2179 5251; x_wconf 78' lang='lat' dir='ltr'><strong>Eusebii,</strong></span> <span class='ocrx_word' id='word_1_879' title='bbox 2212 5180 2273 5251; x_wconf 87' lang='lat' dir='ltr'><strong>id</strong></span> <span class='ocrx_word' id='word_1_880' title='bbox 2321 5182 2425 5233; x_wconf 87' lang='lat' dir='ltr'><strong>huc</strong></span> <span class='ocrx_word' id='word_1_881' title='bbox 2479 5177 2655 5251; x_wconf 84' lang='lat' dir='ltr'><strong>inepte</strong></span> <span class='ocrx_word' id='word_1_882' title='bbox 2679 5179 3001 5234; x_wconf 86' lang='lat' dir='ltr'><strong>accersitum</strong></span> <span class='ocrx_word' id='word_1_883' title='bbox 3051 5177 3216 5232; x_wconf 77' lang='lat' dir='ltr'><strong>fuisse</strong></span> <span class='ocrx_word' id='word_1_884' title='bbox 3244 5178 3384 5230; x_wconf 86' lang='lat' dir='ltr'><strong>baud</strong></span> <span class='ocrx_word' id='word_1_885' title='bbox 3420 5179 3501 5231; x_wconf 90' lang='lat' dir='ltr'><strong>in—</strong></span> 
     </span>
    </p>
   </div>
   <div class='ocr_carea' id='block_1_114' title="bbox 1929 5250 2466 5317">
    <p class='ocr_par' dir='ltr' id='par_1_114' title="bbox 1929 5250 2466 5317">
     <span class='ocr_line' id='line_1_114' title="bbox 1929 5250 2466 5317; baseline 0.006 -15"><span class='ocrx_word' id='word_1_886' title='bbox 1929 5250 2073 5316; x_wconf 88' lang='lat' dir='ltr'><strong>juria</strong></span> <span class='ocrx_word' id='word_1_887' title='bbox 2095 5250 2240 5302; x_wconf 90' lang='lat' dir='ltr'><strong>credi</strong></span> <span class='ocrx_word' id='word_1_888' title='bbox 2273 5258 2466 5317; x_wconf 82' lang='lat' dir='ltr'><strong>potest.</strong></span> 
     </span>
    </p>
   </div>
   <div class='ocr_carea' id='block_1_115' title="bbox 2005 5313 3496 5387">
    <p class='ocr_par' dir='ltr' id='par_1_115' title="bbox 2005 5313 3496 5387">
     <span class='ocr_line' id='line_1_115' title="bbox 2005 5313 3496 5387; baseline -0.003 -14"><span class='ocrx_word' id='word_1_889' title='bbox 2005 5319 2080 5387; x_wconf 90' lang='lat'><strong>(8)</strong></span> <span class='ocrx_word' id='word_1_890' title='bbox 2122 5313 2494 5387; x_wconf 42' lang='lat' dir='ltr'><strong>Editi—etlteg.</strong></span> <span class='ocrx_word' id='word_1_891' title='bbox 2521 5326 2706 5370; x_wconf 80' lang='lat' dir='ltr'><strong>sextus</strong></span> <span class='ocrx_word' id='word_1_892' title='bbox 2764 5322 2817 5367; x_wconf 86' lang='lat' dir='ltr'><strong>et</strong></span> <span class='ocrx_word' id='word_1_893' title='bbox 2843 5313 2992 5368; x_wconf 88' lang='lat' dir='ltr'><strong>Colb.</strong></span> <span class='ocrx_word' id='word_1_894' title='bbox 3048 5324 3270 5387; x_wconf 77' lang='lat' dir='ltr'><strong>quintus</strong></span> <span class='ocrx_word' id='word_1_895' title='bbox 3314 5317 3363 5368; x_wconf 87' lang='grc' dir='ltr'><strong>εί</strong></span> <span class='ocrx_word' id='word_1_896' title='bbox 3399 5317 3496 5387; x_wconf 84' lang='grc' dir='ltr'><strong>μή.</strong></span> 
     </span>
    </p>
   </div>
   <div class='ocr_carea' id='block_1_116' title="bbox 1934 5386 3502 5454">
    <p class='ocr_par' dir='ltr' id='par_1_116' title="bbox 1934 5386 3502 5454">
     <span class='ocr_line' id='line_1_116' title="bbox 1934 5386 3502 5454; baseline -0.001 -12"><span class='ocrx_word' id='word_1_897' title='bbox 1934 5386 2093 5442; x_wconf 85' lang='lat' dir='ltr'><strong>Deest</strong></span> <span class='ocrx_word' id='word_1_898' title='bbox 2143 5390 2191 5440; x_wconf 87' lang='grc' dir='ltr'><strong>εί</strong></span> <span class='ocrx_word' id='word_1_899' title='bbox 2245 5389 2296 5441; x_wconf 89' lang='lat' dir='ltr'><strong>in</strong></span> <span class='ocrx_word' id='word_1_900' title='bbox 2337 5386 2551 5441; x_wconf 78' lang='lat' dir='ltr'><strong>Eusebii</strong></span> <span class='ocrx_word' id='word_1_901' title='bbox 2580 5387 3014 5447; x_wconf 85' lang='lat' dir='ltr'><strong>Commentariis,</strong></span> <span class='ocrx_word' id='word_1_902' title='bbox 3066 5396 3120 5438; x_wconf 82' lang='lat' dir='ltr'><strong>et</strong></span> <span class='ocrx_word' id='word_1_903' title='bbox 3150 5386 3202 5436; x_wconf 90' lang='lat' dir='ltr'><strong>in</strong></span> <span class='ocrx_word' id='word_1_904' title='bbox 3262 5386 3502 5454; x_wconf 83' lang='lat' dir='ltr'><strong>quinque</strong></span> 
     </span>
    </p>
   </div>
   <div class='ocr_carea' id='block_1_117' title="bbox 1933 5454 3503 5526">
    <p class='ocr_par' dir='ltr' id='par_1_117' title="bbox 1933 5454 3503 5526">
     <span class='ocr_line' id='line_1_117' title="bbox 1933 5454 3503 5526; baseline 0 -17"><span class='ocrx_word' id='word_1_905' title='bbox 1933 5460 2061 5511; x_wconf 71' lang='lat' dir='ltr'><strong>mss.</strong></span> <span class='ocrx_word' id='word_1_906' title='bbox 2114 5457 2234 5511; x_wconf 81' lang='lat' dir='ltr'><strong>Mox</strong></span> <span class='ocrx_word' id='word_1_907' title='bbox 2282 5459 2444 5511; x_wconf 86' lang='lat' dir='ltr'><strong>editio</strong></span> <span class='ocrx_word' id='word_1_908' title='bbox 2488 5456 2662 5509; x_wconf 83' lang='lat' dir='ltr'><strong>Paris.</strong></span> <span class='ocrx_word' id='word_1_909' title='bbox 2712 5455 2740 5505; x_wconf 78' lang='grc' dir='ltr'>ὁ</span> <span class='ocrx_word' id='word_1_910' title='bbox 2795 5454 3124 5526; x_wconf 79' lang='grc' dir='ltr'>δημιουργὸς</span> <span class='ocrx_word' id='word_1_911' title='bbox 3166 5454 3275 5509; x_wconf 83' lang='grc' dir='ltr'><strong>τῶν</strong></span> <span class='ocrx_word' id='word_1_912' title='bbox 3304 5455 3438 5508; x_wconf 86' lang='grc' dir='ltr'>ὅλων</span> <span class='ocrx_word' id='word_1_913' title='bbox 3472 5458 3503 5509; x_wconf 76' lang='grc' dir='ltr'><strong>ὁ</strong></span> 
     </span>
    </p>
   </div>
   <div class='ocr_carea' id='block_1_118' title="bbox 1930 5525 3499 5598">
    <p class='ocr_par' dir='ltr' id='par_1_118' title="bbox 1930 5525 3499 5598">
     <span class='ocr_line' id='line_1_118' title="bbox 1930 5525 3499 5598; baseline -0.001 -18"><span class='ocrx_word' id='word_1_914' title='bbox 1930 5530 2159 5598; x_wconf 80' lang='grc' dir='ltr'>ποιητὴς</span> <span class='ocrx_word' id='word_1_915' title='bbox 2206 5530 2375 5596; x_wconf 82' lang='grc' dir='ltr'>Λόγος</span> <span class='ocrx_word' id='word_1_916' title='bbox 2418 5527 2727 5597; x_wconf 88' lang='grc' dir='ltr'>παρείχετο,</span> <span class='ocrx_word' id='word_1_917' title='bbox 2763 5525 3002 5579; x_wconf 80' lang='lat' dir='ltr'><strong>confuse.</strong></span> <span class='ocrx_word' id='word_1_918' title='bbox 3056 5525 3407 5598; x_wconf 74' lang='lat' dir='ltr'><strong>Restituiums</strong></span> <span class='ocrx_word' id='word_1_919' title='bbox 3446 5535 3499 5578; x_wconf 81' lang='lat' dir='ltr'><strong>et</strong></span> 
     </span>
    </p>
   </div>
   <div class='ocr_carea' id='block_1_119' title="bbox 1931 5596 3496 5666">
    <p class='ocr_par' dir='ltr' id='par_1_119' title="bbox 1931 5596 3496 5666">
     <span class='ocr_line' id='line_1_119' title="bbox 1931 5596 3496 5666; baseline -0.003 -13"><span class='ocrx_word' id='word_1_920' title='bbox 1931 5616 1993 5653; x_wconf 77' lang='lat' dir='ltr'><strong>ex</strong></span> <span class='ocrx_word' id='word_1_921' title='bbox 2032 5596 2161 5651; x_wconf 82' lang='lat' dir='ltr'><strong>mss.</strong></span> <span class='ocrx_word' id='word_1_922' title='bbox 2189 5607 2241 5651; x_wconf 79' lang='lat' dir='ltr'><strong>et</strong></span> <span class='ocrx_word' id='word_1_923' title='bbox 2272 5614 2336 5651; x_wconf 84' lang='lat' dir='ltr'><strong>ex</strong></span> <span class='ocrx_word' id='word_1_924' title='bbox 2364 5596 2738 5666; x_wconf 78' lang='lat' dir='ltr'><strong>ipsisEusebii</strong></span> <span class='ocrx_word' id='word_1_925' title='bbox 2768 5596 3181 5648; x_wconf 69' lang='lat' dir='ltr'><strong>Commentariis</strong></span> <span class='ocrx_word' id='word_1_926' title='bbox 3212 5597 3496 5665; x_wconf 83' lang='lat' dir='ltr'><strong>pristinqu</strong></span> 
     </span>
    </p>
   </div>
   <div class='ocr_carea' id='block_1_120' title="bbox 1932 5666 2922 5722">
    <p class='ocr_par' dir='ltr' id='par_1_120' title="bbox 1932 5666 2922 5722">
     <span class='ocr_line' id='line_1_120' title="bbox 1932 5666 2922 5722; baseline -0.005 0"><span class='ocrx_word' id='word_1_927' title='bbox 1932 5688 1994 5722; x_wconf 86' lang='lat' dir='ltr'><strong>ac</strong></span> <span class='ocrx_word' id='word_1_928' title='bbox 2025 5669 2311 5722; x_wconf 68' lang='lat' dir='ltr'><strong>uelutinum</strong></span> <span class='ocrx_word' id='word_1_929' title='bbox 2351 5669 2632 5721; x_wconf 85' lang='lat' dir='ltr'><strong>verborum</strong></span> <span class='ocrx_word' id='word_1_930' title='bbox 2658 5666 2922 5719; x_wconf 89' lang='lat' dir='ltr'><strong>ordinem.</strong></span> 
     </span>
    </p>
   </div>
   <div class='ocr_carea' id='block_1_121' title="bbox 2001 5685 3497 5819">
    <p class='ocr_par' dir='ltr' id='par_1_121' title="bbox 2001 5685 3497 5819">
     <span class='ocr_line' id='line_1_121' title="bbox 2061 5685 2922 5721; baseline -0.005 0"><span class='ocrx_word' id='word_1_931' title='bbox 2061 5685 2311 5721; x_wconf 82' lang='lat' dir='ltr'><strong>elllllllllm</strong></span> <span class='ocrx_word' id='word_1_932' title='bbox 2351 5685 2632 5721; x_wconf 66' lang='grc' dir='ltr'>γειουιυιιι</span> <span class='ocrx_word' id='word_1_933' title='bbox 2658 5685 2922 5719; x_wconf 71' lang='grc' dir='ltr'>υΐωηειιι.</span> 
     </span>
     <span class='ocr_line' id='line_1_122' title="bbox 2001 5685 3497 5819; baseline -0.001 -26"><span class='ocrx_word' id='word_1_934' title='bbox 2001 5685 2250 5819; x_wconf 60' lang='grc' dir='ltr'>(ξμὶυιυ.</span> <span class='ocrx_word' id='word_1_935' title='bbox 2280 5750 2502 5817; x_wconf 75' lang='lat' dir='ltr'><strong>quartus</strong></span> <span class='ocrx_word' id='word_1_936' title='bbox 2562 5734 3276 5819; x_wconf 28' lang='grc' dir='ltr'>συγκαταβληρείσηςκηοιι</span> <span class='ocrx_word' id='word_1_937' title='bbox 3325 5744 3497 5819; x_wconf 69' lang='lat' dir='ltr'><strong>recte.</strong></span> 
     </span>
    </p>
   </div>
   <div class='ocr_carea' id='block_1_122' title="bbox 1929 5806 3354 5879">
    <p class='ocr_par' dir='ltr' id='par_1_122' title="bbox 1929 5806 3354 5879">
     <span class='ocr_line' id='line_1_123' title="bbox 1929 5806 3354 5879; baseline -0.001 -15"><span class='ocrx_word' id='word_1_938' title='bbox 1929 5806 2094 5865; x_wconf 79' lang='lat' dir='ltr'><strong>Paulo</strong></span> <span class='ocrx_word' id='word_1_939' title='bbox 2128 5820 2248 5879; x_wconf 88' lang='lat' dir='ltr'><strong>post</strong></span> <span class='ocrx_word' id='word_1_940' title='bbox 2275 5810 2511 5879; x_wconf 85' lang='lat' dir='ltr'><strong>quinque</strong></span> <span class='ocrx_word' id='word_1_941' title='bbox 2539 5826 2664 5862; x_wconf 87' lang='lat' dir='ltr'><strong>mss.</strong></span> <span class='ocrx_word' id='word_1_942' title='bbox 2704 5808 2779 5865; x_wconf 78' lang='grc' dir='ltr'><strong>ὡς</strong></span> <span class='ocrx_word' id='word_1_943' title='bbox 2805 5806 2989 5860; x_wconf 73' lang='grc' dir='ltr'>ἀσκόν.</span> <span class='ocrx_word' id='word_1_944' title='bbox 3029 5806 3166 5861; x_wconf 77' lang='lat' dir='ltr'><strong>Editi</strong></span> <span class='ocrx_word' id='word_1_945' title='bbox 3206 5807 3354 5863; x_wconf 69' lang='grc' dir='ltr'>ώτεί.</span> 
     </span>
    </p>
   </div>
  </div>
