4016 6458
542 351 649 407 335

1871 348 1927 402 S.
1970 346 2211 400 BASILII
2251 346 2464 399 MAGNI

3665 340 3778 392 356

607 465 659 518 5.
695 464 850 515 Vens.
877 464 928 516 7.
969 464 1297 531 Congregans
1342 466 1473 517 sicut
1507 474 1669 514 utrem
1701 479 1863 529 aquas
1902 465 2082 524 maris,

2256 460 2308 512 5.
2329 464 2609 526 Συναγωγ
2627 462 2706 524 ὡς
2726 459 2919 511 ἀσκὸν
2942 459 3128 512 ὕδατα
3146 459 3480 525 θαλάσσης,
3498 458 3774 522 τιθεὶς-έν

528 567 723 622 ponens
750 552 802 602 in
829 550 1084 602 thesauris
1112 554 1344 618 abyssos.
1394 550 1510 605 Non
1538 551 1694 613 dixit,
1743 551 2086 621 Congregans

528 656 702 713 aquas
736 643 899 697 maris
929 642 1069 694 sicut
1095 642 1146 695 in
1181 652 1319 705 utre,
1354 642 1471 708 sed,
1507 639 1576 695 Ut
1613 652 1799 704 utrem,
1822 642 1895 694 ita
1920 655 2088 713 aquas

529 737 696 790 lllll‘ls
749 748 1098 806 congregans.
1149 735 1268 791 iam
1322 748 1451 791 vero
1511 737 1818 798 considera,
1879 750 2084 806 quaeso,

529 826 668 879 utris
702 838 978 891 naturam,
1012 842 1134 896 quae
1163 843 1303 882 nunc
1323 827 1535 896 quidem
1567 827 1801 893 inﬂatur,
1846 843 1968 882 cum
2000 841 2087 881 σοι

530 915 670 969 rium
705 914 997 972 intercluso
1037 916 1227 988 Spiritu
1277 919 1571 974 distentum
1610 930 1727 984 est;
1781 935 1922 976 nunc
1962 932 2090 971 vero

530 1007 892 1070 contrahitur,
928 1023 1047 1061 cum
1085 1008 1244 1063 flatus
1287 1009 1377 1066 ille
1417 1026 1523 1081 quo
1560 1009 1965 1065 distendebatur
2005 1022 2091 1062 sc-

532 1098 717 1153 cessit.
774 1098 867 1153 Sic
917 1099 1098 1168 itaque
1150 1117 1301 1157 mare
1346 1101 1632 1173 aliquando
1672 1101 1982 1156 intumescit
2028 1114 2092 1153 ac

533 1183 839 1241 effervescit
891 1189 1068 1244 ventis
1108 1191 1388 1245 elieratum
1422 1208 1484 1246 ac
1517 1199 1753 1253 tumens,
1806 1191 2093 1261 aliquando

534 1291 664 1331 vero
703 1292 888 1332 rursus
932 1280 1324 1348 tranquillitate
1380 1283 1433 1335 in
1478 1281 1681 1337 humile
1734 1281 2089 1337 contrahitur.

537 1367 703 1438 Igitur
732 1377 790 1423 ut
812 1379 1008 1435 utrem,
1052 1370 1125 1423 ita
1152 1371 1422 1426 contrahit
1461 1386 1526 1424 ac
1550 1370 1801 1440 deprimit
1838 1370 2094 1424 Dominus

538 1474 729 1529 aquam
771 1463 956 1518 maris.
998 1461 1302 1518 Invenimus
1345 1473 1520 1518 autem
1568 1465 1617 1517 in
1651 1463 1967 1533 quihusdam
1996 1479 2092 1515 ex-

534 1554 890 1625 emplaribus,
930 1554 1262 1629 Congregans
1287 1557 1421 1611 velut
1462 1558 1516 1610 in
1547 1569 1661 1611 utre
1686 1574 1850 1627 aquas
1883 1558 2043 1611 maris
2075 1573 2094 1611 :

538 1646 736 1715 quibus
781 1649 962 1704 verbis
1006 1651 1072 1704 ad
1116 1659 1348 1703 veterem
1417 1649 1699 1705 historiam
1763 1650 2095 1715 deducimur,

539 1751 662 1790 cum
697 1754 847 1795 mare
876 1740 1137 1807 Rubrum,
1175 1741 1388 1795 nemine
1413 1740 1467 1795 id
1505 1755 1676 1810 neque
1708 1741 1980 1796 dividente
2007 1757 2099 1795 ne-

542 1845 651 1900 que
678 1835 1013 1895 continente.
1039 1834 1213 1903 ipsum
1244 1836 1314 1889 ad
1342 1851 1400 1890 se
1424 1836 1596 1905 ipsum
1626 1846 1960 1889 contractum
1995 1844 2096 1897 est,

540 1924 694 1991 quasi
730 1925 781 1977 iu
817 1933 935 1978 utre
975 1926 1208 1994 quodam
1246 1926 1578 1995 colligatum,
1633 1925 1816 1979 divino
1848 1926 2099 1980 mandato

544 2012 670 2065 illud
696 2011 893 2067 ellundi
926 2028 1029 2068 non
1070 2014 1298 2070 sinente.
1332 2013 1562 2077 Ponens,
1592 2013 1785 2082 inquit,
1821 2016 1874 2066 in
1902 2014 2102 2067 thesau-

540 2106 613 2157 ris
646 2111 883 2175 abyssos.
925 2105 1057 2161 Erat
1104 2106 1381 2163 sentcntiae
1420 2106 1689 2161 communi
1750 2106 1922 2175 magis
1973 2121 2101 2159 con-

543 2213 736 2265 gruum
770 2199 949 2254 dicere
995 2217 1010 2253 :
1051 2200 1263 2255 Ponens
1306 2200 1357 2255 in
1397 2201 1605 2271 ahyssis
1635 2202 1918 2253 thesauros
1958 2197 2103 2253 :hoc

540 2298 644 2352 est,
695 2289 748 2343 in
812 2292 1071 2361 mysterio
1128 2290 1346 2347 divitias
1410 2293 1693 2345 continens
1753 2304 1901 2345 suas.
1950 2286 2103 2342 Nunc

535 2396 669 2437 vero
710 2383 854 2437 velut
898 2398 1027 2452 opes
1052 2384 1309 2454 quasdam
1340 2383 1539 2438 divinis
1576 2382 1844 2437 thesauris
1891 2380 2099 2450 dignas,

539 2476 766 2546 abyssos
791 2476 936 2544 ipsas
975 2491 1096 2533 esse
1135 2476 1283 2532 dicit.
1322 2475 1574 2543 Nunquid
1616 2490 1744 2544 ergo
1786 2473 1973 2544 judicii
2019 2473 2101 2527 di-

544 2569 657 2624 vini
698 2571 935 2626 rationes
982 2571 1373 2626 inenarrabiles
1426 2581 1480 2626 et
1514 2572 1749 2625 humano
1796 2568 1974 2639 captui
2020 2566 2104 2621 in-

540 2661 1079 2730 comprehensibiles,
1111 2662 1291 2732 abyssi
1323 2662 1597 2723 dicuntur,
1624 2674 1743 2713 cum
1784 2660 1836 2713 in
1869 2658 1981 2713 sola
2010 2656 2101 2710 Dei

540 2754 852 2822 cognitione
887 2754 1135 2821 reposita:
1165 2754 1274 2806 sint
1318 2753 1576 2817 rationes,
1628 2749 1783 2818 juxta
1826 2762 1962 2816 quas
1993 2747 2105 2798 sin—

540 2843 661 2915 gula
686 2845 1042 2900 moderatur?
1078 2844 1232 2912 Quod
1263 2845 1406 2900 enim
1437 2844 1545 2898 lata
1573 2843 1640 2897 de
1667 2838 2103 2911 singulisjudicia

539 2938 768 3008 ahyssus
826 2946 1011 2990 vocata
1053 2936 1182 3001 sint,
1228 2938 1280 2991 in
1316 2936 1421 2992 alio
1469 2936 1676 3007 psalmo
1715 2935 2000 2988 didicimus
2032 2933 2108 2985 di-

540 3036 715 3092 cente,
745 3027 962 3082 Iudicia
1006 3038 1098 3083 tua
1151 3030 1369 3099 abyssus
1395 3028 1561 3081 multa
1581 3028 1649 3083 “.
1694 3025 2030 3095 Quapropter
2058 3024 2103 3077 si

542 3120 763 3188 qttteris,
791 3135 911 3185 cur,
951 3121 1059 3175 vita
1094 3123 1393 3192 peccatoris
1416 3131 1723 3191 prorogata,
1755 3119 1882 3188 justi
1912 3120 2026 3173 dies
2051 3117 2102 3169 in

542 3212 645 3265 hoc
678 3212 974 3268 incolarum
998 3214 1116 3269 loco
1138 3217 1473 3279 brevientur,
1492 3231 1589 3269 cur
1612 3214 1841 3283 injustus
1869 3212 2101 3266 secunda

544 3309 733 3354 utatur
760 3299 1002 3369 fortuna,
1030 3303 1207 3369 justus
1241 3306 1487 3367 adversa,
1519 3321 1617 3358 cur
1637 3306 1706 3357 sit
1736 3302 1991 3373 puerulus
2020 3318 2107 3354 ra-

543 3401 668 3460 ptus
685 3402 811 3446 ante
822 3395 999 3447 aetatis
1023 3394 1428 3461 perfectionem,
1450 3396 1591 3449 unde
1606 3395 1763 3460 bella,
1781 3409 1876 3449 cur
1895 3392 2107 3448 naufra-

542 3481 653 3552 gia,
692 3494 849 3536 terra:
870 3494 1066 3548 motus,
1104 3485 1401 3548 siccitates,
1433 3485 1644 3553 pluvias,
1688 3501 1787 3540 cur
1818 3499 1936 3554 qua:
1975 3483 2107 3536 leta-

538 3571 765 3629 lia'sunt
791 3576 1099 3632 hominibus
1114 3589 1296 3634 creata
1329 3580 1456 3639 sint,
1484 3579 1639 3649 137
1661 3595 1761 3634 cur
1782 3578 1871 3633 hic
1897 3592 2107 3640 servus,

542 3665 635 3721 ille
664 3665 822 3733 liber,
863 3684 960 3723 cur
991 3670 1126 3724 alius
1148 3671 1319 3735 dives,
1345 3672 1482 3726 alius
1512 3686 1714 3741 pauper
1742 3679 1925 3741 (atque
1945 3671 2106 3724 etiam

544 3758 772 3814 multum
807 3771 891 3815 est
919 3760 1251 3815 discriminis
1286 3762 1337 3814 in
1378 3764 1615 3829 peccatis
1644 3777 1707 3815 ac
1737 3771 1882 3815 recte
1906 3763 2058 3815 factis
2092 3781 2106 3815 :

546 3849 665 3904 lttec
701 3852 842 3904 enim
872 3851 1007 3905 lenae
1030 3851 1266 3916 vendita,
1293 3851 1341 3903 vi
1378 3851 1430 3903 in
1475 3860 1694 3918 peccato
1724 3861 1829 3913 est,
1868 3850 1952 3902 illa
1980 3864 2109 3904 vero

543 3941 615 3997 ab
641 3942 795 3996 initio
836 3943 1021 3996 heram
1066 3943 1263 3997 bonam
1317 3953 1495 4008 nacta,
1545 3941 1598 3994 in
1630 3942 1940 4011 virginitate
1973 3943 2109 3994 edu-

544 4045 664 4088 cata
700 4034 826 4103 est),
857 4048 957 4087 cur
982 4034 1097 4089 hate
1146 4033 1338 4089 affecta
1390 4034 1652 4090 beneﬁcio
1696 4035 1763 4089 sit
1807 4051 1821 4088 :
1857 4033 1944 4088 illa
1982 4049 2110 4089 vero

543 4128 907 4181 condemnata
936 4143 952 4193 ;
1001 4136 1055 4181 et
1088 4128 1216 4197 quid
1240 4128 1311 4183 sit
1332 4129 1620 4198 unicuique
1647 4130 1839 4183 horum
1873 4144 1900 4181 a
1933 4128 2111 4197 judice

546 4218 955 4272 retribuendum
982 4236 997 4283 ;
1028 4221 1227 4288 quibus
1252 4219 1506 4274 omnibus
1536 4220 1629 4273 tibi
1662 4219 1712 4272 in
1745 4229 1979 4273 mentem
2025 4234 2114 4271 ve-

546 4309 842 4373 nientibus,
891 4312 1065 4371 cngita
1116 4311 1207 4363 Dei
1238 4311 1439 4378 judicia
1491 4312 1719 4381 abyssos
1765 4325 1903 4376 esse,
1943 4325 2039 4363 nec
2082 4325 2110 4362 a

550 4398 795 4465 quolibet
836 4397 995 4453 facile
1020 4398 1404 4467 comprehendi
1439 4413 1618 4465 posse,
1650 4401 1790 4466 quod
1828 4401 1879 4452 in
1920 4400 2113 4453 divinis

2187 545 2514 616 θησαυροῖς
2543 547 2875 610 ἀϐύσσους.
2909 547 3021 603 Οὐκ
3050 543 3191 612 εἷπε,
3209 547 3464 615 Συνάγων
3493 548 3566 601 τά
3598 546 3773 600 ὕδατα

2186 638 2287 707 τῆς
2324 638 2597 708 Θαλάσσης
2624 639 2699 703 ὡς
2727 641 2784 692 ὲν
2812 638 2986 709 ἀσκῷ,
3010 640 3122 694 ἀλλ’
3162 642 3253 706 Ὡς
3271 638 3488 702 ἀσκὸν,
3522 639 3673 693 οὕτω
3701 638 3774 691 τὰ

2189 727 2358 782 ὕδατα
2388 730 2485 800 τῆς
2512 727 2784 801 Θαλάσσης
2810 730 3073 797 συνάγων.
3108 732 3317 802 Νόησον
3340 729 3397 783 δέ
3433 746 3523 800 μοι
3550 729 3653 799 τὴν
3672 742 3771 783 του

2190 820 2361 873 ἀσκοῦ
2386 821 2564 889 φύσιν,
2592 819 2686 873 νῦν
2715 822 2813 892 μὲν
2838 821 3273 894 διαφυσωμένην,
3305 825 3429 877 ὅταν
3458 820 3538 892 τῷ
3564 824 3774 873 ἐναπο-

2189 910 2445 983 ληφθέντι
2480 913 2589 983 (ιθ)
2624 914 2893 984 πνεύματι
2933 912 2993 966 τὸ
3020 912 3195 983 δέρμα
3240 914 3542 986 περιταθῇ·
3581 910 3682 965 νῦν
3716 911 3776 963 δὲ

2193 1007 2638 1077 συστελλομένην,
2679 1008 2805 1061 ὅταν
2835 1009 3163 1081 ὑποχωρήσῃ
3197 1008 3258 1060 τὸ
3292 1009 3576 1064 διατεῖνον.
3610 1004 3776 1061 Οὕτω

2190 1100 2370 1153 τοίνυν
2397 1102 2430 1172 ὴ
2453 1100 2693 1156 θάλασσα
2722 1100 2851 1152 ποτὲ
2884 1104 2980 1172 μὲν
3010 1100 3392 1172 ἐκφλεγμαίνει
3418 1102 3509 1153 καὶ
3547 1100 3636 1164 ζεῖ
3656 1101 3776 1162 τοῖς

2194 1190 2496 1261 πνεύμασιν
2535 1191 2920 1263 ἀγριαινομένη
2967 1195 3060 1247 καὶ
3101 1193 3490 1259 ἐξοιδαίνουσαο
3529 1192 3663 1242 ποτὲ
3716 1189 3776 1242 δὲ

2196 1284 2356 1337 πάλιν
2388 1284 2492 1336 ὑπὸ
2524 1284 2764 1356 γαλήνης
2797 1284 2877 1346 είς
2900 1286 3155 1339 ταπεινὸν
3193 1282 3635 1338 καταστέλλεται.
3701 1281 3776 1343 Ως

2194 1375 2286 1433 οῦν
2315 1377 2500 1443 ἀσκὸν,
2531 1378 2702 1441 οὕτως
2724 1376 2994 1431 συστέλλει
3017 1379 3109 1431 καὶ
3139 1381 3383 1431 ταπεινοῖ
3413 1377 3473 1429 τὸ
3499 1375 3647 1445 ὕδωρ
3669 1372 3777 1442 τῆς

2198 1468 2469 1539 θαλάσσης
2504 1470 2532 1520 6
2569 1470 2789 1541 Κύριος.
2822 1467 3068 1539 Εὖρομεν
3092 1469 3200 1539 (ll)
3222 1467 3277 1519 δὲ
3311 1468 3367 1519 έν
3397 1484 3507 1519 τισι
3534 1467 3648 1519 τῶν
3680 1465 3779 1518 ἀν-

2196 1560 2495 1631 τιγράφων,
2539 1560 2824 1628 Συνάγων
2877 1561 2957 1626 ὡς
2999 1559 3069 1612 ἐν
3119 1558 3287 1624 ἀσκῷ
3318 1557 3506 1611 ὕδατα
3542 1557 3783 1610 θαλάσ-

2201 1669 2339 1719 σης,
2376 1652 2468 1704 ἐπὶ
2491 1650 2591 1721 τὴν
2623 1651 2859 1706 παλαιὰν
2889 1653 3125 1722 ἱστορίαν
3162 1650 3253 1704 τοῦ
3278 1650 3433 1717 λόγου
3460 1650 3613 1718 ἡμᾶς
3640 1648 3783 1699 ἀνα-

2202 1744 2528 1815 πέμποντος,
2569 1745 2656 1796 ὅτε
2690 1747 2722 1815 ἠ
2774 1744 3008 1817 Ἐρυθρά
3036 1742 3297 1806 θάλασσα,
3344 1741 3557 1803 οὐδενος
3602 1739 3784 1806 αὐτὴν

2198 1833 2549 1905 διαιροῦντος,
2571 1835 2692 1888 οὐδὲ
2717 1835 3046 1905 συνέχοντος,
3076 1834 3213 1905 αὐτὴ
3249 1834 3379 1906 πρὸς
3407 1832 3608 1904 ἑαυτὴν
3653 1848 3783 1885 συν-

2199 1927 2462 1992 ειστήκει,
2496 1922 2606 1980 οἷον
2646 1925 2799 1995 ἀσκῷ
2831 1943 2935 1979 τινι
2968 1925 3280 1997 ἐνδεδεμένη
3322 1927 3453 1996 (1'2),
3496 1924 3594 1979 τοῦ
3629 1924 3784 1977 θείου

2201 2016 2617 2088 προστάγματος
2644 2016 2981 2087 προχυθῆναι
3004 2018 3172 2089 αὐτὴν
3192 2018 3291 2070 οὐκ
3311 2017 3527 2081 ἐῶντος.
3561 2018 3783 2080 Τιθεὶς,

2201 2109 2384 2179 φησὶν,
2416 2111 2485 2162 ἐν
2507 2109 2829 2177 θησαυροῖς
2854 2109 3185 2175 ἀϐύσσους.
3225 2108 3677 2178 Ἀκολουθότερον
3712 2102 3787 2174 ἦν

2199 2203 2273 2266 ὡς
2307 2204 2443 2274 πρὸς
2468 2204 2564 2274 τὴν
2590 2205 2775 2275 κοινὴν
2808 2203 3013 2256 ἔννοιαν
3054 2205 3245 2269 εἰπεῖν,
3276 2203 3454 2267 Τιθεὶς
3500 2204 3558 2254 ὲν
3608 2200 3788 2253 ἀϐύσ-

2203 2311 2315 2357 σοις
2360 2295 2483 2357 τοὺς
2532 2294 2870 2366 θησαυρούς·
2915 2295 3209 2358 τουτέστιν,
3252 2297 3308 2347 έν
3338 2290 3621 2365 μυστηρίῳ
3655 2307 3788 2343 συν-

2203 2386 2339 2455 έχων
2368 2386 2459 2439 τὸν
2491 2386 2680 2440 ἑαυτοῦ
2708 2386 2951 2438 πλοῦτον.
2986 2386 3098 2439 Νῦν
3128 2386 3182 2440 δὲ
3215 2386 3401 2453 ὥσπερ
3432 2382 3554 2434 τινὰ
3582 2382 3789 2452 κειμή-

2203 2478 2292 2533 λια
2319 2477 2439 2543 ἄξια
2461 2478 2568 2532 τῶν
2593 2477 2750 2531 θείων
2786 2477 3073 2551 θησαυρῶν
3100 2478 3197 2541 τὰς
3226 2476 3492 2537 ἀϐύσσους
3512 2470 3655 2527 εἷναί
3684 2490 3790 2551 φη-

2205 2587 2279 2626 σι.
2311 2573 2535 2643 Μήποτε
2564 2566 2655 2624 οὖν
2688 2571 2735 2624 οἱ
2762 2572 2887 2641 περὶ
2915 2570 3013 2640 τῆς
3036 2570 3183 2627 θείας
3208 2568 3440 2639 κρίσεως
3468 2566 3640 2636 λόγοι,
3676 2568 3785 2637 ἆῤ-

2207 2667 2359 2734 ρητοι
2406 2663 2557 2725 ὄντες
2596 2664 2688 2715 καὶ
2732 2662 3101 2731 ἀκατάληπτοι
3141 2663 3260 2722 ταῖς
3298 2658 3668 2730 ἀνθρωπίναις
3696 2658 3788 2709 ὲν-

2203 2754 2393 2817 νοίαις,
2428 2753 2649 2806 ἄϐυσσοι
2681 2752 2945 2820 λέγονται,
2968 2753 3024 2805 ὲν
3049 2750 3181 2821 μόνη
3200 2749 3390 2822 τῇστοῦ
3418 2748 3550 2803 Θεοῦ
3577 2748 3786 2818 γνώσει

2204 2844 2577 2914 ἀποκειμένων
2637 2843 2745 2896 τῶν
2786 2844 2978 2911 λόγων,
3036 2841 3156 2896 καθ’
3199 2842 3533 2906 οὖς’ἕκαστα
3575 2842 3787 2893 οίκονο-

2208 2939 2301 3008 μεῖ
2329 2936 2437 3006 (15)
2461 2953 2474 3001 ;
2498 2932 2623 2988 Ὅτι
2654 2936 2759 3007 γὰρ
2786 2935 2853 2988 τὰ
2879 2935 3006 3008 περὶ
3026 2936 3252 2988 ἕκαστον
3276 2936 3517 3004 κρίματα
3544 2932 3786 2995 ἄϐυσσος

2208 3025 2642 3100 προσηγορεύθη,
2677 3028 2734 3079 ὲν
2768 3026 2940 3097 ἑτέρῳ
2970 3026 3169 3097 ψαλμῷ
3197 3021 3548 3091 δεδιδάγμεθα
3590 3021 3784 3089 λέγον-

2206 3135 2293 3171 τι·
2326 3122 2401 3172 Τὰ
2425 3116 2675 3187 κρίματά
2703 3133 2817 3172 σου
2852 3118 3119 3179 ἄϐυσσος
3148 3112 3369 3178 πολλή.
3404 3114 3530 3167 Ἐὰν
3550 3109 3645 3167 οῦν
3668 3116 3787 3166 ἐπι-

2209 3211 2398 3281 ζητῇς,
2427 3212 2511 3263 διὰ
2536 3212 2588 3263 τί
2615 3209 2708 3264 τοῦ
2744 3210 2840 3281 μὲν
2870 3207 3191 3281 ἀμαρτωλοῦ
3235 3210 3268 3280 ἡ
3304 3208 3415 3279 ζωὴ
3456 3207 3787 3278 παρατείνε-

2205 3320 2314 3369 ται,
2337 3303 2431 3356 τοῦ
2457 3302 2512 3355 δὲ
2546 3303 2751 3357 δικαίου
2773 3305 2827 3355 αί
2850 3303 3051 3373 ἡμέραι
3085 3302 3182 3372 τῆς
3208 3302 3496 3372 παροικίας
3521 3300 3634 3371 (Η)
3667 3315 3789 3351 συν.

2203 3398 2509 3467 τέμνονται,
2558 3395 2645 3449 διὰ
2696 3396 2747 3448 τί
2790 3398 2817 3448 6
2866 3396 2963 3466 μὲν
3015 3395 3197 3459 ἄδικος
3257 3394 3581 3466 εὑθηνεῖται,
3640 3394 3669 3444 6
3725 3392 3784 3444 δὲ

2204 3488 2409 3553 δίκαιος
2442 3488 2699 3551 θλίϐεται,
2723 3488 2809 3542 διὰ
2847 3488 2897 3541 τί
2927 3487 2988 3541 τὸ
3014 3488 3219 3543 παιδίον
3244 3490 3373 3559 πρὶν
3398 3489 3474 3549 είς
3505 3484 3786 3538 τελείωσιν

2208 3580 2376 3635 ἐλθεῖν
2410 3580 2755 3653 ἀνηρπάσθη,
2784 3579 2944 3633 πόθεν
2967 3579 3210 3648 πόλεμοι,
3243 3579 3329 3631 διὰ
3361 3578 3410 3629 τί
3438 3577 3504 3629 τὰ
3524 3578 3781 3645 ναυάγια,

2208 3675 2256 3726 οἱ
2292 3674 2523 3744 σεισμοὶ,
2552 3675 2600 3726 οί
2625 3673 2844 3747 αὐχμοὶ,
2881 3674 2935 3724 αἱ
2971 3670 3287 3741 ἐπομϐρίαι,
3318 3668 3405 3721 διὰ
3435 3666 3485 3719 τί
3517 3667 3585 3720 τὰ
3610 3671 3785 3738 φθαρ-

2207 3762 2333 3816 τικά
2381 3763 2488 3815 τῶν
2517 3761 2818 3834 ἀνθρώπων
2862 3761 3338 3831 δεδημιούργηται,
3383 3757 3472 3811 διὰ
3508 3760 3561 3810 τί
3609 3761 3640 3811 6
3684 3759 3785 3829 μὲν

2206 3853 2410 3916 δοῦλος,
2440 3856 2468 3906 6
2516 3855 2571 3905 δὲ
2605 3853 2906 3923 ἐλεύθερος,
2950 3855 2978 3905 6
3024 3852 3121 3921 μὲν
3145 3851 3381 3913 πλουτεῖ,
3414 3852 3442 3902 6
3472 3851 3526 3904 δὲ
3560 3851 3785 3905 πένεται

2207 3944 2363 4009 (πολὺ
2397 3944 2452 3997 δὲ
2482 3945 2575 3997 καὶ
2605 3946 2662 3996 ὲν
2690 3946 2801 4006 τοῖς
2829 3945 3292 4015 ἁμαρτανομένοις
3337 3942 3369 4013 ἢ
3412 3943 3786 4014 κατορθουμέ-

2207 4052 2317 4098 νοις
2348 4036 2465 4088 ἐστὶ
2493 4035 2554 4088 τὸ
2577 4034 2857 4105 διάφορον·
2894 4037 2927 4105 ἡ
2970 4034 3068 4104 μὲν
3109 4033 3219 4105 γὰρ
3253 4033 3604 4104 πορνοϐοσκῷ
3640 4045 3783 4106 πρα-

2209 4127 2362 4181 θεῖσα
2392 4127 2526 4198 πρὸς
2550 4127 2793 4196 ἀνάγκην
2823 4126 2967 4178 ἐστὶν
2989 4126 3046 4179 ὲν
3078 4126 3142 4195 τῇ
3177 4125 3417 4196 ἁμαρτίᾳ
3438 4143 3449 4154 ·
3477 4126 3508 4195 ἡ
3538 4125 3595 4176 δὲ
3623 4124 3785 4190 εὐθὺς

2211 4220 2424 4290 ἀγαθῆς
2463 4219 2576 4288 (15':
2603 4217 2889 4287 δεσποίνης
2930 4217 3263 4286 ἐπιτυχοῦσα
3297 4218 3667 4287 ωνεξετράφη
3719 4222 3782 4289 τῇ

2211 4311 2521 4382 παρθενίᾳ),
2577 4309 2663 4362 διά
2694 4309 2745 4361 τί
2778 4307 2914 4380 αῦτη
2967 4308 3063 4378 μὲν
3100 4308 3462 4379 εὐηργετήθη,
3511 4310 3696 4378 ἐκείνη
3729 4310 3785 4361 δὲ

2212 4400 2570 4472 κατεδικάσθη
2592 4418 2605 4431 ’
2635 4402 2726 4454 καὶ
2742 4400 2819 4462 τίς
2843 4402 2874 4469 ή
2905 4402 2987 4466 ἐφ’
3012 4401 3241 4451 ἑκάστου
3273 4399 3383 4469 (16)
3406 4399 3610 4451 τούτων
3638 4400 3786 4469 παρά

550 4491 820 4549 thesauris
848 4491 1103 4546 conclusa
1138 4501 1282 4545 sunt.
1326 4488 1431 4544 Sed
1470 4501 1525 4543 et
1557 4492 1794 4545 credenti
1834 4493 1958 4544 data
1990 4508 2103 4560 pro-

2215 4494 2309 4546 τοῦ
2342 4492 2527 4563 κριτοῦ
2569 4491 2955 4552 ἀνταπόδοσις·
2996 4489 3167 4542 ταῦτα
3198 4489 3376 4543 πάντα
3401 4490 3582 4543 λαϐὼν
3603 4493 3682 4556 είς
3713 4492 3788 4543 ἕν-

550 4583 738 4637 missio
772 4593 857 4638 est
884 4599 915 4637 a
957 4583 1088 4644 Deo,
1122 4582 1389 4644 videlicet,
1433 4582 1580 4637 Dabo
1601 4583 1694 4636 tibi
1720 4583 1990 4637 thesauros
2016 4588 2110 4637 ab-

547 4674 814 4729 sconditos
835 4686 882 4729 et
917 4674 1200 4729 invisibiles
1226 4676 1294 4728 τ’.
1337 4673 1626 4745 Postquam
1659 4676 1819 4745 igitur
1839 4690 1902 4728 ea
1935 4676 2114 4745 cogni-

550 4767 695 4823 tione
718 4780 841 4838 quae
863 4778 948 4822 eat
979 4769 1117 4823 facie
1138 4768 1202 4820 ad
1226 4766 1440 4833 faciem,
1468 4767 1611 4837 digni
1639 4766 1806 4820 habiti
1831 4766 2109 4833 fuerimus,

622 4986 666 5019 "
698 4984 839 5040 Psal.
882 5000 1045 5051 xxxv,
1086 4985 1141 5041 7.
1220 4986 1266 5018 η
1303 4986 1406 5041 lsn.
1438 5002 1563 5051 ην,
1595 4987 1649 5040 5.

626 5168 741 5240 (llr)
768 5164 1308 5240 ColbertiuiAprimus
1339 5175 1393 5219 et
1416 5178 1643 5240 quartus
1664 5164 2119 5240 ὲναπολειφθέντι.

551 5236 695 5296 Editi
722 5236 850 5293 vero
895 5247 949 5293 et
1006 5237 1095 5307 alii
1123 5252 1252 5290 mss.
1291 5236 1743 5307 ὲναπσληφθέντι,
1786 5238 1941 5291 bene.
2005 5237 2123 5289 Mox

555 5310 691 5379 Reg.
751 5309 944 5362 tertius
975 5306 1391 5379 ὲμφλεγμαίνει.
1434 5305 1655 5379 Nec;_i_ta
1702 5307 1869 5361 multo
1903 5316 2021 5379 post
2050 5322 2129 5360 se-

554 5375 699 5449 ptein
734 5394 865 5433 mss.
900 5380 978 5441 εἰς
1013 5375 1780 5449 ταπεινὸννᾼκαταστέλλουσα.
1825 5378 1963 5430 Editi
2003 5392 2125 5431 cum

552 5447 877 5520 quibusdam
890 5463 1037 5520 imss.
1065 5447 1499 5520 καταστέλλεται.

628 5518 739 5589 (Η)
788 5518 940 5573 Colb.
990 5530 1212 5585 quartus
1265 5519 1525 5589 εὕραμεν.
1584 5518 1777 5572 Statim
1831 5516 2123 5571 Colbertini

554 5591 853 5661 primushet
877 5600 1103 5657 quartus
1130 5590 1206 5652 ὡς
1238 5591 1317 5661 εἰς
1339 5589 1524 5642 ἀσκόν.

628 5659 738 5729 (12)
772 5659 905 5727 Reg.
951 5663 1219 5713 secundus
1253 5660 1305 5713 in
1349 5670 1599 5713 contextu
1634 5657 1970 5728 ἐνδεδεμένη,
2011 5658 2122 5729 cin-

557 5728 746 5785 ctum:
791 5730 887 5785 sed
928 5729 1068 5785 idem
1126 5731 1293 5785 codex
1330 5729 1595 5799 vulgatam
1640 5730 1947 5792 lectionem,
1982 5728 2123 5781 ἐνδε-

2217 4600 2384 4648 νοιαν,
2421 4581 2772 4652 ἐνθυμήθητι,
2800 4582 2879 4633 ὅτι
2911 4580 3143 4644 ἄϐυσσός
3170 4582 3285 4633 ἐστι
3324 4582 3392 4635 τὰ
3418 4582 3662 4653 κρίματα
3696 4584 3785 4636 τοῦ

2218 4674 2373 4737 Θεοῦ,
2410 4674 2505 4728 καὶ
2564 4672 2642 4742 τῷ
2684 4674 2797 4735 τοῖς
2845 4670 3134 4743 θησαυροῖς
3164 4675 3276 4737 τοῖς
3324 4672 3488 4737 θείοις
3536 4678 3791 4729 ἐναποκευ

2220 4766 2482 4833 κλεῖσθαι,
2513 4765 2614 4824 οὐκ
2644 4764 2885 4835 εὔληπτα
2910 4768 3020 4828 τοῖς
3041 4764 3282 4838 τυχοῦσι.
3309 4766 3419 4820 Καὶ
3454 4765 3532 4838 τῷ
3567 4768 3787 4822 πιστεύ-

2222 5163 2449 5233 δυμένη,
2485 5162 2699 5229 prazfert
2729 5177 2941 5232 quoque
2963 5162 3016 5215 in
3046 5164 3308 5227 margine.

2322 5235 2408 5305 15)
2443 5233 2690 5305 Nonnulli
2718 5248 2847 5305 mss.
2874 5235 3258 5303 οἰκονομεῖται.
3299 5233 3403 5287 Alii
3429 5235 3721 5305 οἰκονομεῖ.

2322 5238 2385 5285 13
2443 5238 2690 5286 Nonnulli
2721 5248 2847 5287 mss.
2874 5238 3258 5303 οἰκονομεῖται.
3299 5238 3403 5287 Alii
3429 5238 3721 5305 οἰκονομεῖ.

2295 5238 2408 5374 libi
2446 5304 2584 5356 Editi
2616 5314 2669 5357 et
2716 5304 2863 5374 Regii
2919 5316 3141 5371 quartus
3170 5314 3223 5357 et
3269 5316 3455 5358 sextus
3482 5321 3604 5356 cum
3639 5308 3787 5361 thIh.

2224 5379 2453 5448 septith
2486 5375 2541 5426 αἱ
2582 5375 2801 5448 »ἡμέραι
2834 5378 2934 5448 τῆς
2963 5375 3280 5448 *παροικίας
3314 5390 3327 5404 ·
3359 5376 3452 5428 sed
3511 5375 3660 5441 illud,
3696 5379 3790 5448 τῆς

2226 5445 2533 5514 παροικίας,
2562 5446 2710 5498 deest
2747 5447 2798 5497 in
2826 5445 3005 5497 multis
3037 5462 3163 5497 nus.

2302 5515 2413 5584 (15)
2449 5514 2600 5567 Colb.
2634 5526 2859 5584 quartus
2889 5518 2920 5585 η
2958 5514 3014 5566 δὲ
3045 5514 3238 5586 ὁδηγοῦ
3272 5514 3503 5582 ἀγαθῆς,
3544 5525 3675 5580 etc.,
3710 5537 3793 5571 na-

2229 5594 2310 5637 cta
2350 5588 2527 5636 lteram
2555 5586 2759 5641 bonum.
2788 5602 2903 5653 qua:
2936 5588 3065 5637 viam
3101 5589 3559 5639 commoustrulml.

2301 5655 2410 5723 (l6)
2435 5654 2658 5707 Codices
2683 5656 2917 5709 nonnulli
2942 5656 3024 5722 ἐφ’
3055 5657 3286 5724 ἑκάστῳ.
3311 5655 3411 5707 Alii
3440 5658 3522 5725 ἐφ’
3542 5656 3789 5712 ἑκάστου.

2230 5727 2370 5779 lnl'ru
2401 5725 2530 5794 Reg.
2566 5726 2834 5780 secundus
2859 5726 3156 5793 ἐπαγγελία
3187 5726 3402 5778 δίδοται.
