4016 6472
264 397 366 450 357

1376 400 1653 456 BOIKILIA
1699 403 1763 456 IN
1806 403 2136 462 PSALMUM
2171 410 2385 465 XXXII.

3366 417 3469 471 338

263 520 371 554 οντι
397 503 451 555 δὲ
471 503 765 571 ἐπαγγελία
795 503 1000 560 δέδοται
1035 507 1182 577 παρὰ
1203 507 1358 572 Θεοῦ,
1394 512 1474 562 ὅτι
1507 511 1681 565 Δώσω
1715 530 1812 566 σοι

1926 516 2087 567 etiam
2128 531 2219 570 eas
2259 534 2376 585 qua:
2399 522 2449 573 in
2484 521 2572 573 Dei
2609 521 2872 574 thesauris
2907 531 3031 575 sunt
3053 522 3274 589 abyssos
3305 521 3475 574 intue-

262 593 599 659 θησαυροὺς
640 595 1043 664 ἀποκρύφους,
1090 598 1400 666 ἁοράτους.
1455 601 1697 656 Ἐπειδὰν
1729 599 1820 657 οὖν

265 679 678 752 καταξιωθῶμεν
724 681 821 752 τῆς
869 685 1153 754 πρόσωπον
1195 687 1328 757 πρὸς
1367 689 1654 758 πρόσωπον
1682 691 1814 759 γνὼ-

265 787 418 837 σεως,
450 769 689 840 ὀψόμεθα
736 774 827 826 καὶ
867 775 963 836 τὰς
1005 774 1063 825 ἐν
1106 777 1214 837 τοῖς
1239 775 1524 847 θησαυροῖς
1560 778 1653 830 τοῦ
1686 782 1818 836 Θεοῦ

262 861 546 922 ἀϐύσσους.
582 861 834 931 Συνάγων
877 866 932 918 δὲ
969 864 1038 916 τὰ
1071 865 1127 917 ὲν
1159 868 1223 938 τῇ
1263 867 1447 938 Γραφῇ
1483 870 1610 939 περί
1639 872 1818 927 ἀσκῶν

263 955 539 1025 εἰρημένα,
565 955 760 1024 μᾶλλον
787 960 989 1030 γενήσῃ
1023 960 1077 1010 ἐν
1104 962 1343 1034 περινοίᾳ
1367 961 1459 1014 τοῦ
1487 962 1816 1034 βουλήματος

261 1045 351 1097 τοῦ
380 1049 711 1116 προφητικοῦ
741 1050 870 1120 (17).
903 1051 964 1101 Oi
995 1050 1088 1120 μὲν
1110 1047 1200 1103 οῦν
1225 1049 1666 1123 ἀνακαινούμενοι
1694 1057 1817 1125 ἠμέ-

265 1153 333 1206 ρᾳ
360 1137 453 1190 καὶ
491 1140 689 1211 ἡμέρᾳ,
721 1141 813 1193 καὶ
835 1142 924 1193 τὸν
948 1143 1129 1194 καινὸν
1154 1139 1291 1197 οἶνον
1319 1147 1424 1199 ἀπὸ
1450 1144 1546 1213 τῆς
1576 1145 1815 1214 ἀμπέλου

260 1227 638 1304 τῆςςάληθινῆς
670 1231 987 1301 χωροῦντες,
1017 1234 1171 1286 ἀσκοὶ
1212 1231 1348 1290 εἶναι
1377 1237 1621 1303 λέγονται
1655 1237 1709 1286 ἐν
1740 1234 1817 1305 τῷ

260 1319 572 1389 Εὑαγγελίῳ
594 1319 764 1372 καινοί
789 1337 801 1350 ·
834 1323 882 1372 οἱ
912 1321 967 1374 δὲ
990 1323 1211 1392 μηδέπω
1237 1326 1325 1378 τὸν
1351 1325 1573 1377 παλαιὸν
1612 1324 1817 1396 ἅνθρω-

262 1430 360 1465 πον
388 1411 704 1480 ἀποθέμενοι
733 1413 888 1465 ἀσκοί
908 1416 1010 1468 εἰσι
1047 1417 1278 1480 παλαιοὶ,
1313 1418 1386 1486 μὴ
1409 1418 1690 1487 δυνάμενοι
1730 1435 1819 1470 πι-

263 1500 544 1554 στεύεσθαι
583 1504 678 1572 τὴν
714 1504 974 1577 ὑποδοχὴν
1011 1507 1103 1559 τοῦ
1139 1508 1255 1559 νέου
1284 1507 1446 1557 οἴνου.
1494 1508 1678 1568 Οὐδεὶς
1709 1507 1816 1579 γὰρ

263 1592 441 1661 βάλλει
471 1590 606 1647 οἶνον
636 1594 750 1648 νὲον
791 1599 870 1660 εἰς
906 1598 1105 1659 ἀσκοὺς
1131 1597 1408 1659 παλαιοὺς,
1446 1596 1529 1648 ἵνα
1566 1597 1638 1667 μὴ
1669 1598 1762 1650 καὶ
1789 1601 1817 1652 6

259 1676 398 1746 οἶνος
447 1683 644 1755 ἐκχυθῇ
678 1684 808 1753 (18),
851 1685 943 1736 καὶ
972 1685 1145 1752 πάντη
1178 1683 1482 1736 ἀπόλωνται
1523 1686 1717 1738 ἐκεῖνοι
1765 1687 1813 1738 οἰ

259 1775 435 1838 ἀσκοὶ,
472 1777 722 1846 οὐδεμιᾶς
768 1777 1070 1844 ἀξιούμενοι
1112 1776 1436 1848 συγγνώμης
1469 1777 1566 1844 ἔτι,
1604 1778 1696 1832 ἐὰν
1724 1780 1814 1832 τὸν

1920 604 2116 659 bitnur.
2147 608 2297 672 Quod
2320 608 2364 660 si
2389 625 2449 662 ea
2478 625 2594 677 quae
2624 612 2677 664 in
2701 608 2976 678 Scriptura
3003 610 3068 662 de
3096 610 3301 661 utribus
3332 609 3472 660 dicta

1919 708 2060 761 Sunt,
2090 698 2388 766 collegeris.
2421 701 2741 765 prophetica:
2764 700 3044 754 sententiae
3064 698 3470 767 intelligentiam

1921 788 2088 853 magis
2122 789 2444 855 assequeris.
2478 787 2576 852 Qui
2623 792 2784 857 igitur
2829 791 2894 843 de
2928 790 3012 841 die
3063 790 3114 841 in
3148 789 3284 842 diem
3323 802 3473 842 reuo-

1918 887 2132 938 vantur,
2165 886 2218 928 et
2239 879 2418 929 viuum
2452 890 2643 928 novum
2669 894 2693 926 a
2720 893 2843 930 vera
2875 877 2978 930 vile
3007 875 3290 942 accipiuut,
3325 883 3472 927 utres

1918 968 2037 1020 novi
2062 981 2180 1020 esse
2222 969 2270 1018 iu
2305 967 2591 1035 Evangelia
2627 967 2894 1022 dicuntur.
2937 967 3038 1036 Qui
3086 981 3215 1019 vero
3240 966 3470 1018 nondum

1920 1070 2150 1112 veterem
2195 1058 2463 1111 hominem
2515 1067 2800 1119 exuerunt.
2862 1071 2984 1114 sunt
3049 1066 3263 1114 veteres
3295 1065 3465 1119 utres,

1918 1151 2109 1214 quibus
2159 1149 2478 1218 suscipiendi
2521 1151 2624 1202 viui
2686 1150 2805 1202 ttovi
2840 1149 3062 1204 facultas
3104 1149 3324 1204 concedi
3365 1162 3467 1201 non

1919 1250 2115 1306 potest.
2150 1241 2316 1296 Nemo
2372 1240 2514 1293 enim
2568 1241 2936 1293 tuittitviuum
2989 1255 3178 1293 novum
3224 1243 3275 1294 in
3323 1251 3472 1294 utros

1918 1343 2143 1394 veteres,
2171 1342 2226 1384 ut
2254 1349 2318 1386 ne
2350 1342 2402 1385 et
2435 1333 2614 1384 vinum
2653 1331 2976 1394 effundatur,
3024 1339 3078 1383 et
3105 1332 3179 1384 illi
3209 1343 3353 1385 utres
3381 1349 3470 1400 pe-

1919 1419 2061 1472 ttitus
2107 1430 2327 1487 pereant
2353 1421 2421 1484 ⁷³,
2475 1420 2674 1476 nullam
2710 1421 2934 1489 amplius
2967 1419 3175 1473 veniam
3215 1433 3470 1472 consecu-

1919 1513 2063 1575 tttri,
2133 1511 2177 1564 si
2249 1511 2442 1566 bonum
2511 1527 2574 1566 ac
2626 1525 2820 1564 novum
2883 1513 3062 1564 vinum
3116 1507 3466 1563 ittelTuttdaut.

1917 1604 2120 1656 Novum
2178 1603 2318 1655 enim
2359 1605 2537 1656 vinum
2573 1603 2624 1657 in
2649 1611 2797 1658 utres
2823 1618 2993 1657 novos
3017 1611 3100 1657 est
3129 1600 3468 1655 mittendum.

1919 1693 2109 1746 Vinum
2135 1691 2274 1758 quod
2323 1705 2515 1743 novum
2548 1707 2610 1742 ac
2646 1689 2919 1759 spirituaie
2967 1690 3057 1753 sit,
3085 1692 3332 1759 quodque
3361 1687 3469 1760 Spi-

1919 1780 2020 1831 ritu
2045 1789 2235 1831 saucto
2265 1776 2486 1840 ferveat,
2517 1779 2682 1844 ipsam
2714 1779 2963 1833 videlicet
2995 1779 3241 1833 veritatis
3271 1777 3470 1834 intelli-

259 1865 417 1917 καλὸν
449 1869 539 1918 καὶ
569 1867 748 1918 καινὸν
791 1865 1047 1933 ἐκχέωσιν
1085 1861 1241 1920 οἶνον.
1297 1865 1447 1922 Οἶνον
1486 1871 1590 1938 γὰρ
1630 1870 1812 1922 καινὸν

1925 1870 2141 1938 gentiam
2171 1884 2441 1938 nunquam
2484 1878 2926 1933 veterasceutem,
2964 1870 3014 1922 in
3063 1884 3255 1922 novum
3300 1869 3469 1923 homi-

257 1958 337 2018 εἰς
397 1956 595 2018 ἀσκοὺς
641 1956 855 2019 καινοὺς
902 1955 1138 2026 βλητέον.
1179 1958 1278 2010 Τὸν
1309 1958 1489 2009 καινὸν
1524 1959 1616 2008 καὶ
1651 1974 1812 2010 πνευ-

261 2045 482 2115 ματικὸν
535 2041 692 2109 οἶνον,
749 2047 840 2100 καὶ
900 2046 977 2117 τῷ
1041 2048 1313 2117 Πνεῦματι
1370 2045 1447 2116 τῷ
1493 2047 1629 2117 ἁγίῳ
1673 2045 1816 2110 ζέον-

256 2155 344 2201 τα,
378 2137 469 2190 τὸν
514 2137 779 2207 μηδέποτε
827 2138 1213 2207 παλαιούμενον
1261 2137 1359 2206 τῆς
1407 2138 1658 2208 ἀληθείας
1692 2140 1813 2194 νοῦν

1919 1976 2037 2014 nem
2067 1963 2277 2014 mittere
2324 1975 2495 2029 operm
2536 1959 2761 2028 pretium
2790 1971 2908 2024 est;
2939 1962 3052 2029 qui,
3081 1960 3223 2028 quod
3263 1971 3473 2028 semper

1919 2053 2382 2106 mortificationem
2419 2051 2540 2105 Jesu
2569 2053 2616 2103 iu
2650 2067 2875 2121 c0rp0re
2905 2053 3213 2108 circumfert
3242 2054 3308 2119 ",
3356 2064 3476 2106 ulcr

1917 2159 2087 2198 novus
2137 2144 2241 2197 dici
2274 2146 2464 2196 merito
2496 2154 2685 2212 potest.

257 2235 336 2297 εἰς
401 2235 491 2287 τὸν
549 2232 730 2284 καινὸν
793 2233 1075 2304 ἄνθρωπον
1134 2231 1392 2302 βλητέον·
1463 2233 1553 2297 ὃς,
1616 2235 1702 2287 διὰ
1759 2237 1820 2289 τὸ
1892 2241 2120 2294 πάντοτε
2177 2239 2276 2310 τὴν
2336 2237 2596 2310 νέκρωσιν
2655 2238 2747 2290 τοῦ
2827 2237 2998 2309 Ἰησοῦ
3057 2240 3114 2293 ἐν
3168 2235 3244 2308 τῷ
3293 2237 3476 2308 σώμα-

255 2344 309 2378 τι
352 2325 682 2396 περιφέρειν,
746 2324 908 2386 ἀσκὸς
954 2324 1018 2376 ἂν
1064 2323 1269 2391 λέγοιτο
1321 2319 1457 2376 εἴναι
1516 2327 1696 2388 καινὸς
1741 2328 1982 2394 δικαίως.

327 2416 377 2472 6.
410 2416 718 2485 Φοϐηθήτω
738 2417 841 2469 τὸν
866 2417 1080 2484 Κύριον
1103 2415 1271 2470 πᾶσα
1297 2417 1334 2484 ἠ
1365 2416 1437 2487 γῆ
1460 2435 1472 2448 ο
1506 2419 1602 2471 ἀπ’
1633 2420 1815 2473 αὑτοῦ

257 2507 325 2560 δὲ
370 2508 834 2575 σαλευθήτωσαν
895 2507 1118 2574 πάντες
1161 2513 1211 2563 οι
1238 2510 1648 2577 κατοικοῦντες
1702 2512 1815 2577 τὴν

259 2598 634 2668 οἰκουμένην.
694 2599 907 2670 Ἐπειδὴ
959 2600 1120 2668 φόϐος
1169 2601 1371 2670 Κυρίου
1432 2602 1572 2674 ἀρχὴ
1636 2602 1820 2673 αἰσθή-

264 2706 398 2752 σεως
429 2691 559 2758 (19),
584 2692 643 2740 οἱ.
661 2688 727 2740 τά
751 2692 912 2758 γήινα
937 2691 1255 2759 φρονοῦντες
1279 2692 1367 2744 διὰ
1390 2693 1552 2760 φόϐου
1572 2692 1820 2745 παιδευέ-

266 2782 494 2832 σθωσαν.
551 2780 634 2842 Ὧς
704 2779 801 2848 μὲν
850 2780 957 2849 γὰρ
1009 2783 1362 2849 εἰσαγωγικὸς
1412 2785 1490 2844 εἰς
1543 2784 1819 2836 εὐσέϐειαν

260 2871 567 2939 ἀναγκαίως
601 2871 1079 2942 παραλαμϐάνεται
1116 2875 1144 2926 6
1176 2874 1356 2942 φόϐος,
1391 2875 1574 2945 ἀγάπη
1602 2877 1678 2940 δὲ,
1709 2876 1818 2928 λοι-

261 2964 361 3016 πὸν
395 2962 777 3034 παραλαϐοῦσα
801 2964 924 3024 τοὺς
952 2963 1340 3034 ρυθμισθέντας
1360 2967 1464 3018 ἀπὸ
1486 2965 1578 3018 τοῦ
1602 2968 1820 3036 ἐπιστη-

264 3055 482 3127 μονικοῦ
511 3054 695 3124 φόϐου,
726 3055 933 3106 τελειοῖ.
979 3056 1134 3127 Πάσῃ
1159 3053 1248 3108 οῦν
1289 3061 1353 3128 τῇ
1384 3061 1452 3128 γῇ
1487 3058 1646 3127 φόϐον
1683 3076 1820 3131 παρ·
1847 3104 1890 3162 c

261 3149 513 3217 ἀγγέλλει
545 3151 571 3201 ὁ
597 3149 770 3216 λόγος.
807 3150 1278 3213 Σαλευθήτωσιιν
1298 3151 1384 3215 δὲ,
1413 3155 1563 3220 φησί,
1592 3153 1691 3206 ἀπ’
1721 3157 1818 3207 αὺ-

261 3241 367 3293 τοῦ
432 3240 654 3305 πάντες
702 3243 752 3293 οἰ
810 3237 1223 3303 κατοικοῦντες
1277 3241 1391 3307 τὴν
1439 3241 1814 3310 οἰκουμένην.

264 3330 437 3383 Οἱονεὶ
469 3333 575 3383 πᾶν
602 3331 819 3401 κίνημα,
859 3331 965 3382 εἴτε
1000 3330 1138 3383 κατά
1168 3331 1309 3392 νοῦν,
1334 3331 1442 3384 εἴτε
1475 3332 1615 3385 κατά
1639 3349 1821 3402 σωμα-

260 3421 420 3490 τικὴν
446 3420 719 3489 ἐνέργειαν
745 3421 1172 3490 ὲπιτελούμενον,
1202 3421 1344 3475 κατά
1377 3423 1438 3474 τὸ
1463 3422 1706 3494 βούλημα
1729 3424 1822 3475 αὑ-

260 3515 373 3576 τοῖς
397 3511 488 3563 τοῦ
518 3511 650 3564 Θεοῦ
673 3511 1013 3580 ἐνεργείσθω.
1047 3512 1199 3565 Οὕτω
1227 3514 1334 3584 γὰρ
1372 3515 1475 3568 νοῶ
1497 3516 1574 3582 τὸ,
1604 3519 1823 3568 Σαλευ-

263 3603 538 3670 θήτωσαν
570 3602 668 3656 ἀπ’
696 3603 903 3656 αὐτοῦ.
939 3603 1111 3655 Οἱονεὶ
1141 3604 1272 3674 μήτε
1300 3605 1570 3674 ὀφθαλμὸς
1607 3605 1824 3658 σαλευέ-

267 3696 376 3749 σθω
409 3695 518 3766 (ἳθ)
552 3696 676 3748 ἄνευ
707 3693 874 3746 Θεοῦ’
916 3695 989 3765 μὴ
1027 3695 1144 3766 χεὶρ
1198 3696 1446 3748 κινείσθω
1486 3698 1610 3750 ἄνευ
1658 3695 1820 3749 Θεοῦ·

267 3787 341 3858 μὴ
379 3789 411 3856 ἡ
462 3785 654 3856 καρδία
699 3783 1009 3837 διανοείσθω
1051 3786 1119 3837 τὰ
1156 3785 1228 3856 μὴ
1265 3787 1528 3856 εὐάρεστα
1575 3785 1650 3855 τῷ
1687 3784 1821 3855 Θεῷ.

266 3878 375 3929 Καὶ
427 3875 560 3939 ὅλως
609 3875 713 3928 ἀπὸ
750 3875 971 3945 μηδενὸς
1011 3876 1166 3930 ἄλλου
1215 3877 1644 3947 σαλευθήτωσαν,
1693 3877 1825 3947 μηδὲ

267 3967 462 4030 αὐτούς
490 3985 542 4020 τι
574 3970 808 4033 κινείτω,
845 3969 890 4020 εἰ
925 3968 997 4040 μὴ
1029 3972 1056 4022 6
1091 3969 1182 4023 τοῦ
1209 3969 1339 4022 Θεοῦ
1366 3969 1546 4037 φόϐος.
1582 3971 1701 4021 Ὅτι
1729 3971 1827 4022 αὐ-

265 4059 367 4123 τὸς
389 4057 537 4124 εἶπε,
575 4061 670 4113 καί
695 4058 1065 4128 ἐγενήθησαν
1086 4078 1098 4090 ·
1133 4060 1311 4125 αὐτὸς
1338 4061 1692 4122 ἐνετείλατο,
1727 4059 1827 4111 και

265 4146 650 4217 ἐκτίσθησαν.
693 4152 832 4221 Πρὸς
870 4151 958 4204 δύο
985 4153 1051 4203 τά
1079 4153 1382 4222 προάγοντα
1419 4151 1510 4203 δύο
1540 4152 1784 4219 ἐπήγαγε
1809 4166 1822 4178 ·

267 4243 578 4307 Φοϐηθήτω
602 4243 768 4296 πᾶσα
790 4246 825 4310 ὴ
857 4243 954 4310 γῆ,
977 4245 1088 4304 καὶ.
1111 4242 1584 4307 Σιιλευθήτωοναν
1607 4242 1830 4306 πάντες

266 4335 322 4387 οὶ
363 4333 774 4399 κατοικοῦντες
815 4333 928 4399 τὴν
956 4332 1329 4402 οἰκουμένην,
1362 4334 1440 4395 τὸ,
1468 4333 1655 4399 Αὐτὸς
1680 4330 1828 4397 εἷπε,

1983 2425 2036 2478 6.
2068 2424 2233 2478 Vens.
2268 2428 2320 2481 8.
2352 2426 2551 2480 Timeat
2600 2426 2874 2479 Dominum
2910 2429 3077 2478 omnis
3109 2434 3248 2478 terra
3272 2441 3292 2479 :
3323 2424 3388 2478 ab
3415 2441 3475 2478 eo

1915 2524 2086 2567 autem
2145 2527 2564 2568 commoveantur
2623 2532 2797 2568 omnes
2861 2516 3212 2568 inhabitantes
3275 2517 3473 2567 orbem.

1917 2604 2360 2673 Quandoquidem
2393 2605 2550 2656 tituor
2591 2604 2794 2656 Domini
2832 2603 3040 2656 initium
3085 2615 3166 2656 est
3199 2618 3388 2657 sensus
3409 2603 3476 2663 ".

1917 2705 2126 2749 terrena
2172 2695 2263 2763 qui
2305 2696 2539 2762 sapiunt,
2583 2710 2676 2759 per
2724 2693 2968 2748 timorem
3019 2695 3355 2748 erudiautur.
3391 2692 3480 2746 Ti-

1917 2800 2032 2838 tnor
2064 2787 2204 2839 enim
2249 2787 2392 2839 velut
2424 2786 2488 2838 ad
2528 2786 2776 2854 pietatem
2829 2786 3192 2850 iutroducens,
3235 2800 3482 2839 necessa-

1926 2877 2004 2928 rio
2033 2878 2316 2930 adhibetur
2352 2897 2364 2930 :
2409 2879 2648 2934 charitas
2694 2893 2821 2931 vero
2869 2878 3124 2943 deinceps
3167 2878 3480 2942 succedens,

1925 2981 2017 3021 eos
2038 2982 2168 3035 quos
2200 2968 2357 3021 timor
2401 2969 2464 3020 ad
2517 2970 2868 3022 erudiendum
2914 2968 3138 3022 idoneus
3180 2969 3480 3022 concinna-

1923 3059 2019 3124 vit,
2053 3057 2279 3128 perlicit.
2324 3058 2510 3126 Itaque
2554 3068 2706 3112 terra:
2731 3060 2875 3111 omni
2923 3063 3084 3112 verba
3120 3060 3303 3113 istltzec
3336 3060 3484 3113 tim)-

1924 3164 2035 3202 retn
2068 3150 2386 3217 praecipiunt
2420 3147 2893 3202 :Commorenntur
2943 3161 3136 3212 autent,
3183 3150 3374 3217 inquit,
3419 3167 3481 3202 tu

1923 3256 1981 3292 eo
2009 3256 2184 3292 omnes
2235 3241 2584 3293 inhabitantes
2612 3241 2806 3293 orbem.
2851 3239 3113 3293 Nimirum
3164 3251 3338 3293 mutus
3369 3254 3486 3293 om-

1927 3328 2032 3389 nis,
2064 3336 2171 3378 tum
2194 3329 2283 3394 qui
2315 3343 2378 3381 ex
2414 3339 2612 3391 mente,
2644 3338 2751 3381 tum
2783 3329 2870 3397 qui
2895 3344 2959 3382 ex
2984 3329 3247 3396 corporali
3270 3331 3485 3384 actione

1927 3417 2120 3482 oritur,
2161 3419 2452 3471 secundum
2489 3418 2580 3472 Dei
2615 3420 2941 3473 voluntatem
2968 3421 3034 3474 ab
3071 3421 3200 3489 ipsis
3235 3421 3485 3489 perﬁcia-

1931 3517 2036 3561 tur.
2067 3508 2158 3562 Sic
2189 3509 2331 3562 ettim
2371 3509 2610 3580 intelligo
2668 3512 2815 3574 illttd,
2847 3509 3278 3564 Commoveantur
3312 3514 3374 3564 ab
3405 3528 3484 3566 eo.

1930 3600 2171 3669 Exempli
2203 3603 2394 3668 gratia,
2442 3617 2614 3670 neque
2642 3603 2830 3655 oculus
2872 3613 3149 3656 moveatur
3191 3605 3307 3658 sine
3351 3605 3478 3668 Duo,

1932 3708 2103 3762 neque
2141 3708 2327 3746 manus
2372 3695 2604 3760 agitetur
2657 3695 2772 3747 sine
2833 3693 2960 3760 Deo,
3022 3710 3119 3748 nec
3149 3711 3240 3748 cor
3290 3697 3490 3764 cogitet

1933 3800 2051 3853 qua:
2091 3785 2200 3840 Deo
2263 3800 2366 3839 non
2400 3786 2629 3853 placent.
2681 3785 2744 3838 Et
2777 3786 2828 3838 in
2873 3802 3106 3851 summa,
3143 3804 3170 3840 a
3204 3787 3351 3841 nullo
3377 3786 3482 3838 alio

1933 3888 2252 3930 moveantur
2297 3893 2309 3929 :
2349 3891 2521 3944 neque
2569 3877 2712 3944 ipsos
2763 3878 3052 3946 quidquam
3112 3888 3342 3942 moveat,
3385 3880 3484 3933 nisi

1933 3966 2025 4022 Dei
2069 3968 2246 4021 timor.
2305 3967 2465 4022 Vsus.
2504 3968 2556 4020 9.
2618 3968 2879 4030 Quoniam
2916 3970 3022 4036 ipse
3061 3971 3216 4031 dixit.
3253 3981 3300 4024 et
3346 3969 3486 4038 facta

1932 4069 2085 4123 sunt;
2113 4060 2222 4126 ipse
2248 4060 2534 4121 mandavit,
2569 4071 2618 4110 et
2665 4069 2838 4112 creata
2872 4072 3010 4113 sunt.
3046 4061 3256 4115 Duobus
3288 4076 3490 4128 prince-

1935 4149 2188 4202 dentibus
2214 4150 2318 4201 duo
2348 4150 2584 4202 subdidit
2624 4167 2636 4201 :
2670 4150 2921 4217 primum,
2962 4148 3160 4202 Timent
3187 4151 3352 4203 omnis
3387 4161 3494 4204 ter.

1937 4257 2016 4302 ra,
2055 4250 2127 4303 et,
2167 4239 2595 4292 Commoveantur
2653 4257 2826 4292 omnes
2872 4241 3222 4294 inhabitantes
3266 4246 3435 4294 orbem
3472 4253 3491 4293 :

1937 4331 2055 4398 Ipse
2093 4331 2248 4395 dixit,
2304 4342 2349 4382 et
2385 4332 2528 4396 facta
2565 4341 2681 4384 sunt
2726 4344 2744 4380 :
2773 4332 2985 4397 deinde,
3041 4331 3161 4401 Ipse
3207 4334 3490 4402 mandarit,

267 4423 367 4476 καί
395 4422 786 4492 ἐγενήθησαν,
826 4423 1012 4489 Αὐτὸς
1043 4424 1399 4486 ἐνετείλατο,
1432 4425 1528 4477 καί
1555 4425 1822 4491 ἐκτίσθη-

1939 4429 1986 4472 et
2021 4429 2193 4472 creata
2241 4429 2381 4472 sunt.
2433 4419 2650 4484 Quando
2713 4431 3038 4487 COIIIpOSllllS
3088 4423 3247 4473 homo
3299 4430 3384 4473 est
3421 4435 3488 4473 es

267 4532 406 4568 σαν.
444 4514 658 4583 Ἐπειδὴ
701 4513 944 4576 σύνθετος
979 4515 1005 4566 6
1035 4513 1314 4584 ἄνθρωπος
1348 4513 1409 4566 ἐκ
1436 4532 1494 4566 τε
1517 4514 1608 4566 τοῦ
1637 4515 1824 4584 γηίνου

269 4606 580 4674 πλάσματος
606 4606 697 4656 καὶ
720 4606 780 4656 ὲκ
810 4605 906 4674 τῆς
939 4603 1248 4675 ἐνοικούσης
1285 4604 1460 4673 ψυχῆς
1485 4603 1560 4672 τῷ
1592 4602 1825 4672 σώματι,

267 4694 338 4763 γῆ
366 4695 459 4762 μὲν
487 4694 698 4760 λέγεται
724 4694 782 4745 τὸ
807 4695 867 4745 ἐκ
888 4693 987 4762 τῆς
1012 4693 1114 4762 γῆς
1140 4691 1534 4762 πεπλασμένον,
1564 4692 1830 4744 κατοικῶν

265 4783 321 4836 δὲ
347 4784 443 4852 τὴν
463 4785 804 4853 οἰκουμένην,
837 4786 869 4854 η
895 4783 990 4853 τὴν
1019 4787 1076 4835 ἐν
1110 4783 1320 4852 σώματι
1344 4782 1613 4851 διαγωγὴν
1642 4780 1833 4850 λαχοῦ-

269 4891 338 4925 σα
358 4873 520 4944 ψυχή.
557 4874 912 4942 Καταλλήλως
943 4870 1032 4926 οῦν
1071 4878 1135 4944 τῇ
1160 4877 1230 4944 γῇ
1262 4874 1574 4926 ἀποδέδοται
1602 4872 1682 4935 τὸ,
1711 4875 1827 4926 Αὑ-

267 4966 369 5029 τὸς
404 4961 550 5029 εἷπε,
584 4963 681 5017 καὶ
719 4964 1087 5032 ἐγενήθησαν
1114 4965 1255 5034 (21)·
1296 4964 1388 5017 ἐπὶ
1426 4963 1523 5032 μέν
1569 4961 1662 5013 τοῦ
1693 4962 1802 5014 πλά

340 5081 386 5113 ⁷³
421 5081 604 5136 Matth.
633 5097 707 5144 ιι,
740 5081 824 5135 I7.
897 5081 943 5112 "‘
971 5081 1009 5134 ll
1039 5081 1162 5135 Cor.
1194 5098 1268 5144 tv,
1299 5081 1384 5135 10.
1459 5080 1504 5112 ⁷⁸
1540 5079 1698 5132 Prov.
1735 5095 1770 5142 t,
1801 5081 1852 5134 7.

340 5239 449 5305 (I7)
473 5237 628 5310 _Re_gii
667 5238 851 5291 tertius
875 5247 926 5310 et
948 5248 1129 5292 Sextus
1157 5238 1534 5310 προϐλήματος
1564 5237 1654 5290 τοῦ
1691 5254 1822 5308 προ-

269 5306 518 5377 φητικοῦ.
554 5308 680 5376 Reg.
721 5308 983 5361 Secundus
1025 5306 1675 5375 scripturam'utrautque
1727 5306 1822 5362 ex-

271 5380 418 5432 Itilml
449 5393 461 5428 :
497 5392 655 5429 unam
683 5378 732 5429 iu
765 5385 1031 5439 contextu,
1060 5380 1278 5431 alteram
1314 5380 1363 5431 itt
1395 5379 1653 5446 margine.

345 5448 450 5518 (l8)
487 5447 616 5518 Iteg.
651 5455 870 5518 quartus
892 5447 1118 5518 Αέκχεθῇ.

344 5517 454 5584 (i9)
491 5516 698 5567 ltltlitum
731 5516 1026 5566 invenimus
1055 5516 1102 5569 in
1151 5517 1316 5569 veteri
1360 5516 1818 5581 interpretatione.

274 5584 452 5637 Timor
475 5585 681 5637 Domini
706 5584 914 5636 initium
943 5597 1016 5637 est
1046 5586 1333 5653 sapientiae,
1375 5586 1529 5638 male.
1570 5584 1692 5651 Ejus
1725 5587 1825 5637 loci

273 5671 398 5722 pars
450 5657 617 5724 Inedia
669 5666 876 5719 sumpta
917 5667 1000 5708 est
1044 5671 1108 5708 ex
1156 5659 1358 5724 psalmo
1404 5671 1491 5718 cx,
1529 5656 1613 5717 IO,
1660 5657 1824 5708 altera

273 5739 402 5775 vero
431 5739 492 5775 ex
520 5723 674 5776 Prov.
705 5740 741 5783 ι.
768 5724 820 5774 7.

343 5793 455 5864 (ΞΟ)
479 5793 626 5849 Colb.
655 5803 876 5862 quartus
901 5791 1173 5863 ὀφθαλμὸς
1199 5793 1522 5865 σαλευθήτω.
1556 5793 1669 5847 Mox
1697 5792 1825 5861 Reg.

1937 4522 2147 4564 terreno
2201 4512 2470 4581 figmento,
2537 4520 2591 4563 et
2643 4525 2706 4562 ex
2771 4511 3104 4563 iuhabitaute
3163 4509 3217 4561 in
3268 4523 3494 4576 corpore

1937 4603 2114 4656 anima
2159 4621 2171 4656 :
2204 4605 2253 4656 id
2280 4604 2418 4671 quod
2451 4619 2480 4656 e
2516 4613 2661 4654 terra
2705 4599 2995 4653 formatum
3045 4610 3147 4664 est,
3182 4611 3323 4654 terra
3355 4602 3490 4655 dici-

1939 4703 2066 4746 tur:
2119 4693 2298 4745 anima
2337 4707 2467 4745 vero
2496 4691 2880 4744 habitationem
2931 4693 2980 4742 itt
3032 4705 3254 4759 corpore
3281 4695 3490 4757 sortita,

1937 4785 2118 4834 orbem
2138 4783 2448 4835 inhabitans
2474 4794 2711 4833 vocatur.
2737 4779 2921 4848 Itaque
2953 4781 3111 4852 138
3141 4793 3494 4850 congruenter

1934 4882 2090 4925 terrte
2118 4874 2604 4939 convenienterque
2637 4872 2838 4924 editum
2875 4882 2958 4925 est
3010 4890 3022 4924 :
3061 4872 3180 4939 Ipse
3227 4874 3384 4935 dixit,
3447 4881 3494 4924 et

1933 4963 2071 5017 facta
2094 4974 2248 5027 sunt;
2273 4979 2392 5017 cum
2412 4964 2499 5017 illa
2530 4965 2710 5030 verba,
2739 4962 2905 5017 Facta
2938 4978 3078 5028 sunt,
3103 4966 3167 5016 de
3189 4972 3372 5018 nostro
3410 4963 3496 5032 fig-

1931 5239 2118 5291 tertitts
2136 5235 2437 5290 διανοείτω.

1999 5307 2111 5375 (‘2!)
2147 5307 2322 5359 Editio
2358 5306 2526 5358 Paris.
2576 5312 2628 5357 et
2656 5299 3066 5375 nonttttlli_niss.
3117 5298 3226 5375 xai._
3243 5299 3499 5375 ἐγενήθη-

1929 5367 2047 5429 σαν.
2096 5367 2270 5438 Αὐτὸς
2299 5375 2618 5432 ἐνετείλατο,
2666 5372 2761 5424 καὶ
2803 5367 3149 5438 ἐκτίσθησαν.
3195 5369 3296 5420 Sed
3331 5367 3496 5420 totum

1927 5447 2077 5506 illttd,
2134 5436 2303 5508 Αὐτὸς
2360 5441 2788 5498 ἐνετείλατο.καὶ
2821 5436 3166 5508 ἐκτίσθησαν,
3225 5439 3374 5491 deest
3442 5439 3493 5490 iit

1930 5526 2161 5580 quatuor
2193 5506 2321 5568 mss.
2357 5527 2411 5568 et
2441 5515 2493 5568 in
2524 5513 2757 5565 editione
2788 5509 2948 5563 Basil.
2985 5506 3145 5580 Certe
3183 5523 3303 5580 cum
3337 5511 3497 5580 verba

1932 5578 2017 5639 illa
2084 5585 2241 5650 paulo
2289 5596 2414 5636 ante
2454 5584 2660 5650 prolata
2717 5580 2844 5640 siut,
2888 5579 3067 5650 statim
3101 5578 3287 5650 eadem
3324 5578 3489 5639 repeti

1934 5645 2119 5709 inutile
2153 5656 2368 5708 omnino
2415 5645 2535 5706 esse
2580 5650 2928 5703 arbitramur.
2965 5645 3162 5701 Vocula
3223 5645 3343 5716 μέν,
3379 5662 3495 5714 quae

1935 5741 2055 5780 mox
2094 5726 2359 5796 sequitur,
2393 5727 2544 5778 abest
2570 5736 2597 5774 a
2633 5735 2759 5774 mss.
