4016 6436
525 337 629 392 559
1851 339 1906 394 S.
1950 337 2190 396 BASlLll
2231 339 2444 398 MAGNI
3652 346 3764 399 ’διο

523 465 706 511 mento
720 469 750 509 e
769 462 910 509 terra
928 465 1207 510 constante
1226 458 1557 527 accipiantur
1572 475 1587 513 :
1604 459 1720 515 haec
1735 473 1882 523 vero,
1902 457 2089 514 σηοω

2197 476 2396 529 σματος
2423 461 2578 530 ἡμῶν
2607 461 2700 515 τοῦ
2732 461 2839 515 ἀπὸ
2866 461 2966 532 τῆς
2985 459 3091 530 γῆς
3115 462 3196 530 τὸ,
3235 460 3544 532 Ἐγενήθηο
3579 462 3676 513 ἐπὶ
3709 463 3772 516 δῖ

522 557 665 609 sunt,
682 548 746 600 de
763 549 939 600 anima
959 547 1023 601 ad
1044 547 1137 601 Dei
1161 549 1444 620 imaginem
1463 550 1682 605 condita
1701 549 2085 619 intelligantur.

2197 553 2287 622 τῆς
2321 556 2437 606 κατ’
2471 553 2655 608 είκόνα
2691 554 2782 609 τοῦ
2812 553 2946 606 Θεοῦ
2987 554 3296 626 κτισθείσης
3328 555 3406 619 τὸ,
3455 555 3769 620 Ἐκτίσθη.

521 637 789 716 Quoniam
833 653 961 693 vero
988 642 1193 695 creatio
1226 655 1366 706 saepe
1411 656 1510 709 pro
1555 643 1784 714 quadam
1817 642 1867 693 in
1901 640 2091 695 melius

2202 642 2417 715 Ἐπειδὴ
2465 644 2520 698 δὲ
2572 645 2604 713 ἡ
2654 646 2830 710 κτίσις
2876 644 2968 696 ἐπὶ
3004 644 3105 714 τῆς
3155 645 3618 717 μετακοσμήσεως
3671 643 3769 696 καὶ

523 730 977 784 transmutatione
1003 734 1252 796 sundtur,
1282 742 1339 785 ut
1363 734 1590 787 estillud
1613 734 1708 799 :,Si
1731 750 1832 803 qua
1863 732 1918 786 in
1945 732 2092 786 Chri-

2197 731 2523 803 βελτιώσεως
2559 735 2818 802 πολλάκις
2847 734 3200 807 λαμὸάνεται,
3231 737 3308 801 ώς
3345 737 3426 802 τὸ,
3458 735 3532 791 EI
3563 752 3658 800 τις
3699 735 3771 786 ἐν

519 833 602 875 uo
633 839 763 876 nova
788 835 1034 878 creatura
1056 827 1134 890 ";
1169 826 1294 878 item
1333 824 1462 879 illud
1507 844 1520 880 :
1551 825 1622 879 Ut
1656 828 1784 878 duo:
1809 835 2004 877 crearet
2037 827 2089 879 in

2197 826 2419 893 Χριστῷ
2447 826 2620 892 καινὴ
2644 828 2842 894 κτίσις
2860 846 2873 858 ·
2905 828 2999 882 καὶ
3021 826 3103 890 τὺ,
3131 827 3262 881 Ἵνα
3289 828 3429 893 τοὺς
3449 829 3558 882 δύο
3583 826 3769 893 κτίσῃ

520 928 683 966 unum
701 929 887 969 novum
914 919 1170 970 hominem
1193 916 1238 948 "
1261 935 1276 972 :
1307 917 1552 972 fortassis
1581 918 1733 983 illud,
1755 915 1803 968 F
1807 927 1924 968 acta
1943 928 2086 969 sunt.

2197 921 2274 983 εὶς
2317 917 2424 972 ἕνα
2461 920 2670 974 καινὸν
2693 919 3037 988 ἄνθρωπον·
3071 919 3210 990 τάχα
3243 918 3304 971 τὸ
3355 921 3471 988 μὲν,
3521 916 3768 990 ’Ξῖ-ειηῇ-

520 1007 588 1061 de
611 1009 782 1076 prima
837 1011 1066 1064 hominis
1106 1013 1481 1078 procreatione
1515 1009 1716 1062 dicitur
1753 1026 1768 1062 :
1803 1010 1906 1063 hoc
1934 1023 2084 1074 vero,

2197 1014 2281 1077 θη,
2309 1010 2398 1061 ἐπὶ
2421 1012 2519 1080 τῆς
2539 1009 2757 1083 πρώτης
2777 1013 2834 1064 οὺ
2844 1012 3081 1077 σιώσεως
3100 1011 3192 1065 τοῦ
3211 1009 3495 1079 ἀνθρώπου
3511 1011 3764 1080 λέγεται·

519 1092 710 1150 Creata
730 1107 872 1161 sunt,
898 1097 962 1150 de
980 1101 1211 1153 secunda
1231 1116 1324 1168 per
1339 1097 1538 1152 Christi
1561 1100 1790 1166 gratiam
1810 1113 2090 1166 regenera-

2197 1103 2247 1156 τὸ
2275 1101 2352 1165 δέ,
2398 1101 2692 1170 Ἐκτίσθη,
2736 1102 2828 1154 ἐπὶ
2859 1104 2956 1172 τῆς
2986 1104 3239 1174 δευτέρας
3285 1098 3372 1152 διὰ
3404 1099 3502 1170 τῆς
3540 1103 3770 1170 χάριτος

520 1186 690 1254 tione.
723 1186 991 1252 Quantum
1030 1200 1214 1244 autem
1253 1189 1489 1242 sermoni
1525 1189 1665 1242 nudo
1708 1198 1926 1256 praestat
1961 1203 2091 1255 prae-

2197 1193 2280 1246 τοῦ
2307 1194 2540 1265 Χριστοῦ
2564 1194 2990 1264 ἀνα-γεννήσεως.
3024 1196 3188 1249 Ὅσον
3220 1196 3275 1249 δὲ
3303 1193 3459 1261 λόγου
3488 1190 3651 1260 ψιλοῦ
3679 1195 3770 1244 ἐν-

519 1290 735 1347 ceptum
779 1281 890 1345 Dei,
935 1291 1138 1335 tantum
1173 1280 1379 1334 creatio
1425 1282 1759 1351 generationi
1791 1281 2084 1338 antecellit.

2197 1285 2312 1355 τολὴ
2346 1285 2480 1338 Θεοῦ
2525 1288 2790 1359 διαφέρει,
2833 1285 3083 1339 τοσοῦτον
3119 1289 3343 1349 κτίσεως
3373 1283 3508 1356 πρὸς
3546 1281 3770 1350 γένεσίν

519 1371 685 1427 Vsus.
705 1373 791 1427 ιο.
827 1374 1077 1428 Dominus
1108 1374 1333 1434 dissipat
1379 1377 1594 1427 consilia
1623 1375 1889 1442 gentium;
1919 1391 2092 1440 repro-

2197 1377 2302 1427 ὲστι
2350 1373 2409 1426 τὺ
2458 1375 2731 1448 διάφορον.
2795 1376 3008 1442 Κύριος
3081 1376 3450 1435 διασκεδάζει
3520 1373 3769 1438 ,βουλὰς

521 1467 607 1520 bat
635 1477 807 1522 autem
833 1469 1172 1536 cogitationes
1201 1469 1530 1536 populorum.
1563 1467 1838 1536 Expositio
1859 1479 1940 1522 est
1962 1484 2090 1536 prm-

2197 1462 2378 1518 ἐθνῶν
2396 1480 2408 1492 ·
2441 1463 2641 1518 ἀθετεῖ
2660 1465 2727 1519 δὲ
2753 1464 3079 1534 λογισμοὺς
3101 1464 3288 1518 λαῶν.
3324 1465 3617 1536 Ἐξὴγησίς
3647 1465 3768 1516 ἐστι

519 1561 780 1624 cedentis,
818 1561 1086 1622 quomodo
1117 1563 1252 1613 Deus
1281 1561 1334 1612 in
1371 1574 1428 1612 se
1471 1562 1754 1613 credentes
1800 1564 2086 1626 creaverit,

2197 1554 2280 1608 τοῦ
2312 1555 2660 1627 προάγοντος,
2698 1557 2812 1621 πῶς
2848 1557 3059 1609 ἔκτισεν
3091 1557 3120 1608 6
3162 1555 3292 1618 Θεὸς
3324 1558 3446 1619 τοὺς
3485 1559 3564 1619 είς
3600 1555 3770 1607 αὐτὸν

519 1671 587 1711 ex
609 1670 672 1709 eo
696 1654 837 1722 quod
863 1654 1024 1707 stulta
1060 1653 1378 1719 populorum
1403 1652 1627 1705 consilia
1655 1652 1942 1722 dispersit,
1971 1669 2089 1723 qua:

2197 1646 2634 1708 πεπιστευκότας,
2691 1649 2753 1700 ἐκ
2797 1645 2889 1698 τοῦ
2937 1643 3282 1697 διασκεδάσαι
3325 1642 3420 1704 τὰς
3467 1644 3768 1704 ἀσυνέτους

520 1762 682 1815 super
738 1746 1040 1800 idololatria
1088 1745 1444 1812 universaque
1475 1746 1714 1800 vanitate
1763 1747 2083 1812 habuerunt,

2197 1734 2384 1803 βουλὰς
2428 1735 2534 1789 τῶν
2566 1733 2730 1799 λαῶν,
2768 1735 2832 1799 ἃς
2865 1731 3008 1806 εἶχον
3042 1734 3170 1806 περὶ
3198 1732 3639 1803 είδωλολατρείαν
3671 1732 3769 1784 καὶ

517 1847 571 1892 et
613 1852 678 1891 ex
710 1851 776 1891 eo
803 1838 944 1905 quod
972 1836 1222 1902 reprobat
1247 1835 1474 1888 consilia
1507 1835 1830 1903 principum.
1859 1836 2088 1889 Possunt

2197 1827 2316 1896 περὶ
2345 1829 2521 1880 πᾶσαν
2551 1829 2900 1898 ματαιότητα,
2927 1831 3019 1882 καὶ
3049 1829 3257 1883 ἀθετεῖν
3285 1829 3383 1893 τὰς
3419 1827 3615 1897 βουλάς
3654 1827 3769 1879 τῶν

517 1939 703 1983 autem
737 1929 850 1981 haec
883 1939 938 1981 et
972 1931 1035 1979 ad
1092 1928 1357 1996 passionis
1395 1938 1603 1992 tempus
1630 1926 1840 1991 referri,
1873 1929 2088 1995 quando

2197 1919 2479 1990 ἀρχόντων.
2515 1919 2742 1972 Δυνατὸν
2779 1920 2836 1972 δὲ
2881 1922 2975 1974 καὶ
3006 1923 3098 1974 ἐπὶ
3140 1923 3232 1976 τὸν
3268 1921 3360 1975 τοῦ
3397 1921 3602 1983 πάθους
3645 1938 3772 1973 και-

517 2021 572 2076 hi
595 2021 812 2089 quidem
837 2019 1091 2086 putabant
1129 2033 1187 2071 se
1218 2015 1535 2083 cruciﬁgere
1563 2031 1742 2087 regem
1775 2017 1980 2085 gloriae,
2002 2018 2089 2073 ille

2197 2012 2282 2083 ρὸν
2315 2013 2607 2080 ἀναγαγεῖν
2639 2010 2808 2065 ταῦτα
2842 2013 2973 2082 (εει),
3008 2015 3095 2066 ὅτε
3127 2017 3175 2066 ol.
3209 2016 3304 2084 μὲν
3329 2014 3574 2085 ἐνόμιζον
3603 2031 3774 2066 σταυ-

513 2127 645 2165 vero
672 2126 765 2180 per
787 2111 961 2164 crucis
991 2108 1446 2175 dispensationem
1483 2123 1653 2175 genus
1687 2110 1963 2164 hominum
2005 2125 2089 2164 re-

2197 2102 2317 2174 ροῦν
2349 2103 2438 2154 τὸν
2475 2103 2695 2172 βασιλέα
2727 2105 2824 2174 τῆς
2861 2104 3035 2176 δόξης,
3079 2105 3106 2156 6
3136 2105 3192 2158 δὲ
3224 2107 3312 2160 διά
3354 2108 3452 2177 τῆς
3481 2105 3576 2158 τοῦ
3612 2122 3775 2156 σταυ-

515 2179 773 2252 novabat.
806 2197 1015 2250 Etenim
1073 2196 1123 2248 iu
1183 2196 1600 2260 resurrectione,
1626 2208 1682 2251 ut
1723 2198 2090 2267 dissipabatur

2197 2193 2284 2266 ροῦ
2314 2196 2622 2265 οἰκονομίας
2655 2179 2934 2252 ἀνενεοῦτο
2961 2198 3059 2268 τὴν
3087 2196 3496 2270 ἀνθρωπότητα.
3539 2197 3629 2248 Ἐν
3656 2199 3768 2264 γάρ

521 2289 798 2344 consilium
821 2288 1083 2357 gentium,
1111 2287 1262 2341 Pilati
1281 2300 1331 2342 et
1348 2289 1594 2353 militum,
1634 2289 2086 2358 reliquorumque,

2197 2288 2252 2356 τῇ
2285 2285 2578 2337 ἀναστάσει
2609 2286 2980 2350 διεσκεδάζετο
3016 2287 3115 2357 μὲν
3156 2289 3187 2357 ἡ
3223 2287 3382 2358 βουλὴ
3424 2286 3530 2338 τῶν
3568 2285 3768 2346 ἐθνῶν,

522 2389 776 2450 .luolquol
811 2378 995 2433 crucis
1024 2380 1344 2448 supplicium
1389 2379 1689 2433 inferebant
1720 2396 1735 2432 :
1762 2383 1832 2433 ita
1865 2381 2088 2437 consiiia

2197 2376 2280 2430 τοῦ
2308 2377 2540 2429 Πιλάτου
2592 2377 2815 2430 καὶτῶν
2849 2378 3222 2449 στρατιωτῶν,
3255 2381 3347 2432 καὶ
3387 2378 3500 2429 ὅσοι
3536 2375 3609 2428 τὰ
3638 2379 3770 2447 περὶ

521 2473 844 2543 principum,
870 2471 1205 2542 pontiﬁcum,
1247 2471 1655 2541 scribarumque
1688 2484 1742 2526 et
1774 2487 1958 2542 regum
1993 2489 2089 2542 po-

2197 2468 2278 2525 τδν
2312 2469 2541 2538 σταυρὸν
2585 2469 2847 2540 ἐνήργουν
2871 2485 2884 2497 ⁸
2931 2468 3220 2537 ήθετοῦντο
3248 2471 3305 2522 δὲ
3333 2469 3389 2522 αἱ
3439 2467 3627 2536 βουλαὶ
3657 2467 3772 2520 τῶν

523 2563 630 2633 puli
663 2563 1111 2631 reprobabantur.
1150 2561 1494 2616 Resurrectin
1531 2564 1673 2616 enim
1707 2578 1866 2617 omne
1902 2577 2087 2616 eorum

2197 2563 2462 2635 ἀρχόντων
2484 2603 2497 2627 ,
2533 2563 2833 2633 ἀρχιερέων
2865 2562 2957 2613 καὶ
2985 2561 3356 2633 γραμματέων
3397 2562 3491 2614 καὶ
3533 2561 3645 2613 τῶν
3679 2560 3775 2628 βας

524 2656 807 2708 srtiﬂcium
848 2655 1111 2709 dissolvit.
1141 2654 1290 2720 Quod
1319 2657 1362 2707 si
1405 2656 1456 2708 in
1489 2656 1713 2724 singulis
1739 2656 1978 2710 historiis
2007 2672 2091 2710 re-

2197 2655 2380 2707 σιλέων
2422 2654 2513 2707 τοῦ
2561 2651 2711 2707 λαοῦ.
2749 2653 2812 2706 Ἦ
2856 2652 2965 2725 γὰρ
3019 2655 3312 2718 ἀνάστασις
3359 2657 3538 2709 πᾶσαν
3585 2654 3771 2708 αὐτῶν

524 2747 714 2815 legeris
751 2761 868 2814 qua:
896 2749 1036 2799 Deus
1065 2747 1232 2812 gessit
1276 2761 1401 2814 erga
1456 2746 1698 2800 inlideles
1744 2757 1947 2813 gentes,
1980 2749 2086 2801 vim

2197 2746 2395 2798 διέλυσε
2429 2747 2525 2818 τὴν
2560 2747 2819 2799 ἐπίνοιαν.
2862 2745 3277 2817 Ἀναλεγόμενος
3305 2747 3358 2801 δὲ
3396 2748 3464 2800 τὰ
3502 2748 3582 2814 ἐφ’
3635 2747 3770 2797 ἐκάο

523 2839 739 2891 multam
781 2841 934 2904 juxta
993 2836 1327 2906 corporalem
1369 2837 1532 2890 etiam
1582 2837 1986 2905 intelligentiam
2037 2842 2087 2892 in

2197 2857 2322 2910 στης
2358 2841 2592 2910 ἱστορίας
2632 2841 2729 2892 ὅσα
2760 2839 2882 2911 περὶ
2919 2839 2988 2893 τὰ
3020 2840 3223 2894 ἄπιστα
3251 2841 3377 2910 ἔθνη
3407 2842 3712 2910 ἐνήργησεν
3746 2839 3774 2888 6

522 2930 603 2983 uis
647 2928 826 2983 verbis
878 2930 1055 2983 inesse
1097 2929 1419 2996 comperics.
1466 2928 1691 2994 Quando
1725 2929 1868 2982 enim
1903 2927 2085 2982 Joram

2197 2932 2340 2993 θεδςν
2376 2933 2628 3002 εὑρήσεις
2663 2933 2755 2985 καὶ
2791 2931 2930 2986 κατά
2950 2933 3041 2986 τὸν
3072 2933 3379 3001 σωματικὸν
3411 2931 3532 2984 νοῦν
3565 2930 3775 2998 πολλὴν

523 3023 662 3078 ﬁlius
693 3023 913 3078 Achaab
950 3024 1192 3092 regnavit
1244 3022 1295 3074 in
1343 3021 1531 3082 Israel,
1603 3035 1731 3076 tunc
1783 3037 1876 3076 rex
1918 3020 2087 3092 Syrize

2197 3020 2308 3090 ἔχον
2342 3020 2438 3090 τὴν
2475 3021 2703 3090 δύναμιν
2745 3021 2805 3075 τὸ
2860 3022 3041 3093 ῥητόν.
3080 3023 3206 3075 Ὅτε
3247 3021 3352 3091 γάρ
3405 3019 3607 3090 Ἰωρὰμ
3657 3018 3776 3079 υἱὸς

524 3117 662 3171 lilins
703 3118 849 3170 Ader
878 3116 1043 3168 multa
1099 3116 1294 3168 virtute
1327 3129 1390 3168 ac
1434 3113 1580 3181 gravi
1613 3129 1792 3178 manu,
1827 3113 2088 3168 instructo

2202 3114 2404 3185 Ἀχαάϐ
2439 3115 2783 3169 ἐϐασίλευσεν
2807 3117 2862 3166 ἐν
2904 3116 3120 3186 Ἰσραὴλ
3143 3115 3250 3184 (23)
3271 3154 3285 3177 ,
3319 3114 3436 3165 τότε
3462 3116 3489 3166 ὁ
3515 3113 3777 3183 βασιλεὺς

524 3208 762 3260 exercitu
792 3206 1001 3261 obsedit
1041 3205 1378 3272 Samariam,
1411 3207 1546 3260 adeo
1582 3215 1638 3259 ut
1666 3209 1918 3261 deessent
1960 3205 2090 3275 ipsis

523 3297 847 3360 necessaria,
889 3307 943 3351 et
985 3299 1120 3349 asini
1168 3308 1331 3365 caput
1386 3298 1770 3368 quinquaginta
1809 3298 1954 3353 siclis
2005 3313 2088 3351 ar-

523 3387 687 3455 genti,
719 3396 771 3440 et
799 3397 988 3455 quarta
1015 3402 1140 3455 pars
1170 3389 1289 3440 cabi
1333 3389 1592 3440 stercoris
1621 3389 1913 3442 columbini
1936 3389 2095 3458 quin-

523 3495 625 3549 que
653 3480 858 3547 argenti
885 3479 1033 3534 siclis
1060 3491 1336 3533 emeretur
1357 3480 1422 3532 ⁷³.
1446 3479 1597 3533 Tunc
1624 3479 1804 3549 itaque
1838 3494 1895 3535 ut
1918 3483 2092 3537 Elistei

523 3572 806 3643 promissio
836 3571 1170 3640 impleretur,
1203 3571 1462 3640 dissipata
1498 3581 1626 3624 sunt
1648 3571 1817 3641 Syrize
1846 3575 2092 3639 consilia,

525 3665 742 3732 suisque
770 3664 1131 3717 tabernaculis
1157 3679 1218 3715 ac
1249 3663 1458 3718 cunctis
1486 3663 1679 3730 opibus
1717 3662 1915 3717 relictis
1945 3663 2094 3732 luge-

526 3767 672 3818 runt,
698 3766 901 3810 tantam
923 3757 974 3808 iu
1000 3754 1242 3808 Samaria
1269 3769 1448 3807 rerum
1477 3754 1684 3822 copiam
1712 3754 2092 3822 relinquentes,

526 3856 587 3903 ut
617 3849 805 3902 similae
827 3865 1080 3904 mensura
1117 3848 1270 3911 siclo,
1300 3859 1353 3902 et
1373 3848 1490 3901 dum
1523 3848 1704 3902 hordei
1735 3863 1997 3901 mensum
2023 3848 2095 3901 si-

527 3942 610 3996 clo
651 3957 760 3994 uno
811 3943 1056 3997 venirent
1077 3943 1144 3994 "'.
1171 3942 1261 3996 Sic
1291 3942 1451 4011 igitur
1485 3941 1747 3994 Dominus
1791 3941 1940 3993 novit
1969 3956 2098 4009 gen-

527 4036 660 4086 tium
715 4034 938 4087 consilia
1000 4035 1282 4104 dissipare.
1340 4034 1620 4100 Quomodo
1676 4048 1802 4086 vero
1851 4032 2097 4102 reprobet

526 4122 750 4175 consilia
769 4124 1096 4192 principum,
1121 4125 1174 4177 in
1192 4124 1547 4192 Achitophele
1561 4122 1868 4187 didicimus,
1887 4121 2102 4190 quando

527 4211 694 4267 David
754 4216 968 4278 oravit,
1028 4216 1216 4270 dicens
1274 4238 1286 4272 :
1345 4219 1556 4288 Dissipa
1626 4234 1761 4270 nunc
1824 4216 2103 4277 consilium

2192 3207 2390 3279 Συρίας
2410 3206 2524 3271 υίὸς
2566 3207 2738 3277 Ἄδερ,
2776 3205 2940 3275 πολλῇ
2983 3205 3205 3274 δυνάμει
3240 3206 3332 3257 καὶ
3381 3204 3576 3276 βαρείᾳ⁵
3620 3205 3770 3275 χειρὶ

2194 3299 2592 3368 στρατηγήσας,
2660 3297 3023 3368 περιεκάθητο
3080 3298 3178 3368 τὴν
3233 3297 3578 3368 Σαμάρειαν,
3629 3297 3777 3350 ὥστε

2191 3391 2462 3444 ἐπιλιπεῖν
2482 3391 2663 3453 αὐτοῖς
2692 3389 2758 3441 τά
2786 3390 3078 3458 ἀναγκαῖα,
3109 3390 3202 3442 καὶ
3225 3391 3464 3460 κεφαλὴν
3491 3390 3616 3442 δνου
3645 3406 3778 3440 πεν-

2192 3486 2426 3556 τήκοντα
2451 3479 2591 3537 εἶναι
2627 3483 2824 3537 σίκλων
2852 3483 3136 3555 ἀργυρίου,
3172 3485 3266 3537 καὶ
3302 3484 3558 3555 τέταρτον
3600 3481 3777 3534 κάεου

2193 3577 2399 3646 κόπρου
2449 3575 2786 3648 περιστερῶν
2836 3576 2998 3627 πέντε
3048 3575 3244 3628 σίκλων
3301 3575 3412 3643 (24)
3478 3571 3776 3642 ἀργωρίου.

2194 3669 2326 3721 Τότε
2360 3669 2568 3732 τοίνυν,
2604 3668 2690 3721 ἵνα
2726 3669 2757 3737 ἡ
2804 3665 3100 3733 ἐπαγγελία
3132 3665 3226 3718 τοῦ
3285 3663 3584 3717 Ἐλισσαίου
3636 3661 3779 3731 πλη-

2198 3760 2364 3830 ρωθῇ,
2396 3757 2848 3827 διεσκεδάσθησαν
2883 3759 2937 3808 αί
2971 3755 3154 3825 βουλαὶ
3178 3756 3275 3825 τῆς
3303 3753 3524 3825 Συρίας,
3558 3754 3655 3807 καὶ
3679 3771 3782 3806 κα-

2192 3849 2507 3912 ταλιπόντες
2547 3848 2644 3910 τὰς
2681 3848 2886 3917 σκηνὰς
2931 3849 3139 3902 ἑαυτῶν
3189 3848 3283 3901 καὶ
3323 3849 3501 3900 πᾶσαν
3540 3846 3642 3917 τὴν
3675 3862 3780 3898 πε-

2197 3940 2438 4012 ριουσίαν
2464 3938 2686 4007 ἔφυγον,
2715 3939 2979 4008 τοσαύτην
3013 3939 3264 4008 εὐθηνίαν
3298 3937 3686 3999 καταλιπόντες
3719 3938 3780 3988 ἐν

2195 4035 2261 4103 τῇ
2283 4031 2580 4104 Σαμαρείᾳ,
2617 4030 2756 4083 ὥστε
2811 4031 3004 4101 μέτρον
3053 4030 3380 4099 σεμιδάλεως
3422 4029 3604 4083 σίκλου
3628 4071 3642 4094 ,
3684 4029 3782 4081 καὶ

2197 4123 2448 4194 δίμετρον
2481 4122 2675 4193 κριθῆς
2722 4121 2838 4185 ἐνὸς
2877 4122 3059 4175 σίκλου
3107 4121 3420 4174 πωλεῖσθαι.
3473 4120 3629 4173 Οὕτω
3678 4120 3781 4187 μὲν

2199 4209 2290 4266 οῦν
2339 4214 2367 4265 6
2412 4210 2615 4282 Κύριος
2642 4206 2749 4263 οἶδε
2784 4209 3153 4273 διασκεδάζειν
3188 4209 3380 4280 βουλάς
3413 4209 3603 4262 ἐθνῶν.
3653 4208 3782 4271 Πῶς

529 4303 914 4372 Achitophel”.
944 4303 1076 4358 Cum
1119 4306 1280 4374 igitur
1323 4309 1557 4363 audieris
1583 4308 1886 4377 quempiam
1911 4321 2094 4375 magna

2201 4305 2257 4356 δὲ
2291 4303 2471 4356 ἀθετεῖ
2507 4302 2697 4372 βουλάς
2741 4301 2852 4370 (25)
2899 4303 3204 4372 ἀρχόντων,
3235 4301 3327 4352 ἐπὶ
3363 4299 3456 4352 τοῦ
3498 4299 3783 4368 Ἀχιτόφελ

530 4395 905 4459 minitantem,
956 4396 1362 4466 jactantemque
1405 4414 1462 4452 se
1511 4399 1602 4452 tibi
1663 4399 1842 4451 omnis
1892 4396 2094 4465 generis

2207 4398 2627 4467 μεμαθήκαμεν,
2682 4394 2769 4445 ὅτε
2818 4392 3019 4462 ηὔξατο
3072 4393 3234 4462 εὐχὴν
3289 4394 3316 4444 6
3360 4391 3521 4444 Δαϐὶδ
3568 4391 3779 4458 λέγων’

531 4501 822 4551 aerumnas,
855 4488 1074 4553 damna,
1136 4498 1226 4542 aut
1264 4490 1482 4558 plagas,
1525 4497 1617 4542 aut
1667 4499 1894 4540 mortem
1929 4487 2094 4538 illatu-

2202 4485 2614 4538 Διωκέδασον
2652 4483 2727 4550 δὴ
2778 4486 2890 4550 τὴν
2927 4483 3170 4549 βουλὴν
3227 4482 3559 4549 Ἀχιτόφελ.
3609 4483 3785 4534 Ὅταν

531 4595 673 4643 rum,
711 4581 920 4649 respice
963 4580 1030 4634 ad
1076 4559 1359 4634 Dominum
1405 4581 1642 4650 gentium
1680 4577 1904 4632 consilia
1935 4575 2094 4630 dissi-

2201 4572 2296 4628 οῦν
2327 4574 2566 4643 ἀκούσῃς
2596 4573 2738 4635 τινὸς
2767 4572 3111 4634 ἀπειλοῦντος
3134 4573 3362 4642 μεγάλα,
3387 4571 3481 4624 καὶ
3511 4571 3790 4638 ἐπαγγελ-

530 4681 773 4738 pantem,
807 4681 863 4725 et
891 4673 1208 4740 populorum
1243 4673 1594 4742 cogitationes
1625 4669 2026 4737 reprobantem.

2203 4667 2429 4738 λομένου
2465 4683 2546 4718 σοι
2581 4665 2924 4728 παντοδαπὰς
2956 4664 3173 4729 ἐπάξειν
3216 4665 3515 4728 κακώσεις,
3557 4664 3785 4734 ζημίας,

532 4759 824 4833 ἦπληγάς,
859 4763 892 4834 ἢ
929 4763 1212 4828 θανάτους,
1256 4762 1559 4832 ἀπόϐλεψον
1595 4761 1728 4834 πρὸς
1774 4759 1864 4813 τὸν
1902 4759 2106 4831 Κύριον
2141 4759 2232 4812 τὸν
2287 4757 2703 4822 διασκεδάζοντα
2773 4755 2968 4826 βουλάς
3005 4756 3208 4821 ἐθνῶν,
3245 4757 3338 4810 καὶ
3369 4756 3665 4809 ἀθετοῦντα
3698 4757 3790 4809 λο-

533 4858 762 4930 γισμοὺς
792 4857 957 4912 λαῶν.

604 5006 650 5038 ⁷⁸
681 5004 723 5059 ll
753 5005 876 5059 Cor.
922 5005 1090 5068 V.l7.
1165 5007 1212 5037 '"
1256 5007 1449 5076 Ephes.
1502 5019 1561 5068 It,
1612 5003 1700 5060 15.
1775 5003 1822 5034 ’⁸
1847 5000 1915 5056 IV
1939 5001 2069 5071 Reg.

534 5072 672 5129 Rea.
707 5091 800 5129 xv.
825 5074 915 5129 51.

2231 4998 2328 5066 25,
2377 5013 2480 5052 uc.
2517 4989 2687 5046 LXX.
2763 4990 2809 5021 "’
2837 4987 2900 5042 ιν
2931 4987 3064 5059 Reg.
3102 5001 3199 5052 vti,
3242 4984 3293 5051 Ι,
3350 4985 3438 5049 l6,
3494 4983 3585 5039 l8.
3662 4986 3709 5015 "
3743 4983 3788 5038 ll

585 5091 672 5147 eg.
707 5091 800 5141 xv,
825 5091 915 5129 οι.

2204 5220 2333 5276 dere
2356 5227 2437 5272 est
2470 5226 2525 5273 et
2563 5217 2848 5271 lectionem
2879 5216 3037 5269 aliam
3063 5215 3225 5269 πέντε
3265 5213 3320 5267 in
3349 5214 3592 5278 margine
3624 5213 3783 5274 Regii

2217 5289 2467 5345 secundi.
2524 5287 2718 5340 Totum
2752 5297 2932 5340 autem
2992 5285 3141 5346 illud,
3171 5285 3266 5338 καὶ
3312 5285 3568 5354 τέταρτον
3611 5283 3786 5336 κάεου

2207 5361 2415 5432 κόπρου
2443 5355 2777 5429 περιστερῶν
2808 5356 2964 5409 πέντε
3005 5354 3198 5408 σίκλων
3227 5353 3510 5478 ἀργυρίου.ἶ
3553 5355 3706 5432 deest
3735 5358 3785 5432 iu

2211 5430 2344 5488 Reg.
2377 5441 2588 5488 quarto.
2616 5427 2735 5481 Mox
2771 5427 2920 5480 multi
2955 5441 3086 5481 mss.
3117 5442 3251 5488 σκην
3291 5442 3319 5488 ς
3347 5425 3574 5477 ἐαυτων.
3609 5422 3788 5476 Edittn

629 5294 719 5366 εδ)
748 5301 824 5355 lta
870 5294 1026 5354 multi
1073 5315 1199 5352 mss.
1227 5294 1349 5352 cum
1372 5297 1550 5350 editis.
1589 5297 1722 5366 Reg.
1755 5294 2021 5351 secundus
2053 5302 2108 5345 et

639 5365 712 5426 b.'
759 5382 944 5426 sextus
1001 5385 1124 5424 cum
1181 5367 1384 5422 Catena
1429 5365 1767 5421 (ἱστᾶσι-[ἐν
1837 5366 2106 5435 Ἰερουσα-

538 5442 674 5515 λήμ,
710 5445 803 5498 sed
853 5443 932 5515 ita
990 5448 1289 5515 t_a_men_._ut
1325 5436 1529 5490 Catena
1563 5437 1788 5515 Corder.
1824 5427 2112 5515 leciionem
2210 5427 2344 5515 Reg}
2377 5427 2588 5515 quarto.
2616 5427 2735 5481 M0!
2771 5427 2920 5480 multi
2955 5441 3086 5481 mss.
3117 5442 3251 5495 σκην

540 5461 674 5567 Aﬁr,
710 5461 803 5498 seu
859 5461 932 5494 lla
990 5461 1192 5497 tamen.
1231 5461 1289 5490 ιιι
1325 5461 1529 5490 uatcua
1563 5461 1788 5491 uurucr.
1824 5461 2094 5491 Iccuuucw

540 5529 607 5568 νυ
634 5523 809 5578 gatam
851 5510 1066 5582 Ἰσραήλ
1091 5509 1344 5582 exhibeat
1373 5522 1584 5575 quoque
1614 5506 1668 5560 iu
1711 5507 1972 5582 margine.

2212 5461 2344 5498 Ιισδο
2377 5461 2502 5498 ἹΙΙΟΙ
2519 5461 2588 5480 111.
2616 5461 2735 5481 ωυλ
2771 5461 2920 5480 ιιιυιιι
2955 5461 3086 5481 ιιισσο
3117 5461 3134 5480 ν.

2210 5498 2609 5582 Ρδςξξλαίέτῶν.
2645 5567 2657 5579 .
3039 5564 3080 5582 ﬂ
3102 5565 3134 5582 ν

612 5563 1418 5652 iaiﬁiRegii'tertius,quintus
1451 5563 1511 5630 et'
1531 5588 1718 5652 sextus
1743 5587 1799 5652 et
1825 5563 1979 5652 Colb.
2022 5588 2107 5652 εο-
2285 5569 2398 5652 (Ξβ)
2455 5569 2529 5622 Ita
2569 5567 2805 5652 quinque
2830 5582 2978 5652 .mss.
3039 5563 3593 5652 Edit'ihveroidtilefsl
3627 5563 3788 5652 Ϋλουγιξ

542 5637 744 5722 ριῖιιιυὶ
773 5637 894 5706 cuii]
917 5653 1076 5705 editis
1109 5637 1274 5702 πέντε
1302 5647 1524 5722 σίκλων,
1559 5647 1628 5700 At
1662 5645 1965 5722 Colliertini
2000 5643 2094 5722 pri-

2217 5637 2408 5722 Ξμοῦς,
2450 5639 2690 5708 reprobat
2726 5638 3098 5722 cogitationes;
3141 5637 3332 5722 Statim
3376 5646 3558 5718 nostra
3609 5637 3788 5722 Σίξξιφ

544 5703 1190 5791 inuidentiumquartus.
1223 5721 1444 5791 quintus
1481 5727 1533 5770 el
1561 5727 1746 5791 sextus
1777 5703 2094 5791 cum‘Re'gii:

2216 5703 2403 5791 faris.
2431 5703 2716 5777 operarum
2738 5703 2972 5791 incuria:
3000 5705 3254 5777 ἐπάρξειν
3295 5703 3588 5769 κακώσεις.
3609 5703 3790 5760 Editio

545 5776 720 5865 primo
747 5803 803 5849 et
837 5776 1072 5848 secuitdo
1113 5776 1302 5847 ἐκατδν
1335 5788 1550 5852 σίκλων,
1587 5789 1734 5858 gravi
1774 5787 1982 5843 mendo.
2013 5776 2094 5837 'Vi

2216 5781 2378 5836 Basil.
2404 5776 2614 5836 et’niss.
2651 5779 2800 5834 multi
2836 5776 3075 5843 ἐπάξειν.

608 5228 719 5426 ὶῖῖζ
740 5230 895 5285 Colb.
922 5230 1131 5299 primus
1156 5227 1377 5296 ἀνάγειν
1417 5225 1611 5306 ταῦτα.

629 5303 698 5356 25
748 5301 824 5355 Ita
870 5301 1026 5354 multi
1073 5315 1199 5352 mss.
1227 5313 1349 5352 cum
1372 5297 1550 5350 editis.
1589 5297 1611 5350 ε

608 5375 691 5426 νὺ.
759 5382 944 5426 sextus
1001 5385 1124 5424 cum
1181 5367 1384 5422 Catena
1429 5365 1611 5421 Cordei

537 5370 614 5428 Co
