4016 6456
272 369 377 434 341

1442 386 1721 447 llOMlLlA
1763 393 1829 448 IN
1864 394 2188 455 PSALMUM
2230 400 2442 456 XXXII.

3426 409 3532 465 542

346 496 398 547 7.
431 496 501 548 Ἠ
522 493 590 547 δὲ
608 495 811 567 ,βουλὴ
841 496 948 551 τοῦ
969 499 1188 567 Κυρίου
1207 504 1290 569 εὶς
1316 505 1421 559 τὸν
1454 507 1640 563 αἰῶνα
1656 511 1823 581 μένει

2029 519 2081 575 7.
2122 519 2282 574 Vens.
2320 521 2402 575 ll.
2445 519 2732 577 Comitium
2765 531 2938 577 autem
2966 523 3174 580 Domini
3202 527 3254 581 in
3278 535 3532 583 (sternam

267 588 551 656 λογισμοί
590 586 701 658 τῆς
743 589 991 658 καρδίας
1027 595 1215 650 αὐτοῦ
1253 601 1340 664 εις
1362 601 1575 670 γενεὰν
1622 606 1723 659 καὶ
1761 623 1855 675 γε·

266 678 437 731 νεᾶν.
466 678 579 751 Οὐχ
597 681 729 753 ὁρᾷς
755 680 825 735 τὰ
850 681 959 736 τῶν
985 682 1152 739 ἐθνῶν
1184 686 1450 760 δόγματα,
1482 690 1583 762 τὴν
1619 697 1853 763 ματαίαν

263 771 474 842 ταύτην
520 774 861 843 φιλοσοφίαν,
896 777 1043 840 ὃπως
1084 777 1271 834 λεπτοὶ
1313 784 1409 835 καὶ
1440 784 1685 855 περιττοὶ
1724 788 1853 860 περὶ

265 863 369 923 τὰς
392 864 644 938 εὑρήσεις
672 866 779 918 τῶν
802 866 1083 939 δογμάτων
1112 874 1248 927 εἰσὶν
1277 874 1333 926 ἐν
1359 892 1417 927 τε
1456 876 1693 943 λογικοῖς
1721 880 1853 934 θεω-

270 954 479 1025 ρήμασι
511 960 602 1011 καὶ
636 958 853 1027 ἠθικαῖς
882 960 1175 1031 aia-ceam,
1213 966 1307 1019 καὶ
1343 968 1709 1038 φυσιολογίαις
1739 976 1850 1028 τισὶ

268 1047 366 1101 καὶ
388 1049 652 1120 δόγμασιν
676 1050 855 1116 ἄλλοις
884 1058 996 1120 τοῖς
1017 1058 1329 1120 ἐποπτικοῖς
1360 1058 1473 1126 (26)
1500 1059 1810 1131 λεγομένοις
1832 1082 1847 1132 ;

268 1141 389 1205 πῶς
425 1140 795 1198 διεσκέδαοται
818 1146 1016 1211 πάντα,
1041 1150 1135 1201 καὶ
1155 1148 1468 1218 ἠχρείωται,
1503 1152 1636 1223 μόνη
1669 1154 1724 1209 δέ
1752 1158 1851 1227 ἐμ-

267 1231 612 1287 πολιτεύεται
649 1234 745 1290 νῦν
797 1238 874 1309 τῷ
902 1240 1093 1310 κόσμῳ
1133 1242 1165 1311 ἡ
1217 1240 1440 1314 ἀλήθεια
1476 1245 1570 1299 τοῦ
1606 1246 1847 1317 Εὐαγγε-

268 1324 424 1391 λίου;
474 1327 672 1384 Πολλαὶ
705 1329 813 1399 γὰρ
851 1333 905 1383 αἱ
959 1330 1143 1400 βουλαὶ
1196 1334 1255 1387 ἐν
1293 1336 1489 1408 καρδίᾳ
1518 1337 1844 1409 ἀνθρώπων

267 1417 385 1470 ἀλλ’
418 1419 451 1488 ἡ
492 1419 652 1492 βουλὴ
678 1421 772 1474 τοῦ
814 1422 1021 1492 Κυρίου
1075 1423 1364 1497 ἐκράτησε.
1416 1427 1526 1478 Καὶ
1555 1429 1847 1496 ἀναγκαῖόν

266 1526 362 1580 γε,
395 1512 444 1564 εἰ
478 1514 659 1585 μέλλοι
706 1516 819 1580 (27)
868 1516 1092 1587 μόνιμος
1137 1521 1231 1572 καὶ
1263 1518 1449 1590 ἐδραία
1491 1522 1523 1590 ἡ
1559 1520 1709 1590 παρὰ
1752 1521 1845 1573 τοῦ

266 1602 403 1658 Θεοῦ
427 1605 589 1677 βουλὴ
618 1609 737 1670 ταῖς
771 1607 968 1680 ψυχαῖς
1006 1613 1037 1680 ἡ
1049 1611 1163 1681 μῶν
1199 1611 1577 1681 ἐναπομένειν,
1624 1612 1845 1683 προδια-

270 1697 633 1768 σκεδασθῆναι
661 1700 923 1773 πρότερον
954 1704 1011 1756 ἐν
1045 1706 1173 1773 ἡμῖν
1202 1703 1328 1766 τοὺς
1359 1703 1728 1775 ἀνθρωπίνους
1760 1706 1847 1759 λο-

267 1788 519 1860 γισμούς.
564 1790 772 1863 Ὥσπερ
814 1795 923 1863 γὰρ
970 1797 999 1847 ὁ
1048 1797 1279 1863 γράφειν
1337 1797 1544 1866 μέλλων
1567 1798 1623 1849 ἐν
1667 1797 1842 1868 κηρῷ,

1958 627 2169 667 manet:
2203 614 2549 682 cogitationes
2584 615 2762 669 cordis
2797 616 2911 685 ejus
2959 616 3013 669 in
3060 622 3440 684 generationem
3478 628 3528 674 et

1954 705 2359 771 generationem.
2394 704 2507 759 Non
2540 707 2687 762 vides
2744 709 2987 778 gentium
3019 708 3290 778 dogmata,
3333 726 3527 766 vanam

1956 795 2092 851 banc
2142 797 2559 867 philosophiam,
2614 815 2772 867 qualn
2820 800 3046 855 subtiles
3094 801 3203 855 sint
3246 810 3302 856 et
3341 803 3526 860 eximii

1954 891 2096 942 circa
2162 889 2475 958 dogtnatum
2519 890 2854 946 inventiones
2878 932 2895 957 ,
2945 901 3055 946 tum
3092 896 3143 946 in
3175 894 3529 950 rationalibus

1952 980 2516 1049 contemplationibus,
2546 982 2706 1053 139
2728 993 2837 1035 tum
2873 986 2924 1037 in
2978 984 3271 1039 moralibus
3321 1000 3525 1055 praere-

1951 1070 2244 1139 ptionibua,
2274 1072 2404 1128 etin
2438 1072 2671 1143 physicis
2706 1074 3023 1143 quibusdam
3058 1079 3357 1131 rationibus
3379 1079 3526 1133 aiiis—

1951 1175 2057 1228 que
2091 1166 2375 1233 epoptit-is,
2409 1180 2528 1233 qua:
2575 1176 2794 1231 vocant,
2837 1166 3179 1236 dogmatibus
3206 1171 3228 1223 ?
3253 1175 3525 1240 quomodo

1949 1253 2205 1322 dissipata
2252 1257 2358 1308 sint
2402 1256 2606 1319 omnia,
2657 1266 2711 1308 et
2765 1257 2972 1309 inutilia
3021 1258 3156 1311 faeta
3186 1299 3199 1318 .
3235 1276 3336 1314 una
3396 1273 3526 1316 vero

1950 1344 2226 1414 Evangelii
2258 1348 2457 1401 veritas
2480 1361 2625 1400 nunc
2659 1346 2709 1398 in
2742 1349 2940 1400 mundo
2966 1348 3173 1415 vigeat?
3192 1347 3348 1402 Multa
3375 1351 3522 1404 enim

1948 1438 2000 1491 in
2034 1439 2310 1493 hominum
2347 1441 2598 1494 cordibus
2631 1439 2940 1493 volutantur
2965 1441 3187 1495 consilia
3220 1458 3234 1505 ;
3262 1442 3352 1496 sed
3384 1459 3523 1510 pra:-

1947 1531 2117 1585 valuit
2145 1531 2353 1586 Domini
2387 1534 2691 1587 consilium.
2724 1533 2791 1587 Et
2830 1534 3044 1603 quidem
3076 1550 3297 1588 necesse
3325 1546 3428 1600 est,
3472 1537 3517 1590 si

1948 1621 2041 1675 Dei
2075 1625 2355 1679 consilium
2383 1626 2577 1681 stabile
2626 1641 2691 1680 ac
2731 1629 2945 1680 ﬁrmum
2979 1625 3033 1679 in
3079 1626 3273 1680 animis
3318 1628 3519 1682 nostris

1948 1729 2262 1782 permanere
2317 1714 2506 1780 debet,
2552 1728 2608 1771 ut
2660 1720 2809 1788 prius
2855 1720 2906 1773 in
2955 1721 3111 1774 nobis
3164 1719 3521 1786 cogitationes

1950 1807 2194 1863 humanae
2240 1809 2585 1879 dissipentur.
2639 1810 3093 1875 Quemadmodum
3143 1812 3286 1867 enim
3323 1812 3412 1881 qui
3463 1811 3520 1865 in

266 1882 741 1952 προκαταλεαίνων
772 1885 1052 1956 πρότερον,
1080 1886 1250 1951 οὕτως
1283 1889 1561 1943 ἐπιϐάλλει
1594 1891 1717 1953 τοὺς
1748 1890 1839 1942 τύ-

1947 1912 2066 1950 cera
2086 1902 2382 1971 scripturus
2412 1910 2515 1967 est,
2534 1916 2594 1955 ea
2626 1902 2774 1970 prius
2817 1902 3264 1971 camplanata,ita
3300 1906 3514 1957 demum

266 1989 403 2037 πους
431 1973 525 2039 οὓς
564 1976 659 2029 ἐὰν
686 1976 846 2050 θέλῃο
878 1978 1019 2033 οὕτω
1058 1981 1153 2033 καὶ
1192 1981 1417 2051 καρδίαν
1447 1982 1551 2053 χρὴ
1580 1982 1678 2053 τὴν
1714 1983 1842 2052 μέλ-

266 2063 464 2119 λουσαν
498 2068 710 2139 τρανῶς
745 2069 1097 2142 ὑποδέχεσθαι
1126 2071 1195 2125 τὰ
1229 2070 1345 2125 θεῖα
1390 2071 1565 2140 λόγια.
1600 2076 1844 2148 καθαρὰν

266 2156 331 2207 ἐκ
361 2155 470 2217 τῶν
499 2159 756 2212 ἐναντίων
794 2160 1069 2231 λογισμῶν
1108 2162 1511 2233 ἀποδειχθῆναι.
1556 2166 1841 2233 Λογισμοὶ

267 2246 377 2315 τῆς
395 2250 644 2318 καρδίας
683 2253 870 2306 αὑτοῦ
898 2255 985 2318 είς
1024 2254 1239 2321 γενεὰν
1273 2257 1371 2308 καὶ
1416 2253 1647 2325 γενεάν.
1693 2258 1842 2310 Ἐπεὶ

262 2334 357 2391 οὖν
384 2340 477 2392 δύο
530 2344 667 2393 εἰσὶν
715 2345 762 2395 οἱ
799 2342 1043 2397 ἐκλεκτοὶ
1089 2344 1202 2413 (ἓὸ)
1245 2344 1383 2406 λαοὶ,
1414 2349 1507 2400 καὶ
1539 2348 1631 2401 δύο
1659 2350 1842 2413 αὐτοῖς

261 2428 515 2501 διαθῆκαί
546 2434 650 2485 εἱσι
682 2432 1079 2504 δεδωρημέναι,
1114 2434 1365 2490 δύνανται
1405 2438 1543 2492 κατὰ
1584 2439 1678 2504 τὸ,
1732 2446 1841 2493 Λο-

260 2523 463 2591 γισμοὶ
490 2523 597 2593 τῆς
626 2526 871 2595 καρδίας
900 2527 1085 2582 αὑτοῦ
1117 2530 1204 2595 είς
1243 2530 1453 2598 τεν-εὰν
1487 2532 1585 2585 καὶ
1607 2532 1837 2601 γενεὰν,

260 2614 345 2677 δὶς
374 2615 474 2684 τῆς
496 2620 688 2685 γενεᾶς
724 2620 1127 2693 ὀνομαζομένης
1146 2662 1160 2686 ,
1190 2620 1282 2675 δύο
1306 2623 1542 2675 νοεῖσθαι
1571 2625 1663 2676 καὶ
1696 2624 1839 2692 λογι-

264 2707 419 2777 σμοί·
445 2705 527 2773 εἷς
559 2711 657 2780 μὲν
685 2714 806 2765 καθ’
840 2714 897 2766 ὃν
935 2716 1033 2786 τὴν
1069 2714 1338 2788 προτέραν
1381 2714 1677 2786 ἐδεξάμεθα
1715 2719 1839 2770 Δια-

263 2800 459 2869 οήκην,
506 2802 687 2872 ἔτερος
730 2805 786 2857 δὲ
831 2808 859 2859 ὁ
906 2807 1003 2877 τὴν
1054 2808 1242 2879 καινὴν
1298 2811 1391 2863 καὶ
1432 2809 1695 2879 σωτήριον
1746 2809 1839 2863 τοῦ

262 2891 501 2962 Χριστοῦ
552 2893 899 2951 διδασκαλίαν
938 2901 1067 2968 ἡμῖν
1105 2901 1489 2971 χαρισάμενος.
1543 2901 1841 2972 Μακάρων

262 2982 331 3034 τὸ
372 2982 547 3049 ἔθνος
570 2981 641 3040 οὗ
674 2987 805 3040 ἐστι
837 2990 1049 3055 Κύριος
1086 2994 1118 3044 d
1161 2991 1305 3055 Θεὸς
1345 2993 1551 3055 αὐτοῦ,
1598 2994 1749 3061 λαὸς
1770 2994 1841 3048 ὃν

262 3073 583 3140 ἐξελέξατο
628 3080 714 3142 εις
737 3082 1135 3149 κληρονομίαν
1168 3082 1375 3148 ἐαυτῷ.
1400 3086 1586 3149 Οὐδεὶς
1609 3086 1840 3158 μακαρί-

264 3166 348 3230 ζει
382 3168 475 3221 τὸν
518 3168 647 3222 λαὸν
676 3168 784 3223 τῶν
827 3170 1110 3236 Ἰουδαίων,
1157 3175 1293 3227 ἀλλὰ
1322 3177 1413 3229 τὸν
1440 3176 1566 3229 λαὸν
1603 3178 1694 3230 τὸν
1734 3177 1839 3230 ἀπὸ

264 3262 483 3314 πάντων
524 3262 632 3316 τῶν
678 3261 819 3317 λαῶν
865 3264 1171 3337 ἀριστίνδην
1206 3267 1596 3338 ἐξειλεγμένον.
1651 3269 1839 3339 Ἡμεῖς

262 3354 371 3423 γάρ
410 3356 577 3424 ἐσμεν
600 3355 660 3409 τὸ
700 3354 871 3421 ἔθνος,
909 3350 983 3409 ὧν
1033 3358 1148 3412 ἐστι
1185 3358 1389 3432 Κύριος
1426 3362 1455 3414 ὁ
1483 3360 1613 3425 Θεὸς
1642 3360 1834 3433 ἡμῶν·

263 3443 424 3513 ἡμεῖς
462 3446 628 3516 ἐσμεν
660 3448 755 3500 καὶ
796 3446 922 3510 λαὸς
952 3446 1011 3500 ὃν
1038 3446 1319 3513 ἐξελέξατο
1356 3451 1437 3514 εἰς
1475 3451 1836 3523 κληρονομίαν

264 3536 477 3606 ἐαυτῷ·
531 3539 681 3602 ἔθνος
736 3540 853 3611 μὲν,
887 3540 974 3594 διὰ
1006 3540 1068 3593 τὸ
1097 3539 1155 3605 ἐξ
1195 3541 1363 3594 ἐθνῶν
1408 3542 1618 3595 πολλῶν
1662 3559 1825 3595 συνειι

262 3628 471 3699 λέχθαι,
502 3630 627 3694 λαὸς
652 3632 729 3697 δὲ,
768 3633 857 3686 διὰ
892 3634 954 3687 τὸ
983 3634 1101 3687 ἀντὶ
1140 3633 1233 3687 τοῦ
1276 3634 1673 3705 ἀποϐληθέντος
1704 3635 1834 3688 λαοῦ

264 3722 689 3795 προσκληθῆναι.
738 3727 847 3778 Καὶ
889 3727 1073 3798 ἐπειδὴ
1116 3728 1339 3781 Πολλοὶ
1381 3727 1609 3795 κλητοί,
1651 3729 1840 3799 ὀλίγοι

262 3813 333 3868 δὲ
368 3815 658 3881 emittat,
686 3816 973 3887 μακαρίζει
1005 3818 1126 3888 οὐχ),
1157 3819 1246 3873 τὸν
1271 3819 1556 3891 κληθέντα,
1584 3819 1720 3874 ἀλλὰ
1746 3820 1838 3873 τὸν

266 3906 609 3978 ἐκλεχθέντα.
641 3909 924 3980 Μακάριος
945 3909 1053 3979 γὰρ
1081 3911 1139 3961 ὃν
1167 3910 1442 3974 ἐξελέξατο
1477 3913 1605 3981 (29).
1653 3914 1749 3976 Ti;
1778 3914 1835 3966 δὲ

264 4003 296 4069 ἡ
333 4002 481 4053 αἰτία
517 4000 610 4054 τοῦ
655 4002 1038 4073 μακαρισμοῦ;
1082 4003 1145 4055 Ἠ
1179 4004 1598 4074 προσδοκωμένη
1638 4007 1835 4076 κληρο-

265 4096 426 4165 νομία
472 4096 579 4149 τῶν
626 4098 857 4151 αἰωνίων
903 4098 1140 4167 ἀγαθῶν.
1201 4099 1269 4150 Ἢ
1306 4099 1512 4168 μήποτε
1569 4099 1707 4151 κατὰ
1748 4099 1838 4150 τὸν

278 4187 631 4251 Ἀπόστολον,
680 4189 899 4259 ἐπειδὴ,
953 4191 1079 4242 ὅταν
1119 4191 1180 4242 τὸ
1228 4190 1499 4259 πλήρωμα
1536 4190 1641 4243 τῶν
1671 4190 1838 4243 ἐθνῶν

264 4276 500 4348 εἰσέλθῃ,
537 4278 657 4332 τότε
690 4282 797 4342 πᾶς
850 4280 1062 4350 Ἰσραὴλ
1090 4281 1421 4349 σωθήσεται,
1468 4281 1682 4352 πρῶτον
1732 4299 1837 4350 μα-

264 4369 481 4440 καρίζει
504 4370 565 4424 τὸ
593 4370 863 4441 πλήρωμα
885 4371 992 4424 τῶν
1030 4371 1197 4425 ἐθνῶν
1216 4415 1231 4436 ,
1268 4372 1452 4425 ἔπειτα
1495 4373 1584 4425 τὸν
1614 4372 1838 4444 ὕστερον

266 4463 571 4533 σωζόμενον
637 4463 888 4533 Ἰσραήλς
950 4464 1184 4527 Σώζεται
1238 4464 1323 4524 δέ,
1367 4465 1640 4535 δηλονότι,
1677 4467 1772 4535 οὐχ
1806 4468 1834 4517 ὁ

263 4556 459 4627 τυχὼν,
491 4556 626 4611 ἀλλὰ
656 4557 718 4609 τὸ
762 4556 968 4627 λεῖμμα
1006 4557 1163 4628 μόνον
1202 4557 1263 4609 τὸ
1300 4559 1421 4611 κατ’
1468 4558 1697 4628 ἐκλογὴν
1745 4559 1834 4628 χά-

266 4666 432 4722 ριτος.
462 4650 560 4704 Διὰ
582 4648 739 4703 τοῦτο
761 4667 891 4722 φησι
912 4666 925 4681 ⁸
957 4650 1114 4716 Aude;
1140 4648 1211 4703 ὃν
1233 4649 1550 4715 ἐξελέξατο
1572 4653 1658 4715 εὶς
1690 4655 1835 4719 κλη-

256 4743 549 4812 ρονομίαν
572 4740 781 4808 ἐαυτῷ.

1945 2002 2078 2056 quas
2106 1990 2216 2043 vult
2251 1991 2451 2045 formas
2478 1991 2736 2060 imprimit
2779 2009 2793 2045 :
2829 1991 2908 2045 sic
2937 1999 2991 2045 et
3019 2006 3113 2045 cor
3151 1993 3290 2059 quod
3337 1991 3517 2043 divina

1944 2080 2159 2134 oracula
2217 2080 2363 2136 clare
2411 2094 2782 2150 suscepturum
2832 2093 2947 2149 est,
2988 2100 3177 2153 [mrum
3215 2096 3244 2135 a
3300 2090 3519 2137 contra-

1942 2173 2040 2226 riis
2078 2170 2487 2241 cogitationibus
2536 2174 2683 2227 rcddi
2728 2184 2956 2243 oportet.
3002 2176 3356 2245 Cogitationes
3400 2190 3520 2227 con-

1941 2263 2023 2317 dis
2066 2261 2179 2332 ejus
2226 2262 2283 2315 in
2329 2262 2713 2331 generationem
2771 2274 2817 2316 et
2881 2266 3283 2334 generationem.
3333 2262 3518 2332 Itaque

1941 2355 2116 2424 populi
2154 2354 2307 2410 electi
2345 2353 2453 2408 duo
2497 2370 2618 2409 cum
2658 2354 2793 2418 sint,
2823 2355 3035 2424 duoque
3084 2356 3165 2410 eis
3198 2358 3387 2411 tradita
3435 2366 3516 2409 te—
3603 2392 3610 2398 -

1941 2458 2205 2501 stamenta
2227 2489 2240 2513 ,
2271 2462 2365 2516 per
2397 2447 2543 2512 illud,
2585 2446 2939 2517 Cogitationes
2982 2449 3152 2502 cordis
3182 2448 3294 2517 ejus
3325 2449 3381 2504 in
3424 2465 3515 2517 ge-

1942 2540 2261 2592 nerationem
2310 2550 2358 2593 et
2413 2541 2830 2609 generationem,
2871 2551 3127 2609 possunt,
3168 2539 3517 2607 generatione

1944 2632 2027 2684 bis
2080 2631 2388 2693 nominata,
2445 2632 2564 2684 duae
2602 2646 2812 2701 quoque
2853 2632 3210 2701 cogitationes
3270 2631 3511 2701 intelligi.

1945 2721 2059 2775 Una
2093 2721 2307 2790 quidem
2355 2722 2649 2775 secundum
2696 2736 2855 2789 quam
2914 2722 3062 2791 prius
3110 2720 3513 2776 Testamentum

1941 2814 2248 2881 accepimus
2294 2828 2309 2866 :
2348 2812 2515 2866 altera
2569 2828 2717 2877 vero,
2754 2828 2874 2882 quae
2901 2825 3092 2866 novam
3128 2821 3182 2866 et
3221 2813 3512 2866 salutarem

1940 2905 2139 2960 Christi
2171 2906 2471 2962 doctrinam
2502 2904 2658 2960 nobis
2682 2906 2869 2973 largita
2902 2916 3002 2957 est.
3028 2903 3186 2957 Vens.
3225 2904 3312 2957 l2.
3346 2904 3514 2957 Beata

1939 3011 2060 3065 gens
2090 2995 2237 3062 cujus
2272 3006 2345 3049 est
2398 2995 2653 3048 Dominus
2703 2993 2840 3047 Deus
2899 2994 3059 3061 ejus;
3091 2996 3315 3061 populus
3361 3007 3512 3057 quens

1940 3086 2088 3153 elegit
2149 3085 2204 3138 in
2250 3085 2605 3137 hereditatem
2634 3084 2752 3137 sibi.
2787 3082 2955 3137 Nemo
3004 3084 3217 3137 beatum
3261 3086 3513 3154 praedicat

1940 3172 2245 3228 Judaeorum
2279 3174 2551 3243 populum,
2589 3174 2682 3227 sed
2713 3190 2835 3227 eum
2869 3173 3144 3243 populum,
3180 3176 3268 3243 qui
3301 3188 3369 3225 ex
3395 3190 3514 3226 om-

1942 3265 2096 3320 nibus
2122 3265 2333 3336 populis
2377 3265 2454 3319 sic
2493 3266 2695 3321 electus
2741 3275 2841 3321 est.
2880 3276 2938 3320 ut
2974 3265 3161 3334 optimi
3196 3266 3394 3334 quique
3427 3280 3515 3318 se-

1938 3359 2061 3414 lecti
2118 3361 2248 3414 sint.
2281 3357 2479 3414 Sumus
2529 3358 2672 3412 enim
2702 3373 2834 3427 gens
2868 3358 2955 3410 illa
3000 3372 3116 3421 nos,
3148 3371 3377 3425 quorum
3425 3366 3512 3411 est

1939 3454 2194 3508 Dominus
2248 3454 2387 3507 Deus
2428 3462 2611 3507 noster
2650 3470 2665 3507 :
2699 3467 2797 3506 nos
2829 3465 3014 3505 smnus
3057 3450 3219 3504 etiam
3251 3448 3502 3518 p0pulus.

1935 3557 2092 3611 quem
2118 3544 2277 3613 elegit
2293 3544 2344 3596 in
2363 3543 2727 3597 haereditatem
2750 3544 2850 3598 sibi
2870 3543 2914 3574 ⁸¹
2935 3559 2949 3608 ;
2976 3558 3107 3612 gens
3128 3541 3363 3613 quidem,
3384 3542 3509 3613 quia

1941 3649 2005 3688 ex
2039 3635 2219 3688 multis
2256 3637 2501 3703 gentibus
2530 3634 2740 3689 collecti
2786 3652 2970 3689 smnus
2984 3636 3031 3667 ⁸’
3057 3653 3071 3687 :
3101 3636 3327 3704 papulas
3360 3650 3508 3700 vero,

1942 3726 2065 3795 quia
2092 3724 2146 3777 in
2170 3725 2345 3793 populi
2365 3725 2555 3792 abjecti
2581 3726 2753 3778 locum
2785 3726 3029 3780 advocati
3056 3740 3257 3779 sumus.
3292 3724 3355 3777 Et
3380 3741 3515 3792 quo-

1941 3819 2084 3874 niam
2112 3816 2271 3871 Multi
2303 3830 2421 3872 sunt
2450 3818 2642 3880 vocati,
2667 3818 2821 3884 pauci
2871 3833 2985 3871 vero
3025 3816 3261 3879 electi”,
3295 3818 3508 3871 beatum

1939 3911 2068 3965 dicit
2098 3926 2201 3962 non
2228 3918 2495 3973 vocatum,
2515 3908 2607 3962 sed
2634 3906 2882 3961 electum.
2900 3907 3092 3962 Beatus
3115 3922 3342 3977 namque
3355 3921 3508 3973 quem

1938 4002 2120 4070 elegit.
2166 4001 2294 4065 Qua:
2325 4010 2505 4052 autem
2536 3999 2883 4053 beatitudinis
2924 4014 3088 4052 causa
3132 4001 3152 4050 t
3193 3998 3509 4067 Exspectata

1940 4094 2199 4147 bonorum
2235 4102 2557 4144 atternorum
2600 4088 2903 4143 barreditas.
2939 4089 3020 4140 An
3067 4087 3202 4142 forte
3255 4088 3505 4156 quoniam

1937 4186 2090 4254 juxta
2140 4183 2459 4252 Apostolum
2492 4182 2563 4245 “,
2600 4192 2884 4250 postquam
2948 4181 3185 4250 gentium
3234 4181 3511 4247 plenitudo

1941 4277 2242 4341 intraverit,
2305 4284 2431 4329 tunc
2468 4273 2631 4329 Israel
2677 4274 2855 4327 omnis
2910 4272 3233 4335 salvabitur,
3277 4273 3508 4341 primum

1940 4371 2151 4425 beatam
2211 4367 2470 4438 pradicet
2537 4365 2773 4435 gentium
2840 4364 3220 4433 plenitudinem
3260 4380 3275 4415 :
3321 4362 3512 4415 deinde

1939 4464 2221 4528 Israelem,
2255 4462 2343 4531 qui
2381 4470 2653 4531 postremo
2712 4457 3045 4512 salvabitnr?
3093 4456 3286 4509 Salvus
3333 4464 3508 4517 autem

1941 4554 1998 4608 lit
2028 4569 2131 4607 non
2164 4553 2358 4621 quivis,
2390 4550 2484 4604 sed
2531 4549 2770 4617 reliquize
2809 4550 3015 4610 solum,
3047 4560 3166 4611 qua)
3211 4553 3372 4597 erunt
3422 4559 3509 4598 se-

1938 4649 2168 4703 cundum
2199 4646 2518 4699 electionem
2554 4642 2741 4709 gratiae
2771 4640 2841 4693 ".
2877 4638 3003 4692 Ideo
3054 4639 3185 4691 dicit
3219 4655 3232 4690 :
3277 4635 3508 4706 Papulas

1939 4758 2088 4809 quem
2119 4739 2272 4807 e!egit
2305 4739 2357 4789 in
2389 4736 2750 4789 ltwreditatem
2783 4731 2905 4784 sibi.

336 4836 386 4890 8.
442 4837 535 4902 Ἐξ
562 4837 818 4905 οὐρανοῦ
840 4837 1174 4904 ἐπέϐλεψεν
1202 4838 1489 4903 όΚύριος-⁶
1527 4833 1647 4889 εἶδε
1686 4837 1835 4890 πάν-

2010 4836 2063 4889 8.
2092 4833 2251 4887 Vsns.
2288 4831 2374 4893 15,
2403 4829 2488 4882 li.
2525 4826 2599 4880 De
2631 4825 2758 4879 caelo
2790 4824 3013 4890 respexit
3054 4822 3347 4886 Dominus;
3380 4822 3508 4874 cidit

264 4947 373 4995 τας
398 4931 538 4997 τοὺς
562 4932 733 4998 υἱοὺς
747 4929 863 4984 τῶν
877 4928 1200 4997 ἀνθρώπων
1218 4930 1285 4995 ἐξ
1306 4931 1541 4999 ἑτοίμου
1558 4947 1829 4995 κατοικη-

264 5022 469 5089 τηρίου
490 5022 692 5077 αὐτοῦ.
710 5023 848 5086 Τοὺς
872 5022 981 5090 (50)
1001 5020 1256 5092 μένοντας
1274 5022 1365 5074 ἐπὶ
1385 5021 1476 5073 τοῦ
1506 5020 1635 5072 ἰδίου
1666 5018 1829 5086 ἀξιώ-

1940 4941 2115 4977 omnes
2147 4923 2285 4991 filios
2313 4921 2581 4973 hominum
2625 4918 2689 4970 de
2728 4927 3017 4985 pra'parato
3055 4912 3357 4968 habitacula
3392 4929 3504 4965 suo.

1942 5018 2043 5071 Eos
2067 5016 2157 5084 qui
2204 5022 2421 5067 manent
2473 5012 2527 5065 in
2578 5009 2792 5081 propria
2833 5008 3126 5079 dignitate,
3165 5016 3221 5061 et
3262 5006 3510 5060 humana

336 5112 418 5165 ⁸³1
458 5112 602 5168 Petr.
633 5131 694 5175 It,
717 5112 771 5169 9.
847 5114 892 5146 ⁸⁸
923 5113 1052 5169 ibid.
1132 5113 1179 5145 ⁸³
1202 5113 1387 5166 Blatth.
1414 5111 1606 5175 “.16.
1682 5112 1727 5143 ⁸⁵
1762 5111 1839 5165 Ro

1946 5127 2021 5172 XI,
2041 5108 2095 5164 5.
2170 5107 2216 5141 ⁸⁸
2246 5106 2378 5162 ibid.

336 5205 448 5275 (26‘.
481 5208 735 5277 Dogmata
768 5209 853 5261 illa
894 5224 1010 5274 qua!
1044 5207 1134 5262 hic
1170 5209 1412 5273 epoptica
1442 5219 1725 5277 Vocantur,
1749 5224 1834 5259 sa-

264 5279 499 5331 cratiora
516 5276 761 5347 quaedam
783 5294 977 5333 arcana
1008 5293 1127 5331 esse
1159 5290 1429 5347 putamus.
1460 5276 1576 5330 Mox
1604 5277 1716 5337 illa,
1739 5277 1834 5329 νῦν

263 5348 343 5421 τῷ
374 5348 584 5421 κόσμῳ,
641 5349 836 5421 desunt
868 5349 931 5421 Ain
978 5349 1139 5401 editis
1176 5365 1189 5400 :
1235 5348 1327 5401 sed
1390 5348 1738 5421 reperiuntur
1781 5350 1831 5400 in

264 5418 449 5487 Regiis
477 5418 736 5482 secundo,
760 5419 915 5472 tertio
936 5426 1213 5487 etquarto,
1240 5429 1404 5487 atque
1432 5422 1481 5469 in
1506 5418 1831 5473 Colbertinis

265 5491 439 5559 prium
468 5498 522 5559 et
557 5499 768 5557 quarto.

336 5557 449 5621 (27)
483 5558 557 5612 Ita
575 5554 817 5624 quatuor
842 5572 971 5613 mss.
1005 5557 1179 5611 Editio
1208 5573 1333 5609 vero
1351 5556 1520 5609 Paris.
1545 5560 1593 5609 εὶ
1625 5554 1826 5625 μέλλει.

335 5629 448 5696 (‘28)
495 5623 649 5682 Coll».
694 5638 915 5693 quartus
965 5627 1059 5681 δύο
1110 5628 1213 5681 εἰσί
1240 5626 1372 5680 Θεοῦ
1419 5623 1683 5687 ἐκλεκτοί,
1732 5623 1834 5678 dn'o

266 5708 386 5752 sunt
422 5698 516 5751 Dei
546 5700 723 5764 ponuli
761 5698 927 5750 electi.
964 5698 1154 5750 Statim
1194 5713 1317 5750 noto
1352 5714 1479 5751 mss.
1505 5697 1725 5750 δύναται
1777 5698 1835 5750 τὸ

266 5768 581 5837 λογισμοί...
606 5768 698 5821 δύο
724 5766 1068 5821 νοεῖσθαικαὶ
1100 5767 1409 5837 λογισμούς,
1435 5770 1584 5834 quasi
1616 5770 1832 5819 verbum

268 5787 421 5837 λογισ
466 5787 581 5822 οι...
606 5787 698 5821 ouo
724 5787 1068 5821 νοεισοαικαι
1101 5787 1409 5837 Λογισμους,
1435 5787 1584 5834 quam
1616 5787 1830 5819 vernum

267 5787 506 5896 νἰεῐσθιαι
533 5841 619 5895 hic
648 5841 786 5893 sumi
805 5838 996 5893 debeat
1015 5855 1110 5907 pro
1132 5854 1212 5901 eo,
1246 5841 1501 5906 quodest,
1522 5839 1830 5906 exprimere,

1944 5206 2203 5258 indicare.
2241 5204 2418 5258 Etlitio
2462 5218 2590 5257 vero
2623 5200 2794 5256 Paris.
2827 5198 3083 5253 δύνανται
3132 5194 3271 5248 κατὰ
3305 5194 3385 5258 τὸ,
3419 5195 3509 5248 λο-

1942 5275 2158 5346 γισμοί,
2182 5286 2287 5329 etc.
2337 5284 2395 5327 ut
2425 5274 2780 5346 incontextn.
2835 5269 3059 5329 Vereor,
3106 5282 3170 5319 ne
3196 5276 3389 5346 praeter
3421 5266 3509 5319 illa

1941 5341 2057 5411 qua:
2072 5362 2102 5399 e
2126 5344 2544 5399 Commentariis
2566 5341 2781 5411 Eusebii
2810 5348 3021 5411 sumpta
3040 5352 3158 5411 esse
3181 5341 3507 5411 notavimus,

1939 5406 2039 5468 alia
2072 5430 2285 5484 quoque
2320 5414 2546 5484 orationi
2595 5410 2877 5484 Basiliana
2929 5407 3155 5461 admista
3199 5406 3353 5459 sint:
3403 5419 3508 5473 qua

1938 5489 2003 5540 de
2043 5482 2103 5535 re
2134 5486 2357 5537 aliorum
2390 5484 2494 5536 erit
2514 5482 2800 5550 judicium.

2007 5554 2120 5625 (29)
2149 5554 2324 5625 Editio
2348 5544 2531 5607 Paris:
2554 5548 2855 5625 ἐξελέξατο.
2885 5549 3037 5619 φησί.
3070 5547 3232 5601 Deest
3287 5544 3421 5615 φησί
3453 5545 3511 5602 in

1945 5623 2173 5693 iisquos
2200 5624 2430 5676 vidimus
2464 5623 2761 5693 codicibus.

2016 5684 2125 5764 (30)
2184 5694 2273 5764 Sic
2331 5694 2498 5745 editio
2544 5691 2722 5764 Paris.
2767 5706 2890 5764 eum
2944 5684 3506 5764 vetustissitnoﬂllec.

1943 5757 2138 5827 mnu-Io
2170 5776 2220 5818 et
2244 5762 2397 5817 Colb.
2421 5766 2669 5830 septimo.
2698 5760 2799 5813 Alii
2833 5773 2942 5813 tres
2967 5774 3095 5830 mss.
3128 5757 3507 5830 omn-editions

1943 5823 2104 5891 liasll.
2124 5836 2245 5897 τοὺς
2264 5834 2361 5904 μὲν
2383 5823 2560 5895 ὄντας.
2590 5831 2716 5900 Reg.
2738 5832 2925 5885 tertius
2949 5829 3075 5892 τοὺς
3097 5827 3194 5897 μὲν
3215 5823 3307 5880 οὖν
3327 5826 3501 5885 ὄντας.
