4016 6476
282 417 389 479 543

1379 405 1662 478 ιιυιὶιιιιΑ
1704 423 1768 477 ιιι
1811 422 2143 478 PSALMUM
2184 424 2405 480 xxxn.

3428 437 3531 492 546

277 544 374 598 οὖν
393 545 644 615 βασιλεὺς
677 548 736 599 ού
761 546 909 615 παρά
933 543 1029 615 τὴν
1047 544 1246 615 πολλὴν
1274 547 1520 616 δύναμιν,
1544 545 1676 599 ἀλλὰ
1709 545 1857 615 παρὰ

1964 556 2050 597 tur
2102 545 2262 616 igitur
2292 561 2382 600 rex
2421 561 2524 599 non
2560 561 2654 613 per
2700 545 2920 600 multam
2974 551 3248 615 virtutem,
3304 551 3397 606 sed
3439 569 3533 622 per

279 639 381 706 τὴν
413 637 561 690 θείαν
607 637 784 708 χάριν.
825 637 987 689 Ὥστε
1027 637 1201 707 ἀληθῆ
1247 640 1340 690 καὶ
1367 638 1576 699 τούτοις
1609 635 1744 690 εἶναι
1769 637 1856 688 τὸν

278 726 457 795 λόγον,
505 728 805 795 ὃτιΧάριτί
850 729 992 781 ἐστε
1036 727 1426 796 σεσωσμένοι.
1479 729 1689 799 Ὥσπερ
1738 726 1856 778 οὐδὲ

277 820 522 889 γεωργὸς
576 819 828 872 τοσοῦτον
865 819 951 872 διά
1011 820 1110 890 τὴν
1159 821 1471 891 γεωργικὴν
1545 819 1857 890 ἐπιμέλειαν

277 912 535 981 τυγχάνει
556 913 648 965 τοῦ
671 914 978 980 γεωργικοῦ
1003 916 1218 984 μέρους,
1255 916 1376 967 ὅσον
1401 915 1488 968 διά
1516 913 1606 967 τόν
1633 913 1858 978 αὖξοντα

278 1004 351 1057 τὰ
397 1005 785 1076 γεωργούμενα
830 1006 982 1059 Θεόν.
1024 1007 1173 1059 Οὔτε
1212 1007 1372 1075 γὰρὸ
1408 1008 1680 1076 φυτεύων
1726 1007 1858 1059 ἐστί

280 1114 356 1160 τι,
392 1097 529 1149 οὔτε
575 1101 608 1150 ὁ
634 1097 900 1158 ποτίζων,
926 1098 1074 1151 ἀλλ’
1112 1102 1144 1152 ό
1185 1099 1464 1162 αὐξάνων
1503 1101 1664 1165 Θεός.
1711 1101 1773 1152 El
1802 1101 1857 1153 δὲ

281 1187 479 1256 καρδία
514 1187 773 1258 βασιλέως
808 1191 864 1239 ὲν
893 1190 1036 1257 χειρὶ
1059 1189 1223 1252 Θεοῦ,
1273 1191 1333 1242 οὐ
1387 1189 1615 1254 σώζεται
1647 1191 1733 1243 διὰ
1762 1190 1858 1262 τὴν

280 1279 562 1349 ὁπλιτικὴν
591 1280 836 1349 δύναμιν,
865 1280 999 1334 ἀλλά
1025 1282 1111 1335 διά
1149 1283 1245 1354 τὴν
1280 1282 1428 1335 Θείαν
1468 1284 1856 1352 χειραγωγίαν.

295 1369 382 1422 Ἐν
415 1372 556 1443 χειρὶ
595 1372 651 1424 δὲ
678 1371 811 1423 Θεοῦ
846 1373 990 1425 ἐστιν
1033 1373 1130 1442 οὐχ
1176 1375 1205 1426 6
1246 1372 1458 1442 τυχὼν,
1497 1373 1608 1424 ἀλλ’
1643 1376 1670 1426 6
1712 1372 1859 1437 ἄξιος

282 1462 383 1530 τῆς
412 1463 504 1515 τοῦ
549 1462 811 1532 βασιλέως
849 1465 1235 1535 προσηγορίας.
1286 1466 1562 1536 Ὠρίσαντο
1619 1466 1674 1518 δέ
1719 1484 1860 1529 τινες

288 1555 562 1625 βασιλείαν
604 1551 740 1608 εἶναι
778 1557 874 1626 τὴν
907 1557 1128 1626 ἔννομον
1175 1557 1526 1618 ἐπιστασίαν,
1571 1557 1601 1627 ἢ
1644 1557 1738 1626 τὴν
1769 1557 1859 1609 ἐπὶ

285 1655 449 1706 πᾶσιν
494 1652 665 1723 ἀρχὴν
699 1652 1065 1706 ἀνυπεύθυνον
1110 1653 1373 1722 ἁμαρτία.
1413 1653 1521 1706 Kal
1574 1655 1740 1721 γίγας
1787 1655 1859 1705 οὐ

283 1745 619 1810 σωθήσεται
651 1744 721 1796 ἐν
757 1743 972 1810 πλήθει
1012 1746 1223 1812 ἰσχύος
1262 1743 1464 1796 αὑτοῦ.
1510 1744 1743 1810 Γίγαντα
1771 1744 1852 1796 λέο

284 1853 369 1902 γει
397 1836 486 1886 τὸν
527 1837 724 1906 φυσικῇ
765 1836 989 1905 δυνάμει
1033 1837 1126 1889 καὶ
1165 1836 1301 1904 τόνῳ
1333 1835 1627 1906 σωματικῷ
1668 1854 1862 1908 κεχρη-

289 1927 467 1997 μένον.
492 1925 630 1979 Οὗτε
658 1923 751 1980 οὖν
785 1927 1035 1996 βασιλεὺς
1067 1928 1162 1996 τὴν
1209 1931 1273 1980 ἐκ
1306 1926 1399 1979 τοῦ
1428 1927 1702 1981 ὁπλιτικοῦ
1737 1929 1862 2000 βιή-

287 2017 434 2070 θειαν
465 2018 739 2090 ἀρκοῦσαν
775 2019 884 2089 ἔχει
913 2019 1047 2090 πρὸς
1072 2019 1364 2089 σωτηρίαν,
1400 2019 1522 2072 οὔτε
1568 2023 1594 2073 6
1627 2022 1865 2091 ἀνδρεῖος

287 2109 466 2180 ἑαυτῷ
490 2112 624 2181 πρὸς
648 2112 824 2166 πάντα
864 2114 1124 2181 ἐπαρκεῖν
1154 2113 1301 2163 ἐστιν
1347 2113 1545 2176 ἱκανός.
1591 2115 1864 2166 Ἀσθένεια

288 2205 397 2275 γάρ
433 2206 547 2257 ἐστι
592 2206 685 2256 καὶ
729 2203 993 2274 ἀδυναμία
1043 2205 1218 2256 πάντα
1260 2205 1393 2274 ὁμοῦ
1441 2206 1507 2258 τὰ
1553 2205 1865 2276 ἀνθρώπινα

288 2298 426 2369 πρὸς
475 2297 570 2368 τὴν
634 2296 888 2367 ἀληθινὴν
954 2294 1180 2366 δύναμιν
1241 2295 1713 2366 παραϐαλλόμενα.
1767 2297 1864 2350 Διά

287 2388 444 2441 τοῦτο
483 2389 559 2441 Τὰ
581 2387 809 2455 ἀσθενῆ
844 2386 950 2440 τοῦ
990 2390 1224 2457 κόσμου
1272 2389 1588 2452 ἐξελέξατο
1623 2394 1655 2442 ὁ
1699 2391 1863 2457 Θεὸς,

287 2480 389 2532 ἵνα
435 2482 806 2548 καταισχύνῃ
881 2481 953 2533 τὰ
1017 2479 1264 2547 lczvpd'
1327 2483 1417 2532 καὶ
1482 2485 1544 2534 ὲκ
1604 2483 1865 2552 στόματος

287 2571 497 2642 νηπίων
566 2571 658 2623 καὶ
713 2571 1049 2640 θηλαζόντων
1110 2573 1474 2642 κατηρτίσατο
1526 2574 1635 2644 (58)
1699 2574 1863 2637 αἶνον,

287 2661 374 2712 ἵνα
428 2660 702 2731 καταλύσῃ
759 2660 850 2711 τὸν
901 2659 1091 2731 ἐχθρὸν
1160 2663 1254 2714 καὶ
1319 2664 1625 2735 ἐκδικητὴν.
1689 2667 1864 2720 Μάλι-

289 2770 390 2805 στα
425 2753 531 2821 γὰρ
563 2751 799 2821 ἔλαμψεν
834 2754 865 2823 ἠ
896 2752 1016 2806 θεία
1057 2754 1215 2825 χάρις
1265 2758 1323 2809 ὲν
1364 2761 1474 2819 τοῖς
1516 2758 1727 2827 νηπίοις
1773 2758 1864 2810 καὶ

287 2844 533 2912 ἀνοήτοις
604 2844 988 2915 ἐνεργουμένη.
1058 2847 1293 2914 Ψευὸὴς
1374 2848 1556 2912 ἵππος
1606 2851 1692 2914 εὶς
1753 2866 1866 2901 σω-

288 2935 533 3000 τηρίανο
583 2936 653 2987 ἐν
704 2935 771 2988 δὲ
828 2936 1042 3002 πλήθει
1067 2938 1372 3008 δυνάμεως
1416 2939 1601 2994 αὐτοῦ
1642 2943 1714 2993 οὺ
1748 2957 1864 2994 σω-

294 3024 564 3090 θήσεται.
630 3028 982 3098 Ἐκϐἐϐληται
1025 3031 1122 3100 τῆς
1169 3033 1414 3101 χρήσεως
1464 3032 1572 3085 τῶν
1618 3033 1788 3101 ἁγίων
1838 3035 1866 3085 6

296 3116 482 3182 ἵππος.
527 3120 634 3171 Καὶ
674 3119 796 3172 οὔτε
837 3123 893 3172 ἐν
942 3121 1195 3191 πολέμοις
1241 3124 1524 3194 εὐημερῶν
1575 3127 1602 3176 6
1651 3127 1865 3197 Ἰσραὴλ

292 3210 485 3280 ἱππικῇ
512 3210 736 3280 δυνάμει
764 3213 892 3262 ποτὲ
926 3214 1172 3283 φαίνεται
1221 3217 1576 3285 κεχρημένος,
1609 3215 1732 3269 οὔτε
1761 3219 1863 3289 ἰδία
1891 3249 1932 3302 C

289 3318 373 3362 τις
399 3303 505 3353 τῶν
554 3303 720 3370 ἁγίων
766 3304 862 3374 τὴν
899 3306 1092 3374 χρῆσιν
1128 3306 1235 3359 τῶν
1272 3309 1450 3361 ἵππων
1485 3310 1559 3372 ὡς
1593 3311 1864 3382 ἁρμόζου-

292 3412 390 3446 σαν
434 3396 781 3466 παρεδέξατο’
831 3397 1028 3468 Φαραὼ
1066 3399 1121 3451 δὲ
1169 3400 1320 3470 ἵππῳ
1352 3401 1461 3471 (59)
1513 3404 1732 3474 χρῆται,
1777 3404 1867 3457 καὶ

291 3485 631 3557 Σεναχηρείμ
664 3491 691 3541 6
727 3490 1073 3560 ὑπερήφανος
1095 3494 1159 3562 τῇ
1209 3495 1499 3565 περιουσίᾳ
1546 3496 1654 3549 τῶν
1689 3498 1868 3551 ἵππων

296 3576 436 3646 μέγα
466 3583 666 3646 φρονεῖ.
704 3581 901 3652 Διόπερ
935 3582 1026 3634 τοῦ
1062 3585 1157 3653 μὲν
1189 3585 1388 3656 Φαραὼ
1420 3587 1586 3640 ἵππον
1613 3592 1703 3642 κα)⁸
1740 3593 1871 3645 ἀνα-

289 3668 461 3737 εάτην
501 3667 720 3739 ἔρριψεν
771 3676 850 3736 εἰς
896 3673 1204 3727 θάλασσαν·
1267 3676 1356 3729 τοῦ
1422 3678 1477 3729 δὲ
1528 3681 1869 3752 Σεναχηρεὶμ

291 3756 585 3821 ἐνύσταξαν
616 3761 815 3822 πάντες
848 3764 896 3814 οἱ
925 3762 1313 3834 ἐπιϐεϐηκότες
1341 3767 1452 3828 τοῖς
1494 3767 1678 3832 ῐπποις
1699 3787 1713 3802 ·
1750 3771 1869 3824 ὅθεν

291 3848 388 3900 καὶ
416 3851 444 3902 6
475 3848 565 3902 διὰ
594 3851 872 3914 Μωῦσέως
899 3855 1061 3923 νόμος
1096 3856 1164 3908 τά
1197 3858 1322 3926 περὶ
1352 3857 1615 3927 βασιλέων
1642 3861 1752 3932 (40)
1787 3880 1871 3915 vo.

295 3941 553 4010 μοθετῶν,
599 3947 679 3998 Οὐ
725 3947 1036 4011 πληθυνεῖ,
1075 3951 1258 4019 φησὶν,
1304 3949 1494 4015 ἐαυτῷ
1525 3953 1727 4007 ἵππον.
1769 3957 1870 4008 Ἐν

288 4030 360 4082 δὲ
388 4033 598 4098 πλήθει
629 4033 935 4103 δυνάμεως
965 4035 1152 4086 αὑτοῦ
1189 4040 1260 4089 οὐ
1290 4037 1647 4102 σωθήσεται.
1685 4042 1870 4094 ’Ὅταν

1959 637 2194 690 divinam
2229 639 2477 707 gratiam.
2509 640 2686 703 Quare
2707 649 2761 691 et
2788 653 2915 708 erga
2944 638 3040 693 hos
3069 655 3191 694 vera
3222 652 3345 697 sunt
3370 644 3534 698 verba

1960 726 2067 790 illa,
2106 725 2290 780 Gratia
2340 727 2530 781 saluati
2562 727 2683 778 estis
2706 727 2772 779 ".
2817 726 2891 779 Ita
2933 743 2999 782 ne
3040 730 3271 799 agricola
3313 732 3532 800 quidem

1959 832 2055 886 per
2093 818 2496 885 agricolationis
2541 817 2868 886 diligentiam
2923 830 3128 874 tantum
3174 820 3406 876 fructum
3439 837 3531 878 as-

1960 911 2222 979 sequitur,
2259 922 2515 979 quantum
2545 925 2640 978 per
2665 911 2828 964 Deum
2852 926 3062 979 segetes
3093 927 3396 984 augentem.
3419 914 3504 970 Ne

1957 1019 2054 1072 que
2081 1005 2218 1057 enim
2262 1005 2351 1072 qui
2388 1003 2615 1072 plantat,
2652 1013 2726 1055 est
2780 1004 2998 1071 aliquid,
3028 1022 3188 1076 neque
3227 1008 3316 1075 qui
3357 1008 3532 1078 rigat;

1959 1095 2046 1148 sed
2067 1097 2155 1164 qui
2191 1097 2560 1149 incrementum
2583 1094 2672 1146 dat
2709 1095 2845 1148 Deus
2869 1097 2935 1151 ν’.
2970 1095 3119 1161 Quol
3149 1099 3192 1153 si
3242 1114 3338 1153 cor
3391 1115 3482 1170 reg
3507 1116 3532 1155 s

1963 1184 2013 1237 in
2046 1201 2203 1238 manu
2243 1185 2397 1240 Dei”
2430 1202 2443 1238 :
2481 1202 2585 1239 non
2626 1201 2723 1255 per
2763 1202 3033 1240 armorum
3075 1191 3388 1258 potentiam,
3436 1192 3533 1247 sed

1963 1293 2056 1347 per
2100 1279 2334 1331 divinum
2396 1279 2704 1347 praesidium
2762 1292 3028 1334 servatur.
3065 1280 3119 1334 In
3166 1299 3324 1336 manu
3356 1292 3533 1339 autem

1965 1370 2050 1424 Dei
2084 1385 2186 1423 non
2221 1379 2302 1423 est
2350 1369 2598 1436 quilibet.
2638 1370 2728 1424 sed
2779 1371 2868 1438 qui
2902 1372 3098 1442 dignus
3144 1374 3352 1429 exsistit
3393 1381 3536 1445 regis

1962 1464 2332 1532 appellatione.
2366 1461 2696 1518 Delinierunt
2719 1471 2894 1518 autem
2925 1467 3142 1535 quidam
3174 1482 3389 1536 regnum
3413 1482 3534 1522 esse

1964 1554 2260 1620 legitimum
2308 1554 2661 1619 dominatum,
2705 1569 2796 1608 aut
2833 1557 3186 1625 principatum
3222 1558 3273 1612 in
3323 1573 3529 1623 omnes,

1962 1646 2122 1698 sicut
2166 1654 2385 1712 peccato
2415 1646 2678 1699 obnoxius
2720 1662 2824 1700 non
2867 1649 2954 1702 sit.
2999 1645 3065 1699 Et
3103 1648 3247 1716 gigas
3293 1666 3396 1703 non
3425 1648 3535 1703 sal-

1963 1737 2168 1788 rabitur
2205 1737 2260 1789 in
2303 1736 2642 1790 multitudine
2684 1738 2889 1790 virtutis
2931 1755 3061 1794 suae.
3088 1739 3365 1809 Gigantem
3404 1742 3535 1796 dicit

1964 1827 2207 1896 eum,qui
2230 1826 2455 1880 naturali
2483 1829 2529 1880 vi
2560 1838 2613 1881 et
2636 1829 2897 1896 corporali
2922 1831 3079 1896 pollet
3107 1833 3310 1886 robore.
3351 1830 3535 1902 Neque

1967 1919 2126 1980 igitur
2165 1933 2258 1973 rex
2300 1932 2364 1971 ex
2411 1920 2577 1971 armis
2624 1918 2889 1974 suﬂiciens
2923 1921 2989 1973 ad
3020 1921 3244 1975 salutem
3277 1921 3532 1976 auxilium

1967 2013 2144 2079 habet,
2167 2027 2340 2081 neque
2370 2011 2522 2067 fortis
2547 2013 2628 2066 vir
2660 2013 2760 2066 sibi
2782 2015 2847 2068 ad
2866 2015 3042 2068 omnia
3073 2011 3314 2071 sullicere
3336 2024 3532 2081 potest.

1965 2105 2306 2160 Imbecillitas
2324 2108 2466 2160 enim
2499 2114 2552 2160 et
2582 2107 2866 2162 inlirmitas
2891 2118 3016 2161 sunt
3043 2108 3220 2164 omnia
3253 2109 3414 2163 simul
3435 2113 3535 2163 hu-

1965 2212 2142 2260 mana,
2170 2198 2211 2252 si
2241 2213 2360 2252 curn
2392 2213 2513 2252 vera
2547 2200 2784 2268 potentia
2813 2212 3214 2270 comparentur.
3239 2199 3530 2271 Propterea

1965 2287 2187 2356 lnﬁrma
2227 2287 2409 2340 mundi
2459 2287 2610 2356 elegit
2657 2287 2819 2353 Deus,
2851 2297 2905 2341 ut
2949 2291 3235 2357 confundat
3265 2290 3529 2359 fortia”;

1965 2393 2018 2433 et
2040 2397 2102 2435 ex
2124 2395 2215 2436 ore
2246 2379 2526 2434 infantium
2550 2390 2605 2436 et
2636 2380 2945 2435 lactentium
2978 2383 3198 2452 perfecit
3218 2385 3452 2448 laudem,
3477 2395 3535 2438 ut

1966 2475 2206 2526 deSIruat
2246 2472 2520 2525 inimicum
2551 2483 2605 2525 et
2641 2473 2866 2525 ultorem
2884 2474 2952 2527 ".
2984 2473 3112 2527 Nam
3154 2473 3331 2526 divina
3359 2473 3534 2543 gratia

1971 2564 2122 2636 14],
2167 2565 2218 2617 in
2273 2564 2570 2619 infantibus
2604 2579 2667 2618 ac
2727 2563 2947 2620 rudibus
2994 2582 3258 2635 operans,
3300 2567 3536 2622 maxime

1967 2655 2318 2723 reSplenduit.
2351 2655 2518 2710 Vens.
2562 2657 2648 2710 17.
2695 2655 2891 2710 Fallax
2912 2673 3070 2727 equus
3099 2659 3165 2711 ad
3191 2659 3409 2712 salutem
3435 2675 3453 2714 :
3480 2662 3535 2714 in

1965 2747 2306 2801 multitudine
2346 2759 2516 2801 autem
2565 2751 2770 2802 virtutis
2807 2767 2917 2804 sua:
2952 2767 3054 2804 non
3084 2754 3392 2809 salvabitur.
3424 2756 3533 2809 Ex-

1966 2839 2149 2894 clusus
2187 2851 2266 2893 est
2294 2841 2360 2895 ab
2392 2858 2487 2894 usu
2529 2852 2838 2895 sanctorum
2871 2858 3060 2912 equus.
3107 2847 3210 2900 Sed
3258 2865 3433 2918 neque
3457 2855 3534 2905 Is-

1966 2931 2079 2985 rael
2109 2934 2232 2985 dum
2260 2932 2308 2985 ei
2344 2948 2430 2985 res
2468 2933 2521 2986 in
2561 2934 2714 2988 bellis
2737 2950 2800 2987 ex
2845 2937 3008 2989 animi
3044 2941 3307 2993 sententia
3347 2955 3536 2995 Succe-

1967 3027 2179 3089 derent,
2215 3039 2449 3094 unquam
2491 3029 2727 3095 equestri
2764 3030 2998 3096 potentia
3032 3045 3162 3086 usus
3195 3032 3361 3089 fuisse
3384 3051 3534 3088 com-

1969 3121 2194 3188 peritur,
2235 3135 2408 3188 neque
2442 3122 2727 3190 quisquam
2764 3135 3071 3178 sanctorum
3099 3127 3352 3194 privatim
3377 3144 3529 3183 nsum

1968 3227 2226 3281 equorum
2256 3214 2402 3268 velut
2423 3217 2829 3270 convenientem
2857 3215 3096 3272 admisit.
3126 3219 3194 3272 At
3221 3233 3349 3273 vero
3391 3219 3533 3274 Pha-

1967 3321 2061 3357 rao
2083 3306 2325 3371 equitatu
2352 3308 2526 3360 utitur
2555 3307 2623 3370 ",
2656 3318 2708 3361 et
2741 3311 3006 3378 superbus
3044 3311 3131 3363 ille
3163 3309 3534 3366 Sennacherib

1967 3397 2032 3450 de
2065 3411 2329 3466 equorum
2385 3399 2725 3454 multitudine
2761 3401 3022 3468 gloriatur
3060 3402 3125 3454 ⁸⁷.
3170 3402 3531 3468 Quamobrem

1966 3486 2265 3541 Pharaonis
2292 3503 2486 3557 equum
2510 3499 2560 3542 et
2587 3505 2926 3545 ascensorem
2953 3494 3174 3562 projecil
3204 3497 3252 3547 in
3286 3511 3435 3549 mare
3450 3497 3530 3551 "z

1967 3597 2156 3637 omnes
2185 3597 2313 3636 vero
2354 3581 2726 3638 Sennacherib
2745 3585 2951 3655 equites
2992 3586 3422 3642 dorinitaverunt
3462 3590 3530 3644 ”.

1972 3670 2122 3726 Unde
2172 3675 2336 3727 etiam
2381 3674 2485 3727 lata
2521 3690 2616 3742 per
2649 3675 2864 3746 Moysen
2910 3679 2974 3731 de
3020 3695 3200 3749 regum
3232 3679 3418 3734 olliciis
3449 3681 3531 3736 lex

1969 3767 2040 3820 ita
2067 3769 2281 3818 sancit:
2337 3763 2461 3818 Non
2508 3765 2876 3832 multiplicabit
2915 3768 3013 3821 sibi
3057 3770 3342 3838 equitatum
3378 3772 3414 3825 '.
3467 3772 3534 3827 In

1965 3857 2300 3910 multitudine
2322 3867 2493 3908 autem
2526 3858 2730 3909 uirtutis
2757 3874 2866 3911 sua:
2907 3876 3008 3912 non
3044 3860 3350 3916 saluabitur.
3399 3863 3532 3918 Cum

1966 3950 2123 4014 enim,
2158 3948 2350 4016 inquit,
2379 3948 2638 4015 inﬁrmor,
2677 3960 2798 4003 tunc
2820 3962 2997 4019 potens
3018 3968 3131 4004 sum
3159 3955 3200 4008 ².
3238 3953 3371 4008 Nam
3405 3972 3531 4013 cor-

1968 4055 2248 4110 porearum
2301 4038 2493 4092 virium
2531 4041 2812 4095 multitudo
2861 4041 3019 4095 saluti
3057 4043 3278 4110 spiritus
3331 4047 3530 4101 obstat.

292 4124 400 4193 γὰρ
429 4124 679 4207 ἀσθενῶ,
709 4127 862 4194 φησὶ,
898 4127 1027 4179 τότε
1066 4127 1319 4193 δυνατός
1351 4130 1484 4197 ειμι.
1533 4129 1603 4181 Τὸ
1634 4130 1689 4182 δὲ
1721 4131 1919 4203 πλῆθος
1946 4136 2042 4205 τῆς
2076 4129 2393 4201 σωματικῆς
2452 4130 2731 4202 δυνάμεως
2762 4131 3012 4203 ἐμπόδιόν
3069 4134 3184 4184 ἐστι
3242 4134 3378 4205 πρὸς
3436 4137 3533 4207 τὴν

293 4205 564 4290 σωτηρίαν
596 4219 686 4271 τοῦ
726 4221 855 4272 πνεύ
867 4239 1052 4288 ματος.

363 4310 449 4364 id.
497 4310 651 4363 Ἰδοὺ
679 4313 730 4364 ol
769 4312 1062 4379 ὀφθαλμοὶ
1095 4313 1313 4380 Κυρίου
1342 4314 1437 4368 ἐπὶ
1478 4315 1619 4381 τοὺς
1651 4319 1866 4385 φοϐου-

289 4401 511 4468 μένους
546 4405 747 4455 αὑτόν.
793 4402 1050 4472 Ἀλλαχοῦ
1094 4405 1192 4472 μὲν
1237 4405 1488 4476 εἴρηται·
1545 4409 1862 4477 Ὀφθαλμοὶ

294 4494 512 4562 Κυρίου
534 4494 628 4548 ἐπὶ
658 4494 941 4562 δικαίους·
969 4496 1198 4548 ἐνταῦθα
1220 4497 1298 4560 δὲ,
1329 4499 1458 4552 Ἐπὶ
1480 4500 1620 4566 τοὺς
1645 4504 1831 4569 φοϐου

359 4653 401 4684 ’ί
438 4653 630 4721 Ephes.
676 4671 731 4714 ιι,
789 4654 839 4708 5.

290 4723 347 4786 9,
395 4723 486 4777 25.
575 4724 617 4754 ⁸⁷
645 4724 710 4778 lV
750 4721 877 4792 Reg.
919 4741 1031 4791 xix,
1074 4727 1164 4780 ‘25.
1238 4727 1284 4761 ³⁸
1321 4728 1486 4782 Exod.
1534 4745 1622 4793 xv,
1671 4731 1721 4783 1.

290 4795 313 4825 ³
353 4795 494 4848 Psal.
533 4809 724 4857 xxxiii,
764 4795 851 4849 16.

928 4657 972 4686 ⁸³
1003 4654 1019 4706 1
1049 4654 1172 4709 Cor.
1214 4670 1291 4715 In,
1330 4656 1378 4709 7.
1453 4658 1497 4688 ³³
1522 4658 1676 4712 Prov.
1720 4675 1830 4720 xxi,
1879 4662 1925 4712 1.
2003 4661 2048 4691 ⁸⁸
2089 4660 2103 4711 |
2156 4658 2278 4711 Cor.
2340 4673 2345 4707 ι

928 4742 1031 4784 nx.
1074 4727 1164 4780 ‘25.
1238 4727 1284 4761 ³⁸
1321 4728 1486 4782 Exod.
1534 4745 1622 4784 xv.
1671 4731 1721 4783 1.
1796 4731 1927 4784 "1V
1950 4731 2077 4784 Rea.
2117 4746 2228 4784 xix.
2279 4729 2345 4783 55

1917 4745 2077 4799 πιιεε.
2117 4746 2228 4792 xix,
2279 4745 2366 4783 oo.

2035 4316 2120 4370 10.
2156 4316 2316 4369 Vens.
2349 4313 2434 4368 18.
2469 4312 2604 4368 Ecce
2637 4312 2776 4366 oculi
2826 4310 3037 4364 Domini
3069 4329 3224 4378 super
3253 4324 3530 4368 metuentes

1961 4425 2100 4462 eum.
2172 4407 2311 4462 Alibi
2355 4408 2572 4476 quidem
2634 4405 2835 4458 dictum
2891 4414 2975 4458 est
3033 4422 3047 4458 :
3110 4403 3262 4458 Oculi
3317 4405 3530 4460 Domini

1961 4517 2116 4570 super
2139 4501 2318 4567 justas
2350 4499 2404 4563 3;
2450 4499 2538 4552 hic
2578 4512 2726 4560 vero,
2749 4513 2904 4564 super
2937 4507 3216 4550 metuentes
3250 4513 3389 4553 eum.
3428 4497 3529 4553 Ubi

2003 4661 2048 4691 ⁸⁸
2089 4660 2103 4711 I
2156 4658 2278 4711 Cor.
2340 4673 2376 4719 ι,
2417 4657 2506 4711 27.
2583 4657 2627 4687 ⁵⁸
2655 4653 2795 4707 Psal.
2833 4668 2951 4716 νιιι,
2989 4653 3043 4710 5.
3120 4654 3168 4686 ’⁸
3195 4657 3367 4708 Exod.
3416 4671 3526 4716 xiv,

2447 4732 2461 4759 ¹
2495 4731 2648 4782 Deut.
2690 4740 2819 4789 xm,
2867 4726 2952 4778 16.
3023 4727 3042 4755 ¹¹
3081 4725 3124 4778 ll
3149 4725 3273 4780 Cor.
3307 4741 3403 4789 xu,
3440 4725 3526 4780 10.

368 4887 478 4957 (58)
524 4885 621 4940 Ubi
670 4888 864 4957 legitur
898 4889 947 4941 in
993 4887 1228 4943 editione
1257 4887 1427 4940 Paris.
1473 4897 1526 4941 et
1566 4887 1616 4941 in
1671 4888 1849 4942 multis
1881 4891 1924 4945 D
1955 4888 2084 4941 time
2111 4901 2256 4945 vero,
2284 4886 2328 4940 si
2361 4886 2584 4957 scribas,
2612 4888 2846 4956 perfecit,
2871 4897 2928 4941 ut
2957 4889 3207 4945 destruat,

291 4975 421 5012 mss.
465 4959 797 5028 κατηρτίσω,
830 4959 1107 5025 perfecisti,
1164 4959 1419 5024 scriptum
1463 4957 1761 5028 invenimus
1796 4959 1849 5012 in

291 5029 424 5097 Reg.
452 5027 642 5096 quarto
675 5041 728 5080 et
769 5030 818 5080 in
853 5029 1002 5082 Culb.
1040 5030 1225 5097 quinto
1263 5027 1643 5097 κατηρτίσατο,
1685 5029 1851 5096 perfe-

289 5100 384 5162 cit,
417 5109 468 5152 et
510 5101 578 5150 ita
635 5099 911 5165 legendum
944 5114 1060 5152 esse
1121 5099 1466 5151 arbitramur.
1515 5100 1647 5151 Cum
1703 5101 1847 5150 enim

291 5181 415 5222 ante
443 5170 695 5235 scriptum
725 5169 810 5229 sit,
845 5169 924 5220 Τὰ
964 5169 1164 5237 ἀσθενῆ
1209 5167 1313 5238 τοῦ.
1333 5168 1539 5238 κόσμου
1569 5166 1848 5231 ἐξελέξατο

288 5243 317 5291 6
366 5239 516 5302 Θεὸς,
554 5239 638 5291 ἵνα
671 5239 1002 5310 καταισχύνῃ
1034 5239 1100 5292 τὰ
1131 5236 1342 5309 ἰσχυρά,
1371 5236 1618 5310 ῨΙιιβνηια
1657 5239 1847 5310 muniti

290 5310 439 5376 elegit
468 5311 625 5370 Deus,
659 5319 712 5360 ut
742 5308 1020 5375 confundat
1052 5308 1231 5375 fortia,
1275 5309 1561 5362 verisimile
1585 5308 1735 5361 nobis
1769 5308 1844 5370 lit,

290 5380 376 5431 hic
410 5380 508 5444 legi
548 5380 744 5432 debere
775 5378 1156 5449 κατηρτίσατο,
1183 5380 1270 5432 ἵνα
1293 5377 1586 5448 καταλύσῃ,
1609 5378 1844 5449 perfecit,

290 5460 345 5500 ut
374 5449 628 5510 destruat,
687 5458 790 5501 etc.
837 5448 966 5501 Nam
1004 5453 1100 5503 hoc
1137 5461 1291 5518 pacto
1347 5449 1530 5500 melius
1557 5448 1848 5502 cohaerebit

288 5521 481 5571 oratio.
517 5519 667 5583 Quod
705 5518 749 5570 si
806 5519 1064 5585 ejusmodi
1111 5521 1246 5572 ratio
1307 5520 1473 5573 levior
1529 5519 1840 5570 videbitur:

289 5589 417 5643 illud
451 5592 684 5656 gravius,
723 5592 862 5655 quod
911 5591 1073 5644 editio
1101 5600 1153 5645 et
1201 5588 1366 5644 Basil.
1404 5600 1457 5641 et
1488 5602 1673 5641 omnes
1720 5603 1847 5640 mss.

289 5658 576 5730 prtelerant
614 5659 887 5730 καταλύσῃ
911 5701 925 5722 ,
963 5661 1213 5722 destruat,
1243 5663 1315 5712 uti
1346 5673 1622 5727 perperam
1648 5658 1848 5730 editum

296 5743 381 5781 est
417 5732 466 5782 in
497 5729 729 5781 cditu’me
757 5726 1065 5782 Parisiensi.
1097 5733 1201 5784 Sed
1241 5731 1284 5783 si
1330 5726 1520 5797 legeris
1545 5726 1845 5798 καταλύσῃ,

299 5799 444 5867 legas
484 5799 841 5867 κατηρτίσατο
871 5801 1023 5867 plane
1053 5816 1266 5854 necesse
1296 5810 1398 5854 est.
1430 5798 1541 5852 Non
1579 5799 1719 5851 enim
1756 5815 1849 5853 co-

305 5869 525 5924 haerebit
545 5870 738 5934 oratio,
773 5873 816 5923 si
847 5873 1012 5938 dicas,
1050 5872 1334 5941 perfecisti,
1355 5879 1407 5924 ut
1441 5872 1670 5925 destruat
1702 5881 1720 5918 :
1745 5884 1843 5938 op-

2029 4958 2138 5028 (59)
2170 4957 2307 5009 ΕεΙίιί
2369 4967 2422 5009 et
2467 4956 2758 5028 Cplbertini
2815 4960 3104 5028 terlinsget
3128 4965 3316 5010 sextus
3353 4960 3522 5026 ἵππῳ.

1955 5028 2059 5081 Alii
2083 5025 2318 5095 quinque
2346 5041 2474 5079 mss.
2509 5027 2730 5098 ἱππικῇ,
2763 5030 2847 5081 ubi
2877 5025 3108 5098 suppleri
3137 5038 3348 5097 oportet
3375 5025 3530 5081 δυνα-

1960 5115 2067 5166 μει.
2115 5099 2223 5150 lloc
2267 5100 2378 5162 ipso
2411 5097 2606 5150 inloco
2656 5097 2850 5168 legitur
2877 5097 2926 5149 in
2971 5098 3238 5168 aliquibus
3267 5113 3392 5151 mss.
3435 5100 3528 5151 κέ-

1956 5185 2169 5238 χρηται.
2222 5168 2458 5239 Subinde
2507 5167 2876 5236 septeintnss.
2919 5167 3061 5238 μέγα
3101 5171 3305 5239 φρονεῖ.
3350 5169 3524 5224 Editiu

1954 5237 2122 5292 Paris.
2161 5237 2570 5306 μεγαλοφρονεί.

2027 5308 2137 5378 (40)
2169 5308 2344 5378 Editio
2379 5305 2546 5378 Paris.
2582 5305 2826 5378 περὶτῶν
2860 5307 3144 5378 βασιλέων.
3172 5310 3239 5363 At
3269 5325 3395 5363 mss.
3428 5323 3522 5363 sex

1953 5379 2079 5446 περὶ
2115 5377 2398 5448 βασιλέων.
2427 5377 2602 5449 ΑΞειοε
2617 5388 2696 5431 est
2727 5377 3070 5442 Combelisio,
3096 5381 3234 5449 quod
3255 5380 3526 5449 interpres

1953 5449 2004 5501 in
2037 5447 2272 5501 editione
2303 5449 2540 5500 ltomaua
2571 5448 2757 5502 Graeca
2785 5451 2863 5502 sic
2899 5447 3207 5512 reddiderit,
3243 5447 3366 5503 Non
3387 5447 3526 5503 mul-

1952 5519 2201 5589 tiplicabi‘t
2251 5519 2347 5569 sibi
2399 5534 2604 5589 equum.
2653 5517 2945 5573 Contendit
3007 5520 3142 5572 verti
3195 5521 3520 5589 oportuisse,

1958 5586 2083 5640 Non
2111 5587 2614 5660 multiplicabitrsibi
2649 5592 2865 5656 equites,
2915 5605 3009 5642 seu
3071 5586 3524 5660 equitatum._Sed

1956 5659 2326 5726 conqueritur,
2349 5667 2406 5710 ut
2438 5658 2565 5710 mihi
2598 5661 2813 5726 quidem
2848 5659 3078 5724 videtur,
3107 5657 3210 5713 non
3230 5660 3370 5727 jure.
3389 5657 3522 5712 Nam

1955 5728 2057 5799 hoc
2081 5732 2196 5784 loco
2224 5742 2420 5799 equum
2457 5742 2552 5794 pro
2569 5730 2806 5796 equitatu
2829 5729 2970 5799 sumi
3001 5732 3082 5783 vel
3108 5745 3249 5784 caeco
3275 5737 3520 5799 apparet.

1960 5798 2155 5872 Vellem
2177 5799 2341 5872 prius
2391 5798 2607 5866 legisset
2637 5809 2789 5855 notas
2816 5797 3032 5867 Nobilii,
3065 5816 3228 5872 quam
3273 5797 3396 5854 eum
3434 5816 3523 5855 re-

1952 5869 2347 5938 preliendisset.
