4016 6430
537 367 644 424 847

1854 368 1912 422 S.
1953 361 2192 420 BASILII
2224 364 2439 424 MAGNI

3673 373 3787 427 548

537 500 638 540 nos
665 485 735 539 ad
786 482 1069 536 Dominum
1128 484 1560 551 respexerimus,
1603 483 1916 556 fuerintque
1957 485 2099 540 oculi

2205 491 2421 556 μένους
2439 489 2646 543 αὐτόν.
2696 487 2863 539 Ὅταν
2895 489 3050 558 ἡμεῖς
3075 486 3165 540 ἐπὶ
3196 488 3286 540 τὸν
3318 482 3522 562 Κύριον
3547 491 3792 545 art-061b-

537 574 709 630 nostri
746 572 799 625 in
832 574 1002 640 ipsum
1049 572 1264 635 intenti,
1288 574 1424 627 adeo
1465 583 1522 627 ut
1558 573 1741 627 dicere
1780 576 2049 644 possimus
2087 592 2102 628 :

538 660 674 716 Ecce
725 663 862 714 sicut
913 662 1052 714 oculi
1093 679 1361 717 servorum
1411 665 1480 716 ad
1533 679 1719 717 manus
1776 667 2105 719 dominorum

535 770 775 817 suorum,
811 757 886 806 ita
933 754 1069 806 oculi
1113 756 1278 808 nostri
1337 757 1406 807 ad
1446 755 1727 808 Dominum
1791 757 1954 810 Deum
2007 770 2102 806 no-

536 845 794 899 strum‘:
828 855 952 899 tunc
990 845 1154 900 veluti
1207 846 1274 900 ad
1328 862 1427 901 nos
1476 846 1836 913 inspiciendos
1886 845 2103 901 oculum

539 919 750 990 Domini
812 937 1158 990 attrahimus.
1213 934 1494 1005 Sperantes
1565 937 1618 988 in
1693 935 2104 990 misericordiam

538 1031 722 1101 ipsius.
780 1028 1146 1082 Humilitatem
1190 1044 1378 1084 eorum
1426 1029 1518 1098 qui
1573 1029 1800 1086 Domino
1841 1029 2100 1093 serviunt,

536 1121 820 1176 ostendit:
856 1121 1127 1190 quomodo
1174 1122 1228 1176 in
1280 1121 1398 1190 ejus
1449 1121 1819 1176 misericordia
1867 1129 2101 1189 sperent.

537 1213 637 1280 Qui
665 1215 809 1267 enim
850 1215 961 1267 suis
985 1215 1246 1283 praeclare
1279 1216 1445 1284 gestis
1471 1229 1576 1269 non
1617 1215 1841 1268 confidit
1862 1256 1875 1278 ,
1909 1228 2007 1267 nec
2035 1227 2102 1267 ex

537 1303 786 1370 operibus
819 1317 877 1357 se
905 1303 1259 1373 justiﬁcatum
1299 1306 1362 1359 iri
1419 1314 1745 1374 exspectat,
1797 1308 1841 1359 is
1894 1306 2103 1358 unicam

537 1394 725 1448 salutis
749 1404 897 1464 spem
933 1397 986 1450 in
1020 1397 1108 1450 Dei
1142 1397 1508 1452 misericordia
1537 1399 1767 1466 reponit.
1796 1400 1928 1450 Cum
1957 1398 2102 1449 enim

538 1486 850 1554 Cogitaverit
880 1488 1004 1540 illud
1042 1504 1057 1542 :
1083 1487 1216 1541 Ecce
1241 1488 1492 1542 Dominus
1521 1499 1568 1540 et
1599 1505 1789 1541 merces
1832 1485 1944 1556 ejus
1969 1489 2012 1550 ⁵,
2045 1498 2103 1540 ut

540 1579 731 1634 reddat
773 1579 1059 1647 unicuique
1097 1581 1247 1650 juxta
1287 1596 1420 1648 opus
1479 1595 1655 1644 suum,
1701 1591 1755 1635 et
1793 1596 1958 1648 prava
2003 1596 2100 1636 sua

539 1686 705 1739 opera
767 1686 948 1724 secum
1010 1672 1379 1741 reputaverit,
1437 1673 1590 1726 timet
1649 1673 1998 1741 supplicium,
2050 1681 2105 1728 et

539 1766 715 1819 minas
780 1763 1055 1819 formidat.
1113 1764 1308 1818 Vermn
1347 1773 1406 1818 ut
1469 1781 1534 1820 ne
1593 1765 1946 1818 absorbeatur
1995 1781 2102 1833 pra:

541 1859 782 1924 tristitia,
805 1859 941 1912 bona
972 1873 1065 1926 spc
1092 1859 1352 1926 praeditus
1392 1871 1504 1923 est,
1533 1860 1657 1914 dum
1697 1860 1761 1912 ad
1801 1860 2102 1914 miscratio—
2136 1841 2175 1894 Β

541 1967 638 2006 nes
663 1960 718 2006 et
750 1950 1136 2020 benignitatem
1180 1950 1272 2005 Dei
1320 1951 1556 2019 respicit.
1585 1949 1752 2004 Vens.
1789 1951 1874 2006 i9.
1913 1948 2105 2020 Sperat

540 2045 684 2098 enim
714 2044 947 2096 animam
969 2058 1122 2096 suam
1147 2059 1175 2095 a
1207 2054 1380 2097 morte
1411 2043 1739 2096 liberandam
1773 2059 1912 2111 esse,
1947 2056 2106 2113 atque

539 2130 608 2181 ab
637 2129 754 2198 ipso
781 2129 834 2181 in
866 2127 1004 2182 fame
1034 2131 1380 2197 pascendam.
1417 2125 1572 2181 Vens.
1602 2127 1692 2181 20.
1719 2128 1909 2182 Anima
1934 2142 2105 2182 autem

542 2233 724 2275 nostra
759 2222 964 2289 patiens
992 2221 1094 2273 erit
1130 2220 1370 2281 Domino,
1399 2220 1646 2288 quoniam
1674 2221 1888 2288 adjutor
1915 2230 1960 2272 et
1980 2235 2105 2286 pro-

541 2322 705 2364 tector
731 2319 908 2364 noster
934 2317 1029 2363 est.
1051 2309 1130 2362 Ad
1155 2309 1468 2378 patientiam
1502 2308 1746 2360 hortatur
1772 2308 1857 2361 hic
1886 2322 2102 2371 sermo;

541 2413 602 2456 ut
650 2402 697 2455 si
742 2401 958 2470 quando
1001 2400 1068 2454 ab
1112 2414 1218 2454 uno
1262 2399 1441 2467 aliquo
1471 2397 1833 2452 divexantium
1868 2414 1967 2453 nos
2013 2413 2106 2468 0p-

542 2493 860 2562 primamur,
885 2501 1060 2545 tamen
1096 2506 1126 2544 a
1147 2491 1370 2544 caritate
1398 2490 1512 2556 Dei,
1534 2504 1655 2561 quae
1702 2491 1856 2546 estin
1891 2492 2106 2546 Christo

540 2581 727 2652 Jesu‘,
761 2597 1097 2652 nequaquam
1133 2582 1468 2646 secedamus,
1509 2583 1602 2636 sed
1635 2583 1891 2636 auxilium
1936 2598 1962 2635 a
1997 2581 2106 2635 Deo

541 2685 942 2747 exspectantes,
974 2676 1153 2730 anima
1183 2684 1292 2729 tota
1321 2692 1408 2731 res
1450 2678 1705 2729 adversas
1751 2675 2102 2742 perferamus.

546 2770 710 2826 Vens.
745 2769 837 2824 21.
877 2769 1145 2834 Quoniam
1188 2769 1242 2821 in
1281 2771 1391 2838 ipso
1422 2767 1688 2821 [relabitur
1714 2782 1805 2818 cor
1850 2776 2103 2827 nostrum,

543 2874 594 2916 et
621 2865 676 2915 in
698 2863 906 2917 nomine
943 2874 1122 2914 sancto
1155 2862 1269 2926 ejus
1301 2861 1636 2924 speravimus.
1669 2857 1779 2910 Hoc
1809 2871 2105 2910 consonum

543 2962 626 3008 est
651 2969 772 3006 cum
814 2954 895 3005 his
923 2966 1043 3019 quae
1087 2951 1140 3004 in
1189 2951 1452 3018 principio
1496 2948 1689 3017 psalmi
1741 2948 1881 3003 dicta
1930 2957 2103 3001 sunt:

546 3043 848 3106 Ezsultate,
877 3040 1044 3110 justi,
1073 3042 1127 3093 in
1164 3040 1402 3092 Domino.
1437 3038 1538 3102 Et,
1579 3038 1644 3092 In
1687 3040 1796 3105 ipso
1843 3038 2108 3092 lwtabitur

548 3151 640 3190 cor
669 3147 927 3190 nostrum.
963 3135 1028 3187 Et
1055 3133 1185 3186 mihi
1217 3133 1431 3185 videtur
1460 3132 1747 3202 Apostolus
1780 3133 2108 3186 convenien-

551 3240 633 3281 ter
682 3229 767 3282 bis
811 3228 1010 3281 dixisse
1045 3225 1218 3279 illud:
1268 3223 1334 3278 In
1380 3225 1460 3278 his
1511 3224 1748 3278 omnibus
1802 3240 2107 3288 superamus

547 3327 756 3382 promer
787 3333 904 3368 eum
944 3318 1033 3383 qui
1083 3315 1268 3368 dilexit
1297 3331 1388 3368 nos
1416 3316 1470 3380 ⁷;
1513 3313 1668 3384 142
1698 3325 1750 3368 et
1778 3315 1907 3367 illud
1944 3334 1956 3367 :
1987 3312 2110 3366 Non

547 3411 717 3464 solum
751 3419 962 3472 autent,
994 3409 1084 3461 sed
1113 3417 1162 3461 et
1208 3408 1488 3475 gloriantes
1525 3409 1578 3460 in
1616 3407 2037 3459 tribulationibus
2065 3405 2107 3458 ⁸.

549 3501 685 3556 Nam
721 3516 840 3555 cum
871 3499 1151 3555 Psalmista
1184 3499 1409 3552 dixisset
1440 3515 1454 3551 :
1492 3498 1678 3550 Anima
1715 3508 1890 3550 nostra
1912 3497 2110 3566 patiens

545 3605 624 3648 est
654 3593 895 3656 Domino,
928 3602 987 3644 ut
1014 3593 1343 3644 demonstret
1372 3591 1513 3659 quod
1543 3605 1647 3642 non
1673 3598 1916 3651 coactus,
1943 3601 2114 3658 neque

548 3689 617 3743 ab
643 3686 905 3757 angustiis
954 3694 1169 3754 pressus
1204 3686 1517 3753 patientiam
1554 3693 1811 3747 03tentet,
1867 3684 1961 3738 sed
1991 3698 2113 3736 cum

548 3781 694 3838 omni
720 3779 912 3848 gaudio
939 3793 1035 3846 pro
1063 3779 1279 3832 nomine
1299 3777 1509 3830 Domini
1536 3776 1798 3843 suscipiat
1819 3789 2110 3839 aerumnas,

549 3873 667 3928 Non
700 3871 870 3928 solum
891 3910 908 3935 ,
945 3869 1153 3937 inquit,
1180 3867 1442 3936 patientes
1489 3881 1676 3920 sumus
1694 3905 1709 3930 ,
1739 3867 1830 3919 sed
1857 3864 2017 3917 etiam
2044 3863 2110 3916 In

550 3968 666 4036 ipso
693 3962 958 4018 (relabitur
985 3976 1074 4013 cor
1107 3971 1341 4013 nostrum
1367 3998 1382 4024 ,
1408 3970 1452 4012 et
1479 3958 1532 4011 in
1559 3959 1764 4012 nomine
1789 3965 1969 4011 sancto
1995 3956 2110 4027 ejus

547 4055 887 4124 speravimus.
915 4050 1062 4105 Satis
1092 4039 1243 4104 nobis
1261 4059 1345 4104 est
1367 4051 1433 4103 ad
1457 4064 1645 4105 omnes
1671 4050 2104 4104 adversariorum

547 4145 827 4200 evitandus
870 4145 1119 4204 insultus,
1152 4141 1196 4195 si
1239 4142 1581 4196 nominemur
1622 4139 1934 4196 Christiani.
1968 4137 2107 4193 San-

549 4247 698 4291 ctum
740 4245 919 4288 autem
955 4246 1074 4286 esse
1112 4233 1204 4286 Dei
1226 4249 1416 4287 nomen
1449 4235 1667 4298 dicitur,
1698 4248 1802 4286 non
1829 4232 2012 4301 utique
2044 4247 2110 4285 ex

548 4346 617 4386 eo
659 4328 802 4399 quod
841 4327 895 4380 in
940 4324 1158 4395 syllabis
1209 4325 1370 4378 ullam
1428 4325 1728 4378 sanctitatis
1771 4324 2110 4378 conferendae

551 4424 656 4478 vim
707 4421 921 4484 habeat,
952 4416 1048 4473 sed
1087 4418 1231 4486 quod
1256 4417 1431 4470 omnis
1454 4416 1547 4470 Dei
1579 4418 1901 4485 pr0prietas,
1942 4424 1997 4470 et
2030 4416 2112 4468 in-

2207 594 2416 648 πωμεν,
2448 577 2541 630 καὶ
2568 569 2700 629 ὦσιν
2728 575 2885 647 ἡμῶν
2906 578 2956 628 οἱ
2980 577 3248 651 ὀφθαλμοὶ
3277 579 3414 648 πρὸς
3439 582 3626 646 αὑτὸν,
3652 580 3789 634 ὥστ’

2203 665 2270 720 ἂν
2297 669 2466 721 εἰπεῖν
2519 668 2700 736 ἡμᾶς’
2752 665 2904 721 Ἰδοὺ
2949 666 3030 731 ὡς
3075 668 3380 738 ὀφθαλμοὶ.
3412 669 3656 726 δούλων
3695 674 3792 735 εις

2205 757 2404 826 χεῷας
2440 757 2556 811 τῶν
2606 761 2826 826 κυρίων
2879 756 3097 822 αὐτῶν,
3139 762 3329 826 οὕτως
3376 764 3430 816 οι
3478 765 3788 836 ὀφθαλμοί

2205 848 2373 917 ἡμῶν
2408 849 2556 917 πρὸς
2600 851 2823 918 Κύριον
2865 850 2971 903 τὸν
3011 850 3162 904 Θεὸν
3200 854 3402 923 ἡμῶν·
3451 854 3573 908 τότε
3620 859 3791 911 οἱονεὶ

2203 939 2541 1010 ἐφελκόμεθα
2567 943 2702 1007 πρὸς
2734 943 2830 1013 τὴν
2861 941 3164 1012 ἐπισκοπὴν
3197 946 3353 1012 ἡμῶν
3382 951 3472 1001 τὸν
3504 946 3790 1018 ὀφθαλμὸν

2202 1030 2296 1083 τοῦ
2320 1031 2544 1103 Κυρίου.
2584 1032 2728 1096 Τοὺς
2745 1031 3096 1100 ἐλπίζοντας
3135 1033 3246 1104 (41)
3279 1037 3377 1091 ἐπὶ
3398 1039 3464 1092 τὸ
3480 1042 3658 1103 ἔλεος
3674 1041 3788 1093 αὐ·

2204 1119 2326 1174 τοῦ.
2363 1121 2434 1171 Τὸ
2461 1120 2712 1173 ταπεινὸν
2738 1122 2848 1176 τῶν
2878 1120 3234 1175 δουλευόντων
3262 1124 3340 1176 τῶ
3363 1129 3554 1199 Κυρίῳ
3577 1126 3786 1198 ἐμφαί-

2203 1229 2304 1280 νει,
2339 1211 2455 1274 πῶς
2498 1213 2590 1264 ἐπὶ
2629 1212 2688 1264 τὸ
2714 1211 2860 1277 ἔλεος
2908 1212 3072 1267 αὑτοῦ
3107 1213 3432 1277 ἐλπίζουσιν.
3473 1221 3534 1272 Ὁ
3562 1221 3672 1291 γὰρ
3705 1219 3785 1289 μὴ

2204 1302 2475 1365 πεποιθὼς
2527 1305 2618 1356 ἐπὶ
2676 1307 2787 1367 τοίς
2847 1304 3038 1359 ἑαυτοῦ
3093 1305 3544 1377 ἀνδραγαθήμασι
3566 1351 3582 1374 ,
3643 1308 3786 1381 μηδὲ

2203 1396 2515 1469 προσδοκῶν
2545 1397 2604 1463 ἐξ
2634 1397 2810 1468 ἔργων
2840 1397 3314 1470 δικαιωθήσεσθαι,
3345 1400 3512 1470 μόνην
3539 1403 3657 1473 ἔχει
3679 1404 3785 1475 τὴν

2203 1485 2392 1539 ἐλπίδα
2423 1485 2523 1555 τῆς
2559 1489 2830 1558 σωτηρίας
2861 1489 2986 1552 τοὺς
3023 1490 3337 1561 οίκτιρμοὺς
3357 1490 3467 1559 (42)
3490 1491 3586 1544 τοῦ
3618 1493 3782 1547 Θεοῦ.

2206 1578 2370 1631 Ὅταν
2398 1577 2506 1647 γὰρ
2538 1577 2814 1651 ἐνθυμηθῇ
2845 1579 2926 1646 τὸ,
2959 1580 3112 1635 Ἰδοὺ
3141 1583 3355 1649 Κύριος
3380 1583 3477 1636 καί
3506 1586 3539 1637 ό
3559 1587 3788 1652 μισθὸς

2201 1668 2406 1730 αὐτοῦ,
2444 1669 2732 1722 ἀποδοῦναι
2785 1674 2998 1745 ἑκάστῳ
3035 1673 3110 1736 ὡς
3150 1674 3214 1727 τὸ
3252 1674 3411 1745 ἔργον
3449 1676 3640 1739 αὐτοῦ,
3685 1680 3788 1732 καὶ

2202 1760 2480 1829 λογίσηται
2511 1760 2698 1813 ἐαυτοῦ
2729 1761 2798 1814 τὰ
2831 1765 3045 1835 πονηρὰ
3071 1765 3226 1838 ἔργα,
3276 1768 3517 1834 φοϐεῖται
3550 1768 3652 1838 μὲν
3678 1771 3785 1841 τὴν

2204 1851 2423 1906 κόλασιν
2473 1854 2567 1904 καὶ
2620 1854 2958 1924 ὑποπτήσσει
3003 1861 3115 1921 τοῖς
3151 1858 3596 1930 ἀπειλουμένοις·
3641 1861 3787 1931 πρὸς

2202 1945 2259 1996 δὲ
2289 1945 2350 1997 τὸ
2387 1947 2460 2017 μὴ
2495 1947 2868 2018 καταποθῆναι
2911 1948 3014 2001 ὑπὸ
3055 1950 3156 2019 τῆς
3185 1950 3378 2022 λύπης,
3405 1953 3624 2018 εὔελπίς
3662 1955 3784 2006 ἐστι

2204 2039 2338 2110 πρὸς
2370 2042 2493 2102 τοὺς
2507 2040 2616 2110 (45)
2639 2042 2954 2110 οἰκτιρμοὺς
2976 2043 3069 2095 τοῦ
3093 2043 3225 2097 Θεοῦ
3252 2047 3346 2098 καὶ
3380 2048 3440 2100 τὸ
3466 2047 3785 2119 φιλάνθρωά

2206 2149 2304 2184 πον
2334 2132 2672 2185 ἀποϐλέπων.
2719 2133 2955 2200 Ἐλπίζςι
2985 2135 3063 2200 δὲ,
3090 2136 3170 2188 ὅτι
3199 2137 3527 2208 ῥυσθήσεται
3556 2142 3588 2210 ή
3630 2139 3788 2210 ψυχὴ

2203 2222 2367 2275 αὐτοῦ
2402 2225 2466 2276 ἐκ
2499 2223 2749 2290 θανάτου,
2786 2228 2880 2279 καὶ
2910 2226 3339 2297 διατραφήσεται
3385 2231 3476 2282 ὑπ’
3506 2228 3676 2284 αὑτοῦ
3721 2233 3786 2281 ἐν

2204 2313 2364 2384 λιμῷ.
2416 2317 2481 2370 Ἦ
2510 2316 2578 2369 δὲ
2603 2317 2774 2387 ψυχὴ
2805 2318 2975 2387 ήμῶν
3009 2318 3296 2386 ὑπομενεῖ
3310 2319 3418 2390 (44)
3446 2319 3526 2384 τῷ
3557 2321 3783 2386 Κυρίῳ,

2205 2406 2292 2460 ὅτι
2319 2409 2545 2476 ,ϐοηθὸς
2582 2411 2680 2464 καὶ
2709 2410 3168 2477 ὑπερασπιστὴς
3208 2412 3376 2479 ἡμῶν
3404 2413 3556 2464 ἐστι.
3585 2413 3787 2482 Παρά-

2205 2499 2394 2570 κλησιν
2428 2501 2538 2571 ἔχει
2585 2503 2718 2570 πρὸς
2762 2501 3037 2570 ὑπομονὴν
3061 2503 3089 2553 ὁ
3115 2500 3270 2568 λόγος
3290 2519 3303 2532 ·
3340 2502 3478 2555 ὥστε
3510 2501 3613 2554 κᾶν
3644 2521 3785 2558 ποτε

2205 2593 2636 2664 καταληφθᾶῳεν
2665 2593 2769 2645 ὑπό
2801 2609 2945 2654 τινος
2971 2591 3079 2644 τῶν
3114 2592 3470 2646 ἐκθλιϐόντων
3497 2595 3670 2664 ἡμᾶς,
3702 2598 3783 2667 μὴ

2205 2686 2532 2755 χωρισθῆναι
2563 2685 2673 2737 ἀπὸ
2697 2685 2794 2754 τῆς
2820 2685 3039 2753 ἀγάπης
3069 2685 3163 2736 τοῦ
3192 2683 3326 2737 Θεοῦ
3347 2685 3446 2755 τῆς
3475 2687 3532 2738 ἐν
3555 2688 3789 2760 Χριστῷ

2218 2776 2411 2845 Ἰησοῦ,
2447 2775 2559 2828 ἀλλ’
2595 2774 2689 2846 ὅλῃ
2737 2775 2882 2846 ψυχῇ
2935 2775 3226 2844 ὑπομένειν
3264 2774 3336 2828 τὰ
3383 2775 3636 2841 ἐπίπονα,
3681 2779 3785 2849 τὴν

2205 2869 2353 2940 παρὰ
2407 2868 2541 2924 Θεοῦ
2590 2868 2839 2940 βοήθειαν
2888 2869 3275 2939 ἀναμένοντας.
3328 2870 3455 2925 Ὀτι
3496 2873 3568 2924 ἐν
3615 2870 3786 2936 αὐτῷ

2204 2959 2678 3028 εὐφρανθήσεται
2708 2963 2744 3029 ἠ
2764 2961 2974 3028 καρδία
3002 2961 3189 3030 ήμῶν,
3214 2962 3311 3015 καὶ
3338 2963 3407 3015 ἐν
3426 2961 3504 3025 τῷ
3533 2964 3784 3029 ὀνόματι

2204 3051 2284 3116 τῷ
2315 3053 2458 3121 ἁγίῳ
2499 3053 2683 3106 αὐτοῦ
2718 3054 3083 3122 ἠλπίσαμεν.
3121 3053 3290 3106 Τοῦτο
3320 3053 3531 3122 συνᾴδει
3562 3056 3676 3117 τοῖς
3721 3056 3785 3106 ἐν

2206 3148 2272 3216 τῇ
2317 3147 2456 3216 ἀρχῇ
2503 3145 2598 3197 τοῦ
2652 3143 2896 3214 ψαλμοῦ·
2969 3141 3381 3212 Ἀγαλλιᾶσθα
3416 3143 3654 3206 δίκαιοι,
3709 3145 3787 3196 ὲν

2213 3235 2426 3301 Κυρίῳ·
2458 3237 2573 3299 καὶ,
2626 3235 2728 3288 Ἐν
2770 3233 2928 3297 αὐτῷ
2971 3233 3445 3302 εὐφρανθήσεται
3478 3236 3514 3304 ἠ
3559 3234 3786 3302 καρδιά

2205 3326 2390 3397 ἡμῶν.
2424 3329 2532 3382 Καί
2570 3346 2660 3398 μοι
2688 3328 2835 3381 δοκεῖ
2861 3328 3003 3381 κατὰ
3037 3328 3208 3382 ταῦτα
3233 3329 3512 3400 εἰρηκέναι
3538 3330 3566 3381 ὁ
3612 3329 3780 3382 ’Λπό-

2207 3422 2390 3485 στολος
2426 3422 2487 3475 τὸ
2523 3422 2655 3492 (45),
2698 3422 2799 3476 Ἔν
2847 3423 3082 3488 τούτοις
3124 3421 3313 3476 πᾶσιν
3366 3418 3787 3489 ὑπερνικῶμεν

2206 3513 2302 3567 διὰ
2321 3513 2426 3566 τοῦ
2455 3511 2879 3583 ἀγαπήσαντος
2905 3510 3091 3582 ἡμᾶς·
3125 3514 3220 3565 καὶ
3249 3513 3328 3574 τὸ,
3362 3513 3442 3563 Οὐ
3468 3511 3662 3579 μόνον
3689 3512 3782 3576 δὲ,

2207 3606 2365 3659 ἀλλὰ
2408 3606 2505 3658 καὶ
2543 3604 2910 3674 καυχώμενοι
2951 3605 3020 3657 ἐν
3066 3603 3195 3668 ταῖς
3238 3604 3543 3670 θλίψεσιν.
3592 3602 3789 3656 Εἰπὼν

2208 3695 2315 3766 γὰρ
2341 3697 2368 3748 ὁ
2391 3695 2713 3766 Ψαλμῳδδς,
2749 3698 2829 3748 ὅτι
2870 3695 2932 3750 Ἠ
2961 3693 3129 3762 ψυχὴ
3164 3691 3334 3761 ἡμῶν
3377 3693 3668 3762 ὑπομενεῖ
3699 3693 3788 3760 τῷ

2205 3786 2420 3850 Κυρίῳ,
2450 3784 2534 3836 ἵνα
2561 3785 2728 3852 δείξῃ,
2755 3785 2834 3836 ὅτι
2863 3785 2983 3853 οὐχὶ
3009 3782 3198 3852 βιαίως
3222 3782 3341 3834 οὐδὲ
3374 3783 3784 3853 καταπιεζόμι-

2204 3857 2291 3936 νος
2320 3874 2423 3926 ὑπὸ
2444 3874 2552 3926 τῶν
2580 3874 2808 3943 θλίψεων
2835 3875 2934 3945 τὴν
2966 3875 3240 3944 ὑπομονὴν
3260 3873 3624 3926 ἐπιδείκνυται
3641 3874 3784 3942 (46),

2205 3965 2339 4019 ἀλλὰ
2391 3965 2527 4037 μετὰ
2558 3967 2738 4037 πάσης
2783 3967 2958 4036 χαρᾶς
3011 3966 3326 4036 ὑποδέχεται
3360 3965 3458 4029 τὰς
3510 3967 3652 4038 ὑπὲρ
3683 3967 3785 4021 τοῦ

2201 4058 2457 4128 ὀνόματος
2499 4058 2594 4112 τοῦ
2647 4059 2851 4130 Κυρίου
2901 4056 3192 4119 κακώσεις,
3238 4057 3313 4109 Οὐ
3351 4056 3531 4125 μόνον,
3579 4057 3775 4125 φησὶν,

2204 4149 2564 4220 ὑπομένομεν,
2593 4149 2725 4202 ἀλλὰ
2760 4150 2854 4200 καὶ
2894 4148 2997 4200 Ἐν
3021 4144 3180 4210 αὐτῷ
3222 4141 3698 4212 εὐφρανθήσεται
3738 4143 3786 4211 ἡ

2205 4241 2416 4308 καρδία
2451 4240 2638 4310 ἡμῶν,
2668 4240 2764 4293 καὶ
2800 4240 2870 4293 ἐν
2901 4236 2980 4302 τῷ
3009 4238 3250 4305 ὀνόματι
3294 4233 3374 4300 τῷ
3410 4235 3556 4302 ἁγίῳ
3591 4234 3784 4288 αὐτοῦ

2203 4332 2568 4401 ἠλπίσαμεν.
2615 4333 2796 4400 Ἀρκεῖ
2829 4333 2960 4400 ἡμῖν
3003 4329 3065 4382 τὸ
3114 4326 3475 4397 ὀνομάζεσθαι
3516 4325 3786 4396 Χριστια-

2205 4419 2328 4480 νοὺς
2362 4418 2495 4486 πρὸς
2535 4419 2595 4471 τὸ
2629 4421 2808 4472 πᾶσαν
2843 4419 3100 4486 ἐκφυγεῖν
3127 4416 3225 4486 τὴν
3250 4416 3360 4469 ἀπὸ
3384 4415 3493 4469 τῶν
3520 4415 3784 4468 ἐναντίων

621 4591 644 4622 ⁸
684 4589 824 4644 Psal.
854 4605 1037 4654 cun,
1077 4589 1134 4642 τὶ.
1207 4585 1228 4617 ⁸
1267 4584 1367 4638 lsa.
1404 4599 1493 4647 ιι..
1534 4581 1618 4637 10.
1694 4583 1715 4613 ⁶
1748 4582 1905 4635 Rom.
1938 4597 2032 4637 vui
2056 4583 2105 4645 ,1

2265 4581 2285 4611 ⁷
2328 4580 2456 4634 ibid.
2492 4580 2580 4632 57.
2656 4580 2678 4612 ⁸
2709 4577 2867 4630 Rom.
2902 4591 2954 4641 ν,
2982 4575 3036 4631 5.

622 4757 730 4829 (ιι)
766 4756 912 4822 Τοὺς
937 4753 1300 4829 ἐλπίζοντας,
1336 4759 1634 4829 sperantes._
1656 4749 1926 4828 Vulgata,“
1948 4748 2014 4829 Et
2049 4750 2102 4802 in

2208 4765 2322 4829 cum
2341 4762 2422 4827 ςο.
2445 4744 2598 4829 Unde
2616 4743 2748 4824 satis
2769 4741 2922 4796 nobis
2951 4737 3226 4829 probabile
3238 4737 3455 4829 uidetur
3493 4733 3624 4789 illud
3659 4733 3780 4805 μετ’

549 4820 740 4896 εἰτ’ᾳιὶἱ
769 4820 972 4894 sperant
1002 4841 1154 4888 super
1178 4823 1538 4896 misericordia
1584 4820 1732 4896 ejus;
1774 4820 1928 4896 qnasi
1963 4822 2103 4896 lege-

555 4904 625 4954 rit
667 4888 939 4964 interpres
1001 4896 1092 4948 καὶ
1141 4893 1264 4955 τοὺς
1312 4888 1643 4954 ἐλπίζοντας.
1701 4888 1804 4943 Sed
1859 4891 2101 4942 voculam

553 4969 647 5024 καί
686 4983 787 5020 non
823 4965 1125 5036 praeierunt
1147 4977 1317 5036 neque
1348 4964 1498 5025 editi,
1513 4975 1706 5036 meque
1738 4975 1891 5022 mss.,
1925 4974 2103 5027 neque

551 5038 712 5101 LXX,
743 5031 913 5105 neque
928 5034 1130 5102 antiqui
1155 5035 1481 5105 interpretes
1502 5031 1696 5105 Graeci.

623 5099 735 5177 (η)
777 5099 948 5160 Editio
977 5099 1148 5177 Paris.
1185 5115 1236 5156 et
1261 5101 1712 5177 Golbaseptimus
1740 5099 1831 5177 ἐπὶ
1862 5099 1994 5177 τους
2021 5100 2105 5151 0i-

550 5169 833 5248 κτιρμούς.
861 5178 960 5248 Alii
992 5176 1095 5228 duo
1123 5188 1249 5248 mss.
1271 5175 1348 5248 εἰς
1365 5172 1490 5248 τοὺς
1504 5169 1834 5248 οίκςτιρμίούςἶ
1859 5172 1961 5223 Sed
1990 5180 2099 5248 tum

551 5242 692 5314 haec,
725 5258 833 5300 tum
888 5247 975 5299 illa
1026 5242 1345 5314 propositio
1384 5245 1557 5314 deest_
1589 5242 1640 5292 in
1687 5242 1869 5314 Begiis
1919 5243 2100 5314 tertio,

550 5309 742 5385 quarto
767 5326 819 5370 et
842 5309 1053 5384 quinto,
1078 5309 1137 5385 et
1160 5314 1213 5365 in
1255 5311 1418 5385 Coi_sl.
1453 5320 1507 5364 et
1547 5310 1599 5362 ili
1642 5311 1876 5385 editione
1932 5309 2097 5360 Basil.

551 5380 749 5442 Neutra
770 5380 929 5440 etiam
963 5384 1226 5450 reperitur
1261 5384 1311 5433 in
1341 5380 1485 5450 Reg.
1511 5391 1663 5431 sexto
1694 5380 1865 5444 prima
1908 5394 2096 5450 manu;

550 5471 856 5526 quanquam
895 5448 1144 5526 secundis
1166 5452 1308 5526 curis
1342 5448 1526 5501 vocula
1555 5450 1635 5526 sic;
1660 5450 1835 5526 addita
1862 5460 1963 5526 est.
1997 5448 2098 5501 P0-

549 5520 656 5582 test
682 5520 892 5595 quidem
924 5520 1310 5595 liocloeoaddi
1341 5520 1704 5595 prazpositioi
1715 5521 1811 5595 sed
1841 5520 1966 5583 quin
1993 5533 2103 5570 me-

549 5597 655 5650 lius
700 5589 872 5656 'absit,
915 5593 1044 5646 milii
1094 5592 1310 5645 dubium
1347 5598 1591 5644 nonest.
1644 5589 1932 5654 Aliquanto
1983 5597 2102 5655 post

551 5668 714 5721 editio
747 5664 917 5718 Paris.
953 5661 1138 5732 μισθὸς
1167 5663 1282 5731 μετ’
1302 5659 1483 5732 αδτοῦᾼ.
1518 5661 1585 5732 At
1605 5659 1786 5732 decem
1822 5673 1949 5710 mss.
1982 5671 2101 5732 cum

553 5738 784 5789 editione
822 5725 981 5786 Basii.
1019 5725 1204 5800 μισθός
1225 5730 1408 5784 αὑτοῦ.
1444 5730 1616 5800 Editio
1642 5727 1881 5800 Romana
1912 5725 2102 5800 μισθὸς

552 5804 715 5859 αὑτοῦ
747 5804 861 5874 μετ’
878 5796 1042 5856 αὑτοῦ
1066 5819 1078 5832 ·
1101 5805 1185 5859 cui
1205 5802 1468 5857 consentit
1495 5799 1739 5867 Vulgata,
1773 5798 1971 5852 Merces
1988 5796 2102 5866 ejus

2197 5393 2296 5430 ms.
2323 5377 2495 5445 ὑπομε

2206 4818 2392 4878 αὐτοῦ,
2419 4833 2445 4867 a
2489 4815 2721 4867 librariis
2745 4808 3162 4880 praetermissum
3198 4808 3289 4861 hic
3315 4808 3505 4860 fuisse.

2273 4888 2382 4955 (45)
2406 4887 2556 4941 Colb.
2587 4879 2808 4955 quartus
2834 4882 2913 4944 είς
2944 4879 3091 4942 τούς.

2276 4945 2388 5025 (44)
2415 4956 2552 5025 Editi
2576 4945 2628 5025 et
2659 4954 2908 5025 quinque
2929 4967 3055 5003 mss.
3087 4947 3375 5025 ῥπομενεῖ,
3405 4945 3609 5012 patiens
3656 4947 3779 5025 erit.

2202 5016 2310 5082 Nec
2343 5016 2497 5079 aliter
2531 5016 3038 5091 legit-Augustinus.
3079 5016 3234 5091 Colb.
3276 5027 3498 5088 quartus
3527 5025 3583 5068 et
3611 5016 3784 5091 editio

2203 5099 2442 5153 Romana
2473 5087 2757 5164 ὑπομένει,
2779 5087 2980 5164 patiens
3004 5090 3336 5164 est.\_iulgat_a
3361 5101 3596 5164 quoque,
3615 5087 3784 5137 susti-

2202 5179 2307 5221 net.
2343 5156 2742 5226 Aunotatidum,
2788 5164 2872 5215 liic
2917 5162 3016 5228 legi
3052 5156 3267 5228 quidem
3294 5160 3350 5228 in
3405 5156 3537 5228 Heg.
3579 5167 3784 5223 quarto

2202 5239 2386 5291 codice
2409 5235 2689 5304 ὑπομένει,
2723 5234 2928 5299 patiens
2959 5226 3183 5304 esu—scd
3223 5227 3384 5304 infra,
3415 5226 3501 5276 tibi
3528 5230 3630 5304 lioc
3659 5239 3783 5304 ver-

2203 5309 2325 5361 bum
2367 5296 2642 5372 repetitnr.
2676 5296 2959 5369 scriptum
2991 5302 3297 5354 invenimus
3346 5300 3397 5351 in
3438 5296 3629 5348 eodem
3688 5296 3780 5347 illo

2499 5377 2597 5435 νεῖ,
2624 5374 2826 5440 patiens
2848 5372 2965 5423 erit.

2269 5446 2378 5516 (ιδ)
2424 5432 2800 5516 ΕιΙίιὶόςΒίιείΙ.
2835 5450 2888 5494 et
2923 5441 3330 5516 quinque_m55.
3380 5438 3470 5516 τδγ
3513 5432 3778 5516 Ianum.

2195 5503 2306 5568 λον.
2361 5503 2547 5568 Ἐιιὶιίο
2600 5514 2768 5567 Paris.
2829 5521 2882 5565 et
2942 5503 3188 5563 nonnulli
3255 5525 3387 5562 mss.
3445 5509 3472 5560 ὁ
3513 5503 3780 5559 Ἀπόστο-

2196 5586 2305 5648 λος.
2334 5585 2441 5639 Nec
2475 5587 2543 5637 ita
2581 5585 2750 5636 multo
2778 5581 3065 5650 pastColb.
3097 5583 3315 5646 quintus
3338 5594 3489 5646 aeque
3506 5594 3571 5632 ac
3585 5585 3780 5628 textus

2199 5672 2353 5710 sacer
2378 5652 2728 5724 καυχώμεθα.

2276 5725 2386 5795 (46)
2409 5717 2848 5795 Κεξςεεουιιόιιε
2881 5721 3236 5774 ἐνδείκνυται.
3267 5717 3476 5795 Sta_tim_
3498 5733 3593 5772 sex
3643 5731 3781 5771 mssa

2201 5787 2460 5866 ὀνόματος
2481 5787 2573 5847 τοῦ
2605 5792 2832 5864 Κυρίου.
2861 5795 2999 5848 Editi
3028 5795 3290 5859 ὀνόματος
3315 5787 3503 5842 αὑτοῦ.
