4016 6438
588 364 683 416 551

1892 353 1948 408 S.
1993 348 2239 406 BASILII
2280 351 2496 407 MAGNI

3725 350 3832 403 552

588 475 796 529 Pharao
825 473 982 535 item,
1012 471 1101 540 qui
1128 482 1247 540 poSt
1271 482 1500 542 quatuor
1539 472 1913 541 generationes
1950 467 2141 538 Moysi:

2248 467 2382 540 ραώ.
2413 469 2660 523 Φαίνεται
2694 468 2798 537 γὰρ
2831 467 3027 538 Φαραὼ
3070 466 3357 536 λεγόμενος
3392 468 3487 519 καὶ
3516 470 3544 521 ὁ
3573 465 3673 517 ἐπὶ
3717 463 3830 516 Ἰω-

595 577 751 622 aetate
777 582 869 620 rex
899 565 1116 634 Egypti
1142 563 1279 633 fuit;
1314 565 1518 617 Pharao
1539 578 1775 631 quoque,
1801 563 1890 630 qui
1914 563 2148 614 Salomo-

597 659 681 712 nis
709 669 949 727 Iempore
972 672 1148 709 rerum
1169 656 1503 722 potiebatur:
1527 654 1733 721 Accepit
1755 655 1920 715 enim,
1953 652 2145 719 inquit,

593 749 760 816 ﬁliam
815 748 1111 801 Pharaonis
1171 747 1248 811 '°;
1312 753 1367 797 et
1413 746 1502 812 qui
1557 755 1795 812 tempore
1856 741 2148 812 prophetia:

593 839 839 894 Jeremite
863 840 1036 902 vixit,
1069 840 1277 892 Pharao
1308 846 1529 888 vocatus
1559 842 1660 888 est.
1699 834 1789 889 Sic
1828 833 1988 886 etiam
2019 832 2147 884 Abi-

589 930 796 983 melech
841 926 1241 982 attateAbruha:
1267 933 1414 986 erat,
1449 931 1502 975 et
1527 931 1684 974 aetate
1711 920 1858 973 lsaac
1889 937 1902 972 :
1935 926 1989 971 et
2009 917 2147 970 alius

588 1036 728 1074 nunc
755 1019 1091 1087 temporibus
1132 1014 1346 1067 Davidis
1392 1014 1609 1067 dicitur.
1638 1010 1703 1064 Et
1738 1012 1803 1062 de
1837 1024 1900 1064 eo
1931 1009 2144 1074 quidem

587 1111 676 1180 qui
736 1121 972 1177 tempore
1018 1107 1246 1160 Abrahae
1291 1114 1428 1166 erat,
1469 1103 1668 1155 dictum
1717 1112 1840 1154 est:
1893 1099 1959 1152 Et
2012 1099 2145 1150 dixit

585 1197 900 1260 Abimeleclt,
939 1204 987 1249 et
1020 1194 1615 1261 Hochozathpronubus
1658 1190 1771 1258 ejus
1794 1229 1809 1254 ,
1841 1200 1886 1242 et
1929 1185 2145 1240 Philocli

585 1290 822 1358 princeps
871 1287 1128 1341 exercitus
1179 1286 1290 1354 ejus
1343 1284 1410 1335 ad
1463 1280 1729 1335 Abraham
1779 1279 2039 1332 dicens“.
2083 1278 2146 1331 Et

589 1383 781 1438 iterum
823 1384 886 1436 de
921 1397 984 1436 eo
1011 1382 1100 1449 qui
1144 1391 1381 1445 tempore
1423 1378 1572 1430 Isaac
1604 1376 1735 1429 visit
1763 1392 1776 1429 :
1809 1373 1934 1428 Fuit
1970 1382 2144 1425 autem

589 1476 753 1528 multo
778 1487 1001 1539 tempore
1039 1473 1129 1526 ibi.
1162 1470 1294 1523 Cum
1317 1487 1433 1523 vero
1462 1471 1812 1537 prospexisset
1848 1463 2143 1518 Abimeleclt

589 1585 678 1621 rex
720 1565 997 1618 l’htlistiim
1036 1579 1129 1632 per
1172 1564 1452 1632 [enestram
1477 1601 1493 1626 ,
1533 1559 1665 1612 vidit
1701 1561 1851 1611 Isaac
1881 1573 1998 1610 cum
2043 1555 2145 1610 Re-

589 1659 744 1711 becca
772 1656 1034 1709 ludentem
1072 1655 1135 1711 ".
1169 1654 1260 1708 Sic
1293 1653 1452 1722 igitur
1487 1661 1540 1705 et
1588 1667 1728 1705 nunc
1757 1649 1970 1702 Davidis
2007 1656 2145 1702 tetu-

588 1763 717 1818 μοι-θ
744 1747 1054 1802 Αὶιίηιειεςιι
1083 1749 1135 1800 in
1167 1745 1518 1812 inscriptione
1545 1745 1718 1796 dictus
1743 1750 1843 1805 est,
1872 1742 2144 1795 communi

2254 561 2392 629 σήφ·
2420 558 2614 632 Φαραὼ
2638 560 2730 612 καὶ
2761 560 2788 610 ὁ
2819 560 2909 610 ἐπὶ
2948 560 3221 622 Μωῦσέως
3254 557 3390 628 μετά
3416 557 3699 629 τέσσαρας
3733 571 3829 624 γε-

2252 650 2376 714 νεὰς
2411 652 2651 724 ἐγερθεὶς
2681 650 2931 719 βασιλεὺς
2957 652 3228 718 Αἰγύπτου
3246 667 3259 681 ⁸
3291 649 3491 721 Φαραὼ
3515 653 3611 702 καὶ
3631 654 3661 703 ὁ
3683 651 3828 704 κατὰ

2250 743 2373 805 τοὺς
2421 745 2641 814 χρόνους
2692 742 3063 813 Σολομῶντος·
3101 745 3312 798 Ἐλαὸε
3348 743 3478 813 γὰρ,
3509 745 3671 810 φησὶ,
3712 742 3830 807 τὴν

2251 835 2540 902 θυγατέρα
2574 833 2812 901 Φαραώ·
2863 834 2956 887 καὶ⁵
3010 835 3038 885 ὁ
3081 835 3221 886 κατὰ
3270 836 3396 899 τοὺς
3445 834 3679 905 χρόνους
3727 835 3829 902 τῆς

2252 927 2583 995 προφητείας
2619 925 2730 996 (55)
2788 925 3047 996 Ἱερεμίου
3103 925 3298 994 Φαραὼ
3356 927 3824 998 προσηγορεύετο.

2252 1017 2404 1070 Οὕτω
2417 1017 2471 1069 δὲ
2490 1021 2580 1072 καὶ
2609 1017 2890 1087 ’Λϐιμέλεχ
2912 1019 3051 1071 κατά
3072 1018 3194 1079 τοὺς
3213 1017 3434 1086 χρόνους
3453 1016 3521 1090 ἦν
3545 1016 3824 1088 Ἀϐραὰμ,

2251 1109 2507 1162 καὶκατὰ
2538 1112 2662 1172 τοὺς
2697 1108 2920 1180 χρόνους
2963 1109 3144 1162 Ἰσαάκ
3165 1126 3179 1138 ’
3213 1107 3309 1161 καὶ
3344 1110 3372 1159 ὁ
3403 1111 3495 1162 νῦν
3527 1110 3826 1180 λεγόμενος

2251 1202 2342 1254 ἐπὶ
2370 1200 2477 1252 τῶν
2503 1201 2709 1272 καιρῶν
2734 1199 2914 1252 Δαϐίδ.
2959 1201 3082 1252 Ἐπὶ
3112 1200 3212 1270 μὲν
3237 1197 3342 1267 γὰρ
3384 1199 3637 1271 Ἀϐραάμ
3668 1204 3824 1272 εἶρηο

2249 1311 2357 1356 ται,
2383 1294 2462 1346 ὅτι
2489 1294 2596 1347 Καὶ
2624 1291 2791 1346 εἶπεν
2826 1291 3141 1360 Ἀϐιμέλεχ,
3172 1293 3269 1345 καὶ
3328 1291 3569 1358 Ὀχοζὰθ
3605 1300 3640 1347 ό
3669 1312 3824 1361 νυμ-

2249 1383 2517 1455 φαγωγὸς
2546 1384 2752 1447 αὑτοῦ,
2790 1382 2887 1436 καὶ
2915 1381 3106 1449 Φιλὸχ
3133 1386 3166 1434 ό
3203 1381 3680 1450 ἀρχιστράτηγος
3709 1384 3824 1451 τῆς

2249 1475 2550 1543 δυνάμεως
2575 1477 2760 1529 αὑτοῦ
2794 1475 2941 1543 πρὸς
2986 1474 3247 1542 Ἀϐραὰμ,
3274 1476 3482 1544 λέγων.
3510 1475 3620 1526 Καὶ
3657 1479 3824 1528 πάλιν

2251 1571 2375 1640 περὶ
2403 1567 2496 1620 τοῦ
2538 1567 2753 1620 Ἰσαάκ·
2805 1567 3070 1635 Ἐγένετο
3114 1565 3181 1618 δὲ
3227 1569 3628 1636 πολυχρόνιος
3673 1567 3822 1620 ἐκεῖ.

2250 1661 2611 1729 Πῳακύψας
2637 1659 2703 1712 δὲ
2740 1659 3033 1729 Ἀϐιμέλεχ
3072 1659 3182 1729 (56)
3223 1662 3253 1711 ό
3287 1661 3586 1724 βασιλεὺς
3637 1661 3824 1712 Φυλι-

2250 1753 2421 1821 στεὶμ
2452 1749 2548 1803 διὰ
2575 1748 2679 1817 τῆς
2707 1750 2964 1818 θυρίδος,
3011 1748 3131 1805 εἶδε
3168 1750 3446 1810 παίζοντα
3477 1754 3583 1806 τὸν
3611 1754 3823 1806 Ἰσαὰκ

586 1841 736 1910 regni
771 1841 1006 1894 nomine.
1041 1839 1235 1891 Verum
1277 1835 1496 1888 Auchus
1541 1849 1730 1886 nomen
1785 1833 2037 1885 traditum
2080 1834 2141 1886 ab

2244 1842 2391 1914 μετὰ
2423 1839 2751 1905 Ῥεϐέκκας.
2785 1840 2968 1905 Οὕτως
2997 1839 3089 1896 οὖν
3122 1845 3214 1897 καὶ
3242 1843 3335 1896 νῦν
3373 1844 3512 1896 κατά
3537 1845 3664 1906 τοὺς
3692 1843 3824 1914 χρόο

587 1931 815 1985 historia
848 1941 964 1992 est,
1005 1929 1146 1996 quod
1187 1925 1390 1981 scilicet
1422 1926 1469 1978 ei
1504 1926 1757 1995 privatim
1805 1939 1834 1977 a
1870 1924 2150 1978 nativitate

590 2024 893 2091 impositum
931 2029 1096 2072 eSset.
1132 2018 1320 2087 Itaque
1361 2032 1542 2072 coram
1589 2018 1689 2071 hoc
1733 2017 2037 2070 immutavit
2068 2018 2148 2069 fa-

588 2114 723 2167 ciem
753 2127 927 2177 suum,
953 2119 1260 2182 asportatus
1283 2110 1529 2163 manibus
1553 2125 1849 2170 servorum,
1874 2117 1927 2162 et
1945 2110 2151 2161 obstre-

587 2217 719 2272 pens
755 2203 822 2256 ad
862 2213 1046 2271 portas
1071 2200 1340 2262 civitatis,
1374 2198 1768 2265 distillansque,
1809 2199 1998 2264 inquit,
2023 2196 2148 2249 sali-

584 2310 702 2347 vam
731 2309 878 2346 suam
907 2295 955 2344 in
985 2292 1201 2345 barbam
1229 2307 1241 2341 :
1284 2289 1354 2341 ita
1391 2298 1448 2340 ut
1479 2289 1682 2340 diceret
1717 2288 1937 2340 Auchus
1968 2288 2032 2339 ad
2065 2285 2147 2339 fa-

591 2385 761 2436 mulos
791 2401 804 2436 :
837 2383 1011 2446 Quare
1029 2380 1324 2434 adduxistis
1353 2395 1470 2432 eum
1495 2378 1564 2430 ad
1585 2394 1664 2430 me
1687 2379 1712 2430 ?
1736 2376 1870 2434 Num
1895 2393 1992 2446 ego
2015 2393 2148 2446 Opus

587 2473 759 2526 habeo
780 2472 1038 2527 comitiali
1070 2470 1258 2524 morbo
1285 2468 1593 2536 correptis?
1627 2471 1822 2538 quippe
1857 2469 2149 2523 introduxi-

585 2564 685 2617 stis
708 2581 852 2620 elltll.
871 2572 927 2614 ut
953 2560 1137 2615 morbo
1158 2557 1414 2614 comitiali
1445 2573 1623 2612 coram
1649 2573 1733 2612 me
1759 2560 2144 2628 corriperetur.

587 2655 654 2708 Et
682 2654 760 2709 sic
802 2654 942 2708 illinc
965 2654 1240 2713 dimissus,
1270 2651 1482 2704 salvum
1521 2665 1579 2704 se
1617 2652 1835 2718 recepit,
1869 2651 2061 2720 inquit,
2094 2651 2145 2704 in

586 2747 901 2814 speluncam
945 2744 1186 2799 Odollam
1222 2743 1284 2795 ¹³.
1331 2743 1497 2810 Igitur
1539 2758 1793 2810 tanquam
1832 2759 1897 2798 ex
1956 2759 2147 2813 magno

583 2835 823 2903 periculo
846 2835 1080 2901 elapsus,
1115 2833 1254 2885 hanc
1280 2835 1578 2900 gratiarum
1609 2832 1872 2886 actionem
1907 2837 2149 2902 rependit

580 2942 680 2982 suo
705 2925 980 2981 liberatori
1033 2926 1158 2978 Deo.
1192 2923 1351 2977 Vatis.
1393 2922 1446 2976 2.
1479 2921 1790 2975 Benedicam
1832 2924 2108 2977 Dominum
2131 2965 2144 2988 ,

582 3017 790 3085 inquit,
823 3018 876 3070 in
920 3015 1060 3069 omni
1095 3025 1342 3084 tempore.
1373 3014 1600 3083 Ereptus
1643 3029 1710 3066 ex
1758 3025 1952 3077 morte,
1992 3017 2143 3083 quasi

585 3109 846 3162 terminos
902 3110 1022 3161 vita:
1069 3107 1170 3161 sibi
1203 3109 1316 3176 ipse
1356 3104 1686 3174 praescribit,
1738 3119 1997 3171 suamque
2026 3107 2143 3158 ani-

2250 1954 2372 1999 νους
2415 1933 2575 1988 Δαδὶδ
2624 1933 2908 2003 ’Λδιμέλεχ
2963 1935 3175 2005 εἴρηται
3216 1938 3275 1988 ἐν
3308 1937 3372 2005 τῇ
3409 1936 3718 2005 ἐπιγραφῇ,
3761 1935 3825 1986 τὸ

2248 2029 2424 2080 κοινὸν
2451 2029 2546 2098 τῆς
2572 2026 2844 2096 βασιλείας
2880 2025 3069 2095 ὄνομα.
3111 2029 3335 2100 Ἀγχοῦς
3364 2027 3421 2079 δὲ
3453 2029 3822 2098 παραδέδοται

2248 2119 2350 2170 ὑπὸ
2391 2121 2487 2190 τῆς
2520 2117 2775 2190 ἱστορίας,
2822 2119 2956 2188 ὅπερ
2998 2120 3141 2184 ἰδίως
3184 2118 3252 2192 ἦν
3294 2120 3439 2192 αὐτῷ
3480 2122 3546 2172 ὲκ
3591 2122 3823 2190 γενετῆς

2247 2211 2604 2281 ἐπικείμενον.
2666 2211 2786 2264 Ἐπὶ
2826 2209 3015 2263 τούτου
3060 2216 3237 2267 τοίνυν
3282 2214 3574 2281 ὴλλοίωσεν
3620 2213 3823 2266 ἑαυτοῦ

2246 2301 2306 2354 τὸ
2330 2304 2637 2372 πρόσωπον,
2663 2303 3110 2373 παραφερόμενος
3131 2309 3188 2358 ὲν
3215 2310 3334 2370 ταῖς
3361 2306 3516 2378 χερσὶ
3541 2306 3653 2359 τῶν
3673 2309 3823 2358 οἰκε-

2245 2395 2373 2459 τῶν,
2409 2397 2502 2447 καὶ
2553 2393 2739 2464 ψοφῶν
2774 2395 2923 2466 παρὰ
2969 2397 3067 2460 τὰς
3110 2397 3282 2461 πύλας
3323 2399 3422 2468 τῆς
3453 2398 3686 2461 πόλεως,
3722 2399 3825 2451 καὶ

2247 2487 2563 2557 καταρρέων
2591 2487 2722 2557 (57),
2757 2487 2910 2556 φησὶ,
2949 2490 3017 2542 τά
3059 2489 3206 2541 σίελα
3249 2488 3412 2541 αὐτοῦ
3457 2489 3549 2540 ἐπὶ
3577 2489 3670 2540 τὸν
3707 2488 3826 2538 πώ-

2246 2592 2429 2644 γωνα·
2459 2575 2597 2628 ὥστε
2624 2577 2794 2629 είπείν
2823 2577 2913 2628 τὸν
2949 2578 3170 2646 Ἀγχοὺς
3215 2581 3324 2640 τοῖς
3363 2576 3554 2630 παισί·
3598 2577 3662 2630 Τί
3690 2580 3823 2628 εισ-

2246 2666 2481 2736 εςρέρετε
2515 2665 2700 2720 αὑτὸν
2739 2666 2886 2734 πρὸς
2903 2667 3021 2734 μέ;
3061 2667 3150 2736 Μὴ
3190 2667 3469 2736 ὲπιδὲομαι
3501 2666 3824 2736 ὲπιλήπτων

2247 2756 2377 2824 ἐγὼ,
2408 2758 2488 2810 ὅτι
2524 2755 2871 2826 εἰσηνέγκατε
2897 2756 3056 2808 αὑτὸν
3089 2755 3541 2825 ὲπιληπτεύεσθαι
3566 2756 3655 2808 ἐπ’
3683 2757 3822 2826 ὲμέ;

2248 2849 2359 2901 Καὶ
2386 2849 2554 2913 οὕτως
2580 2848 2867 2912 ἀπολυθεὶς
2889 2848 3119 2911 ἐκεῖθεν,
3143 2847 3394 2919 διεσώθη,
3425 2849 3610 2918 φησὶν,
3649 2852 3730 2911 εἰς
3763 2850 3825 2901 τὸ

2249 2938 2509 3008 σπήλαιον
2574 2939 2845 3009 Ὀδολλὰμ.
2903 2940 2988 3002 Ὠς
3031 2935 3123 2992 οὖν
3169 2941 3232 2992 ὲκ
3288 2940 3522 3010 μεγάλου
3565 2939 3822 2991 κινδύνου

2246 3029 2548 3097 διεκφυγὼν
2583 3030 2714 3098 (58),
2748 3031 2949 3100 ταύτην
2991 3031 3302 3100 ἀναπέμπει
3335 3031 3431 3100 τὴν
3463 3031 3823 3100 εὐχαριστίαν

2245 3118 2322 3189 τῷ
2349 3121 2634 3190 ῥυσαμένῳ
2661 3122 2821 3174 αὑτὸν
2854 3121 2989 3190 Θεῷ.
3017 3121 3367 3189 Εὐλογήσω,
3396 3122 3548 3189 φησὶ,
3577 3121 3685 3173 τὸν
3703 3125 3822 3174 lii--

585 3214 727 3252 mam
772 3196 1007 3253 instituit
1039 3216 1102 3252 ac
1134 3198 1329 3252 format
1377 3200 1442 3251 ad
1478 3199 1782 3252 accuratius
1817 3198 2026 3252 vivendi
2061 3215 2141 3269 ge-

2244 3229 2375 3280 ριον
2413 3212 2482 3265 ἐν
2532 3212 2706 3265 παντὶ
2741 3211 2936 3278 καιρῷ.
2973 3210 3284 3280 Διεκφυγὼν
3328 3213 3391 3264 ὲκ
3430 3212 3522 3264 τοῦ
3558 3213 3820 3274 Θανάτου,

583 3304 706 3350 nus,
733 3288 866 3340 adeo
895 3299 951 3339 ut
987 3288 1130 3341 nullo
1158 3300 1395 3357 tempore
1413 3289 1844 3343 benedictionem
1875 3292 2140 3345 intermit-

582 3387 681 3441 tat,
707 3380 797 3432 se.|
826 3393 1001 3430 rerum
1032 3387 1143 3430 tum
1168 3395 1481 3445 magnarum
1508 3391 1617 3434 tum
1643 3399 1924 3451 parvarum
1949 3387 2145 3455 princi-

575 3469 723 3532 pium
753 3467 949 3519 reterat
975 3467 1026 3520 in
1053 3467 1242 3520 Deum.
1263 3466 1377 3520 Non
1403 3469 1726 3523 existimabo
1745 3511 1760 3535 ,
1789 3473 1995 3540 inquit,
2023 3477 2143 3530 dili-

584 3558 758 3627 gentia
781 3572 894 3612 mea
922 3558 1212 3626 quidquam
1238 3559 1389 3625 ﬁeri;
1419 3574 1592 3628 neque
1621 3559 1844 3617 fortuito
1873 3581 2140 3620 concursu

578 3651 904 3718 contingere.
922 3650 1011 3704 sed
1032 3649 1096 3704 In
1114 3653 1252 3704 omni
1273 3663 1498 3720 tempore
1518 3655 1818 3708 benedicam
1835 3656 2138 3723 Dominum;

582 3741 766 3798 nonin
793 3742 915 3794 vita:
950 3741 1120 3794 solum
1159 3745 1512 3810 prosperitate
1536 3783 1551 3807 ,
1596 3747 1686 3798 sed
1724 3747 1775 3799 in
1813 3750 2141 3818 temporibus

578 3833 742 3887 etiam
774 3834 1018 3887 adversis
1050 3843 1208 3901 atque
1230 3834 1576 3890 calamitosis.
1605 3835 1740 3890 Hinc
1758 3839 1978 3895 edoctus
1999 3840 2137 3894 Pau-

580 3925 682 3983 lus.
708 3925 780 3977 ait
805 3941 818 3975 :
853 3925 1066 3992 Semper
1097 3925 1337 3992 gaudete,
1361 3925 1471 3979 sine
1494 3927 1874 3982 intermissione
1895 3943 2060 3992 orate.
2084 3934 2141 3984 in

577 4015 815 4067 omnibus
839 4017 1038 4083 gratias
1067 4018 1203 4084 agite
1227 4015 1288 4071 ¹¹⁵.
1323 4017 1506 4072 Viden’
1538 4030 1738 4089 quanta
1775 4021 1940 4076 tuerit
1965 4022 2142 4078 chari-

559 4115 662 4158 .tas
699 4104 836 4157 viri?
871 4103 1128 4157 Malorum
1171 4109 1546 4165 assiduitatem
1582 4113 1764 4167 animo
1813 4113 1997 4183 iniquo
2029 4132 2135 4170 non

578 4197 804 4262 ferebat,
841 4212 960 4250 cmn
997 4211 1099 4248 non
1134 4197 1305 4250 solum
1343 4214 1407 4250 ex
1440 4207 1611 4268 p-ttria
1643 4205 1847 4270 pulsus,
1885 4217 1939 4260 et
1977 4221 2007 4260 a
2047 4223 2141 4261 co-

578 4287 754 4354 gnatis
781 4286 1199 4353 domesticisque
1226 4285 1529 4354 sejuncuts,
1556 4305 1618 4344 ac
1648 4292 1804 4347 bonis
1837 4297 2098 4364 spoliatus
2124 4316 2137 4352 :

577 4391 758 4429 verum
796 4376 955 4428 etiam
1001 4391 1121 4429 cum
1164 4377 1405 4431 hostibus
1436 4390 1578 4432 esset
1606 4396 1700 4448 per
1731 4384 1834 4436 vim
1873 4388 2098 4442 traditus
2121 4429 2136 4453 ,

580 4467 648 4519 ita
676 4476 732 4519 ut
755 4465 863 4521 fere
885 4467 950 4520 ab
966 4466 1044 4519 eis
1073 4468 1404 4521 membratim
1433 4469 1807 4526 dilaniaretur.
1827 4471 1944 4527 Non
1968 4477 2133 4530 dixit:

2243 3299 2352 3356 οἷον
2390 3304 2548 3374 ὄρους
2583 3301 2759 3374 ἑαυτῷ
2794 3301 2999 3354 τίθεται
3047 3303 3147 3372 τῆς
3192 3301 3355 3372 ζωῆς,
3397 3303 3582 3356 τυπῶν
3617 3306 3820 3358 ἑαυτοῦ

2242 3397 2338 3468 τὴν
2363 3395 2538 3467 ψυχὴν
2566 3396 2700 3467 πρὸς
2729 3394 2788 3448 τὸ
2824 3394 2922 3465 τῆς
2963 3394 3231 3459 πολιτείας
3272 3395 3526 3468 ἀκριὸές·
3574 3396 3653 3459 ὡς
3706 3415 3819 3468 μη-

2240 3489 2364 3541 δένα
2385 3487 2574 3560 καιρὸν
2593 3488 2967 3557 διαλιμπάνειν
2988 3488 3084 3558 τῆς
3101 3487 3366 3555 εὐλογίας,
3383 3488 3517 3540 ἀλλά
3537 3491 3633 3540 καὶ
3652 3493 3820 3558 μεγά-

2240 3579 2345 3631 λων
2359 3579 2450 3631 καὶ
2467 3579 2800 3649 μικροτέρων
2818 3580 3152 3648 πραγμάτων
3170 3581 3260 3632 ἐπὶ
3273 3581 3363 3632 τὸν
3375 3579 3506 3632 Θεὸν
3524 3583 3820 3654 ἀναφέρειν

2237 3669 2335 3740 τὴν
2365 3671 2558 3740 ἀρχήν.
2588 3671 2720 3738 Οὐχὶ
2761 3671 3055 3740 ἡγήσομαι,
3084 3673 3234 3738 φησὶ,
3269 3671 3408 3723 κατά
3436 3673 3536 3742 τὴν
3571 3674 3816 3742 ἐμαυτοῦ

2239 3761 2553 3830 ἐπιμέλειαν
2575 3759 2835 3828 γίνεσθαι,
2855 3760 2973 3811 οὐδὲ
2996 3761 3058 3812 ἐκ
3077 3761 3176 3829 τῆς
3196 3762 3498 3830 αὐτομάτου
3523 3766 3818 3833 συντυχίας

2241 3851 2572 3922 συμϐαίνειν,
2597 3850 2708 3903 ἀλλ’
2739 3851 2832 3903 Ἑν
2856 3851 3031 3903 παντὶ
3052 3848 3230 3917 καιρῷ
3244 3849 3556 3917 εὐλογήσω
3577 3853 3684 3904 τὸν
3701 3857 3818 3907 Κύ-

2230 3959 2365 4010 ριον
2385 3983 2399 4004 ,
2427 3942 2526 3995 οὐκ
2549 3944 2604 3993 ὲν
2624 3943 2740 4003 ταῖς
2766 3940 3082 4010 εὐημερίαις
3109 3938 3266 4008 μόνον
3285 3938 3377 3990 τοῦ
3398 3938 3534 4008 βίου,
3560 3941 3699 3994 ἀλλὰ
3719 3944 3817 3994 καὶ

2241 4037 2299 4087 ὲν
2322 4036 2431 4098 τοῖς
2458 4037 2855 4105 περιστατικοῖς
2877 4035 3105 4102 καιροῖς.
3135 4030 3414 4084 Ἐντεῦθεν
3450 4031 3816 4102 μαθητευθεὶς

2239 4129 2268 4180 δ
2317 4126 2661 4188 Ἀπόστολος,
2717 4124 2996 4186 Πάντοτε,
3047 4125 3200 4192 φησὶ,
3245 4124 3496 4192 χαίρετε,
3544 4123 3813 4177 ἀδιαλειό

2241 4234 2398 4284 πτως
2419 4221 2847 4288 προσεύχεσθε,
2873 4220 2942 4272 ἐν
2973 4219 3147 4272 παντὶ
3177 4217 3598 4286 εὐχαριστεῖτε.
3648 4219 3812 4289 Ὁρᾷς

2239 4311 2401 4380 ἡλίκη
2431 4311 2523 4364 τοῦ
2563 4312 2751 4382 ἀνδρὸς
2785 4314 2816 4382 ἡ
2849 4312 3069 4379 ἀγάπης
3107 4311 3219 4363 Οὐκ
3264 4309 3627 4362 άπεδυσπέτει
3673 4312 3814 4378 πρὸς

2239 4400 2335 4470 τὴν
2358 4401 2633 4469 συνέχειαν
2659 4400 2764 4452 τῶν
2789 4399 2992 4460 κακῶν,
3019 4401 3109 4451 ὅτε
3132 4399 3192 4451 οὐ
3221 4397 3331 4467 (59)
3364 4398 3518 4466 μόνον
3551 4396 3815 4465 πατρίδες

2243 4491 2563 4561 ἀπελήλατο,
2601 4493 2691 4543 καὶ
2725 4491 3059 4557 συγγενείας,
3089 4491 3180 4541 καὶ
3205 4488 3440 4544 οἰκείων.
3470 4490 3560 4538 καὶ
3591 4490 3810 4556 κτημάο

578 4557 864 4626 Quousque
900 4559 1158 4612 malorum
1193 4559 1518 4615 assiduitas?
1548 4578 1650 4616 non
1692 4563 1979 4633 despondit
2011 4571 2130 4621 ani-

2244 4599 2374 4647 των,
2403 4541 2543 4635 Ιἀλλά
2584 4583 2677 4634 καὶ
2723 4541 2849 4644 τοῖςΙ
2877 4582 3153 4650 πολεμίοις
3193 4579 3517 4649 παραδοθεὶς
3560 4579 3668 4630 ὑπὸ
3711 4581 3813 4649 τῆς

581 4665 724 4702 mum
751 4659 966 4718 propter
994 4649 1296 4704 afﬂictionis
1328 4651 1484 4723 1M
1506 4657 1960 4722 prorogationetn,
1991 4660 2131 4712 haud

580 4741 853 4809 ignorans,
893 4741 1045 4804 Quod
1083 4743 1357 4795 tribulatio
1389 4745 1696 4811 patientiam
1727 4759 1991 4813 operatur,
2041 4767 2134 4816 pa-

578 4830 758 4884 tientia
803 4839 978 4882 autem
1026 4833 1413 4899 probationem,
1454 4835 1697 4902 probatio
1736 4851 1850 4889 vero
1888 4853 2028 4904 spent
2066 4839 2129 4892 ¹⁸.

2240 4672 2502 4742 ἀνάγκης,
2552 4673 2747 4743 μικροῦ
2798 4671 3126 4725 διασπᾶσθαι
3177 4674 3305 4743 παρ’
3338 4670 3516 4723 αὐτῶν
3556 4670 3810 4740 ἔμελλεν.

2239 4761 2353 4813 Οὐκ
2382 4760 2499 4814 εἷπε
2522 4779 2533 4790 ·
2566 4764 2742 4834 Μέχρι
2773 4763 2915 4825 τίνος
2951 4765 2983 4833 ὴ
3019 4761 3266 4832 συνέχεια
3300 4761 3408 4814 τῶν
3445 4761 3671 4825 κακῶν;
3707 4763 3813 4814 οὐκ

2239 4853 2648 4926 ἀπεδυσπέτησε
2680 4856 2813 4927 πρὸς
2849 4856 2944 4926 τὴν
2977 4855 3281 4925 παράτασιν
3309 4855 3406 4924 τῆς
3441 4853 3699 4922 θλίψεως,
3731 4855 3813 4906 εἱ-

650 5016 781 5105 ιρὶιιι
819 5016 1065 5105 ιιειε..ἰιιἶ
1094 5017 1144 5070 i.
1222 5017 1261 5046 “
1295 5015 1428 5070 Gen.
1456 5035 1569 5084 nt,
1592 5021 1677 5075 9.2.
1759 5024 1800 5054 “
1824 5021 1958 5078 Gen.
1982 5041 2131 5099 xxvi,

2286 5033 2376 5087 "1
2407 5034 2539 5105 Reg.
2572 5051 2682 5102 χιι,
2716 5035 2817 5098 13;
2859 5050 2991 5098 uti,
3035 5034 3089 5091 1.
3165 5033 3210 5065 ¹⁶
3247 5031 3482 5088 lThess.
3505 5047 3560 5100 v,
3593 5030 3683 5094 16,
3716 5032 3804 5086 18.

580 5087 624 5118 ³⁵
666 5087 824 5143 llum.
874 5103 924 5149 ν,
956 5087 1010 5146 5.
1040 5087 1094 5141 4.

647 5205 757 5285 (Ξξ)
792 5207 942 5285 Illud,
972 5211 1068 5278 τῆς
1098 5211 1446 5279 προφητείας,
1489 5211 1642 5266 deest
1679 5212 1731 5285 in
1787 5213 1916 5284 Reg.
1951 5217 2128 5274 tertio.

576 5274 766 5354 διίιιίιιι
795 5277 932 5354 ﬁeg.
969 5274 1232 5333 secundus
1265 5274 1449 5354 rursus
1475 5274 1895 5354 προσηγόρευτοῖ

648 5346 762 5422 (56)
794 5345 883 5398 Sic
914 5363 1057 5422 mss._
1079 5360 1325 5422 quatuor.
1368 5351 1421 5403 lu
1454 5345 1686 5404 edit-ioue
1717 5345 1887 5409 i’aris.
1920 5356 2132 5422 ponitur

574 5417 992 5494 articulus_ante
1040 5418 1350 5494 _’A6tpé_}_tsx.
1408 5421 1693 5494 Aliquanto
1727 5437 1846 5491 post
1887 5417 2019 5494 Reg.
2052 5441 2135 5478 se-

573 5488 788 5560 cundus
811 5486 1093 5554 είρηταιὲν
1130 5493 1192 5558 τῇ
1225 5486 1429 5560 Γραφῇ.
1460 5486 1561 5544 Sed
1593 5486 1914 5558 scripturam
1955 5486 2132 5547 ferum

573 5556 736 5632 eum
776 5558 1049 5632 ἐπιγραφῇ
1083 5556 1294 5632 prujl'er't
1324 5556 1533 5628 queque
1570 5564 1619 5613 in
1655 5556 1916 5632 margine.
1964 5565 2125 5627 Infra,

577 5626 884 5702 tib_i_legitttt'
904 5626 1369 5702 παραφερόμενος,
1397 5626 1525 5688 etc.,
1553 5633 1631 5684 sic
1661 5626 1860 5686 editum
1882 5647 1963 5688 est
1990 5626 2128 5702 apud

573 5693 715 5771 LXx
753 5714 764 5747 :
795 5693 1134 5771 παρεφέρετο
1167 5693 1221 5750 εν
1254 5703 1372 5761 ταῖς
1404 5702 1587 5771 χερσὶν
1614 5703 1794 5754 αὑτοῦ.
1837 5704 1988 5758 Unde
2023 5693 2131 5758 λιι-

575 5767 818 5834 gustinus
848 5764 1179 5820 {Ferebatur
1206 5772 1255 5823 in
1285 5764 1519 5825 manibus
1547 5777 1652 5826 suis
1689 5789 1704 5824 :
1733 5775 1926 5842 quibus
1954 5778 2129 5830 verbis

2229 5218 2389 5272 Pater
2425 5219 2778 5287 gravissimus
2807 5218 3112 5272 adumbrari
3133 5216 3246 5269 vult
3277 5219 3680 5271 sanctissimam
3709 5221 3806 5272 Eu-

2231 5291 2569 5351 charistiam,
2623 5292 2837 5356 quando
2889 5288 3136 5340 videlicet
3185 5287 3445 5342 Dominus
3506 5291 3560 5342 in
3612 5290 3802 5342 ultima

2231 5371 2384 5411 cmna
2416 5375 2472 5410 se
2501 5361 2613 5425 ipse
2641 5360 2750 5412 suis
2778 5359 3020 5409 manibus
3051 5358 3188 5409 tulit.

2303 5426 2416 5496 (57)
2464 5429 2536 5479 Ita
2590 5445 2776 5480 ntivetn
2815 5442 2948 5480 mss.
2983 5442 3105 5480 cum
3129 5427 3363 5481 editione
3393 5426 3557 5481 Basil.
3619 5426 3802 5481 Editio

2232 5511 2359 5568 veto
2401 5499 2574 5551 Paris.
2614 5499 2926 5568 κατέρρεον.

2443 5569 2686 5637 Nonnulli
2719 5564 2845 5619 niés.
2876 5564 3176 5637 διαφυγών.
3197 5566 3392 5622 Statim
3425 5575 3634 5635 septem
3666 5581 3802 5621 mss.

2235 5636 2421 5690 rursus
2449 5636 2725 5706 διαφυγὼν
2752 5640 2814 5689 ὲκ
2846 5636 2960 5688 τοῦ.

2305 5707 2414 5778 (59)
2459 5709 2584 5776 lieg.
2610 5711 2872 5762 secundus
2903 5708 2984 5760 ὃτι
3012 5706 3094 5759 οὐ.
