4016 6472
258 387 365 440 555

1380 385 1661 440 ITOMILIA
1703 384 1766 438 l.\'
1810 382 2139 438 PSALMUM
2182 385 2412 440 XXXIII.

3399 386 3506 444 35$

253 501 380 565 δὼςν
412 503 539 556 Ὅτι
575 504 610 569 ἡ
644 506 842 571 θλίψις
876 505 1191 573 ὑπομονὴν
1222 502 1650 572 κατεργάζεται,
1689 508 1725 574 ἡ
1759 503 1820 557 δέ

1931 503 2061 559 Nam
2111 519 2166 557 re
2207 505 2317 572 ipsa
2356 505 2709 568 adiit-tiones,
2748 503 2902 572 quasi
2945 503 3196 558 athletica
3251 503 3501 572 quadam

253 597 530 664 ὑπομονὴ
580 596 854 665 δοκιμὴν,
895 599 930 664 ἡ
966 598 1033 651 δὲ
1061 598 1273 668 δοκιμὴ
1307 597 1544 652 ἐλπίδαη
1588 597 1677 669 Tt?)
1710 599 1822 652 ὄντι

253 686 366 758 γὰρ
394 692 504 752 τοῖς
547 688 727 750 καλῶς
760 694 1294 763 παρεσκευασμένοις
1335 691 1391 744 αἱ
1421 690 1627 759 θλίψεις
1660 691 1824 745 οἱονεὶ

254 780 452 850 τροφαί
486 779 626 841 τινες
661 783 790 833 εἰσιν
826 783 1112 856 ἀθλητικαὶ
1151 786 1244 837 καὶ¹
1277 785 1572 854 γυμνάσια,
1607 784 1698 837 ἐπὶ
1725 784 1822 854 τὴν

255 869 517 938 πατρῴαν
557 870 710 933 δόξαν
741 872 828 924 τὸν
865 875 1166 946 ἀγωνιστὴν
1207 874 1663 945 προϐιϐάζουσαι·
1697 876 1823 927 ὅταν

256 958 649 1030 λοιδορούμενοι
688 964 991 1034 εὐλογῶμεν
1013 1008 1027 1030 ,
1063 967 1540 1037 βλασφημούμενοι
1572 983 1825 1038 παρακα-

257 1050 457 1120 λῶμεν,
480 1057 938 1126 καταπονούμενοι
957 1058 1386 1129 εὑχαριστῶμεν,
1409 1056 1711 1127 θλιϐόμενοι
1733 1057 1825 1109 ἐπὶ

258 1144 323 1211 τῇ
375 1142 547 1214 θλίψει
601 1147 947 1216 καυχώμεθα.
1003 1150 1232 1221 Αἰσχρὸν
1285 1149 1394 1220 γὰρ
1434 1149 1675 1218 εὐλογεῖν
1728 1149 1826 1221 μὲν

258 1233 407 1304 ἡμᾶς
433 1238 526 1289 ἐπὶ
548 1242 660 1300 τοῖς
687 1239 1082 1310 χρηστοτέροις,
1115 1245 1324 1314 σιωπᾷν
1349 1243 1405 1294 δὲ
1437 1243 1528 1294 ἐπὶ
1559 1247 1666 1306 τοῖς
1699 1261 1828 1296 σκυ-

259 1322 628 1396 θρωποτέροις
666 1330 759 1379 καὶ
801 1330 1070 1394 ἐπιπόνοις
1105 1335 1441 1403 πράγμασιν.
1503 1333 1661 1386 Ἀλλὰ
1705 1334 1825 1386 τότε

259 1418 354 1468 καὶ
392 1415 550 1468 πλέον
595 1418 934 1491 εὐχαριστεῖν
963 1423 1056 1483 δεῖ,
1096 1424 1322 1485 εἰδότας,
1358 1424 1438 1475 ὅτι
1477 1425 1584 1476 Ὃν
1629 1423 1828 1493 ἀγαπᾷ

257 1511 473 1575 Κύριος
505 1512 793 1567 παιδεύει·
827 1517 1097 1585 μαστιγοῖ
1135 1516 1200 1567 δὲ
1229 1514 1420 1568 πάντα
1453 1516 1585 1569 υἱὸν
1615 1518 1685 1569 ὃν
1720 1529 1829 1568 :za-

253 1601 568 1670 ραδέχεται
650 1609 978 1670 Διαπαντδνς
1031 1609 1066 1673 1‘;
1121 1606 1350 1672 αἵνεσις
1391 1609 1574 1661 αὐτοῦ
1627 1609 1695 1660 ἐν
1750 1605 1828 1671 τῷ

257 1696 512 1764 στόματί
543 1716 684 1766 μου.
738 1702 896 1750 Δοκεῖ
929 1699 1182 1753 ἀδύνατόν
1233 1718 1284 1754 τι
1336 1700 1764 1768 ἐπαγγέλλεσθαι
1801 1701 1828 1751 ὁ

258 1790 562 1857 προφήτης.
595 1789 715 1851 Πῶς
739 1788 844 1860 γὰρ
874 1789 1162 1856 διαπαντὸς
1190 1794 1220 1863 ἡ
1252 1795 1453 1856 αἴνεσις
1485 1791 1576 1844 τοῦ
1607 1790 1740 1843 Θεοῦ
1771 1793 1828 1842 ἐν

1933 600 2184 653 alimenta
2216 613 2277 651 ac
2311 602 2734 655 esercitationes
2759 607 2887 651 sunt
2911 597 3046 651 bene
3071 599 3388 668 praeparatis
3424 607 3502 650 at-

1933 705 2041 758 que
2071 691 2353 744 instructis
2382 705 2395 744 :
2427 706 2542 759 qua:
2573 691 2834 746 athletam
2866 689 2930 741 ad
2964 697 3246 758 paternam
3275 688 3502 758 gloriam

1934 783 2234 847 deducunt;
2271 786 2312 837 si
2350 786 2565 851 quando
2594 784 2853 838 conviciis
2899 781 3129 850 impetiti
3163 781 3478 837 benedixeri

1938 892 2075 940 mus,
2105 877 2460 944 blasphetniis
2489 876 2720 929 lacessiti
2745 875 3229 941 obsecraverimus,
3263 875 3501 928 divesati

1934 971 2199 1037 egerimus
2225 970 2448 1037 gratias,
2481 966 2658 1022 amicti
2695 968 2748 1021 in
2776 970 3068 1026 amictione
3095 968 3310 1038 gloriati
3343 966 3503 1021 fueri-

1937 1076 2054 1115 mus
2086 1062 2150 1113 '°.
2179 1059 2356 1129 Turpe
2384 1060 2526 1113 enim
2559 1069 2642 1112 est
2675 1074 2771 1112 nos
2801 1059 3118 1117 benedicere
3152 1061 3206 1116 in
3241 1060 3401 1114 rebus
3431 1074 3506 1111 se-

1935 1154 2140 1218 cundis,
2165 1153 2324 1207 silere
2347 1166 2474 1206 vero
2503 1152 2552 1204 in
2582 1151 2827 1206 tristibus
2857 1162 2910 1204 et
2932 1153 3194 1209 adversis.
3229 1150 3342 1206 lmo
3373 1161 3498 1205 tunc

1935 1243 2093 1296 etiam
2132 1244 2332 1311 gratias
2366 1241 2643 1297 uberiores
2672 1256 2834 1312 agere
2859 1249 3094 1309 Oportet,
3131 1260 3250 1298 cum
3281 1241 3499 1297 noveri-

1937 1351 2054 1389 mus
2084 1336 2222 1402 qttod
2254 1335 2417 1400 Quem
2454 1333 2625 1402 diligit
2661 1333 2940 1398 Dominus,
2977 1333 3198 1401 castigat
3221 1352 3238 1398 ;
3265 1335 3500 1407 ﬂagellat

1936 1436 2112 1478 autent
2142 1433 2348 1478 omnem’
2389 1427 2559 1497 ﬁlium
2602 1443 2755 1495 quem
2801 1425 2979 1494 recipit
3013 1425 3076 1479 ¹⁷.
3131 1424 3346 1493 Semper
3385 1427 3505 1483 laus

1936 1518 2049 1587 ejus
2073 1518 2126 1569 in
2161 1534 2248 1570 ore
2273 1535 2404 1572 meo.
2435 1521 2659 1575 Videtur
2693 1521 2951 1590 propheta
2989 1519 3039 1573 id
3069 1521 3212 1588 quod
3243 1521 3357 1575 ﬁeri
3397 1538 3500 1577 non

1939 1618 2133 1676 potest,
2161 1607 2422 1676 polliceri.
2450 1609 2729 1674 Quomodo
2751 1609 2894 1662 enim
2928 1622 3146 1680 semper
3175 1608 3293 1665 laus
3329 1611 3420 1664 Dei
3445 1611 3498 1666 in

1937 1714 2031 1752 ore
2062 1701 2296 1754 hominis
2326 1715 2445 1754 esse
2479 1703 2696 1766 potest?
2729 1701 2866 1756 Cum
2900 1711 3155 1755 consueta
3185 1711 3236 1756 et
3267 1702 3332 1757 ad
3381 1703 3503 1758 vita:

1938 1804 2092 1844 usum
2121 1789 2423 1858 spectantia
2453 1789 2720 1857 colloquia
2755 1791 2905 1857 facit,
2951 1791 3004 1845 in
3040 1805 3136 1845 ore
3167 1791 3379 1846 laudem
3409 1792 3505 1848 Dei

255 1879 334 1946 τῷ
370 1879 592 1948 στόματι
627 1880 916 1951 ἀνθρώπου
961 1885 1068 1952 (60)
1103 1881 1238 1938 εἶναι
1271 1885 1523 1949 δύναται;
1559 1885 1684 1938 Ὅτε
1719 1884 1820 1935 δια-

1939 1897 2041 1936 non
2084 1879 2264 1935 habet.
2293 1878 2425 1934 Cum
2470 1878 2690 1943 dormit,
2729 1881 2949 1934 oumino
2975 1880 3177 1936 silebit.
3222 1881 3506 1948 Quomodo

255 1970 473 2036 λέγεται
499 1972 596 2035 τὰς
631 1974 878 2044 συνήθεις
907 1977 999 2026 καὶ
1030 1977 1287 2044 βιωτικὰς
1320 1978 1554 2047 ὁμιλίας,
1586 1979 1684 2030 οὐκ
1715 1977 1824 2047 ἔχει

265 2064 345 2116 τὸν
383 2061 530 2118 αἶνον
562 2067 656 2118 τοῦ
698 2068 830 2120 Θεοῦ
868 2070 924 2120 ἐν
965 2068 1041 2137 τῷ
1082 2069 1328 2137 στόματι.
1382 2069 1511 2120 Ὅτε
1555 2070 1825 2131 καθεύδει,

256 2160 589 2224 σιωπήσεται
625 2160 860 2224 πάντως.
916 2161 1214 2222 Ἐσθίοντος
1243 2160 1298 2212 δὲ
1325 2161 1415 2212 καὶ
1444 2160 1685 2223 πίνοντος
1715 2161 1829 2224 πῶς

253 2250 539 2322 ἐνεργήσει
571 2252 631 2305 τὸ
661 2252 834 2322 στόμα
877 2250 973 2322 τὴν
1007 2252 1244 2315 αῖνεσινς
1284 2251 1422 2321 Πρὸς
1460 2250 1523 2319 δὴ
1561 2253 1720 2302 τοῦτο
1748 2250 1834 2303 λέ-’

251 2358 444 2410 γομεν,
487 2345 568 2396 ὅτι
599 2343 711 2396 ἔστι
744 2343 842 2414 μέν
879 2362 928 2396 τι
976 2343 1069 2396 καὶ
1113 2342 1299 2413 νοητὸν
1343 2341 1514 2412 στόμα
1548 2339 1641 2392 τοῦ
1685 2340 1829 2393 ἔνδον

250 2433 561 2504 ἀνθρώπου,
658 2437 913 2505 τρέφεται
946 2435 1054 2502 (61)
1087 2434 1515 2504 μεταλαμϐάνων
1548 2433 1641 2486 τοῦ
1670 2433 1828 2501 λόγου

250 2524 352 2594 τῆς
384 2526 546 2595 ζωῆς,
591 2528 647 2588 ὃς
685 2529 829 2578 ἐστιν
864 2527 1024 2596 ἄρτος
1055 2529 1116 2577 ὲκ
1163 2524 1256 2576 τοῦ
1301 2524 1528 2594 ούρανοῦ
1565 2524 1824 2586 καταϐάς.

253 2618 391 2689 Περὶ
440 2619 647 2671 ἐκείνου
693 2618 786 2671 τοῦ
824 2618 1090 2688 στόματος
1134 2617 1230 2669 καὶ
1269 2633 1295 2668 ο
1336 2617 1625 2685 Προφήτης
1668 2615 1828 2685 φησὶν

249 2711 353 2765 ὅτι·
395 2716 463 2766 Τὸ
494 2714 686 2782 στόμα
706 2731 824 2782 μου
859 2711 1072 2780 ἤνοιξα
1093 2751 1105 2774 ,
1141 2709 1239 2763 καὶ
1276 2710 1536 2762 εἵλκυσα
1575 2706 1826 2776 πνεῦμα.

264 2805 470 2858 Ἐκεῖνο
511 2807 604 2859 καὶ
641 2809 668 2859 ὁ
698 2805 899 2876 Κύριος
944 2801 1293 2874 προκαλεῖται
1334 2803 1478 2872 ἡμᾶς
1521 2799 1828 2872 εὐρύχωρον

251 2894 395 2962 ἔχειν
432 2898 510 2956 εἰς
541 2896 802 2965 ὑποδοχὴν
854 2895 1238 2962 ἀφθονωτέραν
1307 2894 1412 2945 τῶν
1469 2893 1684 2963 τροφῶν
1730 2891 1828 2960 τῆς

249 2985 528 3054 ἀληθείας.
580 2987 896 3039 Πλάτυνον
942 2989 1071 3054 γὰρ,
1123 2985 1277 3054 φησὶ,
1328 2985 1391 3035 τὸ
1442 2986 1633 3051 στόμα
1686 2999 1823 3043 σου,

249 3077 348 3128 καὶ
383 3077 679 3145 πληρώσω
721 3079 886 3132 αὐτό.
920 3078 1148 3130 Δύναται
1189 3073 1280 3129 οὖν
1331 3078 1364 3146 ἡ
1410 3075 1826 3144 ἐντετυπωμένη

249 3167 396 3234 ἆπαξ
421 3171 513 3222 καὶ
535 3170 697 3222 οἱονεὶ
721 3169 830 3239 (62)
854 3168 1268 3239 ἐσφραγισμὲνη
1294 3167 1370 3238 τῷ
1401 3166 1709 3237 ἡγεμονικῷ
1731 3167 1827 3237 τῆς

247 3260 427 3330 ψνχῆς
460 3263 586 3333 περὶ
619 3263 750 3315 Θεοῦ
795 3263 970 3315 ἔννοια
1019 3263 1222 3324 αῖνεσις
1254 3259 1612 3330 ὀνομάζεσθαι
1657 3259 1821 3318 Θεοῦ,

248 3353 551 3418 διαπαντὸς
576 3357 952 3426 ἐνυπάρχουσα
997 3359 1062 3425 τῇ
1116 3355 1283 3424 ψυχῇ.
1332 3353 1559 3406 Δύναται
1602 3352 1658 3404 δὲ
1705 3353 1818 3414 καὶ,

249 3446 390 3496 κατὰ
422 3447 518 3516 τὴν
553 3447 909 3517 ἁποστολικὴν
941 3447 1239 3517 ὑποθήκην,
1275 3449 1301 3498 ὁ
1330 3447 1611 3507 σπουδαῖος
1646 3445 1820 3497 πάντα

250 3537 423 3587 ποιεῖν
459 3538 537 3598 εἰς
570 3537 726 3602 δόξαν
751 3536 905 3598 Θεοῦ,
953 3536 1091 3587 ὥστε
1121 3538 1297 3587 πᾶσαν
1341 3535 1554 3605 πρᾶξιν,
1588 3535 1679 3586 καὶ
1715 3536 1818 3587 πᾶν

249 3625 421 3695 (Σῆμα,
449 3629 544 3679 καὶ
572 3630 752 3680 πᾶσαν
782 3628 1064 3698 ἐνέργειαν
1091 3628 1298 3697 νοερὰν,
1325 3627 1578 3687 αἰνέσεως
1607 3625 1821 3694 ἐπέχειν

244 3717 496 3787 δύναμιν.
525 3721 645 3772 Εἴτε
671 3719 777 3790 γὰρ
812 3719 979 3772 ἐσθίει
1011 3722 1038 3771 ὁ
1059 3720 1286 3782 δίκαιος,
1311 3721 1418 3770 εἴτε
1449 3718 1614 3778 πίνει,
1647 3718 1822 3770 πάντα

245 3812 325 3873 είς
360 3812 515 3875 δόξαν
563 3813 694 3864 Θεοῦ
742 3815 902 3865 ποιεῖ.
950 3812 1056 3864 Τοῦ
1108 3811 1346 3864 τοιούτου
1392 3811 1741 3874 καθεύδοντος
1786 3812 1816 3881 ἡ

1932 1989 2059 2028 vero
2085 1974 2294 2027 edentis
2326 1982 2416 2025 aut
2457 1972 2691 2026 bibentis
2722 1986 2783 2026 os
2820 1972 3030 2028 laudem
3063 1974 3154 2029 Dei
3184 1977 3504 2045 depromet?

1930 2066 2011 2118 Ad
2048 2065 2148 2116 hoc
2185 2065 2585 2132 respondemus,
2611 2063 2877 2131 quoddam
2916 2063 3079 2116 etiam
3114 2079 3234 2121 esse
3269 2066 3503 2122 hominis

1933 2155 2127 2208 interni
2156 2155 2434 2222 spirituale
2457 2172 2518 2210 os
2542 2166 2705 2226 atque
2729 2154 3083 2222 intelligibile,
3108 2170 3217 2226 quo
3237 2158 3496 2223 nutritur,

1932 2247 2058 2301 dum
2085 2246 2311 2302 verbum
2335 2250 2460 2302 vitae
2487 2249 2697 2317 recipit,
2733 2249 2822 2320 qui
2851 2259 2935 2304 est
2958 2247 3133 2318 panis,
3154 2248 3246 2319 qui
3271 2250 3338 2304 de
3362 2248 3500 2306 calo

1932 2341 2208 2396 descendit
2238 2341 2302 2394 ’⁸.
2343 2341 2416 2394 De
2458 2340 2545 2395 illo
2575 2355 2668 2396 ore
2699 2343 2860 2397 etiam
2902 2342 3172 2411 Proliheta
3205 2342 3444 2410 loquitur
3477 2359 3492 2397 :

1931 2433 2004 2489 0s
2035 2451 2204 2489 meum
2229 2434 2409 2502 aperui
2442 2444 2490 2487 et
2525 2435 2722 2487 attraxi
2751 2437 2990 2498 spiritum
3025 2437 3086 2489 ".
3112 2432 3374 2491 Hortatur
3403 2449 3501 2489 nos

1931 2529 2093 2581 etiam
2128 2525 2408 2592 Dominus,
2447 2533 2504 2578 ut
2534 2525 2767 2595 amplum
2800 2541 2860 2579 os
2897 2526 3215 2592 habeamus,
3249 2542 3357 2596 quo
3400 2543 3499 2582 co-

1933 2618 2136 2683 piosius
2187 2618 2516 2687 uberiusque
2555 2617 2808 2672 alimenta
2865 2617 3108 2674 veritatis
3146 2618 3499 2688 accipiamus.

1934 2709 2108 2760 Οἱιαια
2156 2710 2311 2771 enim,
2354 2711 2550 2778 inquit,
2594 2727 2650 2764 os
2689 2702 2858 2774 tuum,
2902 2720 2949 2764 et
2994 2709 3214 2776 implebo
3263 2708 3398 2762 illud
3428 2708 3496 2761 ὀ.

1931 2799 2116 2866 Itaque
2158 2798 2252 2853 Dei
2298 2801 2558 2869 cogitatio
2603 2801 2766 2854 semel
2810 2802 3105 2870 impressa,
3153 2809 3208 2856 et
3239 2801 3390 2869 quasi
3436 2800 3491 2855 itt

1931 2893 2197 2962 praecipua
2222 2894 2415 2947 animae
2443 2903 2594 2962 parte
2618 2893 2922 2963 obsignata,
2956 2894 3074 2948 laus
3109 2895 3199 2949 Dei
3235 2895 3493 2964 appellari

1932 2995 2128 3052 potest,
2173 2999 2388 3054 semper
2423 2984 2474 3038 in
2502 2984 2680 3037 anima
2712 2985 2973 3038 insidens.
3001 2982 3190 3037 Potest
3215 2994 3395 3038 autem
3450 2994 3505 3038 et

1926 3075 2078 3140 juxta
2109 3075 2462 3143 apostolicam
2502 3073 2924 3128 admonitionem
2974 3073 3053 3125 vir
3081 3073 3282 3141 probus
3312 3075 3495 3130 omnia

1931 3183 2089 3235 agere
2118 3169 2184 3220 ad
2217 3167 2305 3221 Dei
2336 3167 2594 3236 gloriam,
2625 3167 2693 3220 ita
2733 3175 2790 3220 ut
2818 3165 2960 3220 actio
2992 3167 3189 3233 omnis,
3228 3182 3500 3237 omneque

1935 3261 2180 3322 verbum,
2241 3267 2295 3311 et
2337 3257 2634 3327 spiritualis
2681 3256 2858 3311 omnis
2897 3257 3137 3327 Operatio
3170 3257 3276 3310 vim
3324 3257 3503 3314 laudis

1931 3350 2192 3406 obtineat.
2225 3349 2351 3404 Sive
2389 3349 2533 3402 enim
2576 3345 2687 3402 edit
2712 3348 2929 3414 justus,
2960 3347 3075 3401 sive
3115 3347 3288 3415 bibit,
3312 3350 3500 3406 omnia

1931 3441 1981 3494 in
2025 3440 2116 3494 Dei
2159 3440 2381 3509 gloriam
2430 3439 2652 3494 facit“.
2692 3439 2765 3492 Eo
2810 3439 3131 3503 dormiente,
3175 3454 3269 3495 cor
3311 3441 3499 3511 vigilat

1925 3534 2077 3600 juxta
2107 3547 2264 3595 eum,
2313 3532 2405 3601 qui
2436 3531 2487 3585 in
2536 3531 2760 3586 Cantico
2800 3532 3136 3586 canticorum
3172 3531 3303 3588 dicit
3332 3549 3347 3585 :
3382 3531 3495 3603 Ego

1929 3625 2152 3688 dormio,
2169 3633 2216 3676 et
2240 3640 2330 3676 cor
2356 3640 2526 3677 meum
2551 3624 2727 3692 vigilat
2747 3625 2812 3676 ³³.
2836 3623 3045 3678 Etenim
3068 3623 3194 3678 visae
3216 3623 3265 3676 in
3291 3622 3496 3678 somnis

1930 3714 2137 3782 species
2169 3723 2293 3768 sunt
2319 3727 2422 3767 non
2453 3728 2576 3766 raro
2609 3713 2918 3768 diurnarutn
2952 3713 3336 3783 cogitationum
3366 3712 3496 3767 ima-

1926 3820 2096 3875 gmes.

244 3901 438 3971 καρδία
506 3903 827 3972 ἐγρήγορεν,
864 3901 1004 3954 κατὰ
1039 3902 1129 3954 τὸν
1167 3902 1388 3954 εἰπόντα
1424 3904 1478 3953 ὲν
1512 3899 1588 3970 τῷ
1632 3899 1867 3970 νᾼσματι
1907 3895 2013 3949 τῶν
2043 3894 2304 3966 ᾀσμάτων
2327 3912 2339 3924 ·
2390 3894 2538 3963 Ἐγὼ
2570 3895 2856 3956 καθεύδω,
2904 3892 3002 3946 καὶ
3046 3894 3084 3961 ἡ
3133 3893 3349 3961 καρδία
3374 3911 3496 3964 μου

244 3993 534 4062 min-opai.
588 3995 674 4056 Ὠς
713 3993 821 4064 γὰρ
860 3995 951 4045 ἐπὶ
982 3993 1114 4046 πολὺ
1147 3994 1214 4046 τὰ
1261 3992 1379 4046 καθ’
1428 3993 1591 4045 ὕπνον
1631 3994 1986 4061 φαντάσματα
2025 3989 2125 4057 τῆς
2177 3986 2545 4057 μεθημερινῆς
2589 3985 2796 4048 ἐννοίας
2836 3985 2982 4037 ἐστὶν
3020 3986 3380 4056 ἀπηχήματα.

313 4085 366 4136 2.
411 4086 511 4136 Ἐν
547 4085 623 4148 τῷ
661 4087 855 4152 Κυρίῳ
887 4085 1346 4150 ἐπαινεθήσεται
1392 4085 1429 4149 ’ἡ
1478 4084 1646 4151 ψυχή
1677 4102 1815 4151 μου.

241 4177 467 4248 Μηδεὶς,
505 4177 666 4246 φησὶ,
695 4178 793 4247 τὴν
820 4178 957 4247 ἐμὴν
1000 4177 1264 4236 ἐπίνοιαν,
1297 4175 1417 4228 καθ’
1460 4175 1526 4244 ἣν
1560 4174 1819 4241 διεσώθην

241 4273 306 4323 ἐκ
344 4271 452 4322 τῶν
484 4269 762 4334 κινδύνων,
800 4269 1110 4322 ἐπαινείτω.
1149 4271 1221 4320 Οὐ
1251 4267 1358 4337 γὰρ
1391 4269 1445 4319 ἐν
1471 4267 1696 4336 δυνάμει
1728 4267 1819 4318 ἁν-

243 4362 485 4436 θρὼπου,
523 4363 642 4415 οὐδὲ
671 4364 726 4414 ἐν
763 4360 873 4432 (65)
921 4362 1102 4431 σοφία,
1146 4361 1259 4413 ἀλλ’
1293 4364 1350 4412 ὲν
1394 4362 1459 4428 τῇ
1507 4360 1687 4428 χάριτι
1724 4358 1816 4409 τοῦ

237 4455 374 4509 Θεοῦ
393 4457 538 4507 ἐστιν
561 4459 592 4525 ἡ
615 4456 876 4525 σωτηρία.
901 4453 997 4520 Μὴ
1020 4452 1358 4520 καυχάσθω,
1375 4452 1556 4520 φησὶν,
1581 4453 1612 4503 ό
1633 4449 1817 4502 πλού-

235 4566 372 4613 σιος
403 4549 472 4600 ἐν
518 4547 596 4612 τῷ
631 4548 870 4611 πλούτῳ
903 4546 1108 4609 αὑτοῦ,
1145 4545 1299 4613 μήτε
1342 4547 1372 4597 ό
1406 4543 1596 4610 σοφὸς
1638 4543 1707 4594 ἐν·
1739 4541 1814 4609 τῇ

235 4644 422 4709 σοφίᾳ
455 4640 661 4701 αὐτοῦ,
687 4637 840 4707 μήτε
864 4642 894 4691 0'
922 4638 1170 4706 ἰσχυρὸς
1202 4638 1270 4689 ἐν
1298 4634 1372 4703 τῇ
1409 4636 1576 4703 ἰσχύϊ
1601 4633 1806 4687 αὑτοῦ·

231 4734 371 4788 ἀλλ’
402 4735 438 4799 ἢ
469 4733 536 4786 ἐν
568 4736 753 4794 τούτῳ
780 4729 1104 4798 καυχάσθω
1135 4732 1166 4782 o'
1196 4727 1596 4796 καυχώμενος,
1631 4727 1698 4778 ἐν
1733 4724 1811 4788 τῷ

231 4829 471 4883 atii-(eiu
511 4830 605 4881 καὶ
647 4826 965 4895 γινώσκειν
1005 4826 1223 4891 Κύριον
1275 4823 1381 4873 τὸν
1414 4820 1559 4873 Θεὲν
1602 4818 1808 4874 αὐτοῦ.

245 4920 409 4988 Ὁρᾷς
436 4919 523 4970 τὸν
561 4916 878 4968 Ἀπόστολον
907 4914 1023 4975 πῶς
1049 4914 1173 4975 τοὺς
1200 4911 1495 4981 συνεργοὺς
1519 4909 1610 4959 τοῦ
1639 4908 1810 4973 Ἐῦαγ-

228 5010 412 5079 γελίου
443 5010 688 5072 ἐπαινεῖ;
728 5010 833 5072 ’Ὦς
862 5008 989 5059 ἐστι
1031 5004 1375 5067 σύνδουλος
1405 5000 1501 5054 καὶ
1532 4999 1808 5062 διάκονος

229 5101 399 5173 ὑμῶν
433 5101 542 5168 (64)
573 5101 642 5153 ἐν
676 5101 887 5167 Κυρίῳ.
941 5097 1064 5149 Ἐὰν
1106 5098 1285 5166 μέντοι
1317 5112 1398 5157 τις
1437 5094 1528 5146 ἐπὶ
1560 5091 1809 5161 σώματος

301 5263 344 5293 ³⁸
373 5261 539 5318 lCor.
567 5277 636 5325 tv,
665 5262 754 5324 19.,
795 5261 884 5313 15.

228 5351 284 5399 x,
318 5336 406 5388 5|.
482 5336 525 5364 ²¹
566 5333 719 5387 Cant.
754 5348 802 5393 ν,
831 5333 884 5384 Εὶ.

966 5262 1006 5291 ¹⁷
1033 5259 1192 5312 lle-br.
1222 5274 1318 5323 χιι,
1351 5256 1401 5310 6.

955 5332 998 5360 ’³
1037 5330 1232 5383 let-em.
1270 5347 1341 5390 Ix,
1373 5327 1464 5390 25,
1487 5326 1575 5378 24.

300 5473 410 5543 (60)
434 5473 584 5526 Multi
619 5487 745 5526 mss.
777 5469 1063 5541 ἀνθρώπου
1091 5470 1205 5523 sine
1241 5467 1485 5522 articulo.
1531 5463 1675 5518 Editi
1710 5463 1801 5515 τοῦ

225 5544 532 5616 ἀνθρώ-που.
861 5611 879 5616 _
996 5610 1005 5616 _

300 5605 409 5685 (ὀί)
434 5612 678 5666 Nonnulli
710 5627 837 5666 mss.
859 5611 885 5662 ὃ
914 5610 1192 5680 τρέφεται.
1222 5607 1321 5660 Alii
1350 5623 1479 5662 mss.
1501 5621 1622 5660 cum
1644 5605 1804 5658 editis

229 5679 270 5724 ἶι
301 5687 552 5724 enémc-rmv

222 5704 270 5755 ῳ
302 5702 686 5826 ᾇῖξῖὶἐιιιιιί
721 5769 850 5826 mss.
885 5751 1069 5803 οἱονεί.
1109 5750 1248 5803 Ειίίιί
1278 5744 1411 5801 οἷον.
1435 5745 1636 5802 Ibidem
1666 5745 1801 5816 Reg.

229 5823 415 5886 tertius
443 5823 942 5894 ἐνεσρραγισμένη.

506 5919 778 5977 Ριιτιιοι..
819 5918 935 5976 Gn.
977 5910 1216 5975 XXIX.

1483 5255 1523 5288 ¹⁸
1546 5253 1699 5308 Joan.
1734 5267 1807 5308 vt.
1836 5250 1920 5303 55.

1656 5323 1700 5354 ³⁸
1731 5321 1938 5376 Coloss.
1993 5334 2065 5382 tv,
2120 5320 2170 5372 Ἰ.

1995 4083 2049 4132 ιι.
2092 4077 2254 4131 Vens.
2295 4079 2349 4130 5.
2408 4076 2473 4130 In
2524 4077 2744 4131 Domino
2791 4078 3092 4131 laudabitur
3131 4079 3308 4131 anima
3355 4095 3490 4135 mea.

1925 4171 2131 4234 Nullus,
2177 4170 2371 4238 inquit,
2408 4186 2580 4235 meam
2610 4172 2952 4236 industriam,
2979 4186 3074 4240 per
3100 4185 3259 4239 quam
3284 4184 3314 4224 e
3343 4172 3490 4241 peri-

1925 4263 2059 4318 culis
2085 4262 2367 4316 incolumis
2389 4263 2571 4326 evasi,
2605 4262 2807 4316 laudet.
2836 4260 3020 4329 Neque
3049 4261 3193 4316 enim
3223 4261 3275 4316 in
3302 4271 3491 4331 poten-

1926 4357 1997 4406 tia
2039 4352 2291 4426 hominis,
2337 4367 2511 4420 neque
2550 4353 2603 4405 in
2638 4352 2933 4420 sapientia.
2971 4355 3064 4408 sed
3101 4353 3152 4407 in
3192 4353 3284 4408 Dei
3317 4355 3491 4424 gratia

1923 4445 2068 4499 salus
2086 4455 2185 4499 est.
2213 4444 2342 4497 *Non
2367 4443 2647 4513 glorietur,
2675 4445 2869 4514 inquit,
2895 4446 3036 4499 diues
3059 4446 3114 4499 in
3136 4447 3334 4499 divitiis
3358 4447 3489 4514 suis,

1922 4553 2084 4606 neque
2114 4535 2320 4603 sapiens
2349 4538 2401 4588 in
2428 4536 2688 4602 sapientia
2721 4551 2839 4599 sua,
2877 4551 3040 4604 neque
3067 4534 3222 4602 fortis
3248 4535 3302 4590 in
3329 4535 3492 4604 forti-
3527 4536 3532 4541 ’

1920 4629 2104 4681 tudine
2134 4645 2231 4681 sua
2269 4643 2287 4682 :
2320 4630 2410 4680 sed
2433 4628 2488 4680 in
2519 4626 2614 4679 hoc
2643 4626 2898 4695 glorietur
2918 4626 3010 4693 qui
3035 4627 3324 4695 gloriatur,
3352 4628 3493 4695 quod

1921 4721 2162 4788 intelligit
2191 4729 2239 4774 et
2263 4722 2522 4790 cognoscit
2555 4719 2837 4773 Dominum
2868 4717 3032 4772 Deum
3055 4736 3209 4773 suum
3233 4719 3301 4775 ".
3329 4719 3492 4776 Vides

1919 4813 2186 4880 quomodo
2244 4812 2536 4880 Apostolus
2587 4812 2862 4878 adjutores
2923 4809 3200 4878 Evangelii
3256 4811 3488 4866 laudet?

1920 4903 2022 4968 Qui
2049 4914 2121 4954 est
2153 4919 2426 4956 conservus
2452 4913 2496 4954 et
2527 4903 2761 4955 minister
2781 4911 2952 4956 vester
2975 4905 3028 4956 in
3061 4902 3287 4957 Domino
3320 4904 3391 4958 “.
3429 4905 3486 4957 Si

1917 4997 2038 5064 quis
2076 5005 2253 5050 autem
2290 4995 2358 5049 ob
2394 4996 2636 5062 corporis
2675 4997 3017 5064 elegantiam,
3054 5004 3146 5050 aut
3196 5005 3482 5065 parentum

1917 5088 2294 5142 claritudinem
2350 5086 2621 5152 laudatur,
2685 5103 2789 5141 nou
2846 5089 2899 5140 in
2953 5087 3180 5143 Domino
3233 5087 3486 5141 laudatur

3249 5245 3291 5274 ²¹
3315 5240 3335 5295 Ι
3356 5239 3488 5298 Cor.

2001 5249 2041 5279 ιι
2070 5247 2210 5300 Ρςςιι,
2243 5261 2429 5310 cxvm,
2462 5246 2583 5299 l3l.
2659 5245 2706 5276 ³⁵
2723 5244 2869 5298 Psal.
2902 5259 3059 5306 Lux,
3087 5242 3173 5296 Η.

1915 5533 1940 5583 ὲ
1986 5459 2096 5531 (65)
2134 5459 2310 5514 Editio
2359 5459 2538 5513 Paris.
2581 5458 2614 5529 ἢ
2662 5459 2740 5511 ὲν.
2785 5457 2856 5511 At
2902 5456 3139 5527 quinque
3194 5469 3324 5508 mss.
3366 5451 3491 5507 οὐδὲ

1945 5549 1992 5583 ν.

1945 5549 1971 5584 ν

1980 5571 2097 5672 ’(64)
2130 5601 2304 5654 Editio
2337 5598 2508 5653 Paris.
2529 5614 2648 5653 cum
2679 5597 2827 5672 Colb.
2853 5607 3009 5653 sexto
3035 5596 3283 5672 διάκονος
3305 5591 3488 5665 ἡμῶν,

1916 5681 1970 5724 et
1997 5667 2294 5741 ita'legerat
2325 5672 2612 5741 interpres,
2645 5671 2882 5741 minister
2918 5679 3121 5722 noster.
3147 5667 3323 5722 Editio
3359 5678 3488 5719 vero

1914 5742 2080 5798 Basil.
2112 5739 2167 5798 et
2192 5751 2315 5798 octo
2335 5755 2468 5796 mss.
2487 5739 2731 5803 διάκονος
2760 5740 2934 5811 ὑμῶν,
2965 5748 3132 5793 recte.

3072 5897 3151 5960 12
