4016 6430
576 333 683 384 555

1893 333 1949 390 S.
1992 335 2074 389 BA
2084 332 2233 390 SILI]
2276 334 2413 392 MAG
2423 337 2489 388 Nl

3712 342 3822 394 336

565 445 742 496 anima
778 443 943 508 ipsius
980 458 997 495 :
1033 443 1125 495 sed
1159 443 1403 512 quisquis
1452 442 1576 496 talis
1625 455 1726 506 est,
1784 447 1834 498 in
1887 449 2106 499 vanitati

2225 447 2427 505 κάλλει,
2465 453 2497 515 ὴ
2525 449 2724 514 γονέων
2751 451 3078 521 περιφανείᾳ
3101 453 3427 512 ἐπαινεῖται,
3457 455 3563 508 οὑκ
3599 456 3661 507 ὲν
3701 455 3820 506 Ko-

556 529 923 586 oonstituitur.
954 530 1137 596 Neque
1170 531 1315 583 enim
1356 531 1543 583 media:
1578 541 1721 585 artes
1749 533 1956 585 laudem
1992 548 2118 588 vere

551 625 862 670 merentur:
897 618 1319 684 gubernatores,
1363 619 1581 684 medici,
1617 631 1861 675 oratores
1893 630 1985 674 aut
2029 637 2117 675 ar-

548 704 790 769 chitecti,
819 705 908 772 qui
939 707 1122 769 urbes,
1158 717 1250 759 aut
1278 709 1607 778 pyramides,
1639 709 2111 781 autlabyrinthos,

551 802 646 846 aut
676 793 836 847 aliam
867 797 1156 861 quamdam
1193 808 1563 867 sumptuosam
1589 815 1651 853 ac
1669 803 1953 869 superbam
1984 806 2114 858 :edi-

548 884 789 938 liciorum
821 887 1015 940 molem
1046 896 1357 962 exstruunt.
1389 889 1470 944 0b
1501 891 1617 944 haec
1662 893 1752 959 qui
1801 893 2111 962 laudamur,

545 990 649 1029 non
681 975 734 1030 iu
764 976 989 1033 Domino
1015 993 1165 1032 suam
1205 982 1404 1036 habent
1432 983 1692 1037 animam.
1725 983 1870 1038 Satis
1897 997 1982 1040 est
2011 1004 2111 1042 no-

543 1066 629 1120 bis
659 1067 725 1120 ad
760 1082 974 1121 omnem
999 1068 1341 1140 dignitatem,
1378 1072 1512 1126 tanti
1545 1070 1758 1127 Domini
1799 1090 1984 1131 servos
2015 1095 2112 1131 uo-

543 1160 757 1215 minari.
783 1158 1032 1230 Nunquid
1064 1163 1324 1232 enimqui
1370 1164 1481 1234 regi
1515 1164 1673 1237 15.5
1702 1164 2014 1235 famulatur,
2055 1185 2113 1225 se

541 1253 662 1306 ideo
689 1253 915 1320 jactabit
943 1257 1082 1323 quod
1123 1255 1174 1308 in
1221 1255 1321 1311 hoc
1349 1265 1441 1310 aut
1475 1258 1526 1313 in
1567 1261 1656 1313 illo
1693 1261 1980 1316 ministerii
2013 1280 2110 1317 or-

545 1343 669 1398 dine
691 1345 991 1400 collocatus
1013 1355 1133 1400 est:
1166 1348 1256 1416 qui
1286 1363 1417 1404 vero
1445 1351 1636 1420 dignus
1667 1351 1882 1409 habitus
1908 1365 1990 1410 est
2020 1359 2109 1426 qui

537 1432 650 1491 Deo
678 1436 914 1500 serviat,
949 1435 1165 1491 aliunde
1210 1437 1396 1493 laudes
1427 1440 1528 1493 sibi
1563 1442 1918 1512 echgitabit,
1951 1448 2105 1512 quasi

541 1529 607 1580 ad
638 1543 853 1583 onmem
882 1527 1067 1598 gloriae
1093 1530 1500 1601 splendorisque
1520 1535 1793 1588 cumulum
1823 1537 2110 1605 appellatio

539 1621 749 1676 Domini
784 1623 886 1677 sibi
918 1638 1021 1677 uon
1051 1621 1318 1677 sulliciat?
1349 1620 1418 1677 1η
1452 1623 1678 1678 Domino
1717 1627 1882 1697 igitur
1915 1628 2106 1682 laudn-

537 1714 679 1765 bmtr
729 1713 910 1766 anima
964 1729 1098 1766 mea.
1148 1712 1384 1767 Audiam
1423 1715 1705 1778 mansueti,
1739 1727 1786 1770 et
1839 1717 2100 1773 (celentur.

2224 534 2321 603 ρίῳ
2349 537 2650 589 ἐπαινεῖται
2678 537 2841 591 αὑτοῦ
2869 541 2900 609 ή
2925 539 3102 609 ψυχὴ,
3138 542 3248 595 ἀλλ’
3277 544 3333 595 ἐν
3372 545 3439 612 τῇ
3473 547 3820 618 ματαιότητί

2217 624 2332 675 ἐστι
2370 623 2480 677 τῶν
2512 628 2763 682 τοιούτων
2795 629 3041 695 ἕκαστος.
3090 632 3224 685 Οὐδὲ
3265 634 3374 705 γὰρ
3419 634 3474 686 αἱ
3511 635 3686 702 μέσαι
3728 638 3816 689 τέ-

2217 730 2338 782 χναι
2366 714 2479 782 (65)
2507 717 2567 769 τὸ
2596 717 2862 788 ἀληθινῶς
2893 723 3174 775 ἐπαινετὸν
3209 726 3410 796 ἔχουσι,
3439 728 3811 800 κυϐερνῆται,

2219 806 2409 874 ἰατροὶ,
2431 808 2676 880 ῥήτορες,
2697 813 2728 882 ἢ
2751 813 3128 885 ἀρχιτέκτονες
3166 818 3349 884 πόλεις
3376 823 3813 894 οἰκοδομοῦντες

2215 895 2248 964 ἢ
2283 900 2612 969 πυραμίδας,
2638 903 2670 972 ἢ
2702 903 3076 978 λαϐυρίνθους,
3099 909 3132 977 ἢ
3169 910 3333 973 ἄλλας
3367 916 3519 979 τινὰς
3549 917 3809 986 δαπανη-

2216 986 2315 1056 ρὰς
2355 987 2387 1058 ἢ
2435 989 2770 1062 ὑπερόγκους
2817 997 3262 1068 οἰκοδομημάτων
3311 1006 3699 1071 κατασκευάς.
3743 1009 3808 1058 Οί

2214 1078 2305 1129 ἐπὶ
2331 1077 2540 1145 τούτοις
2576 1084 2978 1154 ἐπαινούμενοι,
3011 1090 3110 1141 οὐκ
3142 1090 3198 1141 ἐν
3235 1092 3424 1162 Κυρίῳ
3465 1096 3579 1168 (66)
3608 1098 3807 1168 έχουσι

2209 1169 2308 1262 τὴν
2337 1171 2543 1226 ἑαυτῶν
2576 1174 2773 1245 ψυχήν.
2817 1177 3002 1248 Ἀρκεῖ
3031 1183 3162 1251 ἡμῖν
3209 1183 3345 1251 πρὸς
3393 1184 3538 1240 ἅπαν
3575 1191 3808 1262 ἀξίωμα

2211 1261 2270 1312 τὸ
2316 1261 2633 1332 τηλικούτου
2679 1267 2950 1321 Δεσπότου
2983 1270 3198 1335 δούλους
3233 1275 3378 1344 ἡμᾶς
3404 1261 3800 1345 ὀνομάζεσθαι.

2211 1353 2282 1406 Οὐ
2310 1353 2478 1424 δήπου
2507 1358 2614 1430 γὰρ
2645 1358 2853 1429 βασιλεῖ
2895 1362 2992 1431 μέν
3027 1381 3109 1426 τις
3140 1366 3425 1436 ὑπηρετῶν
3463 1368 3610 1437 μέγα
3657 1391 3802 1444 φρο-

2211 1449 2381 1519 νήσει,
2418 1450 2504 1504 διὰ
2537 1454 2598 1505 τὸ
2650 1457 2708 1507 ἐν
2753 1457 2877 1526 τῇδε
2920 1459 2984 1528 τῇ
3029 1458 3179 1524 τάξει
3214 1461 3312 1528 τῆς
3349 1462 3660 1532 ὑπηρεσίας
3703 1485 3798 1519 τε·

2208 1540 2434 1611 τάχΘαι·
2470 1543 2589 1614 Θεῴ
2632 1545 2688 1597 δὲ
2734 1549 3088 1614 καταξιωοεὶς
3134 1550 3434 1622 λατρεύειν,
3488 1553 3798 1624 ἀλλαχόθεν

2207 1635 2331 1696 τοὺς
2378 1635 2630 1699 ἐπαίνους
2663 1639 2838 1710 ἐαυτῷ
2874 1644 3214 1714 περινοὴσει,
3263 1645 3337 1707 ὡς
3369 1646 3470 1698 οὑκ
3506 1648 3800 1720 ἀκούσης

2208 1724 2356 1794 αὐτῷ
2384 1725 2483 1796 τῆς
2509 1728 2848 1800 ἐπικλήσεως
2877 1733 2968 1784 τοῦ
3006 1735 3207 1805 Κυρίου
3239 1737 3373 1809 πρὸς
3406 1741 3586 1792 πᾶσαν
3631 1741 3800 1813 δόξης

535 1803 975 1873 Quandoquidem
1016 1803 1132 1859 sine
1172 1805 1390 1874 proelio,
1435 1806 1626 1874 inquit,
1677 1822 1742 1861 ex
1787 1808 1898 1862 sola
1950 1808 2103 1866 faciei

2208 1819 2298 1870 καὶ
2324 1820 2676 1889 περιφανείας
2707 1823 3038 1895 ὑπερϐολήν;
3075 1801 3176 1882 Ἔν
3199 1801 3495 1900 τᾷίΚυρίῳ
3514 1829 3609 1886 οὖν
3630 1801 3800 1888 éz-a'e:

534 1896 910 1951 immutatione
964 1897 1198 1952 inimicis
1245 1913 1338 1966 per
1383 1896 1476 1951 Dei
1527 1899 1787 1952 auxilium
1829 1901 2103 1972 deceptis,

536 1987 665 2046 mihi
695 1998 845 2060 parta
877 1991 1022 2044 salus
1045 2000 1128 2044 est
1154 2007 1166 2041 :
1201 1990 1429 2044 Audiant
1461 1993 1744 2059 mansueti,
1797 1991 1913 2049 ﬁeri
1944 2011 2102 2065 posse

534 2091 591 2135 ut
621 2091 669 2136 et
698 2082 1036 2153 quiescentes
1076 2081 1287 2152 erigant
1322 2090 1602 2152 tropaeum,
1646 2095 1701 2139 et
1746 2087 1968 2140 minime
2004 2104 2104 2157 pu-

535 2184 785 2243 gnantes,
815 2175 1048 2228 victores
1072 2175 1450 2229 declarentur:
1480 2177 1547 2230 Et
1571 2179 1833 2242 laetentur,
1868 2179 1931 2231 ad
1961 2194 2103 2232 man-

531 2265 869 2317 suetudinem
898 2265 1328 2331 amplectendam
1359 2282 1476 2318 meo
1502 2266 1748 2332 exemplo
1773 2267 2098 2321 conﬁrmati.

532 2357 647 2410 Hoc
673 2356 817 2409 enim
849 2356 1029 2424 accepi
1067 2357 1306 2409 muneris
1335 2372 1364 2407 a
1399 2357 1524 2415 Deo.
1553 2357 1696 2423 quod
1729 2361 2100 2412 mansuetudi-

534 2463 656 2501 nem
712 2446 946 2516 implevi.
999 2444 1280 2510 Memento,
1335 2445 1577 2510 Domine,
1604 2447 1792 2510 David,
1833 2458 1881 2501 et
1928 2450 2098 2504 omnis

530 2540 949 2593 mansuetudinis
973 2541 1086 2609 ejus
1110 2539 1178 2597 “.
1211 2539 1440 2594 Maxima
1465 2541 1607 2594 enim
1638 2542 1916 2609 virtutum,
1949 2558 2101 2596 man-

529 2634 759 2686 suetudo
794 2643 895 2696 est,
925 2643 1255 2701 quapropter
1287 2643 1340 2685 et
1367 2633 1506 2686 inter
1538 2634 1896 2689 bcatitudines
1928 2635 2100 2689 adnu-

528 2731 786 2773 meratur.
813 2720 962 2773 Beati
991 2724 1151 2783 enim,
1183 2723 1826 2791 inquit.mites,quoniant
1855 2725 1954 2792 ipsi
1977 2741 2097 2792 pos-

523 2809 764 2863 sidebunt
801 2821 995 2863 terram
1023 2811 1090 2863 ".
1126 2811 1258 2864 Nam
1303 2824 1442 2864 terra
1483 2811 1602 2875 illa,
1650 2814 1890 2865 cmlestis
1936 2813 2093 2866 Jeru-

525 2900 714 2964 salem,
749 2901 975 2970 Spolium
1029 2915 1132 2954 non
1165 2911 1245 2954 est
1279 2900 1629 2970 pugnantium
1663 2915 1678 2953 :
1713 2902 1805 2954 sed
1850 2903 2060 2969 aequani

524 3009 735 3047 morum
770 3010 834 3048 ac
865 3007 1266 3051 mansuelorum
1298 2998 1540 3051 virorum
1574 2995 1860 3050 hereditas
1891 3011 2092 3066 propo-

2207 1910 2524 1978 νεθήσεται
2557 1912 2595 1979 ή
2642 1915 2811 1983 ψυχή
2859 1934 2996 1984 μου.
3055 1921 3507 1977 Ἀκουσάτωσαν
3549 1928 3795 1993 πραεῖς,

2214 2005 2312 2058 καὶ
2345 2005 2871 2073 εὐφρανθήτωσαν.
2931 2009 3145 2080 Ἐπειδὴ
3180 2014 3305 2066 ἄνευ
3338 2016 3596 2086 πολέμου,
3630 2020 3795 2086 φησὶ,

2215 2097 2546 2169 κατωρθώοη
2592 2116 2680 2169 μοι
2709 2099 2818 2172 (67)
2856 2103 2887 2172 ὴ
2925 2103 3166 2172 σωτηρία
3208 2107 3271 2158 ἐκ
3301 2109 3467 2180 μόνης
3509 2110 3610 2178 τῆς
3645 2111 3796 2163 κατὰ

2207 2187 2498 2256 πρόσωπον
2534 2191 2889 2257 ἀλλοιώσεως,
2925 2194 3012 2246 διὰ
3052 2194 3149 2264 τῆς
3182 2196 3272 2248 τοῦ
3303 2199 3437 2251 Θεοῦ
3481 2201 3792 2268 συνεργίας

2204 2275 2592 2348 άπατηθέντων
2617 2280 2724 2332 τῶν
2748 2282 3039 2351 πολεμίων·
3077 2285 3527 2340 Ἀκουσὰτωσαν
3549 2290 3792 2354 πραεῖς,

2202 2368 2283 2420 ὅτι
2309 2368 2534 2422 δυνατὸν
2573 2373 2664 2424 καὶ
2709 2373 3078 2442 ἡσυχάζοντας
3123 2379 3333 2450 ἐγεῖραι
3372 2381 3657 2449 τρόπαιον,
3693 2384 3794 2436 καὶ

2206 2462 2280 2530 μὴ
2317 2461 2656 2530 μαχομένους
2696 2465 2921 2533 νικητάς
2950 2467 3357 2539 ἀποφανθῆναι·
3389 2469 3497 2522 Kal
3522 2474 3792 2539 εὐφραν-

2202 2549 2498 2615 θήτωσαν,
2545 2551 2919 2622 βεϐαιούμενοι
2951 2558 3029 2618 είς
3073 2558 3170 2626 τὴν
3220 2559 3499 2629 πραότητα
3530 2560 3611 2630 τῷ
3661 2562 3790 2614 κατ’

2201 2641 2300 2709 ἐμὲ
2353 2642 2728 2714 ὑποδείγματι.
2779 2644 3010 2697 Ἐλαόον
3054 2645 3162 2718 γάρ
3209 2649 3415 2717 ταύτην
3465 2651 3562 2721 τὴν
3619 2652 3792 2725 χάριν

2201 2732 2352 2803 παρὰ
2379 2733 2511 2786 Θεοῦ
2537 2776 2551 2800 ,
2583 2735 2771 2807 ἐπειδὴ
2807 2736 3140 2809 κατώρθωσα
3165 2738 3264 2808 τὴν
3293 2740 3598 2811 πραότητα.
3624 2745 3793 2810 Mra?-

2199 2825 2392 2889 σθητι,
2418 2829 2613 2892 Κύριε,
2634 2830 2739 2881 τοῦ
2766 2831 2940 2883 Δαϐὶδ
2961 2831 3058 2883 καὶ
3088 2831 3290 2900 πάσης
3305 2833 3415 2901 τῆς
3444 2837 3790 2902 πραότητος

2197 2915 2402 2968 αὐτοῦ.
2457 2919 2702 2989 Μεγίστη
2753 2922 2861 2990 γὰρ
2897 2921 3003 2972 τῶν
3043 2923 3248 2992 ἀρετῶν
3295 2928 3327 2996 ὴ
3370 2928 3648 2996 πραότης·
3703 2928 3790 2980 διὸ

2198 3008 2290 3060 καὶ
2322 3011 2432 3071 τοῖς
2461 3016 2829 3081 μακαρισμοῖς
2857 3016 3288 3080 ἐγκατείλεκται.
3322 3017 3608 3084 Μακάριοι
3643 3019 3785 3086 γὰρ,

525 3086 691 3140 nitur.
723 3087 864 3140 Idem
898 3099 1078 3141 autem
1106 3089 1248 3141 valet
1275 3088 1397 3153 hoc,
1433 3087 1665 3140 Audiaut
1703 3089 1985 3151 mansueti,
2015 3097 2095 3140 al-

527 3195 624 3201 __--
656 3181 782 3201 2IL--I
847 3181 1062 3201 Ληουῖ-..
1097 3179 1284 3201 Pl,,_.'_.f
1324 3181 1562 3201 J,‘_,_'____l_'
1611 3180 1878 3201 D__.a___2-
1914 3191 1996 3201 -..ι
2019 3197 2085 3201 __-.

2206 3100 2382 3170 φησὶν,
2419 3104 2470 3154 οὶ
2502 3101 2727 3167 πραεῖς,
2760 3103 2845 3154 ὅτι
2885 3106 3053 3157 αὐτοὶ
3098 3107 3630 3174 κληρονομήσουσι
3667 3109 3789 3176 τὴν

522 3195 629 3249 que
656 3181 805 3244 illud,
833 3181 1062 3233 Audiam
1091 3179 1284 3234 Christi
1314 3181 1582 3248 discipuli.
1610 3180 1881 3236 Fortassis
1911 3191 2089 3234 autem

525 3274 836 3341 praphctice
883 3274 994 3326 vult
1047 3273 1362 3326 miraculum
1407 3273 1652 3326 beneﬁcii
1694 3288 1722 3323 a
1773 3272 1881 3325 Deo
1932 3273 1986 3324 in
2030 3286 2090 3325 se

522 3364 702 3417 collati
748 3364 814 3417 ad
842 3377 940 3416 nos
974 3379 1142 3432 usque
1177 3363 1479 3432 pervenire.
1519 3363 1755 3416 Audiant
1801 3363 1945 3416 enim
1996 3364 2085 3429 qni

520 3455 706 3510 multis
752 3465 874 3525 post
933 3455 1377 3525 generationibus
1436 3453 1601 3510 futuri
1657 3465 1783 3510 sunt
1835 3457 2083 3526 discipuli

521 3549 742 3602 Christi.
780 3547 1058 3617 Siquidem
1106 3550 1205 3604 hos
1249 3549 1548 3603 nominavit
1598 3559 1930 3614 mansuetos,
1975 3551 2099 3620 qui-

521 3640 617 3694 bus
667 3639 926 3694 Dominus
968 3643 1042 3694 ait
1084 3658 1097 3693 :
1153 3641 1344 3694 Discite
1374 3659 1403 3693 a
1449 3657 1529 3695 me
1562 3643 1690 3709 quia
1725 3642 1866 3695 mitis
1899 3658 2015 3695 sum
2046 3650 2096 3695 et

519 3732 730 3786 humilis
759 3734 913 3786 corde
946 3734 1011 3787 ".
1054 3733 1152 3798 Qui
1186 3732 1328 3785 enim
1385 3731 1589 3786 sedatis
1635 3740 1758 3786 sunt
1823 3732 2095 3799 moribus,

521 3835 573 3878 et
608 3825 676 3879 ab
708 3825 851 3878 omni
891 3825 1250 3878 commotione
1295 3823 1474 3888 liberi,
1509 3827 1646 3876 adeo
1678 3832 1737 3875 ut
1786 3823 1928 3876 nulla
1961 3824 2091 3877 insit

522 3917 575 3969 in
611 3932 797 3971 eorum
829 3917 1025 3972 animis
1062 3916 1416 3986 perturbatio,
1447 3917 1483 3970 ii
1512 3916 1777 3970 mansueti
1807 3916 2084 3984 appellan-

518 4015 625 4062 tur.
660 4009 997 4079 Quapropter
1027 4011 1187 4064 etiam
1230 4008 1436 4078 Moyses
1481 4023 1642 4078 supra
1678 4023 1868 4062 omnes
1911 4008 2085 4063 homi-

521 4116 617 4156 nes
657 4111 814 4155 terra:
845 4111 1158 4156 mansuetus
1186 4101 1354 4156 fuisse
1377 4102 1691 4171 perhibetur
1717 4102 1782 4155 ²⁸.

2197 3193 2332 3257 γῆν.
2364 3193 2575 3262 Ἐκείνη
2600 3194 2706 3264 γάρ
2733 3197 2763 3264 ή
2787 3198 2928 3265 γῆ,ἡ
2961 3198 3278 3267 ἐπουράνιος
3313 3198 3690 3270 Ἰερουσαλὴμ,
3719 3202 3785 3253 οὐ

2197 3283 2404 3350 γίνεται
2438 3285 2543 3336 τῶν
2579 3288 2900 3357 μαχομένων
2946 3289 3202 3360 λάφυρον,
3233 3290 3366 3344 ἀλλά
3404 3293 3784 3363 μακροθύμων

2196 3372 2289 3424 καὶ
2318 3375 2655 3442 πραῢπαθῶν
2687 3377 2893 3450 ἀνδρῶν
2925 3381 3211 3452 πρόκειται
3240 3383 3592 3455 κληρονομία.
3635 3388 3784 3438 Ἴσον

2195 3463 2249 3516 δὲ
2276 3464 2496 3520 δύναται
2519 3469 2598 3528 τὸ,
2640 3471 3091 3528 Ἄκουσάτωσαν
3115 3476 3339 3543 πραεῖς,
3363 3480 3452 3528 καὶ
3468 3477 3547 3538 τὸ,
3579 3479 3784 3531 Ἄκου-

2195 3556 2479 3611 σιὶτωσιιν
2515 3561 2624 3631 (68)
2660 3567 2711 3617 οἱ
2754 3567 3012 3634 Χριστοῦ
3039 3571 3317 3636 μαθηταί.
3368 3571 3518 3638 Τάχα
3555 3569 3612 3621 δὲ
3646 3587 3784 3641 προ-

2198 3649 2442 3718 φητικῶς
2494 3651 2738 3720 βούλεται
2776 3658 2966 3726 μέχρις
2999 3658 3154 3727 ἡμῶν
3185 3659 3434 3726 διαϐῆναι
3480 3660 3546 3711 τὸ
3587 3661 3783 3731 θαῦμα

2195 3737 2294 3805 τῆς
2329 3739 2421 3790 τοῦ
2470 3740 2604 3792 Θεοῦ
2648 3745 2725 3806 εἰς
2763 3745 2922 3796 αὑτὸν
2954 3746 3292 3815 εὐεργεσίας.
3354 3749 3781 3803 Ἀκουσάτωσαν

2195 3829 2301 3899 γὰρ
2330 3832 2378 3881 οἱ
2410 3831 2629 3894 πολλαῖς
2662 3832 2883 3906 ὕστερον
2915 3840 3129 3904 γενεαῖς
3154 3839 3480 3909 γενήσεσθαι
3511 3841 3606 3893 τοῦ
3633 3844 3778 3910 Χρι-

2198 3918 2323 3970 στοῦ
2391 3920 2628 3991 μαθηταὶ
2690 3924 2990 3992 μέλλοντες.
3055 3927 3286 3992 Τούτους
3343 3929 3453 3999 γὰρ
3518 3930 3778 4000 ὠνόμασε

2197 4013 2410 4078 πραεῖς,
2448 4008 2528 4074 οἷς
2559 4015 2588 4064 ὁ
2619 4015 2818 4085 Κύριος
2845 4016 3182 4085 διαλέγεται·
3210 4018 3437 4072 Μὰθετε
3464 4021 3565 4073 ἀπ’
3600 4022 3776 4089 ἐμοῦ,

2196 4100 2284 4154 ὅτι
2319 4106 2509 4171 πραῢς
2545 4109 2659 4176 εἰμι
2700 4109 2809 4178 t69)
2859 4111 2955 4162 καὶ
3006 4113 3284 4178 ταπεινὸς
3321 4112 3395 4180 τῇ
3434 4112 3667 4181 καρδίᾳ.
3710 4116 3778 4167 0t

517 4195 942 4264 κατεσταλμένοι
960 4195 1028 4247 τὰ
1050 4195 1153 4266 ἤθη
1179 4197 1272 4249 καὶ
1298 4195 1498 4259 παντὸς
1561 4196 1767 4259 πάθους
1824 4194 2256 4264 ἀπηλλαγμένοι,
2326 4197 2402 4259 ὡς
2452 4200 2719 4269 μηδεμίαν
2757 4202 2901 4271 ἔχειν
2943 4204 3184 4275 ταραχὴν
3234 4205 3549 4259 ἐνοικοῦσαν
3591 4208 3780 4259 αὐτῶν

518 4290 635 4350 ταις
659 4287 885 4357 ψυχαῖς,
916 4282 1057 4340 οὑτοι
1090 4290 1282 4358 πραεῖς
1315 4288 1834 4359 προσαγορεύονται.
1903 4287 1993 4341 Διὸ
2027 4289 2120 4340 καὶ
2159 4289 2397 4362 Μωῦσῆς
2451 4295 2866 4366 μεμαρτύρηται
2919 4297 3098 4367 πραῢς
3171 4293 3309 4351 εἶναι
3363 4301 3513 4370 παρὰ
3561 4301 3777 4363 πάντας

520 4375 836 4447 ἀνθρώπρυς
863 4379 955 4430 ἐπὶ
981 4377 1078 4453 τῇς
1102 4378 1227 4448 γῆς.

589 4471 642 4523 5.
689 4470 848 4524 Vsus.
893 4469 946 4524 4.
985 4470 1326 4538 Magniﬁcate
1359 4469 1641 4523 Dominum
1685 4487 1909 4524 mecum.
1939 4471 2086 4525 Con-

2261 4472 2314 4523 3.
2361 4475 2742 4540 Μεγίιλύνατε
2772 4475 2881 4527 τὸν
2903 4477 3119 4543 Κύριον
3149 4478 3270 4531 σὺν
3299 4479 3448 4548 ἐμοί.
3482 4481 3780 4551 Πρέποντα

519 4561 820 4615 venientem
850 4562 952 4615 sibi
977 4562 1201 4615 chorum
1238 4561 1303 4616 ad
1337 4562 1620 4616 Dominum
1663 4562 2070 4633 glorificaudum

588 4749 635 4779 "
669 4746 808 4802 Psal.
875 4763 1054 4809 cxxxt,
1109 4747 1160 4804 l.

589 4904 704 4973 (65)
725 4904 896 4976 Etlitio
920 4901 1082 4956 Basil.
1111 4919 1231 4955 cum
1262 4904 1413 4976 Colb.
1448 4907 1606 4958 terlio
1641 4907 1704 4959 αἰ.
1731 4907 1786 4958 ἐν
1812 4906 1959 4976 μέσῳ
1986 4905 2074 4957 τέ-

517 4991 660 5046 χναι.
689 4975 787 5026 Alii
821 4975 1002 5046 decem
1047 4989 1176 5046 mss.
1222 4985 1274 5046 et
1306 4975 1507 5046 Catena
1548 4977 1771 5029 Corder.
1811 4978 1865 5028 αἱ
1916 4976 2074 5046 μέσαι

516 5043 703 5114 τέχναι
725 5063 736 5096 :
761 5057 879 5114 quae
905 5044 1092 5114 eadem
1121 5043 1274 5114 lectio
1306 5043 1499 5114 legitur
1523 5060 1735 5112 quoque
1759 5049 1809 5098 in
1839 5043 2077 5114 margine

518 5112 667 5168 non»
705 5113 868 5166 tertii.
906 5112 1010 5165 Sed
1053 5127 1171 5164 cum
1203 5113 1346 5183 illud.
1379 5113 1587 5183 τέχναι,
1620 5131 1724 5168 non
1760 5112 2078 5183 probaretur

517 5184 732 5246 Ducam,
755 5198 821 5237 ex
842 5197 907 5235 eo
933 5182 1453 5251 csxv‘icatell'ecit,et
1475 5186 1544 5235 ita
1580 5186 1630 5236 in
1649 5182 1881 5239 editione
1908 5185 2074 5238 Paris.

517 5254 778 5308 edendum
813 5254 1039 5305 curavit.
1095 5251 1201 5306 Nos
1249 5267 1375 5306 vero
1423 5253 1744 5320 scripturam
1777 5270 1918 5315 eam,
1959 5271 2075 5321 quae

517 5333 598 5377 tot
631 5324 880 5377 librorum
915 5324 1236 5377 auctoritate
1264 5323 1697 5385 confirmaretur,
1742 5327 2071 5377 retinendam

516 5408 637 5447 esse
669 5393 1046 5462 judicavimus.
1075 5391 1184 5446 Nec
1212 5393 1535 5462 (loutlielisio
1569 5408 1783 5461 quoque
1815 5393 2073 5448 Ducmaua

515 5461 822 5516 emettdatio
854 5464 1020 5530 magis
1039 5462 1256 5529 placuit.
1284 5461 1570 5530 Postquam
1604 5465 1745 5516 enim
1769 5466 1816 5516 iu
1845 5465 2072 5516 medium

515 5533 739 5598 protulit
767 5533 955 5588 multa.
994 5532 1188 5599 quibus
1231 5533 1362 5585 falsa
1393 5533 1477 5584 illa
1512 5534 1778 5600 scriptura
1810 5535 2069 5587 inlirmari

515 5603 702 5667 possit,
737 5612 916 5656 notam
941 5617 1089 5654 suam
1117 5603 1386 5656 concludit
1410 5605 1492 5656 his
1516 5605 1724 5656 verbis:
1757 5602 1905 5656 Nihil
1928 5621 2069 5670 ergo,

516 5672 708 5738 inquit,
742 5673 960 5724 uiolente
993 5675 1054 5723 ab
1087 5674 1285 5725 artibus
1327 5673 1395 5725 ad
1426 5673 1654 5741 artiﬁces
1686 5678 1871 5726 transit
1917 5672 2072 5727 Bast-

514 5742 639 5805 lius,
675 5741 764 5796 sed
802 5743 947 5795 docte
979 5758 1039 5794 ac
1076 5742 1343 5797 rhetorice.
1380 5743 1499 5800 Mox
1528 5760 1658 5799 mss.
1695 5745 1901 5813 aliqth
1936 5744 2070 5812 ἢία-

2185 4563 2362 4633 ἑαυτῷ
2395 4564 2550 4635 χορὸν
2580 4567 2658 4628 εἰς
2695 4567 3002 4636 δοξολογίαν
3037 4569 3126 4622 τοῦ
3170 4571 3376 4641 Κυρίου
3407 4573 3780 4644 παραλαμϐά-

1235 4751 1280 4779 ¹⁶
1323 4748 1506 4802 Matth.
1561 4765 1614 4812 v,
1672 4749 1724 4802 4.
1801 4751 1843 4779 ’⁷
1881 4749 2066 4803 Matth.
2095 4747 2281 4814 XI,‘29.
2358 4749 2402 4778 ’⁸
2443 4747 2598 4802 Num.
2630 4751 2807 4814 xtt,3.

2180 4911 2353 4977 τροιῄ
2388 4920 2632 4977 ρητορες.

2259 4975 2367 5044 (66)
2410 4977 2484 5028 Ita
2524 4975 2741 5044 septem
2795 4993 2924 5032 mss.
2959 4976 3065 5032 Nec
3114 4979 3267 5032 aliter
3317 4979 3509 5047 legisse
3557 4982 3778 5035 videtur

2185 5047 2473 5112 interpres,
2507 5048 2596 5107 qui
2642 5050 2904 5101 verterit:
2935 5049 2987 5100 in
3030 5049 3274 5102 Domino.
3314 5052 3449 5101 Edlti
3484 5067 3603 5102 cum
3637 5052 3773 5113 Heg.

2183 5125 2376 5189 quarto
2420 5116 2477 5189 ἐν
2524 5118 2764 5189 Χριστῷ.
2805 5117 2896 5189 llic
2943 5135 3036 5183 pro
3069 5119 3247 5188 ψυχήν
3285 5122 3590 5184 suspicatur
3611 5122 3776 5174 (Σουη-

2187 5185 2408 5238 belisius
2445 5185 2726 5254 legendum
2770 5188 3056 5256 καύχησιν,
3085 5185 3427 5242 ὶδιίἱάῖνεσιν
3465 5211 3475 5242 :
3515 5192 3608 5243 sed
3659 5194 3776 5256 ejus

2183 5257 2548 5314 coniecturam
2588 5259 2759 5311 codex
2794 5260 2967 5310 nullus
2990 5269 3189 5311 tuetur.

2257 5325 2368 5398 (67)
2405 5323 2655 5398 Nonnulli
2682 5344 2808 5381 mss.
2832 5327 3168 5398 κατωρθώθη
3199 5345 3320 5397 μου.
3348 5328 3444 5380 Alii
3490 5345 3621 5381 mss.
3652 5346 3775 5380 run

2183 5395 2338 5467 editis
2370 5396 2702 5467 κατωρθώθη
2737 5415 2841 5467 μοι.

2256 5464 2365 5533 (68)
2415 5464 2490 5518 Ita
2523 5464 2650 5519 inss.
2677 5464 2815 5519 0.71...
2851 5468 2989 5521 Edili
3027 5484 3154 5518 νυνι)
3181 5468 3402 5520 δύναται.
3437 5468 3530 5537 τῷ,
3569 5469 3771 5520 ’Λκουο

2185 5535 2433 5587 σάτωσαν
2477 5539 2668 5606 πραεῖς
2704 5540 2798 5590 καὶ
2844 5539 3326 5608 εὔφρανῦήτωσαν,
3367 5539 3447 5602 τὸ,
3486 5535 3776 5593 ⁷Ἀκούσα-

2181 5623 2382 5659 τωσαν.

2252 5676 2362 5746 (ϋ9)
2392 5676 2635 5732 Nonnulli
2670 5695 2796 5735 mss.
2825 5680 2905 5733 ὅτι
2929 5679 3101 5750 πρᾶός
3135 5679 3272 5748 ειμι.
