4016 6464
212 399 318 452 557

1340 395 1622 449 ΗΟΜΙΙᾸΑ
1664 394 1727 448 IN
1770 394 2099 451 PSALMUM
2138 393 2376 449 XXXIII.

3348 388 3453 447 358

213 536 312 571 νει.
338 517 538 587 Μηδεὶς
562 516 895 589 ταραχώδης,
926 516 1059 586 μηδὲ
1084 515 1535 586 τεθορυϐημένος,
1568 516 1702 586 μηδὲ
1725 518 1787 568 ὲκ

1898 519 2144 571 assumit.
2185 516 2352 570 Nemo
2384 511 2745 578 turbulentus,
2775 526 2933 566 nemo
2959 509 3329 582 perturbatus,
3355 523 3455 563 nec

218 609 322 661 τῶν
351 607 536 660 παθῶν
565 608 659 677 τῆς
695 606 893 677 σαρκὸς
926 608 1023 675 τὴν
1055 607 1230 677 ψυχὴν
1278 607 1623 677 παροιστρῶν
1668 607 1780 676 (70)

214 700 640 767 ὲγκαταμιγήτω
673 714 778 767 μοι’
810 698 924 750 ἀλλ’
955 699 1110 767 ὑμεῖς
1125 700 1175 750 οἱ
1200 702 1419 769 πραεῖς,
1450 700 1500 751 οἱ
1532 700 1591 751 τὸ
1624 699 1779 768 βεϐη-

214 792 312 855 κὸς
353 792 446 843 καὶ
490 790 744 853 εὐπαθὲς
786 792 884 860 τῆς
925 790 1102 859 ψυχῆς
1144 791 1586 861 κατωρθωκότες,
1628 791 1689 843 τὸ
1727 792 1783 843 δὲ

215 882 421 952 νωθρὸν
457 883 548 935 καὶ
582 882 819 944 ὑπνῶδες
848 882 980 950 πρὸς
1005 882 1101 944 τὰς
1126 881 1231 934 τῶν
1262 881 1608 951 καθηκόντων
1638 886 1787 953 ἐνερ-

216 975 370 1040 γείας
416 974 807 1043 άποσειόμενοι,
865 974 1022 1041 ὑμεῖς
1080 972 1410 1042 μεγαλύνατε
1460 974 1549 1026 τὸν
1583 974 1789 1043 Κύριον

222 1066 317 1116 σὺν
346 1066 485 1134 ἐμοί.
512 1064 815 1133 Μεγαλύνει
840 1064 895 1115 δὲ
924 1064 1013 1116 τὸν
1054 1064 1258 1133 Κύριον
1288 1065 1314 1115 ὁ
1343 1064 1549 1135 μεγάλῃ
1579 1065 1787 1135 διανοίᾳ

218 1158 316 1209 κα).
347 1158 535 1227 ταύρῳ
581 1158 655 1227 τῷ
689 1158 993 1226 φρονήματι
1032 1158 1126 1209 καὶ
1160 1156 1452 1226 ἐπηρμένῳ
1489 1159 1613 1219 τοὺς
1645 1158 1786 1227 ὑπὲρ

217 1246 319 1315 τῆς
363 1246 639 1307 εὐσεϐείας
689 1246 1030 1315 πειρασμοὺς
1081 1244 1385 1314 ὑπομένων.
1452 1246 1681 1298 Ἔπειτα
1728 1246 1786 1298 δὲ

218 1339 315 1389 καὶ
346 1340 374 1389 ό
403 1336 609 1406 μεγάλῃ
642 1338 706 1407 τῇ
740 1335 945 1407 διανοίᾳ
977 1336 1067 1389 καὶ
1113 1337 1429 1407 θεωρήμασι
1471 1336 1788 1405 βαθυτάτοις

219 1430 288 1481 τὰ
322 1428 521 1499 μεγέθη
553 1428 649 1497 τῆς
679 1429 904 1491 κτίσεως
931 1428 1197 1499 καθορῶν,
1234 1429 1299 1480 ἵν’
1326 1432 1389 1481 ὲκ
1410 1429 1501 1481 τοῦ
1531 1429 1789 1499 μεγέθους

220 1522 315 1573 καὶ
362 1521 457 1591 τῆς
508 1521 769 1592 καλλονῆς
816 1520 922 1572 τῶν
976 1522 1289 1590 κτισμάτων
1338 1521 1427 1573 τὸν
1477 1539 1788 1593 γενεσιουρ-

219 1613 315 1682 γδν
351 1612 459 1681 (7i)
504 1614 678 1667 αὐτῶν
718 1614 989 1683 θεωρήσῃ.
1030 1614 1177 1684 Ὅσῳ
1215 1614 1321 1686 γάρ
1364 1632 1445 1676 τις
1478 1617 1569 1667 ἐπὶ
1608 1616 1789 1669 πλεῖον

218 1703 513 1773 ὲμὸαθύνει
557 1708 667 1767 τοῖς
700 1704 876 1771 λόγοις
915 1703 1036 1756 καθ’
1076 1704 1168 1767 οὓς
1210 1704 1496 1773 γεγένηται
1536 1704 1603 1756 τὰ
1640 1704 1787 1763 ὅντα,

221 1795 316 1846 καὶ
354 1796 472 1848 καθ’
518 1796 608 1859 οὓς
651 1798 1013 1866 οἰκονομεῖται
1037 1838 1049 1861 ,
1082 1795 1318 1864 τοσούτῳ
1368 1794 1565 1864 μᾶλλον
1598 1794 1792 1864 θεωρεῖ

1890 610 2177 677 quisquam
2220 607 2309 676 qtti
2357 619 2678 659 carnearum
2718 602 3059 658 aﬂ'ectionunt
3090 611 3259 657 (nstro
3287 606 3454 656 exsti-

1898 700 2067 753 mulet
2092 698 2351 758 animam,
2384 698 2513 750 mihi
2546 698 2874 766 arljungatur
2899 714 2911 747 ι
2943 695 3037 749 sed
3067 708 3163 748 vos
3193 695 3459 747 mansueti

1894 790 1985 857 qui
2008 789 2355 843 stabilitatem
2380 788 2802 853 ﬁrmitatemque
2826 784 2993 839 aulmi
3011 784 3284 839 consecuti
3304 784 3462 848 estis,

1893 884 2193 940 socordiam
2222 895 2404 936 autem
2442 897 2507 935 ac
2541 895 2788 950 soporem
2817 881 2884 932 ad
2910 877 3085 933 oﬁicia
3115 877 3457 947 exsequenda

1893 976 2233 1039 excussistis,
2273 989 2368 1027 vos
2396 972 2736 1043 maguiﬁcate
2763 970 3047 1024 Dominum
3074 984 3305 1024 mecum.
3342 968 3459 1022 Ma-

1896 1069 2116 1138 gniﬁcat
2143 1078 2321 1121 autem
2355 1066 2636 1120 Dominum
2675 1064 2754 1125 is,
2798 1062 2887 1130 qui
2924 1078 3117 1131 magna
3156 1071 3370 1125 mente,
3410 1071 3464 1115 et

1894 1158 2037 1212 elato
2064 1172 2127 1210 ac
2151 1166 2337 1210 erecto
2364 1155 2557 1223 spiritu
2585 1154 2910 1207 tentatioues
2947 1167 3042 1218 pro
3071 1152 3273 1220 pietate
3299 1151 3466 1206 susti-

1895 1259 2006 1303 net.
2043 1247 2242 1302 Deinde
2268 1246 2454 1310 etiam,
2490 1245 2581 1312 qui
2614 1258 2810 1313 magno
2843 1242 3023 1295 animo
3061 1250 3116 1295 et
3145 1242 3462 1311 profundis-

1895 1341 2051 1397 simis
2101 1336 2648 1406 contemplationibus
2708 1333 3107 1405 magnitudines
3172 1333 3468 1389 creatiouis

1896 1430 2225 1493 considerat,
2258 1438 2313 1480 ut
2350 1442 2415 1480 ex
2449 1424 2816 1494 magnitudine
2849 1433 3225 1478 creaturarum
3268 1432 3323 1478 et
3348 1424 3468 1493 pul-

1899 1522 2205 1577 cltritudine
2253 1530 2406 1573 ortus
2475 1533 2661 1572 earum
2711 1527 2991 1571 auctorem
3044 1516 3465 1585 contempletur.

1899 1618 2111 1685 Quanto
2154 1617 2299 1671 enim
2335 1616 2455 1684 quis
2498 1615 2660 1670 altius
2700 1623 2946 1681 penetrat
2976 1613 3238 1678 rationes,
3271 1612 3469 1681 quibus

1899 1714 2112 1768 condita
2144 1721 2267 1765 sttnt
2290 1724 2354 1762 ac
2383 1720 2643 1777 reguntur
2666 1707 2936 1771 universa,
2964 1715 3114 1761 tanto
3145 1706 3317 1775 magis
3353 1707 3464 1761 υοο

1904 1805 2034 1859 mini
2074 1801 2525 1871 magniﬁcentiam
2556 1799 2889 1869 speculatur,
2930 1809 2984 1852 et
3020 1805 3282 1867 quantum
3315 1796 3368 1849 in
3409 1809 3470 1850 se

219 1886 318 1955 τὴν
366 1888 834 1959 μεγαλοπρέπειαν
881 1888 971 1940 τοῦ
1017 1886 1253 1956 Κυρίου,
1298 1888 1391 1939 καὶ
1428 1886 1488 1938 τὸ
1538 1886 1658 1938 ὅσον
1707 1886 1791 1954 ἐφ’

1898 1907 1999 1961 est,
2026 1896 2311 1950 Dumiuum
2338 1892 2664 1962 magniﬁcat.
2690 1893 2955 1960 Quoniam
2979 1894 3261 1961 igituruna
3284 1903 3458 1954 mens.

220 1978 433 2047 ἑαυτῷ,
484 1979 771 2050 μεγαλύνει
806 1980 893 2031 τὸν
952 1978 1171 2047 Κύριον.
1228 1979 1380 2031 Ἐπεὶ
1410 1975 1500 2031 οὖν
1548 1973 1627 2041 εἷς
1671 1978 1792 2040 νοῦς

218 2069 314 2121 καὶ
342 2070 458 2132 ένὸς
500 2071 690 2140 ἀνδρὸς
724 2069 951 2140 μελέτη,
982 2068 1101 2122 οὐδὲ
1144 2069 1279 2140 πρὸς
1314 2071 1486 2141 βραχὺ
1532 2070 1797 2140 αύταρκεῖ

218 2162 357 2231 πρὸς
378 2161 473 2232 τὴν
502 2162 609 2214 τῶν
641 2161 939 2231 μεγαλείων
960 2161 1052 2213 τοῦ
1078 2161 1211 2214 Θεοῦ
1240 2162 1561 2232 κατάληψιν,
1592 2163 1796 2225 πάντας

221 2252 356 2322 ὁμοῦ
388 2255 510 2316 τοὺς
537 2254 727 2323 πραεῖς
750 2254 829 2315 εἰς
857 2253 954 2324 τὴν
980 2254 1263 2307 κοινωνίαν
1288 2254 1492 2323 ταύτης
1518 2254 1617 2324 τῆς
1646 2257 1798 2325 ἐνερ-

220 2345 376 2411 γείας
421 2346 854 2416 παραλαμϐάνει.
907 2349 997 2400 Δεῖ
1028 2347 1135 2417 γὰρ
1186 2348 1363 2401 πᾶσαν
1418 2347 1611 2419 σχολὴν
1644 2348 1795 2416 ἄγειν

218 2438 329 2489 ἀπὸ
362 2436 601 2505 θορύϐων
636 2438 742 2489 τῶν
772 2438 991 2504 ἔξωθεν,
1026 2440 1119 2491 καὶ⁸
1160 2443 1338 2493 πᾶσαν
1371 2442 1600 2510 ἡσυχίαν
1632 2443 1690 2495 ὲν
1719 2440 1796 2511 τῷ

221 2528 449 2598 κρυπτῷ
476 2529 574 2599 τῆς
605 2530 828 2601 καρδίας
867 2532 1231 2601 βουλευτηρίῳ
1267 2534 1593 2602 ποιήσαντα,
1627 2532 1796 2597 οὕτως

220 2620 531 2673 ἐπιϐάλλειν
578 2625 642 2692 τῇ
705 2622 904 2694 θεωρίᾳ
944 2624 1042 2693 τῆς
1088 2622 1367 2693 ἀληθείας.
1410 2624 1653 2688 Ἀκούεις
1703 2625 1795 2677 τοῦ

224 2712 712 2785 ἐξομολογουμένου
760 2718 857 2787 τὴν
907 2717 1200 2787 ἁμαρτίαν,
1250 2717 1301 2769 τί
1358 2734 1559 2786 φησιν;
1628 2719 1794 2771 Ἔτα-

212 2804 412 2873 ράχθη
457 2807 573 2859 ἀπὸ
613 2810 799 2875 θυμοῦ
842 2810 873 2860 ὁ
916 2809 1221 2877 ὀφθαλμός
1254 2827 1393 2877 μου.
1426 2809 1500 2860 Οὐ
1547 2808 1703 2876 μόνον
1739 2809 1797 2861 δὲ

224 2897 415 2967 θυμὸς,
453 2898 585 2950 ἀλλὰ
628 2901 720 2951 καὶ
772 2899 1051 2969 ἐπιθυμία,
1108 2902 1198 2952 καὶ
1245 2900 1435 2958 δειλία.
1480 2899 1573 2951 καὶ
1606 2899 1797 2968 φθόνος

224 2988 499 3057 ὀφθαλμὸν
528 2989 705 3058 ψυχῆς
741 2990 1068 3058 ὲκταράσσει
1088 3006 1100 3018 ο
1135 2991 1227 3041 καὶ
1260 2989 1592 3053 ἁπαξαπλῶς
1623 2992 1797 3045 πάντα

222 3083 291 3133 τὰ
322 3082 467 3150 πάθη
500 3082 798 3151 συγχυτικὰ
830 3082 922 3133 καί
954 3082 1323 3152 ἐκταρακτικὲι
1358 3083 1449 3137 τοῦ
1491 3084 1795 3154 διορατικοῦ

222 3175 324 3242 τῆς
376 3175 551 3243 ψυχῆς
609 3177 742 3226 ἐστι.
800 3174 907 3226 Καὶ
952 3175 1023 3237 ὡς
1072 3176 1130 3228 οὐ
1179 3175 1400 3228 δυνατὸν
1444 3177 1796 3248 τεθολωμένῳ

1896 2000 1950 2044 et
1976 1987 2137 2041 unius
2173 1985 2272 2039 viri
2307 1984 2580 2039 meditatio
2612 1998 2679 2037 ne
2703 1982 2769 2036 ad
2802 1984 2967 2037 breve
3002 1983 3220 2050 quidem
3257 1990 3471 2051 tempus

1896 2079 2089 2135 suﬁicit
2132 2080 2199 2133 ad
2240 2076 2522 2148 magniﬁca
2559 2091 2724 2145 opera
2786 2075 2877 2131 Dei
2918 2074 3468 2144 comprehendenda;

1896 2188 2085 2228 omnes
2123 2170 2281 2226 simul
2325 2179 2634 2224 mansuetos
2663 2169 2729 2224 ad
2764 2167 2922 2237 hujus
2956 2166 3186 2222 actionis
3220 2168 3464 2221 societa-

1899 2276 2005 2320 tem
2040 2265 2287 2319 assumit.
2320 2262 2547 2331 Oportet
2579 2262 2724 2316 enim
2756 2262 2823 2315 ab
2868 2260 3111 2315 externis
3153 2259 3471 2314 tumultibus

1897 2358 2116 2414 omnino
2159 2354 2319 2427 146
2344 2370 2563 2417 vacare,
2594 2363 2647 2410 et
2677 2352 2823 2408 omni
2859 2354 3039 2422 quiete
3062 2352 3116 2406 in
3147 2352 3469 2407 abscondito

1898 2448 2075 2502 cordis
2104 2460 2315 2500 recessu
2340 2444 2662 2506 constituta,
2688 2450 2800 2495 tum
2828 2442 3044 2498 demum
3076 2441 3321 2497 veritatis
3345 2458 3472 2496 con-

1900 2536 2233 2607 templationi
2290 2534 2532 2589 animum
2590 2534 2844 2604 adjicere.
2899 2534 3070 2590 Audis
3121 2535 3471 2591 conﬁtentem

1898 2638 2202 2698 peccatum,
2254 2627 2384 2697 quid
2417 2626 2590 2682 dicit?
2639 2624 2901 2680 Turbatus
2946 2634 3023 2680 est
3068 2627 3134 2680 ab
3168 2627 3250 2680 ira
3290 2625 3472 2679 oculus

1900 2738 2042 2773 meus
2064 2722 2131 2773 ".
2184 2719 2299 2773 Non
2332 2728 2512 2773 autem
2546 2719 2625 2771 ira
2660 2718 2854 2782 solum,
2901 2718 2997 2774 sed
3028 2718 3469 2788 concupiscentia

1899 2813 2061 2867 etiam
2092 2821 2146 2866 et
2191 2812 2473 2876 timiditas,
2507 2821 2562 2865 et
2610 2810 2809 2864 invidia
2840 2809 3051 2864 oculum
3096 2811 3291 2863 anima
3341 2823 3472 2863 con-

1901 2904 2115 2970 turbat;
2142 2912 2197 2957 et
2223 2904 2275 2956 in
2304 2903 2636 2968 universum,
2665 2901 3055 2957 commotiones
3079 2914 3268 2956 omnes
3295 2902 3469 2956 aciem

1903 2996 2068 3050 animi
2105 3005 2268 3065 atque
2300 2996 2765 3065 pcrspicacitatem
2798 2994 3132 3050 confundunt
3162 3009 3227 3050 ac
3259 3005 3475 3064 pertur-

1903 3092 2051 3145 bant.
2081 3088 2148 3142 Et
2170 3090 2624 3156 quemadmodum
2645 3090 2756 3145 ﬁeri
2784 3104 2885 3145 non
2911 3098 3083 3157 potest
3112 3098 3171 3143 ut
3196 3098 3473 3151 accurate.

1903 3184 2057 3237 oculo
2096 3183 2307 3237 turbato
2356 3180 2832 3249 deprehendantur
2862 3181 3094 3236 visibilia
3133 3198 3148 3235 :
3189 3181 3267 3236 sic
3310 3185 3475 3237 etiam

224 3262 487 3331 ὀφθαλμῷ
515 3261 716 3333 ἀκριϐῆ
756 3261 939 3315 λαϐεῖν
969 3264 1075 3315 τῶν
1106 3266 1315 3335 ὁρατῶν
1352 3267 1449 3336 τὴν
1478 3247 1793 3336 κατάληψιν,

1907 3274 2119 3329 turbato
2152 3275 2335 3335 corde,
2370 3275 2435 3327 ad
2467 3274 2712 3328 veritatis
2738 3273 3250 3344 contemplationem
3275 3274 3477 3329 incum-

223 3355 395 3416 οὕτως
440 3355 558 3406 οὐδὲ
603 3355 943 3429 τεθολωμένῃ
978 3358 1175 3427 καρδίᾳ
1223 3361 1289 3426 τῇ
1332 3359 1654 3428 κατανοήσει
1704 3358 1800 3429 τῆς

225 3450 481 3519 ἀληθείας
530 3452 827 3505 ἐπιϐαλεῖν.
888 3453 1258 3523 Ἀναχωρῆσαι
1307 3448 1397 3503 οὖν
1442 3451 1519 3504 δεῖ
1555 3452 1661 3505 τῶν
1706 3454 1798 3506 τοῦ

226 3545 431 3614 κόσμου
472 3546 844 3617 πραγμάτων,
875 3548 968 3598 καὶ
1022 3548 1157 3617 μήτε
1205 3546 1269 3598 δι’
1308 3546 1619 3617 ὀφθαλμῶν,
1665 3550 1799 3618 μήτε

224 3638 291 3691 δι’
323 3638 494 3701 ὢτων,
530 3641 663 3709 μήτε
700 3639 764 3690 δι’
793 3638 957 3709 ἄλλης
982 3641 1125 3704 τινὸς
1160 3638 1463 3709 αἰσθήσεως
1490 3641 1799 3708 ἐπεισάγειν

225 3732 536 3803 ἀλλοτρίους
564 3734 850 3804 λογισμοὺς
886 3736 948 3802 τῇ
976 3734 1141 3803 ψυχῇ.
1179 3732 1433 3804 Θορύδων
1461 3734 1568 3804 γὰρ
1609 3736 1801 3805 άσιγή-

223 3844 333 3877 των
368 3828 458 3878 καὶ
492 3828 731 3880 στάσεων
774 3826 1143 3879 άδιαλλάκτων
1174 3826 1565 3897 άναπιμπλῶσι
1610 3827 1678 3880 τὰ
1716 3827 1800 3879 ἕν-

222 3919 309 3970 δον
338 3921 384 3969 οἱ
416 3919 508 3969 τοῦ
536 3922 874 3990 φρονήματος
908 3921 1005 3990 τῆς
1032 3920 1231 3991 σαρκὸς
1258 3920 1676 3990 ἐπανιστάμενοι
1703 3921 1799 3972 πό-

223 4009 277 4059 λε
289 4027 397 4077 μοι.
437 4010 790 4077 Ἐξεζὴτησα
820 4012 926 4063 τὸν
950 4013 1190 4079 Κύριον,
1216 4014 1313 4066 καὶ
1335 4013 1642 4081 ἐπήκουσέ
1657 4030 1795 4082 μου.

224 4098 440 4165 Ταῦτα,
472 4102 662 4170 φησιν,
697 4103 1083 4155 ἀκουσάτωσαν
1116 4107 1165 4155 οἱ
1204 4109 1417 4175 πραεῖς,
1463 4107 1543 4157 ὅτι
1584 4106 1694 4175 ἐγὼ
1741 4108 1799 4159 ὲν

222 4192 299 4262 τῷ
328 4193 503 4264 καιρῷ
528 4194 717 4265 ἐκείνῳ
742 4196 817 4265 τῷ
848 4196 1087 4266 χαλεπῷ,
1114 4196 1200 4249 ὅτε
1227 4200 1334 4260 πᾶς
1370 4199 1465 4268 μὲν
1497 4196 1664 4267 θυμὸς
1691 4198 1798 4251 τῶν

226 4284 706 4351 μνησικακούντων
751 4287 979 4339 ἐκινεῖτο
1026 4288 1136 4357 (7‘2)
1177 4291 1293 4341 κατ’
1348 4287 1501 4359 ἐμοῦ,
1548 4290 1693 4341 πᾶσα
1740 4287 1796 4339 δὲ

222 4375 345 4443 χεὶρ
375 4378 458 4426 ἐπ’
494 4377 593 4445 ἐμὲ
639 4377 937 4442 ὡπλίζετο,
971 4382 1172 4449 γυμνὸς
1221 4381 1277 4432 δὲ
1316 4380 1427 4448 ἐγὼ
1467 4382 1559 4433 καὶ
1601 4380 1797 4442 ἄοπλος

222 4464 435 4533 ἕτοιμος
476 4468 555 4528 είς
584 4468 761 4517 πᾶσαν
796 4469 979 4520 αἰκίαν
1024 4469 1311 4539 ἑξεκείμην
1342 4473 1451 4531 τοῖς
1497 4469 1793 4538 πολεμίοις,

220 4553 341 4603 τότε
370 4556 429 4605 οὐ
468 4558 764 4627 συνεχύθην
804 4560 928 4619 τοὺς
966 4559 1346 4630 διαλογισμοὺς
1374 4560 1451 4629 τῷ
1490 4561 1659 4629 φόϐῳ,
1696 4562 1793 4615 οὐκ
1827 4596 1869 4649 D

221 4642 583 4711 ἐξεκρούσθην
618 4649 679 4697 ὲκ
716 4647 813 4715 τῆς
839 4646 931 4697 τοῦ
961 4648 1094 4700 Θεοῦ
1142 4649 1347 4710 ἐννοίας
1367 4691 1380 4712 ,
1416 4649 1515 4699 οὐκ
1543 4649 1792 4717 άπέγνων

219 4732 319 4801 τῆς
346 4734 583 4800 ἐμαυτοῦ
612 4737 900 4806 σωτηρίας,
932 4737 1044 4789 ἀλλ’
1070 4738 1397 4806 ἐξεζήτησα
1423 4736 1529 4789 τὸν
1551 4739 1770 4805 Κύριον

220 4827 355 4893 Οὐχὶ
388 4823 627 4895 ἐζήτησα
676 4829 833 4896 μόνον
863 4828 1039 4897 ἁπλῆν
1078 4847 1193 4881 τινα
1239 4832 1331 4883 καὶ
1369 4830 1621 4900 χρονικὴν
1657 4830 1788 4901 πρὸς

216 4916 310 4965 τὸν
336 4915 537 4987 Κύριον
560 4916 767 4980 ὲλπίδα,
791 4920 902 4971 ἀλλ’
925 4919 1242 4991 ὲξεξήτησα.
1270 4921 1458 4974 Πλεῖον
1480 4922 1585 4991 γάρ
1606 4938 1657 4972 τι
1682 4921 1789 4990 (75)

218 5008 365 5075 δηλοί
398 5009 544 5078 παρὰ
590 5010 647 5061 τὸ
681 5008 925 5077 ζητῆσαι
972 5014 1003 5082 ὴ
1050 5012 1284 5081 ἔμφασις
1322 5012 1410 5065 τοῦ
1451 5013 1787 5079 ἑκζητῆσαι,

215 5098 291 5161 ὡς
326 5099 417 5150 καὶ
448 5102 595 5170 παρὰ
627 5103 723 5172 τὴν
750 5101 973 5172 ἔρευναν
1001 5108 1033 5175 ἡ
1068 5104 1429 5173 ὲξερεύνησις.
1474 5103 1787 5165 Ἐξέλιπον

217 5191 327 5259 γὰρ
354 5190 778 5258 ἐξερευνῶντες
818 5193 1251 5261 ἐξερευνήσας.
1295 5193 1498 5263 Πολλὴν
1545 5189 1636 5245 οὖν
1670 5211 1787 5246 τινα

219 5282 412 5352 σχολὴν
460 5284 550 5335 καὶ
586 5284 882 5355 ἀταραξίαν
937 5288 964 5338 ὁ
1016 5287 1169 5354 λόγος
1218 5285 1511 5353 παρίστησι
1558 5284 1643 5335 διὰ
1690 5285 1786 5353 τῆς

214 5372 578 5443 ὲκζητήσεως.

287 5486 334 5519 ²⁹
369 5483 589 5544 Psal.v1
643 5488 694 5543 8.
774 5492 819 5521 ³ο
861 5492 1001 5547 Psal.
1052 5509 1206 5556 mn,
1253 5495 1303 5548 7.

286 5645 399 5723 QQ)
426 5642 517 5723 §ic
548 5646 957 5723 multimss:At
980 5651 1102 5703 editi
1130 5652 1568 5723 ὲμπαροιστρῶν.

288 5716 398 5779 (71)
426 5713 615 5793 Nqstra
648 5720 810 5771 editio
844 5719 1011 5771 Paris.
1034 5713 1317 5793 operarum
1346 5713 1628 5779 oscitantis
1658 5744 1781 5793 γεν-

213 5784 525 5867 νὶεσιουργόν
566 5800 663 5855 pro
695 5784 1093 5867 yeveatoupyé‘f.
1152 5794 1315 5867 utiitt
1376 5810 1505 5850 mss.
1565 5784 1779 5867 legitur.

217 5858 409 5909 Statim
437 5857 568 5925 Reg.
604 5859 868 5914 secundus
896 5857 1148 5914 τοσοῦτον
1179 5864 1395 5931 μᾶλλον.

1903 3367 2030 3422 bere
2054 3384 2159 3421 non
2188 3381 2493 3436 possumus.
2522 3364 2787 3420 Secedere
2811 3366 2977 3436 igitur
2997 3377 3212 3433 oportet
3231 3380 3263 3419 a
3290 3367 3473 3420 mundi

1904 3461 2085 3522 rebus,
2116 3470 2167 3512 et
2200 3474 2373 3528 neque
2404 3474 2498 3527 per
2523 3457 2730 3519 oculos,
2760 3473 2933 3526 neque
2962 3473 3058 3524 per
3089 3473 3269 3520 aures,
3298 3472 3478 3527 neque

1902 3564 1996 3617 per
2026 3548 2190 3601 alium
2216 3548 2378 3601 ullum
2409 3560 2628 3599 sensum
2658 3546 3024 3615 cogitationes
3046 3547 3251 3601 alienas
3273 3547 3326 3601 in
3358 3548 3478 3601 aui-

1904 3657 2043 3695 mam
2072 3640 2438 3695 introducere.
2466 3637 2597 3704 Quae
2642 3640 2784 3693 enim
2809 3654 2872 3693 ex
2899 3640 3081 3694 carnis
3126 3639 3359 3694 elatione
3380 3654 3478 3693 ex-

1901 3732 2147 3785 oriuntur
2162 3730 2320 3796 bella,
2341 3731 2653 3785 tumultibus
2671 3732 2941 3785 coutinuis
2965 3741 3021 3785 et
3043 3732 3477 3800 implacabilibus

1901 3824 2254 3878 seditionibus
2282 3823 2538 3877 interiora
2565 3823 2854 3892 complent.
2884 3823 3074 3895 (Vsus.
3100 3822 3179 3893 5.)
3204 3823 3477 3895 Exquisiui

1903 3918 2219 3982 Dominum,
2260 3929 2307 3971 et
2335 3916 2601 3971 exaudivit
2651 3934 2750 3970 me.
2801 3916 2957 3982 Haec,
2994 3918 3203 3987 inquit,
3252 3917 3479 3971 audiant

1902 4013 2188 4073 mansueti,
2217 4010 2361 4078 quod
2393 4025 2492 4080 ego
2518 4010 2725 4065 difﬁcili
2755 4011 2850 4066 illo
2878 4021 3119 4081 tempore
3146 4026 3269 4065 cum
3292 4011 3476 4065 'omnis

1902 4104 2243 4158 inimicorum
2300 4101 2377 4154 ira
2426 4112 2735 4156 moveretur
2780 4113 2969 4156 contra
3027 4118 3152 4169 me,
3187 4107 3477 4173 omnisque

1902 4209 2092 4248 manus
2130 4193 2393 4247 adversus
2424 4208 2509 4247 me
2548 4202 2870 4258 armaretur,
2903 4210 3005 4261 ego
3050 4209 3181 4249 vero
3213 4195 3388 4249 nudus
3414 4206 3470 4250 et

1901 4286 2122 4341 inermis
2149 4287 2214 4341 ad
2248 4301 2408 4341 omne
2436 4287 2754 4355 supplicium
2784 4287 3168 4357 perferendum
3194 4288 3472 4357 expositus

1900 4381 2144 4435 hostibus
2166 4395 2362 4443 essem,
2387 4395 2490 4432 non
2518 4391 2692 4432 tamen
2722 4390 2847 4433 tunc
2871 4379 3125 4433 contusus
3147 4393 3265 4433 sum
3286 4381 3470 4434 animo

1900 4487 2008 4540 pra:
2037 4471 2264 4532 timore,
2294 4484 2396 4521 non
2438 4482 2554 4521 sum
2603 4483 2633 4522 a
2665 4467 2757 4523 Dei
2805 4470 3133 4539 cogitatione
3180 4480 3471 4537 avocatus,

1900 4578 2001 4615 non
2035 4562 2259 4614 salutem
2298 4574 2473 4613 meam
2519 4561 2821 4630 desperavi,
2868 4561 2960 4615 sed
3004 4561 3262 4629 exquisivi
3292 4561 3470 4616 Domi.

1899 4668 2041 4703 num.
2076 4650 2190 4704 Non
2222 4652 2443 4721 (ιυωεὶνί
2490 4653 2662 4707 solum
2708 4652 2938 4720 simplici
2970 4652 3200 4721 quadam
3233 4664 3289 4708 et
3318 4662 3471 4708 tem-

1899 4741 2109 4809 poraria
2152 4742 2205 4797 iu
2258 4744 2544 4797 Dominum
2597 4758 2724 4812 spe,
2778 4743 2872 4797 sed
2919 4744 3211 4814 exquisivi.
3251 4743 3462 4799 Etenim

1896 4837 2167 4904 eutpltasis
2200 4838 2342 4891 verbi
2376 4838 2646 4905 exquirere
2676 4836 2905 4906 amplius
2950 4837 3203 4906 quiddam
3249 4836 3458 4906 signiﬁ-

1898 4936 2001 4991 cat,
2030 4943 2190 4996 quam
2241 4929 2463 4982 verbum
2497 4945 2753 4997 quaerere,
2806 4926 3259 4997 quemadmodum
3300 4926 3464 4981 etiam

1897 5019 2254 5086 perscrutatio
2296 5019 2417 5087 plus
2454 5021 2580 5075 dicit
2618 5034 2779 5089 quam
2829 5018 3114 5072 scrutatio.
3150 5016 3461 5087 Defecerunt

1894 5109 2026 5162 enim
2061 5122 2444 5178 perscrutantes
2476 5112 2917 5178 perscrutationes
2945 5111 3011 5164 ³⁸.
3055 5109 3280 5164 Multum
3308 5109 3473 5177 igitur

1894 5204 1988 5256 otii
2021 5218 2083 5256 ac
2132 5204 2535 5272 tranquillitatis
2565 5205 2783 5259 exhibet
2827 5204 2915 5259 hic
2957 5218 3135 5258 sermo
3190 5216 3284 5271 per
3316 5202 3463 5256 illam

1896 5295 2331 5363 exquisitionem.

1966 5657 2077 5725 (72)
2127 5654 2259 5725 Reg.
2286 5654 2475 5727 tertius
2505 5655 2803 5727 ἐκεκίνητο.
2844 5654 2963 5712 Mox
2989 5654 3121 5725 Reg.
3164 5655 3352 5711 tertius
3392 5653 3461 5727 in

1894 5722 2150 5781 contextu
2183 5722 2497 5795 λογισμούς,
2526 5727 2578 5779 in
2620 5722 2863 5793 margine
2895 5743 3017 5783 vero
3059 5722 3458 5794 διαλογισμούς.

1967 5797 2077 5865 (75)
2111 5798 2179 5849 lta
2234 5798 2382 5849 tnttlti
2426 5814 2551 5849 mss.
2608 5796 2783 5865 Editio
2823 5812 2947 5851 vero
3000 5797 3167 5852 Paris.
3223 5797 3327 5861 γάρ
3358 5810 3457 5847 τοι.

1897 5864 2088 5921 Statim
2118 5868 2250 5937 Reg.
2282 5868 2545 5922 secundus
2571 5864 2863 5927 ἐξέλειπον.
