4016 6432
595 351 702 408 559

1909 357 1948 409 S
2009 355 2252 411 BASIL"
2287 358 2497 413 MAGNI

3750 364 3852 420 sea

666 473 719 526 4.
780 470 845 526 Ει
907 488 970 525 ex
1015 472 1251 525 omnibus
1308 470 1734 526 tribulationibus
1797 478 1926 527 meis
1971 477 2141 541 eripui

2334 478 2384 531 4.
2429 478 2537 532 Καὶ
2576 479 2642 530 ἐκ
2681 477 2894 531 πασῶν
2930 477 3046 532 τῶν
3085 481 3345 548 θλίψεων
3378 500 3496 550 μου
3540 483 3852 549 ἐῤῥύσατό

591 582 696 621 me.
733 563 866 619 Tota
912 565 1043 633 justi
1088 565 1196 617 \‘ila
1230 563 1281 616 in
1313 561 1693 619 aﬂlictionibus
1735 567 1909 634 posita
1956 577 2061 626 est.
2112 583 2165 621 et

592 655 754 708 Arcto
805 664 959 724 atque
1021 663 1245 722 angusta
1283 665 1356 707 est
1404 655 1484 706 uia
1531 655 1613 719 ³¹;
1661 664 1714 707 et
1759 653 1943 708 Multa'
1993 656 2164 709 tribu-

592 746 813 800 latione:
836 747 1103 815 justorum
1148 748 1212 797 ³¹.
1261 746 1467 801 Idcirco
1513 755 1568 800 et
1596 747 1884 815 Apostolus
1934 750 2050 803 ait:
2102 751 2163 802 In

589 840 828 892 omnibus
871 839 1144 908 afﬂicti“;
1182 849 1256 902 et,
1299 837 1561 904 Quoniam
1597 855 1688 906 per
1734 841 1932 892 multas
1978 841 2154 893 tribu-

589 930 808 984 latione:
843 941 1038 997 oportet
1081 947 1173 982 uos
1203 932 1404 982 intrare
1435 931 1490 982 in
1528 946 1742 998 regnum
1794 932 1970 985 Dei”.
2001 933 2161 986 Libu-

586 1030 879 1079 rotantem
914 1037 978 1075 ex
1027 1022 1376 1075 tribulatione
1431 1031 1648 1076 sanctos
1683 1040 1810 1076 suos
1852 1025 2008 1086 Deus,
2053 1041 2157 1079 non

585 1115 731 1184 quod
768 1114 888 1169 illos
945 1114 1082 1168 citra
1125 1116 1494 1183 probationem
1543 1115 1831 1186 relinquat,
1879 1119 1972 1172 sed
2018 1120 2158 1186 quod

583 1207 898 1277 patientiam
947 1205 1078 1274 ipsis
1128 1207 1410 1274 largiatur.
1463 1205 1595 1262 Nam
1645 1209 1688 1262 si
1732 1207 2028 1262 Tn’bulatio
2065 1227 2157 1278 pa-

582 1299 825 1353 tientiam
854 1309 1121 1365 operatur,
1154 1301 1408 1366 patientia
1447 1315 1563 1352 vero
1595 1300 1954 1366 probationem
1973 1301 2039 1363 ³³,
2066 1302 2156 1369 qni

583 1390 985 1447 tribulationem
1027 1391 1312 1452 detrectat,
1345 1392 1666 1460 probatione
1698 1409 1756 1446 sc
1810 1395 1924 1460 ipse
1954 1393 2152 1461 privat.

581 1471 1044 1552 Quemadmodum
1073 1498 1202 1552 ergo
1234 1498 1390 1537 nemo
1425 1497 1724 1538 coronatur
1751 1484 1870 1538 sine
1901 1486 2156 1538 adversa-

580 1573 702 1629 rio:
731 1572 806 1626 sic
841 1586 1014 1640 neque
1047 1572 1305 1642 proba-tus
1361 1572 1648 1640 quisquam
1691 1571 2028 1639 pronuntiari
2064 1588 2155 1639 po-

582 1675 709 1731 test,
738 1664 838 1719 nisi
877 1679 970 1732 per
998 1662 1396 1717 tribulationes.
1437 1659 1521 1714 Ea:
1573 1662 1813 1716 omnibus
1854 1662 2019 1731 igitur
2058 1665 2152 1716 tri-

581 1758 935 1812 bulationibus
969 1757 1095 1808 meis
1129 1770 1211 1807 me
1237 1754 1454 1819 eripuit,
1485 1768 1589 1807 non
1620 1755 1761 1822 quod
1789 1755 2027 1810 divexari
2067 1771 2151 1809 tne

2258 587 2354 638 με.
2401 571 2556 623 Πᾶσα
2597 573 2630 640 ἡ
2677 570 2768 622 τοῦ
2807 571 3012 623 δικαίου
3047 571 3155 642 ζωὴ
3185 572 3517 643 τεθλιμμένη
3557 575 3707 634 ἐστὶ,
3759 577 3850 628 καὶ

2264 660 2451 728 Στενὴ
2501 662 2598 714 καὶ
2655 659 3007 730 τεθλιμμένη
3065 663 3098 723 ἢ
3150 661 3320 727 ὁδόςο
3355 664 3468 728 καὶ,
3513 666 3757 717 Πολλαὶ
3793 670 3850 719 αἱ

2263 754 2498 821 θλίψεις
2533 753 2652 806 τῶν
2703 753 2965 806 δικαίων.
3006 753 3105 806 Δια
3141 755 3295 807 τοῦτο
3334 757 3425 806 καὶ
3477 757 3504 807 6
3577 759 3849 809 Ἀπόστο-

2262 838 2351 900 λός
2391 857 2573 910 φησιν,
2639 842 2735 892 Ἐν
2782 841 2959 893 παντὶ
3006 843 3374 909 θλιϐόμενοι·
3413 845 3528 906 καὶ,
3579 847 3709 899 ’Ὁτι
3742 847 3841 899 διὰ

2262 932 2506 985 πολλῶν
2530 935 2791 1000 θλίψεων
2819 933 2916 986 δεῖ
2937 933 3096 1002 ἡμεῖς
3122 936 3208 998 εἰς
3229 936 3342 1002 τὴν
3374 937 3717 999 ,Βασιλείαν
3738 940 3846 993 τοῦ

2263 1023 2412 1076 Θεοῦ
2430 1025 2742 1077 εἰσελθεῖν.
2789 1024 3005 1078 Ῥύεται
3041 1026 3097 1077 δὲ
3135 1027 3198 1078 ὲκ
3233 1025 3460 1096 Ολίψεως
3487 1029 3621 1090 τοὺς
3651 1030 3844 1096 ἁγίους

2261 1114 2425 1168 αὑτοῦ
2456 1117 2482 1167 6
2511 1115 2659 1178 Θεὸς,
2695 1117 2790 1170 οὐκ
2821 1117 3216 1188 ἀδοκιμάστους
3249 1121 3446 1182 αὐτοὺς
3478 1121 3842 1189 καταλιμπά-

2258 1223 2386 1269 νων,
2423 1207 2556 1260 ἀλλὰ
2580 1207 2675 1278 τὴν
2707 1209 2980 1281 ὑπομονὴν
3007 1211 3189 1274 αὐτοῖς
3223 1212 3604 1283 χαριζόμενος.
3639 1216 3706 1266 Εἰ
3736 1217 3844 1285 γὰρ

2271 1299 2340 1352 Ἦ
2355 1299 2559 1366 θλίψις
2587 1299 2900 1368 ὑπομονὴν
2929 1305 3351 1373 κατεργάζεται,
3390 1305 3428 1372 ἡ
3457 1305 3525 1358 δὲ
3554 1306 3843 1373 ὑπομονὴ

2256 1389 2545 1459 δοκιμήν·
2587 1394 2614 1444 6
2658 1392 2754 1463 τὴν
2799 1392 2974 1462 θλίψιν
3024 1397 3421 1468 ἀφαιρούμενος
3465 1400 3568 1469 τῆς
3605 1398 3843 1467 δοκιμῆς

2256 1480 2445 1533 ἑαυτὸν
2467 1482 2855 1552 ἀπεστέρησεν.
2885 1484 2972 1547 Ὠς
2997 1481 3085 1537 οὖν
3114 1488 3288 1550 οὐδεὶς
3319 1489 3686 1555 στεφανοῦται
3712 1489 3840 1540 ἄνευ

2255 1574 2678 1642 ἀνταγωνιστοῦ,
2711 1573 2883 1638 οὕτως
2915 1576 3034 1629 οὐδὲ
3067 1577 3284 1648 δόκιμος
3323 1581 3714 1650 ἀποφανθῆναι
3749 1580 3841 1632 δύο

2253 1684 2406 1720 ναται
2444 1670 2492 1720 εἰ
2532 1668 2604 1738 μὴ
2650 1668 2760 1737 (74)
2795 1668 2882 1720 διὰ
2913 1668 3161 1738 Θλίψεων.
3208 1673 3302 1725 Ἐκ
3338 1671 3555 1726 πασῶν
3592 1669 3690 1726 οὖν
3718 1674 3842 1725 τῶν

2252 1757 2517 1825 θλίψεων
2546 1757 2839 1825 apponam
2868 1775 2963 1827 με.
3011 1759 3130 1827 οὐχὶ
3166 1759 3241 1829 μὴ
3273 1759 3375 1812 ὲῶν
3418 1778 3483 1831 με
3514 1761 3836 1823 θλίϐεσθαι,

581 1866 687 1905 non
725 1850 891 1915 sinat,
922 1846 1014 1900 sed
1057 1848 1198 1915 quod
1248 1861 1370 1901 cum
1421 1846 1721 1900 tentalione
1757 1847 1960 1902 exitum
1987 1847 2144 1902 etiam

2252 1847 2386 1901 ἀλλά
2423 1849 2518 1901 σὺν
2559 1849 2637 1919 τῷ
2671 1848 2958 1919 πειρασμῷ
2993 1850 3086 1902 καὶ
3120 1849 3216 1919 τὴν
3265 1849 3507 1913 εκὸασιν,
3540 1853 3640 1904 τοῦ
3670 1853 3834 1905 δύνα-

579 1941 840 2009 praebeat,
869 1938 1003 1990 adeo
1021 1946 1076 1990 nt
1109 1936 1471 1990 ferruvaleam
1495 1936 1560 1992 ³⁸.
1589 1936 1774 2008 (Vens.
1810 1937 1889 2008 6.)
1915 1939 2154 1992 Accedite

577 2032 646 2083 ad
679 2045 817 2092 eum,
847 2037 894 2080 et
924 2026 1330 2089 illumiuamini;
1375 2037 1420 2078 et
1469 2025 1628 2094 [acies
1667 2039 1849 2082 uestra:
1885 2045 1985 2081 non
2029 2045 2152 2083 con-

576 2123 887 2192 fundentur.
921 2119 1022 2185 Qui
1068 2117 1122 2172 in
1169 2117 1409 2172 tenebris
1443 2127 1497 2171 et
1529 2117 1582 2173 in
1625 2120 1814 2173 umbra
1854 2121 2042 2174 mortis
2073 2135 2153 2174 se-

575 2216 725 2277 dent,
759 2226 854 2267 eos
896 2211 1147 2266 hortatur
1177 2219 1235 2264 ut
1267 2209 1333 2263 ad
1381 2208 1667 2264 Dominum
1715 2211 2058 2278 accedant",
2087 2227 2150 2267 ac

575 2305 742 2360 radiis
787 2302 1085 2357 divinitatis
1127 2302 1294 2371 ipsius
1330 2302 1784 2372 appropinquent,
1822 2311 1879 2356 ut
1931 2319 1996 2357 ex
2050 2320 2148 2374 ap-

574 2396 1024 2470 propinquatione
1070 2410 1165 2465 per
1200 2395 1484 2448 veritatem
1523 2394 1801 2460 illustrati,
1837 2397 2147 2451 illustratio-

573 2508 696 2549 nem
724 2491 842 2561 ejus
883 2505 978 2559 per
1009 2488 1238 2558 gratiam
1279 2486 1343 2540 in
1377 2501 1437 2541 se
1479 2487 1624 2555 ipsos
1680 2487 1961 2556 recipiant.
1997 2488 2147 2540 Sicut

570 2583 712 2639 cnim
743 2584 856 2635 haec
887 2580 974 2633 lux
1006 2577 1275 2633 sensibilis
1298 2592 1400 2630 non
1424 2578 1672 2629 omnibus
1695 2579 1940 2631 similiter
1965 2581 2144 2631 exori-

571 2685 677 2736 tur,
699 2673 789 2729 scd
810 2675 873 2726 iis
890 2673 978 2741 qui
998 2671 1194 2726 habent
1212 2669 1411 2737 oculos,
1429 2667 1584 2741 147
1605 2670 1948 2739 vigilantque,
1970 2671 2149 2725 etsiue

576 2766 685 2820 ullo
718 2764 1102 2835 impedimento
1147 2762 1278 2816 solis
1318 2763 1604 2831 praesentia
1641 2762 1741 2815 frui
1777 2774 1999 2830 possunt
2027 2780 2040 2816 :
2071 2766 2142 2817 ita

568 2862 732 2915 etiam
765 2856 989 2926 justitite
1015 2856 1093 2911 sol
1117 2855 1182 2918 ³⁸,
1224 2853 1360 2908 Vera
1410 2855 1525 2919 lux,
1576 2871 1692 2924 qua:
1741 2856 2006 2908 illuminat
2041 2873 2146 2910 om-

571 2968 687 3005 nem
739 2949 1001 3002 hominem
1058 2947 1343 2998 uenientem
1377 2947 1431 3000 in
1477 2947 1614 2998 hunc
1667 2949 1920 2999 mundum
1940 2949 2005 3012 ",
2040 2964 2142 3002 non

569 3043 824 3097 omnibus
865 3037 1207 3110 splendorem
1253 3052 1408 3092 suum
1457 3037 1708 3107 largitur,
1769 3039 1862 3092 sed
1912 3039 2015 3104 iis,
2051 3041 2141 3109 qui

570 3137 787 3206 dignam
837 3135 952 3203 ipso
995 3133 1161 3188 vitam
1195 3135 1414 3200 degunt.
1447 3130 1566 3184 Lua:
1593 3132 1755 3196 enim,
1788 3132 1982 3200 inquit,
2025 3143 2139 3185 orta
2171 3169 2216 3230 Ο

568 3242 665 3296 est,
699 3245 803 3284 non
841 3227 1137 3299 peccatori,
1189 3227 1281 3279 sed
1315 3229 1464 3292 justo
1483 3223 1549 3276 “.
1584 3223 1654 3276 Ut
1683 3224 1825 3276 enim
1870 3236 2021 3278 ortus
2061 3237 2140 3278 est

569 3319 674 3382 sol,
713 3319 805 3371 sed
853 3332 958 3370 non
1009 3314 1504 3383 vespertilionibns,
1539 3326 1637 3365 nec
1668 3312 1790 3365 aliis
1818 3314 2142 3369 animalibus

569 3417 732 3465 noctu
789 3408 856 3462 ad
905 3406 1156 3476 pabulum
1207 3404 1635 3475 prodeuntibus:
1675 3403 1743 3457 ita
1790 3420 2000 3474 quoque
2052 3404 2137 3458 lux

569 3515 668 3554 sua
697 3499 914 3568 quidem
960 3507 1150 3551 natura
1191 3496 1467 3565 splendida
1499 3506 1607 3559 cst,
1637 3511 1700 3550 ac
1727 3496 1778 3548 vi
1805 3495 2138 3551 illmninandi

568 3592 826 3666 praedita;
855 3605 958 3643 non
993 3599 1168 3642 tamen
1199 3604 1386 3644 omnes
1401 3588 1675 3643 claritatis
1704 3590 1820 3658 ejus
1857 3591 2141 3657 participes

569 3693 718 3742 sum.
759 3684 848 3736 Sic
879 3692 931 3736 et
964 3681 1146 3735 Omnis
1194 3682 1284 3750 qui
1332 3681 1474 3733 mala
1523 3682 1675 3750 facit,
1723 3681 1835 3733 odit
1875 3679 2061 3738 lucem,
2093 3690 2140 3732 et

568 3793 674 3832 non
745 3776 879 3828 uenit
942 3776 1010 3826 ad
1078 3775 1247 3827 lucem
1305 3785 1358 3825 ut
1418 3788 1521 3825 non
1575 3772 1975 3841 manifestenlur
2027 3771 2139 3840 ejus

569 3885 724 3936 opera
744 3867 810 3920 “.
834 3869 1076 3920 Accedite
1104 3867 1264 3934 igitur
1279 3865 1348 3917 ad
1375 3880 1490 3917 eum
1509 3873 1554 3916 et
1577 3863 1971 3926 illuminamini,
1989 3874 2033 3916 et
2053 3864 2139 3933 [a-

567 3960 671 4012 cies
703 3967 884 4011 uestra:
923 3973 1026 4008 non
1069 3955 1478 4022 caufundeutur.
1530 3951 1750 4018 Beatus,
1806 3954 1894 4020 qui
1947 3954 2001 4004 in
2054 3955 2140 4007 die

563 4051 696 4120 justi
746 4045 934 4115 judicii
974 4049 1084 4112 Dei,
1119 4063 1240 4099 cum
1267 4048 1476 4099 venerit
1512 4045 1770 4099 Dominus
1821 4047 1884 4094 ad
1942 4043 2108 4098 illumi

571 4143 802 4196 nandum
844 4140 1155 4193 abscondita
1201 4140 1567 4202 tenebrarum,
1602 4146 1656 4190 et
1687 4135 2136 4188 manil'estamlum

568 4235 791 4288 consilia
828 4231 1160 4294 con-dium”,
1191 4245 1354 4285 ausus
1372 4230 1533 4283 fuerit
1571 4230 1717 4283 illam
1760 4229 2024 4283 examinis
2059 4229 2139 4281 lu-

568 4342 683 4380 cem
727 4327 928 4390 subire,
971 4341 1032 4378 ac
1062 4339 1312 4378 reversus
1339 4322 1500 4376 fuerit
1539 4338 1642 4378 non
1678 4323 2041 4392 pudilmndns,
2074 4338 2136 4375 ex

566 4434 633 4474 eo
663 4419 803 4488 quod
837 4417 1226 4471 conscientiam
1265 4416 1446 4486 pravis
1501 4415 1755 4484 operibus
1799 4413 2138 4468 contamina-

2255 1938 2376 1990 σθαι
2434 1940 2544 2010 (75)
2608 1941 2967 2009 ὑπενεγκεῖν,
3030 1940 3403 2012 χαριζόμενος.
3455 1944 3833 2010 Προσέλθετε

2206 2088 2210 2092 ,
2251 2031 2400 2099 πρὸς
2428 2032 2635 2094 αὑτὸν,
2693 2033 2790 2085 καὶ
2842 2035 3208 2101 φωτίσθητεσ
3262 2033 3358 2085 καὶ
3409 2033 3481 2085 τὰ
3528 2037 3832 2100 πρόσωπα

2250 2119 2416 2188 ὑμῶν
2472 2122 2543 2174 οὺ
2590 2122 2676 2190 μὴ
2721 2123 3154 2191 καταισχυνθῇ.
3206 2124 3335 2188 Τοῖς
3391 2124 3730 2194 καθημενυις
3775 2129 3831 2180 ὲν

2251 2215 2432 2267 σκότει
2451 2214 2543 2267 καὶ
2557 2215 2684 2282 σκιᾷ
2709 2212 2957 2276 Θανάτου,
2988 2217 3192 2279 τούτοις
3209 2215 3643 2288 παρακελεύεται
3665 2235 3831 2289 προσ-

2249 2305 2422 2359 ελθεῖν
2453 2305 2529 2376 τῷ
2585 2306 2798 2378 Κυρίῳ,
2826 2306 2918 2359 καὶ
2945 2307 3156 2374 ἐγγίσαι
3185 2308 3347 2360 αὑτοῦ
3373 2311 3492 2370 ταῖς
3517 2308 3705 2362 ἀκτῖσι
3733 2310 3831 2381 τῆς

2249 2399 2517 2470 θεότητος,
2544 2401 2631 2463 ἵν’,
2659 2403 2722 2453 ἐκ
2750 2400 2842 2454 τοῦ
2883 2401 3288 2471 προσεγγισμοῦ
3319 2399 3723 2470 ὲλλαμφθέντες
3764 2408 3826 2473 τῇ

2248 2491 2495 2560 ἀληθεία,
2529 2492 2712 2562 χάριτι
2738 2493 2827 2545 τὸν
2847 2493 2956 2563 (76)
2993 2495 3266 2564 φωτισμὸν
3291 2493 3454 2547 αὑτοῦ
3486 2497 3566 2558 εἰς
3598 2497 3828 2559 ἑαυτοὺς

2249 2583 2590 2652 χωρήσωσιν.
2629 2584 2838 2654 Ὥσπερ
2883 2585 2990 2653 γὰρ
3029 2585 3087 2637 τὸ
3129 2586 3382 2656 αἰσθητὸν
3406 2585 3565 2640 τοῦτο
3609 2588 3730 2657 φῶς
3766 2591 3825 2641 οὐ

2249 2673 2413 2724 πᾶσιν
2445 2673 2644 2742 ὁμοίως
2679 2674 2988 2735 ἀνατέλλει,
3041 2675 3174 2728 ἀλλά
3207 2681 3316 2740 τοῖς
3362 2677 3574 2748 ἔχουσιν
3621 2679 3828 2747 ὀφθαλ-

2251 2765 2402 2836 μοὺς,
2441 2766 2533 2818 καὶ
2581 2765 2940 2835 ἐγρηγορόσι.
2994 2767 3085 2818 καὶ
3129 2769 3216 2819 ὑπ’
3245 2770 3455 2832 οὐδενὸς
3499 2773 3828 2843 κωλύματος

2245 2854 2536 2908 ἀπολαύειν
2567 2853 2877 2925 δυναμένοις
2905 2855 3005 2924 τῆς
3033 2854 3124 2907 τοῦ
3153 2855 3302 2926 ἡλίου
3336 2859 3631 2926 ἐπιδημίας
3651 2862 3825 2916 -οὖτω

2246 2949 2340 3002 καὶ
2372 2952 2398 3002 6
2431 2949 2528 3020 τῆς
2562 2947 2907 3016 δικαιοσύνης
2943 2949 3112 3020 ἥλιος,
3161 2949 3229 3003 T6
3267 2949 3558 3016 ἀληθινὸν
3597 2951 3745 3018 φῶς,
3793 2953 3823 3005 ὃ

2244 3040 2470 3110 φωτίζει
2493 3040 2689 3094 πάντα
2744 3040 3058 3108 ἄνθρωπον
3087 3043 3413 3111 ἐρχόμενον
3439 3045 3526 3106 εἰς
3566 3044 3678 3095 τόν
3710 3046 3817 3096 κό-

2245 3146 2421 3201 σμον,
2439 3133 2498 3183 οὐ
2517 3133 2648 3184 πᾶσι
2664 3131 2760 3201 τὴν
2788 3131 2978 3184 ἑαυτοῦ
3001 3133 3333 3203 φαιδρότητα
3355 3133 3662 3205 χαρίζεται,
3682 3134 3823 3187 ἀλλά

2245 3227 2355 3285 τοῖς
2392 3220 2555 3284 ἀξίως
2581 3222 2743 3274 αὑτοῦ
2776 3222 3225 3292 πολιτευομένοις.
3259 3226 3387 3292 Φῶς
3423 3229 3566 3295 γὰρ,
3620 3230 3821 3298 φησιν,

2245 3311 2567 3372 ἀνέτειλεν,
2594 3313 2712 3382 οὐχὶ
2740 3313 2817 3382 τῷ
2844 3314 3166 3385 ἁμαρτωλῷ,
3193 3316 3325 3369 ἀλλά
3353 3317 3432 3381 τῷ
3459 3317 3687 3385 δικαίῳ.
3733 3320 3821 3383 Ὧς

2245 3405 2352 3476 γάρ
2380 3404 2615 3458 ἀνέτειλε
2649 3404 2746 3474 μὲν
2772 3407 2798 3457 6
2836 3406 3005 3476 ἥλιος,
3042 3408 3153 3460 ἀλλ’
3179 3409 3296 3478 οὐχὶ
3322 3409 3431 3478 (77)
3473 3414 3592 3473 ταῖς
3623 3429 3816 3464 νυκτε-

2246 3500 2405 3571 ρίσιν,
2438 3499 2555 3552 οὐδὲ
2585 3501 2694 3562 τοῖς
2726 3499 2901 3562 ἄλλοις
2933 3499 3089 3563 ζῴοις
3117 3505 3229 3562 τοῖς
3259 3505 3601 3571 νυκτινόμοις
3627 3522 3638 3534 ·
3673 3504 3819 3557 οὕτω

2243 3589 2419 3643 καὶτὸ
2459 3588 2572 3658 φῶς
2599 3591 2664 3659 τῇ
2705 3589 2803 3658 μὲν
2854 3588 3047 3640 ἑαυτοῦ
3080 3589 3236 3655 φύσει
3266 3589 3515 3660 λαμπρόν
3557 3595 3676 3644 ἐστι
3722 3594 3819 3646 καὶ

2245 3678 2653 3749 φαιδρυντικόν·
2708 3677 2767 3728 οὐ
2804 3677 3004 3737 πάντες
3050 3676 3104 3727 δὲ
3145 3676 3307 3728 αὐτοῦ
3339 3678 3436 3747 τῆς
3469 3677 3817 3750 λαμπηδόνος

2246 3766 2772 3836 μεταλαμϐάνουσιν.
2803 3765 2958 3817 Οὕτω
2977 3766 3066 3818 καὶ
3088 3765 3210 3831 Πᾶς
3231 3771 3260 3819 ό
3294 3766 3364 3820 τὰ
3390 3769 3596 3836 φαῦλα
3620 3770 3816 3836 πράσ-

2242 3874 2371 3910 σων
2386 3856 2558 3926 μισεῖ
2583 3856 2649 3910 τό
2684 3855 2828 3925 φῶς,
2862 3857 2957 3910 καὶ
2992 3859 3100 3910 οὐκ
3138 3859 3367 3928 ἔρχεται
3392 3861 3542 3929 πρὸς
3562 3862 3630 3914 τὸ
3665 3861 3814 3931 φῶς,

2242 3949 2342 4002 ἵνα
2367 3948 2453 4018 μὴ
2483 3946 2794 4016 φανερωθῇ
2826 3946 3011 4002 αὺτοῦ
3039 3949 3113 4003 τὰ
3126 3949 3284 4018 ἔργα.
3308 3951 3678 4018 Προσέλθετε
3702 3947 3818 4005 οὖν

2242 4042 2391 4110 πρὸς
2419 4041 2605 4094 αὐτὸν
2625 4041 2720 4094 καὶ
2746 4042 3098 4110 some/ortinae,
3120 4041 3218 4096 καὶ
3242 4042 3310 4096 τὰ
3335 4044 3628 4108 πρόσωπα
3648 4044 3818 4112 ὑμῶν

2241 4137 2312 4188 οὺ
2332 4135 2417 4203 μὴ
2449 4132 2879 4201 καταισχυνθῇ.
2913 4135 3196 4203 Μακάριος
3235 4138 3261 4186 6
3303 4136 3359 4184 ὲν
3386 4138 3450 4203 τῇ
3496 4135 3679 4204 ἡμέρα
3716 4137 3816 4203 τῆς

2241 4225 2636 4296 δικαιοκρισίας
2659 4223 2752 4274 τοῦ
2781 4223 2938 4286 Θεοῦ,
2971 4225 3096 4276 ὅταν
3138 4223 3266 4296 ἕλοῃ
3294 4226 3320 4275 ὁ
3346 4224 3548 4294 Κύριος
3578 4227 3816 4292 φωτίσαι

2240 4317 2306 4368 rit
2341 4313 2556 4384 κρυπτὰ
2581 4313 2672 4366 τοῦ
2711 4313 2954 4376 σκότους,
2995 4314 3086 4367 καὶ
3126 4313 3434 4384 φανερῶσαι
3481 4313 3580 4378 τὰς
3619 4313 3816 4383 βουλὰς

2241 4408 2346 4459 τῶν
2366 4407 2618 4478 καρδιῶν,
2634 4408 2907 4478 τολμήσας
2928 4408 3030 4461 ὑπὸ
3051 4407 3108 4460 τὸ
3123 4406 3237 4475 φῶς
3254 4408 3426 4458 ἐκεῖνο
3443 4406 3547 4458 τῶν
3574 4406 3816 4476 ἐλέγχων

568 4521 678 4568 tam
729 4527 830 4564 non
870 4511 1086 4563 habeat.
1117 4510 1214 4573 Qui
1261 4508 1404 4560 enim
1447 4510 1584 4560 mala
1621 4517 1925 4577 patrarunt,
1959 4508 2007 4560 in
2045 4525 2139 4573 0p-

2247 4500 2530 4567 γενέσοαι,
2586 4500 2680 4552 καὶ
2731 4499 3037 4553 ἐπανελθὼν
3096 4498 3519 4567 ἀνεπαίσχυντος
3573 4498 3685 4565 (78)
3741 4498 3816 4567 τῷ

567 4605 842 4674 probrium
892 4618 957 4656 ac
1009 4599 1377 4655 confusionem
1435 4608 1741 4666 resurgent,
1781 4597 1832 4652 in
1887 4612 1945 4650 se
2004 4597 2133 4665 ipsis

569 4696 955 4766 turpitudinem
990 4703 1042 4748 et
1078 4694 1280 4746 formas
1333 4700 1675 4760 peceatorum
1725 4691 2014 4756 impressas
2055 4689 2136 4741 in-

566 4787 876 4858 Spicicntes.
914 4783 978 4838 Et
996 4782 1244 4838 fortassis
1266 4797 1327 4835 ea
1351 4780 1616 4843 confusio,
1644 4780 1695 4832 in
1731 4793 1838 4848 qua
1875 4790 2132 4830 ιοιειιιιιιιι

564 4883 749 4936 vivent
775 4887 1109 4947 peccatores,
1144 4874 1413 4929 horrenda
1439 4882 1523 4928 est
1558 4873 1753 4939 magis,
1786 4886 1945 4939 quam
1986 4878 2132 4921 tene-

638 5018 681 5051 ³¹
698 5016 888 5072 Matth.
915 5031 1008 5077 vn,
1035 5015 1121 5070 Η».

565 5090 654 5144 15.
730 5088 773 5120 ⁸⁷
808 5087 939 5142 Luc.
973 5102 1011 5150 ι,
1041 5084 1129 5139 79.
1208 5084 1252 5115 ³⁸
1279 5084 1505 5137 Malnch.
1560 5099 1630 5146 Iv,
1671 5081 1723 5134 2.

635 5207 745 5274 (74)
777 5205 917 5260 Editi
961 5213 1016 5258 et.
1049 5203 1180 5271 Reg.
1210 5212 1435 5275 quartus
1468 5210 1546 5275 ct__
1567 5200 1720 5275 (_‘.olb.
1767 5200 2056 5275 septimus
2083 5197 2132 5246 εἱ

655 5318 668 5329 .
701 5268 766 5330 At
794 5277 946 5330 deest
968 5277 1016 5327 sl
1050 5278 1099 5328 in
1132 5268 1312 5324 inttltis
1345 5287 1472 5324 mss.
1513 5271 1711 5324 Ibidem
1766 5268 1896 5332 Reg.
1933 5268 2128 5317 tertius

562 5337 652 5416 8ιά
701 5345 951 5416 Θλίψεως.
983 5347 1178 5416 Statim
1215 5341 1346 5408 Reg.
1391 5342 1593 5416 tertius
1637 5337 2129 5416 ct_Colb._qnintus

562 5414 655 5472 οὖν
683 5409 1052 5485 τῶνθλίψεών
1087 5431 1208 5486 μου.
1274 5418 1340 5464 At
1372 5415 1522 5466 deest
1566 5428 1665 5480 μου
1701 5411 1750 5462 in
1787 5409 1967 5461 multis
2003 5422 2129 5459 mss.

563 5497 619 5541 et
648 5489 698 5540 in
733 5488 908 5540 editis.

636 5557 748 5629 (75)
780 5557 957 5611 Editio
986 5556 1156 5611 Paris.
1182 5554 1257 5624 τῷ
1285 5553 1566 5629 δύνασθαι.Δ
1597 5551 1704 5629 Sed
1729 5561 1961 5619 quatuor
1995 5562 2124 5602 mss.

565 5622 787 5697 perinde
825 5637 986 5698 atque
1011 5637 1187 5680 textus
1218 5622 1372 5681 sacer
1393 5623 1487 5676 τοῦ
1513 5622 1820 5698 δύνασθαι.⁵
2076 5688 2086 5698 .

635 5697 745 5766 (76)
779 5691 1068 5751 Colbertini
1103 5699 1306 5765 primus
1327 5705 1596 5766 etsextns
1627 5709 1746 5766 cum
1786 5691 1916 5766 Reg.
1966 5691 2126 5742 tertio

563 5762 961 5838 ἐλλαμφθέντες
1011 5762 1235 5838 τῇ”τῆς
1289 5763 1543 5835 ἀληθείας
1594 5763 1794 5833 χάριτι,
1847 5762 1957 5825 τόν,
1996 5771 2122 5822 clc.,

1199 5015 1241 5045 ³²
1280 5013 1420 5067 Psal.
1450 5027 1634 5075 sum,
1670 5010 1758 5063 20.
1836 5011 1879 5041 ³³
1904 5008 1944 5060 ll
1978 5007 2100 5060 Cor.
2133 5024 2204 5068 ιν,
2237 5008 2288 5059 8.

1208 5084 1252 5115 ³⁸
1279 5084 1505 5133 Malach.
1560 5099 1630 5133 tv.
1671 5081 1723 5133 2.
1802 5081 1845 5112 ³⁹
1874 5079 2028 5133 Joan.
2067 5094 2102 5133 I.
2141 5079 2194 5132 9.
2274 5079 2288 5107 ³

2244 4591 2540 4655 ἀμόλυντον
2576 4589 2714 4658 ἔχειν
2745 4589 2804 4641 τὸ
2831 4589 3063 4651 συνειδὸς
3092 4589 3197 4641 ἀπὸ
3229 4586 3477 4657 πονηρῶν
3517 4587 3714 4658 ἔργων.
3755 4590 3815 4641 ΟΞ

2241 4683 2349 4753 γὰρ
2375 4682 2440 4735 τά
2469 4681 2648 4751 φαῦλα
2673 4681 2973 4751 πράξαντες
3003 4683 3081 4744 εἰς
3109 4679 3407 4748 ὀνειδισμὸν
3432 4680 3524 4731 καὶ
3551 4681 3815 4750 αἰσχύνην

2240 4774 2663 4842 ἀναστήσονται,
2705 4771 2995 4843 ἐνορῶντες
3037 4773 3092 4823 ὲν
3139 4771 3349 4832 ἑαυτοῖς
3389 4770 3450 4822 τὸ
3489 4767 3681 4839 αἶσχος
3721 4772 3815 4822 καὶ

2240 4867 2361 4928 τοὺς
2400 4865 2604 4928 τύπους
2637 4864 2742 4918 τῶν
2784 4864 3201 4936 ἡμαρτημένων.
3240 4865 3349 4917 Καὶ
3388 4863 3530 4933 τάχα
3566 4862 3814 4934 φοϐερω-

2921 5005 2963 5036 ³⁵
2999 5006 3151 5059 Rom.
3183 5021 3234 5066 ν,
3274 5005 3326 5070 ’5,
3355 5004 3406 5057 4.
3485 5004 3530 5035 ’⁸
3556 5002 3720 5060 ICor.
3752 5021 3807 5070 ι,

2849 5077 2891 5108 ⁸³
2915 5076 3069 5130 Joan.
3100 5092 3180 5140 ιιι,
3217 5076 3305 5128 ‘20.
3385 5075 3427 5104 δ’
3453 5073 3472 5128 l
3498 5075 3624 5130 Cor.
3653 5093 3727 5138 tv,
3753 5079 3806 5131 5.

2242 5195 2476 5245 veritatis
2513 5195 2680 5256 qratia
2709 5193 2982 5246 illustrati.
3014 5192 3083 5246 At
3109 5191 3236 5245 editi
3271 5205 3391 5242 cum
3428 5190 3618 5258 majori
3659 5202 3810 5259 parte

2241 5279 2369 5316 mss.
2406 5263 2800 5331 ἐλλαμφϐέντες
2829 5267 2892 5332 τῇ
2921 5261 3168 5332 ἀληθείᾳ,
3195 5262 3377 5331 χάριτι
3404 5262 3518 5332 τόν,
3549 5273 3656 5332 etc.

2467 5329 2547 5384 Ita
2589 5346 2818 5399 quatuor
2868 5329 3020 5386 'tnss.
3069 5329 3245 5385 Editio
3274 5329 3431 5403 ivero
3484 5331 3658 5403 Paris.
3693 5329 3809 5403 ἀλλ’

2238 5400 2475 5459 autumi
2531 5403 2671 5469 quod
2706 5421 2823 5456 mox
2885 5404 3148 5472 sequitur,
3187 5402 3588 5472 φαιδρυντικόν,
3631 5400 3808 5468 dupli-

2238 5491 2351 5526 cem
2404 5473 2559 5525 habet
2628 5474 3058 5542 intelligentiam.
3115 5471 3242 5523 Nam
3283 5471 3385 5521 vim
3443 5472 3804 5531 illuminandi,

2238 5554 2328 5596 aut
2361 5544 2464 5595 vim
2499 5545 2832 5596 cxhilaramli
2867 5544 3177 5610 signiﬁcare
3214 5553 3410 5606 potest.

2308 5614 2430 5683 (78‘,
2467 5614 2735 5683 Scriptum
2771 5608 3036 5667 invenitur
3059 5613 3107 5664 in
3147 5611 3389 5679 margin..-
3420 5610 3551 5677 Reg.
3585 5608 3804 5683 secundi

2235 5679 2694 5749 ἀνεπαισχύντως.
2750 5683 2868 5737 Mox
2915 5692 3142 5751 quatuor
3169 5696 3296 5736 mss.
3343 5683 3576 5743 ἑαυτοῖς.
3631 5679 3809 5734 Editio

2235 5754 2401 5808 Paris.
2435 5754 2637 5813 αὐτοῖς.

2369 5007 2412 5036 ³δ
2441 5008 2555 5057 Act.
2596 5023 2701 5064 xw,
2747 5007 2832 5058 (21.

2274 5079 2316 5107 ³ο
2351 5078 2488 5131 l‘sal.
2514 5093 2652 5135 xcvi.
2685 5078 2770 5129 ll.
