4016 6480
545 383 651 436 563
1841 380 1896 432 .5.
1941 376 2185 430 BASlLll
2223 374 2438 429 MAGNI
3697 367 3813 418 304

543 487 830 543 auditionis
876 487 996 541 linis
1027 489 1147 541 est?
1183 486 1429 541 Liberari
1477 500 1544 540 ex
1595 485 1846 542 omnibus
1882 486 2102 540 tribula-

2227 485 2442 554 ιοσμικά
2466 481 2648 553 ζητεῖν
2700 481 2832 552 (85).
2865 479 2959 533 τοῦ
3007 482 3247 534 τοιούτου
3292 479 3326 550 ἡ
3382 475 3612 550 κραυγὴ
3683 477 3813 527 εισ-

541 578 799 642 tionibus,
831 577 965 631 adeo
992 588 1050 629 ut
1089 593 1194 631 non
1229 579 1305 632 sis
1337 578 1640 642 sauciatus,
1665 592 1770 632 non
1805 577 2098 647 frangaris,

2230 576 2446 648 ικουστὴ
2492 573 2569 646 τῷ
2599 575 2810 645 Κυρίῳ.
2837 573 2901 626 Τί
2929 569 3020 626 οὖν
3046 572 3105 624 τὸ
3151 574 3300 637 τέλος
3345 571 3442 641 τῆς
3473 571 3704 640 ἀκοῆς;
3735 568 3816 620 Τδ

540 678 715 732 neque
749 666 930 720 carnis
957 665 1174 721 οπεοιυί
1205 668 1549 734 manciperis.
1577 669 1706 735 Quis
1727 668 1890 737 igitur
1915 671 2103 724 modus

2230 667 2467 738 »υσθῆναι
2495 666 2602 721 ἀπὸ
2636 667 2825 720 πασῶν
2857 665 2962 720 τῶν
2991 663 3221 732 θλίψεων
3244 667 3509 738 ἄτρωτον,
3554 661 3640 732 μὴ
3676 661 3816 713 ὑπο-

537 768 633 824 per
651 769 811 825 quem
837 755 1100 811 liberatur
1119 759 1359 827 pauper?
1381 758 1566 829 (Vt-ms.
1585 759 1660 831 8.)
1678 759 1865 815 Castra
1890 763 2105 816 metabi-

2227 758 2619 821 ιατακλιθέντα,
2680 758 2812 828 μηδὲ
2859 753 3173 809 δουλεύοντα
3217 755 3294 824 τῷ
3327 754 3653 826 φρονήματι
3702 752 3813 820 τῆς

540 858 626 900 tur
654 848 869 916 angelus
923 847 1135 903 Domini
1179 851 1234 903 in
1275 852 1495 906 circuitu
1532 855 1822 907 timentium
1876 871 2015 917 eum.
2055 866 2106 910 et

2221 849 2428 920 ταρκός.
2463 851 2559 912 Τίς
2591 844 2681 901 οὖν
2713 848 2807 900 καὶ
2832 850 2860 900 6
2880 848 3076 915 τρόπος
3097 844 3163 896 δι’
3185 836 3247 895 οὗ
3279 845 3466 914 ῥύεται
3482 847 3514 897 6
3535 840 3807 910 πτωχόςς

541 938 725 1007 eripiet
759 956 869 994 eos.
901 938 1287 1008 lnterpretatus
1314 953 1398 996 est
1425 959 1584 1014 quem
1616 943 1761 996 dicat
1791 959 2103 1013 pauperem,

2227 941 2580 1009 Ἱαρεμϐαλεῖ
2605 941 2854 1010 ἄγγελος
2895 938 3111 1007 Κυρίου
3160 936 3365 998 κύκλῳ
3414 936 3538 990 τῶν
3570 934 3813 1005 φοϐου-

544 1031 819 1085 timentem
877 1031 1127 1086 videlicet
1174 1032 1478 1089 Dominum.
1513 1037 1722 1090 Idcirco
1780 1038 1871 1105 qui
1923 1040 2096 1102 timet,

2226 1033 2397 1088 ιένων
2423 1034 2626 1098 αὑτὸν,
2655 1032 2749 1086 καὶ
2766 1029 3012 1098 ῥύσεται
3039 1026 3277 1091 αὐτούς.
3295 1024 3647 1098 Ἦρμήνευσε
3678 1025 3812 1078 τίνα

541 1121 720 1175 adhuc
751 1123 802 1175 in
837 1121 983 1177 servi
1022 1123 1211 1178 ordine
1245 1127 1477 1194 est:qui
1512 1141 1642 1180 vero
1669 1127 1935 1181 cbaritate
1981 1142 2104 1195 per-

2227 1125 2355 1192 iei-{at
2410 1122 2501 1173 τὸν
2524 1123 2756 1191 πτωχὸν,
2787 1119 2878 1173 τὸν
2906 1119 3236 1188 φοϐούμενον
3267 1115 3356 1167 τὸν
3387 1118 3622 1188 Κύριον.
3649 1117 3813 1169 Διότι

542 1213 716 1268 lectus
757 1224 859 1274 est.
884 1215 999 1284 jam
1049 1216 1115 1271 ad
1164 1217 1257 1274 lilii
1310 1218 1627 1288 dignitatem
1671 1219 1936 1273 ascendit.
1969 1219 2108 1272 Hinc

2228 1237 2236 1268 ν
2270 1211 2599 1284 φοϐούμενος
2627 1213 2707 1265 ἔτι
2740 1214 2796 1265 ἐν
2819 1213 2884 1281 τῇ
2918 1209 3010 1261 τοῦ
3036 1209 3221 1263 δούλου
3252 1206 3400 1271 τάξει
3433 1209 3608 1260 ἐστίν.
3650 1209 3717 1260 Ὀ
3751 1208 3814 1259 δὲ

544 1319 732 1380 servus
779 1307 943 1361 etiam
979 1323 1182 1377 pauper
1216 1308 1434 1373 dicitur,
1477 1318 1760 1378 propterea
1805 1311 1948 1380 quod
1979 1309 2108 1364 nilnil

2226 1307 2314 1360 57:6
2347 1305 2445 1374 τῆς
2480 1303 2702 1374 ἀγάπης
2745 1301 3160 1370 τετελειωμένος
3206 1301 3342 1371 πρὸς
3381 1298 3477 1368 τὴν
3524 1301 3622 1353 τοῦ
3680 1298 3812 1352 υἱοῦ

546 1368 707 1451 habet
727 1399 928 1468 proprii
963 1368 1150 1452 {illius
1178 1413 1306 1452 vero
1333 1368 1443 1466 jam
1473 1368 1625 1454 dives
1650 1411 1755 1465 est,
1778 1368 1919 1470 quod
1948 1402 2110 1456 bono-

2226 1368 2414 1452 λοιπὸν-
2445 1368 2601 1460 ἀξίαν
2628 1368 2896 1467 ἀνέδραμε
3079 1368 3275 1464 Διόπερ
3302 1396 3329 1445 6
3350 1392 3449 1463 μὲν
3474 1392 3679 1456 δοῦλος
3711 1396 3812 1445 καὶ

547 1503 670 1542 rum
698 1501 1044 1558 paternorum
1073 1490 1144 1544 sit
1172 1491 1362 1544 haeres.
1409 1489 1598 1544 Castra
1632 1493 1791 1562 igitur
1827 1492 2110 1544 metabitur

2224 1487 2423 1558 πτωχὸς
2463 1486 2712 1554 λέγεται,
2753 1486 2830 1555 τῷ
2882 1484 3045 1555 μηδὲν
3089 1483 3219 1535 ἴδιον
3266 1483 3447 1553 ἔχειν’
3493 1483 3525 1533 ὁ
3572 1483 3632 1534 δὲ
3686 1483 3810 1545 υἱὸς

549 1579 766 1647 angelus
796 1577 1010 1631 Domini
1051 1581 1105 1632 in
1150 1581 1374 1633 circuitu
1407 1582 1705 1634 timentium
1731 1598 1872 1636 eum.
1899 1582 2113 1636 Assidet

2223 1582 2309 1652 ήδη
2340 1581 2431 1632 καὶ
2461 1576 2732 1640 πλούσιος,
2779 1576 2855 1647 τῷ
2888 1576 3217 1647 κληρονόμος
3263 1573 3399 1628 εἶναι
3441 1573 3550 1626 τῶν
3588 1591 3809 1641 πατρι-

550 1666 773 1735 augelus
818 1667 1040 1723 cuilibet
1077 1668 1130 1722 in
1165 1669 1449 1723 Dominum
1493 1671 1757 1733 credenti,
1791 1672 1892 1726 nisi
1925 1687 2020 1726 nos
2050 1671 2112 1724 il-

2226 1671 2324 1723 ιιῶν
2356 1667 2594 1736 ἀγαθῶν.
2626 1667 2998 1734 Παρεμϐαλεῖ
3026 1661 3116 1718 οὖν
3147 1665 3400 1733 ἅγγελος
3440 1664 3678 1730 Καρίου
3702 1665 3812 1715 κύ-

550 1756 658 1809 lum
683 1758 936 1828 operibus
958 1760 1142 1829 pravis
1161 1759 1462 1829 alligamus.
1483 1761 1940 1827 Quemadmodum
1967 1762 2110 1816 enim

2223 1767 2340 1826 κλῳ
2366 1759 2482 1815 τῶν
2514 1758 2896 1828 φοϐουμένων
2937 1759 3141 1814 αὐτόν.
3183 1757 3352 1810 Παντὶ
3398 1755 3809 1807 πεπιστευκότι

552 1848 732 1906 fumus
765 1866 893 1920 apes
924 1852 1095 1920 fugat,
1145 1863 1198 1906 et
1239 1852 1377 1906 letor
1423 1851 1700 1907 columbas
1746 1854 1964 1922 expellit
1996 1871 2008 1907 :
2037 1855 2116 1910 sic

2227 1857 2298 1916 εἰς
2325 1854 2413 1906 τὸν
2449 1853 2651 1922 Κύριον
2689 1851 2916 1920 ἄγγελος
2948 1848 3289 1932 παρεθρεύει,
3317 1850 3411 1901 ἐὰν
3459 1850 3682 1919 μήποτε
3719 1850 3813 1900 αὑ·

554 1942 799 2008 angelnm
829 1944 950 1996 vitae
983 1953 1182 1997 nostrae
1220 1944 1498 1998 custodem
1527 1944 1873 2015 lacrytnabile
1905 1961 1970 2000 ac
1996 1961 2117 2013 gra-

2226 1946 2306 1998 τὺν
2346 1946 2504 2014 ἡμεῖς
2531 1945 2595 1995 ὲκ
2633 1943 2740 1997 τῶν
2766 1941 3016 2012 πονηρῶν
3050 1942 3226 2013 ἔργων
3255 1940 3674 2010 ἀποδιώξωμεν.
3717 1941 3812 2002 Ὠς

553 2032 769 2086 veoleus
805 2043 1083 2100 peccatum
1127 2033 1314 2102 abigit.
1353 2033 1526 2102 Opera
1578 2037 1835 2092 custodite
1867 2039 2118 2106 angelicae

2228 2037 2326 2107 γὰρ
2351 2037 2448 2099 τὰς
2482 2035 2741 2106 μελίσσας
2784 2035 2986 2098 καπνὸς
3015 2035 3328 2104 φυγαδεύει,
3373 2036 3467 2088 καὶ
3507 2035 3609 2096 τὰς
3641 2050 3814 2103 περι-

554 2119 715 2189 digna
742 2119 795 2173 in
842 2130 929 2174 tua
967 2121 1144 2175 anima
1178 2123 1223 2176 si
1263 2122 1486 2188 habeas,
1513 2133 1567 2178 et
1605 2141 1756 2180 mens
1789 2126 1842 2179 in
1874 2125 2115 2178 veritatis

2224 2127 2416 2198 στεράς
2443 2128 2675 2181 δυσωδία
2715 2126 3013 2192 ἐξελαύνει*
3049 2126 3190 2179 οὕτω
3212 2129 3304 2180 καὶ
3328 2127 3417 2180 τὸν
3449 2125 3674 2193 φύλακα
3704 2123 3810 2190 τῆς

554 2213 1016 2281 contemplatione
1062 2215 1210 2269 dives
1265 2216 1318 2269 in
1378 2225 1431 2270 te
1481 2217 1768 2280 inhabitet,
1791 2221 1858 2270 ob
1905 2216 2119 2268 divitias

2224 2219 2364 2290 ζωῆς
2391 2223 2423 2291 ἠ
2435 2220 2549 2290 μῶν
2581 2219 2864 2288 ἄγγελονή
2896 2217 3238 2289 πολύδακρυς
3283 2219 3377 2271 καὶ
3403 2214 3652 2281 δυσώδης
3695 2214 3810 2280 ἀφ·-

557 2301 936 2366 przeclarorum
979 2317 1204 2372 operum
1235 2307 1472 2371 virtutis,
1507 2307 1648 2362 Dens
1683 2305 1992 2360 necessario
2019 2307 2117 2359 sli-

2225 2311 2432 2381 ίστησιν
2461 2311 2724 2382 ἁμαρτία.
2750 2308 2875 2362 Ἐὰν
2900 2308 3027 2383 ἔχῃς
3051 2311 3107 2361 ἐν
3131 2312 3193 2380 τῇ
3223 2309 3366 2378 ψυχῇ
3391 2307 3514 2369 ἀξια
3550 2303 3811 2371 φυλακῆς

558 2392 835 2460 pulatores
891 2393 983 2446 tibi
1018 2401 1073 2446 et
1106 2395 1359 2448 custodes
1391 2397 1691 2457 constituit,
1722 2404 1878 2463 teque
1910 2395 2122 2464 angelo-

2226 2403 2517 2473 ἀγγελικῆς
2553 2403 2708 2474 ἔργα,
2740 2401 2832 2454 καὶ
2854 2401 2978 2463 νοῦς
3004 2400 3256 2460 πλούσιος
3286 2401 3341 2449 ἐν
3385 2399 3496 2456 τοῖς
3536 2395 3638 2464 τῆς
3671 2393 3812 2460 ἁλη-

561 2499 677 2538 rum
721 2485 1018 2538 communit
1049 2485 1314 2540 custodia.
1349 2485 1644 2541 Considera
1691 2496 1871 2540 autem
1921 2498 2118 2554 quanta

2224 2496 2372 2557 θείας
2418 2494 2765 2564 θεωρήμασιν
2810 2495 2991 2562 ἐνοικῇ
3040 2509 3117 2543 σοι
3149 2490 3234 2542 διὰ
3271 2489 3361 2540 τὸν
3410 2485 3644 2539 πλοῦτον
3697 2485 3810 2538 τῶν

560 2576 630 2629 sit
662 2574 976 2645 angelorum
1015 2587 1227 2643 natura,
1255 2578 1686 2647 quandoquidem
1728 2579 1983 2633 exercitui
2028 2578 2121 2632 toti

2223 2585 2418 2655 τιμίων
2451 2584 2625 2656 ἔργων
2656 2583 2754 2652 τῆς
2783 2584 2999 2654 ἀρετῆς,
3050 2579 3358 2647 ἀναγκαίως
3403 2576 3683 2648 φρουρούς
3726 2592 3809 2627 σοι

558 2676 619 2721 et
668 2670 866 2722 castris
919 2670 1190 2736 frequenti
1246 2673 1414 2725 milite
1465 2671 1682 2725 refertis
1719 2672 1939 2741 angelus
1990 2686 2125 2724 unus

2226 2677 2319 2729 καὶ
2340 2675 2584 2744 φύλακας
2616 2673 3081 2744 παρακαθίστησιν
3113 2674 3141 2724 6
3173 2671 3323 2735 Θεὸς,
3358 2670 3452 2722 καὶ
3479 2666 3790 2739 περιτειχί-

560 2767 929 2824 comparatur.
983 2757 1214 2828 Propter
1243 2760 1669 2829 magnitudinem
1703 2761 1866 2829 igitur
1891 2761 2007 2831 ejus
2031 2760 2124 2829 qui

2228 2766 2310 2832 ζει
2341 2784 2397 2819 σε
2425 2768 2636 2836 φυλακῇ
2681 2765 2945 2833 ἀγγέλων.
2997 2763 3195 2816 Σκόπει
3229 2762 3285 2815 δὲ
3325 2761 3488 2831 ἡλίκη
3540 2758 3660 2810 ἐστὶ
3699 2754 3809 2807 τῶν

564 2852 618 2898 te
645 2845 896 2910 custodit,
933 2846 1190 2902 Dominus
1222 2856 1399 2902 castra
1439 2849 1531 2902 tibi
1583 2850 1826 2918 impertit
1860 2868 1872 2903 :
1901 2861 2123 2919 propter

2229 2860 2476 2928 ἀγγέλων
2511 2863 2543 2931 ἡ
2589 2859 2774 2928 φύσις·
2815 2860 2896 2912 ὃτι
2927 2857 3031 2927 ὅλῳ
3067 2855 3410 2927 στρατοπέδῳ
3455 2851 3548 2904 κοιλ⁹
3582 2865 3809 2918 παρεμ-

565 2936 935 2991 fortitudinem
979 2952 1108 2993 vero
1152 2938 1351 3008 angeli,
1389 2939 1551 2993 tutela
1602 2940 1768 3008 ipsius
1823 2956 1919 2994 ceu
1973 2957 2128 2996 muro

2229 2952 2356 3021 60λῇ
2391 2949 2797 3021 πολυανθρῶπῳ
2831 2946 3225 3018 παρεικάζεται
3256 2949 3283 2997 6
3314 2939 3392 3005 εἷς
3424 2941 3678 3008 ἄγγελος.
3711 2939 3811 2990 Διά

565 3026 837 3081 undelibet
869 3037 921 3082 te
969 3030 1159 3085 munit.
1191 3029 1320 3083 Nam
1359 3029 1506 3094 illud,
1538 3029 1606 3083 In
1635 3032 1881 3094 circuitu,
1914 3031 2014 3085 hoc
2044 3033 2124 3100 ip-

2234 3043 2331 3112 μὲν
2357 3038 2447 3094 οὖν
2474 3042 2533 3094 τὸ
2570 3039 2797 3109 μέγεθος
2823 3038 2914 3090 τοῦ
2958 3035 3323 3104 φυλάσσοντος
3354 3049 3412 3085 σε
3447 3028 3811 3100 παρεμϐολήν

565 3133 682 3172 sum
737 3120 1029 3188 signiﬁcat.
1066 3123 1526 3188 Quemadmodum
1566 3125 1707 3180 enim
1742 3125 1956 3180 urbium
1990 3127 2125 3180 muri

2233 3151 2315 3186 σοι
2340 3131 2619 3203 χαρίζεται
2645 3134 2673 3184 6
2700 3130 2932 3200 Κύριος’
2963 3127 3050 3181 διὰ
3070 3127 3126 3180 δὲ
3148 3127 3246 3197 τὴν
3276 3126 3426 3194 ἰσχὺν
3450 3122 3544 3176 τοῦ
3570 3121 3810 3189 ἀγγέλου

568 3211 621 3262 in
657 3211 885 3264 circuitu
916 3213 1063 3266 omni
1091 3230 1155 3266 ex
1182 3226 1334 3282 parte
1366 3217 1743 3284 circumducti,
1776 3219 2131 3290 undecunque

2237 3225 2397 3278 οἱονεὶ
2427 3222 2779 3294 περιτειχίζει
2818 3240 2875 3276 σε
2906 3219 3168 3275 πάντοθεν
3199 3221 3266 3290 τῇ
3301 3219 3393 3272 ἀπ’
3433 3214 3600 3270 αὐτοῦ
3635 3215 3815 3280 ἀσφα-

567 3297 802 3352 hostiuin
833 3301 1071 3354 assultus
1100 3312 1289 3355 arcent
1321 3321 1334 3356 :
1369 3305 1439 3356 ita
1468 3306 1632 3359 etiam
1657 3307 1880 3376 angelus
1908 3319 1962 3361 et
1996 3324 2135 3378 pra:-

2241 3317 2379 3389 λείᾳ.
2422 3316 2592 3370 Τοῦτο
2620 3315 2728 3386 γὰρ
2775 3316 3026 3386 σημαίνει
3068 3301 3152 3378 τὺ,
3195 3313 3428 3374 Κύκλῳ.
3462 3309 3675 3375 Ὠσπερ
3705 3305 3812 3376 γὰρ

569 3391 746 3444 munit
779 3406 808 3444 a
849 3391 1045 3455 fronte,
1076 3404 1128 3448 et
1169 3408 1197 3446 a
1247 3405 1398 3464 tergo
1433 3400 1687 3463 custodit,
1719 3416 1820 3455 nec
1844 3402 2134 3470 quidquam

2244 3412 2292 3462 oi
2329 3409 2437 3461 τῶν
2465 3409 2671 3461 πόλεων
2722 3407 3016 3477 περίϐολοι,
3058 3403 3240 3472 κύκλῳ
3280 3402 3480 3462 πάσαις
3512 3397 3626 3469 (85)
3657 3414 3815 3467 περι-

573 3485 826 3553 utrinque
858 3485 1242 3540 incustoditum
1290 3488 1564 3556 relinquit.
1597 3490 1671 3542 Ea
1728 3494 1793 3544 de
1833 3507 1995 3545 causa
2027 3492 2133 3545 Ca-

2245 3500 2513 3568 κείμενοι,
2576 3497 2838 3551 πάντοθεν
2891 3497 2988 3559 τάς
3039 3495 3144 3548 τῶν
3183 3492 3454 3562 πολεμίων
3505 3489 3816 3560 προσϐολὰς

570 3579 687 3628 dent
732 3594 764 3629 α
807 3576 967 3629 latere
1036 3587 1124 3629 tuo
1181 3577 1346 3642 mille,
1375 3589 1421 3631 et
1475 3580 1647 3633 decem
1682 3580 1848 3633 millia
1877 3599 1909 3634 a
1938 3584 2134 3636 dextris

2242 3590 2592 3659 ἀπείργουσιν
2617 3604 2628 3616 ·
2676 3587 2818 3641 οὕτω
2862 3586 2955 3640 καὶ
2997 3588 3024 3638 6
3055 3584 3305 3652 ἄγγελος,
3344 3582 3438 3636 καὶ
3479 3580 3815 3652 προτειχίζει

571 3666 775 3732 tuis";
817 3669 882 3720 ad
916 3677 967 3721 te
1001 3676 1176 3720 autem
1230 3683 1297 3721 ne
1341 3667 1496 3738 plaga
1548 3672 1762 3738 quidem
1813 3671 2132 3740 cujusquam

2243 3681 2305 3731 ἐκ
2332 3680 2440 3732 τῶν
2468 3680 2820 3751 ἔμπροσθεν,
2853 3680 2944 3732 καὶ
2973 3676 3416 3744 ὀπισθοφυλακεῖ,
3470 3672 3564 3726 καὶ
3605 3673 3728 3724 οὐδὲ
3751 3670 3817 3723 τὰ

574 3758 747 3810 hostis
777 3758 1511 3827 approliinquabit,quoniam
1537 3761 1740 3832 angelis
1770 3762 1884 3817 suis
1913 3763 2137 3817 manda-

2243 3771 2584 3843 ἐκατέρωθεν
2615 3771 2898 3840 ἀφύλακτα
2927 3768 3264 3823 καταλείπει.
3291 3765 3388 3819 Διά
3422 3763 3584 3817 τοῦτο
3608 3762 3817 3817 Πεσεῖν

575 3848 653 3899 bit
681 3847 746 3900 de
775 3861 844 3906 te.
2244 3878 2338 3915 ται
2357 3863 2425 3916 ἐκ
2447 3864 2552 3917 τοῦ
2581 3865 2824 3928 κλίτους
2844 3877 2959 3915 σου
2984 3861 3200 3929 χιλιὰς,
3234 3859 3333 3913 καί
3371 3857 3588 3927 μυριὰς
3627 3856 3694 3906 ἐκ
3730 3853 3818 3905 δε-

574 3938 722 4003 ξιῶν
748 3957 900 3995 σου·
935 3948 1072 4015 πρὸς
1108 3948 1166 3999 σὲ
1209 3946 1264 3998 δὲ
1308 3947 1427 3999 οὐδὲ
1478 3947 1656 4019 πληγή
1700 3965 1841 4012 τινος
1873 3947 1981 4002 τῶν
2028 3950 2137 4022 (86)
2203 3953 2412 4027 ἐχθρῶν
2461 3959 2653 4024 ἐγγιεῖ,
2698 3957 2778 4009 ὅτι
2827 3958 2937 4018 τοῖς
2988 3952 3235 4021 ἀγγέλοις
3297 3948 3460 4003 αὑτοῦ
3528 3944 3818 4000 ἐντελεῖται

577 4035 707 4103 περὶ
729 4034 845 4086 σοῦ.

649 4128 703 4181 ti.
746 4125 909 4181 Vens.
947 4127 1001 4183 9.
1043 4125 1274 4188 Gustata,
1311 4143 1355 4182 et
1385 4133 1551 4185 videte
1583 4137 1830 4201 quoniam
1872 4139 2043 4191 suavis
2070 4148 2145 4192 est

2321 4138 2373 4193 6.
2402 4137 2731 4196 Γεύσασθε,
2771 4132 2866 4184 καὶ
2893 4131 3045 4184 ἴδετε
3079 4129 3166 4181 ὅτι
3207 4124 3470 4195 χρηστὸς
3516 4124 3548 4174 ό
3579 4120 3815 4184 Κύριος.

581 4217 858 4272 Dominus.
895 4218 1076 4274 Multis
1113 4220 1165 4273 in
1211 4220 1342 4275 locis
1389 4222 1814 4289 observavimus,
1867 4227 2146 4282 facultates

2252 4227 2526 4296 Πολλαχοῦ
2580 4225 2960 4294 τετηρήκαμεν
2987 4260 3001 4283 ,
3055 4222 3135 4272 ὅτι
3190 4221 3302 4278 τοῖς
3359 4215 3554 4280 ἔξωθεν
3607 4210 3817 4279 μέλεσιν

586 4310 776 4362 anima:
826 4309 1012 4364 iisdem
1070 4312 1379 4365 nominibus
1430 4322 1591 4382 atque
1639 4323 1860 4368 externa
1908 4318 2147 4370 memlira

2254 4317 2558 4386 ὁμωνύμως
2591 4315 2646 4366 αἱ
2671 4315 2768 4381 τῆς
2797 4312 2972 4379 ψυχῆς
3017 4304 3509 4378 προσαγορεύονται
3541 4301 3815 4368 δυνάμεις.

589 4401 864 4468 appellari.
882 4401 1014 4456 Cum
1035 4413 1211 4457 autem
1235 4405 1488 4458 Dominus
1514 4415 1694 4458 noster
1709 4406 1861 4473 panis
1881 4422 2039 4459 verus
2057 4407 2147 4473 sit,

2273 4409 2422 4461 Ἐπεὶ
2454 4407 2509 4458 δὲ
2543 4405 2704 4475 ἄρτος
2731 4405 2876 4455 ἐστὶν
2908 4399 3158 4470 ἀληθινὸς
3192 4401 3219 4450 6
3243 4397 3445 4468 Κύριος
3467 4393 3646 4465 ἡμῶν,
3676 4392 3765 4444 καὶ
3789 4391 3819 4460 ἡ

588 4495 776 4560 ‹·ιο]ιιε
797 4508 925 4546 caro
955 4509 1113 4548 verus
1147 4495 1334 4560 cibus;
1368 4510 1586 4550 necesse
1616 4506 1694 4550 est
1725 4496 1882 4567 149
1910 4498 2151 4565 volupta-

2260 4500 2394 4570 σὰρξ
2427 4495 2589 4550 αὑτοῦ
2621 4495 2826 4564 ἀληθής
2851 4496 2966 4545 ἐστι
2991 4490 3191 4560 βρῶσις
3213 4505 3226 4519 ·
3259 4488 3471 4555 ἀνάγκη
3502 4486 3600 4554 τὴν
3632 4484 3818 4553 ήδονην

589 4593 701 4635 tem
748 4583 950 4640 laetitia:
981 4587 1134 4656 panis
1165 4602 1259 4654 per
1305 4595 1517 4651 gustum
1547 4587 1877 4654 spiritualem
1909 4587 1956 4641 in
1994 4589 2147 4642 nobis

2255 4592 2352 4662 τῆς
2373 4589 2711 4661 εὐφροσύνης
2752 4585 2843 4639 τοῦ
2868 4585 3030 4656 ἄρτου
3071 4581 3160 4634 διὰ
3192 4579 3429 4648 γεύσεως
3463 4579 3594 4646 ἡμῖν
3629 4575 3821 4643 νοητῆς

589 4677 757 4746 gigni.
803 4677 1263 4742 Quemadmodum
1297 4682 1468 4734 mellis
1499 4691 1686 4734 natura
1718 4699 1820 4736 non
1863 4697 2013 4749 :cquc
2042 4698 2157 4736 ser-

2260 4686 2588 4751 ἐγγίνεσθαι.
2629 4683 2714 4744 Ὠς
2756 4678 2848 4732 τοῦ
2879 4676 3149 4748 μέλιτοςὴ
3181 4672 3342 4741 φύσις
3368 4671 3427 4723 ού
3466 4666 3720 4720 τοσοῦτον
3750 4664 3819 4730 τῷ

595 4783 771 4834 mone,
810 4773 1008 4836 acipso
1047 4782 1232 4842 gustus
1266 4789 1425 4827 sensu
1463 4775 1701 4828 exhiberi
1735 4775 2026 4840 inexpertis
2059 4790 2155 4842 po-

2258 4775 2400 4842 λόγῳ
2425 4775 2644 4826 δύναται
2678 4772 3020 4842 παραστῆναι
3074 4766 3184 4835 (87)
3231 4767 3342 4825 τοῖς
3391 4760 3660 4829 ἀπείροις,
3705 4759 3819 4809 ὅσον

597 4867 703 4911 test
730 4875 744 4910 :
769 4859 849 4913 sic
890 4874 1066 4928 neque
1093 4861 1331 4916 cmlestis
1368 4863 1518 4917 verbi
1571 4863 1780 4917 bonitas
1823 4863 2156 4916 documentis

2260 4867 2352 4918 ἀπ’
2379 4866 2546 4935 αὐτῆς
2592 4867 2689 4931 τῆς
2740 4864 2878 4915 κατὰ
2931 4860 3027 4930 τὴν
3059 4857 3246 4927 γεῦσιν
3276 4853 3608 4923 αἰσθήσεως·
3659 4847 3820 4908 οὕτως

598 4950 744 5003 clare
773 4952 966 5019 exponi
1016 4961 1214 5020 potest,
1246 4954 1370 5015 nisi,
1404 4956 1744 5024 dogmatibus
1781 4955 2024 5008 veritatis
2046 4955 2159 5007 diu-

2263 4956 2378 5007 ούδέ
2418 4958 2448 5023 ἡ
2484 4955 2782 5025 χρηστότης
2806 4944 2917 5004 ’τοῦ
2958 4947 3206 5019 οὐρανίου
3239 4944 3396 5010 λόγου
3432 4938 3679 5009 ἐναργῶς
3722 4955 3821 4988 πα-

598 5040 705 5092 tins
726 5041 1072 5106 examinatis,
1101 5042 1394 5097 bonitatem
1430 5045 1638 5098 Domini
1681 5046 1946 5113 possimus
1981 5057 2157 5098 nostra

2270 5047 2552 5116 ραδοθῆναι
2586 5044 2946 5104 διδασκαλίαις
2978 5039 3086 5110 (88)
3109 5038 3348 5095 δύναται,
3377 5033 3470 5087 ἐὰν
3509 5031 3602 5102 μὴ,
3639 5029 3706 5081 τὰ
3733 5042 3821 5094 ττιῖ

671 5156 717 5186 ⁸³
749 5156 892 5209 Psal.
925 5172 1013 5219 xc,
1048 5155 1098 5209 7.

673 5292 787 5361 (8'5)
828 5291 920 5346 Sic
943 5303 1145 5358 septem
1177 5308 1304 5345 mss.
1343 5293 1412 5344 At
1445 5291 1569 5344 editi
1605 5307 1841 5361 φρονειν.
1872 5289 1989 5361 Mox
2012 5289 2170 5357 qnin-
2348 5289 2455 5358 (86)
2488 5289 2560 5341 lta
2598 5289 2995 5361 quinquemss.
3026 5280 3188 5361 {fault}
3221 5279 3375 5361 aliter
3403 5275 3599 5361 legitur

605 5339 704 5430 qui:
756 5339 885 5418 mss.
931 5339 1038 5416 dab
1085 5363 1295 5415 πασῶν.
1364 5363 1500 5415 Ειιὰιί
1561 5339 1880 5430 ἐλέΐπασῶν.
1936 5339 2173 5430 Subinde

2277 5343 2360 5418 tis:
2390 5339 2513 5430 ltocd
2538 5339 2692 5411 umido
2729 5339 2909 5430 1:71:9ng
2944 5355 3001 5404 σὲ
3030 5352 3086 5430 ᾷέ
3131 5352 3238 5430 οὐκ.
3273 5349 3459 5430 tincta:
3485 5341 3620 5430 0557i

607 5409 841 5500 quinque
867 5449 992 5486 mss.
1025 5432 1368 5485 δουλεύοντα.
1407 5432 1543 5484 Etliti
1599 5429 1978 5483 δουλεύσαντα.
2039 5428 2169 5497 Reg.

2274 5409 2414 5491 τινος
2434 5409 2574 5487 -τῶν,
2760 5409 2906 5492 Ιιὲςί
2925 5423 3110 5500 tertius
3128 5421 3282 5500 -πρξς
3315 5409 3632 5500 ’σ’ὲβδξιοξδξ

609 5481 1541 5568 ἧῦἰὲίῗυξόᾇξιλῲόἐνὲέᾷῘ’⁷⁷⁷“⁷“’⁷
1638 5481 1645 5483 “
1934 5481 1975 5482 ”
2119 5481 2147 5497 ’³

2275 5518 2360 5562 τις
2385 5481 2513 5552 τῶν.
2554 5481 2669 5551 Mox
2705 5481 2960 5550 mssfscx
2990 5495 3102 5553 τοῖς
3127 5481 3341 5552 ἔξωθεν.
3383 5484 3517 5537 Etlili
3553 5485 3663 5541 τοῖς
3705 5481 3819 5544 ἔξω.

678 5571 789 5639 (Si)
813 5571 944 5641 Reg.
970 5573 1238 5626 secundus
1267 5571 1551 5640 ἐνέδραμε.
1572 5570 1704 5639 Reg.
1733 5570 1921 5624 tertius
1950 5570 2169 5638 ἔδραμε.

1862 5585 1921 5624 us
1950 5570 2169 5638 ἔδραμε.
2276 5570 2521 5641 Mnsdno
2550 5585 2678 5622 mss.
2706 5566 2887 5641 ἐπειδὴ
2919 5564 3099 5631 ἄρτος.
3118 5631 3139 5640 ν
3347 5640 3356 5641 7
3387 5639 3396 5641 ξ
3432 5623 3441 5641 τ

612 5630 711 5697 Alii
748 5630 1042 5713 mssfcnm
1076 5644 1236 5695 editis
1268 5630 1560 5713 ἀνέδ’ρα’μεο
2013 5630 2022 5638 1
2085 5630 2094 5636 '
2132 5708 2140 5713 .

2346 5639 2459 5702 (87)
2489 5639 2618 5705 Reg.
2653 5630 3264 5713 qnintnstrtdpasjrﬁozai,
3300 5639 3408 5705 non
3432 5630 3502 5708 ita

685 5711 794 5780 (‘35)
830 5714 963 5768 Editi
998 5721 1047 5765 et
1079 5722 1188 5766 tres
1226 5728 1351 5765 mss.
1387 5703 1603 5774 πάσαις.
1628 5712 1728 5765 Alii
1763 5721 1871 5765 tres
1901 5726 2025 5764 mss.
2077 5708 2174 5763 πά-

2137 5708 2174 5758 ὶ·
2350 5709 2458 5779 (88)
2497 5703 2592 5762 Sic
2617 5703 2816 5777 septem
2845 5721 2968 5760 mss.
3001 5703 3137 5756 Editi
3170 5703 3509 5752 ὃτδασκαλξας
3535 5705 3723 5759 Αογοις.

614 5797 695 5858 σῃ.
