4016 6432
509 347 618 402 367

1822 364 1879 419 S.
1924 365 2169 421 BASILiI
2210 370 2425 427 MACNI

3677 382 3792 439 568

502 466 609 520 Aut
642 468 781 524 forte
819 472 982 525 etiam
1021 473 1246 530 divitem
1271 478 1400 532 dicit
1430 480 2077 551 pepulmnIsraeliticum,

2185 490 2290 541 ὑπὸ
2318 492 2416 560 τῆς
2441 493 2551 562 (92)
2589 493 2707 563 βίας
2737 494 2846 545 τῶν
2882 494 3095 565 ἀνέμων
3128 495 3311 548 ἄλλοτε
3347 497 3481 566 πρὸς
3507 498 3655 551 ἀλλα
3694 499 3794 569 μὲ-

502 571 735 623 qunrum
769 572 852 614 cst
876 564 1097 632 adoptio
1136 582 1199 622 ac
1229 568 1445 624 divinus
1467 570 1921 643 cultus,‘quorum
1956 587 2082 631 sunt

504 651 914 717 promissiones,
949 670 1016 710 ex
1070 660 1267 725 quibus
1301 670 1427 715 sunt
1467 672 1646 731 patres
1674 665 1740 721 “.
1786 666 1847 721 lli
1899 669 2081 738 itaque

504 740 574 791 nl)
606 754 887 809 peccatum
922 746 973 801 in
1018 748 1300 807 Dominum
1334 754 1631 811 admissum
1664 772 1949 828 eguerunt.
1977 762 2078 828 Qui

508 846 635 886 vero
667 833 881 890 illorum
914 839 1034 895 loco
1079 842 1440 912 iuquisierunt
1478 847 1783 918 Dominum,
1818 868 1921 907 non
1970 854 2080 906 mi-

506 937 741 1017 nuentur
799 930 945 984 omni
995 932 1153 989 bono.
1203 936 1364 1008 150
1408 939 1681 1010 Egueruut
1718 956 1895 999 autem
1948 963 2079 1017 quo-

503 1015 793 1073 dammodo
831 1032 885 1076 et
914 1024 1245 1083 esurierunt.
1290 1029 1584 1101 Postquam
1607 1037 1750 1090 enim
1781 1015 2079 1108 panem‘vh

507 1118 572 1163 tre
599 1110 643 1142 ⁸⁷
671 1113 1083 1184 interfecerunt,
1122 1123 1269 1177 venit
1299 1139 1465 1195 super
1500 1128 1644 1196 ipsos
1687 1129 1855 1185 fames
1881 1133 2033 1199 panis
2059 1152 2072 1187 :

504 1211 558 1255 vt
590 1212 869 1274 postquam
910 1208 1038 1263 fonti
1076 1227 1228 1280 aqua:
1264 1218 1399 1271 vivae
1443 1219 1489 1250 ⁸⁸
1535 1230 1779 1275 struxere
1832 1223 2073 1287 insidias,

505 1298 736 1352 accessit
777 1300 845 1355 ad
875 1301 995 1358 illos
1024 1305 1169 1371 sitis,
1194 1324 1259 1363 ac
1306 1313 1628 1381 supplicium
1682 1314 1803 1369 sitis
1829 1316 1971 1385 ipsos
1996 1319 2077 1372 in-

503 1388 686 1443 vasit:
730 1389 900 1449 fames
948 1408 1150 1462 autem,
1197 1417 1302 1455 non
1348 1406 1501 1472 panis
1557 1407 1861 1469 sensibilis,
1901 1425 2076 1477 neque

500 1479 618 1532 sitis
663 1496 838 1552 aqum,
882 1487 973 1541 sed
1012 1489 1180 1544 fames
1234 1494 1483 1548 audiendi
1515 1497 1734 1549 verbum
1771 1499 1975 1553 Domini
2009 1502 2073 1553 ⁸³.

505 1570 771 1639 It'gucrunt
797 1576 968 1647 itaque
988 1592 1034 1632 et
1068 1584 1385 1639 esurierunt.
1423 1584 1491 1637 At
1521 1601 1644 1639 vero
1677 1588 1769 1656 qui
1802 1604 1865 1643 ex
1901 1595 2075 1660 genti-

501 1664 600 1717 hus
638 1665 925 1725 Dominum
958 1674 1233 1744 inquirere
1262 1678 1585 1743 didicerunt,
1617 1695 1721 1734 non
1764 1684 2077 1737 minuentur

502 1757 610 1813 ullo
646 1760 806 1818 bono.
840 1762 1146 1821 Perfectum
1180 1771 1400 1825 omnino
1435 1773 1630 1827 bomnn
1663 1772 1805 1829 Deus
1837 1775 1949 1844 ipse
1970 1786 2074 1839 est,

2189 600 2255 654 ρη
2291 585 2548 652 πεφυκὼς
2579 588 2887 657 μεταρρεῖν.
2925 589 3034 641 Καὶ
3066 588 3312 641 πλούσιον
3341 588 3486 655 λέγει
3513 589 3665 657 τάχα
3693 590 3791 643 τὸν

2199 678 2445 749 Ἰσραήλο
2479 674 2553 732 ὧν
2585 684 2615 751 ή
2649 680 2889 733 υίοθεσία
2925 682 3017 734 καὶ
3049 684 3080 751 ή
3112 682 3351 751 λατρεία,
3397 675 3472 733 ὧν
3504 684 3559 733 αἱ
3596 684 3785 747 ἐπαγ-

2186 768 2382 838 γελίαι,
2415 768 2473 833 ἐξ
2494 763 2568 823 ὧν
2597 774 2642 824 oi
2672 770 2921 841 πατέρες.
2952 766 3109 824 Οῦτοι
3137 772 3313 823 τοίνυν
3337 770 3424 823 διά
3448 770 3548 839 τὴν
3578 772 3664 831 εἰς
3688 770 3785 821 τὸν

2185 856 2388 927 Κύριον
2418 860 2691 931 ἁμαρτίαν
2716 859 3081 928 ἐπτώχευσαν.
3112 862 3173 913 Οἱ
3200 861 3256 914 δὲ
3286 862 3398 914 ἀντ’
3427 860 3658 912 ἐκείνων
3684 861 3784 910 ὲκ-

2186 949 2516 1019 ξητήσαντες
2558 953 2647 1004 τὸν
2680 950 2879 1022 Κύριον
2923 952 3022 1003 οῦκ
3064 952 3525 1023 ἐλαττωθήσονται
3569 951 3782 1015 παντὸς

2186 1042 2410 1110 ἀγαθοῦ.
2463 1044 2841 1114 Ἐπτιὲχευσαν
2895 1043 2950 1094 δέ
3001 1061 3116 1105 πως
3166 1045 3258 1096 καὶ
3296 1045 3405 1115 (95)
3449 1045 3773 1098 ἐπείνασαν.

2198 1136 2412 1205 Ἐπειδὴ
2447 1137 2550 1207 γὰρ
2587 1137 2910 1188 ἀπέκτειναν
2952 1136 3041 1187 τὸν
3074 1136 3233 1207 ἄρτον
3267 1138 3365 1206 τῆς
3400 1137 3568 1205 ζωῆς,
3603 1133 3779 1207 ἦλθεν

2185 1227 2269 1278 ἐπ’
2300 1227 2494 1291 αὖτοὺς
2516 1230 2543 1279 ὁ
2574 1229 2729 1298 λιμὸς
2762 1229 2852 1281 τοῦ
2882 1229 3042 1298 ἀρτου
3068 1246 3079 1257 ⁸
3115 1228 3206 1281 καὶ
3231 1229 3414 1299 ἐπειδὴ
3443 1229 3778 1282 ἐπεϐούλευ-

2187 1336 2283 1372 σαν
2315 1322 2378 1389 τῇ
2414 1323 2559 1389 πηγῇ
2589 1319 2682 1371 τοῦ
2714 1320 2899 1382 ὓδατος
2928 1318 3019 1371 τοῦ
3049 1319 3266 1383 ζῶντος,
3309 1316 3469 1390 ἦλθεν
3515 1320 3712 1382 αὐτοῖς
3742 1321 3776 1390 ἡ

2184 1410 2329 1480 δίψα.
2365 1412 2464 1463 καὶ
2497 1411 2727 1482 ἐπετέθη
2764 1412 2873 1481 (94)
2899 1412 3077 1474 αὐτοῖς
3111 1413 3142 1481 ἡ
3175 1414 3237 1465 ὲκ
3280 1412 3376 1481 τῆς
3407 1412 3568 1482 δίψης
3603 1412 3778 1463 κόλα-

2188 1521 2268 1567 σις
2290 1522 2301 1532 ·
2330 1503 2484 1573 λιμὸς
2509 1503 2564 1556 δὲ
2598 1504 2715 1573 οὐχ).
2736 1505 2899 1575 ἄρτου
2924 1503 3201 1573 αἰσθητοῦ,
3231 1503 3348 1555 οὐδὲ
3384 1503 3509 1571 δίψα
3548 1504 3773 1567 ὓδατος,

2183 1597 2317 1651 ἀλλά
2341 1597 2493 1666 λιμὸς
2514 1597 2606 1651 τοῦ
2632 1598 2860 1651 ἀκοῦσαι
2892 1598 3045 1665 λόγον
3070 1597 3291 1667 Κυρίου.
3338 1597 3441 1650 Ἐπ
3452 1597 3778 1664 τώχευσιθι

2176 1690 2293 1759 μὲν
2324 1685 2436 1743 οὖν
2474 1689 2567 1740 καὶ
2602 1691 2949 1743 ἐπείνασαν.
2998 1691 3058 1742 Οἱ
3091 1689 3269 1759 μέντοι
3299 1688 3405 1741 ἀπὸ
3435 1688 3545 1740 τῶν
3594 1689 3776 1742 ἐθνίῖν

2187 1781 2447 1850 μαθόντες
2480 1780 2725 1849 ὲκζητεῖν
2773 1780 2863 1833 τὸν
2912 1781 3114 1853 Κύριον
3154 1780 3252 1832 ούκ
3295 1779 3774 1850 ὲλαττωθήσονται

500 1864 610 1917 quo
649 1867 757 1906 non
789 1855 1097 1912 minuentur
1124 1871 1382 1931 quotquot
1412 1867 1708 1933 exquirunt
1739 1842 1931 1937 ipsum.
1960 1868 2074 1924 Non

2184 1873 2381 1935 παντὸς
2409 1871 2631 1941 ἀγαθοῦ.
2672 1872 2744 1924 Τὸ
2784 1872 3092 1925 παν-τέλειον
3114 1871 3315 1940 ἀγαθὸν
3353 1872 3513 1934 αὑτός
3554 1874 3711 1923 ἐστιν
3747 1875 3776 1925 ὁ

502 1942 645 1994 enim
705 1946 834 1999 mihi
888 1949 1154 2017 quispiam
1192 1955 1513 2020 ineruditus,
1545 1960 1634 2028 qui
1668 1974 1981 2030 perversum
2011 1964 2078 2018 de

504 2030 643 2087 bono
669 2051 732 2088 ac
784 2038 924 2093 malo
947 2040 1211 2108 judicium
1241 2046 1397 2114 ferat,
1424 2049 1620 2104 bonum
1660 2054 1901 2108 nominet
1932 2071 2075 2115 eum.

505 2125 591 2192 qui
623 2126 945 2196 voluptatem
985 2139 1367 2205 temporariam
1404 2150 1568 2211 atque
1597 2159 1701 2198 una
1725 2160 1849 2200 cum
1885 2162 2078 2215 corpo-

502 2216 577 2271 ris
607 2223 953 2290 corruptione
999 2236 1369 2286 transeuntem
1417 2235 1595 2290 habet.
1639 2237 1739 2304 Qui
1770 2239 1914 2293 enim
1960 2255 2079 2293 cor-

500 2323 693 2376 poreas
719 2327 848 2381 opes
879 2324 933 2370 et
975 2322 1366 2390 praerogativas
1396 2327 1703 2395 corporales
1729 2329 1781 2382 in
1831 2330 1954 2383 boni
1988 2346 2079 2385 0r-

500 2403 677 2457 dinem
748 2408 972 2477 redigit,
1012 2410 1057 2464 is
1108 2418 1463 2471 reverendqu
1520 2430 1576 2474 et
1622 2419 1721 2474 soli
1776 2421 1883 2477 Deo
1947 2438 2077 2476 con-

501 2496 726 2554 veniens
777 2516 973 2558 nomen
1033 2507 1097 2559 ad
1157 2522 1245 2563 res
1298 2510 1433 2565 viles
1482 2521 1539 2568 et
1593 2513 1789 2569 nullius
1816 2518 2073 2571 momenti

501 2588 776 2654 transfert.
812 2602 866 2648 et
890 2595 1049 2652 simul
1077 2600 1129 2654 in
1155 2604 1596 2659 contrarietatem
1631 2606 1835 2663 incidet
1868 2611 2076 2679 gravis-

499 2679 713 2736 simam.
758 2685 864 2739 Aut
906 2687 1051 2741 enim
1088 2691 1231 2745 dicet
1276 2695 1571 2762 aposmlos,
1602 2706 1887 2767 propterea
1934 2703 2075 2769 quod

501 2785 608 2824 non
665 2773 1027 2843 inquisierunt
1084 2778 1404 2849 Dominum,
1460 2794 1743 2842 assecutos
1792 2802 1899 2842 non
1956 2804 2078 2843 esse

500 2866 803 2947 corporalia
829 2867 969 2923 bona
1012 2887 1026 2925 :
1055 2883 1148 2925 aut
1173 2874 1217 2929 si
1243 2889 1365 2929 emn
1395 2877 1753 2947 inquirentes,
1781 2880 1906 2935 talia
1935 2883 2075 2937 bona

501 2945 607 3008 non
632 2969 1033 3028 compararunt,
1053 2961 1391 3034 Scripturam
1429 2945 1596 3037 ipsam
1629 2945 1928 3036 accusabit,
1959 2988 2077 3041 qua:

500 3044 631 3099 dicit
659 3062 755 3104 eos
792 3052 882 3121 qui
927 3052 1215 3110 Dominum
1260 3058 1563 3127 inquirunt,
1593 3060 1736 3116 bono
1795 3065 1942 3119 nullo
1979 3067 2075 3119 de~

2180 1962 2310 2024 Θεός
2331 1980 2342 1991 ·
2378 1956 2437 2015 οὗ
2462 1964 2559 2014 οὐκ
2592 1962 3050 2033 ὲλαττωθήσονται
3085 1963 3282 2024 πάντες
3320 1964 3367 2015 οἱ
3403 1962 3774 2031 ὲκζητοῦντες

2180 2055 2356 2108 αὐτόν.
2386 2056 2476 2126 Μὴ
2519 2058 2625 2126 γάρ
2666 2054 2754 2124 μοί
2788 2072 2868 2116 τις
2905 2054 3247 2118 ἀπαίδευτος,
3280 2055 3593 2124 ἀδιάκριτον
3624 2055 3775 2123 ἔχων

2189 2146 2268 2197 τὸν
2300 2145 2427 2215 περὶ
2459 2146 2551 2198 τοῦ
2579 2144 2783 2214 ἀγαθοῦ
2828 2144 2920 2197 καὶ
2958 2143 3127 2196 κακοῦ
3176 2145 3338 2196 τόπον
3378 2144 3513 2213 (95),
3558 2145 3774 2210 ἀγαθὸν

2178 2235 2489 2306 ἑνομαζέτω
2564 2239 2653 2290 τὸν
2720 2237 3049 2309 πρόσκαιρον
3111 2236 3297 2306 ἔχοντα
3359 2236 3456 2307 τὴν
3513 2236 3772 2290 ἀπόλαυ-

2181 2344 2263 2379 σιν
2296 2328 2407 2397 (96)
2460 2328 2553 2380 καὶ
2586 2330 2649 2398 τῇ
2702 2328 2875 2399 φθορᾷ
2921 2326 3012 2380 τοῦ
3060 2326 3304 2397 σώματος
3345 2330 3771 2399 συναπερχομέ-

2177 2438 2293 2490 νην.
2330 2423 2386 2473 '0
2410 2420 2515 2492 γὰρ
2542 2421 2632 2473 τὸν
2658 2420 2965 2490 σωματικὸν
2996 2419 3223 2471 πλοῦτον
3253 2420 3343 2472 κα).
3373 2420 3437 2471 τά
3470 2420 3772 2490 σωματικά

2178 2515 2566 2584 προτερήματα
2602 2513 2679 2571 εἰς
2710 2513 2806 2581 τήν
2836 2511 2927 2564 τοῦ
2958 2510 3163 2580 ἀγαθοῦ
3190 2510 3340 2577 τάξιν
3368 2514 3653 2579 κατάγων.
3681 2514 3769 2577 εἰς

2179 2603 2476 2674 πράγματα
2507 2601 2694 2670 εύτελῆ
2716 2601 2809 2654 καὶ
2838 2602 3047 2665 οὐδενὸς
3080 2602 3240 2670 λόγου
3272 2602 3397 2666 ἄξια
3426 2602 3548 2670 ἄγει
3579 2604 3641 2653 τὸ
3678 2620 3772 2656 σε·

2182 2695 2310 2765 μνὲν
2335 2694 2427 2746 καὶ
2454 2692 2599 2762 μόνῳ
2634 2691 2751 2761 Θεῷ
2786 2692 2990 2763 πρέπον
3024 2692 3212 2762 ὄνομα,
3238 2695 3331 2746 καὶ
3362 2693 3475 2762 ἅμα
3503 2694 3772 2746 ἐναντιώ-

2184 2802 2309 2855 ματι
2341 2782 2705 2854 χαλεπωτάτῳ
2729 2786 3121 2853 περιπεσεῖται.
3150 2784 3219 2835 Ἦ
3242 2782 3350 2853 γὰρ
3372 2785 3495 2845 τοὺς
3526 2783 3772 2836 ἀποστό-

2178 2877 2303 2939 λους
2343 2878 2475 2945 ἐρεῖ,
2513 2877 2660 2947 παρὰ
2715 2876 2775 2927 τὸ
2834 2875 2907 2944 μὴ
2953 2874 3250 2945 ὲκζητῆσαι
3295 2875 3383 2927 τὸν
3420 2876 3648 2946 Κύριον,
3687 2876 3770 2946 μὴ

2176 2969 2534 3038 τετυχηκέναι
2590 2967 2698 3019 τῶν
2744 2967 3067 3037 σωματικῶν
3117 2966 3368 3034 ἀγαθῶν·
3424 2968 3456 3037 ἥ
3500 2969 3546 3019 εἰ
3596 2968 3767 3038 ἐκζη-

2176 3060 2396 3122 τοῦντες
2423 3058 2794 3127 ἀπετύγχανον
2822 3058 2928 3111 τῶν
2952 3058 3205 3110 τοιούτων
3231 3058 3469 3126 ἀγαθῶν,
3493 3059 3593 3128 τῆς
3621 3060 3769 3129 Γραο

498 3138 673 3197 stitui.
701 3141 809 3197 Sed
837 3153 894 3199 et
923 3147 1290 3215 iuquisierunt
1323 3150 1491 3205 sancti
1515 3150 1825 3215 Dominum,
1856 3165 1911 3209 et
1938 3170 2078 3209 com-

499 3232 813 3254 __A,_‘__._.h
838 3250 853 3254 Α
918 3238 930 3251 .
1107 3240 1165 3253 ..
1288 3241 1367 3254 ..Α
1557 3252 1563 3254 .

2184 3154 2286 3223 φῆς
2330 3151 2501 3220 αὐτῆς
2554 3151 2918 3220 κατηγορήσει
2973 3148 3234 3218 λεγούσης
3286 3149 3511 3220 μηδενὸς
3549 3151 3766 3217 ἀγαθοῦ

499 3232 858 3298 prehensione
883 3238 999 3308 ejus
1030 3240 1120 3308 qui
1153 3241 1443 3311 inquisitus
1487 3252 1590 3307 est,
1619 3260 1726 3300 non
1760 3259 2076 3312 caruerunt,

501 3341 676 3397 neque
700 3328 855 3385 bonis
883 3330 935 3383 in
964 3341 1167 3389 arterna
1191 3335 1378 3404 requie
1410 3337 1659 3406 repositis
1687 3346 1817 3393 sunt
1844 3340 2077 3408 spoliati.

501 3419 779 3488 Siquidem
796 3424 863 3478 de
893 3424 997 3478 illis
1021 3426 1174 3480 bonis
1196 3427 1299 3481 dici
1327 3430 1543 3498 proprie
1567 3431 1735 3499 possit
1752 3430 1904 3497 illud,
1925 3431 2083 3485 Omni

500 3518 656 3569 bona.
679 3514 811 3570 Nam
840 3532 1116 3587 corporete
1146 3519 1450 3589 voluptates
1487 3521 1604 3590 plus
1631 3522 1890 3577 molestia:
1916 3540 2077 3592 quam

497 3607 850 3676 iucunditatis
885 3609 1104 3673 habent.
1121 3608 1412 3666 Procreant
1435 3613 1580 3667 enim
1600 3614 1798 3682 nuptis:
1819 3614 2077 3670 sterilita-

500 3713 629 3765 tem,
652 3699 987 3765 viduitatem,
1007 3708 1226 3771 stupra;
1258 3703 1584 3769 agricultura
1603 3704 2074 3773 infecunditatem;

500 3798 802 3843 mercatura
825 3792 1122 3858 naufragia;
1142 3791 1339 3847 divitia:
1355 3792 1598 3859 insidias;
1615 3793 1819 3848 delicia:
1834 3796 2080 3849 satietas-

499 3895 605 3951 que
626 3890 681 3936 et
711 3882 944 3936 assidue
966 3885 1270 3951 voluptates
1297 3886 1515 3939 morbos
1552 3888 1731 3942 varios
1764 3902 1829 3941 ac
1867 3888 2074 3943 diversa

501 3971 847 4028 alfectionum
898 3988 1117 4043 genera.
1182 3976 1378 4031 Paulus
1434 3978 1618 4046 utique
1667 3988 1722 4034 el
1771 3979 2079 4048 inquirebat

505 4066 812 4129 Dominum,
842 4076 896 4120 et
945 4065 1075 4120 nihil
1118 4068 1165 4121 ei
1203 4069 1372 4123 defuit
1410 4070 1695 4127 bonorum.
1730 4070 1927 4127 Verum
1958 4074 2080 4144 quis

500 4159 744 4227 corporis
773 4157 1072 4221 molestias,
1104 4159 1154 4212 in
1189 4162 1384 4228 quibus
1414 4177 1509 4231 per
1540 4171 1707 4217 totam
1736 4180 1890 4219 suam
1913 4166 2075 4219 vitam

503 4249 657 4312 vixit,
688 4262 1076 4304 annumeraret
1104 4252 1127 4305 ?
1156 4251 1263 4306 Ter
1288 4253 1454 4320 virgis
1491 4268 1664 4309 cmsus
1688 4264 1791 4318 est,
1810 4257 1977 4311 semel
1996 4267 2081 4312 est

507 4342 795 4412 lapidatus,
821 4352 903 4398 ter
932 4344 1277 4414 naufragium
1330 4346 1473 4411 fecit,
1520 4358 1733 4403 noctem
1766 4364 1829 4404 ac
1858 4349 1999 4402 diem
2026 4350 2076 4401 in

505 4434 771 4498 profundo
804 4437 932 4504 egit,
965 4437 1017 4491 in
1042 4437 1324 4493 itineribus
1354 4454 1518 4509 saepe,
1544 4442 1594 4494 in
1625 4441 1766 4496 fame
1787 4448 1841 4495 et
1875 4442 1985 4505 siti,
2026 4442 2076 4495 in

2183 3243 2529 3297 ἐλαττοῦσθαι
2558 3243 2681 3305 τοὺς
2709 3240 3069 3311 ἐκζητοῦντας
3097 3241 3186 3293 τὸν
3215 3242 3438 3313 Κύριον.
3477 3242 3641 3294 Ἀλλά
3666 3246 3768 3295 καὶ

2183 3333 2464 3404 ἐξεζήτουν
2492 3334 2540 3386 οἱ
2570 3334 2712 3399 ἀγιοι
2738 3333 2825 3384 τὸν
2857 3332 3076 3402 Κύριον,
3107 3333 3200 3385 καὶ
3229 3334 3328 3404 τῆς
3348 3333 3512 3386 αὑτοῦ
3538 3335 3635 3387 τθῦ
3659 3335 3764 3405 gn-

2180 3427 2440 3497 τουμένου
2463 3424 2816 3495 καταλήψεως
2841 3425 2938 3476 οὒκ
2967 3423 3310 3493 ἠλαττοῦντο,
3337 3425 3455 3477 οὐδὲ
3482 3425 3591 3477 τῶν
3624 3428 3768 3479 ἀπο-

2182 3520 2448 3589 κειμένων
2480 3520 2537 3574 iv
2566 3521 2631 3588 τῇ
2662 3518 2854 3586 αἰωνίξι
2883 3517 3182 3570 ἀναπαύσει
3218 3518 3329 3587 (97)
3356 3518 3574 3585 ἀγαθῶν
3608 3522 3768 3571 ἐστε-

2185 3598 2443 3683 ρήθησαν.
2480 3610 2616 3681 Περὶ
2664 3610 2885 3662 ἐκείνων
2931 3610 3037 3679 γὰρ
3082 3608 3291 3678 λέγοιτο
3326 3611 3390 3662 ἀν
3431 3612 3635 3681 κυρίως
3676 3613 3763 3675 τὸ,

2180 3704 2411 3769 Παντὸς
2467 3703 2710 3772 ἀγαθοῦ.
2778 3704 2841 3755 Αἱ
2890 3703 2996 3773 γὰρ
3063 3705 3369 3771 σωματικαὶ
3427 3703 3769 3767 ἀπολαύσεις

2181 3797 2361 3850 πλεῖον
2391 3796 2453 3849 τὸ
2481 3794 2737 3865 ὀδυνηρὸν
2762 3794 2943 3863 ἔχουσι
2989 3793 3082 3846 τοῦ
3125 3793 3313 3863 ἡδέος’
3363 3796 3411 3847 οἱ
3449 3796 3618 3864 γάμοι
3662 3796 3770 3859 τὰς

2180 3887 2455 3950 ἀπαιδίας,
2489 3885 2586 3950 τάς
2607 3885 2854 3957 χηρείας,
2891 3885 2988 3948 τὰς
3018 3885 3346 3957 διαφθοράςο
3395 3889 3451 3939 αἱ
3492 3890 3769 3957 γεωργίαι

2179 3979 2277 4050 τὴν
2316 3976 2594 4047 ἀκαρπίαν
2616 3992 2628 4003 ·
2669 3976 2725 4027 αἱ
2756 3975 3015 4045 ἐμπορίαι
3044 3976 3112 4028 τὰ
3140 3976 3373 4044 ναυάγια
3394 3992 3405 4004 ·
3452 3976 3502 4027 oi
3540 3976 3768 4030 πλοῧτοι

2179 4072 2277 4134 τάς
2314 4070 2605 4132 ἐπιϐουλάς
2630 4086 2642 4098 ·
2676 4070 2730 4122 αἱ
2764 4068 2968 4137 τρυφαὶ
3011 4069 3105 4120 καὶ
3131 4070 3177 4121 οἱ
3207 4068 3378 4139 κόροι.
3415 4070 3508 4121 κα).
3548 4071 3603 4121 αἱ
3634 4086 3766 4121 συν-

2180 4164 2323 4229 εχεῖς
2353 4158 2678 4220 ἀπολαύσεις
2710 4157 2769 4209 τὸ
2798 4156 3036 4208 ποικίλον
3067 4156 3175 4209 τῶν
3202 4157 3554 4226 νοσημάτων,
3580 4158 3677 4211 καὶ
3702 4159 3769 4211 τὺ

2182 4249 2455 4311 πολυειδὲς
2514 4246 2621 4299 τῶν
2682 4245 2885 4298 παθῶν.
2942 4244 3150 4308 Παῦλος
3206 4247 3386 4315 μέντοι
3440 4247 3535 4297 καὶ
3572 4247 3772 4318 ἐξεζή-

2180 4362 2260 4397 τει
2294 4342 2402 4413 (98)
2436 4342 2528 4393 τὸν
2552 4339 2773 4409 Κύριον,
2808 4339 2899 4391 καὶ
2927 4337 3076 4390 οὐδὲν
3109 4336 3256 4407 αὐτῷ
3279 4338 3457 4390 ἔλειπε
3487 4338 3598 4389 τῶν
3627 4340 3766 4406 ἀγα-

2182 4436 2308 4491 θῶν.
2345 4433 2534 4488 Καίτοι
2587 4432 2669 4493 τίς
2713 4432 2778 4483 ἂν
2818 4429 3240 4500 ἐξαριθμήσαιτο
3278 4428 3344 4480 τά
3384 4428 3478 4480 τοῦ
3508 4428 3768 4498 σώματος

504 4527 719 4592 ieiuniis
746 4543 907 4595 saepe,
941 4529 993 4583 in
1033 4529 1218 4585 labore
1244 4543 1297 4587 et
1336 4549 1598 4597 aerumna,
1634 4536 1684 4588 in
1737 4536 2076 4590 necessitati-

2184 4525 2406 4597 ὀχληρὰ,
2460 4517 2541 4586 οἷς
2598 4521 2747 4592 παρά
2782 4521 2959 4573 πάντα
2997 4521 3087 4573 τὸν
3131 4521 3321 4573 ἑαυτοῦ
3365 4520 3475 4590 βίον
3520 4521 3764 4591 συνέζη;

505 4623 603 4675 Ims
626 4635 770 4690 smpe
795 4622 861 4675 “.
892 4622 1077 4693 Usque
1107 4624 1173 4678 ad
1204 4636 1501 4680 extremam
1532 4628 1721 4681 horam
1744 4638 1799 4681 et
1832 4630 2078 4683 esuriens

506 4721 688 4777 homo,
718 4723 773 4767 et
796 4714 1077 4779 sitiens,et
1107 4718 1282 4770 nudus
1304 4734 1365 4773 ac
1391 4719 1634 4788 colaphis
1661 4734 1832 4774 ctesus
1858 4720 1923 4786 “,
1944 4735 2078 4789 quo-

574 4832 620 4864 ³⁸
652 4832 806 4888 Rom.
860 4849 938 4894 ιι.
980 4832 1073 4892 45,
1154 4832 1369 4889 “Joan.
1416 4850 1488 4899 Vt,
1527 4835 1616 4889 48.

506 4901 545 4932 ⁶¹
574 4902 743 4958 lCor.
776 4918 850 4967 tv,
877 4902 965 4958 ll.

581 5040 695 5113 (92)
734 5042 869 5111 Reg.
918 5041 1188 5097 secundus
1224 5041 1331 5113 ἀπὸ
1362 5040 1477 5110 τῆς.
1511 5039 1631 5095 Mox
1665 5042 1793 5095 editi
1826 5041 2088 5109 πεφυκός.

508 5116 577 5166 At
611 5112 820 5181 septem
850 5127 983 5168 mss.
1027 5112 1307 5179 πεφυκώς.

580 5182 691 5255 (95)
741 5183 904 5237 Deest
956 5182 1051 5236 καί
1088 5184 1159 5255 iu
1216 5184 1483 5255 aliquibus
1554 5196 1685 5236 mss.

508 5252 737 5324 quartus
772 5261 829 5309 et
861 5263 1049 5308 sextus
1075 5253 1106 5321 ή
1136 5252 1311 5324 λιμός.

580 5323 693 5393 (94)
724 5324 799 5377 lta
826 5340 959 5395 mss.
991 5318 1105 5377 non
1125 5318 1303 5393 pauci.
1336 5322 1474 5378 Editi
1506 5318 1672 5395 ἦλθεν
1707 5322 1793 5373 ἐπ’
1828 5322 2023 5384 αὐτοὺς
2059 5320 2090 5389 ἡ

508 5396 665 5465 δίψα,
694 5394 947 5465 ἐπετέθη.

580 5463 849 5537 (95)]Ιιιι,
883 5463 1197 5537 ἀδιάκριτιζθ
1230 5463 1457 5537 ἔχων..
1488 5466 1671 5528 τόπον,
1700 5464 1797 5537 εἰσ
1828 5463 2090 5537 interpre—

516 5546 659 5589 tatur
685 5534 1067 5613 Qotttbelisitts,
1131 5534 1293 5588 Haud
1321 5550 1505 5613 sanum
1532 5538 1736 5613 [tabem
1768 5534 2086 5613 judicium”:

514 5623 674 5671 quam
702 5608 1208 5669 interpretationem
1248 5608 1383 5659 satis
1428 5607 1712 5673 probatum
1771 5604 1834 5657 iri
1888 5603 2087 5657 intelli-

516 5676 765 5743 gentibus
793 5687 943 5746 puto,
994 5693 1115 5729 cum
1152 5678 1239 5730 vix
1297 5675 1516 5729 dubium
1573 5691 1695 5730 esse
1739 5673 1925 5743 possit,
1960 5674 2084 5739 quin

519 5750 617 5799 hoc
662 5746 777 5802 loco
838 5763 939 5800 vox
994 5747 1155 5811 τίπος
1218 5765 1313 5817 pro
1381 5763 1506 5801 \‘tngu
1559 5747 1836 5817 κριτήριον
1915 5746 2084 5813 posita

516 5831 605 5871 Ml.

1766 5181 1881 5236 Mox
1939 5180 2091 5249 Regii

1705 4837 1750 4866 ”
1781 4835 1938 4890 Joan.
1999 4852 2071 4899 tv,
2119 4836 2183 4889 10
2216 4853 2365 4904 seqq.

2183 4621 2313 4689 Τρὶς
2353 4614 2699 4688 ἐρραϐδίσθη,
2750 4612 2894 4677 ama
2947 4612 3226 4683 ὲλιθάσθη,
3264 4614 3381 4683 τρὶς
3430 4614 3764 4683 ἐναῖνάγησε,

2185 4712 2523 4782 νυχθήμερον
2584 4710 2640 4758 ὲν
2671 4707 2747 4777 τῷ
2783 4706 2926 4776 βυθῷ
2974 4708 3292 4777 πεποίηκεν,
3328 4709 3385 4758 ἐν
3429 4706 3769 4777 ὁδοιπορίαις

2461 4834 2505 4865 ⁵9
2532 4832 2695 4882 Amos
2762 4843 2876 4890 vm,
2925 4828 3011 4881 ll.
3086 4826 3130 4857 ⁶⁰
3162 4824 3203 4877 ll
3246 4827 3369 4880 Cor.
3433 4841 3508 4889 st,
3540 4826 3633 4892 25,
3668 4826 3766 4879 27.

2269 5038 2379 5103 (96)
2408 5036 2547 5089 Editi
2590 5047 2643 5087 et.
2676 5036 2841 5086 nostri
2879 5034 3124 5086 undecim
3163 5048 3291 5087 mss.
3350 5034 3440 5085 τὸν
3498 5031 3771 5103 πρόσκαι-

2202 5127 2290 5178 ρον
2314 5109 2503 5178 ἒχοντα
2519 5105 2945 5176 τὴνάπόλαυσιν.
2976 5106 3077 5178 §etl
3110 5104 3191 5178 vir
3208 5103 3562 5178 doctissimus
3591 5102 3769 5178 ideinf

2198 5172 2301 5249 ique
2326 5172 2819 5249 eonlidentissituus
2843 5174 3205 5249 tlotnbelisins
3226 5188 3323 5225 suo
3362 5172 3601 5249 periculo
3662 5173 3767 5249 [egi

2199 5243 2309 5302 vult
2342 5248 2399 5299 τὺ
2431 5248 2761 5317 πρόσκαιρον
2797 5245 2937 5314 ἕχον,
2976 5256 3105 5301 etc...
3158 5243 3207 5294 id
3238 5244 3379 5317 quod
3414 5244 3485 5293 ita
3512 5243 3625 5307 ipse
3668 5243 3771 5294 La-

2200 5322 2307 5372 tine
2338 5313 2584 5379 reddidit,
2631 5313 2833 5368 Bonum
2870 5321 3150 5380 nuncupat,
3191 5313 3331 5377 quod
3365 5320 3768 5371 lentporaneam

2201 5390 2352 5441 habet
2389 5388 2793 5454 jncnmlilmvm.
2826 5388 2926 5438 Alii
2956 5382 3340 5454 quidlibetsibi
3391 5381 3554 5454 liuere
3608 5397 3769 5445 puta-

2200 5452 2411 5515 wrinl}
2440 5467 2493 5509 at
2529 5459 2679 5510 uultis
2710 5458 2894 5523 religio
2924 5454 3087 5507 fuerit
3110 5453 3376 5505 editorum
3400 5452 3556 5505 simul
3586 5465 3641 5505 et
3692 5461 3773 5505 tot

2200 5531 2446 5583 codicum
2482 5543 2608 5580 mss.
2645 5528 3020 5581 auctoritatem
3045 5538 3323 5590 spernere.

2271 5600 2380 5669 (97)
2414 5597 2541 5664 Reg.
2579 5599 2766 5651 tertius
2789 5596 2982 5669 αἱωνίᾳ
3011 5592 3326 5656 ἀπολαύσει,
3361 5603 3414 5647 et
3456 5593 3529 5647 ita
3569 5592 3773 5661 legitur

2201 5672 2250 5723 in
2291 5669 2539 5735 margine
2558 5670 2685 5733 Reg.
2723 5668 2966 5722 secnttdi.

2268 5742 2377 5799 (98;
2404 5733 2474 5791 I'ta
2524 5754 2613 5793 sex
2650 5756 2754 5792 mss
2812 5740 2872 5790 At
2907 5736 3028 5790 editi
3063 5733 3257 5804 ἓζήτει.
3310 5734 3437 5803 Reg.
3498 5736 3771 5789 secundus

2200 5814 2208 5822 '
2268 5812 2289 5827 ν

2196 5829 2251 5862 ἶς’.
2298 5828 2403 5855 ...ωτι

2230 5853 2283 5862 ις
2348 5851 2424 5861 νε..

2315 5864 2322 5876 Ι
