4016 6448
230 387 335 440 569

1365 389 1646 445 IIOMILIA
1686 392 1750 445 IN
1788 391 2117 446 PSALMUM
2157 392 2392 448 XXXIII.

3367 397 3473 451 570

231 506 504 569 πολλάκις,
537 509 593 558 ἐν
624 507 764 577 λιμῷ
787 507 879 558 καὶ
896 505 1033 574 δίψει
1069 505 1198 576 (99),
1224 507 1279 557 ἐν
1310 509 1578 575 νηστείαις
1599 509 1785 561 πολλά-

1906 510 2062 561 mudo
2117 525 2220 562 non
2264 511 2605 564 minuebatur
2651 503 3023 574 corporalibus
3057 502 3259 556 bonis?
3294 503 3475 558 Evclio

231 618 337 662 κις,
369 603 424 652 ἐν
455 599 605 669 κόπῳ
633 600 726 650 καὶ
763 597 962 667 μόχθῳ,
995 601 1051 650 ἐν
1076 599 1340 665 ἀνάγκαις
1376 599 1650 664 πολλάκις.
1682 601 1795 654 Μέ-

229 710 320 762 χρι
385 693 484 761 τῆς
525 691 757 760 ἐσχάτης
805 689 949 758 ὥρας
993 692 1084 743 καὶ
1134 689 1332 742 πεινῶν
1375 689 1672 760 ἄνθρωπος,
1706 693 1798 744 καὶ

226 782 414 851 διψῶν,
445 783 535 833 καὶ
556 780 932 849 γυμνητεύων,
965 782 1057 834 καὶ
1082 780 1525 850 κολαφιζόμενος,
1561 783 1675 846 πῶς
1695 785 1794 836 οὐκ

1905 600 2085 668 igitur,
2116 617 2318 669 quaeso,
2347 612 2579 656 mentem
2617 601 2685 652 ad
2716 599 2767 651 id
2797 599 2936 665 quod
2970 610 3094 650 vere
3128 595 3327 649 bonum
3366 605 3470 658 est,

1903 701 1959 743 ut
1997 703 2048 744 et
2082 693 2371 762 Scriptum
2401 693 2812 747 consensionem
2857 688 3139 757 intelligas,
3173 696 3226 741 et
3255 701 3322 740 ne
3346 702 3475 742 con-

1895 781 2050 849 jicias
2082 793 2132 837 te
2161 784 2213 836 in
2253 783 2413 835 ullam
2447 784 2722 838 sententite
2761 778 3184 846 ambiguitatem.

227 873 520 942 ἠλαττοῦτο
565 871 671 922 τῶν
715 874 1037 942 σωματικῶν
1100 873 1357 942 ἀγαθῶν;
1428 875 1690 944 Ἀνὰγαγε
1738 873 1830 928 οὖν
1874 892 1962 944 μοι
2002 875 2098 944 τὴν
2141 876 2377 930 διάνοιαν
2424 876 2514 927 ἐπὶ
2555 876 2615 926 τὸ
2677 875 2844 937 ὅντως
2869 870 3095 940 ἀγαθὸν,
3133 871 3218 922 ἵνα
3253 868 3346 922 καὶ
3374 867 3471 938 τὴν

227 966 543 1036 συμφωνίαν
568 965 666 1035 τῆς
689 967 904 1040 Γραφῆς
928 967 1183 1036 ἐπιγνῷς,
1213 969 1306 1021 καὶ
1340 971 1557 1022 σεαυτὸν
1595 971 1665 1041 μὴ
1695 971 2006 1043 καταϐάλῃς
2027 975 2092 1042 τῇ
2124 973 2420 1044 ἀμφιϐολίᾳ.
2441 971 2539 1040 τῆς
2566 971 2790 1032 ἐννοίας.
2817 974 2821 978 ”

295 1057 349 1110 8.
385 1057 580 1120 Δεῦτε,
620 1058 813 1122 τέκνα,
849 1060 1147 1113 ἀκούσατέ
1177 1078 1295 1128 μου
1318 1079 1329 1089 ·
1357 1063 1541 1129 φόϐον
1577 1064 1794 1130 Κυρίου

223 1147 442 1212 διδάξω
497 1149 668 1218 ὑμᾶς.
744 1151 1074 1203 Ἐνδιαθέτου
1122 1152 1196 1223 (l)
1252 1152 1564 1207 διδασκάλου
1621 1154 1791 1223 φωνὴ,

223 1237 696 1308 προσκαλουμένου
733 1243 810 1302 εἰς
845 1241 1078 1310 μάθησιν
1106 1240 1191 1292 διὰ
1222 1243 1491 1311 πατρικῆς
1525 1244 1794 1310 εὐσπλαγ-

223 1330 394 1398 χνίας.
420 1332 527 1383 Καὶ
551 1333 657 1402 γὰρ
683 1334 866 1386 τέκνον
894 1331 1009 1385 ἐστῖ
1042 1335 1523 1404 πνευματικὸντοῦ
1546 1337 1794 1390 διδασκά-

223 1422 315 1474 λου
348 1424 376 1474 ὁ
406 1424 667 1495 μαθητής.
715 1428 770 1479 '0
797 1427 902 1496 γὰρ
933 1427 1079 1497 παρὰ
1103 1444 1244 1489 τινος
1269 1427 1364 1497 τὴν
1393 1430 1667 1498 μόρφωσιν
1693 1431 1792 1499 τῆς

224 1513 502 1578 εὐσεϐείας
540 1517 843 1587 δεχόμενος,
882 1514 1032 1580 οὗτος
1057 1519 1216 1571 οἱονεὶ
1251 1519 1628 1573 διαπλάττεται
1664 1523 1790 1591 παρ’

223 1607 408 1670 αὑτοῦ,
443 1610 532 1660 καὶ
575 1612 651 1672 είς
686 1609 939 1661 σύστασιν
976 1610 1183 1676 ἄγεται,
1231 1609 1418 1679 ὥσπερ
1454 1613 1543 1664 καὶ
1573 1613 1790 1683 ὑπὸτῆς

221 1700 593 1771 κυοφορούσης
645 1705 709 1755 τὰ
741 1705 797 1752 ἐν
828 1703 963 1772 αὐτῇ
1007 1701 1446 1773 διαμορφούμενα
1486 1704 1558 1773 (9.)
1590 1705 1782 1776 βρέφη.

1971 1064 2024 1117 8.
2058 1063 2212 1120 Vens.
2242 1065 2323 1119 ιε.
2372 1063 2404 1082 ¹’
2443 1065 2569 1126 nite,
2603 1062 2721 1129 filii,
2747 1061 2925 1114 audite
2949 1077 3064 1123 me;
3094 1059 3332 1112 timorem
3367 1055 3470 1108 Do-

1901 1157 2028 1207 mini
2061 1157 2250 1210 docebo
2293 1173 2396 1210 vos.
2426 1154 2675 1209 Benevoli
2715 1151 2956 1221 magistri
3005 1166 3101 1203 vox
3143 1162 3245 1214 εει,
3279 1150 3345 1202 ad
3388 1145 3476 1201 di-

1901 1246 2178 1315 sciplinatn
2241 1257 2464 1316 paterna
2516 1244 2989 1301 commiseratione
3040 1241 3338 1294 invitantis.
3372 1240 3469 1293 Et-

1899 1339 2040 1391 enim
2081 1337 2375 1407 discipulus
2416 1337 2556 1391 (ilius
2591 1333 2888 1405 spiritualis
2941 1320 3026 1386 est
3070 1330 3332 1398 magistri.
3363 1328 3468 1396 Qui

1901 1429 2040 1482 enim
2068 1428 2135 1481 ab
2176 1428 2352 1496 aliquo
2384 1426 2868 1482 conformationem
2901 1423 3115 1495 pietatis
3142 1421 3386 1492 suscipit,
3419 1420 3466 1473 is

1903 1523 2042 1577 velut
2079 1522 2397 1577 informatur
2444 1524 2509 1576 ab
2563 1523 2702 1589 ipso,
2732 1531 2785 1575 et
2831 1521 3210 1591 compingitur,
3245 1520 3468 1590 perinde

1898 1625 1955 1667 ut
2015 1631 2043 1668 a
2098 1625 2407 1686 prmgnanle
2465 1614 2728 1680 infantes,
2784 1613 2873 1681 qui
2929 1613 2980 1664 in
3029 1627 3090 1665 ea
3139 1610 3464 1664 formantur.

1898 1708 2052 1762 Unde
2081 1709 2242 1762 etiam
2280 1707 2475 1761 Paulus
2535 1717 2700 1761 totam
2732 1705 3046 1760 Galatarum
3083 1703 3394 1765 Ecclesiam,
3434 1716 3464 1756 a

221 1789 384 1842 ’Όθεν
438 1792 531 1845 καὶ
567 1793 774 1854 Παῦλος
808 1791 934 1862 ὅλην
982 1794 1075 1864 τὴν
1117 1794 1437 1864 Ἐκκλησίαν
1476 1795 1582 1847 τῶν
1616 1797 1651 1847 Γ
1655 1797 1785 1849 αλα-

1893 1799 2162 1868 prioribus
2202 1800 2499 1868 disciplinis
2538 1799 2819 1866 dilapsam,
2857 1807 2910 1850 et
2939 1793 3091 1865 151
3129 1794 3278 1860 quasi
3303 1793 3464 1847 aboro

215 1879 346 1942 τῶν,
384 1882 446 1932 ἐκ
470 1880 578 1932 τῶν
609 1883 888 1953 προτέρων
913 1882 1272 1936 διαπεσοῦσαν
1306 1885 1660 1955 μαθημάτων,
1692 1887 1786 1939 καὶ

218 1973 382 2025 οἱονεὶ
401 1974 794 2042 ἀμϐλωθεῖσαν,
818 1975 976 2026 πάλιν
1005 1977 1417 2047 ἀναλαμϐάνων,
1450 1978 1540 2030 καὶ
1569 1981 1787 2050 μορφῶν

219 2064 425 2118 ἄνωθεν
480 2067 537 2116 ἐν
591 2067 772 2130 αὐτοῖς
823 2067 911 2119 τὸν
964 2070 1214 2138 Χριστὸν,
1262 2069 1423 2122 τέκνα
1470 2070 1651 2138 ἔλεγε·
1695 2072 1788 2124 καὶ

216 2153 403 2224 ἐπειδὴ
442 2157 556 2224 μετ’
591 2155 780 2224 ὀδύνης
822 2157 912 2208 καὶ
942 2156 1168 2225 θλίψεως
1202 2159 1433 2211 ἐποιεῖτο
1461 2159 1566 2212 τῶν
1590 2162 1788 2229 ἐσφαλ-

220 2246 396 2316 μένων
451 2247 549 2317 τὴν
588 2247 976 2315 ἐπανόρθωσιν,
1023 2247 1230 2301 ὠδίνειν
1266 2249 1413 2317 ἔλεγε
1443 2254 1504 2321 τῇ
1533 2251 1673 2322 ψυχῇ
1701 2251 1788 2304 διὰ

214 2335 315 2404 τὴν
363 2335 452 2386 ἐπὶ
493 2337 603 2397 τοῖς
651 2336 983 2388 ἀποπεσοῦσι
1021 2336 1210 2408 λύπην.
1261 2338 1471 2392 Τεκνία
1501 2359 1638 2408 μου,
1680 2341 1788 2405 οῖ’-ς

214 2427 404 2479 πάλιν
424 2425 633 2490 ὠδίνω,
664 2426 836 2495 ἄχρις
863 2424 933 2483 οὗ
955 2431 1241 2498 μορφωθῇ
1268 2433 1518 2500 λζοιστὸς
1538 2435 1606 2486 ἐν
1625 2435 1780 2503 ὑμῖν.

213 2519 393 2571 Δεῦτε
413 2514 525 2580 οὖν,
551 2518 747 2580 τέκνα,
780 2520 1076 2573 ἀκούσατέ
1090 2540 1227 2590 μου,
1260 2524 1322 2576 Τί
1352 2542 1478 2578 ποτε
1512 2527 1618 2595 ἄρα
1645 2527 1786 2579 διδά-

216 2625 366 2661 σκειν
409 2609 588 2679 μέλλει
638 2611 664 2662 ό
717 2613 1080 2681 πνευματικὸς
1122 2613 1276 2683 ἡμῶν
1309 2618 1526 2686 πατήρ;
1572 2619 1782 2683 Φόϐον,

214 2702 367 2771 φησὶ,
406 2703 625 2768 Κυρίου
653 2701 870 2767 διδάξω
884 2703 1057 2772 ὑμᾶς.
1102 2706 1316 2776 Ἐπειδὴ
1345 2709 1455 2760 ἄνω
1487 2710 1785 2779 προσέταξε

213 2791 494 2858 φοϐεῖσθαι
533 2793 620 2843 τὸν
653 2792 876 2863 Κύριον,
911 2794 1002 2845 καὶ
1048 2795 1108 2847 τὸ
1154 2798 1218 2848 ἐκ
1252 2796 1343 2849 τοῦ
1385 2799 1549 2864 φόϐου
1598 2801 1786 2871 κέρδος

212 2881 510 2945 ὑπέδειξεν,
559 2883 747 2946 εἰπὼν,
797 2884 914 2936 ’Ὁτι
957 2886 1066 2938 οὐκ
1107 2886 1277 2940 ἐστιν
1315 2890 1618 2960 ὑστέρημα
1662 2893 1785 2958 τοῖς

211 2971 604 3041 φοϐουμένοις
634 2975 836 3026 αὐτόν·
875 2974 968 3028 νῦν
1008 2977 1100 3029 καὶ
1132 2978 1481 3034 διδασκαλίαν
1531 2983 1651 3036 τινὰ
1688 2984 1780 3038 τοῦ

212 3064 357 3119 θείου
405 3066 567 3134 φόϐου
621 3069 748 3137 ἡμῖν
793 3070 1142 3139 παραδίδωσι.
1179 3074 1250 3125 Τὸ
1282 3075 1378 3144 μὲν
1407 3076 1534 3146 γὰρ,
1572 3079 1652 3130 ὃτι
1679 3078 1782 3148 χρὴ

1895 1892 2056 1945 tivam
2094 1891 2286 1945 iterum
2325 1891 2618 1950 suscitans,
2642 1904 2705 1943 ac
2743 1891 2919 1942 denuo
2955 1891 3006 1940 in
3045 1887 3146 1939 illis
3190 1884 3465 1938 Christum

1891 1982 2150 2044 formans,
2180 1981 2317 2034 filios
2345 1981 2678 2050 appellabat:
2700 1988 2753 2032 et
2783 1982 3034 2047 quoniam
3060 1976 3326 2044 collapsos
3341 1989 3463 2028 cum

1890 2076 2074 2128 dolore
2119 2084 2173 2128 ct
2219 2072 2465 2142 angustia
2499 2072 2850 2134 emendabat,
2885 2070 3074 2136 spiritu
3111 2067 3379 2138 parturire
3406 2079 3467 2119 se

1889 2166 2045 2228 dixit,
2077 2166 2143 2218 ob
2179 2177 2494 2233 conceptam
2526 2165 2590 2218 de
2613 2163 2772 2232 lapsis
2811 2161 3108 2214 tristitiam.
3132 2158 3316 2212 Filioli
3339 2158 3462 2221 mei,

1888 2273 2014 2324 quos
2049 2257 2238 2309 iterum
2277 2259 2533 2323 ptn'titrio,
2575 2255 2735 2307 donec
2764 2254 3022 2320 formetur
3053 2253 3106 2304 in
3148 2250 3286 2303 vobis
3308 2248 3466 2302 Chri-

1886 2345 2079 2397 stus".
2132 2343 2307 2398 Venite
2355 2345 2533 2415 igitur,
2563 2344 2682 2412 ﬁlii,
2707 2344 2886 2396 audite
2916 2359 3015 2395 me.
3063 2341 3200 2407 Quid
3249 2342 3464 2394 tandem

1892 2450 1986 2488 nos
2015 2435 2316 2502 spiritualis
2366 2445 2547 2489 uoster
2577 2444 2730 2504 pater
2777 2437 2971 2488 docere
3015 2434 3172 2490 vult?
3200 2431 3464 2485 Timorem

1893 2527 2124 2592 Domini,
2155 2527 2350 2593 inquit,
2390 2527 2581 2580 docebo
2613 2543 2720 2581 vos.
2753 2526 3043 2594 Postquam
3084 2525 3464 2593 superiusius-

1888 2620 1958 2673 sit
2002 2619 2286 2674 Dominum
2348 2621 2572 2686 timere,
2609 2620 2926 2687 lucrumque
2965 2617 3106 2686 quod
3158 2631 3224 2670 ex
3269 2617 3464 2677 timore

1886 2713 2216 2782 percipitur,
2247 2712 2482 2768 ostendit
2523 2714 2605 2766 bis
2661 2712 2839 2766 verbis
2877 2726 2890 2762 :
2934 2709 3197 2774 Quoniam
3241 2725 3344 2761 non
3387 2717 3463 2760 est

1886 2806 2060 2872 inopia
2112 2805 2408 2858 timentibus
2447 2821 2560 2858 eum
2597 2813 2756 2869 ;tum
2817 2803 3034 2857 demum
3097 2801 3253 2855 nobis
3299 2800 3464 2854 tradit

1885 2898 2119 2964 aliquam
2148 2897 2311 2950 divini
2347 2896 2555 2951 timoris
2596 2896 2918 2948 doctrinam.
2953 2891 3086 2947 Nam
3134 2895 3274 2961 quod
3309 2902 3462 2947 recte

1882 2989 2062 3043 valere
2092 2997 2360 3057 oporteat,
2388 2988 2677 3057 cujuslibet
2700 2987 2781 3041 vel
2829 2987 3007 3040 idiota:
3046 2985 3205 3038 fuerit
3233 2985 3414 3040 dicere
3444 3004 3458 3038 :

1887 3080 2154 3150 quomodo
2207 3095 2335 3133 vero
2379 3081 2745 3149 comparanda
2797 3079 3004 3134 sanitas
3054 3078 3147 3142 sit,
3184 3077 3312 3132 illud
3348 3077 3459 3146 jam

213 3160 497 3226 ὑγιαίνειν,
533 3160 727 3222 παντός
773 3162 918 3214 ἐστιν
962 3165 1154 3229 εἰπεῖν,
1185 3167 1277 3217 καὶ
1308 3167 1400 3218 τοῦ
1433 3167 1638 3221 ἰδιώτου
1664 3187 1676 3200 ·
1723 3169 1781 3222 τὸ

1891 3173 2158 3242 proprium
2187 3181 2271 3227 est
2310 3171 2481 3238 illius,
2520 3171 2610 3241 qui
2641 3181 2812 3224 artem
2850 3171 3110 3223 medicam
3139 3169 3304 3223 novit.
3345 3168 3458 3221 Non

210 3251 290 3312 δὲ,
321 3249 436 3311 πῶς
461 3249 564 3319 χρὴ
603 3250 903 3320 κτήσασθαι
942 3252 1038 3322 τὴν
1071 3254 1277 3321 ὑγείαν,
1319 3255 1475 3308 τοῦτο
1508 3256 1636 3310 ἴδιον
1682 3259 1778 3330 ἤδη

208 3340 305 3392 τοῦ
334 3340 431 3411 τὴν
468 3341 712 3409 ἰατρικὴν
736 3342 927 3412 τέχνην
954 3344 1334 3414 ἐπισταμένου.
1373 3347 1446 3399 Οὐ
1484 3350 1589 3410 πᾶς
1622 3350 1781 3417 φόϐος

209 3433 413 3500 ἀγαθόν
444 3435 556 3485 ἐστι
586 3434 679 3485 καὶ
705 3436 985 3504 σωτήριον,
1021 3436 1134 3488 ἀλλ’
1186 3437 1298 3490 ἐστι
1337 3456 1420 3501 τις
1455 3441 1547 3493 καὶ
1590 3441 1781 3513 ἐχθρὸς

212 3526 394 3594 φόϐος,
424 3526 482 3578 ὃν
507 3525 802 3595 ἁπεύχεται
826 3531 853 3580 ὁ
872 3530 1162 3601 Προφήτης
1185 3535 1500 3600 ἐγγενέσθαι
1527 3537 1690 3589 αὑτοῦ
1714 3542 1779 3608 τῇ

209 3617 376 3685 ψυχῇ,
414 3615 613 3683 λέγων⁹
673 3617 802 3669 Ἀπὸ
837 3620 1021 3685 φόϐου
1061 3622 1277 3689 ἐχθροῦ
1317 3625 1390 3694 (5)
1424 3626 1638 3689 ἐξελοῦ
1671 3630 1783 3696 τὴν

209 3705 422 3773 ψυχήν
444 3723 585 3773 μου.
632 3705 854 3775 Ἐχθρὸς
883 3709 990 3779 γὰρ
1021 3711 1180 3777 φόϐος
1207 3714 1235 3762 ὁ
1264 3712 1492 3766 θανάτου
1522 3719 1651 3786 ἡμῖν
1675 3718 1781 3770 δει-

209 3797 330 3849 λίαν
358 3797 620 3866 ἐμποιῶν,
651 3799 677 3848 ὁ
713 3799 1017 3868 προσώπων
1065 3803 1335 3874 ὑπεροχὰς
1381 3811 1781 3878 καταπτήσσειν

210 3890 359 3957 ἡμᾶς
387 3887 713 3942 ἀναπείθων.
749 3889 871 3952 Πῶς
896 3891 1003 3961 γὰρ
1037 3895 1064 3945 ὁ
1095 3894 1265 3946 ταῦτα
1286 3895 1617 3967 φοϐούμενος
1636 3900 1782 3970 δυνή-

214 3993 366 4028 σεται
403 3979 458 4027 ἐν
496 3975 672 4045 καιρῷ
707 3979 1004 4048 μαρτυρίου
1049 3980 1208 4050 μέχρι
1254 3983 1480 4036 Θανάτου
1520 3987 1655 4058 πρὸς
1687 3990 1782 4060 τὴν

210 4070 486 4139 ἁμαρτίαν
514 4070 966 4140 ἀντικαταστῆναι
1001 4073 1096 4144 (4),
1129 4075 1220 4126 καὶ
1254 4077 1542 4132 ἀποδοῦναι
1570 4080 1646 4150 τῷ
1672 4084 1782 4135 Κυ-

211 4160 315 4232 ρίῳ
367 4160 465 4230 τὴν
521 4161 760 4230 ὀφειλὴν,
807 4161 884 4230 τῷ
937 4164 1075 4234 ὑπὲρ
1127 4165 1280 4235 ἡμῶν
1339 4169 1661 4224 ἀποθανόντι
1692 4176 1783 4226 καὶ

210 4252 525 4323 ἐγερθέντι;
556 4254 663 4304 Καὶ
690 4256 716 4306 ὁ
740 4254 842 4306 ὑπὸ
864 4256 1128 4325 δαιμόνων
1156 4260 1452 4331 εύπτόητος
1479 4265 1569 4317 τὸν
1596 4267 1784 4337 ἐχθρὸν

209 4346 326 4415 ἔχει
353 4345 514 4414 φόϐον
544 4347 601 4398 ἐν
628 4347 822 4417 ἐαυτῷ.
850 4349 958 4402 Καὶ
981 4350 1136 4414 ὅλως,
1161 4355 1188 4404 ό
1216 4355 1454 4419 τοιοῦτος
1480 4359 1640 4426 φόϐος
1661 4362 1785 4413 άπι-

209 4436 368 4498 στίας
415 4436 588 4488 ἔοικεν
645 4438 863 4505 ἔγγονον
918 4435 1058 4494 εἶναι
1107 4444 1296 4507 πάθος.
1332 4445 1524 4512 Οὐδεὶς
1555 4450 1660 4521 γὰρ
1699 4470 1786 4504 πι-

1883 3266 2025 3318 enini
2050 3265 2226 3332 quivis
2267 3265 2424 3318 timor
2455 3266 2628 3318 bonus
2667 3272 2750 3318 est
2778 3273 2872 3316 aut
2914 3260 3190 3323 salutaris,
3240 3260 3350 3314 imo
3379 3269 3462 3312 est

1881 3357 2040 3410 etiam
2073 3356 2290 3424 quidam
2329 3356 2539 3409 hostilis
2569 3357 2748 3418 timor,
2786 3369 2944 3422 quem
2978 3357 3298 3420 deprecatur
3324 3350 3460 3404 Pro-

1884 3450 2060 3516 pheta,
2090 3463 2156 3502 ne
2191 3448 2360 3516 ipsius
2409 3448 2604 3500 anima:
2652 3445 2897 3507 accedat,
2928 3445 3114 3498 dicens
3153 3457 3168 3496 :
3202 3443 3243 3496 Α
3277 3443 3462 3494 timore

1883 3540 2092 3592 inimico
2116 3541 2255 3606 eripe
2283 3538 2511 3591 animam
2544 3537 2796 3590 meam“.
2838 3537 3092 3589 Inimicus
3122 3535 3265 3588 enim
3299 3534 3462 3587 timor

1883 3638 1964 3681 est
1995 3629 2083 3697 qui
2118 3629 2276 3683 nobis
2305 3630 2445 3698 parit
2471 3630 2660 3682 mortis
2691 3639 2912 3692 metum,
2938 3628 3213 3695 uobisque,
3239 3635 3295 3679 ut
3333 3639 3460 3695 per-

1884 3737 2134 3773 sonarum
2182 3721 2472 3790 dignitates
2511 3721 2888 3783 formidemus,
2927 3720 3137 3774 Suadet.
3175 3717 3461 3784 Quomodo

1884 3813 2022 3866 enim
2061 3813 2151 3880 qui
2200 3813 2386 3865 istbaac
2420 3813 2638 3876 metuit,
2679 3812 2874 3882 poterit
2917 3819 3160 3879 tempore
3211 3807 3462 3880 tuartyril

1885 3905 1947 3956 ad
1980 3912 2207 3956 mortem
2236 3919 2406 3972 usque
2441 3916 2664 3972 peccato
2704 3904 2974 3967 resistere,
3013 3917 3076 3955 ac
3106 3900 3470 3969 Dominoqui‘t

1886 4010 1979 4062 pro
2006 3993 2158 4048 nobis
2180 4005 2424 4048 mortuus
2450 4007 2531 4049 est
2553 4005 2606 4049 et
2645 3996 2962 4058 resurrexit,
2992 3995 3233 4048 debitum
3278 3989 3458 4046 exsol-

1887 4103 2009 4140 vere
2034 4087 2056 4140 ?
2086 4087 2150 4140 Et
2178 4087 2320 4156 quia
2362 4089 2692 4143 daemonibus
2731 4089 2887 4142 facile
2919 4097 3272 4158 perterretur,
3304 4087 3356 4140 in
3398 4101 3458 4140 se

1887 4180 2002 4247 ipso
2028 4179 2304 4234 inimicum
2339 4181 2584 4234 timorem
2617 4181 2794 4234 habet.
2826 4181 2888 4233 Et
2925 4197 3029 4234 uno
3060 4181 3243 4241 verbo,
3279 4179 3460 4247 hujus-

1887 4272 2027 4325 modi
2075 4273 2233 4325 timor
2279 4273 2610 4340 perturbatio
2660 4273 2901 4341 quaedam
2958 4287 3024 4325 ex
3083 4270 3459 4324 incredulitate

1888 4374 2142 4430 prognata
2183 4365 2395 4417 videtur
2427 4378 2567 4419 esse.
2610 4363 2778 4417 Nemo
2830 4363 2970 4416 enim
3011 4363 3104 4430 qui
3139 4361 3239 4415 sibi
3268 4361 3459 4414 adesse

1889 4455 2062 4507 credit
2105 4453 2296 4509 fortem
2347 4456 2745 4519 auxiliatorem,
2786 4453 2937 4508 timet
2985 4453 3217 4521 aliquem
3247 4465 3456 4514 eorum,

210 4524 420 4578 στεύων
459 4527 673 4596 ἰσχυρὸν
722 4529 870 4598 αὐτῷ
911 4534 1161 4601 παρεῖναι
1195 4538 1282 4585 τὸν
1318 4535 1508 4606 βοηθὸν
1544 4541 1784 4608 φοϐεῖται

1891 4546 1982 4613 qui
2023 4546 2194 4614 ipsum
2241 4548 2566 4600 conturbare
2608 4554 2890 4599 conantur.
2930 4544 3115 4599 Timor
3139 4555 3316 4596 autem
3363 4543 3461 4612 qui

207 4616 321 4668 ἀπό
349 4633 490 4677 τινος
519 4616 626 4669 τῶν
657 4619 1072 4690 ἐπιχειρούντων
1101 4627 1661 4699 αὑτὸν¹ἐκταράσσειν.
1690 4635 1788 4685 Φό-

210 4710 309 4771 ϐος
341 4709 396 4761 δὲ
434 4711 461 4761 ό
500 4711 784 4780 σωτήριος,
822 4713 913 4763 καὶ
961 4715 1122 4780 φόϐος
1169 4717 1440 4787 ἁγιασμοῦ
1488 4726 1784 4793 ποιητικὸς,

213 4801 378 4870 φόϐος
407 4802 434 4853 ὁ
461 4802 578 4854 κατ’
609 4805 966 4872 ἐπιτήδευσιν,
994 4808 1085 4858 καὶ
1118 4809 1236 4878 οὐχὶ
1273 4812 1413 4864 κατὰ
1441 4815 1606 4877 πάθος
1638 4819 1788 4884 ἐγγι-

211 4893 436 4962 νόμενος
468 4895 533 4961 τῇ
568 4892 734 4963 ψυχῇ,
771 4896 1022 4969 ποῖός
1061 4900 1173 4952 ἐστι
1198 4900 1373 4969 βούλει
1408 4905 1784 4978 διηγήσωμαι;

290 5051 332 5082 ⁶²
377 5051 494 5106 Gal.
529 5067 602 5115 1v,
632 5052 715 5108 I9.

296 5189 587 5266 (99)__Colb.
610 5193 816 5266 primus
845 5196 943 5266 xui.
964 5194 1112 5266 δίψῃ.

294 5259 368 5326 (ι)
412 5261 524 5315 Vox
546 5262 847 5325 ἐνδιάθετος
881 5265 1008 5317 mihi
1031 5259 1140 5320 'lioc
1180 5266 1295 5321 loco
1327 5270 1466 5324 idem
1502 5272 1679 5325 valere
1710 5275 1788 5327 vi-

216 5332 559 5412 detur-quod
616 5350 722 5412 von
756 5333 1051 5412 ἐμπαθὴς-ε
1097 5339 1339 5412 magistri
1397 5342 1536 5392 intus
1587 5344 1784 5412 affecti,

217 5401 467 5461 amantis,
492 5401 741 5456 benevoli.
777 5401 880 5456 Sed
916 5401 1072 5470 paulo
1116 5401 1268 5459 aliter
1317 5413 1481 5461 sentit
1519 5401 1786 5467 Cotiibeli;

218 5471 528 5550 sitis,Ctijus
556 5473 668 5526 hanc
690 5486 866 5550 sunt:
911 5474 1212 5550 ἐνδιαθέτου
1260 5477 1602 5540 διδασκάλου,
1634 5486 1782 5550 quasi

216 5537 483 5620 ἐμψύχου,
518 5557 587 5620 ex_
611 5545 784 5596 animo
816 5544 1068 5620 loquentis
1107 5550 1339 5615 magistri
1371 5567 1467 5602 vox
1497 5567 1514 5603 :
1550 5537 1784 5607 sincere:

218 5613 334 5661 sive
363 5613 545 5671 etiam,
570 5613 736 5678 intus,
771 5620 825 5665 in
854 5616 1026 5667 corde.

291 5679 468 5764 (2_)lta.
492 5696 743 5764 SEX'JIISS.
777 5685 912 5764 Εὐξιὶ
947 5701 1072 5740 vero
1100 5688 1467 5759 κυοφορούσης
1511 5691 1578 5744 τὰ
1608 5693 1779 5763 βρέφη

213 5749 283 5803 τὶ
322 5749 378 5824 '1'?
412 5750 546 5824 εκτδτῆ
575 5750 1030 5824 διαμορφούμεναο

299 5820 375 5890 t5)
412 5822 570 5874 Recte
612 5820 673 5875 ac.
719 5820 848 5878 s'rite
881 5820 1163 5883 annotavit
1204 5829 1556 5886 Conibeﬁsins
1616 5833 1778 5888 inter-

795 5054 837 5085 ⁸³
861 5054 1003 5110 Psal.
1033 5073 1166 5115 thu
1191 5100 1204 5125 ,
1235 5061 1286 5116 2.

1893 4638 2145 4692 salutaris
2177 4647 2279 4703 est,
2302 4649 2353 4691 et
2375 4639 2533 4692 timor
2555 4640 2643 4707 qui
2669 4640 2879 4693 confert
2903 4637 3262 4700 sanctitatem,
3296 4635 3458 4688 timor

1895 4730 1984 4799 qui
2011 4732 2076 4784 de
2107 4731 2391 4797 industria,
2426 4741 2479 4786 et
2520 4748 2623 4784 non
2657 4733 2949 4785 secundum
2982 4727 3315 4784 affectionem
3341 4727 3460 4778 ani-

1900 4839 1985 4877 mo
2014 4825 2230 4889 accidit,
2261 4827 2340 4879 vis
2364 4840 2626 4894 exponam
2655 4825 2828 4894 qualis
2858 4823 2966 4876 sit?
2990 4821 3070 4875 Ad
3102 4820 3314 4888 aliquod
3341 4833 3460 4887 pec-

1897 4923 2074 4968 catum
2118 4916 2315 4984 impelli
2355 4925 2404 4970 te
2453 4931 2573 4969 cum
2603 4915 2824 4981 videris,
2868 4913 3188 4968 horrendum
3240 4909 3367 4963 illud
3405 4919 3458 4962 et

1896 5218 2099 5272 pretem
2153 5217 2389 5260 veterem
2453 5207 2822 5273 imprudenter
2869 5200 3149 5273 Vulgatam
3211 5212 3456 5254 secutum

1897 5269 2086 5336 fuisse.
2147 5293 2244 5330 nec
2280 5278 2468 5344 psalmi
2496 5269 2653 5328 verba
2677 5275 2765 5328 hic
2801 5275 2935 5326 verti
2983 5269 3258 5344 imbuisse.
3321 5288 3351 5322 a
3394 5274 3457 5344 ti-

1895 5363 2035 5398 more
2067 5341 2291 5409 inimici,
2325 5348 2439 5408 sed,
2472 5363 2503 5396 α
2540 5347 2723 5398 timore
2752 5345 2986 5397 inimico.
3017 5341 3118 5392 Iles
3147 5343 3214 5392 ita
3253 5342 3460 5408 perspi-

1894 5431 1990 5468 cua
2022 5427 2128 5477 est.
2165 5426 2221 5468 ut
2277 5432 2450 5478 nemo,
2493 5419 2716 5482 opinor,
2772 5416 2932 5468 homo
2969 5413 3057 5480 qui
3103 5409 3244 5464 hunc
3283 5413 3458 5465 locum

1893 5495 2096 5539 attente
2125 5487 2332 5553 legerit,
2369 5502 2429 5538 ea
2457 5489 2523 5540 de
2558 5502 2615 5539 re
2637 5485 2977 5553 dubitaturus
3009 5483 3100 5536 sit.

1965 5558 2042 5625 (4)
2074 5552 2201 5620 Reg.
2228 5556 2495 5608 secundus
2517 5556 2872 5625 καταστῆναι.
2892 5552 3008 5607 Mox
3033 5568 3162 5607 mss.
3189 5568 3278 5605 sex
3303 5553 3456 5624 ἐγερ-

1893 5624 2061 5683 θέντι.
2091 5627 2227 5680 Editi
2255 5641 2381 5679 vero
2405 5628 2696 5680 ἀναστάντι

1965 5699 2040 5764 (5,)
2081 5699 2149 5749 lla
2183 5707 2413 5764 quatuor
2439 5714 2565 5754 mss.
2597 5714 2716 5753 cum
2772 5695 3007 5752 editione
3051 5693 3212 5748 Basil.
3278 5691 3456 5746 Editio

1893 5783 2015 5823 voto
2044 5769 2110 5822 I’a
2123 5769 2209 5822 ris.
2237 5767 2439 5829 ὁποῖος.
