4016 6454
517 356 616 414 571

1859 359 1915 412 S.
1957 355 2203 411 BASILII
2245 355 2457 412 MAGNI

3684 358 3803 411 372

515 459 854 522 intolerabile
893 462 1092 518 Christi
1118 464 1373 528 tribunal,
1407 479 1609 534 quaeso,
1638 468 1813 537 cogita
1841 488 1855 523 :
1899 472 1950 523 in
1981 486 2088 540 quo

2219 471 2359 520 Οταν
2392 467 2590 540 μέλλῃς
2615 467 2706 519 ἐπί
2731 484 2852 521 τινα
2875 468 3049 539 ὁρμᾷν
3074 468 3367 538 ἁμαρτίαν,
3396 470 3671 541 ὲννόησόν
3703 489 3804 539 μοι

514 559 767 632 pnesidet
817 557 1030 624 quidem
1063 556 1227 624 judex
1263 559 1315 611 in
1363 558 1471 613 alto
1509 559 1742 628 quodam
1780 569 1833 615 et
1875 563 2086 617 sublimi

521 652 733 713 throno,
748 650 924 702 omnis
955 662 1084 701 vero
1108 659 1352 702 creatura
1394 650 1462 703 ob
1492 651 1784 721 gloriosum
1815 654 1930 722 ejus
1968 669 2091 709 con-

519 749 758 808 Spectum
791 740 1218 793 contremiscens
1244 750 1416 805 astat;
1451 740 1561 796 imo
1590 757 1721 796 vero
1745 741 1981 797 futurum
2011 755 2093 800 est

516 840 580 886 ut
617 829 809 896 singuli
853 830 1202 893 adducamur,
1233 845 1417 885 eorum
1452 848 1570 901 qua
1598 835 1651 886 in
1685 835 1792 886 vita
1826 836 2094 903 egerimus

523 936 750 975 examen
778 922 1029 975 subituri.
1065 923 1262 977 Deinde
1289 924 1358 989 ei,
1395 925 1484 992 qui
1516 926 1681 979 multa
1717 927 1855 980 mala
1887 944 1981 992 per
2014 929 2094 981 vi-

524 1024 634 1069 tam
665 1017 1075 1084 perpetraverit,
1108 1017 1398 1071 horribiles
1423 1017 1638 1085 quidam
1678 1033 1741 1072 ac
1777 1020 1974 1073 morosi
2007 1035 2099 1073 an-

525 1107 628 1176 geli
668 1108 939 1174 assident,
985 1109 1162 1176 ignem
1215 1124 1279 1162 ex
1329 1110 1502 1162 oculis
1545 1111 1883 1175 emittentes,
1918 1111 2096 1181 ignem

526 1201 822 1269 spirantes,
876 1214 1095 1270 propter
1137 1204 1302 1256 animi
1345 1204 1713 1269 acerbitatem,
1771 1206 1912 1259 nocti
1950 1205 2096 1259 vultu

527 1293 749 1356 similes,
781 1296 849 1349 ob
889 1293 1041 1347 Iaciei
1086 1295 1430 1349 tetricitatem
1479 1306 1531 1350 et
1579 1297 1857 1351 hominum
1895 1298 2095 1352 odium.

529 1381 717 1436 Postea
749 1381 931 1437 animo
975 1383 1064 1437 tibi
1099 1383 1271 1453 ﬁngas
1306 1385 1616 1440 barathrum
1647 1389 1990 1457 profundum,
2022 1399 2098 1443 te-

531 1476 726 1530 nebras
753 1475 1215 1544 impenetrabiles,
1253 1477 1427 1546 ignem
1477 1473 1776 1547 splendoris
1806 1489 2099 1546 expertem,

531 1569 640 1620 vim
671 1568 885 1637 quidem
920 1569 1109 1623 urendi
1150 1568 1203 1621 in
1237 1570 1474 1623 tenebris
1513 1565 1817 1638 habentem,
1846 1570 1939 1624 sed
1988 1570 2104 1623 luce

534 1658 846 1732 destitutum
875 1678 890 1713 :
925 1658 1156 1713 subinde
1194 1659 1455 1714 vermium
1488 1663 1754 1730 quoddam
1807 1676 1976 1731 genus
2016 1676 2107 1716 ve-

533 1761 791 1803 nenatum
828 1763 892 1802 ac
925 1749 1288 1814 carnivorum,
1334 1751 1498 1805 edens
1556 1752 1959 1816 insatiabiliter,
2009 1766 2105 1804 nec

2193 562 2368 612 ἐκεῖνο
2396 562 2456 613 τὸ
2491 560 2715 631 φρικτὸν
2745 561 2837 613 καὶ
2875 559 3194 613 ἀνύποιστον
3230 562 3322 614 τοῦ
3350 562 3594 632 Χριστοῦ
3628 563 3800 615 δικα-

2194 654 2433 722 στήριον,
2485 655 2541 705 ὲν
2574 645 2618 720 ᾧ
2659 651 3054 724 προκαθέζεται
3102 651 3200 720 μὲν
3245 653 3336 704 ἐπὶ
3381 654 3579 724 θρόνου
3639 653 3804 717 τινὸς

2195 741 2400 812 ὑψηλοῦ
2425 742 2517 795 καὶ
2549 743 2856 814 ἐπηρμένου
2887 743 2914 794 6
2943 741 3155 812 κριτὴς.
3189 741 3506 813 παρέστηκε
3535 743 3595 796 δὲ
3633 746 3804 796 πᾶσα

2193 835 2428 904 ήκτίσις
2451 835 2832 904 ὑποτρέμουσα
2869 835 2966 904 τὴν
2997 834 3313 901 ἐπιφάνειαν
3348 834 3521 886 αὑτοῦ
3555 838 3668 905 τὴν
3706 837 3799 887 ἕν-

2193 922 2372 988 δοξον’
2407 924 2747 995 παράγεσθαι
2791 924 2846 977 δὲ
2880 923 3141 994 μέλλομεν
3180 924 3298 977 καθ’
3331 925 3430 978 ἕνα
3470 927 3556 987 εἰς
3585 926 3800 989 ἐξέτα-

2198 1033 2279 1069 σιν
2323 1016 2431 1069 τῶν
2480 1017 2822 1086 βεϐιωμένων
2870 1018 3021 1086 ἡμῖν.
3067 1012 3198 1068 Εἶτα
3232 1016 3310 1087 τῷ
3343 1016 3520 1069 πολλά
3561 1018 3798 1088 πονηρὰ

2198 1107 2519 1176 πεποιηκότι
2555 1106 2693 1159 κατὰ
2718 1106 2806 1159 τὸν
2830 1105 2941 1176 βίον
2971 1106 3187 1176 φοϐεροί
3212 1123 3357 1170 τινες
3387 1110 3481 1160 καὶ
3507 1113 3800 1178 κατηφεῖς

2199 1201 2556 1270 παρίστανται
2586 1199 2824 1266 ἄγγελοι,
2857 1198 2966 1269 πῦρ
2999 1197 3302 1266 βλέποντες,
3333 1199 3444 1270 πῦρ
3472 1201 3798 1253 ἀναπνέον-

2199 1307 2308 1353 τες,
2352 1291 2437 1343 διὰ
2465 1291 2563 1360 τὴν
2609 1290 2830 1358 πικρίαν
2863 1289 2963 1358 τῆς
2989 1291 3378 1361 προαιρέσεως,
3417 1290 3581 1342 νυκτὶ
3608 1289 3800 1341 ἐοικό-

2198 1396 2288 1442 τες
2331 1378 2398 1431 τά
2425 1380 2708 1450 πρόσωπα,
2757 1377 2846 1430 διὰ
2873 1379 2931 1431 τὸ
2958 1381 3196 1449 κατηφὲς
3233 1381 3325 1433 καὶ
3363 1379 3794 1450 μισάνθρωπον.

2201 1471 2332 1526 Εἶτα
2385 1473 2655 1545 βάραθρον
2696 1471 2853 1542 βαθὺ,
2896 1473 2986 1526 καὶ
3033 1473 3223 1535 σκότος
3254 1472 3650 1537 ἁδιεξόδευτον,
3702 1474 3800 1524 καὶ

2203 1565 2313 1636 πῦρ
2337 1565 2584 1636 ἀλαμπές
2601 1582 2612 1595 ’
2647 1567 2703 1616 ὲν
2730 1563 2805 1633 τῷ
2841 1563 3019 1616 σκότει
3039 1565 3138 1634 τὴν
3173 1565 3268 1634 μὲν
3293 1564 3603 1632 καυστικὴν
3628 1562 3804 1614 δύνα-

2209 1676 2297 1726 μιν
2320 1657 2460 1726 ἕχον,
2501 1657 2562 1709 τὸ
2589 1656 2644 1708 δὲ
2670 1656 2869 1724 φέγγος
2909 1656 3278 1725 ἀφῃρημένον.
3311 1651 3445 1707 Εἶτα
3477 1653 3801 1721 σκωλήκων

2206 1748 2359 1814 γένος
2385 1747 2584 1800 ἰοϐόλον
2621 1747 2714 1799 καὶ
2747 1747 3110 1816 σαρκοφάγον,
3131 1746 3416 1816 ἀπλήστως
3450 1744 3664 1808 ἐσθίον,
3703 1745 3803 1796 καὶ

536 1852 774 1906 unquam
811 1840 1155 1905 exsatiatum,
1191 1840 1557 1897 intolerabiles
1597 1844 1808 1898 dolores
1839 1843 2108 1897 morsibus

2216 1838 2476 1908 μηδέποτε
2520 1839 2930 1908 κορεννύμενον,
2965 1837 3267 1906 ἀφορήτους
3294 1837 3484 1899 ὀδύνας
3513 1835 3802 1905 ἐμποιοῦν

537 1927 837 1982 inducens:
873 1938 1143 1997 postremo
1198 1932 1518 2000 supplicium
1570 1934 1805 1987 omnium
1851 1935 2109 2004 gravissi-

537 2035 708 2088 mum,
740 2019 1000 2089 probrum
1041 2020 1169 2075 illttd
1200 2032 1254 2076 et
1282 2024 1514 2078 dedecus
1545 2025 1949 2093 sempiternum.
1984 2027 2108 2082 Haec

537 2110 687 2175 time,
715 2118 771 2163 et
806 2111 912 2164 hoc
938 2112 1132 2164 timore
1151 2113 1412 2179 eruditus,
1450 2115 1600 2182 quasi
1626 2114 1779 2171 freno
1815 2118 2044 2186 quodam
2078 2134 2105 2170 a

538 2201 720 2269 pravis
751 2201 1200 2268 concupiscentiis
1251 2211 1396 2257 tuam
1441 2205 1630 2260 cohibe
1665 2207 1922 2262 animam.
1955 2206 2109 2262 Hunc

538 2291 750 2347 Domini
779 2291 1023 2347 timorem
1061 2293 1216 2364 152
1266 2295 1549 2351 doctorum
1586 2313 1645 2352 se
1691 2313 1787 2353 nos
1832 2311 1982 2368 pater
2021 2299 2111 2354 ille

538 2386 823 2457 promisit;
883 2402 989 2441 non
1037 2388 1509 2443 indiscrimiuatim
1544 2389 1758 2458 quidem
1800 2390 2108 2454 docturum,

541 2477 633 2531 sed
669 2490 784 2540 eos,
809 2478 902 2545 qui
951 2479 999 2532 ei
1041 2479 1350 2534 auscultare
1396 2480 1619 2547 volunt,
1650 2497 1754 2534 non
1807 2481 1895 2534 diu
1949 2482 2112 2536 colla-

542 2581 689 2635 psos,
734 2568 827 2620 sed
861 2581 980 2632 eos,
1017 2569 1107 2636 qui
1143 2578 1362 2638 propter
1404 2569 1595 2624 salutis
1643 2569 1969 2625 desiderium
2018 2587 2108 2626 ac-

543 2664 770 2710 currunt
793 2674 806 2709 :
836 2671 939 2710 non
969 2667 1243 2712 extraneos
1271 2677 1302 2712 a
1321 2657 1661 2715 Testamentis
1684 2661 1749 2726 “,
1776 2662 1868 2715 sed
1892 2675 2004 2725 eos,
2024 2661 2114 2730 qui

501 2821 506 2826 _
545 2764 611 2802 es
657 2747 981 2817 baptismate
1017 2749 1182 2804 verbo
1222 2751 1524 2821 adoptionis
1564 2753 1612 2806 ei
1648 2752 1918 2819 conjuncti
1969 2762 2112 2808 sunt.

543 2840 856 2907 Propterea,
897 2841 1093 2912 inquit,
1132 2843 1342 2906 venite;
1377 2843 1480 2895 hoc
1504 2851 1604 2905 est,
1643 2858 1738 2912 per
1780 2843 1916 2897 bona
1949 2859 2113 2911 opera

547 2930 969 3000 appropinquate
1000 2933 1066 2985 ad
1101 2947 1206 3001 me,
1244 2931 1360 2997 ﬁlii,
1392 2931 1537 3003 digni
1570 2933 1736 2987 habiti
1766 2934 1856 3002 qui
1910 2948 2004 3001 per
2037 2948 2118 2986 re-

546 3023 945 3092 generationem
980 3024 1072 3078 lilii
1120 3023 1255 3078 lucis
1298 3026 1494 3080 essetis
1518 3025 1583 3080 ⁵⁸.
1615 3025 1832 3088 Audite,
1889 3041 1987 3079 vos
2026 3026 2117 3095 qui

2209 1930 2274 1998 τῇ
2305 1929 2662 1998 καταϐρώσει.
2699 1925 2831 1982 Εἶτα
2863 1929 2959 1999 τὴν
2991 1927 3177 1980 πασῶν
3201 1928 3594 1998 χαλεπωτάτην
3624 1927 3804 1980 κόλα-

2211 2035 2315 2084 σιν,
2349 2018 2439 2070 τὸν
2458 2018 2752 2088 ὀνειδισμὸν
2783 2020 2982 2071 ἐκεῖνον
3009 2017 3101 2069 καὶ
3127 2017 3224 2085 τὴν
3247 2017 3504 2087 αἰσχύνην
3525 2020 3633 2088 τὴν
3661 2017 3805 2071 αἰώ-

2208 2126 2340 2163 νιον.
2369 2108 2550 2160 Ταῦτα
2589 2109 2752 2177 φοϐοῦ
2775 2127 2787 2139 ο
2830 2110 2924 2163 καὶ
2959 2109 3129 2179 τούτῳ
3160 2107 3236 2177 τῷ
3266 2107 3413 2177 φόϐῳ
3453 2111 3805 2180 παιδευόμε-

2209 2220 2317 2266 νος,
2355 2201 2518 2254 οἱονεὶ
2551 2201 2748 2271 χαλινῷ
2777 2221 2881 2255 τινι
2915 2204 3187 2256 ἀνάκοπτε
3219 2201 3312 2270 τὴν
3340 2201 3515 2272 ψυχὴν
3545 2205 3661 2256 ἀπὸ
3695 2205 3804 2271 τῆς

2211 2294 2345 2366 πρὸς
2374 2292 2440 2344 τὰ
2472 2291 2648 2360 φαῦλα
2676 2292 2984 2361 ἐπιθυμίας.
3005 2293 3205 2346 Τοῦτον
3237 2291 3326 2343 τὸν
3352 2291 3514 2359 φόϐον
3553 2294 3654 2346 τοῦ
3690 2295 3805 2346 Κυ-

2213 2386 2326 2456 ρίου
2356 2384 2623 2438 διδάσκειν
2651 2385 2794 2453 ἡμᾶς
2819 2385 2846 2435 6
2869 2385 3044 2455 πατὴρ
3073 2384 3456 2455 ὲπηγγείλατο’
3483 2383 3586 2452 οὐχ
3601 2384 3803 2444 ἁπλῶς

2209 2477 2498 2542 διδάσκειν,
2539 2475 2673 2529 ἀλλὰ
2697 2476 2821 2538 τοὺς
2850 2475 3064 2528 ἀκούειν
3100 2476 3262 2530 αὑτοῦ
3293 2475 3800 2547 προαιρουμένους

2212 2566 2273 2617 ού
2309 2568 2434 2629 τοὺς
2467 2566 2682 2638 μακρὰν
2716 2565 3090 2627 ἀποπεσόντας
3113 2566 3211 2634 (6),
3251 2565 3382 2619 ἀλλὰ
3406 2567 3528 2628 τοὺς
3574 2564 3641 2616 δι’
3675 2567 3807 2617 ἑπι-

2215 2656 2409 2727 θυμίαν
2443 2659 2533 2710 τοῦ
2564 2655 3245 2727 σωθῆναιπροστρέχοντας
3268 2675 3280 2687 ·
3308 2659 3367 2710 οὐ
3398 2658 3539 2721 τοὺς
3572 2656 3805 2721 ξένους

2214 2749 2332 2803 τῶν
2359 2747 2682 2814 Διαθηκῶν,
2721 2749 2853 2802 ἀλλὰ
2887 2750 3011 2811 τοὺς
3057 2750 3120 2799 ἐκ
3151 2749 3242 2801 τοῦ
3273 2751 3651 2821 βαπτίσματος
3697 2753 3801 2819 τῆς

2215 2841 2485 2904 υἱοθεσίας
2526 2842 2923 2911 οἰκειουμένους
2958 2839 3035 2908 τῷ
3073 2839 3233 2910 λόγῳ.
3285 2843 3380 2893 Διά
3411 2843 3589 2904 τοῦτο,
3633 2845 3799 2913 φησι,

2214 2933 2366 2986 δεῦτε
2383 2951 2396 2964 ·
2425 2932 2690 2995 τουτέστι,
2719 2931 2804 2984 διὰ
2826 2930 2931 2984 τῶν
2953 2928 3168 2997 ἀγαθῶν
3194 2929 3368 2999 ἔργων
3394 2931 3651 2997 ὲγγίσατέ
3682 2951 3800 3001 μοι,

2219 3027 2401 3086 τέκνα,
2458 3027 2562 3078 υἱοὶ
2613 3023 2788 3094 φωτὸς
2844 3021 3094 3092 γενέσθαι
3131 3021 3218 3075 διά
3242 3022 3340 3091 τῆς
3373 3020 3802 3089 παλιγγενεσίας

551 3128 711 3165 aures
740 3113 918 3165 cordis
952 3113 1162 3166 habetis
1197 3123 1441 3183 apertas;
1471 3117 1711 3170 timorem
1738 3116 1947 3170 Domini
1973 3119 2111 3170 doco-

2222 3116 2662 3180 καταξιωθέντες.
2723 3116 3035 3180 Ἀκούσατε,
3093 3117 3142 3168 οί
3183 3114 3397 3184 ἔχοντες
3440 3112 3508 3166 τά
3561 3107 3680 3166 ὦτα
3722 3115 3800 3184 (7)

552 3204 614 3258 bo
663 3220 747 3258 vos
779 3220 798 3268 ;
827 3219 947 3258 eum
994 3204 1243 3258 videlicet
1282 3221 1440 3274 quem
1490 3208 1641 3264 vobis
1677 3209 1969 3279 aliquanto»
1994 3219 2111 3263 ante

2221 3211 2320 3278 τῆς
2369 3208 2591 3279 καρδίας
2656 3210 3013 3279 ἀνεῳγμένα·
3066 3210 3257 3262 Φόϐον
3301 3207 3520 3274 Κυρίου
3572 3205 3801 3271 διδάξω

549 3298 950 3368 descripsimus.

622 3477 676 3531 9.
715 3477 875 3530 Vsus.
907 3476 992 3530 I5.
1022 3474 1152 3541 Quis
1179 3487 1253 3530 est
1275 3476 1430 3530 homo
1456 3477 1542 3546 qui
1569 3475 1673 3530 uult
1703 3476 1880 3539 vitam,
1901 3477 2119 3545 diligens

552 3568 663 3620 dies
692 3568 865 3620 uidere
892 3568 1096 3619 bonos?
1128 3566 1182 3619 Si
1216 3568 1357 3635 quis,
1391 3569 1588 3635 inquit,
1641 3567 1753 3621 vult
1793 3568 1981 3633 vitam,
2016 3585 2120 3623 non

555 3671 896 3713 communem
931 3657 1093 3721 hanc,
1152 3672 1314 3727 quam
1344 3666 1398 3711 et
1427 3657 1582 3711 bruta
1613 3659 1820 3723 vivunt,
1869 3660 1963 3712 sed
2001 3673 2119 3712 eam

556 3763 676 3818 quae
709 3763 834 3804 vere
881 3749 990 3803 vita
1039 3758 1144 3812 est,
1196 3759 1249 3803 et
1284 3757 1458 3803 morte
1496 3763 1600 3803 non
1650 3749 1942 3804 dirimitur.
1972 3751 2123 3806 Nunc

555 3840 723 3904 enim,
744 3840 936 3907 inquit,
961 3841 1250 3906 moritnini,
1277 3840 1341 3894 Et
1373 3843 1478 3895 vita
1503 3852 1681 3896 nostra
1712 3852 1785 3895 est
1814 3843 2122 3898 abscondita

557 3947 676 3984 cum
708 3929 915 3984 Christo
943 3931 996 3983 in
1022 3929 1163 3984 Deo:
1206 3948 1324 3986 cum
1350 3949 1466 3986 vero
1495 3932 1735 3988 Christus
1778 3936 2079 4002 apparuerit
2105 3974 2120 3999 ,

556 4023 660 4074 rita
697 4030 876 4075 nostra
898 4061 914 4088 ,
952 4030 1074 4075 tunc
1104 4031 1150 4075 et
1181 4037 1268 4075 vos
1300 4023 1616 4091 apparebitis
1651 4038 1764 4074 cum
1784 4024 1897 4087 ipso
1932 4026 1985 4075 in
2015 4024 2124 4092 glo-

558 4115 638 4166 ria
671 4113 736 4167 ".
769 4113 936 4183 Igitur
990 4129 1119 4168 vere
1163 4114 1270 4168 vita
1326 4123 1410 4169 est
1445 4112 1714 4177 Christus,
1747 4126 1800 4167 et
1851 4125 2033 4167 nostra
2071 4115 2123 4168 in

561 4206 679 4268 ipso
726 4204 1072 4258 conversatio
1103 4205 1213 4256 vita
1247 4219 1376 4258 vera
1417 4212 1521 4259 est.
1552 4202 1816 4256 Similiter
1850 4213 2028 4258 autem
2071 4211 2125 4257 et

567 4296 684 4349 dies
734 4295 824 4348 alii
865 4306 991 4349 sunt
1023 4295 1172 4362 boni,
1207 4311 1342 4364 quos
1393 4297 1446 4350 in
1478 4298 1835 4367 promissione
1873 4300 2125 4367 proponit

559 4385 844 4456 Propheta.
866 4387 994 4453 Quis
1021 4397 1097 4442 est
1122 4393 1277 4442 homo
1303 4390 1391 4459 qui
1421 4389 1526 4442 vult
1556 4390 1730 4451 vitam,
1764 4390 1987 4460 diligens
2015 4392 2124 4444 dies

2222 3299 2406 3371 ὑμᾶς·
2454 3298 2661 3362 τοῦτον,
2699 3300 2756 3351 ὃν
2795 3303 2972 3371 μικρῷ
3013 3299 3246 3372 πρόσθεν
3288 3301 3315 3351 6
3345 3299 3500 3367 λόγος
3529 3299 3660 3369 ὑμῖν
3699 3301 3804 3352 ὐπ-

2222 3399 2479 3471 έγραψεν.

2291 3493 2342 3546 9.
2393 3488 2485 3556 Τίς
2535 3489 2693 3542 ἐστιν
2746 3486 3049 3553 ἅνθρωπος
3100 3492 3132 3541 d
3186 3487 3377 3541 θέλων
3418 3485 3605 3551 ζωὴν,
3648 3487 3795 3556 ἀγα-

2224 3579 2354 3633 πῶν
2395 3578 2618 3647 ἡμέρας
2671 3576 2816 3629 ἰδεῖν
2847 3575 3112 3643 άταθάς;
3173 3577 3240 3628 El
3285 3595 3367 3639 τις
3419 3575 3582 3640 θέλει,
3641 3578 3800 3647 φησι,

2226 3671 2389 3741 ζωὴν,
2424 3671 2484 3722 οὐ
2533 3669 2633 3738 τὴν
2683 3666 2865 3736 κοινὴν
2904 3662 3102 3735 ταύτην
3139 3667 3204 3734 ἣν
3255 3667 3347 3718 καὶ
3381 3667 3447 3718 τὰ
3492 3667 3664 3735 ἄλογα
3711 3667 3800 3738 ζῇ,

2223 3759 2360 3815 ἀλλά
2378 3760 2475 3832 τὴν
2498 3758 2664 3820 ὅντως
2695 3755 2836 3827 ζωὴν
2860 3755 2956 3826 τὴν
3000 3753 3214 3822 θανάτῳ
3247 3754 3320 3822 μὴ
3346 3753 3799 3825 διακοπτομένην.

2223 3853 2336 3907 Νῦν
2368 3851 2494 3923 γὰρ,
2520 3850 2701 3920 φησιν,
2728 3847 3117 3914 ἀποθνήσκετε,
3155 3843 3265 3898 Καὶ
3298 3846 3334 3910 ἠ
3373 3842 3482 3905 ζωὴ
3510 3843 3682 3910 ἡμῶν
3717 3847 3795 3913 (8)

2225 3945 2540 4014 κέκρυπται
2569 3942 2688 3994 σὺν
2724 3938 2802 4004 τῷ
2826 3936 3056 4006 Χριστῷ
3078 3937 3146 3988 ἐν
3180 3934 3258 4000 τῷ
3282 3932 3431 3999 Θεῷ·
3469 3933 3617 3987 ὅταν
3656 3934 3727 3986 δὲ
3773 3941 3804 3989 ό

2223 4036 2474 4104 Χριστός
2545 4029 2884 4101 φανερωθῇ,
2948 4030 2984 4096 ἡ
3054 4026 3163 4094 ζωὴ
3223 4026 3426 4094 ἡμῶν,
3499 4028 3635 4079 τότε
3705 4028 3803 4080 καί

2225 4125 2391 4193 ὑμεῖς
2419 4123 2539 4176 σὺν
2567 4120 2726 4184 αὐτῷ
2755 4119 3252 4188 φανερωθήσεσθε
3291 4119 3360 4170 ἐν
3385 4117 3551 4186 δόξῃ.
3593 4118 3803 4171 Οὐκοῦν

2227 4216 2321 4268 καὶ
2353 4215 2385 4285 ἡ
2414 4213 2578 4282 ὅντως
2609 4209 2720 4279 ζωὴ
2748 4212 2775 4260 ό
2805 4208 3054 4278 Χριστὸς,
3086 4209 3179 4260 καὶ
3207 4211 3239 4275 ἡ
3276 4209 3520 4277 ἡμετέρα
3549 4209 3608 4259 ὲν
3643 4209 3796 4278 αὐτῷ

2225 4305 2464 4375 διαγωγὴ
2500 4301 2608 4372 ζωή
2641 4303 2787 4353 ἐστιν
2815 4299 3060 4370 ἀληθινή.
3103 4299 3334 4368 Ὁμοίως
3367 4298 3422 4350 δὲ
3451 4300 3546 4351 καὶ
3577 4301 3635 4350 αἱ
3663 4302 3797 4367 ἠμέ-

2231 4417 2317 4470 ραι
2343 4397 2495 4450 ἄλλαι
2516 4395 2654 4448 εἰσὶν
2682 4393 2882 4461 ἀγαθαὶ
2906 4432 2919 4454 ,
2949 4392 3014 4455 ἃς
3046 4395 3102 4445 ὲν
3131 4389 3434 4460 ἐπαγγελία
3474 4391 3804 4462 προτίθησιν

559 4478 736 4533 uidere
774 4479 971 4532 bonos?
1005 4479 1126 4535 Dies
1154 4481 1298 4535 enim
1347 4479 1506 4548 hujus
1548 4481 1753 4547 saeculi,
1798 4483 1920 4535 mali
1951 4490 2077 4537 sunt
2106 4501 2111 4536 :

2224 4495 2252 4546 6
2283 4490 2593 4562 Προφήτης.
2633 4488 2725 4552 Τίς
2769 4487 2936 4539 ἐστιν
2977 4483 3284 4551 ἄνθρωπος
3321 4486 3353 4535 ό
3397 4481 3590 4537 θέλων
3631 4482 3801 4549 ζωὴν,

561 4570 827 4640 siquidem
857 4570 1039 4625 ethoc
1067 4572 1346 4639 saeculum,
1378 4586 1632 4627 mensura
1665 4588 1783 4624 cum
1817 4573 1885 4626 sit
1918 4573 2120 4636 mundi,

561 4667 627 4715 de
659 4677 765 4731 quo
798 4662 997 4717 dictum
1052 4671 1135 4716 est
1167 4680 1180 4716 :
1225 4663 1454 4716 Mundus
1490 4672 1627 4716 totus
1686 4665 1739 4715 in
1773 4667 2000 4735 maligno
2027 4682 2124 4732 po—

561 4755 697 4806 situs
727 4764 803 4807 est
834 4753 877 4784 "
905 4795 919 4819 ,
961 4762 1166 4807 natura:
1199 4756 1402 4818 mundi,
1436 4771 1597 4824 quem
1633 4755 1913 4808 dimetitur
1937 4797 1950 4821 ,
1992 4757 2125 4810 assi-

563 4842 804 4898 milatur.
839 4843 904 4900 Hi
932 4855 1112 4900 autem
1141 4847 1254 4901 dies
1288 4857 1467 4916 partes
1502 4857 1631 4901 sunt
1662 4848 1820 4916 hujus
1844 4851 2122 4916 temporis.

565 4937 904 5005 Quapropter
945 4937 1077 4992 dicit
1122 4937 1461 5007 Apostolus:
1517 4937 1846 4993 Redimentes
1905 4951 2126 5008 tempus,

562 5028 810 5094 quoniam
864 5029 978 5082 dies
1026 5031 1151 5083 mali
1192 5041 1312 5084 sunt
1367 5032 1433 5084 ⁸⁸.
1467 5029 1707 5097 Itemque
1734 5030 1895 5085 Jacob
1929 5052 1942 5086 :
1983 5032 2125 5097 Dies,

567 5119 759 5185 inquit,
787 5135 1042 5174 annorum
1072 5140 1299 5176 meorum
1352 5123 1506 5190 pauci
1535 5132 1583 5176 et
1612 5122 1738 5173 mali
1772 5133 1892 5175 sunt
1924 5125 1989 5177 ⁸⁸³.
2016 5124 2124 5176 Ita-

640 5257 682 5287 σι
715 5254 906 5319 Ephes.
941 5271 1002 5320 tt,
1028 5255 1110 5308 12.
1189 5257 1232 5289 ⁸⁵
1265 5257 1282 5310 l
1312 5255 1502 5311 Thess.
1538 5271 1588 5317 ν.
1627 5255 1680 5309 5.

573 5339 742 5391 nm,
785 5323 818 5377 9

642 5479 718 5546 (6)
766 5481 911 5546 Τοὺς
929 5478 1168 5549 μακρὰν
1190 5481 1643 5544 ἁποπεσόντας,
1686 5489 1835 5533 verte
1871 5496 1886 5536 :
1931 5491 2015 5533 eos
2054 5481 2140 5548 qui

572 5551 753 5617 procul
793 5552 923 5617 lapsi
957 5562 1098 5604 sunt.
1128 5550 1338 5606 MABAN.

645 5619 722 5688 (7)
752 5619 822 5673 Ita
849 5614 1006 5680 mss.,
1041 5637 1144 5674 non
1174 5624 1346 5688 pauci.
1381 5621 1518 5676 Editi
1543 5621 1752 5688 ἔχοντες
1777 5614 1912 5673 ὦτα.
1939 5619 2136 5672 Ibidem

575 5691 723 5743 (Ioib.
760 5691 960 5754 primus
989 5690 1328 5759 ὴνεῳγμένα.

648 5762 720 5831 (8)
747 5759 837 5816 Sic
876 5777 1004 5815 mss.
1043 5773 1094 5814 et
1117 5763 1280 5817 editio
1301 5760 1462 5818 Basil.
1497 5777 1615 5816 cum
1645 5761 1855 5830 vulgato
1879 5759 2122 5828 Scriptu-

1775 5254 1830 5303 .“
1860 5253 2062 5310 CoIOss.
2097 5273 2176 5319 Ill,
2205 5257 2256 5320 '5,
2290 5258 2343 5310 4.

2233 4580 2479 4651 ἀγαπῶν
2521 4579 2747 4648 ἡμέρας
2783 4576 2930 4630 ίδεῖν
2952 4574 3215 4645 ἀγαθάς
3262 4576 3326 4626 Al
3361 4575 3466 4643 γὰρ
3492 4574 3586 4626 τοῦ
3615 4575 3803 4638 αἰῶνος

2233 4675 2419 4728 τούτου
2448 4673 2649 4743 ἡμέραι
2702 4669 2968 4740 πονηραὶ,
3018 4666 3203 4736 ἐπειδὴ
3249 4666 3341 4718 καὶ
3379 4668 3406 4718 6
3451 4665 3585 4718 αἰὼν
3632 4660 3801 4729 οὗτος,

2233 4768 2324 4821 τοῦ
2374 4768 2578 4836 κόσμου
2614 4767 2808 4834 μέτρον
2841 4758 3133 4833 ὑπάρχων,
3174 4762 3301 4830 περὶ
3344 4752 3403 4812 οῦ
3439 4759 3683 4830 εἴρηται,
3727 4763 3804 4814 δτι

2245 4860 2296 4912 Ὀ
2313 4860 2538 4926 κόσμος
2562 4857 2705 4919 ὅλος
2730 4855 2798 4906 ἐν
2817 4852 2895 4917 τῷ
2923 4849 3161 4918 πονηρῷ
3179 4850 3382 4910 κεῖται,
3411 4851 3774 4920 συναφομοιοῦ

2233 4967 2322 5002 ται
2353 4950 2418 5018 τῇ
2469 4947 2624 5015 φύσει
2653 4943 2746 4998 τοῦ
2781 4943 2982 5011 κόσμου
3009 4942 3067 4995 ὃν
3091 4943 3363 5013 ὲκμετρεῖ.
3408 4941 3565 5012 Μέρη
3613 4943 3671 4995 δὲ
3716 4943 3802 4995 τοῦ

2237 5037 2427 5107 χρόνου
2468 5036 2655 5088 τούτου
2694 5035 2750 5088 αἱ
2797 5033 3000 5103 ἡμέραι
3036 5025 3213 5084 αὗται.
3264 5033 3359 5084 Διά
3391 5031 3550 5083 τοῦτό
3584 5048 3750 5099 φησιν
3779 5034 3805 5084 ό

2245 5124 2591 5186 Ἀπόστο).ος’
2636 5120 3142 5192 Ἐξαγοραζόμενοι
3186 5121 3291 5172 τὸν
3340 5119 3574 5185 καιρὸν,
3619 5119 3707 5170 ὅτι
3750 5126 3805 5172 al

2448 5256 2490 5286 "
2529 5253 2721 5308 lJoan.
2763 5270 2816 5318 ν,
2844 5251 2930 5307 l9.
3046 5251 3090 5282 "'
3118 5250 3316 5319 Ephes.
3346 5264 3396 5315 v,
3427 5249 3512 5301 l6.
3595 5249 3640 5279 ⁶⁹
3675 5249 3802 5305 Gen.

2249 5497 2319 5533 rm
2345 5491 2508 5533 textu.
2543 5479 2715 5534 Editio
2747 5478 2918 5533 Paris.
2981 5475 3092 5547 ζωὴ
3125 5475 3299 5547 ὑμῶν.
3351 5472 3446 5547 Illa
3481 5488 3603 5540 quae
3657 5474 3805 5547 paulo

2247 5551 2382 5603 infra
2416 5553 2688 5618 leguntur,
2728 5550 2846 5602 τότε
2869 5548 2962 5600 καὶ
2994 5541 3277 5617 ὑμεῖς’σὺν
3309 5543 3457 5614 αὐτῷ
3495 5541 3804 5618 φανερωθήτ

2247 5620 2403 5673 σεσθε
2438 5616 2494 5673 ἐν
2533 5619 2677 5690 δόξῃ,
2714 5621 2907 5672 desunt
2936 5616 3151 5690 quidem
3195 5618 3247 5669 in
3277 5625 3692 5690 quattior_tnss.,
3716 5616 3804 5670 sed

2245 5694 2586 5761 reperiuntur
2631 5684 2697 5746 'in
2735 5690 2851 5745 aliis
2883 5684 3102 5758 perinde
3124 5698 3284 5755 atque
3316 5687 3366 5741 in
3396 5684 3577 5740 editis.
