4016 6462
259 403 366 460 375
1376 412 1662 466 HOMILIA
1700 414 1767 467 ΙΝ
1808 417 1845 470 Ρ

1889 418 2138 474 ιΑΙλΜΕΜ
2177 424 2411 479 XXXIII.
3373 438 3475 490 574

259 527 472 598 ἡμέραι
501 529 755 594 πονηραί
778 533 913 584 εισι.
948 532 1057 583 Καὶ
1082 534 1110 583 ό
1149 529 1341 585 Ἰακὼϐ
1369 532 1425 585 δὲ
1461 534 1557 603 (9),
1591 541 1658 588 Αι
1691 536 1827 602 mut-

1897 587 1901 598 λ
1933 553 2035 606 que
2067 555 2204 592 nunc
2228 540 2280 593 in
2315 544 2421 596 vita
2463 558 2567 596 non
2596 557 2803 609 sumus,
2839 546 2931 600 sed
2977 547 3030 598 in
3060 558 3248 600 morte.
3285 548 3483 603 Idcirco

258 635 377 686 ραι,
417 616 571 684 φησὶ,
594 616 708 671 τῶν
729 619 876 672 ἑτῶν
891 637 1008 687 μου
1034 625 1234 690 μικραὶ
1261 623 1357 674 καὶ
1382 626 1656 692 πονηραί.
1689 626 1828 680 Οὐκ-

1933 632 2096 684 etiam
2127 633 2321 686 orabat
2348 637 2657 702 Apostolus,
2690 636 2872 690 dicens
2903 657 2915 691 :
2974 639 3104 704 Quis
3151 655 3227 692 me
3250 640 3487 693 liberabit

261 706 356 760 οὖν
425 706 518 762 νῦν
569 709 666 780 μὲν
700 711 798 763 οὐκ
833 711 996 781 ἐσμὲν
1032 714 1090 765 ἐν
1145 713 1287 784 ζωῇ,
1335 715 1450 767 ἀλλ’
1491 718 1547 768 ἐν
1591 717 1822 790 Θανάτῳ.

1931 729 1996 776 de
2029 740 2248 792 corpore
2273 727 2453 778 mortis
2479 729 2634 797 hujus
2659 728 2746 781 7°?
2770 728 2887 780 Alia
2909 742 3082 783 autem
3111 732 3353 799 quaedam
3382 731 3489 782 vita

262 795 354 885 ᾼιδ
378 798 474 852 καὶ
503 797 702 870 ηὔχετο
722 801 750 851 6
779 799 1114 867 Ἀπόστολος,
1139 804 1309 872 λέγων
1331 822 1343 833 ·
1381 807 1473 870 Τίς
1487 823 1564 875 με
1580 807 1828 872 ῥύσεται

1930 821 2035 878 εει,
2064 816 2130 866 ad
2159 830 2322 882 quam
2349 826 2537 868 vocant
2565 834 2662 872 nos
2698 819 2885 873 isthmc
2909 819 3102 883 verba;
3130 829 3182 872 et
3212 833 3356 873 nunc
3381 819 3493 885 qui-

259 883 330 936 ἐκ
374 889 479 941 τοῦ
523 885 794 955 σώματος
837 891 941 945 τοῦ
976 893 1230 946 θανάτου
1266 895 1513 957 τούτου;
1563 896 1726 969 Ἀλλη
1772 901 1827 952 δέ

1930 901 2049 955 dem
2107 904 2221 956 dies
2283 905 2451 958 nostri
2496 906 2616 957 mali
2652 917 2810 973 sunt,
2836 907 2924 963 alii
2950 921 3078 960 vero
3109 910 3323 976 quidam
3366 883 3491 960 sunt

261 976 346 1068 τίς
370 980 484 1029 ἐστι
513 976 646 1049 ζωὴ,
687 981 820 1055 πρὸς
855 984 922 1054 ἢν
961 985 1112 1038 καλεῖ
1145 986 1290 1054 ἡμᾶς
1326 989 1354 1040 6
1385 988 1572 1056 λόγος·
1609 991 1701 1042 καὶ
1734 991 1828 1044 νῦν

1931 995 2078 1058 boni,
2119 1010 2253 1063 quos
2278 1011 2380 1048 nox
2412 1011 2519 1049 non
2561 997 2850 1051 intercidit.
2875 999 2988 1054 Erit
3011 999 3154 1054 enim
3180 1000 3318 1055 Deus
3347 1000 3491 1068 ipso-

264 1067 362 1136 μὲν
402 1068 455 1118 αἱ
500 1069 699 1142 ήμέραι
731 1073 885 1143 ἡμῶν
931 1075 1184 1144 πονηραὶ,
1223 1077 1375 1131 ἄλλαι
1415 1078 1472 1131 δέ
1510 1081 1650 1142 τινές
1693 1083 1827 1134 εἰσιν

1933 1102 2047 1139 rum
2077 1087 2166 1140 lux
2196 1088 2546 1155 sempiterna,
2580 1102 2671 1142 eos
2699 1089 2883 1157 gloria-
2908 1107 3016 1146 suae
3045 1092 3161 1146 luce
3193 1090 3485 1145 illustrans.

259 1157 482 1247 ἀγαθαὶ,
518 1160 582 1224 ἃς
608 1163 704 1225 νὺξ
750 1165 810 1215 οὐ
853 1165 1163 1220 διακόπτει·
1207 1168 1357 1220 ἔσται
1389 1169 1496 1239 γάρ
1520 1171 1549 1222 6
1573 1170 1703 1235 Θεὸς
1732 1172 1827 1224 αὑ-

1931 1174 2007 1228 Νε
2035 1178 2199 1247 igitur
2231 1192 2354 1230 cum
2398 1179 2633 1232 audieris
2680 1177 2793 1231 dies
2837 1177 3028 1239 bonos,
3069 1186 3388 1245 prasentem
3415 1176 3490 1231 is-

261 1246 370 1301 τῶν
395 1251 508 1319 φῶς
536 1252 748 1304 αἰώνιον
769 1293 782 1314 ,
816 1255 1183 1326 καταλάμπων
1221 1258 1392 1323 αὑτὰς
1438 1260 1515 1332 τῷ
1546 1265 1683 1331 φωτὶ
1729 1264 1826 1334 τῆς

1932 1280 2037 1321 tam
2066 1270 2226 1323 vitam
2252 1269 2535 1324 existimes
2560 1270 2652 1323 tibi
2687 1269 2991 1338 proponiin
3016 1271 3485 1338 promissionibus.

262 1340 455 1394 ἐαυτοῦ
482 1342 658 1413 δόξης.
695 1345 784 1415 Μὴ
813 1347 1009 1413 τοίνυν,
1041 1349 1168 1402 ὅταν
1192 1351 1431 1425 ἀκούσῃς
1449 1355 1673 1425 ἡμερῶν
1693 1357 1827 1422 ἀγα-

1934 1359 2063 1412 Nam
2090 1375 2224 1427 quos
2255 1363 2370 1416 dies
2387 1360 2465 1415 sol
2493 1359 2764 1414 sensibilis
2794 1359 3018 1430 peragit,
3057 1361 3091 1412 ii
3117 1369 3239 1412 sunt
3263 1362 3487 1416 caduci:

262 1434 392 1495 θῶν,
426 1434 523 1504 τὴν
561 1436 789 1517 ἐνταῦθά
831 1457 911 1494 σοι
932 1443 1173 1514 νομίσῃς
1223 1444 1366 1514 ζωὴν
1394 1448 1450 1496 ἐν
1479 1447 1828 1514 ἐπαγγελίαις

1930 1451 2063 1504 nihil
2101 1461 2278 1505 autem
2310 1454 2571 1507 caducum
2619 1452 2815 1522 poterit
2856 1466 2975 1505 esse
3027 1452 3352 1505 conveniens
3395 1455 3489 1507 do-

262 1524 603 1594 προκεῖσθαι.
642 1529 880 1602 Φθαρταὶ
913 1534 1020 1604 γάρ
1041 1538 1178 1589 είσιν
1210 1530 1390 1597 αὗται,
1426 1534 1492 1596 ἀς
1515 1537 1543 1587 6
1576 1536 1826 1606 αἰσθητὸς

1929 1560 2055 1596 num
2086 1543 2451 1611 corruptionis
2486 1544 2711 1611 experti.
2744 1541 2954 1596 Etenim
3005 1543 3048 1596 si
3091 1542 3265 1595 anima
3302 1556 3489 1596 corru-

260 1615 411 1685 ήλιος
447 1618 842 1689 ἀπεργάζεται·
889 1627 1038 1679 οὐδὲν
1093 1627 1149 1678 δέ
1205 1626 1439 1697 φθαρτὸν
1486 1626 1828 1698 ἁρμοζόντως

1929 1635 2094 1704 ptioui
2155 1648 2496 1703 nequaquam
2543 1631 2774 1686 obnoxia
2821 1641 2938 1695 est,
2981 1646 3078 1684 nec
3107 1632 3269 1684 etiam
3308 1644 3492 1683 corru-

261 1711 329 1765 ἂν
354 1712 523 1786 δῶρον
549 1716 756 1782 γένοιτο
792 1715 868 1784 τῷ
915 1715 1194 1785 ἀφθάρτῳ.
1243 1717 1306 1769 Et
1347 1717 1453 1788 γὰρ
1488 1717 1761 1790 ἄφθαρτος
1792 1719 1825 1789 ἡ

1928 1725 2097 1794 ptioui
2135 1723 2368 1777 obnoxia
2402 1722 2604 1776 fuerint
2640 1722 2805 1788 ipsius
2838 1722 2996 1775 dona.
3038 1719 3283 1774 Prwterit
3313 1729 3487 1773 autem

257 1803 424 1876 ψυχὴ,
455 1808 704 1878 ἄφθαρτα
729 1807 895 1877 αὐτῆς
935 1809 1027 1859 καὶ
1062 1806 1130 1860 τά
1156 1808 1486 1879 χαρίσματα.
1537 1811 1646 1863 Καὶ
1672 1814 1825 1876 Παρ-

1927 1818 2100 1887 ﬁgura
2128 1816 2285 1886 hujus
2322 1817 2507 1868 mundi
2543 1816 2609 1868 τί.
2647 1813 2795 1880 Quod
2835 1813 2877 1866 si
2915 1813 2999 1867 lex
3033 1814 3277 1868 umbram
3329 1813 3495 1867 habet

260 1893 390 1962 ἄγει
439 1896 504 1947 τὸ
551 1895 758 1964 σχῆμα
805 1897 910 1950 τοῦ
953 1897 1183 1965 κόσμου
1207 1899 1436 1950 τούτου.
1471 1898 1532 1948 Εἰ
1574 1897 1631 1948 δὲ
1671 1899 1825 1950 σκιάν

1929 1905 2230 1960 futurorum
2276 1907 2537 1960 bonorum
2561 1906 2609 1950 7'
2631 1946 2646 1970 ,
2675 1904 2896 1975 elIingas
2927 1902 3085 1956 velim
3121 1904 3299 1956 animo
3351 1903 3491 1957 Sab-

258 1984 372 2052 ἐχει
400 1987 428 2038 6
455 1985 618 2056 νόμος
647 1986 754 2039 τῶν
799 1986 1096 2057 μελλόντων
1135 1986 1352 2054 ἀγαθῶν
1373 2025 1390 2050 ,
1432 1987 1540 2039 νόει
1589 1986 1676 2056 μοί
1707 2005 1825 2040 τινα

1927 1999 2046 2051 bata
2085 2000 2325 2064 quaedam
2376 1998 2630 2065 jucunda,
2687 2005 2896 2059 sancta,
2937 2010 3002 2048 ex
3051 1995 3266 2048 aeternis
3301 1993 3489 2049 diebus

258 2072 511 2127 Σάϐϐατα
539 2075 781 2147 τρυφερά
802 2117 815 2139 ,
854 2074 984 2144 ἆγια
1005 2115 1018 2142 ,
1049 2077 1112 2130 ἐκ
1153 2077 1261 2129 τῶν
1305 2076 1536 2129 αίωνίων
1580 2075 1824 2146 ἡμερῶν,

1928 2089 2182 2154 conﬂata,
2215 2099 2500 2141 nascentes
2525 2088 2701 2150 lunas,
2733 2089 2862 2141 festa
2901 2109 2914 2143 :
2950 2089 3044 2142 sed
3091 2086 3327 2152 intellige
3371 2086 3444 2138 ita
3472 2122 3487 2148 ,

256 2167 568 2236 νεομηνίας,
613 2169 834 2240 ἐορτάς’
871 2168 965 2222 καὶ
1003 2169 1109 2222 νόει
1138 2186 1227 2239 μοι
1267 2169 1431 2234 ἀξίως
1464 2167 1556 2221 τοῦ
1591 2184 1827 2237 πνευμα-

1929 2189 1985 2234 ut
2016 2179 2184 2248 legem
2212 2177 2545 2246 spiritualem
2571 2179 2744 2230 decet.
2771 2175 2956 2246 (Vens.
2991 2175 3102 2244 H.)
3141 2173 3366 2227 Prohibe
3389 2175 3490 2227 lin-

257 2258 412 2310 τικοῦ
446 2260 631 2329 νόμου.
677 2262 924 2314 Παῦσον
957 2260 1070 2327 τὴν
1107 2259 1394 2330 γλῶσσάν
1424 2276 1538 2314 σου
1574 2259 1692 2314 ἀπὸ
1721 2277 1824 2313 κα-

1926 2288 2082 2340 guam
2112 2282 2255 2324 tuam
2282 2287 2312 2322 a
2337 2269 2496 2332 mala,
2518 2279 2564 2322 et
2596 2269 2737 2321 labia
2757 2278 2848 2321 tua
2883 2283 2946 2320 ne
2975 2266 3259 2335 loquantur
3287 2265 3486 2318 dolum.

257 2347 391 2413 κοῦ,
435 2351 531 2403 καὶ
571 2351 746 2419 χείλη
782 2368 897 2406 σου
943 2353 1048 2406 τοῦ
1086 2353 1171 2420 μὴ
1207 2350 1471 2418 λαλῆσαι
1512 2352 1713 2404 δόλον.
1764 2353 1823 2404 Ei

1928 2364 1983 2417 Si
2011 2365 2088 2416 vis
2122 2363 2173 2417 in
2210 2360 2398 2415 diebus
2427 2375 2547 2414 esse
2578 2361 2751 2420 bonis.
2778 2361 2820 2412 si
2850 2359 3027 2428 diligis
3061 2358 3246 2423 vitam,
3289 2371 3489 2426 praece-

253 2439 438 2508 βούλει
476 2443 532 2494 ἐν
579 2443 700 2506 ταῖς
736 2443 967 2514 ἡμέραις
1012 2443 1260 2510 γενέσθαι
1307 2446 1424 2505 ταῖς
1474 2443 1736 2510 ἀγαθαῖς,
1776 2443 1824 2492 εἰ

1927 2465 2072 2522 ptum
2098 2455 2220 2508 vita:
2240 2453 2458 2521 perfice.
2487 2450 2590 2515 Qui
2612 2450 2778 2512 enim,
2811 2449 3019 2517 inquit,
3039 2450 3208 2518 diligit
3233 2465 3333 2512 me,
3353 2465 3490 2516 prte-

254 2531 475 2601 ἀγαπᾷς
490 2529 587 2600 τὴν
607 2531 770 2603 ζωὴν,
798 2533 1020 2606 ποίησον
1040 2535 1138 2604 τὴν
1167 2533 1384 2605 ἐντολὴν
1404 2533 1501 2602 τῆς
1521 2532 1664 2602 ζωῆς
1691 2529 1820 2603 (10).

1925 2554 2071 2612 cepta
2121 2559 2234 2595 mea
2287 2543 2506 2596 servabit
2545 2542 2610 2594 ⁷⁸.
2645 2540 2884 2594 Primum
2933 2547 3112 2591 autem
3166 2547 3485 2606 praeceptum

269 2623 323 2674 Ὁ
383 2623 487 2694 γὰρ
529 2625 774 2694 ἀγαπῶν
830 2643 943 2696 με,
1012 2627 1183 2698 φησὶ,
1236 2625 1342 2690 τὰς
1377 2622 1650 2688 ’ἐντολάς
1705 2639 1824 2691 μου

1924 2645 2023 2698 εει,
2071 2633 2356 2704 prohibere
2401 2634 2634 2701 linguam
2666 2647 2693 2684 a
2720 2632 2881 2694 malo,
2913 2641 2964 2685 et
2988 2630 3151 2694 labia,
3178 2644 3243 2685 ne
3272 2631 3488 2697 loquan-

254 2713 521 2780 τηρήσει.
553 2716 749 2788 Πρώτη
784 2717 839 2768 δὲ
870 2719 1055 2788 ἐντολὴ
1089 2719 1146 2770 :6
1168 2757 1181 2780 ,
1212 2717 1416 2769 παῦσαι
1454 2716 1549 2786 τὴν
1577 2715 1823 2783 γλῶσσαν

1925 2736 2013 2782 tur
2045 2727 2247 2780 dolum.
2310 2724 2596 2779 Peccatum
2643 2725 2786 2778 enim
2827 2725 2968 2792 quod
3005 2738 3100 2791 per
3126 2723 3356 2789 linguam
3391 2720 3487 2772 ad-

252 2802 364 2856 ἀπδ
391 2805 584 2868 κακοῦ,
615 2809 710 2859 καὶ
753 2807 902 2877 χείλη
935 2807 1028 2859 τοῦ
1063 2807 1135 2877 μὴ
1168 2806 1394 2875 λαλῆσαι
1426 2806 1591 2858 δόλον.
1635 2806 1823 2876 Σχεδὸν

1925 2819 2175 2884 mittitur,
2228 2818 2467 2873 omnium
2517 2817 2628 2871 fere
2662 2816 3140 2871 familiarissimum
3176 2822 3279 2878 est,
3324 2822 3487 2883 atque

253 2893 420 2964 γὰρὴ
455 2898 848 2967 προχειροτάτη
881 2898 976 2950 καὶ
1016 2897 1350 2968 πολύτροπος
1380 2893 1621 2965 ἁμαρτία
1663 2896 1694 2962 ή
1737 2893 1824 2947 διά

1925 2910 2274 2979 multiplicem
2306 2908 2534 2963 formam
2581 2908 2762 2962 habet.
2803 2908 2976 2960 Iratus
3021 2907 3128 2960 es?
3159 2907 3269 2974 jam
3303 2905 3486 2974 lingua

253 2985 506 3059 γλώσσης
570 2989 720 3042 ἐστὶν
786 2988 1172 3060 ἐνεργουμένη.
1253 2986 1572 3058 Ὠργίσθης;
1639 2985 1731 3038 καὶ
1790 2988 1823 3056 ἡ

1924 3002 2227 3067 praecurrit.
2276 2998 2667 3069 Concupiscis?
2695 2999 2859 3053 etiam
2895 3005 3021 3049 ante
3045 2996 3224 3049 omnia
3251 2995 3486 3062 linguam

251 3079 472 3142 γλῶσσα
494 3081 801 3153 προτρέχει.
842 3082 928 3135 Ἔν
952 3081 1268 3151 ἐπιθυμίαις
1289 3075 1339 3132 εἷ
1363 3095 1377 3145 ;
1410 3078 1502 3131 καὶ
1528 3077 1625 3148 τὴν
1652 3075 1825 3144 γλῶσ-

1926 3090 2089 3144 habes
2116 3094 2263 3159 quasi
2297 3093 2582 3160 quamdam
2609 3089 2782 3145 lenam
2808 3099 2863 3142 et
2885 3087 3327 3150 conciliatricem,
3358 3096 3484 3155 pec-

255 3186 352 3223 σαν
396 3171 540 3241 ἔχεις
581 3173 684 3243 πρὸ
731 3174 947 3226 πάντων
1001 3172 1160 3228 οἱονεί
1198 3189 1319 3224 τινα
1357 3167 1684 3239 μαστρωπδν
1732 3168 1824 3219 καὶ

1891 3217 1894 3270 ζ
1925 3183 2029 3232 cati
2071 3179 2225 3250 153
2255 3180 2594 3250 adjutricem,
2633 3195 2695 3232 ac
2721 3179 3006 3232 verborum
3047 3176 3316 3231 lenocinio
3352 3191 3477 3244 pro-

254 3264 598 3334 προαγωγὸν,
652 3263 1273 3336 συγκαταπρασσομένην
1305 3264 1371 3332 τῇ
1401 3259 1664 3330 ἁμαρτίᾳ,
1693 3257 1823 3310 καθ-

1924 3269 2100 3323 ximos
2144 3270 2551 3323 subducentem.
2589 3268 2725 3335 Quin
2779 3269 2942 3322 etiam
2988 3267 3165 3336 lingua
3207 3281 3480 3320 armorum

251 3353 684 3425 υποκρινομένην
742 3354 853 3423 (ll)
919 3353 1044 3417 τοὺς
1089 3351 1332 3423 πλησίον.
1386 3351 1495 3403 Καὶ
1535 3347 1697 3401 ὅπλον
1742 3364 1821 3400 σοι

1922 3359 2040 3414 loco
2075 3359 2166 3413 tibi
2192 3370 2276 3413 est
2309 3357 2372 3412 ad
2406 3359 2778 3425 iniquitatem,
2812 3374 2932 3411 cum
2961 3372 3027 3410 ex
3062 3356 3226 3411 corde
3270 3370 3375 3409 non
3405 3355 3482 3409 lo—

253 3444 391 3515 πρὸς
435 3444 533 3515 τὴν
573 3446 784 3498 ἀδικίαν
820 3448 853 3516 ἡ
902 3445 1147 3514 γλῶσσα,
1203 3444 1276 3516 μὴ
1334 3441 1404 3496 τά
1450 3441 1557 3495 ἀπὺ
1599 3439 1823 3511 καρδίας

1922 3451 2128 3519 quitur,
2154 3450 2249 3504 sed
2295 3450 2636 3504 fraudulenta
2672 3449 2940 3518 proponit.
2976 3447 3040 3500 Et
3062 3445 3191 3515 quid
3239 3460 3374 3514 opus
3403 3456 3486 3501 est

250 3536 621 3607 φθεγγομένη,
648 3536 781 3589 ἀλλά
823 3538 889 3590 τά
917 3537 1051 3608 πρὸς
1076 3537 1288 3605 ἀπάτην
1314 3534 1680 3604 προφέρουσα.
1715 3532 1823 3582 Καὶ

1920 3544 2099 3598 verbis
2123 3541 2368 3612 persequi
2405 3542 2586 3595 omnia
2616 3542 2810 3610 lingua:
2852 3539 3116 3608 peccata?
3151 3536 3270 3591 Vita
3301 3547 3483 3592 nostra

247 3626 304 3679 τί
348 3627 428 3679 δεῖ
459 3628 634 3679 πάντα
663 3627 740 3697 τῷ
788 3627 928 3696 λόγῳ
978 3627 1247 3692 ἐπεξιέναι
1297 3624 1405 3676 τῶν
1445 3622 1532 3674 διά
1577 3621 1822 3690 γλώσσης

1922 3633 2118 3686 referta
2147 3646 2230 3687 est
2253 3634 2450 3702 lingua:
2479 3632 2709 3686 delictis.
2742 3631 2916 3686 Verba
2947 3633 3206 3692 obscena,
3237 3627 3482 3682 scurrili-

248 3716 748 3787 ἀμαρτανομένων;
802 3715 1160 3785 Πεπλήρωται
1190 3711 1344 3782 ἡμῶν
1376 3712 1403 3762 6
1435 3709 1547 3780 βίος
1578 3707 1687 3759 τῶν
1716 3705 1824 3757 ἀπὸ

1923 3731 2022 3780 tas.
2053 3722 2468 3790 stultiloquium,
2516 3721 2618 3775 alia
2653 3737 2754 3774 non
2787 3720 3183 3784 convenientia,
3215 3718 3485 3772 obtrecta-

247 3801 502 3872 γλώσσης
541 3804 894 3890 πταισμάτων
945 3804 1077 3874 (12).
1131 3800 1510 3873 Αίσχρολογία,
1561 3797 1823 3867 εὐτραπε-

1923 3815 2115 3879 tiones,
2157 3816 2362 3870 Otiosus
2416 3829 2616 3879 sermo,
2671 3813 2929 3884 perjuria,
2971 3814 3105 3868 falsa
3152 3816 3478 3881 testimonia,

249 3891 363 3957 λία,
411 3886 735 3966 μωρολογία,
779 3895 848 3948 τὰ
880 3897 979 3949 οὐκ
1023 3896 1312 3966 ἀνήκοντα,
1357 3886 1819 3978 καταλαλια“ι,ᾐλό-

1919 3907 2097 3960 omnia
2140 3906 2252 3960 hrec
2295 3905 2458 3971 mala,
2505 3916 2559 3959 et
2600 3906 2686 3960 his
2717 3907 2894 3959 adhuc
2925 3905 3098 3973 plura,
3126 3906 3320 3978 linguae
3357 3916 3482 3960 sunt

247 3997 348 4049 γος
395 3984 580 4052 ἀργὸς,
631 3987 906 4058 ἐπιορκίαι
945 3986 1084 4058 (15),
1112 3980 1595 4054 ψευδομαρτυρίαι,
1646 3976 1822 4029 πάντα

1919 3997 2152 4066 opiﬁcia.
2177 3997 2277 4062 Qui
2304 4012 2432 4050 vero
2462 3996 2724 4050 adversus
2755 3996 2844 4049 Dei
2873 3996 3098 4066 gloriam
3123 4013 3184 4051 os
3212 3998 3479 4065 aperiunt,

249 4072 425 4126 ταῦτα
457 4075 525 4126 τά
555 4077 720 4141 κακά,
763 4080 857 4132 καὶ
891 4079 970 4132 ἔτι
999 4078 1166 4130 πλείω
1191 4075 1413 4138 τούτων,
1441 4072 1539 4142 τῆς
1571 4066 1820 4138 γλώσσης

1920 4098 1972 4142 ει
2008 4087 2347 4155 iniquitatem
2377 4086 2430 4139 in
2463 4087 2732 4141 excelsum
2758 4087 3029 4150 ell'utiunt,
3063 4103 3156 4155 per
3183 4088 3308 4156 quid
3338 4087 3479 4140 aliud

250 4164 371 4216 ἐστὶ
421 4165 895 4238 δημιουργήματα.
954 4173 1016 4224 Ol
1073 4170 1129 4223 δὲ
1179 4168 1482 4235 ἀνοίγοντες
1534 4163 1594 4214 τὸ
1649 4158 1819 4227 στόμα

1920 4180 2020 4231 nisi
2041 4193 2136 4244 per
2153 4178 2348 4246 lingua:
2369 4180 2785 4232 instrumentum
2812 4179 3142 4246 impietatem
3160 4178 3481 4246 perficiunt?

248 4258 393 4310 κατά
449 4260 545 4329 τῆς
594 4259 749 4330 δόξης
779 4260 870 4312 τοῦ
901 4259 1064 4323 θεοῦ,
1103 4262 1195 4312 καὶ
1239 4256 1450 4311 ἀδικίαν
1487 4255 1563 4315 είς
1594 4251 1654 4303 :6
1688 4247 1820 4316 ὕψος

1919 4269 2179 4334 Quoniam
2223 4270 2406 4337 igitur}
2435 4268 2519 4321 Ea:
2565 4269 2668 4320 tuis
2719 4268 2883 4320 verbis
2907 4267 3301 4337 justiﬁcaberia,
3332 4281 3380 4323 et
3418 4286 3481 4323 ea:

247 4348 559 4417 λαλοῦντες,
587 4351 727 4422 ἄλλῳ
752 4354 859 4405 τινὶ
887 4352 985 4423 τὴν
1046 4349 1296 4403 ἀσέϐειαν
1341 4347 1434 4400 καὶ
1470 4345 1590 4414 οὐχὶ
1617 4340 1695 4411 τῷ
1726 4341 1819 4410 δρ-

1920 4360 2088 4413 verbis
2121 4361 2223 4413 tuis
2265 4358 2692 4412 condeumaberis
2725 4357 2791 4423 ⁷⁸,
2827 4357 3051 4426 prohibe
3077 4357 3310 4424 linguam
3333 4365 3477 4411 tuam

251 4441 406 4511 γάνῳ
428 4443 526 4512 τῆς
551 4442 798 4513 γλώσσης
822 4444 1140 4514 ἐργάζονται
1163 4460 1177 4506 ;
1206 4441 1420 4509 Ἐπειδὴ
1451 4435 1543 4492 οὖν
1579 4437 1673 4486 Ἐκ
1701 4430 1819 4484 τῶν

1920 4468 1950 4506 a
1979 4453 2143 4516 malo,
2182 4465 2283 4505 nec
2323 4451 2608 4505 thesauros
2636 4449 2810 4519 lingua
2845 4449 3089 4504 mendaci
3133 4447 3337 4502 ellicias
3389 4462 3480 4501 va-

248 4534 451 4601 λόγων
483 4549 597 4587 σου
634 4535 995 4603 δικαιωθήσῃ
1021 4575 1036 4599 ,
1080 4535 1177 4588 καὶ
1218 4535 1286 4586 ἐκ
1328 4531 1445 4585 τῶν
1479 4531 1673 4598 λόγων
1704 4538 1817 4578 σου

1921 4560 2036 4598 nos.
2079 4544 2411 4611 luattperque
2468 4542 2690 4611 prohibe
2740 4541 2876 4594 labia
2930 4548 3039 4602 tua,
3095 4554 3161 4592 ne
3191 4538 3479 4607 loquantur

252 4625 682 4694 κατακριθήσῃ,
724 4624 927 4679 παῦσον
959 4626 1054 4696 τὴν
1080 4625 1328 4694 γλῶσσάν
1358 4641 1448 4677 σου
1477 4623 1583 4677 ἀπὸ
1617 4619 1808 4682 κακοῦ,

1918 4637 2095 4690 dolmn
2133 4654 2145 4689 :
2192 4636 2291 4689 hoc
2337 4644 2438 4696 est,
2476 4645 2644 4688 totum
2696 4646 2953 4699 organum
2982 4629 3047 4684 ad
3075 4629 3336 4684 sermonis
3365 4645 3481 4682 mu-

249 4716 346 4767 καὶ
385 4716 457 4787 μὴ
487 4719 784 4789 ἐνεργήσῃς
812 4719 1224 4790 θησαυρίσματα
1248 4717 1465 4788 γλώσσῃ
1491 4717 1675 4784 ψευδεῖ
1710 4713 1812 4782 μά-

1920 4739 2018 4777 ιιιιε
2051 4724 2143 4777 tibi
2177 4738 2496 4778 concessum
2552 4737 2580 4773 a
2632 4735 2795 4788 prava
2849 4721 3158 4787 operatione
3200 4733 3472 4772 coerceas.

247 4822 398 4860 ταια.
443 4808 655 4863 Παῦσον
698 4809 754 4862 δὲ
802 4809 993 4862 καὶτὰ
1034 4810 1183 4880 χείλη
1224 4827 1313 4862 σου
1341 4809 1430 4861 τοῦ
1478 4808 1551 4878 μὴ
1590 4808 1813 4877 λαλῆσαι

1923 4815 2014 4868 Est
2043 4824 2220 4866 autem
2258 4813 2410 4866 dolus
2437 4811 2705 4864 occultum
2755 4811 3099 4876 maleﬁcium,
3147 4814 3244 4864 sub
3277 4808 3477 4864 officio-

246 4896 416 4950 δόλον·
459 4903 576 4953 ἀντὶ
607 4900 722 4964 τοῦ,
739 4900 896 4953 Ὀλον
916 4902 976 4952 τὸ
1006 4901 1231 4971 δργανον
1259 4901 1318 4953 :6
1346 4901 1479 4971 πρὸς
1509 4902 1605 4972 τὴν
1633 4903 1809 4955 διακο-

1185 4918 1231 4953 >ν
1259 4901 1318 4953 :6
1346 4901 1479 4971 πρὸς
1509 4902 1605 4972 τὴν
1633 4903 1809 4955 διακοσ
1919 4921 2034 4958 rum
2071 4905 2249 4972 specie
2277 4906 2518 4971 proximo
2551 4902 2771 4956 illatum.

247 4990 370 5042 νίαν
404 4990 492 5043 τοῦ
530 4992 686 5060 λόγου
725 5010 806 5047 σοι
847 4993 1126 5063 δεδομένον
1163 4993 1439 5063 σχολάζειν
1468 4996 1573 5047 ἀπὸ
1600 4995 1695 5065 τῆς
1735 5000 1973 5068 πονηρᾶς
2028 4995 2305 5066 ἐνεργείας
2375 4995 2616 5065 ποίησον.
2653 4997 2804 5049 Ἔστι
2841 4996 2898 5049 δὲ
2935 4998 2962 5048 6
2992 4995 3138 5058 δόλος
3191 4992 3480 5048 κακοποιία

249 5081 480 5152 λαθραία
518 5085 576 5136 ἐν
607 5088 962 5157 προσποιήσει
1007 5086 1112 5139 τῶν
1143 5087 1421 5156 βελτιόνων
1449 5087 1524 5158 τῷ
1559 5088 1782 5159 πλησίον
1818 5089 2255 5160 προσφερομένη.

324 5239 368 5270 ⁷⁰
422 5238 571 5293 Rom.
627 5256 723 5304 vn,
754 5243 841 5296 24.
919 5244 960 5274 ⁷¹
993 5243 1008 5296 l
1045 5243 1171 5297 Cor.
1219 5260 1313 5308 vn,
1348 5244 1434 5298 3|.
1511 5246 1554 5276 τ’
1599 5244 1759 5298 llebr.
1807 5261 1859 5308 ι,
1903 5250 1910 5298 4

1513 5246 1554 5276 τ’
1599 5244 1759 5298 llebr.
1807 5261 1859 5308 ι,
1903 5246 1953 5300 I.
2030 5247 2076 5277 ⁷³
2101 5245 2258 5300 Joan.
2292 5261 2401 5308 xw,
2434 5246 2522 5298 ‘25.
2600 5245 2647 5275 ’δ
2678 5245 2984 5307 Mattlt.Xtt,
3013 5244 3099 5298 57.

324 5373 397 5445 (fl)
433 5375 608 5428 Editio
640 5375 813 5432 Paris.
862 5379 1051 5431 Ἰακώϐ
1081 5397 1160 5432 σε.
1195 5381 1264 5433 At
1293 5389 1398 5434 tres
1443 5396 1570 5434 mss.
1615 5381 1807 5435 Ἰακὼϐ

1918 5382 1986 5466 lio
2012 5380 2176 5435 Basil.
2207 5381 2771 5452 καθυποκριναμὲνην.
2813 5381 2882 5434 Αι
2917 5397 3044 5435 mss.
3083 5379 3475 5451 καθυποκρινο-

312 5484 328 5499 ο
1912 5469 2095 5504 μεντιν.

462 5514 763 5594 Ιιοιεεριςηι
792 5533 919 5594 mss.
961 5519 1281 5594 _E_diti_ve_ro
1307 5521 1546 5594 τήρησον
1570 5523 1668 5594 τάς
1711 5525 1807 5593 τῆς

2115 5521 2289 5594 Editio
2321 5520 2484 5594 Basil.
2524 5531 2592 5594 et,
2624 5533 2728 5574 tres
2774 5536 2900 5594 mss.
2929 5519 3036 5594 τών
3079 5520 3187 5594 ἀπὸ
3221 5518 3472 5594 γλώσσης

246 5582 394 5661 genii;
417 5582 653 5661 ὲῖηολάᾴ
692 5588 882 5661 sui-im
912 5588 1270 5661 edi‘i‘LBaSil.
1305 5582 1808 5646 etutiotinulli—mss'.

1908 5582 2278 5661 πταισμάτων.
2337 5592 2515 5645 Editio
2568 5593 2737 5646 Paris.
2766 5591 2872 5645 τῶν
2918 5591 3024 5661 ἀπὸ
3076 5590 3173 5660 τῆς
3222 5582 3469 5660 γλώσσης

246 5654 497 5729 γλῶσσάν
529 5673 684 5729 σου...
723 5657 870 5729 χείλη
907 5675 1020 5712 σου.
1052 5658 1252 5712 Vocula
1285 5679 1375 5713 σου
1407 5663 1556 5715 deest
1593 5664 1644 5716 in
1696 5667 1808 5718 edi-

1529 5675 1556 5714 ηι
1593 5664 1644 5716 in
1696 5667 1808 5718 edi-
1904 5679 1993 5714 1::.
2036 5654 2136 5712 Alii
2168 5673 2398 5727 quatuor
2422 5679 2552 5715 mss.
2579 5661 2686 5714 τῶν
2709 5665 2800 5716 ἀπ’
2831 5660 3001 5728 αὐτῆς
3026 5677 3115 5712 πτ.

248 5725 589 5800 lionePuris.
624 5739 675 5779 et
705 5725 754 5800 iii
784 5725 915 5800 aliis
934 5730 1250 5800 quihusdam
1284 5747 1413 5783 mss.

1978 5730 2087 5799 (15)
2111 5725 2334 5784 Codices
2373 5733 2610 5798 quinque
2645 5750 2772 5790 mss.
2830 5725 3125 5800 ἐπιορκίαι.
3161 5729 3298 5783 Editi
3345 5746 3476 5795 ειῃιι

322 5793 428 5863 (ll)
459 5794 646 5851 Nostra
694 5799 853 5853 editio
892 5793 1056 5854 Paris.
1097 5799 1642 5872 καθυποκλινομένην.
1677 5803 1797 5859 Ειίὶ-
1906 5802 1908 5854 l

969 5799 1056 5854 ris.
1097 5799 1642 5872 καθυποκλινομένην.
1677 5803 1797 5859 Ειίὶη
1906 5793 2032 5873 Reg.
2067 5793 2254 5857 διωγιο
2282 5793 2552 5873 ἐπιορκία.

244 5444 307 5499 δέ
