4016 6442
536 382 642 437 375

533 592 683 658 quire
712 603 915 651 pacem,
963 598 1007 639 et
1054 602 1361 658 persequere
1387 601 1524 637 eam.
1573 584 1951 640 Elementariae
1976 593 2100 638 sunt

536 678 617 732 liae
650 676 1064 740 admonitiones,
1106 688 1155 732 et
1187 678 1250 730 ad
1292 676 1540 743 pietatem
1574 675 1952 727 intrndui-unt:
1980 675 2102 742 qui-

537 770 636 822 bus
665 772 953 822 edocemur
978 770 1213 841 linguam
1248 768 1537 838 diligenter
1562 770 1861 833 continere,
1891 781 1920 819 a
1951 767 2099 820 dolo-

535 860 611 911 sis
646 859 855 915 insidiis
884 862 1176 925 abstinere,
1210 874 1240 913 a
1287 859 1430 915 malo
1470 860 1759 915 declinare.
1797 858 1913 913 Non
1958 860 2101 913 enim

536 947 777 1014 perfecto
811 952 1065 1004 convenit
1099 949 1424 1003 abstinentia
1483 949 1609 1002 mali
1646 963 1660 1001 :
1712 949 1803 1003 sed
1837 962 1959 1001 eum
2010 948 2101 1016 qui

539 1054 730 1094 recens
778 1042 1055 1095 elementis
1105 1042 1429 1106 instituitur,
1462 1041 1527 1094 ab
1560 1041 1651 1094 illo
1684 1041 1735 1094 in
1766 1040 1963 1095 malum
2004 1042 2100 1093 im-

532 1142 660 1200 petu
696 1133 905 1187 resilire
932 1149 1107 1203 opera:
1142 1135 1369 1202 pretium
1394 1142 1495 1195 est,
1529 1142 1689 1201 atque
1716 1147 1745 1184 a
1776 1146 1954 1200 prava:
1983 1132 2103 1184 vita:

534 1221 925 1276 consuetudine
976 1226 1117 1275 velut
1163 1239 1192 1275 a
1243 1225 1324 1275 via
1379 1222 1513 1274 mala
1572 1223 1983 1286 discedentem,
2033 1224 2102 1274 ita

535 1311 753 1367 demum
782 1314 1042 1369 bonorum
1078 1330 1301 1381 operum
1332 1315 1656 1369 exercitium
1685 1315 1928 1383 aggredi.
1950 1314 2101 1367 Enim

537 1418 668 1457 vero
699 1405 802 1458 nisi
834 1408 956 1475 quis
996 1408 1144 1475 prius
1180 1409 1398 1463 omnino
1437 1408 1725 1462 desciverit
1762 1424 1827 1463 ac
1863 1407 2102 1460 declina-

540 1495 679 1547 verit
703 1510 732 1548 a
761 1497 919 1561 malo,
946 1498 1142 1552 bonmn
1179 1500 1393 1566 assequi
1424 1515 1529 1552 non
1558 1508 1734 1566 potest
1762 1517 1774 1551 :
1802 1496 1958 1551 sicuti
1989 1497 2102 1549 licri

536 1601 643 1640 non
680 1597 856 1654 potest
910 1599 969 1641 ut
1014 1592 1135 1659 quis
1178 1589 1466 1644 sanitatem
1515 1600 1832 1659 recuperat,
1877 1589 1977 1641 nisi
2014 1591 2106 1641 tle-

536 1681 724 1747 pulsus
765 1682 984 1735 morbns
1019 1686 1088 1737 sit
1119 1699 1132 1735 :
1194 1683 1279 1738 vel
1316 1692 1375 1736 ut
1412 1686 1532 1753 quis
1562 1685 1794 1746 cztleliat,
1828 1682 1927 1735 nisi
1950 1680 2129 1749 plane.

536 1773 781 1825 sedatum
829 1775 901 1827 sit
955 1775 1157 1843 frigus;
1201 1791 1375 1845 neque
1426 1778 1568 1828 enim
1605 1778 1715 1829 lucc
1748 1774 1905 1827 simul
1935 1774 2106 1828 consi-

537 1874 686 1917 stere
715 1876 959 1932 possunt.
1003 1865 1265 1920 Similiter
1296 1878 1347 1920 et
1378 1866 1468 1936 qui
1510 1868 1705 1920 bonam
1733 1869 1896 1919 Vitam
1948 1880 2106 1936 agerc

539 1955 708 2021 cupit,
738 1971 859 2008 eum
893 1972 990 2023 par
1034 1967 1115 2011 est
1165 1961 1233 2012 ab
1272 1960 1421 2012 omni
1458 1960 1595 2013 malo
1629 1959 1905 2013 consortio
1959 1973 2105 2011 rece-

536 2044 688 2100 dere.
722 2044 936 2114 lnquire
953 2064 1155 2115 pacem,
1178 2058 1225 2102 et
1257 2065 1558 2119 persequere
1589 2066 1723 2102 eam.
1775 2048 1849 2102 De
1893 2049 1993 2101 hac
2020 2046 2104 2098 di-

538 2136 618 2189 xit
670 2135 924 2192 Dominus
958 2156 970 2191 :
1022 2138 1215 2193 Pacem
1253 2141 1490 2208 relinquo
1533 2140 1696 2203 vobis,
1724 2156 1903 2206 pacem
1939 2153 2105 2190 meam

540 2230 607 2279 do
642 2230 821 2291 vobis;
865 2246 966 2281 non
996 2231 1257 2298 quomodo
1286 2231 1510 2280 mundus
1542 2230 1631 2279 dat
1654 2244 1855 2295 pacem,
1892 2242 1984 2295 ego
2038 2227 2105 2280 do

540 2318 682 2370 vobis
708 2318 775 2370 ⁷⁸.
813 2320 1026 2386 inquire
1052 2320 1211 2386 igitur
1238 2334 1421 2387 pacem
1460 2318 1761 2383 Domini,et
1788 2334 2109 2388 persequere

540 2424 681 2463 eam.
719 2410 1069 2480 I’ersequeris
1100 2422 1282 2466 autem
1313 2427 1417 2467 non
1450 2414 1629 2477 aliter,
1673 2428 1835 2483 quam
1882 2428 2108 2468 currens

541 2508 838 2561 secundum
900 2521 1123 2574 scopum
1170 2507 1238 2561 ad
1287 2508 1531 2563 bravium
1574 2522 1820 2575 superna:
1870 2505 2107 2561 vocatio-

542 2603 628 2657 nis
652 2603 720 2656 ⁷⁸.
771 2601 878 2657 Pax
908 2604 1053 2658 enim
1094 2618 1221 2659 vera
1251 2604 1303 2657 in
1349 2605 1598 2672 supernis
1628 2603 1863 2656 exsistit.
1896 2601 2106 2656 Etenim

541 2694 778 2761 quandiu
817 2695 883 2747 ad
931 2709 1150 2748 carnem
1204 2693 1416 2747 astricti
1453 2708 1658 2755 sumus,
1698 2694 1900 2754 multis,
1937 2694 2111 2760 iisque

543 2787 1002 2851 perturbationem
1042 2785 1196 2840 nobis
1222 2786 1553 2848 creantibus,
1589 2800 1777 2839 sumus
1806 2783 2106 2851 conjuncti.

540 2872 759 2943 lnquire
785 2876 949 2945 igitur
974 2890 1183 2946 pacem,
1209 2877 1534 2933 solutionem
1581 2877 1835 2932 videlicet
1864 2890 1893 2928 a
1927 2872 2108 2928 mundi

543 2970 908 3025 tumultibus:
952 2986 1203 3039 compara
1254 2982 1488 3027 mentem
1534 2972 1797 3041 quietam,
1841 2969 2109 3040 tranquil-

541 3058 651 3115 lum
681 3063 964 3130 quemdam
994 3070 1049 3117 et
1080 3062 1531 3130 imperturbatum
1571 3062 1739 3116 animi
1763 3072 1987 3125 statum,
2017 3060 2107 3129 qui

544 3165 721 3222 neque
747 3153 1134 3222 cupiditatibus
1163 3155 1428 3225 agitetur,
1461 3169 1637 3224 neque
1666 3154 1775 3209 huc
1796 3155 1922 3208 illuc
1950 3167 1978 3207 a
2006 3152 2100 3207 fal-

543 3245 622 3298 sis
647 3245 989 3315 dogmatibus
1014 3261 1111 3317 per
1141 3247 1667 3302 verisimilitudinem
1720 3249 1787 3301 ad
1825 3261 2105 3301 assensum

545 3335 900 3392 invitantibus
955 3339 1220 3405 trahatur,
1258 3340 1351 3393 Dei
1396 3351 1454 3393 nt
1500 3354 1686 3409 pacem
1729 3351 2065 3405 consequare
2093 3374 2107 3398 ,

542 3443 663 3497 qua:
695 3444 911 3484 amnem
944 3442 1233 3500 exsuperat
1264 3434 1599 3488 intellectum
1630 3431 1698 3495 ⁷⁷,
1730 3439 1989 3497 tuumque
2017 3442 2110 3480 cor

542 3518 792 3571 custodit.
840 3516 939 3585 Qui
993 3522 1187 3589 quaerit
1232 3536 1443 3591 pacem,
1505 3520 1779 3575 Christum
1833 3516 2105 3587 inquirit:

541 3612 667 3680 quia
698 3611 811 3680 ipse
839 3622 923 3667 est
942 3627 1045 3681 pax
1078 3623 1261 3667 nostra
1300 3628 1315 3667 :
1345 3614 1435 3684 qui
1468 3612 1604 3668 duos
1636 3613 1687 3665 in
1719 3625 1884 3665 unum
1915 3622 2109 3663 novum

544 3700 815 3756 hominem
844 3703 1104 3770 condidit,
1142 3704 1343 3759 faciens
1367 3718 1555 3773 pacem
1582 3702 1652 3766 ⁷⁸,
1682 3710 1848 3770 atque
1869 3713 1964 3770 per
1984 3712 2112 3754 san-

544 3792 759 3862 guinem
788 3795 965 3849 crucis
999 3808 1130 3861 suae,
1156 3796 1271 3849 sive
1295 3810 1415 3864 quae
1452 3796 1505 3849 in
1536 3794 1713 3859 cretis,
1757 3793 1871 3846 sive
1898 3804 2018 3859 quae
2061 3788 2111 3841 in

548 3890 689 3936 terra
718 3893 863 3947 sunt,
899 3884 1194 3952 paciﬁcans
1216 3885 1284 3936 ".

620 3971 678 4027 11
693 3972 875 4047 ,154
890 3974 1051 4030 Vsus.
1065 3978 1087 4030 1
1099 3974 1311 4031 6.0culi
1325 3976 1537 4031 Domini
1549 3990 1702 4044 super
1706 3972 2112 4043 justo:,etaures

546 4065 660 4134 ejus
690 4067 745 4119 in
776 4084 951 4134 preces
983 4084 1185 4122 eorum.
1218 4068 1682 4137 Quemadmodum
1705 4066 1879 4119 sancti
1921 4077 2113 4130 corpus

546 4168 670 4210 sunt
692 4158 918 4221 Christi,
941 4170 993 4214 et
1028 4162 1269 4215 membra
1302 4177 1370 4216 ex
1401 4170 1584 4231 parte;
1611 4168 1665 4212 et
1699 4157 1875 4227 posuit
1902 4153 2043 4208 Deus
2064 4153 2113 4204 in

545 4247 788 4303 Ecclesia
812 4251 1081 4318 quosdam
1114 4254 1333 4321 quidem
1359 4262 1419 4306 ut
1442 4251 1654 4312 oculos.
1691 4248 1955 4317 quosdam
1988 4259 2116 4299 vero

547 4348 605 4392 ut
638 4339 872 4409 linguas,
915 4342 1053 4396 alios
1076 4345 1166 4412 qui
1194 4358 1473 4407 manuum,
1512 4343 1650 4396 alios
1680 4342 1768 4408 qui
1810 4340 2005 4409 pedum
2037 4339 2117 4389 vi-

544 4445 662 4483 cem
702 4432 1049 4486 obtiueant”
1085 4452 1098 4487 :
1130 4434 1208 4487 sic
1243 4435 1407 4487 etiam
1437 4444 1639 4496 sancta:
1686 4432 1911 4484 virtutes
1960 4429 2118 4496 spiri-

546 4523 745 4592 tuales,
774 4534 831 4578 et
853 4526 905 4577 in
934 4526 1143 4580 caelesti
1180 4526 1298 4581 loco
1324 4527 1681 4589 diversantes,
1709 4524 1825 4577 alia:
1867 4522 2119 4575 dicuntur

625 4683 857 4760 ’ξι-οδε),
887 4703 996 4753 xw,
1024 4688 1112 4743 27.
1190 4691 1235 4721 ⁷⁸
1268 4690 1496 4760 Philipp.
1528 4705 1611 4755 ιιι,
1646 4686 1733 4742 14.
1796 4686 1840 4717 ⁷⁷
1875 4682 2101 4750 Philipp.

2244 4673 2294 4725 7.
2373 4670 2417 4700 ⁷⁸
2447 4667 2641 4735 Ephes.
2668 4680 2729 4728 tt,
2778 4662 2866 4719 11.

547 4771 647 4818 ιιι,
679 4754 771 4819 27,
794 4755 883 4811 28.

763 4886 840 4969 _lta
871 4904 964 4942 sex
999 4906 1128 4943 mss.
1164 4893 1233 4969 At
1254 4891 1386 4969 editi
1411 4890 1599 4969 τελείῳ
1634 4890 2007 4969 προσήκουσα.

548 4958 835 5079 ἀ.(1.5).ῗ.ιιι
869 4974 963 5012 Sex
1016 4976 1145 5014 mss.
1189 4964 1257 5014 At
1304 4964 1434 5016 editi
1468 4958 1765 5025 παντελῶς,
1795 4973 1955 5013 sensu
2012 4971 2117 5010 non

588 5042 752 5079 tssmu
780 5044 815 5079 ι.

588 5042 815 5082 1851111111.

621 5096 733 5169 (16)
760 5168 766 5169 ί
790 5098 881 5151 Sic
914 5112 1043 5153 mss.
1088 5109 1317 5169 septem.
1356 5102 1496 5155 Etiiti
1523 5103 1615 5154 ἐπὶ
1648 5100 1730 5153 τό.
1767 5098 1886 5152 Μοι
1917 5096 2047 5151 editi
2082 5099 2115 5167 ἡ

548 5165 798 5289 anew?
837 5168 901 5219 At
926 5182 1018 5220 sex
1062 5165 1188 5224 mss.
1224 5171 1506 5241 ήάληθής.

622 5236 730 5289 (171
774 5238 899 5289 16111
933 5239 1120 5289 tertius
1137 5251 1189 5289 et
1212 5252 1435 5289 ωιτη-[ηδ
1455 5258 1505 5289 (ξι

622 5236 730 5305 (17)
754 5236 899 5305 Regii
933 5239 1120 5291 tertius
1137 5251 1189 5293 et
1212 5236 1579 5307 qiuartns'cum
1605 5241 1755 5295 Coll).
1778 5237 2005 5304 septimo
2031 5254 2121 5290 oat-

551 5304 943 5381 λευομένης...ἐ
975 5304 1420 5381 περιελκομένης.
1473 5314 1541 5365 At
1588 5312 1757 5381 ltegii
1793 5310 2007 5381 quintus
2067 5318 2121 5361 et

554 5386 737 5447 sextus
762 5376 880 5428 cum
906 5376 1059 5431 Colb.
1092 5376 1245 5434 sexto
1261 5390 1313 5433 et
1330 5376 1451 5434 eum
1487 5384 1644 5435 editis
1669 5376 2115 5447 σαλευομένην...

554 5446 1003 5518 περιελκομένην,
1034 5465 1135 5504 non
1166 5453 1377 5505 diversa
1409 5454 1702 5505 sententia.
1742 5418 1939 5505 lbidetnt
1985 5418 2117 5518 ileg.

557 5517 745 5589 tertius
774 5518 1292 5589 προσκαλουμένων.

625 5584 734 5661 (18)
885 5598 1005 5661 octo
1057 5584 1183 5644 niss.
1230 5593 1295 5644 At
1332 5589 1458 5643 editi
1492 5591 1681 5661 εἰρήνη
1706 5590 1884 5661 ἡμῶν.
1919 5589 2117 5661 Verisi—

559 5656 685 5708 mile
722 5659 873 5729 nobis
905 5659 982 5720 (lt,
1018 5662 1156 5725 quod
1185 5677 1281 5715 usu
1311 5662 1494 5715 venire
1532 5656 1687 5721 solet,
1728 5656 1927 5716 'vocem
1960 5658 2114 5729 ήμῶν

561 5740 624 5780 ex
655 5728 864 5795 vulgato
897 5729 1185 5795 Scriptura:
1225 5741 1368 5785 textu
1402 5732 1635 5783 additam
1670 5748 1807 5786 esse.

642 5794 752 5867 (19)
790 5798 927 5854 Editi
960 5794 1173 5871 ἐτέρους
1203 5801 1275 5859 δέ.
1314 5802 1585 5859 νουυίο’δέ
1621 5802 1770 5858 deest
1806 5805 1856 5858 in
1911 5810 2111 5871 septem

1876 385 1932 437 S.
1976 383 2216 437 BASlLlI
2256 381 2465 436 MAGNI

610 500 693 553 10.
734 500 889 551 Vens.
926 497 1009 550 15.
1042 497 1258 550 Declina
1287 515 1317 550 a
1347 497 1505 557 mulo,
1542 509 1587 549 et
1625 493 1709 562 fac
1741 497 1932 546 bonum
1967 511 1983 547 :
2015 497 2097 547 in-
2129 499 2173 555 Α

2137 3200 2179 3257 C

3685 380 3799 432 3.76

2274 496 2357 547 10.
2400 496 2725 547 Ἔκκλινον
2755 496 2872 546 ἀπὸ
2917 494 3102 547 κακοῦ
3125 532 3140 555 ,
3178 494 3271 545 καί
3332 497 3607 561 ποίησον
3645 495 3802 562 ἀταμ-

2202 585 2341 639 θόν·
2381 586 2635 653 ζήτησον
2677 583 2942 650 εἰρήνην,
2976 587 3074 639 καὶ
3113 584 3326 648 ὃίωξον
3366 586 3590 653 αὐτήν.
3635 588 3802 639 Στοι-

2202 676 2442 747 χειώδεις
2466 681 2519 732 αἰ
2543 677 2912 747 παραινέσεις,
2936 680 3028 731 καὶ
3052 677 3339 747 εἰσαγωγοὶ
3366 678 3446 737 εἰς
3469 679 3797 733 εὐσέϐειανο

2202 769 2523 839 ἀκριϐοῦσαι
2563 767 2808 837 γλώσσης
2837 771 3075 839 κρατεῖν,
3106 769 3333 841 δολερῶν
3368 766 3801 838 ὲπιὸουλευμά·

2204 878 2308 913 των
2342 860 2657 932 ἀπέχεσθαι,
2695 859 2958 912 ἐκκλίνειν
2984 860 3090 911 ἀπὸ
3119 863 3304 915 κακοῦ.
3345 862 3421 914 Οὐ
3451 858 3568 929 γὰρ
3593 860 3803 929 τελείῳ

2207 951 2487 1020 πρέπουσα
2506 951 2612 1022 (lci)
2652 952 2683 1007 ἡ
2712 950 2888 1020 ἀποχὴ
2906 950 2996 1002 τοῦ
3030 950 3371 1016 κακοῦ,ἁλλά
3394 951 3470 1021 τῷ
3488 950 3621 1021 ἄρτι
3652 964 3803 999 στα.-

2205 1044 2500 1112 χειουμένῳ
2531 1043 2780 1096 ἐκνεῦσαι
2811 1042 3072 1112 προσήκει
3100 1042 3204 1092 ἀπὸ
3242 1044 3341 1112 τῆς
3376 1045 3471 1095 ἐπὶ
3507 1043 3571 1096 τὸ
3614 1038 3800 1093 κακὸν

2206 1132 2395 1200 φορᾶς,
2437 1132 2527 1183 καὶ
2556 1131 2716 1182 οἱονεὶ
2748 1130 2867 1184 ὁδοῦ
2904 1130 3074 1199 κακῆς
3103 1130 3198 1199 τῆς
3232 1133 3287 1181 ἐν
3313 1132 3390 1200 τῷ
3423 1132 3660 1203 πονηρῷ
3695 1130 3801 1199 βιῳ

2206 1222 2487 1292 συνηθείας
2512 1223 2908 1289 ἀπαλλαγέντα,
2933 1223 3100 1285 οῦτως
3118 1221 3351 1290 ἆψασθαι
3382 1224 3482 1293 τῆς
3510 1224 3627 1277 τῶν
3661 1225 3802 1289 ἁγα-

2205 1314 2312 1367 θῶν
2358 1316 2655 1386 ἐνεργείας.
2710 1315 3016 1386 Ἀμήχανον
3076 1315 3182 1386 γὰρ
3221 1314 3462 1383 ἅψασθαι
3503 1318 3603 1369 τοῦ
3646 1319 3796 1384 ἀγα-

2205 1406 2297 1458 θοῦ
2324 1407 2396 1477 μὴ
2418 1408 2723 1461 ἀποστάντα
2749 1408 3008 1480 πρότερον
3036 1407 3305 1469 παντελῶς
3326 1408 3419 1459 καὶ
3442 1410 3607 1461 ἐκνεύ
3618 1426 3799 1462 σαντα

2204 1497 2297 1549 τοῦ
2341 1498 2511 1551 κακοῦ
2538 1515 2552 1528 ·
2597 1500 2671 1561 ὡς
2705 1499 2979 1567 ἀμήχανον
3013 1500 3194 1566 ὑγείαν
3237 1496 3530 1551 ἀναλαϐεῖν
3567 1499 3647 1567 μὴ
3698 1499 3801 1566 τῆς

2206 1590 2359 1643 νόσου
2390 1591 2768 1657 ἀπαλλαγέντα
2793 1606 2808 1621 α
2838 1590 2867 1658 ἢ
2896 1592 2951 1641 ἐν
2978 1590 3267 1662 θερμότητι
3296 1587 3552 1658 γενέσθαι
3584 1589 3681 1639 τὸν
3722 1588 3799 1655 μὴ

2207 1682 2458 1753 καθαρῶς
2496 1684 2604 1751 (iii)
2656 1681 3000 1749 πεπαυμένον
3032 1684 3127 1752 τῆς
3155 1679 3504 1752 καταψύξεως
3530 1696 3545 1708 ’
3596 1682 3799 1730 ἀνεπί-

2208 1770 2366 1823 δεκτα
2391 1769 2497 1837 γὰρ
2526 1768 2696 1821 ταῦτα
2739 1768 3005 1844 ἀλλήλοις.
3051 1772 3204 1824 Οὕτω
3253 1777 3344 1825 καὶ
3384 1772 3477 1823 τὸν
3516 1769 3800 1839 μέλλοντα

2142 1845 2179 1898 Β
2210 1865 2266 1913 ἐν
2305 1860 2494 1931 ἀγαθῷ
2543 1860 2637 1931 βίῳ
2671 1861 2920 1931 γενέσθαι.
2957 1863 3135 1933 πάσης
3167 1866 3435 1934 προσήκει
3463 1863 3568 1933 τῆς
3599 1864 3702 1914 ἐπὶ
3735 1862 3800 1913 τὸ

2207 1953 2375 2006 κακὸν
2411 1955 2701 2023 συναφείας
2743 1955 3136 2023 ἀπαλλαγῆναι.
3194 1956 3472 2022 Ζήτησον
3507 1954 3797 2023 εἰρήνην.

2207 2045 2307 2098 καὶ
2349 2044 2564 2109 ὃίωξον
2592 2046 2783 2109 αὑτήν
2836 2047 2969 2115 Περὶ
3000 2045 3202 2113 ταύτης
3236 2047 3454 2115 εἴρηκεν
3492 2050 3522 2100 ὁ
3554 2048 3795 2117 Κύριος·

2207 2138 2471 2205 Εἰρήνην
2504 2138 2712 2205 ἀφίημι
2754 2136 2913 2204 ὑμῖν,
2960 2136 3207 2204 εἰρήνην
3249 2136 3361 2203 τὴν
3388 2135 3548 2205 ἐμὴν
3578 2138 3797 2206 δίδωμι

2208 2228 2347 2295 ὑμῖν
2370 2242 2382 2254 ’
2417 2229 2487 2280 οὺ
2516 2226 2707 2291 καθὼς
2744 2230 2776 2280 ὀ
2812 2229 3036 2297 κόσμος
3076 2228 3321 2283 δίδωσιν
3346 2228 3622 2296 εἰρήνην,
3675 2229 3799 2297 ἐγὼ

2208 2319 2411 2389 δίδωμι
2444 2320 2629 2389 ὑμῖν..
2653 2322 2891 2391 Ζήτησον
2925 2317 3017 2374 οὖν
3057 2320 3152 2392 τὴν
3180 2320 3271 2376 τοῦ
3302 2322 3508 2393 Κυρίου
3535 2322 3795 2391 εἰρήνην,

2209 2412 2302 2467 καί⁵
2333 2410 2518 2475 δίωξον
2545 2412 2731 2482 αὑτήν.
2767 2413 2982 2477 Διώξεις
3012 2415 3069 2467 δὲ
3098 2416 3196 2466 οὐκ
3222 2414 3393 2477 ἄλλως
3422 2414 3455 2485 ἢ
3484 2414 3633 2467 κατὰ
3668 2431 3801 2466 σκο-

2210 2504 2307 2555 πὸν
2353 2501 2558 2572 τρέχων
2602 2503 2680 2563 εἰς
2709 2502 2769 2553 τὸ
2800 2504 2909 2572 (16)
2945 2502 3193 2573 βραϐεῖον
3229 2505 3325 2572 τῆς
3367 2505 3479 2557 ἄνω
3513 2505 3796 2574 κλήσεως.

2213 2598 2358 2649 Ἀνω
2386 2596 2492 2665 γάρ
2521 2596 2721 2665 ἐστινὴ
2754 2595 2941 2665 εἰρήνη
2969 2597 3000 2665 ἡ
3028 2595 3253 2664 ἀληθής.
3291 2596 3441 2647 Ἐπεί⁵
3473 2598 3601 2649 ὅσον
3633 2614 3703 2665 γε
3728 2602 3795 2667 τῇ

2212 2689 2374 2761 σαρκὶ
2405 2687 2757 2759 συνδεδὲμεθα
2784 2686 2991 2757 χρόνον,
3019 2686 3232 2749 πολλοῖς
3259 2688 3349 2740 καὶ
3374 2690 3486 2750 τοῖς
3519 2689 3799 2760 ἐκταράσ-

2212 2796 2392 2832 σουσιν
2429 2780 2578 2847 ἡμᾶς
2629 2775 3048 2845 συνεζεύγμεθα.
3108 2776 3348 2847 Ζήτησον
3396 2773 3490 2830 οῦν
3534 2779 3795 2849 εἰρήνην,

2209 2870 2358 2921 λύσιν
2382 2869 2489 2920 τῶν
2520 2867 2612 2919 τοῦ
2642 2869 2843 2937 κόσμου
2874 2866 3065 2919 τούτου
3108 2866 3353 2938 θορύϐων
3377 2887 3389 2897 ·
3440 2868 3647 2939 κτῆσαι
3691 2887 3791 2937 γα-

2208 2961 2471 3030 ληνιῶντα
2510 2959 2654 3024 νοῦν,
2704 2961 2954 3031 ἁκύμονά
2996 2978 3117 3013 τινα
3164 2961 3258 3014 καὶ
3301 2962 3578 3031 ἀτάραχον
3619 2963 3795 3015 κατά-

2211 3068 2396 3104 στασιν
2424 3050 2524 3120 τῆς
2545 3051 2740 3121 ψυχῆς,
2771 3052 2908 3121 μήτε
2933 3051 3037 3102 ὑπὸ
3058 3050 3242 3103 παθῶν
3265 3052 3637 3120 σαλευομένην
3656 3052 3794 3121 (17),

2216 3147 2349 3215 μήτε
2392 3142 2496 3195 ὑπὸ
2545 3141 2653 3194 τῶν
2690 3140 2901 3210 ψευδῶν
2951 3140 3234 3209 δογμάτων
3280 3141 3367 3193 διὰ
3429 3141 3796 3209 πιθανότητος

2214 3234 2665 3307 προκαλουμένων
2696 3234 2774 3294 εἰς
2800 3228 3193 3299 συγκατάθεσιν
3217 3232 3672 3303 περιελκομένην,
3708 3232 3793 3284 ἴνα

2212 3333 2386 3401 κτήσῃ
2418 3328 2515 3399 τὴν
2540 3328 2757 3397 εἰρήνην
2788 3323 2881 3377 τοῦ
2910 3322 3042 3375 Θεοῦ
3074 3323 3172 3394 τὴν
3205 3323 3578 3393 ὑπερέχουσαν
3610 3325 3797 3379 πάντα

2211 3419 2353 3481 νοῦν,
2383 3417 2721 3488 φρουροῦσαν
2754 3416 2848 3485 τὴν
2888 3415 3113 3485 καρδίαν
3136 3432 3249 3469 σου.
3279 3417 3337 3469 'U
3366 3414 3543 3486 ζητῶν
3568 3418 3797 3487 εἰρήνην

2210 3509 2444 3581 Χριστὸν
2469 3508 2707 3579 ἐκζητεῖ,
2759 3508 2838 3560 ὅτι
2892 3506 3053 3570 αὑτός
3098 3508 3243 3560 ἐστιν
3272 3510 3305 3579 ἡ
3335 3510 3527 3579 εἰρήνη
3557 3508 3697 3577 (18),
3738 3506 3797 3569 ὃς

2211 3603 2388 3656 ἔκτισε
2421 3602 2547 3663 τοὺς
2572 3599 2665 3652 δύο
2694 3600 2773 3661 εἰς
2803 3597 2899 3650 ἕνα
2914 3597 3097 3650 καινὸν
3117 3597 3419 3667 ἄνθρωπον,
3438 3597 3609 3649 ποιῶν
3642 3597 3798 3666 εἰρή-

2211 3711 2329 3764 νην,
2358 3692 2450 3745 xui.
2482 3690 2897 3762 εἰρηνοποιήσας
2919 3688 3006 3741 διὰ
3034 3690 3126 3742 τοῦ
3168 3691 3397 3760 αἵματος
3414 3687 3511 3739 τοῦ
3546 3684 3793 3757 σταυροῦ

2212 3782 2400 3849 αὑτοῦ,
2432 3780 2542 3834 εἴτε
2574 3780 2643 3833 τὰ
2679 3781 2735 3832 ἐν
2759 3779 2873 3841 τοῖς
2895 3778 3143 3849 οὐρανοῖς
3166 3779 3275 3831 εἴτε
3301 3780 3367 3831 τὰ
3397 3778 3488 3831 ἐπὶ
3527 3777 3631 3847 τῆς
3663 3779 3791 3850 γῆς.

2286 3962 2370 4015 11.
2421 3962 2729 4029 Ὀφθαλμοί
2772 3963 2993 4029 Κυρίου
3042 3958 3137 4011 ἐπὶ
3195 3957 3488 4022 δικαίοις,
3526 3958 3626 4012 καί
3668 3954 3792 4013 ὦτα

2212 4054 2397 4109 αὑτοῦ
2437 4056 2524 4117 εἰς
2571 4053 2784 4119 δέησιν
2836 4051 3051 4105 αὐτῶν.
3096 4050 3306 4123 Ὠσπερ
3346 4050 3396 4102 οἰ
3448 4050 3593 4119 ἆγιοι
3630 4050 3792 4119 σῶμα

2214 4150 2319 4201 εἰσι
2352 4145 2587 4216 Χριστοῦ
2623 4146 2716 4198 καὶ
2750 4145 2884 4215 μέλη
2922 4146 2985 4196 ὲκ
3031 4143 3253 4213 μέρους⁸
3306 4144 3400 4197 καὶ
3424 4142 3576 4195 ἔθετο
3604 4145 3633 4193 ὁ
3658 4141 3790 4204 Θεὸς

2216 4240 2272 4291 ἐν
2304 4239 2369 4308 τῇ
2406 4236 2700 4306 Ἐκκλησία
2737 4236 2863 4298 τοὺς
2896 4235 2993 4305 μὲν
3014 4234 3343 4304 ὀφθαλμοὺς,
3374 4236 3497 4296 τοὺς
3531 4233 3587 4285 δὲ
3610 4232 3789 4301 γλῶσ-

2220 4349 2337 4394 σας,
2385 4329 2601 4399 ἐτέρους
2632 4328 2736 4396 (19)
2778 4328 2867 4378 τὸν
2901 4326 3007 4378 τῶν
3046 4325 3275 4395 χειρῶν,
3331 4325 3422 4376 καὶ
3462 4324 3656 4386 ἄλλους
3696 4324 3789 4376 τὸν

2217 4425 2325 4477 τῶν
2356 4421 2529 4474 ποδῶν
2558 4419 2849 4489 ἐπέχοντας
2897 4418 3051 4484 λόγον
3073 4431 3086 4444 ⁸
3119 4416 3260 4467 οὕτω
3294 4416 3387 4467 καὶ
3411 4416 3467 4467 αἰ
3502 4416 3657 4482 ἅγιαι
3696 4415 3788 4466 δυο

2221 4514 2413 4584 νάμεις
2445 4515 2497 4564 αἰ
2532 4508 2896 4579 πνευματικά).
2933 4507 3025 4559 καὶ
3067 4508 3195 4578 περὶ
3230 4506 3319 4558 τὸν
3357 4505 3606 4575 οὐράνιον
3633 4502 3790 4559 οὖσαι

2969 4663 3013 4695 τ’
3047 4661 3257 4717 Coloss.
3295 4676 3333 4715 ι.
3370 4659 3458 4713 ΞΟ.
3538 4658 3585 4691 ⁸⁸
3610 4657 3629 4711 1
3656 4659 3785 4715 Cor.

2151 4863 2192 4916 ι)
2228 4892 2356 4929 mss.
2393 4873 2608 4928 Statim.
2640 4872 2725 4924 ubi
2758 4870 2886 4923 editi
2918 4868 3137 4921 confuse
3167 4866 3470 4936 ἐπισκοπὴν
3493 4865 3655 4935 ἡμῶν
3686 4884 3789 4922 πα-

2228 4943 2543 5015 ραδέχεσθαι
2578 4941 2609 5012 ἦ
2642 4940 3016 5015 πιστευθῆναι,
3040 4949 3316 5015 octontss.
3350 4938 3539 5015 ittelius
3559 4947 3613 4989 et
3658 4938 3789 5015 sim-

2227 5006 2413 5084 pluuiis
2460 5006 2679 5084 habent
2710 5006 3009 5078 ἐπισκοπὴν
3048 5006 3209 5084 ’ἡμῶν
3248 5006 3627 5084 πιστευθῆναι..
3660 5008 3789 5084 Qua:

2228 5077 2407 5138 autem
2457 5082 2576 5149 ejus
2609 5082 2681 5133 rei
2729 5095 2890 5133 causa
2923 5077 3211 5149 exstiterit,
3242 5077 3464 5149 quilibet
3491 5078 3651 5149 paulo
3692 5079 3789 5149 hu-

2228 5156 2434 5207 manior
2466 5146 2622 5205 facile
2657 5150 2817 5203 videt.
2843 5149 3116 5203 Librarius
3149 5148 3326 5215 igitur,
3357 5147 3469 5199 sive
3495 5148 3636 5214 quod
3673 5146 3787 5212 ejus

2226 5241 2383 5289 quem
2435 5222 2774 5275 describebat
2827 5218 2944 5272 libri
2989 5219 3307 5289 scripturam
3357 5218 3489 5269 satis
3545 5226 3696 5289 certo
3726 5230 3787 5269 ac

2227 5286 2425 5362 liquido
2456 5291 2762 5362 persnicere
2798 5303 2900 5362 non
2949 5296 3147 5362 posset,
3177 5286 3787 5362 dubitaretqueboean

2229 5352 2317 5417 illi)
2354 5352 2510 5415 modo
2549 5352 2805 5429 scriptum
2847 5352 3005 5420 foret,
3039 5358 3153 5429 sive
3205 5357 3345 5422 quod
3377 5352 3517 5407 aliud
3573 5356 3624 5405 in
3669 5352 3788 5408 aliis

2228 5432 2631 5499 exemplaribus
2662 5427 2945 5499 'seriptum
2985 5427 3313 5499 reperisset,
3352 5433 3638 5499 utrumque
3690 5439 3785 5499 po-

2229 5507 2355 5565 suit,
2390 5493 2445 5553 ει
2476 5500 2735 5553 lectorum
2763 5493 2964 5567 judicio
2988 5497 3261 5567 permisit,
3298 5506 3475 5567 utrum
3503 5493 3686 5547 verius
3712 5495 3787 5544 vi-

2229 5570 2538 5626 deretur.“
2573 5570 2684 5623 ﬁeri
2711 5565 2921 5621 solitum
2946 5566 3149 5635 jamdiu
3186 5565 3365 5635 docuit
3390 5578 3576 5616 earnm
3612 5578 3787 5635 rerum

2226 5645 2459 5711 optimus
2490 5641 2650 5709 judex
2713 5632 2959 5711 Muretus
3012 5636 3204 5711 ἰῆλαι(
3248 5632 3369 5711 Vqr.
3400 5635 3547 5699 lect,
3595 5649 3643 5687 c.
3700 5632 3785 5701 16,

2226 5704 2376 5780 cujus
2414 5704 2574 5766 verba
2616 5710 2925 5763 exscribere
2953 5724 3056 5762 non
3082 5704 3463 5759 dubitavimus.
