4016 6460
259 418 365 473 577

1375 413 1656 469 HOMILIA
1699 412 1766 466 IN
1802 410 2137 468 PSALMUM
2176 408 2415 463 XXXI“.

3379 407 3483 462 378

256 534 436 592 τόπον,
463 533 515 582 al
547 531 642 599 μὲν
674 528 938 599 ὀφθαλμοὶ
970 529 1243 596 λέγονται,
1283 528 1358 597 τῷ
1388 526 1483 597 τὴν
1518 527 1817 596 ἐπισκοπὴν

1924 524 2081 588 oculi,
2108 526 2249 594 quod
2299 523 2664 578 concreditum
2708 521 2786 576 eis
2826 521 2896 576 sil
2930 536 3126 575 munus
3177 535 3273 575 nos
3319 522 3486 588 inspi-

257 622 411 692 ἡμῶν
434 617 800 688 πιστευθῆναι,
828 621 881 671 αἱ
910 620 964 671 δὲ
984 613 1115 681 ὦτα,
1141 617 1216 687 τῷ
1246 616 1639 688 παραδέχεσθαι
1662 618 1692 684 ἡ
1703 617 1814 686 μῶν

254 713 352 774 τὰς
380 711 609 780 δεήσεις.
645 710 756 762 Νῦν
795 707 885 763 οὖν
929 709 1026 780 τὴν
1061 709 1356 779 ἐποπτικὴν
1387 707 1541 778 ἡμῶν
1569 706 1812 775 δύναμιν,

255 803 349 857 καὶ
387 804 485 872 τὴν
533 802 640 854 τῶν
690 803 857 872 εὐχῶν
905 801 1309 871 ἀντιληπτικὴν,
1360 800 1667 871 ὀφθαλμοὺς
1695 795 1814 851 εἷπε

256 895 349 947 καὶ
407 888 539 946 ὦτα.
598 892 911 961 Ὀρθαλμοὶ
955 888 1068 945 οὖν
1112 893 1332 958 Κυρίου
1377 892 1475 944 ἐπὶ
1528 892 1812 953 δικαίους,

255 987 353 1040 καὶ
397 983 513 1039 ὦτα
553 985 739 1038 αὐτοῦ
780 988 865 1050 εἰς
905 983 1117 1050 δέησιν
1156 985 1370 1036 αὐτῶν.
1417 983 1629 1053 Ἐπειδὴ
1669 986 1816 1035 πᾶσα

256 1077 454 1148 πρᾶξις
490 1077 581 1130 τοῦ
621 1078 826 1130 δικαίου
863 1075 984 1138 ἀξία
1016 1076 1110 1144 τῆς
1146 1075 1376 1146 θεωρίας
1403 1074 1493 1125 τοῦ
1530 1074 1684 1134 Θεοῦ,
1720 1074 1812 1126 καὶ

254 1170 363 1221 πᾶν
417 1169 591 1238 ῥῆμα,
649 1167 725 1235 τῷ
781 1166 942 1236 μηδὲν
1001 1165 1184 1235 ἀργῶς
1241 1165 1487 1232 λέγεσθαι
1531 1165 1679 1235 παρα
1724 1165 1815 1216 τοῦ

253 1262 483 1324 δικαίου,
525 1259 738 1330 ἐνεργόν
781 1260 895 1309 ἐστι
929 1259 1019 1310 καὶ
1053 1257 1385 1328 ἔμπρακτον,
1420 1256 1508 1308 διὰ
1547 1256 1704 1308 τοῦτο
1733 1256 1818 1308 ἀεὶ

256 1352 552 1424 ὲφορᾶσθαι
583 1352 674 1402 καὶ
711 1351 794 1402 ἀεὶ
827 1350 1197 1402 είσακούεσοαι
1227 1349 1316 1400 τὸν
1351 1348 1555 1401 δίκαιον
1596 1351 1623 1400 ὁ
1665 1349 1820 1416 λόγος

258 1446 408 1515 φησί.
445 1444 769 1510 Πρόσωπον
810 1441 876 1493 δὲ
907 1442 1124 1508 Κυρίου
1155 1439 1250 1492 ἐπὶ
1286 1439 1605 1504 ποιοῦντας
1647 1441 1817 1506 κακὰ,

255 1537 365 1590 τοῦ
401 1534 818 1602 ἐξολοθρεῦσαι
843 1534 910 1586 ἐκ
943 1532 1055 1601 γῆς
1086 1533 1150 1584 τὸ
1179 1533 1574 1600 μνημόσυνον
1600 1531 1816 1585 αὐτῶν.

257 1622 550 1693 Πρόσωπον
598 1619 704 1686 (20)
760 1614 908 1687 οἶμαι
959 1617 1056 1686 τὴν
1110 1616 1668 1687 πεπαρῤησιασμένην
1729 1615 1822 1669 καὶ

259 1712 500 1782 φανερὰν
529 1711 621 1763 τοῦ
663 1711 865 1779 Κυρίου
893 1708 1183 1778 ἐπιδημίαν
1217 1708 1313 1778 τὴν
1339 1709 1428 1759 ἐπὶ
1460 1708 1556 1777 τῆς
1589 1707 1821 1778 κρίσεως

257 1804 528 1874 λέγεσθαι.
562 1802 650 1855 Διὸ
681 1802 771 1854 καὶ
799 1800 1064 1870 ὀφθαλμοὶ
1092 1801 1316 1871 Κυρίου,
1340 1800 1413 1862 ὡς
1436 1798 1515 1851 ἔτι
1547 1799 1658 1867 (21)
1693 1798 1822 1869 πόρ-

1917 617 2115 680 ciendi,
2147 615 2266 668 alia:
2297 629 2475 678 aures,
2507 614 2650 683 quod
2683 623 2898 666 nostras
2956 628 3144 682 preces
3184 614 3475 683 excipiant.

1915 705 2068 759 Nunc
2093 705 2255 774 igitur
2280 705 2574 774 potentiam
2609 718 2725 770 quae.
2766 717 2863 756 nos
2917 703 3153 771 inspicit,
3209 713 3262 757 et
3297 715 3478 771 poten-

1920 798 2047 850 tiam
2101 812 2219 866 quae
2270 811 2456 864 preces
2492 796 2738 862 suscipit,
2794 796 2983 850 oculos
3027 796 3170 849 dixit
3219 806 3486 852 etaures.

1920 889 2073 942 Oculi
2121 890 2285 956 igitur
2325 887 2538 939 Domini
2585 903 2742 952 super
2766 886 2960 954 justas,
3016 897 3062 940 et
3113 904 3265 941 aures
3291 888 3402 957 ejus
3431 889 3485 940 in

1917 998 2090 1050 preces
2114 996 2312 1033 eorum.
2349 980 2612 1044 Quoniam
2650 981 2823 1031 omnis
2849 979 2979 1046 justi
3009 982 3152 1033 actio
3195 982 3352 1050 digna
3397 991 3480 1035 est

1918 1088 2036 1139 quae
2069 1087 2096 1122 a
2130 1071 2234 1123 Deo
2263 1070 2603 1136 inspiciatnr,
2641 1079 2693 1123 et
2727 1086 2886 1125 omne
2920 1071 3166 1136 verbum,
3199 1087 3318 1124 cum
3351 1072 3482 1125 nihil

1917 1167 2088 1218 otiose
2115 1178 2141 1213 a
2183 1162 2328 1229 justo
2362 1162 2597 1226 dicatur,
2637 1172 2913 1217 actuosum
2963 1172 3045 1215 est
3080 1172 3135 1214 et
3166 1162 3375 1228 cllicax,
3402 1165 3486 1218 id-

1920 1257 2064 1309 circo
2088 1255 2287 1322 justum
2341 1268 2554 1320 semper
2585 1254 2827 1321 conspici
2887 1263 2940 1306 et
2979 1268 3190 1322 semper
3239 1255 3486 1309 exaudiri

1921 1346 2033 1399 Itrec
2065 1345 2154 1398 illa
2185 1347 2345 1397 verba
2369 1346 2582 1399 docent.
2612 1345 2796 1417 (Vsus.
2825 1345 2936 1416 i7.)
2974 1343 3158 1398 Vultus
3176 1356 3345 1399 autem
3381 1346 3492 1400 Do-

1920 1439 2047 1490 mini
2098 1455 2251 1504 super
2287 1438 2536 1503 facientes
2584 1439 2746 1502 mala,
2789 1449 2844 1490 ut
2885 1440 3068 1506 perdat
3119 1441 3182 1491 de
3213 1449 3348 1492 terra
3380 1455 3488 1493 mc-

1921 1532 2141 1582 moriam
2199 1546 2400 1582 eorum.
2461 1531 2714 1584 Arbitror
2741 1541 2983 1600 apertum
3032 1546 3095 1584 ac
3135 1531 3484 1600 conspicuum

1924 1622 2134 1675 Domini
2171 1622 2235 1674 ad
2283 1623 2542 1689 judicium
2596 1624 2884 1676 adventum
2934 1624 3038 1677 dici
3074 1622 3303 1675 vultum.
3345 1623 3488 1688 Qua-

1923 1721 2137 1780 propter
2163 1723 2215 1764 et
2263 1712 2400 1764 oculi
2458 1712 2688 1776 Domini,
2727 1712 2872 1765 velut
2914 1712 3088 1766 adhuc
3136 1712 3351 1767 eminus
3383 1727 3486 1768 nos

1925 1803 2279 1870 inspicieutis,
2313 1802 2516 1871 justum
2549 1803 2746 1856 intueri
2775 1805 3027 1857 dicuntur
3056 1803 3099 1835 ⁸¹
3126 1823 3140 1870 ;
3168 1805 3280 1870 ipse
3306 1811 3486 1858 autem

259 1898 432 1970 ρωθεν
469 1895 885 1955 ὲπισκοποῦντος
926 1894 1104 1964 ἡμᾶς,
1145 1892 1454 1946 ἐπιϐλέπειν
1487 1891 1576 1942 τὸν
1617 1890 1817 1942 δίκαιον

1925 1895 2106 1947 vultus
2160 1893 2357 1948 dicitur
2400 1895 2762 1962 appariturus,
2815 1896 2881 1948 ad
2927 1911 3142 1949 omnem
3180 1896 3480 1965 iniquitatis

256 1990 538 2061 εἴρηνται·
573 1987 701 2040 αὐτὸ
725 1986 780 2038 δὲ
829 1986 890 2038 τὸ
927 1985 1214 2056 πρόσωπον
1244 1983 1688 2052 έπιφανήσεσθαι,
1730 1982 1822 2034 ἐπὶ

256 2085 318 2136 τὸ
353 2079 724 2150 ὲξολοθρεῦσαι
758 2079 821 2132 ἐκ
850 2079 951 2148 γῆς
981 2079 1086 2130 πᾶν
1108 2078 1166 2130 τὸ
1194 2077 1292 2146 τῆς
1323 2076 1586 2145 πονηρίας
1616 2075 1824 2146 μνημό-

258 2192 438 2226 συνον.
481 2173 570 2241 Μὴ
606 2170 712 2242 γάρ
757 2188 846 2241 μοι
897 2168 1217 2240 σωματικῶς
1254 2167 1718 2237 διαπεπλασμένον
1765 2168 1824 2219 τὸ

259 2265 546 2335 πρόσωπον
576 2261 670 2316 τοῦ
702 2262 834 2315 Θεοῦ
863 2263 1058 2333 νοήσῃς
1093 2260 1223 2329 (22)·
1268 2259 1386 2312 ἐπεὶ
1431 2258 1571 2312 οὕτω
1622 2276 1684 2326 γε
1735 2259 1824 2311 καὶ

258 2357 450 2423 ἄλογον
483 2350 616 2406 εἶναι
643 2354 784 2420 δόξει
823 2355 883 2406 τὸ
921 2354 1070 2423 παρά
1115 2350 1215 2420 τῆς
1254 2352 1474 2422 Γραφῆς
1515 2349 1820 2420 εἰρημένον,

262 2446 369 2517 ἰδίᾳ
405 2445 500 2516 μὲν
534 2445 837 2514 ὀφθαλμοὺς
872 2444 1135 2513 ὑπάρχειν
1185 2443 1586 2510 ὲπιλάμποντας
1613 2441 1690 2508 τῷ
1743 2439 1821 2491 δι-

258 2538 420 2608 καίῳ,
455 2538 558 2608 ἰδίᾳ
588 2537 643 2589 δὲ
681 2536 741 2588 τὸ
779 2537 1064 2606 πρόσωπον
1093 2534 1477 2604 ἐπιφερόμενον
1519 2534 1628 2594 τοῖς
1668 2547 1825 2600 πονη-

261 2635 394 2705 ροῖς.
444 2633 634 2685 Καίτοι
669 2630 792 2684 οὔτε
833 2628 1097 2697 ὀφθαλμοὶ
1148 2627 1314 2696 χωρίς
1357 2623 1644 2696 προσώπου
1689 2626 1820 2695 (25),

256 2721 380 2775 οὔτε
417 2722 701 2791 πρόσωπον
723 2717 1012 2787 ὀφθαλμῶν
1048 2719 1192 2768 ἐστιν
1227 2715 1468 2785 ἄμοιρον.
1509 2715 1824 2784 Ἀνθρωπος

263 2816 363 2886 μὲν
401 2811 492 2867 οὖν
546 2814 605 2865 οὑ
650 2812 721 2883 μὴ
758 2812 839 2881 ίδῃ
873 2811 932 2862 τὸ
956 2809 1242 2880 πρόσωπον
1275 2810 1499 2880 Κυρίου,
1543 2810 1634 2860 καὶ
1661 2808 1820 2876 ζήσε-

258 2926 349 2961 ται
376 2925 387 2938 ·
421 2908 469 2958 οἱ
511 2906 566 2958 δὲ
603 2905 820 2974 ἄγγελοι
849 2903 952 2957 τῶν
989 2905 1046 2957 ἐν
1074 2907 1139 2975 τῇ
1183 2903 1472 2973 Ἐκκλησία
1505 2900 1713 2971 μικρῶν
1737 2900 1824 2953 διὰ

260 2998 458 3061 παντὸς
484 2997 733 3066 βλέπουσι
765 2995 824 3049 τὸ
851 2996 1138 3066 πρόσωπον
1167 2994 1258 3046 τοῦ
1289 2993 1497 3061 Πατρὸς
1526 2992 1680 3062 ήμῶν
1711 2991 1820 3061 (24)

255 3090 350 3143 τοῦ
395 3092 450 3143 ὲν
481 3093 592 3152 τοῖς
627 3091 889 3160 οὐρανοῖς.
935 3087 1077 3138 Διότι
1125 3086 1217 3138 νῦν
1263 3086 1359 3154 μὲν
1399 3086 1643 3156 χωρῆσαι
1678 3087 1823 3157 ἡμᾶς

256 3183 355 3253 τὴν
393 3182 517 3235 θέαν
554 3181 652 3250 τῆς
687 3177 892 3241 ἐνδόξου
926 3177 1243 3245 ἐπιφανείας
1280 3177 1363 3230 διὰ
1407 3178 1503 3248 τὴν
1543 3178 1822 3232 ἀσθένειαν

255 3275 355 3344 τῆς
386 3274 583 3344 σαρκὸς
603 3273 698 3341 τὴν
721 3271 1106 3342 περικειμένην
1130 3273 1259 3341 ἡμῖν
1288 3273 1566 3342 ἀμήχανον
1583 3289 1595 3300 ·
1624 3274 1670 3324 οἱ
1705 3271 1820 3342 μέν·

256 3381 338 3417 τοι
371 3363 618 3430 ἄγγελοι,
660 3361 738 3431 τῷ
782 3362 946 3433 μηδὲν
997 3362 1137 3431 ἔχειν
1179 3363 1543 3433 προκάλυμμα
1583 3365 1820 3418 τοιοῦτον

258 3455 637 3528 παραπλήσιον
679 3457 745 3525 τῇ
785 3457 1027 3527 ἡμετέρᾳ
1074 3455 1255 3525 σαρκὶ,
1293 3455 1381 3505 ὑπ’
1405 3454 1614 3516 οὐδενὸς
1651 3458 1820 3525 ἐμπο-

253 3542 485 3610 δίζονται
542 3545 801 3616 διηνεκῶς
858 3547 1181 3610 ὲνατενίζειν
1254 3545 1332 3615 τῷ
1391 3545 1664 3617 προσώπῳ
1718 3548 1816 3616 τῆς

257 3637 416 3706 δόξης
448 3635 539 3687 τοῦ
564 3635 718 3688 Θεοῦ.
765 3637 926 3686 Ὥστε
957 3638 1049 3688 καὶ
1082 3638 1259 3705 ἡμεῖς,
1294 3636 1510 3687 ἐπειδὰν
1537 3633 1818 3703 γενώμεθα

258 3731 364 3782 υἱοὶ
376 3729 473 3797 τῆς
498 3729 863 3788 ἀναστάσεως,
881 3728 995 3777 τότε
1018 3726 1530 3796 καταξιωθησόμεθα
1550 3729 1643 3796 τῆς
1666 3728 1822 3797 πρὸσ-

253 3839 402 3875 ωπον
454 3822 587 3892 πρὸς
627 3819 911 3887 πρόσωπον
958 3818 1226 3885 γνώσεως.
1270 3820 1400 3871 Τότε
1438 3819 1492 3872 δὲ
1518 3825 1565 3873 οἱ
1604 3820 1698 3889 μὲν
1740 3821 1817 3872 δί-

254 3929 399 3964 καιοι
438 3913 493 3963 ὲν
537 3908 848 3975 ἀγαλλιάσει
891 3909 988 3978 τῆς
1037 3909 1164 3973 θέας
1206 3910 1296 3961 τοῦ
1359 3911 1645 3980 προσώπου
1695 3931 1822 3966 κατ-

1924 1986 2237 2038 memoriam
2291 1987 2358 2040 de
2402 1995 2546 2038 terra
2579 1986 2882 2041 delendam.
2917 1987 3058 2041 Cave
3097 1989 3238 2040 enim
3275 1988 3481 2057 cogites

1926 2076 2017 2129 Dei
2074 2076 2277 2127 vultum
2329 2076 2591 2144 corporali
2654 2077 2836 2144 specie
2887 2090 3008 2130 esse
3062 2079 3482 2131 conformatum.

1925 2167 2176 2234 Alioquin
2220 2167 2289 2219 ita
2316 2182 2527 2234 quoque
2554 2168 2844 2221 absurdum
2865 2168 3134 2221 videbitur
3165 2169 3309 2236 quod
3337 2167 3486 2221 Scri-

1925 2266 2082 2326 ptura
2132 2257 2287 2318 dixit,
2328 2271 2570 2310 seorsum
2605 2258 2822 2325 quidem
2855 2258 3040 2312 oculos
3068 2275 3189 2314 esse
3225 2260 3316 2328 qui
3342 2261 3488 2329 justo

1924 2344 2232 2413 allulgcant,
2267 2359 2512 2399 seorsum
2557 2359 2681 2399 vero
2715 2346 2917 2399 vultum
2960 2350 3050 2416 qui
3096 2350 3147 2401 in
3193 2350 3362 2404 malos
3405 2350 3489 2403 in-

1927 2448 2102 2492 tentus
2133 2438 2222 2491 sit.
2263 2437 2326 2491 Et
2355 2452 2481 2492 vero
2507 2452 2682 2508 neque
2709 2440 2850 2492 oculi
2894 2440 3010 2493 sine
3038 2441 3190 2495 vultu
3215 2451 3359 2503 sunt.
3386 2458 3487 2498 ne-

1924 2546 2026 2600 que
2053 2531 2226 2583 vultus
2273 2545 2468 2598 expers
2498 2541 2579 2584 est
2608 2531 2909 2584 oculorum.
2945 2532 3126 2588 Homo
3164 2534 3328 2604 igitur
3378 2550 3488 2591 non

1925 2624 2123 2677 videbit
2152 2623 2343 2676 faciem
2375 2623 2607 2687 Domini,
2638 2635 2689 2678 et
2717 2625 2860 2679 vivet
2884 2626 2928 2657 δ’
2966 2644 2978 2678 :
3008 2627 3183 2695 angeli
3240 2643 3364 2682 vere
3392 2642 3489 2682 eo-

1925 2732 2042 2768 rum
2076 2717 2164 2782 qui
2190 2716 2240 2769 in
2283 2716 2519 2769 Ecclesia
2557 2716 2732 2784 pusilli
2760 2726 2904 2782 sunt,
2940 2733 3156 2789 semper
3193 2720 3375 2775 vident
3403 2721 3488 2774 fa-

1923 2809 2059 2861 ciem
2089 2808 2264 2861 Patris
2291 2811 2484 2869 nostri,
2512 2810 2600 2876 qui
2644 2809 2694 2861 in
2728 2810 2880 2863 cmlis
2915 2821 2996 2863 est
3027 2812 3090 2864 ⁸⁸.
3137 2813 3311 2878 Quare
3345 2828 3488 2868 nunc

1924 2900 2136 2968 quidem
2187 2899 2304 2952 fieri
2340 2913 2443 2953 non
2475 2908 2674 2967 potest,
2731 2910 2789 2954 ut
2839 2916 2954 2965 nos,
2990 2901 3238 2972 gloriosae
3264 2905 3489 2958 visionis

1926 3002 2228 3061 aspectum,
2257 2995 2326 3045 ob
2353 2995 2531 3048 carnis
2552 2993 2881 3048 debilitatem
2915 3010 3013 3049 nos
3036 2996 3488 3064 circumdantetn,

1925 3087 2434 3153 appreltendatnus;
2494 3089 2669 3155 angeli
2713 3103 2882 3150 vero,
2934 3088 3075 3154 quod
3120 3089 3322 3142 nullum
3380 3091 3490 3144 tale

1925 3174 2289 3228 velamentum
2318 3176 2517 3229 habent
2541 3176 2690 3229 carni
2721 3185 2917 3229 nostrm
2944 3177 3242 3243 consimile,
3266 3195 3325 3233 re
3342 3182 3488 3235 nulla

1929 3267 2292 3336 impediuntur
2339 3268 2626 3334 quominus
2664 3267 2856 3322 faciem
2899 3269 3083 3339 gloria:
3140 3271 3230 3325 Dei
3285 3273 3492 3342 juglter

1925 3366 2378 3434 contemplemur.
2415 3365 2593 3431 Quare
2619 3377 2671 3420 et
2707 3383 2827 3430 nos,
2857 3377 3206 3438 posteaquam
3232 3369 3326 3422 lilii
3358 3370 3489 3424 facti

1926 3456 2186 3510 fuerimus
2229 3456 2662 3519 resurrectionis,
2714 3467 2845 3510 tunc
2871 3473 2930 3510 ea
2966 3474 3082 3524 qua:
3134 3471 3216 3512 est
3249 3459 3384 3513 facie
3422 3461 3490 3514 ad

1925 3549 2114 3602 faciem
2142 3548 2450 3618 cognitione
2479 3549 2838 3619 dignabimur.
2861 3550 3013 3604 Tunc
3037 3551 3180 3605 enim
3203 3552 3334 3620 justi
3361 3568 3491 3607 con-

1927 3651 2170 3712 spectum
2213 3643 2428 3710 quidem
2464 3641 2639 3696 vultus
2670 3643 2719 3694 in
2749 3643 3112 3697 exsultatione
3147 3661 3490 3714 consequen-

1927 3745 2015 3786 tur
2039 3775 2054 3797 ,
2097 3743 2412 3802 peccatores
2436 3749 2566 3787 vero
2611 3733 2661 3786 in
2691 3734 2929 3801 judicio;
2969 3750 3088 3787 cum
3119 3733 3360 3788 futurum
3395 3737 3485 3802 sit,

1927 3838 1983 3881 ut
2022 3837 2299 3896 peccatum
2342 3843 2501 3881 omne
2537 3829 2680 3896 justa
2728 3827 2818 3881 Dei
2850 3829 3118 3882 sententia
3154 3829 3486 3884 cxtermine~

1931 3930 2032 3975 ιιιι·.

254 4001 664 4069 αξιωθήσονταιο
715 4001 764 4052 οἱ
806 4000 861 4052 δὲ
890 4001 1001 4071 (25)
1033 4001 1344 4070 ἁμαρτωλοὶ
1391 4003 1446 4054 ἐν
1484 4003 1680 4073 κρίσει,
1726 4006 2022 4077 μελλούσης
2083 4005 2524 4078 ὲξολοθρεύεσθαι
2589 4007 2738 4078 παρὰ
2767 4008 2863 4077 τῆς
2889 4007 3098 4070 δικαίας
3127 4007 3360 4076 κρίσεως
3386 4002 3482 4058 τοῦ

255 4092 392 4146 θεοῦ
424 4093 602 4161 πάσης
631 4091 726 4160 τῆς
762 4092 1053 4162 ἁμαρτίας.

331 4183 417 4236 12.
472 4181 824 4249 Ἐκέκραξαν
857 4184 908 4233 oi
943 4181 1179 4240 δίκαιοι,
1230 4179 1326 4231 καὶ
1370 4184 1401 4233 0'
1443 4183 1654 4249 Κύριος
1701 4185 1822 4234 εἱσ-

252 4275 524 4343 ήκουσεν
545 4274 760 4338 αὐτῶν,
790 4275 884 4327 καὶ
902 4276 968 4326 ἐκ
999 4272 1207 4327 πασῶν
1223 4274 1339 4327 τῶν
1352 4277 1613 4343 θλίψεων
1627 4276 1823 4330 αὐτῶν

251 4371 546 4439 ὲῤῥύσατο
563 4369 801 4431 αὐτούς.
837 4367 1016 4436 Νοητὴ
1045 4367 1150 4417 τῶν
1180 4367 1399 4418 δικαίων
1428 4371 1458 4436 η
1494 4371 1727 4437 κραυγὴ,
1765 4371 1820 4420 ἐν

252 4463 333 4534 τῷ
373 4460 595 4532 κρυπτῷ
630 4460 728 4528 τῆς
763 4460 982 4527 καρδίας
1022 4459 1117 4528 τὴν
1169 4461 1570 4530 μεγαλοφωνίαν
1606 4462 1816 4530 ἔχουσα,

1997 4186 2082 4238 12.
2141 4185 2303 4240 Vens.
2359 4186 2444 4238 18.
2503 4183 2872 4238 Clamaverunt
2914 4184 3068 4252 justi,
3118 4193 3168 4237 et
3230 4184 3487 4238 Dominus

1926 4280 2195 4332 exaudivit
2237 4295 2326 4330 eos
2352 4315 2364 4338 ,
2421 4286 2469 4329 et
2510 4293 2574 4330 ex
2635 4279 2872 4331 omnibus
2937 4277 3358 4330 tribulationibus
3399 4294 3487 4330 eo-

1928 4387 2040 4421 rum
2080 4368 2320 4420 liberavit
2363 4384 2469 4422 eos.
2513 4369 2781 4436 Spiritalis
2829 4381 2908 4424 est
2963 4370 3228 4435 iustorum
3260 4367 3486 4433 clamor,

1927 4462 1977 4514 in
2013 4460 2224 4513 occulto
2258 4460 2437 4513 cordis
2466 4476 2676 4515 recessu
2706 4475 2886 4512 vocem
2922 4461 3083 4513 altam
3110 4459 3298 4522 edens,
3331 4461 3490 4530 quip-

251 4553 526 4622 δυναμένη
570 4547 850 4619 ἐφικέσθαι
893 4549 1002 4619 (26)
1049 4551 1140 4602 καὶ
1176 4549 1350 4601 αὐτῶν
1393 4551 1498 4602 τῶν
1533 4551 1685 4604 ὢτων
1729 4553 1817 4605 τοῦ

1926 4569 1990 4622 pe
2015 4555 2101 4623 qui
2135 4556 2198 4608 ad
2236 4557 2377 4623 ipsas
2405 4556 2564 4607 etiam
2607 4551 2700 4604 Dei
2744 4565 2902 4605 aures
2955 4562 3116 4621 queat
3159 4553 3481 4621 pertingere.

251 4646 409 4701 Θεοῦ.
455 4646 510 4697 '0
532 4646 637 4714 γὰρ
677 4642 884 4713 μεγάλα
935 4642 1130 4705 αἰτῶν,
1178 4642 1272 4694 καὶ⁴
1320 4643 1446 4710 περὶ
1486 4643 1818 4714 ἐπουρανίων

252 4737 565 4809 εὐχόμενος,
611 4731 762 4798 οὗτος
786 4733 1008 4798 κοὰζει,
1057 4735 1150 4786 καὶ
1194 4734 1462 4806 ἀκουστήν
1511 4736 1817 4805 ἀναπέμπει

328 4938 374 4971 ⁸¹
409 4940 550 4994 ΡειιΙ.
587 4951 771 4997 xxxnt,
807 4936 892 4989 16.
969 4937 1012 4968 θ’
1042 4937 1207 4990 Exod.
1251 4953 1439 5004 xxxut,
1465 4936 1554 4990 ‘20.

331 5146 441 5217 (2m
471 5147 604 5199 Editi
632 5162 749 5199 cum
785 5162 888 5199 uno
918 5161 1013 5200 ms.
1049 5145 1336 5216 πρόσωπον
1367 5147 1445 5204 δέ,
1496 5145 1550 5198 ltt
1572 5147 1802 5217 reliquis

254 5231 388 5270 vero
417 5232 543 5269 mss.
576 5217 757 5270 vocula
789 5217 843 5266 δέ
871 5217 1155 5269 omittitur.
1196 5218 1413 5275 Ibidem,
1449 5217 1534 5268 ubi
1570 5216 1617 5267 in
1647 5219 1804 5270 editis

256 5288 472 5353 legitur,
512 5286 608 5355 τὴν
640 5286 1189 5355 πεπαρῤησιασμένην
1220 5287 1313 5337 καὶ
1339 5286 1610 5356 φοϐεράν,
1636 5289 1806 5337 numi-

253 5360 445 5426 [estum
485 5372 546 5407 ac
577 5357 955 5426 formidabilem
981 5360 1274 5418 adventum,
1313 5355 1569 5423 St'rtpltltlt
1602 5355 1807 5426 inveni-

252 5425 376 5480 tnus
406 5426 457 5477 in
492 5441 675 5478 n0vem
715 5442 840 5477 mss.
873 5425 968 5494 τὴν
999 5427 1552 5496 πεπαρρησιασμένην
1584 5425 1676 5476 καὶ
1707 5442 1808 5492 φα-

252 5497 438 5565 νεράν,
474 5509 706 5565 apertum
734 5507 775 5546 et
813 5498 1142 5565 conspicuum
1176 5501 1466 5548 adventum.

328 5566 440 5632 (2|)
491 5563 621 5617 Octo
673 5581 799 5616 mss.
837 5565 915 5617 διὸ
968 5564 1234 5634 ὀφθαλμοὶ
1293 5565 1389 5634 μὲν
1438 5566 1512 5627 ώς
1561 5563 1657 5615 ἔτι.
1692 5563 1810 5618 Mox

254 5635 409 5689 multi
443 5650 571 5687 mss.
606 5633 697 5684 ἐπὶ
717 5635 810 5703 τῷ.

330 5703 439 5771 (22)
477 5705 612 5757 Editi
640 5705 909 5774 ἐννοήσῃς.
943 5705 1008 5756 At
1055 5714 1253 5770 septem
1289 5719 1415 5756 mss.
1448 5707 1662 5774 νοήσῃς.
1694 5704 1809 5758 Ali-

253 5783 457 5843 quanto
489 5785 606 5841 post
635 5790 760 5846 mss.
794 5791 882 5827 sex
923 5775 1026 5845 ἰδίᾳ
1051 5775 1178 5846 γαρ.
1220 5774 1353 5846 Editi
1393 5775 1498 5844 ἰδίᾳ
1524 5775 1641 5844 μέν.
1674 5775 1806 5846 Reg.

255 5854 481 5913 quartus
512 5855 564 5897 et
594 5845 740 5899 Colb.
774 5844 1028 5912 septimus
1063 5844 1166 5915 ἰδία
1194 5844 1519 5915 ὀφθαλμούς.

1925 4647 2023 4711 Qui
2060 4647 2200 4698 enim
2235 4660 2424 4713 magna
2474 4643 2629 4710 petit,
2664 4652 3096 4712 apprecaturque
3132 4642 3397 4705 cmlcstia,
3441 4641 3486 4693 is

1924 4740 2121 4792 clamat
2151 4749 2204 4792 et
2235 4752 2424 4806 preces
2454 4751 2573 4808 qua:
2612 4737 2978 4793 exaudiantur
3008 4737 3074 4791 ad
3105 4737 3269 4790 Deum
3305 4743 3487 4787 trans-

1631 4938 1676 4969 ⁸³
1708 4937 1896 4992 Matth.
1934 4953 2090 5004 xvttt,
2128 4939 2214 4994 50.

1981 5147 2252 5216 (25)Ει1ἰιί
2286 5150 2453 5218 χωρὶς
2477 5148 2568 5200 τοῦ
2605 5147 2917 5218 προσώπου.
2953 5148 3024 5202 At
3059 5162 3187 5201 mss.
3218 5162 3319 5218 non
3354 5162 3487 5215 pau-

2004 5219 2170 5286 χωρὶς
2216 5217 2524 5288 προσώπου.
2587 5217 2697 5270 mox
2754 5219 2870 5271 luco
2917 5220 3215 5288 verborum
3250 5219 3483 5280 illorum,

1911 5286 2035 5358 οὔτε
2064 5286 2350 5358 πρόσωπον
2393 5288 2682 5357 ὀφθαλμῶν
2734 5288 2881 5341 ἐστιν
2926 5289 3171 5358 ἄμοιρον,
3207 5287 3397 5358 legitur
3428 5290 3482 5358 in

1912 5355 2145 5436 editione
2188 5359 2345 5412 liasil.
2395 5359 2516 5410 οὕτε
2561 5355 2849 5428 πρόσωπον
2899 5355 3070 5429 χιιιρίς
3109 5359 3255 5409 ἐστιν
3283 5355 3488 5424 ὀφθαλ-

1959 5443 2029 5477 ων
2039 5466 2049 5476 .

1959 5445 1982 5475 ι·
2004 5444 2014 5458 ‘
2039 5466 2049 5476 .

1917 5443 1954 5495 μ
1981 5443 2095 5615 isti)
2119 5495 2211 5582 ⁹Ιιει
2236 5512 2361 5549 mss.
2396 5507 2624 5567 septem.
2664 5497 2801 5551 Editi
2830 5514 2949 5553 cum
3009 5498 3141 5567 lteg.
3185 5507 3337 5553 sexto
3374 5499 3484 5552 Πα-

1917 5582 1978 5615 το
2013 5583 2038 5615 ε·
2073 5583 2270 5615 αυτων.

1912 5582 2038 5626 τρος
2073 5583 2270 5618 αυτων.

1948 5583 2437 5708 ρῗιῖδῗυόῗέὲηθιο.
2463 5635 2765 5691 Peccutores
2786 5640 2849 5708 in
2878 5634 3332 5708 judicioaSttpple
3373 5634 3484 5690 ἀπὺ

1912 5706 2112 5767 κοινοῦ,
2163 5707 2259 5774 τῆς
2301 5705 2440 5778 θέας
2497 5708 2588 5759 τοῦ
2619 5705 2909 5778 προσώπου
2960 5705 3480 5778 καταξιωθήσονται,

1913 5788 2185 5840 conspectu
2226 5775 2393 5828 vultus
2434 5775 2806 5846 dignubuntur,
2836 5781 2926 5832 sed
2965 5777 3321 5830 tremebundi.

1987 5846 2098 5916 (‘26l
2139 5849 2265 5916 Reg.
2304 5850 2492 5903 tertius
2519 5849 2825 5920 δυναμένην
2857 5846 3159 5903 ἐφικέσθαι.
