4016 6430
510 361 619 422 579

1852 357 1912 412 S.
1954 354 2205 411 BASlLll
2245 353 2458 410 MAGNI

3660 358 3772 413 580

513 476 698 531 mittit.
751 473 1116 526 Clamaverunt
1154 471 1334 538 itaque
1375 469 1548 540 justi;
1597 468 1729 522 nihil
1781 469 2075 537 abiectum,

2201 466 2254 537 τῷ
2289 466 2407 536 Θεῷ
2431 466 2526 538 τὴν
2542 467 2725 538 εὐχήν.
2755 467 3115 536 Ἑκέκραίξαν
3134 465 3226 524 οὖν
3251 474 3304 524 οι
3325 472 3548 525 δίκαιοι
3571 488 3585 504 ·
3609 471 3778 525 οὐδὲν

512 566 644 622 nihil
677 576 970 628 terrenum,
1006 563 1140 618 nihil
1172 561 1376 616 humile
1414 559 1790 630 inquisierunt.
1824 559 2074 629 Propter-

511 674 574 715 ea
641 672 828 712 vocem
868 656 1108 724 ipsorum
1151 653 1389 720 suscepit
1423 650 1706 714 Dominus,
1740 649 1895 720 155
1926 659 1978 704 et
2009 664 2074 703 ex

511 746 762 804 omnibus
799 742 1239 799 tribulationibus
1271 755 1462 795 eorum
1503 739 1761 792 liberavit
1814 755 1926 792 eos.
1972 739 2078 792 Ta-

517 855 637 896 men
661 855 767 894 nou
796 846 906 891 tam
941 851 1034 890 eos
1069 850 1098 888 a
1134 835 1294 888 rebus
1324 831 1570 886 adversis
1607 830 1882 893 liberavit,
1918 844 2076 898 quam

513 946 606 986 eos
633 939 944 985 eventorum
972 928 1208 981 victores
1236 925 1434 979 effecit.
1457 923 1641 993 (Vens.
1678 922 1789 991 t9.)
1808 921 1974 988 Pmpe
2004 931 2079 974 est

517 1021 769 1074 Dominus
805 1019 870 1071 iis
899 1019 988 1086 qui
1023 1015 1248 1069 contrito
1279 1023 1398 1067 sunt
1434 1014 1612 1074 corde,
1643 1024 1691 1065 et
1725 1011 1945 1063 humiles
1973 1010 2080 1073 spi-

514 1113 622 1163 ritu
643 1109 884 1163 saltabit.
910 1106 1019 1161 Sua
1048 1105 1218 1174 ipsius
1243 1104 1482 1158 bonitate
1505 1103 1759 1157 omnibus
1788 1101 2080 1172 apprOpin-

515 1205 650 1267 quat
684 1197 945 1250 Dominus
989 1208 1143 1247 :‘nos
1181 1207 1308 1246 vero
1347 1201 1689 1246 remos'emus
1723 1191 2083 1259 nosmetipsos

515 1304 612 1357 per
661 1299 964 1355 peccatum.
1007 1280 1144 1335 Ecce
1188 1283 1350 1344 enim,
1383 1281 1592 1349 inquit,
1627 1281 1714 1345 qui
1749 1279 1998 1348 etongant
2030 1296 2084 1332 se

517 1383 609 1434 abs
645 1390 711 1444 te,
741 1378 980 1446 peribunt
1015 1375 1081 1428 ⁸³.
1113 1375 1452 1442 Quapropter
1489 1371 1699 1442 Moyses
1738 1370 1849 1426 Deo
1884 1386 2084 1440 appro-

517 1473 778 1542 pinquare
801 1468 994 1524 dicitur
1013 1468 1092 1527 ⁸⁵ς
1123 1476 1178 1520 et
1205 1467 1249 1520 si
1279 1467 1370 1533 qui
1400 1464 1540 1518 alius
1563 1465 1612 1517 ei
1641 1463 1836 1519 similis
1861 1472 1965 1530 est,
1991 1477 2086 1525 per

517 1564 774 1633 praeclara
802 1562 1046 1617 facinora
1076 1570 1132 1615 et
1173 1560 1418 1612 actiones
1454 1557 1622 1611 bonas
1653 1555 1762 1610 Deo
1802 1571 1965 1624 pr0pe
1995 1570 2086 1607 ac-

519 1656 681 1710 cedit.
715 1654 841 1710 Haec
874 1663 1054 1706 autem
1093 1650 1260 1704 verba
1300 1647 1641 1718 prophetiam
1690 1647 1955 1700 adventus
1984 1647 2089 1700 Do-

520 1747 651 1800 mini
687 1745 866 1813 palam
899 1742 1202 1804 coutinent,
1251 1739 1708 1807 consentiuntque
1749 1739 2090 1807 cum'priori-

2186 559 2577 630 μικροπρεπὲς,
2601 559 2720 612 οὐδὲ
2744 562 2950 629 γήϊνον,
2976 561 3095 613 οὐδέ
3117 564 3370 615 ταπεινὸν
3391 562 3636 632 ἐπεζήτη
3647 579 3773 616 σαν.

2183 650 2280 702 Διά
2313 649 2468 702 τοῦτο
2501 651 2674 703 αὐτῶν
2718 650 3048 720 παρεδέξατο
3094 653 3192 724 τὴν
3239 653 3420 723 φωνὴν
3464 656 3493 706 ὁ
3533 653 3776 723 Κύριος,

2183 742 2278 794 καὶ
2301 742 2366 792 ἐκ
2409 739 2596 792 πασῶν
2627 740 2734 792 τῶν
2757 739 2987 809 θλίψεων
3020 742 3195 794 αὐτῶν
3221 742 3484 814 ἐρρύσατο
3527 743 3738 806 αὐτούς
3762 761 3777 772 ·

2184 834 2243 885 οὑ
2269 831 2518 885 τοσοῦτον
2542 831 2787 884 ἀπολύων
2807 832 3002 896 αὐτοὺς
3026 833 3133 886 τῶν
3157 835 3423 904 ὀχληρῶν,
3448 837 3572 887 ὅσον
3590 835 3782 906 κρείτ-

2185 940 2342 986 τονας
2401 922 2508 974 τῶν
2564 923 2965 993 συμϐαινόντων
3031 925 3474 990 κατασκευάζων.
3552 926 3782 995 Ἐγγὺς

2187 1019 2400 1084 Κύριος
2443 1015 2567 1081 τοῖς
2611 1017 3132 1086 συντετριμμένοις
3178 1017 3291 1084 τὴν
3337 1017 3628 1086 καρδίαν,
3675 1020 3781 1070 καὶ

2188 1110 2326 1174 τοὺς
2377 1107 2693 1174 ταπεινοὺς
2743 1108 2823 1172 τῷ
2858 1110 3144 1177 πνεύματι
3188 1108 3395 1170 σώσει.
3440 1111 3519 1180 Τῇ
3570 1108 3782 1162 ἑαυτοῦ

2189 1200 2480 1271 ἀγαθότητι
2537 1201 2698 1253 πᾶσιν
2759 1199 2993 1267 ἐγγίζει·
3047 1202 3391 1273 μακρὺνομεν
3437 1201 3492 1253 δὲ
3542 1202 3786 1263 ἑαυτοὺς

2192 1291 2349 1359 ἡμεῖς
2373 1290 2458 1342 διὰ
2485 1289 2584 1358 τῆς
2637 1287 2926 1359 ἁμαρτίας.
2972 1288 3123 1341 Ἰδοὺ
3157 1289 3295 1356 γὰρ,
3344 1289 3540 1358 φησιν,
3567 1289 3623 1339 οί
3662 1303 3786 1355 μαι·

2193 1381 2508 1448 κρύνοντες
2557 1379 2805 1445 ἑαυτοὺς
2863 1379 2981 1433 ἀπὸ
3033 1379 3169 1444 σοῦ,
3225 1379 3618 1434 ἀπολοῦνται.
3680 1378 3787 1430 Διά

2193 1470 2346 1523 τοῦτο
2395 1473 2629 1542 Μωυσῆς
2662 1473 2898 1541 ἐγγίζειν
2938 1471 3152 1539 λέγεται
3181 1471 3257 1540 τῷ
3285 1471 3401 1542 Θεῷ
3427 1490 3439 1501 ·
3477 1472 3574 1524 καὶ
3606 1471 3664 1523 εἰ
3695 1487 3782 1532 τις

2194 1562 2350 1625 ἄλλος
2397 1564 2768 1633 παραπλήσιος
2814 1563 3026 1634 ἐκείνῳ,
3056 1563 3122 1615 δι’
3168 1562 3638 1633 ἀνδραγαθήματα
3685 1564 3787 1616 καὶ

2195 1652 2421 1726 πράξεις
2461 1654 2668 1721 ἀγαθάς
2711 1657 2872 1723 ἐγγὺς
2905 1657 3110 1724 γίνεται
3153 1654 3246 1708 τοῦ
3288 1654 3443 1708 Θεοῦ.
3475 1657 3787 1726 Ἀντικρυς

2195 1747 2250 1799 δὲ
2300 1747 2636 1817 προφητείαν
2681 1746 2792 1817 ἔχει
2817 1749 2844 1800 ὁ
2890 1749 3045 1817 λόγος
3071 1748 3170 1818 τῆς
3207 1747 3498 1818 ἐπιδημίας
3531 1748 3630 1800 τοῦ
3665 1750 3785 1800 Κυ-

521 1838 641 1890 hus.
696 1836 810 1890 Illic
868 1836 1012 1889 enim
1068 1833 1350 1888 dicebatur
1398 1845 1413 1884 :
1457 1829 1642 1883 Vultus
1675 1828 1887 1882 Domini
1935 1845 2091 1897 super

2201 1839 2343 1909 ρίου,
2375 1839 2468 1891 καὶ
2515 1838 2800 1908 σύμφωνος
2842 1839 2918 1908 τῷ
2963 1841 3274 1910 προάγοντι.
3318 1839 3467 1892 Ἐκεῖ
3517 1841 3620 1909 μὲν
3670 1841 3786 1910 γὰρ

522 1929 770 1997 facientes
799 1929 971 1991 mala,
1004 1928 1106 1980 hoc
1137 1934 1239 1992 est,
1294 1924 1412 1991 ejus
1443 1925 1495 1977 in
1525 1923 1730 1991 judicio
1764 1933 2088 1987 conspectus

521 2021 591 2075 ad
609 2020 1024 2088 disperdendam
1057 2034 1272 2073 omnem
1299 2018 1640 2084 iniquitatem
1669 2016 1796 2067 tiet:
1825 2015 1914 2068 hic
1941 2029 2089 2079 vero,

524 2109 696 2178 Prope
723 2120 797 2163 est
841 2111 1092 2162 Dominus
1127 2109 1193 2160 iis
1225 2107 1313 2176 qui
1359 2109 1583 2158 contrito
1624 2115 1744 2158 sunt
1775 2105 1951 2168 corde,
1988 2105 2094 2157 Do-

526 2201 655 2254 mini
690 2201 740 2254 in
773 2213 939 2254 carne
965 2201 1252 2254 adventum
1281 2197 1627 2266 praenuntiat,
1660 2195 2094 2264 appropinquan-

528 2301 634 2347 tem
659 2293 793 2362 jam,
821 2301 878 2346 et
907 2307 1011 2344 non
1049 2288 1235 2360 procul
1270 2289 1584 2342 distantem.
1613 2287 1788 2355 Atque
1821 2287 1983 2356 hujus
2013 2287 2090 2342 rei

529 2384 696 2438 faciat
731 2385 823 2438 tibi
875 2383 1032 2436 fidem
1077 2381 1361 2451 pr0pltetia
1419 2379 1614 2432 Isaiae:
1663 2376 1898 2445 spiritus
1951 2380 2092 2431 enim

525 2474 736 2529 Domini
766 2490 920 2543 super
950 2489 1029 2525 me
1060 2489 1078 2526 :
1116 2480 1324 2540 propter
1358 2471 1496 2540 quod
1535 2468 1680 2520 unxit
1713 2483 1792 2520 me
1823 2480 1842 2518 :
1870 2483 2094 2535 evange-

527 2567 694 2618 lisare
727 2564 1041 2632 pauperibus
1070 2562 1206 2614 misit
1252 2577 1329 2614 me
1350 2601 1363 2623 ,
1398 2575 1586 2612 sanare
1620 2558 1872 2610 contritas
1920 2559 2095 2620 corde,

526 2657 816 2726 praedicare
857 2654 1070 2723 captiuis
1111 2653 1487 2717 remissionem,
1537 2660 1586 2705 et
1630 2651 1782 2704 cwcis
1817 2650 1985 2705 visum
2029 2649 2096 2702 ⁸⁸.

529 2749 664 2804 Cum
719 2747 865 2801 enim
927 2747 1172 2801 medicus
1232 2747 1538 2798 mitteretur
1590 2742 1842 2797 contritis
1895 2742 2096 2804 corde,

529 2837 723 2904 Pmpe,
754 2837 950 2906 inquit,
981 2835 1233 2888 Dominus
1260 2843 1332 2888 est
1367 2847 1385 2884 :
1426 2833 1571 2886 vobis
1596 2832 1716 2886 dico
1748 2832 1840 2900 qui
1873 2831 2100 2885 humiles

528 2931 662 2985 estis
680 2971 694 2991 ,
719 2931 918 2999 quique
941 2928 1138 2983 fastum
1163 2937 1410 2982 vestrum
1425 2925 1784 2988 contrivistis,
1821 2939 1915 2978 vos
1941 2924 2098 2978 simul

532 3023 926 3087 laetificaturus,
954 3030 1010 3074 et
1053 3036 1148 3090 per
1189 3020 1442 3089 gaudium
1476 3033 1656 3072 rerum
1684 3018 1985 3072 futurarum
2035 3021 2098 3072 ad

533 3113 877 3168 tolerantiam
954 3112 1290 3166 inducturus.
1361 3110 1630 3163 Contritio
1681 3119 1861 3163 autem
1923 3107 2101 3162 cordis

2189 1928 2438 1996 ἐλέγετο·
2489 1931 2817 1997 Πρόσωπον
2866 1930 2974 1998 (‘27)
3023 1932 3242 1999 Κυρίου
3299 1929 3397 1984 ἐπὶ
3449 1930 3787 1996 ποιοῦντας

2191 2019 2684 2084 κακά’τουτέστιν,
2714 2021 2746 2089 ἡ
2787 2020 3070 2088 ἐπιφάνεια
3097 2022 3258 2075 αὐτοῦ
3291 2021 3433 2076 κατά
3462 2022 3562 2093 τὴν
3597 2023 3787 2092 κρίσιν

2194 2112 2284 2162 ἐπὶ
2308 2111 2597 2181 ἀφανισμῷ
2646 2114 2824 2181 πάσης
2864 2112 3126 2181 πονηρίας
3160 2115 3481 2183 γενήσεται·
3539 2113 3792 2167 ἐνταῦθα

2194 2200 2285 2266 δὲ,
2334 2202 2545 2270 Ἐγγὺς
2583 2207 2614 2256 ό
2663 2205 2875 2270 Κύριος
2916 2202 3040 2267 τοῖς
3086 2205 3610 2272 συντετριμμένοις
3670 2204 3792 2270 τὴν

2195 2291 2472 2361 καρδίαν,
2513 2293 2607 2364 τὴν
2667 2293 2958 2364 ἐπιδημίαν
3004 2293 3100 2362 τὴν
3149 2293 3243 2344 τοῦ
3301 2294 3506 2362 Κυρίου
3561 2295 3664 2364 τὴν
3731 2297 3793 2347 ἐν

2198 2387 2357 2454 σαρκὶ
2381 2385 2738 2454 προαγγέλλει
2757 2426 2771 2450 ,
2807 2384 3124 2454 ἐγγίζουσαν
3156 2384 3254 2453 ἤδη
3274 2423 3289 2446 ,
3323 2386 3416 2438 καὶ
3445 2386 3507 2437 οὑ
3561 2387 3792 2456 μακρὰν

2197 2476 2583 2547 ἀφεστηκυῖαν.
2622 2478 2731 2530 Καὶ
2761 2477 2917 2529 τοῦτό
2953 2493 3033 2528 σοι
3076 2475 3264 2528 πιστὸν
3297 2476 3360 2528 ὲκ
3396 2477 3495 2546 τῆς
3550 2477 3794 2529 Ἡσαΐου

2200 2568 2529 2636 προφητείας
2549 2569 2818 2634 γενέσθω·
2846 2568 3086 2636 Πνεῦμα
3119 2565 3226 2637 γὰρ
3257 2568 3476 2635 Κυρίου
3519 2567 3616 2619 ἐπ’
3654 2567 3788 2636 ἐμὲ,

2201 2649 2270 2707 οὗ
2307 2653 2512 2706 ἕνεκεν
2557 2655 2762 2721 ἕχρισέ
2800 2671 2906 2723 με·
2970 2655 3472 2724 εὐαγγελίσασθαι
3520 2657 3793 2724 πτωχοῖς

2201 2743 2547 2798 ἀπέσταλκέ
2590 2762 2700 2813 με,
2756 2746 2991 2801 ίάσαθιιι
3041 2749 3180 2812 τοὺς
3235 2736 3794 2817 συντετριμμένους

2203 2837 2314 2904 τὴν
2354 2835 2624 2905 καρδίαν,
2667 2837 2916 2902 κηρύξαι
2954 2836 3345 2904 αἰχμαλώτοις
3388 2838 3642 2905 ἄφεσιν,
3686 2842 3793 2894 καὶ

2203 2929 2450 2998 τυφλοῖς
2480 2929 2834 2996 ἀνάϐλεψιν.
2879 2927 3092 2996 Ἐπειδὴ
3139 2926 3247 2996 γὰρ
3295 2927 3476 2995 ἰατρὸς
3519 2929 3795 2982 ἀπεστέλ-

2202 3023 2322 3076 λετο
2377 3022 2484 3075 τῶν
2544 3021 3014 3093 συντετριμμένων
3067 3021 3164 3092 τὴν
3223 3020 3483 3091 καρδίαν,
3545 3021 3790 3090 Ἐγγεὺς,

2209 3117 2360 3185 φησὶ,
2424 3116 2633 3182 Κύριός
2677 3115 2870 3166 ἐστιν·
2915 3114 3043 3184 ὑμῖν
3083 3113 3224 3182 λέγω
3247 3117 3358 3176 τοῖς
3388 3117 3666 3176 ταπεινοῖς
3694 3115 3796 3166 καὶ

532 3205 851 3273 exstirpatio
885 3212 968 3256 est
1000 3204 1358 3258 humanarum
1388 3201 1803 3268 cogitationum.
1830 3200 1930 3265 Qui
1961 3215 2095 3266 pra:-

2204 3205 2550 3275 συντρίψασιν
2582 3202 2786 3256 ἐαυτῷν
2834 3204 2893 3254 τὸ
2937 3203 3188 3274 φρόνημα
3232 3203 3374 3272 (28),
3403 3203 3794 3272 εὐθυμοποιῶν

532 3298 706 3351 sentia
757 3293 1103 3362 contempsit,
1158 3307 1221 3345 ac
1255 3306 1314 3344 se
1374 3293 1483 3360 ipse
1524 3291 1615 3343 Dei
1665 3290 1873 3344 addixit
1916 3291 2099 3350 verbo,

534 3396 882 3456 mentemque
916 3398 1066 3438 suam
1100 3383 1166 3437 ad
1211 3398 1304 3436 eas
1351 3382 1712 3450 cogitationes
1757 3395 1880 3451 quae
1929 3380 2103 3433 homi-

534 3495 657 3535 nem
707 3486 998 3547 superant,
1031 3492 1094 3529 ac
1141 3480 1311 3543 magis
1354 3476 1547 3529 divinae
1583 3483 1737 3534 sunt,
1789 3475 2024 3543 appulit,
2059 3475 2101 3528 is

534 3575 723 3641 utique
758 3571 918 3623 fuerit
949 3570 1036 3636 qui
1063 3567 1353 3621 contritum
1385 3582 1477 3618 cor
1504 3566 1684 3629 habet,
1714 3567 1911 3634 quique
1943 3582 2098 3620 suum

535 3679 631 3718 cor
681 3662 1008 3716 sacrificium
1060 3659 1203 3729 quod
1261 3672 1291 3710 a
1348 3656 1573 3710 Domino
1629 3673 1730 3709 non
1788 3659 2100 3724 despicitur,

533 3755 734 3808 effecit.
775 3753 878 3806 Cor
906 3755 1042 3806 enim
1071 3752 1355 3806 contritum
1387 3759 1433 3801 et
1462 3748 1800 3801 Itumiliatum
1838 3747 1972 3801 Deus
2005 3765 2105 3800 non

537 3847 784 3915 despiciet
814 3847 880 3898 ⁸⁷.
907 3843 1077 3911 Prope
1099 3856 1170 3898 est
1196 3846 1358 3912 igitur
1387 3842 1640 3894 Dominus
1667 3841 1907 3893 contritis
1929 3841 2102 3906 corde,

537 3951 584 3995 et
614 3938 835 3992 humiles
861 3937 1051 4005 spiritu
1078 3935 1319 3989 salvabit.
1350 3933 1450 3998 Qui
1482 3933 1610 3985 nihil
1647 3934 1806 3985 habet
1834 3931 2103 3997 elationis,

539 4045 713 4098 neque
765 4031 835 4084 ob
884 4028 1049 4082 ullam
1097 4043 1210 4080 rem
1267 4027 1556 4078 humanam
1607 4023 1882 4090 superbit,
1924 4025 2013 4077 hic
2054 4034 2108 4078 et

539 4122 806 4178 contritus
842 4132 923 4174 est
962 4122 1143 4182 corde,
1176 4129 1229 4173 et
1262 4118 1478 4171 humilis
1511 4115 1723 4185 spiritu.
1766 4113 1862 4166 Est
1891 4115 2106 4180 quidem

539 4213 760 4270 humilis
797 4223 851 4265 et
890 4212 936 4264 is
974 4214 1063 4277 qui
1102 4216 1152 4262 in
1188 4223 1408 4277 peccato
1439 4209 1700 4270 ambulat,
1747 4221 1870 4261 cum
1919 4219 2109 4272 pecca-

543 4315 654 4359 tum
687 4305 931 4359 omnium
978 4303 1211 4356 maxime
1257 4300 1514 4354 humilem
1557 4302 1762 4354 reddat.
1804 4298 1938 4352 Hinc
1976 4298 2110 4351 dici-

541 4411 663 4450 mus
695 4395 1029 4450 humiliatam
1059 4406 1178 4447 esse
1204 4400 1260 4446 et
1308 4404 1427 4443 eam
1461 4403 1579 4457 qua:
1612 4401 1860 4455 corrupta
1897 4396 2002 4449 est,
2048 4400 2111 4439 ac

543 4486 873 4554 virginitatis
908 4483 1320 4537 sanctimoniam
1369 4479 1570 4532 amisit.
1613 4477 1703 4530 Sic
1744 4478 1991 4542 Amnon,
2025 4478 2108 4529 in-

2204 3294 2345 3361 ὑμᾶς
2376 3295 2468 3345 καὶ
2490 3296 2566 3354 εἰς
2593 3293 2968 3363 μακροθυμίαν
2991 3294 3197 3360 ἐνάγων
3219 3295 3284 3363 τῇ
3313 3295 3451 3364 χαρᾷ
3476 3293 3587 3346 τῶν
3618 3311 3797 3364 προσ⁴⁵

2202 3382 2540 3451 δοκωμένων.
2560 3383 2898 3454 Συντριμμὸς
2923 3383 2979 3434 δὲ
3003 3383 3230 3452 καρδίας
3255 3386 3398 3436 ἐστὶν
3424 3386 3450 3436 ὁ
3471 3387 3790 3453 ἀφανισμὸς

2203 3475 2309 3526 τῶν
2345 3474 2694 3544 ἀνθρωπίνων
2748 3474 3040 3544 λογισμῶν.
3092 3475 3148 3526 '0
3200 3479 3618 3546 καταφρονήσας
3676 3478 3794 3531 τῶν

2203 3567 2348 3636 τῇδε,
2379 3564 2471 3616 καὶ
2506 3563 2854 3627 ἀποδεδωκὼς
2879 3565 3068 3618 ἐαυτὸν
3102 3563 3179 3634 τῷ
3210 3565 3352 3633 λόγῳ
3383 3566 3474 3616 ’τοὖ
3505 3565 3664 3630 θεοῧ,
3693 3568 3795 3621 καὶ

2204 3657 2532 3727 ἐμπαρέχων
2565 3656 2756 3708 ἐαυτοῦ
2788 3656 2846 3707 τὸ
2877 3657 3201 3726 ἡγεμονικὸν
3231 3659 3338 3718 τοῖς
3387 3657 3526 3724 ὑπὲρ
3573 3659 3795 3728 ἄνθρω-

2207 3767 2305 3802 πον
2332 3750 2424 3800 καὶ
2457 3745 2745 3816 θειοτέροις
2787 3749 3077 3816 νοήμασιν,
3116 3741 3267 3811 οὗτος
3298 3747 3363 3800 ἂν
3399 3747 3483 3816 εἴη
3529 3748 3556 3798 ὁ
3604 3765 3796 3802 συντε-

2206 3835 2511 3911 τριμμένην
2558 3837 2693 3909 ἔχων
2744 3841 2843 3910 τὴν
2897 3841 3144 3910 καρδίαν,
3191 3841 3284 3894 καὶ
3336 3841 3564 3910 ποιήσας
3617 3842 3796 3911 αὐτὴν

2207 3934 2394 3987 θυσίαν
2420 3934 2518 3985 οὐκ
2542 3932 2969 4003 ἐξουδενωμένην
2995 3933 3098 3985 ὑπὸ
3133 3933 3226 3986 τοῦ
3262 3934 3486 4002 Κυρίου.
3525 3933 3799 4000 Καρδίαν

2205 4024 2316 4094 γὰρ
2345 4023 2454 4096 (29)
2501 4023 3010 4091 συντετριμμένην
3061 4023 3156 4075 καὶ
3203 4023 3718 4090 τεταπεινωμένην
3759 4025 3797 4080 ό

2209 4116 2352 4181 Θεὸς
2408 4118 2518 4168 οὐκ
2563 4113 2972 4178 ἐξουδενώσει.
3020 4113 3223 4180 Ἐγγὺς
3271 4110 3383 4168 οὖν
3416 4115 3633 4179 Κιῗιριος
3664 4115 3796 4179 τοῖς

2209 4205 2730 4273 συντετριμμένοις
2752 4203 2866 4270 τὴν
2892 4204 3160 4270 καρδίαν,
3186 4204 3284 4255 καί
3306 4204 3448 4266 τοὺς
3468 4205 3797 4268 ταπεινοὺς

2210 4296 2289 4361 τῷ
2325 4298 2612 4364 πνεύματι
2645 4293 2847 4347 σώσει.
2897 4293 2956 4347 '0
3005 4295 3169 4365 μηδὲν
3196 4295 3332 4364 ἔχων
3361 4296 3610 4368 ἔπαρμα,
3653 4299 3794 4368 μηδὲ

2211 4388 2424 4460 φρονῶν
2463 4386 2552 4439 ἐπί
2586 4385 2818 4439 τινιτῶν
2848 4386 3234 4458 ἀνθρωπίνων,
3274 4380 3429 4452 οὗτος
3471 4390 3564 4442 καὶ
3603 4407 3796 4442 συντε-

2213 4480 2511 4551 τριμμένος
2536 4479 2650 4531 ἐστὶ
2677 4483 2741 4550 τῇ
2775 4480 2988 4550 καρδίᾳ,
3014 4481 3105 4533 καὶ
3123 4481 3373 4543 ταπεινὸς
3396 4480 3474 4549 τῷ
3498 4481 3793 4551 πνεύματι.

542 4547 682 4648 quit,
715 4577 822 4629 vim
855 4574 1091 4628 Thamar
1127 4573 1365 4627 inferens
1390 4572 1456 4635 ⁸⁸,
1490 4569 1800 4623 Humiliavit
1839 4571 2006 4633 ipsam
2044 4568 2087 4599 ⁸⁹

2223 4573 2376 4625 Ἐστι
2410 4573 2506 4642 μὲν
2529 4573 2782 4635 ταπεινὸς
2804 4571 3092 4624 καὶὸκατά
3125 4572 3222 4640 τὴν
3257 4573 3530 4642 ἁμαρτίαν
3563 4574 3795 4642 1:09.206-

544 4669 864 4736 Quicunque
893 4665 1056 4734 igitur
1079 4664 1419 4717 altitudinem
1447 4678 1510 4716 ac
1532 4661 1914 4714 sublimitatem
1947 4661 2108 4713 animi

545 4759 801 4822 amisere,
839 4773 933 4828 per
968 4766 1250 4827 peccatum
1294 4755 1343 4806 in
1385 4764 1577 4805 terram
1615 4752 1827 4821 dejecti,
1865 4763 1916 4804 et
1955 4753 2110 4821 quasi

544 4848 830 4919 prostrati,
882 4861 986 4901 non
1045 4845 1205 4898 aliter
1251 4841 1557 4910 gradientes
1608 4856 1767 4909 quam
1811 4853 2105 4909 serpentes,

546 4939 909 5002 decumbunt;
938 4953 1168 5006 cumque
1196 4936 1356 4990 iidem
1392 4933 1540 4987 nullo
1574 4934 1732 4986 modo
1759 4936 2028 5002 surrigere
2053 4948 2110 4986 se

547 5031 778 5099 possint,
810 5028 1073 5080 humiliati
1106 5038 1228 5080 sunt
1256 5028 1496 5095 quidem,
1523 5040 1628 5076 non
1664 5032 1839 5076 tamen
1872 5025 2062 5091 spiritu
2095 5043 2106 5075 :

546 5139 652 5176 non
690 5122 833 5174 enim
866 5119 1146 5171 laudabilis
1168 5128 1249 5171 est
1278 5117 1487 5170 illorum
1518 5115 1812 5169 humilitas.
1851 5115 1948 5180 Qui
1987 5130 2114 5169 vero

547 5216 746 5268 habent
777 5213 999 5280 spiritus
1033 5213 1206 5264 sancti
1243 5211 1496 5275 gratiam.
1530 5208 1669 5263 haud
1704 5207 1850 5258 inviti
1882 5223 1938 5260 se
1973 5210 2113 5276 ipsos

615 5353 660 5384 “
695 5352 838 5405 Psal.
872 5369 1040 5419 Lnu,
1085 5354 1177 5407 27.

547 5438 678 5488 xxu,
708 5422 799 5476 29.

1252 5354 1295 5384 ⁸³
1327 5352 1498 5406 Exod.
1543 5366 1691 5414 xxiv,
1729 5347 1783 5399 2.

638 5575 728 5645 27)
772 5575 862 5628 Sic
897 5590 1022 5628 mss.
1049 5571 1325 5645 sex._Edili
1363 5570 1651 5645 πρόσωπον
1676 5571 1752 5623 δε.

639 5643 729 5716 28)
763 5646 894 5714 Reg.
935 5646 1120 5698 tertius
1137 5643 1212 5716 tu
1239 5643 1581 5716 φρονήματα.

615 5712 726 5788 (29)
752 5712 890 5788 iEdi'ti
920 5716 1047 5783 γὰρ,
1083 5713 1443 5788 φησίν.-1)οθει
1467 5712 1628 5788 φησίν
1661 5713 1711 5764 in
1734 5726 1865 5788 mss.

618 5779 726 5861 (50)
748 5787 821 5840 Ita
847 5779 1082 5856 qttittque
1098 5779 1232 5840 mss.
1269 5782 1406 5837 Εὐιιί
1430 5779 1549 5836 cum
1581 5783 1711 5854 Reg.
1745 5779 2112 5836 ἀπολώλασιν.

1887 5348 1931 5378 ⁸⁸
1981 5347 2082 5400 isa.
2128 5365 2238 5410 LXI,
2269 5349 2320 5400 1.

2223 4683 2408 4736 μενος,
2437 4665 2567 4716 διότι
2609 4662 2973 4731 ταπεινωτικὴ
3023 4661 3254 4730 μάλιστα
3302 4663 3517 4715 πάντων
3552 4664 3584 4732 ὴ
3616 4666 3802 4735 ἐιμαρ⁸

2217 4757 2325 4808 τία.
2361 4753 2510 4806 Καθὸ
2544 4753 2637 4804 καὶ
2673 4753 2770 4822 τὴν
2809 4750 3153 4822 ἐφθαρμένην
3195 4750 3288 4803 καὶ
3321 4751 3666 4804 ἀπολέσασαν
3705 4757 3796 4806 τὸν

2218 4846 2314 4913 τῆς
2348 4843 2642 4913 παρθενίας
2689 4841 2958 4910 ἀγιασμὸν
2997 4841 3222 4911 λέγομεν
3254 4842 3660 4895 ταπεινοῦσθαι.
3711 4845 3798 4904 Ὠς

2216 4938 2243 4988 ὁ
2295 4934 2538 5005 Ἀμνὼν,
2569 4935 2761 5004 φησιν,
2801 4933 3108 4997 ἐπαναστὰς
3149 4938 3214 5004 τῇ
3257 4934 3453 5004 Θάμαρ
3477 4976 3491 4999 ,
3534 4935 3797 4986 Ἐταπεί-

2218 5027 2641 5093 νωσεναὺτήν.
2673 5028 2825 5079 Ὅσοι
2860 5022 2951 5078 οὖν
2975 5027 3033 5078 τὸ
3059 5027 3346 5096 ἀνάστημα
3372 5027 3464 5078 καὶ
3496 5026 3558 5077 τὸ
3589 5025 3798 5095 δίαρμα

2220 5120 2316 5187 τῆς
2335 5118 2512 5188 ψυχῆς
2541 5118 2940 5170 ἀπολωλέκασιν
2973 5117 3104 5186 (50),
3133 5118 3235 5170 ὑπὸ
3262 5118 3358 5186 τῆς
3384 5116 3654 5184 ἁμαρτίας
3695 5135 3796 5169 κα-

2220 5209 2575 5279 ταϐληθέντες
2606 5209 2682 5269 εἰς
2711 5207 2834 5276 γῆν,
2856 5207 2946 5258 καὶ
2976 5208 3138 5259 οἱονεὶ
3164 5206 3558 5273 ἐδαφισθέντες,
3592 5207 3797 5269 ὁμοίως

2394 5347 2437 5379 ⁸⁷
2475 5344 2614 5397 Psal.
2642 5362 2691 5411 L,
2730 5345 2812 5400 l9.
2925 5345 2970 5375 ⁸⁸
2993 5345 3030 5397 ιι
3060 5345 3194 5414 Reg.
3220 5358 3340 5406 xm,
3369 5342 3452 5396 14.
3561 5343 3606 5373 ⁸⁵
3634 5343 3795 5397 Deut.

2223 5570 2340 5624 Mox
2370 5570 2505 5639 Reg.
2534 5571 2798 5624 secundus
2834 5573 3202 5640 συγκύπτουσι
3246 5570 3324 5630 δέ,
3349 5571 3642 5639 Aliquanto
3680 5584 3800 5631 post

2222 5657 2284 5694 ex
2317 5657 2441 5694 mss.
2476 5640 2566 5692 τοῦ
2605 5642 2915 5710 ΙΙνεύματος
2974 5644 3067 5696 τοῦ
3099 5642 3275 5710 ἁγίου.
3314 5643 3452 5696 Editi
3493 5655 3613 5694 cum
3663 5640 3797 5711 Reg.

2223 5722 2374 5768 sexto
2393 5712 2485 5764 τοῦ
2506 5711 2659 5778 ἁγίου
2687 5713 2825 5766 Πνεύ
2835 5731 3022 5782 ματος.
