4016 6460
214 388 312 441 581

1344 389 1625 447 HOMILIA
1664 390 1730 445 IN
1769 390 2100 446 PSALMUM
2141 392 2380 448 XXXIII.

3357 385 3462 441 38?.

214 500 291 568 τῷ
318 498 437 566 ὕφει
470 504 934 574 συμπορευόμενοι
962 503 1361 571 συγκόπτουσι,
1400 503 1473 575 μὴ
1510 505 1790 577 δυνάμενοι

1899 505 2214 571 humiliant,
2249 508 2647 576 subjiciuntque
2688 502 3034 558 inferioribus
3075 521 3089 556 :
3128 501 3329 572 quippe
3366 502 3458 567 qui

209 590 586 659 ἀνορθωθῆναι
634 597 713 657 εἰς
764 593 824 645 τὸ
864 594 1139 660 παντελὲς,
1185 592 1326 650 οὗτοι
1370 599 1789 651 τεταπείνωνται

214 680 337 747 μὲν,
371 682 444 759 οὐ.
463 686 569 755 μὴν
598 685 675 753 τῷ
705 682 1007 752 πνεύματι·
1048 688 1107 739 οὐ
1140 688 1247 757 γὰρ
1270 688 1525 756 ἐπαινετὴ
1551 689 1728 742 αὐτῶν
1757 690 1789 760 ἡ

209 775 559 837 ταπείνωσις.
594 776 746 827 Ὅσοι
770 774 825 827 δὲ
857 775 1068 847 ἔχοντες
1089 778 1187 849 τὴν
1212 778 1304 831 τοῦ
1345 779 1658 849 Πνεύματος
1696 779 1788 833 τοῦ

211 870 371 936 ἁγίου
441 871 619 939 χάριν,
666 870 880 936 ἑκόντες
933 875 1155 937 ἑαυτοὺς
1222 876 1637 929 ὑποταπεινοῦσι
1680 880 1792 939 τοῖς

210 950 651 1031 ὑποδεεστέροις,
707 964 845 1015 κατὰ
889 963 977 1016 τὸν
1023 964 1336 1018 Ἀπόστολον
1382 966 1627 1035 λέγοντες
1670 969 1787 1019 ἐαυη

208 1053 337 1113 τοὺς
391 1046 527 1103 εἶναι
564 1051 778 1115 δούλους
822 1054 980 1104 τινῶν
1010 1054 1065 1106 ὲν
1090 1053 1306 1126 Χριστῷ
1340 1057 1473 1127 (3|),
1519 1060 1610 1112 καὶ
1642 1059 1795 1113 Πάν-

209 1160 330 1195 των
390 1146 695 1213 περίψημα
765 1144 874 1209 ἓως
941 1144 1070 1212 ἄρτι
1096 1162 1108 1175 ·
1152 1148 1244 1199 καὶ
1290 1149 1476 1201 πάλιν⁸
1547 1151 1638 1215 Ὡς
1693 1164 1794 1203 πε-

204 1234 613 1303 ρικαθάρματα
652 1234 757 1288 τοῦ
813 1236 1043 1303 κόσμου
1082 1236 1481 1308 ἐγενήθημεν-ο
1540 1241 1589 1291 οἱ
1631 1258 1793 1292 πνευ-

212 1328 458 1397 ματικῶς
485 1330 552 1398 τῇ
590 1326 913 1381 ταπεινώσει
941 1329 1288 1399 κεχρημένοι,
1321 1331 1537 1385 πάντων
1567 1331 1793 1394 ἑαυτοὺς

208 1418 491 1483 ποιοῦντες
518 1421 796 1490 ἐσχάτους,
833 1420 919 1472 ἵνα
955 1420 1169 1474 πάντων
1202 1423 1405 1493 πρῶτοι
1441 1424 1703 1491 γένωνται
1736 1424 1793 1476 ὲν

206 1514 276 1582 τῇ
315 1511 559 1583 βασιλείᾳ
590 1514 697 1566 τῶν
731 1514 992 1585 οὐρανῶν.
1032 1513 1263 1575 Τούτους
1299 1515 1391 1566 καὶ
1437 1516 1727 1585 μακαρίζει
1765 1519 1793 1570 ό

207 1606 412 1677 Κύριος
438 1607 643 1673 λέγων·
687 1605 976 1672 Μακάριοι
1015 1608 1067 1657 οἱ
1098 1605 1318 1671 πτωχοὶ
1361 1603 1439 1669 τῷ
1480 1609 1787 1676 πνεύματι.

206 1697 439 1751 Πολλαὶ
481 1699 539 1750 al
570 1696 808 1763 θλίψεις
853 1693 971 1747 τῶν
1005 1694 1280 1759 δικαίων,
1330 1694 1425 1748 καί
1466 1694 1534 1748 ὲκ
1578 1697 1791 1750 πασῶν

205 1788 407 1841 αὐτῶν
436 1788 686 1855 ῥύσεται
716 1786 935 1854 αὐτοὺς
961 1789 992 1840 d
1018 1786 1250 1856 Κύριος.
1288 1786 1388 1839 Ἐν
1407 1786 1605 1850 παντί,
1635 1787 1788 1856 φησι,

1840 826 1845 829 .
1892 784 2029 837 hunc
2067 798 2228 850 usque
2268 784 2403 835 diem
2432 783 2511 848 ⁹¹;
2549 792 2603 836 et
2633 784 2826 837 iterum
2870 799 2883 833 :

1891 598 2046 667 juxta
2088 599 2401 665 Apostolum
2456 602 2638 651 dicant
2678 610 2797 651 esse
2831 610 2889 649 se
2927 594 3242 663 quarumvis
3282 591 3371 659 qui
3405 588 3460 643 in

1893 690 2107 745 Christo
2138 700 2285 753 sunt,
2314 691 2576 757 servos",
2605 700 2660 744 et
2682 688 2929 743 Omnium
2954 687 3374 756 rejectamentum
3396 682 3465 735 ad

2930 778 3203 848 Tanquam
3261 792 3463 844 purga-

1894 884 2064 925 menta
2090 872 2271 925 mundi
2297 872 2426 939 facti
2455 888 2633 924 sumus
2657 873 2725 925 ".
2760 871 2859 937 Qui
2891 870 3189 923 secundum
3212 866 3461 935 spiritum

1896 962 2201 1017 humilitate
2254 970 2503 1025 utuntur,
2542 976 2660 1014 sese
2700 962 2940 1013 omnium
2988 958 3195 1011 faciunt
3252 966 3466 1022 postre-

1894 1067 2032 1118 mos,
2070 1062 2130 1104 ut
2158 1055 2313 1119 primi
2338 1052 2392 1107 in
2428 1067 2591 1123 regno
2623 1049 2883 1104 cmlorum
2926 1051 3057 1103 liant
3089 1048 3154 1101 ".
3193 1044 3303 1099 Hos
3331 1059 3468 1113 prie-

1894 1143 2037 1197 dicat
2071 1158 2287 1211 quoque
2320 1146 2505 1198 beatos
2537 1143 2833 1205 Dominus,
2867 1143 3055 1195 dicens
3087 1157 3101 1192 :
3138 1139 3287 1193 Beati
3331 1151 3467 1204 pau-

1892 1251 2038 1302 peres
2064 1236 2251 1301 spiritu
2268 1235 2334 1287 9‘.
2360 1234 2548 1303 (Vens.
2566 1234 2682 1305 90.)
2718 1233 3275 1287 Multwtribulationes
3296 1228 3469 1299 justo-

1896 1341 2031 1387 rum,
2081 1336 2126 1377 et
2173 1340 2236 1377 ea:
2277 1328 2517 1379 omnibus
2562 1328 2645 1380 liis
2685 1326 2922 1377 liberavit
2953 1340 3039 1376 eos
3079 1322 3353 1375 Dominus.
3401 1318 3469 1373 In

1894 1416 2155 1483 omnibus,
2195 1417 2391 1485 inquit,
2445 1418 2605 1490 156
2647 1417 3041 1473 tribulationem
3082 1415 3333 1482 patimur,
3377 1411 3467 1465 sed

1893 1523 1997 1563 non
2037 1509 2410 1577 angustiamur
2435 1510 2504 1569 ".
2542 1509 2838 1580 Propterea
2884 1510 3047 1563 etiam
3082 1505 3340 1561 Dominus
3388 1506 3465 1557 ait

1893 1602 2171 1673 discipulis
2200 1603 2311 1659 suis
2361 1621 2373 1657 :
2426 1601 2493 1656 In
2539 1607 2733 1658 mundo
2774 1618 3073 1673 pressuram
3111 1599 3344 1660 habetis;
3375 1598 3467 1651 sed

1894 1696 2167 1763 conﬁdite,
2207 1714 2299 1767 ego
2331 1698 2430 1751 vici
2464 1696 2715 1750 mundum
2743 1698 2809 1751 “.
2839 1698 3024 1764 Quare
3058 1694 3101 1746 si
3133 1693 3355 1763 quando
3392 1691 3470 1741 vi-

1896 1784 2041 1837 deris
2075 1783 2252 1851 justos
2287 1786 2339 1838 in
2384 1786 2611 1853 morbis,
2646 1786 2699 1839 in
2740 1788 2985 1857 corporis
3024 1782 3467 1840 detruncationi-

208 1882 563 1949 θλιϐόμενοι,
610 1880 746 1935 ἀλλ’
776 1882 846 1933 οὑ
887 1880 1445 1949 στενοχωρούμενοι.
1492 1879 1594 1933 Διά
1636 1879 1790 1934 τοῦτό

1897 1874 2015 1939 bus,
2046 1876 2097 1928 in
2127 1876 2547 1945 prapinquorum
2583 1878 2895 1941 amissione,
2928 1862 2980 1932 in
3010 1876 3203 1947 plagis,
3229 1876 3280 1927 in
3317 1874 3470 1943 igno-

209 1988 343 2039 φησι
376 1972 468 2023 καὶ
495 1973 523 2022 ό
573 1971 775 2041 Κύριος
822 1974 931 2035 τοῖς
976 1971 1169 2024 ἑαυτοῦ
1221 1974 1523 2044 μαθηταῖς’
1576 1975 1677 2028 Ἐν
1714 1974 1794 2040 τῷ

208 2064 416 2130 κόσμῳ
440 2063 650 2130 θλίψιν
687 2061 872 2130 ἔχετε·
894 2062 1050 2115 ἀλλὰ
1065 2064 1353 2131 θαρσεῖτε,
1376 2066 1488 2133 ἐγὼ
1502 2068 1794 2133 νενίκηκα

206 2155 315 2208 τὸν
339 2157 590 2224 κόσμον.
634 2154 792 2206 Ὥστε
819 2156 912 2206 ὲάν
944 2154 1057 2224 ἴδῃς
1096 2154 1224 2207 ποτὲ
1266 2156 1323 2207 ὲν
1356 2156 1529 2219 νόσοις
1550 2197 1564 2219 ,
1597 2160 1653 2209 ὲν
1681 2158 1791 2228 (39.)

206 2246 489 2318 πηρώσεσι
520 2246 790 2317 σώματος,
820 2249 876 2299 ὲν
904 2245 1140 2316 ἀποϐολῇ
1166 2246 1274 2300 τῶν
1301 2248 1534 2311 οἰκείων,
1566 2250 1622 2299 ὲν
1656 2248 1793 2319 πλη-

206 2341 353 2406 γαῖς,
386 2342 441 2390 ἐν
476 2340 737 2409 ἀτιμίαις,
765 2341 821 2391 ὲν
853 2338 1000 2409 πάσῃ
1029 2337 1202 2409 ἐνδείᾳ
1233 2338 1325 2391 καὶ
1357 2339 1643 2409 ὑστερήσει
1681 2339 1791 2392 τῶν

204 2430 517 2499 ἀναγκαίων
546 2432 669 2493 τοὺς
697 2430 939 2494 δικαίους
969 2430 1330 2501 ὑπάρχοντας,
1374 2431 1676 2503 μνήσθητι,
1710 2434 1792 2485 ὅτι

204 2523 433 2577 Πολλοὶ
455 2525 514 2576 al
534 2524 771 2592 θλίψεις
789 2522 906 2575 τῶν
924 2522 1187 2588 δικαίων,
1220 2524 1316 2576 καὶ
1342 2524 1409 2575 ἐκ
1434 2523 1646 2577 πασῶν
1680 2525 1791 2595 (33)

203 2613 403 2667 αὐτῶν
434 2616 683 2682 ῥύσεται
712 2615 933 2679 αὐτοὺς
968 2618 999 2667 d
1028 2616 1259 2683 Κύριος.
1314 2618 1372 2668 Ὀ
1407 2616 1462 2667 δὲ
1500 2616 1671 2684 λέγων
1717 2619 1791 2689 μὴ

205 2706 434 2777 πρέπειν
464 2706 541 2776 τῷ
576 2706 766 2775 δικαίῳ
792 2706 888 2775 τὴν
927 2705 1124 2775 θλίψιν,
1165 2706 1316 2758 οὐδὲν
1362 2706 1546 2774 ἓτερον
1576 2707 1723 2774 λέγει
1758 2708 1790 2778 ἢ

209 2798 283 2868 μὴ
345 2797 603 2867 ἁρμόζειν
655 2796 732 2867 τῷ
781 2797 985 2867 ἀθλητῇ
1044 2797 1135 2849 τὸν
1205 2798 1630 2869 ἀνταγωνιστήν.
1701 2799 1792 2870 Μὴ

208 2889 607 2959 ἀγωνιζόμενος
634 2890 688 2942 δὲ
710 2892 737 2942 ό
765 2888 997 2960 ἀθλητὴς
1030 2890 1180 2953 τίνας
1213 2888 1323 2955 ἔξει
1370 2889 1477 2943 τῶν
1516 2892 1791 2960 στεφάνων

207 2982 305 3043 τὰς
354 2981 671 3045 ὑποθέσειςς
728 2981 865 3052 Ἤδη
917 2981 973 3034 δὲ
1023 2981 1279 3052 τέταρτον
1334 2982 1547 3051 λέγεται
1606 2985 1663 3036 ὲν
1714 2985 1791 3055 τῷ

204 3070 403 3139 ψαλμῷ
452 3071 643 3142 τούτῳ,
695 3070 815 3123 τίνα
861 3070 1059 3140 τρόπον
1104 3072 1209 3124 ἀπὸ
1252 3071 1481 3141 θλίψεως
1533 3074 1716 3144 ρύεται
1763 3078 1792 3129 ό

1898 1968 2100 2035 miniis,
2153 1969 2204 2023 in
2244 1970 2389 2023 omni
2447 1970 2626 2039 inopia
2676 1986 2739 2026 ac
2792 1986 2971 2026 rerum
3026 1966 3465 2025 necessariarum

1893 2069 2136 2128 egestate
2174 2060 2436 2125 detineri,
2470 2077 2676 2117 memor
2717 2063 2883 2117 lueris
2926 2065 3067 2133 quod
3120 2061 3306 2116 Multa:
3345 2065 3471 2113 sunt

1894 2151 2263 2206 tribulationes
2284 2154 2553 2220 justorum
2574 2192 2588 2217 ,
2616 2163 2662 2207 et
2695 2156 2834 2223 quod
2870 2170 2934 2208 ex
2959 2154 3199 2207 omnibus
3227 2155 3306 2205 his
3336 2152 3469 2204 libe-

1896 2245 2029 2299 rabit
2057 2262 2146 2301 eos
2177 2246 2455 2301 Dominus.
2499 2246 2598 2313 Qui
2631 2257 2810 2303 autem
2856 2248 2988 2302 dicit
3012 2248 3159 2316 justo
3192 2260 3296 2297 non
3336 2258 3470 2297 con-

1894 2337 2078 2390 venire
2109 2338 2515 2393 tribulationem
2538 2379 2554 2403 ,
2589 2338 2724 2393 nihil
2764 2339 2908 2392 aliud
2947 2338 3081 2392 dicit
3115 2337 3217 2392 nisi
3252 2322 3473 2389 athleta:

1896 2442 1999 2481 non
2048 2442 2351 2498 congruere
2377 2432 2771 2484 adversarium.
2821 2427 2928 2483 Sed
2976 2428 3201 2481 athleta:
3233 2438 3339 2478 non
3376 2424 3472 2476 de-

1894 2520 2124 2573 certanti
2149 2535 2269 2588 quae
2288 2531 2451 2575 erunt
2471 2522 2792 2577 occasiones
2810 2517 3176 2575 coronarum?
3199 2516 3315 2570 Jam
3342 2526 3471 2567 vero

1894 2624 2086 2678 quater
2110 2613 2163 2667 in
2194 2612 2297 2667 hoc
2324 2614 2535 2682 psalmo
2564 2614 2788 2678 dicitur,
2825 2627 2931 2683 qua
2969 2612 3181 2665 ratione
3206 2623 3300 2663 eos
3331 2620 3469 2676 quos

1895 2705 2155 2760 Dominus
2188 2705 2423 2759 liberare
2452 2705 2602 2771 vult,
2637 2720 2667 2759 a
2712 2704 3060 2759 tribulatione
3091 2702 3306 2757 liberet.
3350 2698 3471 2752 Pri-

1896 2798 2039 2849 mum
2087 2797 2231 2851 enim
2298 2794 2507 2866 (Vens.
2550 2796 2621 2867 5)
2679 2816 2691 2850 :
2753 2795 3025 2865 Exquisivi
3064 2794 3373 2855 Dominum,
3422 2800 3469 2843 et

1892 2889 2156 2942 exaudivit
2182 2905 2285 2955 me,
2312 2899 2361 2943 et
2388 2906 2453 2943 ex
2480 2890 2718 2943 omnibus
2754 2887 3183 2943 tribulationibus
3206 2885 3332 2939 meis
3365 2884 3470 2937 eri-

1891 2983 2007 3052 puit
2052 3000 2167 3047 me;
2216 2984 2456 3039 secundo
2494 2982 2684 3053 (Vsus.
2710 2982 2763 3052 7)
2801 3002 2812 3037 :
2842 2980 2947 3035 Hic
2973 2996 3171 3049 pauper
3201 2977 3469 3040 clamavit,

1891 3088 1939 3129 et
1970 3077 2225 3131 Dominus
2260 3079 2527 3131 exaudivit
2556 3094 2695 3141 eum,
2719 3086 2767 3133 et
2794 3092 2857 3128 ex
2887 3075 3126 3128 omnibus
3165 3070 3471 3123 tribulatio-

205 3163 408 3232 Κύριος
432 3202 445 3225 ,
476 3162 567 3225 οὒς
614 3166 706 3215 ἐὰν
744 3162 872 3235 θέλῃ
917 3164 1201 3234 ῥύσασθαι.
1253 3165 1473 3233 Πρῶτον
1509 3165 1604 3232 μὲν
1644 3166 1785 3236 γάρ’

1897 3168 2045 3220 nibus
2090 3169 2201 3237 ejus
2234 3169 2453 3222 salvavit
2480 3181 2639 3232 eum;
2688 3166 2845 3221 tertio
2877 3165 3062 3237 (Vens.
3093 3163 3177 3235 I8)
3212 3181 3225 3216 :
3258 3162 3470 3216 Clama-

219 3252 578 3320 ἰζξεζήτησα
611 3253 718 3305 τόν
755 3255 971 3320 Κύριον
994 3292 1008 3315 ,
1042 3254 1138 3306 καὶ
1173 3253 1478 3321 ἐπήκουσέ
1501 3272 1619 3322 μου
1644 3294 1657 3317 ,
1690 3256 1788 3309 καὶ

203 3344 272 3398 ἐκ
303 3344 516 3397 πασῶν
542 3343 660 3397 τῶν
700 3343 963 3412 θλίψεων
983 3362 1101 3413 μου
1138 3345 1433 3412 inpacati;
1458 3363 1562 3414 με·
1605 3346 1787 3400 δεύτε-

211 3454 299 3507 ρον
331 3437 386 3488 δὲ
434 3435 627 3489 πάλιν·
671 3431 857 3499 Οὗτος
888 3438 920 3488 ὀ
974 3435 1207 3503 πτωχὸς
1250 3436 1570 3503 ἑκέκραξε,
1619 3437 1717 3490 καὶ
1757 3441 1788 3491 d

206 3530 417 3595 Κύριος
437 3528 800 3594 είσήκουσεν
828 3528 1035 3591 αὐτοῦ,
1073 3528 1168 3581 καὶ
1190 3530 1257 3581 ἐκ
1281 3529 1493 3582 πασῶν
1516 3530 1634 3583 τῶν
1659 3532 1786 3585 θλί-

207 3623 369 3687 ψεων
407 3621 590 3674 αὑτοῦ
640 3620 874 3674 ἔσωσεν
927 3621 1145 3673 αὐτόν·
1191 3622 1285 3675 καὶ
1340 3623 1555 3691 τρίτον·

1895 3267 2075 3311 verunt
2099 3259 2236 3328 justi
2260 3300 2275 3325 ,
2306 3269 2353 3312 et
2386 3259 2644 3313 Dominus
2671 3259 2938 3313 exaudivit
2973 3275 3090 3321 eos,
3122 3269 3168 3309 et
3205 3272 3269 3309 es:
3294 3254 3465 3307 omni-

1896 3351 1989 3403 bus
2024 3352 2455 3406 tribulationibus
2490 3370 2670 3406 eorum
2724 3352 2965 3405 liberavit
3010 3366 3119 3403 eos.
3189 3343 3471 3401 Postremo

1896 3442 2085 3511 (Vens.
2118 3443 2247 3513 20):
2280 3442 2463 3496 Multa:
2494 3443 2857 3496 tribulationes
2885 3440 3172 3509 justorum,
3195 3450 3241 3493 et
3269 3437 3333 3492 de
3360 3452 3469 3491 ons-

1896 3534 2047 3587 nibus
2081 3534 2161 3585 his
2191 3534 2426 3586 liberavit
2462 3550 2545 3586 eos
2584 3532 2859 3585 Dominus.

1630 3623 1997 3692 Ἐκέκραξαν
2039 3627 2094 3677 οἱ
2156 3624 2404 3688 δίκαιοι,
2467 3624 2564 3677 καὶ
2600 3628 2632 3678 ό
2678 3626 2894 3693 Κύριος
2958 3623 3325 3693 είσήκουσεν
3359 3622 3467 3674 αὺ-

207 3709 344 3773 τῶν,
376 3713 471 3763 καὶ
494 3713 561 3765 ἐκ
588 3711 802 3766 πασῶν
824 3711 942 3767 τῶν
976 3714 1239 3780 θλίψεων
1267 3715 1466 3767 αὐτῶν
1531 3718 1825 3785 ἐρρύσατο
1866 3718 2117 3781 αὐτούς·
2166 3718 2258 3771 καὶ
2297 3718 2633 3771 τελευταῖον·
2676 3717 2906 3770 Πολλοὶ
2961 3720 3019 3769 al
3064 3716 3305 3781 θλίψεις
3341 3710 3466 3764 τῶν

207 3802 481 3866 δικαίων,
510 3804 609 3855 καὶ
637 3806 704 3857 ἐκ
741 3804 952 3858 πασῶν
994 3803 1192 3859 αὐτῶν
1227 3807 1479 3873 ῥύσεται
1510 3810 1733 3874 αὐτοὺς
1763 3814 1795 3863 d
1831 3811 2065 3879 Κύριος.

281 3892 366 3943 15.
399 3891 706 3945 Φυλάσσει
740 3895 956 3961 Κύριος
997 3894 1193 3948 πάντα
1242 3897 1314 3949 τὰ
1362 3896 1513 3951 ὀστᾶ
1559 3899 1788 3953 αὐτῶν·

208 3984 278 4037 ἐν
304 3983 373 4048 ἐξ
417 3983 614 4063 αρτῶν
650 3988 722 4039 οὑ
760 3988 1238 4055 συντριϐήσεται.
1299 3992 1533 4062 Πότερον
1576 3993 1655 4045 δεῖ
1701 3993 1792 4046 ἐπὶ

207 4077 309 4147 τῆς
343 4077 537 4143 λέξεως
578 4081 791 4148 μεῖναι,
828 4080 919 4131 καὶ
954 4081 1287 4151 ἁρκεσθῆναι
1316 4086 1379 4152 τῇ
1411 4086 1550 4137 κατά
1573 4086 1631 4137 τὸ
1658 4086 1790 4156 πρό-

211 4185 391 4239 χειρον
415 4169 831 4242 προσπιπτούσῃ
862 4172 981 4234 ταῖς
1000 4173 1187 4235 ἀκοαῖς
1216 4172 1373 4242 ἡμῶν
1389 4173 1586 4243 ἐννοίᾳ,
1618 4176 1698 4227 ὅτι
1726 4176 1792 4229 τὰ

208 4262 343 4314 ὀστᾶ
369 4262 560 4326 ταῦτα,
595 4263 662 4316 τὰ
686 4263 784 4332 τῆς
809 4263 1007 4333 σαρκὸς
1039 4264 1493 4333 ὑποστηρίγματα
1512 4305 1525 4329 ,
1563 4266 1622 4317 οὑ
1671 4283 1793 4317 συν-

206 4354 525 4425 τριϐήσεται
557 4354 662 4407 τῶν
688 4355 912 4408 δικαίων
938 4355 1025 4408 διὰ
1057 4355 1154 4426 τὴν
1188 4357 1339 4427 παρά
1364 4357 1457 4410 τοῦ
1483 4359 1687 4428 Κυρίου
1710 4360 1794 4411 δε-

207 4446 438 4515 δομένην
467 4446 648 4508 αὐτοῖς
681 4446 959 4517 φυλακήν;
997 4448 1106 4501 Καὶ
1140 4448 1366 4519 πότερον
1400 4448 1599 4512 ζῶντος
1634 4451 1792 4521 μόνον

209 4537 302 4588 καὶ
333 4538 389 4587 ἐν
432 4533 509 4604 τῷ
555 4533 652 4605 βίῳ
688 4537 1042 4605 τυγχάνοντος
1088 4538 1424 4609 ἁσύντριπτα
1463 4539 1555 4591 τοῦ
1586 4540 1791 4592 δικαίου

208 4627 611 4698 φνλαχθήσεται
641 4627 752 4697 (54)
777 4627 845 4679 τὰ
874 4629 1042 4693 bard;
1078 4630 1110 4700 ἢ
1147 4632 1240 4682 καὶ
1287 4631 1647 4695 ἀπολυθέντος
1696 4632 1789 4685 τοῦ

206 4718 406 4786 δεσμοῦ
442 4718 531 4770 τοῦ
548 4718 882 4787 σωματικοῦ,
914 4719 1080 4789 μηδὲν
1119 4721 1289 4772 αἴτιον
1321 4722 1787 4791 ἐπισυμὸήσεσθαι

207 4808 501 4879 συντριῦἧς
537 4809 613 4879 τῷ
651 4810 877 4879 δικαίῳ;
919 4812 1026 4863 Καὶ
1062 4812 1165 4882 μὴν
1194 4813 1361 4865 πολλὰ
1392 4815 1787 4885 μεμαθήκαμεν

206 4901 298 4951 ἐπὶ
324 4900 420 4967 τῆς
458 4901 651 4971 πείρας
695 4902 827 4954 ὀστᾶ
855 4902 1075 4956 δικαίων
1104 4908 1539 4976 συντετριμμὲνα
1561 4947 1574 4970 ,
1607 4908 1713 4961 τῶν
1735 4910 1791 4961 ἐν

206 4992 317 5051 τοῖς
373 4991 512 5061 ὑπὲρ
555 4991 655 5060 τῆς
698 4994 775 5055 εἰς
814 4994 1046 5064 Χριστὸν
1078 4997 1384 5067 μαρτυρίας
1438 4998 1790 5062 παραδόντων

210 5084 435 5145 ἑαυτοὺς
481 5086 751 5149 παντοίοις
782 5085 949 5138 εἴδεσι
996 5087 1357 5159 παθημάτων.
1400 5089 1536 5159 Ἤδη
1572 5092 1677 5162 γάρ
1708 5109 1790 5143 τι·-

207 5193 313 5229 νων
350 5176 458 5244 (35)
488 5178 581 5228 καὶ
609 5178 769 5247 σκέλη
800 5178 1068 5243 κατέαξαν
1102 5181 1149 5231 οἱ
1186 5179 1504 5243 διώκοντες,
1550 5183 1641 5233 καὶ
1685 5186 1793 5252 χεῖ-

278 5270 323 5299 θ⁰
359 5271 395 5321 ll
445 5271 570 5323 Cor.
622 5286 694 5330 IV,
738 5272 790 5329 5.
892 5274 933 5303 ⁹¹
989 5273 1005 5325 l
1055 5273 1179 5327 Cor.
1224 5289 1299 5339 tv,
1335 5274 1417 5326 15.
1515 5275 1558 5303 θ’
1594 5276 1719 5328 ibid.

207 5339 254 5371 ”
282 5339 434 5391 Joan.
476 5356 585 5403 xu,
630 5341 718 5394 3-5.

281 5434 390 5500 (51)
443 5434 593 5486 Facit
626 5449 772 5487 more
823 5447 919 5485 suo
949 5431 1322 5501 Combelisius,
1375 5434 1660 5501 utaliquid
1718 5436 1781 5488 ad

206 5507 491 5558 arbitrium
516 5520 669 5556 suum
698 5512 883 5555 mutet.
918 5500 1015 5555 Ubi
1057 5504 1217 5568 igitur
1252 5504 1476 5571 legimus
1500 5500 1561 5556 et?
1590 5506 1639 5556 in
1665 5506 1780 5555 edi—

212 5578 278 5627 tis
312 5580 433 5627 etin
464 5590 590 5627 mss.
628 5572 1098 5641 omnibusyrwdw
1131 5575 1186 5624 ὲν
1226 5572 1468 5641 Χριστῷ,
1500 5577 1617 5626 vult
1677 5575 1779 5640 legi

207 5653 456 5713 Oportere
488 5643 597 5695 τῶν
626 5645 681 5695 ἐν
715 5640 953 5713 Χριστῷ.
996 5640 1288 5711 Vulgatanr
1310 5640 1596 5697 lectionem
1653 5648 1783 5697 reti-

212 5717 438 5769 nendam
464 5730 582 5766 esse
618 5715 893 5767 duximus.

280 5784 391 5851 (52)
418 5783 556 5853 Editi
582 5783 756 5845 νόσοις
783 5784 813 5853 ἢ
845 5786 921 5836 ὲν.
957 5782 1119 5836 Deest
1155 5782 1189 5853 ἦ
1221 5782 1270 5835 in
1306 5790 1509 5850 septem
1543 5799 1673 5837 mss.

280 5854 393 5925 (53)
438 5852 586 5926 ιιι-ευ
619 5856 807 5909 tertius
837 5864 892 5910 et
923 5864 1147 5923 quartus
1172 5852 1413 5919 δικαίων,
1441 5854 1553 5907 ἀλλ’
1582 5858 1644 5908 ὲκ
1680 5872 1783 5907 πα·-

1800 5276 1845 5307 ⁹³
1878 5277 2065 5335 Matth.
2100 5296 2191 5342 xx,
2226 5278 2309 5333 I6.

1966 3902 2053 3956 I3.
2091 3901 2252 3956 Vens.
2284 3901 2376 3956 21.
2422 3899 2662 3953 Custodit
2701 3899 2954 3951 Dominus
2987 3900 3163 3951 omnia
3208 3912 3328 3950 ossa
3377 3912 3469 3950 eo-

1895 4009 2032 4045 rum.
2058 4008 2219 4044 unum
2266 4007 2331 4043 ea:
2376 3991 2458 4043 his
2498 4007 2603 4044 non
2655 4001 2970 4043 conteretur.
3012 3988 3146 4043 Num
3184 3988 3237 4043 in
3286 3988 3470 4042 littera

1896 4086 2103 4139 haerere
2136 4090 2371 4151 oportet,
2406 4092 2459 4137 et
2509 4098 2570 4136 ea
2616 4082 2835 4135 notione
2875 4097 2997 4150 quae
3039 4082 3222 4135 statim
3259 4074 3468 4133 auditui

1897 4184 2082 4229 nostro
2120 4175 2380 4239 illabitur,
2439 4184 2747 4229 contentum
2807 4187 2964 4237 esse,
3022 4173 3162 4243 quod
3221 4172 3470 4227 videliict

1898 4266 2088 4319 istliaac
2111 4263 2380 4333 iustorum
2412 4280 2557 4327 ossa,
2593 4266 2771 4321 carnis
2803 4263 2970 4317 fulcra
2992 4305 3007 4329 ,
3038 4279 3143 4317 non
3180 4274 3471 4317 conteren-

1899 4366 1985 4410 tur
2016 4357 2085 4411 ob
2125 4358 2303 4411 datam
2336 4358 2436 4412 sihi
2469 4374 2498 4411 a
2540 4357 2770 4411 Domino
2798 4356 3135 4410 custodiam?
3182 4356 3247 4408 Et
3283 4362 3464 4406 utrum

1893 4449 2021 4517 justi
2051 4464 2192 4513 ossa,
2225 4450 2461 4518 quandiu
2498 4450 2647 4502 Vivet
2694 4450 2868 4501 solum
2901 4457 2953 4500 et
2994 4447 3045 4499 in
3080 4447 3189 4498 vita
3223 4447 3468 4500 diversa-

1899 4542 2062 4607 bitur,
2092 4543 2462 4596 custodientur
2492 4556 2519 4593 a
2548 4540 2787 4592 fractura
2817 4538 2961 4591 omni
2994 4538 3197 4591 illaesa?
3228 4554 3292 4590 an
3316 4537 3469 4605 jt:SIO

1898 4637 2059 4688 etiam
2094 4633 2358 4702 'corporis
2410 4632 2629 4685 vinculo
2688 4632 2960 4694 exsoleto,
3015 4630 3159 4683 nulla
3216 4629 3469 4684 frarmrze

1896 4742 2058 4781 causa
2090 4726 2267 4779 futura
2301 4725 2415 4778 sit?
2442 4724 2601 4790 Atqui
2624 4723 2960 4791 experientia
2986 4723 3274 4776 didicimus
3302 4724 3464 4775 multa

1894 4833 2014 4873 ossa
2042 4818 2334 4883 iustorum,
2366 4816 2456 4884 qui
2492 4830 2612 4868 sese
2646 4815 2928 4882 quibusvis
2955 4814 3337 4883 suppliciorum
3375 4831 3468 4882 ge-

1897 4913 2118 4965 neribus
2153 4926 2248 4977 pro
2290 4910 2416 4962 dato
2464 4909 2529 4961 de
2579 4908 2793 4961 Christo
2826 4910 3133 4960 testimonio
3170 4907 3461 4964 tradidere.

1898 5005 2132 5058 contrita
2171 5014 2332 5069 atque
2363 5002 2689 5054 comminuta
2718 4999 2901 5052 fuisse.
2932 4997 3049 5051 lani
3082 5000 3225 5049 enim
3256 5006 3307 5048 «ιι
3337 5013 3469 5062 quo-

1898 5098 2139 5146 rumdam
2198 5108 2357 5145 crura
2403 5090 2789 5158 confregernnt.
2840 5100 3254 5157 persecutores.
3307 5096 3466 5155 atque

1899 5201 2090 5237 manus
2127 5201 2188 5238 ac
2229 5185 2400 5251 capita
2444 5183 2609 5235 clavis
2640 5195 2781 5248 ssepe
2825 5179 3234 5232 transfixurum.
3283 5177 3341 5229 Et
3383 5186 3465 5226 ta-

2406 5276 2451 5308 “
2486 5276 2672 5327 Matth.
2713 5290 2765 5337 ν,
2816 5274 2869 5327 3.
2966 5272 3011 5303 "
3052 5269 3094 5323 ll
3127 5269 3253 5325 Cor.
3300 5286 3371 5331 tv,
3406 5268 3440 5322 8

1890 5439 2018 5491 σῶν.
2054 5440 2160 5494 Nec
2195 5442 2264 5494 ita
2315 5441 2483 5495 multo
2515 5449 2635 5506 post
2680 5438 2830 5491 Colb.
2869 5437 3072 5494 primus
3098 5437 3144 5487 εί
3179 5434 3253 5505 μὴ
3289 5434 3459 5504 ἁρμό-

1888 5508 2023 5572 ζειν.
2053 5510 2187 5569 Rau.
2218 5515 2407 5565 tertius
2438 5514 2485 5563 εί
2529 5510 2603 5580 μὴ
2635 5509 2708 5580 μὴ
2733 5507 3013 5579 ἁρμόζειν.
3039 5508 3140 5559 Alii
3176 5520 3302 5557 mss.
3336 5519 3458 5559 cum

1887 5584 2043 5653 εάιυξ
2079 5581 2109 5650 ἢ
2146 5582 2219 5651 μὴ
2251 5585 2385 5653 ἀρμο

1959 5651 2067 5718 (54)
2100 5649 2251 5704 cois.
2291 5649 2503 5719 primus
2534 5649 3001 5721 Quiaxeﬁaovtat._
3060 5714 3083 5721 _
3182 5712 3227 5721 __
3387 5713 3415 5721 __
3448 5709 3465 5721 ⁸

2115 5722 2186 5773 Ita
2226 5712 2355 5775 mss.
2400 5712 2556 5774 octo:
2590 5712 2725 5773 liilili
2755 5712 2913 5770 τινων
2945 5714 3145 5771 αὐτῶν.
3180 5712 3299 5770 Mox
3334 5712 3468 5773 editi

1886 5791 2171 5862 Καίτοιγε.
2203 5793 2362 5849 Deest
2396 5809 2459 5861 γε
2487 5792 2540 5846 in
2578 5792 2773 5847 nostris
2809 5803 2936 5843 mss.
