4016 6438
584 357 691 409 585

1925 356 1981 408 S.
2023 352 2265 406 BASILII
2299 352 2511 407 MAGNI

3749 356 3862 410 58.5

579 478 702 517 men
733 463 852 528 quis
883 463 1264 518 c'ontradicens
1312 464 1586 518 aﬂirmarit
1628 479 1720 519 eos
1763 467 1852 535 qui
1887 466 2141 534 martyrio

2253 483 2349 536 ρας
2384 466 2478 516 καὶ
2499 465 2738 534 κεφαλὰς
2776 464 3051 535 διέπειραν
3081 470 3190 529 τοῖς
3215 467 3362 537 ἥλοις
3387 463 3688 524 πολλάκις.
3721 467 3858 517 Καί-

579 553 930 608 consummati
972 561 1132 620 sunt,
1171 570 1276 609 non
1317 556 1556 610 omnium
1611 571 1732 611 esse
1777 557 2146 625 iustissimos?

576 639 684 694 Sed
723 639 1002 706 fortassis,
1051 645 1505 712 quemadmodum
1565 649 1727 703 homo
1777 649 1998 710 dicitur,
2042 650 2145 704 hoc

573 742 672 798 est,
718 734 897 786 anima
929 744 983 787 et
1026 750 1180 790 mens
1216 737 1482 805 humana,
1512 739 1586 794 ita
1616 750 1670 794 et
1700 741 1865 809 ipsius
1901 741 2140 796 membra

571 823 762 878 eodem
803 825 1023 880 nomine
1061 841 1124 881 ac
1169 827 1413 894 corporis
1458 839 1639 896 partes
1685 841 1966 883 vocantur.
2008 829 2141 885 Nam

572 930 714 986 saepe
762 917 1036 974 interioris
1088 921 1326 974 hominis
1375 924 1610 976 membra
1656 924 1934 992 Scriptura
1982 927 2145 979 nomi-

572 1019 704 1076 nat;
730 1020 787 1064 ut
814 1026 934 1065 cum
958 1013 1088 1065 dicit
1135 1034 1146 1068 :
1182 1010 1451 1083 Sapientis
1496 1016 1633 1067 oculi
1663 1015 1716 1066 in
1747 1017 1913 1083 capite
1934 1017 2045 1085 ejus
2063 1020 2139 1086 ’7;

570 1103 672 1157 hoc
719 1113 830 1168 est,
871 1103 1081 1158 occulta
1129 1117 1183 1160 et
1219 1109 1494 1161 recondita
1538 1107 1797 1175 sapientis
1845 1123 1987 1176 pars,
2020 1126 2144 1178 pro-

571 1194 692 1246 vida
722 1205 805 1248 est
831 1204 886 1248 et
921 1196 1334 1269 circumspecta.
1367 1199 1432 1250 Et
1463 1213 1650 1251 rursus
1676 1209 1783 1252 tum
1810 1203 1991 1255 carnis
2016 1217 2143 1255 ocu-

570 1283 651 1339 lus
682 1285 938 1341 similiter
981 1290 1133 1354 dicit,
1185 1305 1288 1341 nou
1331 1289 1504 1341 solum
1549 1290 1601 1343 in
1641 1305 1701 1343 ea
1750 1307 1912 1360 quam
1955 1293 2138 1345 attuli-

570 1393 692 1433 mus
723 1383 1013 1446 sententia,
1056 1382 1148 1434 scd
1189 1381 1353 1434 etiam
1403 1381 1493 1434 ubi
1539 1383 1634 1445 ait,
1667 1397 1994 1454 praeceptum
2043 1385 2142 1438 Do-

572 1474 704 1525 mini
747 1473 978 1526 lucidum
1027 1489 1176 1540 esse,
1228 1484 1279 1528 et
1323 1475 1636 1530 illuminaus
1668 1478 1856 1531 oculos
1889 1477 1954 1529 ’⁸.
2001 1478 2141 1543 Quid

571 1575 702 1613 vero
725 1570 936 1630 oportet
980 1563 1159 1617 dicere
1208 1565 1274 1617 de
1315 1564 1416 1619 hoc
1459 1583 1472 1618 :
1516 1565 1617 1632 Qui
1663 1568 1813 1618 habet
1856 1583 2009 1619 aures
2046 1583 2144 1620 au-

568 1652 769 1719 diendi,
800 1654 983 1706 audiat
1010 1653 1093 1705 "‘3
1123 1653 1472 1723 Compertum
1527 1667 1610 1710 est
1647 1657 1787 1710 enim
1830 1667 1884 1710 et
1927 1672 2146 1726 perspe-

566 1752 736 1807 Clum,
770 1742 1036 1811 aliquibus
1079 1744 1258 1799 inesse
1309 1760 1466 1799 aures
1504 1744 1756 1797 meliores
1796 1748 2136 1812 prastantin-

570 1847 797 1901 resque,
829 1849 947 1902 qua:
983 1834 1076 1888 Dei
1109 1835 1318 1904 possint
1345 1836 1507 1888 verba
1549 1835 1756 1888 audire.
1806 1836 1888 1890 Ad
1923 1851 2017 1891 eos
2049 1854 2143 1891 au-

572 1939 676 1983 tem
711 1926 801 1995 qui
832 1941 937 1980 non
968 1926 1168 1981 habent
1214 1928 1331 1981 illas
1359 1941 1519 1980 aures
1542 1967 1556 1990 ,
1599 1928 1727 1995 quid
1761 1928 1929 1983 dicit?
1955 1929 2138 1994 Sardi,

565 2021 770 2086 audite,
809 2030 857 2076 et
896 2025 1042 2087 cwci,
1079 2023 1323 2092 suspicite
1357 2022 1394 2074 ¹.
1453 2021 1612 2092 157
1647 2020 1779 2077 Item
1820 2041 1833 2076 :
1871 2023 1943 2076 Os
1976 2037 2142 2076 meum

565 2120 770 2180 aperui,
803 2124 848 2168 et
881 2117 1078 2168 attraxi
1117 2116 1359 2182 spiritum
1399 2116 1440 2169 ’.
1481 2116 1570 2180 Et,
1599 2117 1777 2170 dentes
1812 2124 2142 2184 peccatorum

565 2203 861 2258 contrivisti
882 2204 924 2258 ³.
949 2203 1079 2258 Nam
1117 2205 1233 2258 haec
1258 2205 1438 2258 omnia
1464 2206 1530 2261 de
1565 2207 1628 2262 iis
1655 2208 1795 2260 diota
1815 2213 1940 2259 sunt
1975 2204 2143 2258 facul-

569 2294 793 2359 tatibus,
821 2309 939 2362 qua:
975 2295 1210 2363 spiritali
1247 2296 1517 2351 alimonia:
1542 2313 1605 2350 ac
1633 2296 1890 2350 doctrina:
1913 2295 2140 2364 spiritali

565 2383 887 2438 inserviunt.
908 2384 1035 2439 Tale
1057 2397 1138 2439 est
1167 2395 1215 2439 et
1248 2386 1372 2438 illud
1404 2401 1418 2437 :
1455 2385 1696 2438 Ventrem
1723 2401 1896 2439 meum
1915 2386 2065 2439 doleo
2085 2388 2136 2452 ις

564 2485 642 2540 et,
674 2474 776 2531 I’es
802 2478 940 2548 justi
981 2495 1085 2531 nun
1120 2479 1368 2548 impinget
1406 2479 1448 2532 ⁸.
1484 2478 1674 2534 Omnia
1723 2479 1866 2532 enim
1921 2481 2044 2531 talia
2075 2481 2142 2533 de

565 2569 809 2626 interiori
841 2571 1064 2627 homine
1108 2572 1273 2626 relata
1311 2581 1459 2626 sunt.
1490 2571 1608 2627 Jam
1649 2587 1775 2626 vero
1801 2572 1953 2639 juxta
1994 2586 2143 2626 eam-

565 2662 688 2716 dem
726 2663 991 2716 rationem
1042 2663 1242 2718 fuerint
1281 2667 1446 2717 etiam
1485 2665 1730 2733 quaedam
1777 2664 2011 2718 hominis
2061 2663 2143 2717 in-

569 2755 709 2806 terni
741 2769 885 2818 ossa,
926 2757 1122 2823 quibus
1171 2756 1445 2822 colligatio
1483 2757 1878 2824 harmoniaque
1911 2757 2141 2809 faculta-

563 2853 677 2899 tum
709 2847 904 2900 animaa
943 2848 1269 2902 continetur.
1302 2847 1370 2900 Et
1398 2845 1852 2915 quemadmodum
1891 2862 2010 2900 ossa
2051 2845 2140 2898 tir-

565 2937 756 2990 IIIitate
778 2937 992 3006 propria
1016 2937 1388 2990 communiunt
1411 2935 1658 2990 carnium
1687 2937 2136 2991 teneritudinem:

567 3029 647 3082 sic
677 3037 730 3081 et
765 3028 817 3080 in
857 3026 1093 3081 Ecclesia
1117 3036 1244 3080 sunt
1270 3028 1511 3097 quidam,
1547 3029 1637 3097 qui
1671 3027 1740 3082 ob
1778 3029 2138 3083 constantiam

564 3133 719 3173 suam
766 3119 1024 3173 debilium
1067 3118 1470 3174 imbecillitates
1523 3117 1667 3175 ferre
1701 3129 1941 3190 possunt.
1981 3121 2046 3175 Et
2084 3131 2144 3177 ut

2249 573 2334 608 τοι
2363 555 2444 618 τίς
2487 557 2701 629 ἀντερεῖ
2736 555 2810 625 μὴ
2851 555 2970 624 οὐχὶ
3017 557 3232 611 πάντων
3280 553 3419 610 εἶναι
3457 555 3860 617 δικαιοτάτους

2249 647 2372 708 τοὺς
2400 647 2456 698 ἐν
2487 648 2564 718 τῷ
2590 648 2867 719 μαρτυρίῳ
2893 646 3371 716 τετελειωμένους;
3413 645 3582 698 ’Λλλά
3605 649 3855 714 μήποτε.

2249 734 2436 806 ὥσπερ
2459 737 2740 807 ἄνθρωπος
2769 735 3006 802 λέγεται,
3033 737 3328 800 τουτέστιν,
3353 739 3385 806 ἡ
3407 730 3559 803 ψυχὴ
3583 732 3731 799 (56),
3766 734 3857 781 καὶ

2248 831 2276 881 ὀ
2309 827 2430 890 νοῦς
2457 826 2842 900 ὀὰνθρώπινος
2867 844 2879 856 ’
2910 825 3052 879 οὕτω
3093 825 3186 876 καὶ
3229 828 3296 879 τὰ
3343 827 3478 898 μέλη
3518 824 3638 897 (37)
3685 820 3855 874 αὐτοῦ

2249 919 2553 987 ὁμωνύμως
2591 915 2911 987 ὀνομάζεται
2946 916 3079 987 πρὸς
3111 915 3178 967 τὰ
3202 915 3300 983 τῆς
3326 918 3534 988 σαρκός
3554 933 3568 947 °
3604 915 3690 978 ὡς
3722 912 3854 965 πολ-

2249 1010 2404 1074 λάκις
2425 1011 2680 1082 ὀνομάζει
2711 1011 2742 1080 ἡ
2777 1009 2816 1060 Γ
2821 1009 2964 1080 ραφὴ
3001 1008 3093 1062 τοῦ
3129 1007 3370 1077 κρυπτοῦ
3411 1009 3726 1080 ἀνθρώπου
3750 1047 3765 1068 ,
3799 1007 3855 1056 ἐν

2247 1104 2324 1174 τῷ
2353 1103 2528 1171 λέγειν
2552 1122 2566 1136 ·
2609 1103 2716 1158 Τοῦ
2739 1101 2934 1168 σοφοῦ
2960 1104 3011 1154 οἱ
3036 1097 3324 1168 ὀφθαλμοὶ
3353 1097 3423 1148 ἐν
3449 1099 3709 1167 κεφαλῇ
3741 1096 3854 1168 (58}

2248 1196 2432 1250 αὐτοῦ
2454 1213 2466 1226 '
2496 1197 2737 1250 τουτέστι
2768 1194 3124 1264 προορατικόν
3156 1195 3270 1244 ὲστι
3304 1188 3395 1242 καὶ
3427 1191 3855 1263 περιεσκεμμέ-

2247 1305 2336 1340 νον
2374 1287 2433 1338 τὸ
2490 1287 2727 1357 κρυπτὸν
2781 1284 2874 1336 τοῦ
2919 1283 3103 1349 σοφοῦ.
3151 1285 3259 1337 Καὶ
3305 1281 3465 1336 πάλιν
3519 1283 3854 1354 ὀφθαλμοὺς

2246 1379 2444 1451 ὁμοίως
2476 1379 2620 1448 λέγει
2649 1379 2769 1441 τούς
2788 1394 2847 1429 τε
2873 1376 2971 1445 τῆς
2998 1375 3174 1445 ψυχῆς
3222 1379 3313 1430 καὶ
3361 1376 3459 1446 τῆς
3494 1375 3715 1443 σαρκὸς
3739 1415 3755 1439 ,
3792 1376 3853 1426 οὐ

2251 1474 2408 1544 μόνον
2445 1474 2500 1524 ἐν
2599 1469 2948 1542 παρεθέμεθα
2993 1469 3156 1534 λέξει,
3208 1470 3321 1523 ἀλλ’
3368 1472 3425 1523 ὲν
3473 1467 3557 1537 τῷ
3607 1470 3855 1535 φάσκειν

2249 1566 2344 1636 τὴν
2378 1565 2592 1637 ἐντολὴν
2634 1563 2839 1634 Κυρίου
2873 1563 3113 1632 τηλαυγῆ
3161 1559 3295 1616 εἶναι
3347 1564 3442 1616 καὶ
3489 1559 3854 1632 φωτίζουσαν

2247 1655 2575 1726 ὀφθαλμούς.
2610 1655 2674 1707 Τί
2695 1654 2751 1707 δὲ
2792 1654 2873 1705 δεῖ
2904 1653 3079 1721 λέγειν
3111 1655 3237 1725 περὶ
3258 1654 3374 1720 τοῦ,
3421 1656 3482 1708 ’0
3511 1655 3686 1722 ἔχων
3730 1647 3855 1704 ὦτα

2248 1748 2511 1813 ἀκούειν,
2552 1745 2850 1808 ἀκουέτω;
2887 1746 3054 1817 Δῆλον
3075 1746 3206 1818 γὰρ,
3232 1748 3313 1800 ὃτι
3354 1746 3661 1813 κέκτηνταί
3703 1760 3855 1805 τινες

2173 1857 2214 1912 Β
2243 1838 2357 1897 ὦτα
2400 1843 2682 1913 κρείττονα
2725 1840 3000 1909 δυνάμενα
3029 1839 3247 1895 ἀκούειν
3289 1839 3462 1910 λόγων
3495 1839 3666 1894 Θεοῦ.
3705 1837 3853 1908 Πρὸς

2242 1936 2298 1990 δὲ
2325 1936 2450 1998 τοὺς
2479 1933 2553 2005 μὴ
2593 1933 2815 2003 ἔχοντας
2842 1935 3022 1987 ὲκεῖνα
3052 1934 3120 1988 τὰ
3145 1928 3259 1988 ὦτα
3306 1933 3346 1987 τί
3376 1951 3545 2004 φησιν
3570 1951 3584 1996 ;
3622 1935 3696 1986 Οἱ
3736 1949 3852 1985 κω-

2243 2028 2344 2098 φοὶ
2364 2067 2378 2092 ,
2404 2027 2735 2091 ἀκούσατε,
2773 2026 2873 2080 καὶ
2894 2029 2947 2081 οἱ
2973 2027 3213 2095 τυφλοὶ,
3250 2026 3652 2092 ἀναϐλέψατε
3678 2043 3695 2055 ο
3730 2025 3850 2084 καὶ,

2247 2121 2323 2176 Τὸ
2358 2121 2552 2191 στόμα
2576 2137 2695 2190 μου
2721 2119 2954 2187 ἤνοιεα,
2981 2117 3076 2171 καὶ
3107 2117 3364 2169 εῖλκυσα
3401 2116 3652 2182 πνεῦμα
3671 2133 3685 2144 ·
3731 2115 3850 2173 καὶ,

2243 2211 2509 2275 Ὀδόντας
2536 2208 2894 2278 ἁμαρτωλῶν
2917 2205 3302 2274 συνέτριψας.
3322 2203 3504 2258 Ταῦτα
3528 2204 3644 2274 γὰρ
3666 2204 3850 2255 πάντα

2242 2303 2455 2373 εἴρηται
2487 2301 2622 2372 πρὸς
2653 2300 2751 2362 τὰς
2780 2297 3156 2370 ὐπουργούσας
3175 2297 3432 2367 δυνάμεις
3459 2297 3556 2348 ἐπὶ
3584 2295 3696 2365 τὴν
3723 2311 3854 2365 νοη-

2239 2394 2338 2463 τὴν
2367 2391 2572 2462 τροφὴν
2603 2391 2696 2445 καὶ
2730 2390 2821 2444 τὸν
2843 2391 3029 2461 νοητὸν
3055 2389 3228 2458 λόγον.
3259 2388 3508 2442 Τοιοῦτον
3539 2388 3601 2441 δὲ
3637 2389 3745 2442 καὶ
3765 2389 3846 2452 τὸ,

2249 2485 2367 2553 Τὴν
2389 2484 2626 2537 κοιλίαν
2649 2500 2768 2552 μου
2807 2481 2999 2550 ἀλγῶ·
3038 2483 3130 2536 καὶ
3175 2481 3253 2547 τὸ,
3316 2483 3368 2530 ’0
3411 2481 3569 2548 ποῦς
3608 2482 3726 2535 τοῦ
3765 2481 3849 2532 δι-

2243 2577 2414 2630 καίου
2452 2576 2524 2629 οὐ
2549 2573 2633 2643 μὴ
2671 2575 3016 2643 προσκόψῃ.
3095 2574 3279 2627 Πάντα
3309 2571 3418 2643 γὰρ
3452 2573 3545 2624 ἐπὶ
3581 2571 3685 2624 τοῦ
3739 2572 3848 2624 ἔσω

2243 2668 2530 2740 ἀνθρώπου
2571 2667 2915 2721 κατείλεκται
2943 2666 3014 2720 τὰ
3051 2665 3293 2720 τοιαῦτα.
3327 2664 3488 2718 Κατὰ
3521 2664 3583 2717 δὲ
3614 2663 3715 2716 τὸν
3743 2667 3846 2718 αὐ-

2244 2762 2334 2816 τὸν
2365 2761 2520 2831 λόγον
2543 2763 2636 2815 καὶ
2665 2763 2798 2816 ὀστᾶ
2826 2778 2949 2816 τινα
2975 2761 3040 2816 ἂν
3066 2759 3158 2814 τοῦ
3188 2761 3244 2813 ὲν
3274 2759 3350 2831 τῷ
3371 2757 3626 2831 κρυπτῷ,
3662 2759 3730 2812 ἐν
3764 2754 3846 2821 οἷς

2243 2855 2271 2905 ὀ
2298 2853 2589 2926 σύνδεσμος
2612 2856 2704 2910 καὶ
2730 2858 2762 2926 ὴ
2789 2855 3021 2927 ἁρμονία
3043 2854 3152 2908 τῶν
3181 2854 3426 2925 ψυχικῶν
3449 2855 3570 2906 ἐστι
3605 2853 3726 2922 (39)
3757 2852 3846 2904 δυ-

2243 2946 2460 3015 νάμεων
2485 2948 2946 3017 συγκροτουμένη.
2973 2948 3082 2999 Καὶ
3100 2947 3288 3018 ὥσπερ
3316 2947 3382 2999 τὰ
3410 2946 3547 2998 ὀστᾶ
3571 2949 3642 3015 τῇ
3660 2945 3844 3012 οἰκείᾳ

2243 3038 2456 3110 εὐτονίᾳ
2509 3037 2618 3091 τῶν
2678 3038 2896 3108 σαρκῶν
2935 3038 3269 3106 περιστέλλει
3337 3037 3434 3106 τὴν
3481 3037 3839 3106 ἁπαλότητα,

2243 3129 2384 3186 οὕτω
2409 3133 2502 3185 καὶ
2519 3131 2576 3185 ὲν
2601 3133 2664 3202 τῇ
2681 3129 2977 3201 Ἐκκλησία
3011 3129 3116 3182 είσί
3135 3146 3298 3191 τινες,
3322 3130 3370 3181 οἳ
3389 3129 3478 3181 διὰ
3506 3129 3610 3200 τὴν
3627 3131 3843 3182 οἰκείαν

567 3213 709 3266 inter
731 3227 790 3266 se
818 3220 1214 3266 connectuntur
1244 3226 1390 3276 ossa,
1415 3227 1538 3265 cum
1565 3227 1660 3281 per
1689 3227 1882 3267 nervos
1905 3221 1959 3266 et
1987 3212 2140 3267 colli-

2249 3226 2574 3298 στερρότητα
2600 3224 2667 3278 τὰ
2698 3225 3045 3294 ὑστερήματα
3096 3221 3351 3275 δύνανται
3393 3221 3504 3273 τῶν
3549 3223 3845 3276 ἀσθενούν-

564 3304 806 3372 gationes
846 3318 940 3370 per
974 3313 1187 3355 artuum
1241 3304 1630 3358 commissuras
1683 3305 1825 3357 inter
1865 3318 1922 3356 se
1957 3305 2138 3357 adhaz-

565 3407 784 3450 rescunt
810 3415 821 3448 :
855 3397 926 3448 ita
948 3411 1162 3463 quoque
1195 3396 1358 3449 fuerit
1384 3396 1670 3448 charitatis
1701 3404 1754 3448 et
1777 3396 1924 3462 pacis
1955 3398 2141 3447 vincu-

565 3487 710 3552 lum,
770 3485 1171 3540 concretionem
1242 3486 1528 3552 quamdam
1589 3494 1644 3536 et
1701 3484 2136 3552 conjunctionem

565 3577 925 3645 spiritualium
975 3576 1178 3630 ossium
1228 3575 1279 3628 in
1326 3575 1418 3628 Dei
1469 3574 1710 3628 Ecclesia
1761 3573 2021 3627 elﬁciens.
2065 3573 2140 3627 De

565 3667 826 3735 ejusmodi
878 3667 1124 3730 ossibus,
1175 3665 1243 3719 ab
1281 3664 1563 3719 harmonia
1615 3663 1842 3727 solutis,
1889 3673 1943 3715 et
1996 3663 2142 3717 velut

565 3759 784 3820 luxatis,
819 3760 946 3812 dicit
972 3757 1243 3826 Propheta
1276 3775 1289 3810 :
1341 3756 1611 3823 Dissipata
1655 3765 1775 3807 sunt
1808 3770 1924 3807 ossa
1962 3764 2139 3806 nostra

567 3867 712 3906 secus
753 3851 1018 3919 infernum
1043 3851 1084 3903 ⁸.
1125 3849 1302 3918 Atque
1331 3849 1375 3903 si
1408 3862 1643 3917 unquam
1697 3846 1811 3900 haac
1851 3859 1972 3900 ossa
2006 3860 2138 3900 con-

569 3947 809 3999 turbatio
845 3943 1334 4013 conquassatioque
1360 3939 1800 4012 apprehenderit,
1830 3952 1995 3993 orans
2023 3939 2100 3992 ait
2124 3956 2137 3992 :

568 4036 716 4091 Sana
750 4053 866 4099 me,
901 4035 1158 4101 Domine,
1193 4035 1441 4102 quoniam
1492 4033 1804 4086 conturbata
1853 4040 1973 4085 sunt
2024 4047 2142 4084 ossa

565 4145 681 4181 mea
706 4129 745 4180 ⁷.
778 4127 876 4182 libi
911 4143 1037 4183 vero
1061 4129 1399 4182 harmoniam
1422 4127 1693 4194 propriam
1719 4125 2075 4186 servaverint,
2111 4138 2142 4176 a

568 4218 796 4274 Domino
825 4219 1115 4279 custodita,
1150 4233 1218 4270 ne
1244 4232 1408 4268 unum
1435 4216 1649 4281 quidem
1683 4229 1748 4268 ex
1781 4215 1864 4268 his
1891 4223 2141 4267 contere-

569 4321 678 4378 tur,
711 4311 803 4364 sed
833 4309 990 4378 digna
1017 4318 1160 4371 sunt,
1190 4323 1311 4374 qua:
1339 4306 1446 4360 Deo
1475 4306 1698 4375 gloriam
1727 4304 1987 4358 referant.
2017 4303 2143 4357 0m-

568 4408 656 4458 nia
705 4406 866 4469 enim,
917 4404 1111 4470 inquit,
1146 4419 1264 4454 ossa
1296 4417 1412 4453 mea
1464 4400 1633 4452 dicent
1684 4413 1702 4451 :
1752 4396 1997 4462 Domine,
2029 4395 2138 4449 Do-

568 4498 727 4558 mine,
766 4497 883 4565 quis
915 4495 1103 4547 similis
1143 4493 1235 4545 tibi
1259 4493 1314 4545 θῖ
1348 4492 1540 4545 Vidisti
1569 4489 1914 4544 rationalium
1936 4489 2138 4542 ossium

2245 3336 2350 3371 των
2387 3317 2692 3387 βαστάζειν,
2727 3317 2836 3368 Καὶ
2859 3315 3044 3385 ὥσπερ
3078 3313 3147 3367 τὰ
3190 3315 3324 3367 ὀστᾶ
3359 3314 3703 3368 συνάπτεται
3744 3316 3843 3368 ἁλ-

2244 3408 2423 3477 λήλοις
2447 3407 2588 3460 κατὰ
2623 3407 2718 3468 τὰς
2747 3404 3099 3477 διαρθρώσεις
3131 3422 3342 3476 νευροις
3384 3404 3477 3458 καὶ
3509 3405 3842 3477 συνδέσμοις

2244 3495 2658 3565 ἐπι-πεφυκόσιν,
2689 3493 2860 3557 οὕτως
2885 3493 2950 3546 ἂν
2982 3494 3065 3563 είή
3094 3495 3187 3546 καὶ
3205 3495 3232 3546 ὀ
3250 3495 3349 3561 τῆς
3370 3492 3596 3561 ἀγάπης
3623 3496 3723 3545 καὶ
3744 3494 3842 3561 τῆς

2245 3585 2464 3656 εἰρήνης
2483 3583 2795 3653 σύνδεσμος,
2813 3583 3086 3653 συμφυΐαν
3102 3580 3222 3633 τινὰ
3237 3585 3331 3633 καὶ
3346 3580 3539 3633 ἕνωσιν
3556 3580 3668 3632 τῶν
3684 3596 3842 3630 πνευ-

2249 3677 2491 3747 ματικῶν
2507 3676 2706 3728 ὀστέων
2735 3676 2792 3727 ἐν
2817 3679 2883 3745 τῇ
2901 3673 3196 3743 Ἐκκλησία
3219 3672 3312 3725 τοῦ
3331 3671 3464 3725 Θεοῦ
3488 3671 3837 3740 κατεργαζό-

2249 3786 2426 3840 μενος.
2446 3769 2518 3820 Πε
2529 3768 2580 3838 pl.
2599 3767 2800 3821 τούτων
2823 3767 2930 3819 τῶν
2950 3767 3151 3819 ὀστέων
3177 3765 3284 3818 τῶν
3305 3764 3582 3834 λυομένων
3605 3763 3720 3816 ἀπὸ
3741 3764 3840 3832 τῆς

2248 3858 2527 3930 ἁρμονίας,
2543 3859 2636 3911 καὶ
2651 3857 2811 3910 οἱονεὶ
2828 3855 2989 3928 ὲξάρθ
2998 3874 3104 3926 ρων
3124 3855 3446 3926 γινομένων,
3468 3856 3636 3924 φησὶν
3652 3857 3680 3908 ὀ
3699 3855 3828 3924 Epo-

2249 3951 2426 4022 φήτης
2446 3967 2459 3980 ο
2487 3949 3044 4017 Διεσκορπίσθησαν
3067 3947 3178 4018 (40)
3205 3946 3278 4000 τὰ
3304 3946 3456 4001 ὀστᾶ
3478 3945 3654 4015 ἡμῶν
3676 3946 3836 4013 παρὰ

2247 4044 2355 4096 τὸν
2392 4041 2566 4109 ᾅδην.
2597 4042 2704 4095 Καὶ
2735 4041 2828 4095 ὲάν
2855 4040 2984 4092 ποτέ.
3011 4057 3072 4107 γε
3119 4038 3329 4110 ταραχὴ
3376 4037 3516 4092 αὐτά
3553 4037 3652 4090 καὶ
3695 4055 3834 4106 κρα-

2248 4137 2451 4205 δασμὸς
2482 4134 2785 4207 καταλάϐῃ,
2824 4135 3113 4204 εὐχόμενος
3142 4132 3286 4201 λέγει
3307 4147 3319 4160 ·
3358 4132 3550 4185 Ἰασαί
3568 4148 3650 4200 με
3673 4169 3687 4190 ,
3721 4131 3834 4183 Κιὲο

2239 4245 2353 4294 pte,
2380 4227 2467 4280 ὅτι
2504 4227 2799 4292 ἐταράχθη
2825 4226 2895 4278 τὰ
2924 4225 3072 4278 ὀστᾶ
3093 4243 3230 4293 μου.
3270 4225 3435 4276 Ὅταν
3466 4223 3521 4275 δὲ
3553 4222 3705 4292 σώζῃ
3737 4222 3833 4289 τὴν

2246 4318 2448 4369 οἰκείαν
2489 4316 2770 4386 ἁρμονίαν,
2804 4315 3176 4383 φυλαττόμενα
3208 4313 3313 4365 ὑπὸ
3341 4313 3432 4364 τοῦ
3453 4313 3684 4382 Κυρίου,
3713 4310 3832 4361 οὐδὲ

2246 4411 2304 4462 ἒν
2337 4409 2515 4462 αὐτῶν
2551 4407 2995 4478 συντριϐήσεται.
3028 4405 3140 4459 ἀλλ’
3175 4405 3301 4470 ἀξιά
3337 4407 3453 4456 ὲστι
3499 4402 3659 4468 δόξαν
3706 4403 3833 4453 ἀνα-

2249 4503 2432 4572 φέρειν
2478 4499 2557 4568 τῷ
2595 4497 2733 4567 Θεῷ.
2781 4496 2983 4550 Πάντα
3028 4496 3172 4564 γὰρ,
3207 4495 3358 4564 φησὶ,
3405 4494 3476 4547 τὰ
3511 4491 3664 4547 ὀστᾶ
3712 4511 3831 4560 μου

569 4589 855 4644 naturam?
883 4587 1156 4643 Fortassis
1190 4599 1371 4640 autem
1397 4584 1637 4639 Ecclesia
1668 4583 1840 4651 possit
1867 4582 2051 4636 dicere
2078 4582 2139 4634 il-

2249 4589 2447 4656 ἐροῦσι
2469 4606 2480 4618 ·
2508 4589 2705 4656 Κύριε,
2739 4587 2912 4654 Κύριε
2934 4625 2948 4647 ,
2995 4586 3085 4651 τίς
3111 4586 3220 4654 (41)
3264 4585 3465 4654 ὅμοιός
3503 4599 3644 4644 σοι;
3678 4578 3832 4644 Εἶδες

637 4731 680 4760 ⁸⁷
715 4728 888 4782 Eccle.
925 4742 985 4789 ιι,
1030 4727 1116 4782 14.
1187 4727 1232 4759 ⁸⁸
1258 4725 1400 4779 Psal.
1427 4740 1580 4785 XVIII,
1610 4723 1663 4776 9.

571 4798 811 4854 ‘Jerem.
843 4814 916 4862 Iv,
942 4797 1028 4852 19.
1105 4798 1124 4828 ⁵
1161 4797 1318 4851 Prov.
1355 4812 1433 4859 III,
1461 4795 1550 4848 ‘25.

647 4919 759 4991 (36)
793 4918 886 4991 Sic
926 4934 1064 4991 mss.
1093 4928 1321 4991 septem.
1354 4917 1535 4970 Editio
1571 4915 1748 4970 Paris.
1780 4914 1967 4986 ὥσπερ
1991 4915 2018 4966 ὁ
2052 4914 2145 4968 ἄν-

570 4988 785 5062 θρωπος
802 4989 1017 5056 λέγεται
1047 4990 1080 5059 ἡ
1107 4989 1270 5058 ψυχή.
1306 4997 1410 5062 etc.

646 5062 759 5129 (57)
786 5054 932 5113 Satis
972 5054 1266 5113 verisimile
1308 5058 1477 5110 videri
1514 5066 1691 5125 potest
1740 5056 1879 5129 μέρη
1916 5071 2011 5122 pro
2047 5054 2146 5129 μέτ

573 5131 638 5200 λη
681 5125 959 5198 legendum
986 5145 1124 5183 esse.
1155 5132 1291 5198 Apte
1322 5129 1463 5182 enim
1491 5129 1745 5200 dicimus,
1772 5125 1956 5200 Partes
1983 5125 2147 5200 animi

571 5195 850 5268 pracipuos
884 5213 902 5250 :
942 5216 1044 5253 non
1078 5195 1222 5268 apte,
1261 5215 1361 5253 nec
1391 5199 1456 5251 de
1493 5213 1666 5257 more,
1697 5196 1931 5268 Membra
1961 5195 2144 5268 annui

571 5265 859 5338 pra'cipua.
896 5265 1270 5338 (Ionject'uram
1297 5268 1538 5336 adjuvat,
1569 5267 1712 5333 quod
1746 5265 2042 5338 Qornarius
2065 5265 2142 5338 ita

577 5335 772 5408 legisse
814 5335 1081 5406 putandus
1128 5341 1218 5401 sit,
1251 5335 1373 5391 cum
1423 5339 1652 5408 verterit
1687 5351 1699 5385 :
1759 5335 1949 5408 Partes
1977 5335 2142 5399 ipsius

580 5405 840 5483 [anima-1.
871 5410 1002 5483 Cum
1036 5420 1218 5483 tamen
1250 5410 1336 5483 hic
1374 5417 1565 5483 agatur
1599 5406 1666 5483 de
1697 5405 2142 5483 nomine_impro-

575 5473 697 5552 prio
725 5491 774 5535 et
802 5473 1104 5549 'azquivoco,
1140 5479 1355 5552 dubium
1391 5473 1500 5552 non
1530 5475 1971 5552 habemushquin
2009 5473 2140 5544 μέλη

580 5545 684 5607 hoc
715 5553 831 5606 loco
865 5545 962 5621 legi
1008 5559 1276 5620 oporteat.
1308 5548 1529 5621 Accedit
1557 5547 1700 5615 quod
1745 5545 1884 5615 μέλη
1911 5546 1962 5597 in
2013 5559 2141 5596 mss.

581 5623 805 5691 perinde
832 5620 989 5690 atque
1019 5623 1070 5673 in
1104 5621 1264 5674 editis
1295 5620 1612 5691 reperiatur.

650 5693 760 5759 (38)
823 5684 956 5745 Editi
1007 5700 1057 5743 et
1112 5691 1239 5759 Ριθδ.
1301 5684 1528 5759 quartus
1577 5689 1748 5759 ἐνίτῇ
1799 5684 2145 5759 κεφαλῇᾌΑι

580 5755 709 5816 mss.
746 5755 1000 5831 quinque
1053 5772 1107 5814 et
1144 5755 1332 5815 editio—
1362 5760 1598 5831 Romana
1658 5755 1989 5831 ὲνκεφαλῇ.
2021 5755 2144 5831 Mox

581 5834 709 5886 editi
764 5824 907 5904 λέγει
954 5831 1151 5902 ὁμοίως
1203 5831 1322 5892 τούς
1373 5846 1428 5881 τε
1478 5829 1577 5897 τῆς
1638 5828 1838 5898 σαρκὸς
1903 5824 1993 5877 καὶ
2039 5824 2143 5893 ψυο

1769 4724 1813 4754 ⁹⁹
1851 4721 1984 4775 Luc.
2018 4738 2136 4781 VIII.
2178 4721 2230 4776 8.

1629 4795 1648 4824 ⁸
1672 4793 1812 4847 Psal.
1844 4809 1966 4857 CXL,
2001 4792 2050 4848 7.
2126 4794 2145 4824 ⁷
2186 4794 2326 4849 Psal.
2360 4810 2433 4859 γι,
2474 4796 2527 4848 5.
2603 4796 2624 4826 ⁸
2656 4795 2772 4848 Ρυιι
2823 4809 3006 4850 xmv.
3041 4793 3127 4848 18.

2313 4725 2326 4754 ¹
2357 4725 2459 4781 Isa.
2488 4741 2618 4787 χιιι,
2654 4723 2738 4776 18.
2797 4724 2817 4754 ⁸
2845 4723 2982 4777 Psal.
3016 4738 3205 4787 CXVIII,
3253 4721 3372 4775 131.
3453 4720 3472 4751 ³
3495 4717 3641 4773 Psal.
3669 4735 3750 4779 ιιι,
3778 4720 3827 4774 8.

2255 4917 2377 4986 χῆς.
2407 4918 2479 4979 Δί,
2507 4933 2634 4972 mss.
2671 4928 2873 4985 septem
2907 4917 3002 4977 ita,
3042 4926 3101 4969 ut
3129 4920 3394 4986 edendum
3426 4929 3765 4986 curavunus.

2327 4989 2440 5056 (59)
2471 4989 2627 5041 Deest
2672 4984 2786 5038 ἐστί
2823 4989 2874 5039 in
2906 4988 3091 5039 multis
3138 5001 3266 5038 mss.
3302 4984 3436 5056 Mos
3489 4985 3622 5056 editi
3658 4984 3832 5052 οἰκείᾳ

2253 5053 2496 5128 δυνάμει.
2549 5062 2616 5109 At
2667 5075 2793 5110 mss.
2823 5067 3026 5128 septem
3054 5056 3230 5127 οἰκείᾳ
3264 5055 3496 5128 εὐτονίᾳ.
3527 5053 3832 5128 _Reg._lv-r.

2258 5131 2362 5183 tius
2390 5124 2463 5200 ’τῇ
2496 5129 2602 5198 ἰδία
2633 5128 2865 5200 εὐτονίᾳ.
2889 5124 3018 5200 Nec
3052 5129 3126 5200 ita
3169 5124 3337 5200 multo
3368 5124 3491 5190 post
3519 5124 3828 5200 identﬁcz.

2254 5194 2462 5254 tertius"
2485 5194 2606 5253 cum
2659 5194 2898 5251 editione
2943 5196 3106 5251 Basil.
3165 5195 3422 5249 δύνανται
3474 5194 3583 5246 τῶν
3635 5195 3827 5246 ἀδυνὰ-

2250 5287 2377 5322 των.

2321 5338 2432 5408 (40)
2456 5338 2526 5391 Ita
2560 5353 2857 5408 mssasex.
2895 5337 3034 5390 Editi
3072 5348 3125 5391 et
3169 5337 3321 5392 Coib.
3359 5335 3585 5408 quintus
3617 5331 3830 5408 et_LXX

2249 5403 2662 5479 διεσκορπίσθη.
2697 5407 2893 5462 Statim
2945 5423 3078 5462 mss.
3110 5409 3354 5477 quinque
3383 5405 3513 5456 ποτὲ
3549 5419 3636 5463 γε.
3676 5403 3832 5459 Deest

2287 5498 2312 5531 ε
2347 5481 2396 5532 in
2428 5481 2609 5532 editis.

2249 5498 2609 5618 γεᾶὶῗῗέόιιῗί
2649 5557 2702 5601 et
2762 5547 3301 5618 Colberliniitertius
3356 5555 3409 5598 et
3455 5556 3682 5618 quintus
3714 5559 3828 5618 cum

2250 5614 2426 5675 Coisl.
2446 5618 2638 5689 Κύριε,
2691 5620 2883 5690 Κύριε,
2913 5615 3390 5690 τίςη-ΥοινΚύριε
3433 5614 3604 5690 seIIIel
3639 5615 3832 5690 legitur

2256 5693 2306 5744 in
2331 5690 2490 5752 LXX,
2525 5685 2579 5744 et
2611 5692 2661 5742 in
2703 5685 2824 5741 aliis
2862 5703 2990 5740 mss.
3025 5687 3134 5743 Nec
3159 5685 3410 5742 dissentit
3433 5685 3688 5753 Vulgata,
3731 5685 3825 5738 Do-

2254 5764 2410 5826 mine,
2442 5761 2558 5829 quis
2595 5760 2782 5814 similis
2831 5759 2967 5813 tibi?
