4016 6464
183 420 292 476 385

1311 418 1589 472 IIOMTIJA
1629 415 1695 469 IN
1737 408 2071 466 PSALMUM
2113 408 2350 467 XXXIII.

3330 409 3433 463 386

186 533 418 602 λογικῶν
435 547 635 587 οστεων
660 549 851 601 φυσιν;
883 531 1035 603 Τάχα
1051 535 1095 588 δ’
1113 533 1178 587 ἂν
1203 533 1362 585 τοῦτο
1390 534 1423 602 ἡ
1467 528 1753 601 Ἐκκλησία

1865 525 1977 588 Ind,
2003 523 2192 577 Omnia
2210 540 2328 576 oua
2351 540 2462 577 mea
2488 522 2686 586 dicent,
2712 522 3003 576 secundum
3023 521 3434 576 resurrectionis

184 627 362 696 λέγοι,
418 627 510 690 τὸ,
547 624 748 678 Πάντα
784 624 853 678 τὰ
891 624 1041 679 ὀστᾶ
1077 643 1196 694 μου
1242 623 1476 691 ἐροῦσι,
1527 623 1670 678 κατὰ
1702 620 1764 673 τὸ

182 720 280 789 τῆς
309 717 657 778 ἀναστάσεως
688 718 1000 789 μυστήριον.
1048 716 1192 770 Τάδε
1236 715 1378 782 γὰρ,
1416 715 1566 785 φησι,
1602 712 1763 780 λέγει

183 813 400 877 Κύριος
436 808 560 873 τοῖς
578 807 813 875 ὀστέοις
840 812 1071 873 τούτοις
1093 826 1105 838 ·
1158 807 1304 860 Ἰδοὺ
1346 807 1459 876 ἐγὼ
1488 808 1645 876 φέρω
1681 808 1769 868 εἰς

180 898 336 970 ὑμᾶς
359 899 470 969 (42)
498 900 733 969 πνεῦμα
753 899 921 968 ζωῆς,
947 901 1045 954 καὶ
1072 898 1244 952 δώσω
1262 900 1354 967 ἐφ’
1378 900 1526 968 ὑμᾶς
1563 899 1768 965 νεῦρα,

179 991 280 1043 καὶ
311 989 514 1055 ἀνάξω
556 992 648 1059 ἐφ’
693 989 849 1059 ὑμᾶς
891 989 1123 1056 σάρκας
1181 988 1327 1058 (45),
1355 990 1448 1042 καὶ
1491 989 1768 1053 ζήσεσθε,

179 1081 281 1131 καὶ
329 1080 654 1150 γνώσεσθε,
706 1080 796 1132 ὅτι
837 1078 952 1147 ἐγώ
1005 1082 1122 1147 ειμι
1167 1081 1398 1146 Κύριος.
1450 1079 1636 1134 Ταῦτα
1676 1072 1772 1129 οὖν

177 1172 246 1225 τὰ
283 1173 436 1234 ὀστᾶ,
477 1171 821 1225 ἀπολαϐόντα
867 1170 965 1240 τὴν
1012 1169 1183 1240 ζωὴν,
1216 1171 1640 1242 εὐχαριστοῦντα
1685 1167 1765 1238 τῷ

1872 615 2211 685 mysterium.
2253 612 2377 666 Ha'c
2409 617 2568 677 enim,
2612 612 2805 681 inquit,
2840 612 2966 664 dicit
3011 612 3261 664 Dominus
3301 615 3434 666 ossi-

1865 710 1957 760 bus
1985 706 2104 759 Itis'
2128 750 2139 760 .
2170 703 2304 757 Erce
2322 722 2412 772 ego
2444 706 2554 774 fero
2593 706 2646 758 in
2681 721 2768 758 vos
2793 704 3033 770 spiritum
3054 705 3189 765 vitm,
3215 715 3261 756 et
3295 705 3433 756 dabo

1864 814 2020 865 super
2063 814 2150 851 vos
2201 813 2406 860 nervos,
2441 805 2489 848 et
2525 799 2769 849 reducam
2821 809 2976 862 super
3017 811 3102 846 ros
3140 811 3340 854 carnes,
3379 806 3429 846 et

1865 890 2062 947 vinetis.
2093 899 2140 942 et
2171 889 2491 958 (agnoscatis
2518 891 2657 956 quod
2689 902 2781 953 ego
2827 903 2942 939 sum
2988 886 3262 938 Dominus.
3310 886 3432 938 llaec

1868 983 2048 1050 itaque
2093 997 2240 1045 ossa,
2297 991 2572 1048 resumpta
2618 980 2748 1041 vita,
2792 979 3206 1034 resurrectionis
3248 992 3430 1030 eorum

1871 1074 2076 1127 auctori
2125 1076 2325 1141 gratias
2371 1072 2757 1142 persolventia,
2790 1070 2968 1125 dicent
3003 1087 3018 1124 :
3053 1070 3296 1133 Domine,
3329 1069 3434 1121 Do-

1873 1167 2038 1222 mine.
2064 1166 2178 1235 quis
2210 1166 2398 1219 similis
2433 1165 2570 1218 tibi?

175 1267 567 1337 ἀναστήσαντι,
617 1263 836 1335 ἐροῦσι·
897 1265 1108 1333 Κύριε,
1159 1265 1354 1331 Κύριε,
1422 1269 1513 1332 τίς
1567 1264 1771 1334 ὅμοιός
1810 1277 1909 1315 σοι
1942 1260 2100 1330 (44);

252 1359 336 1413 14.
357 1357 622 1431 Ἀκριόῶς
654 1359 976 1431 πρόσκειται
999 1359 1362 1427 τὸ,Θάνατος
1390 1359 1754 1432 ἁμαρτωλῶν

174 1449 439 1515 πονηρός
457 1465 472 1478 ·
511 1448 644 1502 διότι
670 1449 785 1504 ἐστί
819 1468 903 1514 τις
933 1450 1025 1504 ἐπὶ
1051 1450 1160 1503 τῶν
1187 1451 1407 1506 δικαίων
1441 1454 1669 1515 Θάνατος
1690 1453 1752 1504 οὐ

175 1538 411 1608 πονηρὸς
440 1539 538 1611 τὴν
569 1539 753 1610 φύσιν,
783 1542 898 1596 ἀλλ’
933 1542 1154 1611 ἀγαθός.
1189 1544 1250 1595 Οί
1291 1545 1397 1617 γὰρ
1443 1544 1753 1598 συναποθα-

173 1629 358 1693 νόντες
394 1630 472 1701 τῷ
503 1632 721 1702 Χριστῷ
764 1634 822 1685 ἐν
855 1633 1045 1702 ἀγαθῴ
1084 1633 1298 1704 θανάτῳ
1337 1637 1627 1703 γεγόνασι⁴
1660 1635 1753 1689 καὶ

171 1723 222 1773 οί
248 1721 610 1786 ἀποθανόντες
639 1726 702 1794 τῇ
737 1723 980 1795 ἁμαρτία
1021 1725 1113 1777 τὸν
1135 1726 1334 1793 ἀγαθὸν
1366 1731 1458 1781 καὶ
1487 1729 1751 1800 σωτήριον

172 1813 582 1883 ἀποτεθνήκασι
618 1815 868 1870 θάνατον.
925 1817 982 1870 Ὀ
1029 1817 1210 1887 μέντοι
1265 1819 1373 1871 τῶν
1415 1821 1754 1891 ἁμαρτωλῶν

172 1905 431 1974 πονηρός.
471 1906 786 1977 Διαδέχεται
819 1906 926 1980 γὰρ
959 1909 1158 1972 αὐτοὺς
1189 1911 1220 1979 ἡ
1253 1909 1364 1979 (45)
1406 1913 1643 1977 κόλασις,
1679 1911 1754 1975 ὡς

171 1993 380 2046 καὶτὸν
410 1994 661 2049 πλούσιον
689 1998 779 2050 τὸν
807 1998 1152 2068 ἐνδεδυμένον
1188 2001 1474 2071 πορφύραν
1503 2007 1596 2056 καὶ
1628 2003 1756 2073 βύσ-

173 2101 288 2145 σον,
321 2086 412 2138 καὶ
453 2088 878 2158 εὐφραινόμενον
921 2088 1042 2142 καθ’
1077 2089 1287 2162 ἡμέραν
1319 2090 1605 2163 λαμπρῶς.
1643 2092 1754 2147 Καὶ

170 2179 228 2226 cl
274 2178 602 2244 μισοῦντες
648 2179 756 2231 τόν
797 2180 1032 2233 δίκαιον
1077 2182 1643 2251 πλημμελήσουσιν.
1690 2183 1753 2235 Οἳ

172 2267 268 2320 καὶ
302 2267 389 2320 διὰ
414 2268 474 2321 τὺ
500 2272 556 2322 ἐν
590 2270 988 2341 πλημμελείαις
1023 2273 1122 2343 ζῇν
1158 2273 1376 2343 μισοῦσι
1403 2275 1494 2326 τὸν
1524 2275 1750 2328 δίκαιον

169 2359 248 2422 ὡς
290 2360 395 2414 ὑπὸ
425 2362 523 2432 τῆς
558 2364 615 2416 ἐν
646 2364 723 2434 τῷ
752 2366 937 2418 κανόνι
980 2365 1296 2436 εὐθύτητος,
1326 2365 1405 2435 τῷ
1435 2366 1621 2437 τρόπῳ
1658 2366 1752 2420 τοῦ

167 2450 414 2517 δικαίου,
467 2453 640 2518 οὕτως
677 2457 833 2509 αὐτοὶ
876 2461 940 2526 τῇ
990 2459 1288 2529 παραθέσει
1338 2457 1433 2510 τοῦ
1485 2458 1752 2528 βελτίονος

170 2543 537 2614 ἐλεγχόμενοι.
571 2547 681 2598 Καὶ
705 2546 838 2599 διότι
865 2549 922 2600 ἐν
946 2549 1245 2619 ἁμαρτίαις
1272 2547 1426 2611 ζῶσι,
1453 2549 1752 2618 μισητικῶς

167 2631 414 2699 διάγουσι
456 2635 588 2706 πρὸς
632 2636 721 2688 τὸν
753 2637 961 2690 δίκαιον
1009 2639 1158 2708 φόϐῳ
1210 2638 1315 2691 τῶν
1351 2639 1622 2709 ἐλέγχωνο
1660 2640 1752 2693 καὶ¹

165 2724 303 2776 διότι
330 2726 566 2795 μισοῦσι,
590 2729 750 2782 πάλιν
776 2729 1073 2802 ἁμαρτίαις
1094 2732 1317 2795 ἑαυτοὺς
1343 2732 1748 2803 περιϐάλλουσι.

167 2815 371 2869 ΙΙολλαὶ
405 2820 513 2889 γὰρ
557 2821 614 2872 αἱ
650 2822 953 2891 προφάσεις
997 2822 1064 2875 δι’
1097 2824 1165 2885 ἃς
1208 2823 1274 2876 ἂν
1310 2823 1562 2895 μισηθείη
1609 2827 1638 2877 6
1674 2823 1751 2876 δί-

167 2924 356 2970 καιος·
387 2910 420 2980 ἦ
463 2927 522 2962 τε
561 2913 844 2983 παρρησία
876 2915 906 2982 ἡ
945 2916 1003 2966 ὲν
1047 2917 1157 2976 τοῖς
1186 2915 1298 2984 (46)
1332 2915 1600 2985 ἐλέγχοις.
1648 2915 1749 2969 Μι-

168 2998 325 3052 σοῦσι
352 2999 461 3070 γὰρ
489 3003 546 3054 ἐν
577 3003 772 3066 πύλαις
805 3005 1116 3074 ἐλέγχοντα,
1145 3005 1239 3059 καὶ
1268 3006 1423 3074 λόγον
1453 3006 1596 3059 ὅσιον
1631 3007 1751 3076 βδε-

166 3089 477 3146 λύσσονται.
532 3093 642 3146 Καὶ
688 3096 720 3166 ἡ
773 3095 1115 3167 φιλοπρωτία
1163 3096 1220 3150 δὲ
1270 3098 1431 3168 καὶὴ
1490 3098 1750 3170 φιλαρχία
1779 3148 1821 3204 C

167 3183 398 3248 πθλλοὺς
431 3185 678 3255 ἐκίνησεν
708 3189 787 3250 είς
809 3188 868 3240 τὸ
899 3193 1076 3259 μισεῖν
1110 3191 1235 3253 τοὺς
1265 3192 1606 3261 κρείττονας·
1639 3193 1751 3246 ἔσθ’

166 3271 257 3322 ὅτε
291 3271 346 3325 δὲ
379 3274 471 3325 καὶ
515 3273 705 3342 ἄγνοια
735 3276 827 3328 τοῦ
862 3279 988 3348 περὶ
1035 3278 1128 3331 τοῦ
1170 3279 1380 3333 δικαίου
1427 3281 1606 3350 λόγου,
1659 3285 1753 3337 καὶ

166 3363 283 3428 τοῦ,
316 3365 398 3427 τίς
423 3367 451 3417 ὁ
479 3365 684 3431 δίκαιος
716 3369 847 3438 (47).
877 3370 1140 3438 Θάνατος
1176 3373 1539 3440 ἁμαρτωλῶν
1567 3390 1752 3443 πονη-

158 3456 296 3522 ρός.
349 3459 417 3509 Ἢ
465 3459 557 3511 καὶ
600 3461 697 3529 τὴν
744 3460 887 3531 ζωὴν
933 3463 1149 3517 ἃπασαν
1184 3463 1412 3517 θάνατον
1458 3467 1748 3537 ὀνομάζει·

167 3544 305 3597 διότι
353 3546 448 3617 τὴν
497 3548 674 3620 σάρκα
721 3550 925 3620 ταύτην
973 3551 1201 3606 θάνατον
1246 3555 1683 3627 προσηγόρευσεν
1723 3560 1752 3612 ὁ

181 3639 520 3704 Ἀπόστολος,
562 3640 728 3693 εἰπών
750 3660 764 3672 ·
801 3645 895 3709 Τίς
931 3663 1008 3712 με
1023 3646 1276 3712 ῥύσεται
1307 3647 1374 3700 ἐκ
1411 3648 1517 3702 τοῦ
1550 3649 1749 3719 σώμα-

165 3748 271 3796 τος
302 3733 406 3785 τοῦ
444 3733 703 3788 θανάτου
742 3737 955 3789 τούτου
975 3754 992 3800 ;
1023 3740 1083 3791 Oi
1115 3739 1171 3792 δὲ
1205 3739 1390 3802 κακῶς
1424 3743 1751 3812 κεχρημένοι

162 3823 244 3891 τῷ
275 3821 487 3893 σώματι
513 3825 705 3896 τούτῳ,
741 3828 835 3879 καὶ
864 3829 1043 3898 πάσης
1079 3831 1353 3899 ἁμαρτίας
1382 3832 1512 3885 αὐτὸ
1546 3834 1751 3905 ὑπηρε-

165 3915 294 3965 σίαν
323 3915 632 3986 ποιούμενοι
653 3961 666 3980 ,
699 3919 930 3988 πονηρὸν
957 3921 1168 3983 ἑαυτοῖς
1204 3922 1296 3974 ’τὸν
1327 3923 1554 3976 θάνατον
1583 3941 1752 3978 κατα-

165 4004 514 4066 σκευάζουσι.
567 4007 942 4075 Λιντρὼσεται
987 4012 1202 4078 Κύριος
1256 4013 1459 4079 ψυχὰς
1511 4014 1746 4068 δούλων

159 4095 375 4158 αὑτοῦ,
411 4098 505 4149 καὶ
548 4102 618 4152 οὺ
653 4099 739 4168 μὴ
785 4103 1290 4171 πλημμελήσουσι
1319 4103 1539 4172 πάντες
1566 4109 1621 4159 οἱ
1649 4105 1747 4159 ἐλ-

161 4181 439 4248 πίζοντες
485 4187 577 4238 ἐπ’
621 4189 781 4254 αὐτῷ
817 4191 949 4262 (48).
1015 4193 1231 4264 Ἐπειδὴ
1285 4193 1596 4263 κατείχοντο
1643 4196 1746 4248 ὑπὸ

159 4280 263 4347 τὴν
292 4279 670 4348 αἰχμαλωσίαν
713 4283 806 4336 τοῦ
842 4285 1036 4355 ἐχθροῦ
1079 4287 1126 4338 οἱ
1160 4285 1472 4350 κτισθέντες
1512 4286 1620 4355 (49)
1654 4287 1747 4339 ἐπὶ

1937 1358 2022 1412 14.
2046 1359 2313 1412 Accurate
2337 1354 2604 1425 adjectum
2631 1363 2714 1409 est
2740 1373 2754 1409 :
2781 1354 2949 1410 Vens.
2969 1353 3060 1407 22.
3088 1352 3231 1407 Mors
3254 1370 3436 1422 pecca-

1859 1462 2032 1506 torum
2073 1451 2235 1504 mala.
2265 1449 2398 1504 Nam
2431 1458 2513 1502 est
2541 1450 2781 1518 quaadam
2822 1465 2968 1504 mors
2995 1448 3289 1518 justorum,
3331 1465 3433 1500 tta-

1862 1551 1980 1597 tura
2012 1559 2114 1598 non
2147 1546 2308 1606 inata,
2339 1540 2431 1596 sed
2461 1539 2622 1594 bona.
2651 1538 2751 1606 Qui
2776 1540 2919 1595 enim
2945 1540 3162 1593 Christo
3191 1551 3436 1593 commo~

1863 1637 2094 1700 riuntur,
2138 1634 2190 1688 in
2229 1634 2368 1688 bona
2405 1638 2578 1686 morte
2627 1643 2947 1696 versantur;
2998 1638 3050 1683 et
3088 1631 3177 1700 qui
3229 1630 3429 1684 mortui

1862 1734 1996 1779 sunt
2035 1735 2279 1796 peccato,
2313 1727 2450 1780 bona
2492 1739 2552 1778 ac
2579 1722 2799 1779 salutari
2847 1733 3018 1778 morte
3049 1724 3241 1780 mortui
3281 1732 3428 1777 sunt.

1861 1818 1929 1872 At
1964 1832 2091 1872 vero
2135 1828 2477 1887 peccatorum
2526 1832 2673 1872 mors
2718 1815 2859 1870 mala
2899 1826 3004 1871 est.
3038 1817 3249 1884 Excipit
3279 1817 3426 1870 enim

1863 1908 1984 1963 illos
2026 1908 2370 1978 supplicium,
2438 1907 2590 1976 juxta
2640 1917 2802 1977 atque
2843 1909 3059 1963 divitem
3097 1924 3328 1977 purpura
3377 1918 3432 1961 ct

1861 2001 2021 2071 bysso
2048 2000 2312 2064 indutum,
2342 2007 2395 2053 et
2419 1997 2643 2068 singulis
2675 1999 2863 2053 diebus
2889 1998 3168 2067 splendide
3201 1998 3428 2064 epulan-

1862 2103 1968 2147 tem
2003 2091 2067 2146 ¹⁶ο
2100 2091 2164 2144 Et
2190 2094 2282 2162 qui
2308 2093 2528 2144 oderunt
2558 2090 2766 2160 justum
2791 2091 3111 2159 delinqueut.
3152 2089 3252 2156 Qui
3286 2092 3428 2157 quod

1863 2187 1913 2240 iu
1967 2184 2176 2240 delictis
2228 2184 2432 2248 vivunt,
2480 2183 2604 2237 odio
2661 2183 2861 2236 habent
2906 2181 3112 2249 justum
3163 2198 3177 2233 :
3230 2180 3430 2249 quippe

1862 2276 2098 2332 moribus
2125 2273 2256 2343 justi
2291 2283 2544 2342 tanquam
2590 2270 2787 2342 regula:
2831 2271 3149 2325 rectitudine
3200 2270 3286 2324 isti
3352 2270 3425 2320 ita

1860 2368 2273 2436 redarguuutur.
2329 2365 2568 2418 melioris
2619 2363 2825 2417 scilicet
2870 2363 3297 2432 comparatione.
3359 2361 3429 2412 Et

1858 2457 2112 2527 quoniam
2161 2457 2215 2510 in
2283 2454 2518 2524 peccatis
2577 2454 2798 2519 vivunt,
2854 2455 2978 2507 odio
3031 2465 3430 2522 prosequuntur

1853 2549 2094 2615 justum,
2127 2557 2346 2616 propter
2391 2545 2822 2615 nbjurgationum
2872 2547 3120 2598 timorem
3156 2562 3168 2598 :
3206 2553 3259 2598 et
3303 2545 3426 2613 quia

1858 2640 2115 2698 oderunt.
2148 2641 2339 2691 iterum
2369 2651 2488 2690 sese
2513 2639 2746 2704 peceatis
2766 2637 3065 2689 involvam.
3087 2637 3264 2690 Multm
3280 2636 3425 2691 enim

1859 2740 1981 2783 sunt
2014 2744 2210 2791 causa),
2237 2727 2305 2781 ob
2339 2727 2670 2796 quasjustus
2700 2726 2822 2779 odio
2851 2721 3425 2790 habeatur{nimirum

1858 2821 1944 2874 illa
1984 2820 2336 2890 redarguendi
2371 2820 2614 2873 libertas.
2655 2818 2789 2870 Odio
2823 2820 2964 2873 enim
3005 2820 3203 2871 habent
3237 2819 3423 2871 redar-

1855 2923 2104 2983 guentem
2135 2914 2186 2966 in
2218 2914 2388 2982 portis
2416 2913 2479 2974 “,
2503 2921 2555 2966 et
2581 2927 2888 2967 sermonem
2931 2921 3177 2965 sanctum
3210 2911 3424 2966 abomi-

1857 3016 2054 3059 nantur
2077 3007 2142 3057 ".
2181 3004 2414 3057 Ambitio
2451 3004 2572 3055 item
2602 3005 2798 3070 prioris
2827 3004 2950 3066 loci,
2981 3006 3427 3074 priueipatusqne

1857 3099 2140 3167 cupiditas,
2193 3098 2482 3150 umltorum
2543 3096 2705 3166 158
2760 3098 2880 3151 odia
2919 3098 2969 3150 in
3025 3098 3428 3166 praestauliores

1854 3191 2230 3252 concitarunt;
2275 3205 2661 3259 nonnunquam
2699 3190 2863 3242 etiam
2913 3189 3212 3257 ignorantia
3269 3189 3427 3242 fama:

1846 3284 1999 3352 justi,
2029 3294 2082 3337 et
2114 3285 2232 3353 quis
2261 3284 2550 3352 sitjustus.
2585 3280 2731 3335 Mors
2761 3294 3092 3346 peccatorum
3129 3283 3293 3335 mala.
3321 3283 3430 3336 Aut

1849 3377 2012 3429 etiam
2039 3378 2203 3429 vitam
2229 3390 2466 3440 omnem,
2497 3385 2724 3428 mortem
2755 3373 3004 3443 appellat,
3033 3375 3172 3442 quod
3203 3389 3423 3427 carnem

1851 3467 2286 3536 bancApostolus
2327 3477 2552 3521 mortem
2582 3478 2813 3529 voeavu,
2848 3466 3032 3520 dicens
3055 3467 3098 3498 “
3138 3488 3147 3520 :
3188 3466 3317 3532 Qui:
3348 3483 3430 3518 me

1851 3557 2092 3612 liberabit
2125 3559 2188 3611 de
2222 3575 2436 3626 corpore
2484 3559 2672 3611 mortis
2711 3559 2915 3626 hujus?
2962 3558 3062 3626 Qui
3106 3567 3281 3612 autem
3320 3559 3424 3612 boc

1850 3665 2078 3719 corpm-e
2111 3649 2248 3704 male
2280 3661 2527 3714 utuntur,
2559 3648 2902 3719 cﬂiciunlque
2931 3660 2988 3703 ut
3018 3661 3241 3716 peccato
3267 3651 3418 3704 omni

1854 3740 2130 3802 inserviat,
2174 3740 2367 3794 malam
2405 3741 2506 3794 sibi
2547 3750 2770 3794 mortem
2800 3739 3303 3808 prmparantﬂeus.
3331 3741 3423 3794 23.

1850 3828 2081 3883 Redimet
2124 3828 2378 3883 Dominus
2423 3831 2630 3882 animus
2659 3845 2925 3882 servarum
2961 3846 3201 3896 suorum,
3227 3840 3275 3884 et
3318 3847 3424 3883 non

1848 3922 2144 3989 delinquant
2177 3937 2352 3974 omnes
2378 3921 2466 3990 qui
2497 3931 2706 3989 sperant
2755 3921 2807 3973 in
2845 3937 2925 3973 eo.
2979 3919 3420 3989 Quandoquidem

1852 4012 1888 4066 ii
1917 4011 2008 4080 qui
2055 4009 2175 4063 ideo
2216 4012 2385 4064 creati
2426 4019 2581 4064 erant
2634 4021 2689 4063 ut
2726 4008 2953 4062 Domino
2980 4010 3279 4072 servirent,
3323 4012 3424 4062 sub

1853 4102 2059 4156 inimici
2090 4104 2350 4156 servitute
2380 4102 2780 4164 detinebantur,
2814 4102 3026 4154 illorum
3058 4101 3268 4154 animas
3299 4116 3424 4169 pre-

1855 4195 1992 4248 tioso
2028 4209 2126 4248 suo
2155 4196 2419 4263 sanguine
2453 4195 2698 4248 redimet.
2735 4194 3069 4260 Quapropter
3118 4193 3298 4247 nullus
3335 4209 3427 4246 eo-

1855 4301 1971 4340 rum
2004 4287 2092 4354 qni
2120 4286 2172 4338 in
2210 4286 2383 4355 ipsmu
2417 4296 2657 4354 sperant,
2694 4287 2743 4337 in
2778 4286 2985 4337 delictis
3018 4286 3338 4338 versabitur.

159 4372 240 4440 τῷ
271 4371 539 4425 δουλεύειν
566 4374 643 4444 τῷ
670 4377 874 4446 Κυρίῳ,
906 4377 1107 4429 τούτων
1138 4378 1235 4441 τὰς
1297 4377 1474 4448 ψυχὰς
1537 4378 1867 4450 λυτρώσεται
1910 4378 1989 4449 τῷ
2052 4379 2216 4449 τιμίῳ
2259 4377 2422 4431 αὑτοῦ
2458 4378 2670 4445 αἵματι.
2712 4377 2801 4428 Διὸ
2871 4377 3044 4439 οὐδεὶς
3079 4379 3136 4430 ἐν
3168 4378 3424 4450 πλημμε-

159 4466 339 4527 λείαις
373 4466 791 4539 ἐξετασθήσεται
829 4470 936 4522 τῶν
970 4471 1297 4534 ἐλπιζόντων
1339 4474 1425 4525 ἐπ’
1456 4473 1639 4527 αὐτόν.

236 4581 256 4610 ’
296 4581 491 4635 Ezech.
521 4597 727 4645 xxxv",
757 4584 810 4646 ὅ.
841 4584 893 4638 6.
972 4585 1015 4614 ¹⁰
1059 4585 1188 4639 Luc.
1227 4602 1335 4650 xvi,
1374 4587 1436 4640 I9

241 4767 354 4840 (43)
389 4767 479 4840 Sic
511 4783 693 4840 iussa
721 4783 908 4820 novem
963 4781 1016 4840 et
1053 4771 1220 4840 editio
1269 4767 1429 4823 Basil.
1472 4772 1540 4823 At
1574 4767 1742 4825 editio

165 4837 592 4921 Pa_ris.'tiberitts
619 4837 862 4921 ⁵σάρκας,
899 4839 995 4921 καὶ
1021 4839 1222 4921 ἐκτενῶ
1266 4840 1350 4921 ἐφ’
1369 4841 1523 4921 ’ύιμᾶς
1543 4841 1737 4921 δερμα,

163 4912 262 4963 καὶ
302 4905 462 4960 δώσω
514 4905 731 4977 πνεῦμά
767 4925 867 4977 μου
907 4911 983 4972 είς
1020 4911 1163 4979 ὑμᾶς
1186 4925 1198 4959 :
1224 4905 1320 4962 sed
1369 4905 1478 4974 illa,
1511 4905 1618 4963 καῖ
1643 4905 1738 4964 ’ἐκο

160 4979 328 5040 τενῶ,
361 4989 492 5038 etc.,
523 4993 802 5047 perperam
836 4980 903 5031 ab
943 4983 1134 5032 otiosis
1162 4995 1225 5032 ex
1253 4979 1466 5048 vulgato
1495 4981 1738 5050 Scriptu-

162 5066 243 5103 ra:
269 5057 414 5100 textu
456 5050 632 5100 addita
675 5064 790 5102 esse
819 5050 1164 5100 arbitramur.

241 5119 354 5182 (44)
379 5116 473 5170 llic
493 5133 677 5172 rursus
704 5120 827 5171 editi
847 5127 900 5170 et
920 5117 1072 5171 Colh.
1093 5119 1281 5171 tertius
1295 5134 1416 5172 cum
1439 5119 1603 5174 Coisl.
1622 5121 1737 5173 Κύ-

167 5205 276 5258 ριε,
311 5188 502 5257 Κύριε.
528 5186 744 5258 Itnrsus
768 5202 980 5258 quoque
1007 5189 1057 5241 in
1083 5189 1203 5239 aliis
1219 5202 1450 5253 quatuor
1469 5206 1598 5243 mss.
1630 5206 1732 5243 Vox

162 5257 342 5331 ᾕύριε
373 5257 538 5331 semel
566 5259 798 5331 pon_it_ur.
832 5257 1029 5331 Ibidem
1048 5258 1215 5331 editio
1235 5259 1403 5331 Paris.
1431 5260 1613 5331 ὅμοιός
1633 5277 1734 5314 σοι.

159 5326 405 5388 Θάνατος
431 5326 770 5398 ἁμαρτωλῶν
801 5327 1052 5397 πονηρός.
1070 5328 1361 5398 Ἀκριὸῶς,
1392 5326 1494 5384 etc.
1520 5331 1623 5384 Sed
1653 5347 1740 5383 se-

158 5409 312 5467 ptem
347 5411 473 5467 mss.
503 5410 558 5467 et
581 5400 745 5450 editio
781 5398 938 5449 Basil.
977 5399 1070 5461 ita,
1114 5402 1247 5451 utin
1284 5401 1734 5455 coutextu.Colb.

164 5465 361 5538 tertius
384 5465 600 5538 άληθῶς
641 5467 982 5538 πρόσκειται.

242 5536 354 5604 (45)
384 5535 454 5586 Ita
484 5535 712 5603 quatuor
763 5553 891 5590 mss.
941 5539 1098 5590 Deest
1136 5537 1399 5593 articulus
1439 5540 1492 5595 in
1551 5542 1734 5594 editis.

159 5608 289 5664 Mox
324 5605 488 5682 editio
529 5605 1204 5682 ίέιιίξε.πλημμελήσουσι.
1234 5609 1363 5662 Καί.
1400 5613 1470 5663 At
1502 5613 1740 5682 quinque

161 5693 299 5732 mss.
341 5678 434 5734 ita,
469 5676 540 5727 uti
572 5676 862 5731 edidimus.

238 5745 438 5820 (46)1ι;-ι
469 5760 600 5798 mss.
617 5748 879 5820 quinque.
908 5748 1048 5800 Editi
1066 5748 1346 5820 παρρησία
1359 5748 1419 5801 ἐν
1439 5752 1574 5812 τοῖς.
1595 5750 1743 5805 Scri-

160 5829 309 5886 ptor,
343 5816 728 5886 quisquisl'uit.
770 5833 890 5869 cum
921 5822 1100 5874 verbis
1126 5816 1383 5871 illis-usus
1406 5834 1508 5879 est.
1529 5820 1740 5872 Μισοῦω

162 5885 220 5939 σι
247 5893 354 5957 γαρ
387 5888 442 5938 ἐν
473 5902 528 5938 π.
557 5885 636 5937 ὲλ.
671 5889 971 5952 respexisse
998 5891 1209 5940 videtur
1248 5891 1310 5941 ad
1338 5891 1435 5943 Isa.
1468 5905 1617 5956 XVIX,
1655 5894 1739 5944 2i.

411 5979 678 6036 PnttOL.
727 5979 846 6037 (in.
901 5979 1140 6041 XXIX.

1538 4589 1576 4619 ”
1619 4587 1724 4644 lsa.
1777 4603 1928 4652 xxxx,
1959 4585 2048 4639 21.
2092 4587 2131 4616 ¹²
2177 4582 2279 4636 lsa.
2313 4598 2365 4644 ν,
2395 4582 2485 4637 24.

239 4696 449 4835 magna
474 4713 567 4750 sex
589 4714 717 4751 mss.
739 4697 951 4751 Atediti
979 4714 1100 4753 cum
1135 4699 1271 4753 LXX
1299 4699 1447 4771 φέρω
1465 4702 1549 4764 ἐφ’
1582 4702 1744 4771 ὑμᾶς.
1783 4705 1826 4760 D

241 4769 333 4835 (43
389 4767 479 4821 Sic
535 4783 662 4821 mss.
721 4783 908 4820 novem
963 4781 1016 4822 et
1053 4771 1220 4822 editio
1269 4771 1429 4823 Basil.
1472 4772 1540 4823 At
1574 4775 1742 4825 editio

2564 4581 2607 4612 ¹³
2649 4582 2805 4636 Rom.
2857 4598 2951 4644 vti,
2981 4581 3070 4636 94.

1927 4700 2038 4769 (47)
2074 4699 2216 4752 Inter
2248 4713 2461 4760 causas,
2498 4696 2920 4769 obquasjnstus
2949 4700 3074 4751 odio
3113 4700 3294 4754 baberi
3329 4719 3423 4756 so-

1856 4767 1947 4828 let,
1969 4767 2278 4823 recenselur
2294 4769 2483 4836 ἄγνοια
2505 4768 2598 4820 τοῦ
2631 4771 2759 4836 περὶ
2786 4767 2878 4819 τοῦ
2900 4768 3111 4822 δικαίου
3137 4771 3296 4837 λόγου
3331 4777 3425 4828 καὶ

1849 4841 1965 4904 τοῦ,
2001 4839 2082 4902 τίς
2103 4842 2130 4891 ὁ
2158 4839 2385 4900 δίκαιος,
2409 4839 2498 4890 illa
2526 4841 2783 4907 ignoratio
2805 4855 2921 4906 qua:
2942 4845 3004 4890 sit
3023 4842 3252 4908 justitia’
3285 4858 3420 4896 ratio

1848 4923 1893 4963 et
1929 4914 2042 4979 quis
2062 4912 2249 4970 iustus.
2284 4909 2492 4961 Manu.

1921 4977 2031 5046 (48)
2059 4983 2147 5032 Sic
2171 4989 2372 5046 septem
2406 4995 2535 5031 mss.
2565 4980 2634 5031 At
2664 4977 2790 5031 editi
2827 4993 2948 5031 cum
2975 4995 3081 5033 uno
3114 4992 3206 5035 aut
3239 4983 3419 5038 altero

1847 5067 1947 5103 ms.
1983 5049 2066 5101 ἐπ’
2097 5048 2276 5101 αὐτόν.

1917 5120 2028 5228 (49)
2050 5118 2288 5182 Utraque
2305 5118 2469 5171 editio
2483 5128 2535 5172 et
2551 5118 2712 5171 Basil.
2733 5131 2785 5176 et
2803 5121 2978 5177 Paris.
2997 5123 3318 5184 coniunctim
3351 5125 3423 5177 οί-

1917 5187 1994 5228 ,κη
2030 5207 2151 5228 ψην-
2205 5187 2360 5228 IIqu
2387 5190 2707 5228 inlnrnn-Iac
2785 5190 3202 5228 ΠΙὸιινᾶηιι-Λιηηι
3237 5209 3420 5228 τιιηη-

1838 5187 2172 5251 κτισθέντες.
2205 5187 2360 5242 Unde
2387 5190 2730 5256 interpretes,
2778 5190 3202 5244 Misericordunu
3236 5209 3421 5246 conse-

1836 5263 1967 5315 cuti.
2005 5263 2075 5314 At
2119 5260 2324 5314 Catena
2366 5258 2695 5311 (lorderiaua
2748 5273 2803 5313 (ιι
2839 5266 3008 5316 nostri
3063 5278 3248 5313 novem
3285 5281 3416 5319 mss.

1837 5331 2128 5398 separatim
2153 5329 2202 5381 οἱ
2232 5327 2566 5390 κτισθέντες,
2601 5328 2701 5391 Qui
2730 5334 2893 5383 creati
2927 5344 3097 5385 erant.
3128 5332 3256 5395 Qua:
3288 5339 3423 5387 scri-

1838 5411 1994 5468 ptura
2054 5401 2182 5467 quin
2242 5415 2366 5452 vera
2402 5409 2455 5450 et
2506 5414 2736 5467 genuina
2793 5405 2885 5461 sit,
2939 5417 3097 5454 nemo
3130 5405 3422 5470 dubitabit,

1838 5471 1928 5538 qui
1967 5471 2109 5523 buue
2141 5471 2316 5522 locum
2350 5470 2507 5534 paulo
2529 5475 2790 5524 attentius
2823 5473 3266 5525 consideraret-it.
3301 5475 3420 5529 .\lu\-

1840 5541 2059 5594 codices
2081 5550 2204 5612 octo
2235 5542 2290 5591 ὲν
2320 5538 2742 5607 πλημμελείαις.
2784 5543 2920 5595 Editi
2955 5544 3011 5592 ἐν
3051 5543 3420 5612 πλημμελείᾳ.

1838 5612 2038 5683 Statim
2057 5611 2186 5683 editi
2206 5619 2259 5660 et
2293 5612 2527 5683 nonnulli
2558 5625 2685 5683 mss.
2709 5612 2795 5663 ἐπ’
2833 5613 3015 5665 αὐτόν.
3045 5607 3270 5683 Aﬁr—pr,
3299 5607 3424 5679 δόξα

1839 5685 1932 5755 καὶ
1975 5681 2034 5755 τὸ
2070 5681 2268 5755 κράτος
2307 5680 2538 5755 ε-ίςᾷτοῦς
2569 5679 2771 5745 αἰῶνας
2823 5683 2928 5755 τῶν
2964 5679 3196 5738 αἰώνων.
3227 5679 3423 5755 ’Ᾱμήν.

1837 5753 1943 5807 Sed
1978 5754 2087 5815 illa,
2110 5748 2268 5818 αὐτῷ
2317 5752 2349 5818 ἡ
2384 5748 2531 5813 δόξα,
2570 5760 2702 5815 etc.,
2753 5755 2803 5805 in
2844 5754 2964 5804 aliis
2993 5764 3118 5807 octo
3144 5774 3192 5806 m
3230 5748 3420 5808 ἐλήρει

1843 5824 2121 5894 leguntur.
2149 5819 2258 5894 Nec
2294 5821 2650 5894 dubitoquiu
2682 5823 2880 5894 melius
2917 5823 3118 5887 absint,
3154 5838 3207 5876 ut
3245 5829 3424 5894 inepta

1842 5894 1931 5947 illa
1962 5891 2227 5954 repetitio,
2259 5890 2419 5942 αὑτὸν
2448 5891 2614 5958 αὐτῷ,
2647 5893 2864 5945 vitetur.

3061 5989 3130 6037 13
