4016 6450
235 403 347 456 395

1353 399 1637 455 HOMILIA
1680 402 1743 458 IN
1784 401 2116 460 PSALMUM
2165 396 2352 459 XLIV.

3383 397 3486 452 σοι

235 518 486 585 λέγεσθαι
516 519 687 572 ταῦτα
723 521 851 591 περὶ
884 517 975 572 τοῦ
1011 518 1067 570 ἐν
1103 517 1243 588 ἀρχῇ
1275 517 1426 579 ὄντος
1472 515 1605 586 πρὸς
1651 517 1805 570 αὑτὸν

1918 531 2047 571 sona
2077 517 2253 575 Patris
2287 521 2354 576 de
2397 515 2579 572 Verbo
2623 517 2760 588 apud
2793 516 2964 588 ipsum
3006 514 3057 567 in
3095 510 3359 582 principio
3391 525 3486 563 ex-

236 613 434 680 Λόγου,
477 613 536 664 ὃν
577 614 640 664 ἐκ
686 611 786 682 τῆς
837 612 999 666 οἱονεὶ
1058 610 1283 681 καρδίας
1337 608 1432 661 καὶ
1475 609 1654 662 αὐτῶν
1704 609 1812 661 τῶν

232 702 580 772 σπλάγχνων,
625 704 778 771 φασὶ,
823 703 1106 771 προήγαγε
1138 702 1247 772 (62)
1271 719 1283 732 ο
1326 700 1419 753 καὶ
1455 700 1565 753 ἀπὸ
1601 700 1812 770 ἀγαθῆς

231 797 462 867 καρδίας
483 794 684 863 ἀγαθὸς
711 797 869 864 λόγος
898 796 1192 867 προῆλθεν·
1229 793 1353 865 ἐμοὶ
1387 792 1442 845 δὲ
1469 793 1615 847 δοκεῖ
1641 792 1814 846 ταῦτα

232 891 330 942 ἐπὶ
369 887 432 940 τὸ
467 889 800 961 προφητικὸν
837 888 1202 961 ἀναφέρεσθαι
1246 885 1554 956 πρόσωπον.
1587 887 1668 940 Τὰ
1704 885 1814 956 γὰρ

230 978 430 1050 ἐφεξῆς
462 979 557 1034 τοῦ
589 981 753 1053 ῥητοῦ
783 979 965 1034 οὐκέτι
990 983 1190 1052 ὁμοίως
1223 977 1528 1047 ἐξομαλίζει
1555 982 1688 1050 ήμίν
1715 977 1814 1045 τὴν

233 1074 364 1144 περὶ
400 1074 492 1128 τοῦ
538 1073 751 1145 [ἰατρὸς
784 1071 1062 1144 ἐξήγησιν.
1114 1070 1251 1123 Οὔτε
1285 1071 1394 1142 γὰρ
1438 1070 1503 1125 ἂν
1543 1071 1672 1144 περὶ
1712 1069 1813 1139 τῆς

230 1166 428 1221 ἑαυτοῦ
456 1166 706 1236 γλώσσης
730 1166 760 1218 ό
788 1167 976 1239 Πατὴρ
1002 1164 1175 1228 εἶπεν,
1203 1165 1285 1217 ὅτι
1312 1165 1422 1234 (65)
1462 1167 1533 1221 Ἠ
1563 1164 1814 1234 γλῶσσά

223 1274 346 1325 μου
401 1254 670 1323 κάλαμος
722 1255 1104 1326 γραμματέως
1169 1253 1532 1325 ὀξυγράφου.
1585 1254 1814 1321 Ὠριιῖος

229 1349 444 1402 κάλλει
481 1346 640 1416 παρὰ
676 1350 815 1415 τοὺς
857 1347 1026 1413 υἱοὺς
1064 1348 1181 1400 τῶν
1212 1348 1556 1417 ἀνθρώπων.
1602 1351 1676 1401 υὺ
1707 1349 1813 1419 γὰρ

230 1443 297 1492 ὲκ
319 1439 415 1509 τῆς
436 1440 572 1511 πρὸς
589 1443 716 1506 τοὺς
737 1440 1052 1512 ἀνθρώπους
1072 1452 1404 1512 συγκρίσεως
1427 1443 1524 1511 τὴν
1541 1441 1813 1514 ὑπεροχὴν

228 1529 326 1582 τοῦ
350 1532 577 1600 κάλλους
599 1534 728 1603 ἔχει.
750 1533 858 1585 Καὶ
877 1533 1081 1603 προῖὼν
1104 1551 1234 1604 φησι
1256 1551 1268 1563 ·
1293 1532 1393 1585 Διὰ
1412 1532 1586 1587 τοῦτο
1607 1533 1814 1602 ἔχρισέ

228 1637 306 1676 σε
335 1626 367 1677 ὁ
390 1624 554 1689 Θεὸς,
586 1639 618 1677 ο
653 1625 798 1689 Θεός
836 1641 974 1689 σου,
1022 1627 1231 1681 ἔλαιον
1263 1624 1696 1694 ἀγαλλιάσεως.
1735 1626 1810 1680 Οὐ

228 1716 341 1788 γὰρ
375 1713 525 1770 εἶπεν
545 1733 558 1747 ⁸
595 1717 829 1789 Ἔχρισά
854 1737 911 1773 σε
941 1722 1051 1790 ἐγὼ
1080 1725 1108 1775 ὁ
1132 1720 1429 1785 Θεὸς,ἀλλ’,
1455 1721 1694 1791 Ἕχρισέ
1714 1737 1806 1776 σε’

229 1809 371 1861 ὥστε
412 1811 476 1861 ὲκ
511 1809 699 1864 τούτου
738 1813 1103 1884 παρίστασθαι
1146 1814 1335 1883 ἓτερον
1373 1813 1510 1867 εἶναι
1545 1814 1606 1866 τὸ
1638 1813 1812 1867 διαλεο

1914 611 2140 666 sistente
2174 614 2277 667 dici
2307 631 2321 668 :
2354 615 2518 684 quod,
2544 611 2814 680 inquiunt,
2841 609 2991 664 velut
3023 620 3090 660 ex
3135 608 3296 659 corde
3336 612 3389 657 et
3421 617 3487 656 ex

1918 703 2050 770 ipsis
2101 703 2400 758 visceribus
2458 701 2739 774 produxit;
2794 712 2957 770 atque
3013 713 3077 753 ex
3127 697 3268 751 bono
3326 696 3488 748 Corde

1917 795 2114 846 bonum
2143 794 2363 848 verbum
2389 795 2604 864 prodiit.
2632 791 2760 849 Mihi
2785 806 2910 845 vero
2928 793 3174 846 videntur
3197 787 3310 840 lucc
3329 786 3481 857 161

1915 886 1982 937 ad
2029 883 2315 952 Propheta:
2362 899 2645 953 personam
2691 882 2970 938 referenda
3019 895 3162 936 esse.
3199 876 3332 932 Nam
3366 892 3487 945 qua:

1918 978 2056 1031 hanc
2086 977 2342 1045 deinceps
2388 977 2708 1030 sententiam
2755 982 3077 1046 sequuntur,
3115 989 3220 1027 non
3257 969 3487 1038 amplius

1913 1086 2066 1139 teque
2101 1071 2314 1140 planam
2347 1069 2606 1124 exhibent
2627 1069 2785 1122 nobis
2815 1072 2880 1122 de
2908 1067 3071 1122 Patre
3096 1067 3483 1120 narrationem.

1915 1163 2099 1233 Neque
2132 1164 2275 1216 enim
2312 1165 2379 1220 de
2427 1176 2523 1217 sua
2575 1161 2744 1229 ipsius
2795 1159 2975 1228 lingua
3020 1157 3182 1212 Pater
3231 1156 3428 1212 dixerit
3468 1173 3482 1210 :

1918 1256 2118 1323 Lingua
2178 1272 2296 1308 mea
2357 1253 2593 1308 calamus
2652 1251 2838 1304 scribae
2883 1251 3122 1304 velociter
3187 1248 3481 1303 scribentis.

1915 1346 2082 1400 Vsus.
2112 1345 2164 1398 5.
2193 1344 2469 1411 Speciosus
2519 1344 2692 1414 forma
2727 1359 2834 1409 pra:
2879 1343 3006 1411 ﬁliis
3035 1342 3326 1395 hominum.
3367 1337 3482 1393 Non

1913 1442 2054 1494 enim
2099 1436 2512 1507 pulchritudinis
2548 1435 2909 1507 praestantiam
2955 1450 3020 1490 ex
3058 1432 3296 1487 humana
3345 1445 3486 1485 corn-

1914 1529 2193 1602 paratione
2217 1535 2512 1581 mutuatur.
2541 1527 2606 1580 Et
2636 1539 2954 1597 progressus
2984 1525 3060 1578 ait
3093 1523 3134 1554 ³¹
3162 1542 3175 1576 :
3203 1518 3485 1590 Propterea

1915 1621 2066 1675 unxit
2100 1629 2147 1672 te
2181 1617 2318 1670 Deus
2345 1657 2361 1683 ,
2397 1614 2538 1669 Deus
2579 1626 2700 1670 tuus
2725 1656 2740 1682 ,
2773 1614 2887 1668 oleo
2924 1613 3143 1668 lcetitite.
3175 1608 3292 1666 Non
3339 1609 3483 1666 enim

1913 1712 2070 1775 dixit,
2101 1709 2242 1766 Unxi
2281 1719 2332 1762 te
2355 1723 2455 1778 ego
2492 1707 2662 1773 Deus,
2693 1708 2785 1762 sed
2807 1747 2822 1773 ,
2855 1703 3019 1760 Unxit
3050 1717 3096 1759 te
3137 1703 3312 1768 Deus;
3351 1701 3486 1756 adeo

1912 1815 1971 1860 ut
1999 1821 2065 1860 ex
2096 1806 2199 1860 hoc
2228 1811 2440 1859 constet
2468 1801 2630 1855 aliam
2661 1816 2781 1856 esse
2819 1800 3130 1871 loquentem
3170 1810 3481 1868 personam.

229 1905 460 1973 γόμενον
506 1879 829 1976 πρόσωπον.-
865 1907 1021 1958 Ποῖον
1062 1901 1155 1957 οὖν
1192 1879 1306 1958 ἐστι
1337 1905 1494 1956 τοῦτο
1531 1907 1562 1974 ἢ
1603 1907 1631 1955 ό
1666 1907 1805 1976 Προ-

1912 1899 2040 1966 Qum
2068 1898 2232 1967 igitur
2261 1897 2374 1950 haec
2403 1907 2506 1960 est,
2538 1894 2637 1949 nisi
2668 1893 2934 1962 Propheta
2962 1893 3096 1960 ipse,
3123 1891 3212 1959 qui
3247 1889 3484 1944 afﬂatum

230 1999 410 2068 φήτης
437 2000 465 2051 ὁ
493 2001 748 2069 χωρήσας
774 1999 872 2070 τὴν
899 1998 991 2050 τοῦ
1018 1997 1175 2066 ἀγίου
1199 1997 1516 2068 Πνεύματος
1546 1997 1625 2060 είς
1650 1997 1811 2050 αὐτὸν

228 2091 530 2162 γενομένην
549 2091 859 2164 ὲνέργειαν;
890 2091 1306 2159 Ἐξηρεύξατο,
1327 2091 1512 2162 φησὶν,
1536 2091 1574 2158 ἡ
1601 2089 1812 2159 καρδία

222 2202 346 2254 μου
369 2189 557 2257 λόγον
579 2188 823 2259 ἀγαθόν.
857 2187 1073 2260 Ἐπειδὴ
1094 2189 1202 2259 γὰρ
1230 2190 1263 2258 ἡ
1297 2188 1466 2257 ὲρυγή
1498 2187 1613 2242 ἐστι
1649 2186 1812 2241 πνεῦ-

230 2295 310 2348 μα
341 2278 571 2351 κρύφιον
600 2281 740 2334 κατά
771 2281 870 2352 τὴν
905 2280 1055 2345 ζέσιν
1087 2280 1186 2349 τῆς
1226 2279 1434 2351 τροφῆς
1465 2281 1811 2354 ἀπορρηγνυ-

229 2371 408 2438 μένων
438 2373 546 2425 τῶν
579 2372 943 2443 πομφολύγων
976 2373 1068 2426 ἐπὶ
1099 2373 1160 2425 τὸ
1205 2372 1317 2426 ἄνω
1347 2374 1752 2444 διαπνεόμενον,
1781 2375 1810 2428 ὁ

224 2463 456 2530 τραφεὶς
483 2462 560 2534 τῷ
591 2464 752 2528 ζῶντι
786 2465 934 2536 ἄρτῳ
957 2464 1032 2536 τῷ
1054 2466 1117 2517 ὲκ
1143 2465 1235 2518 τοῦ
1258 2465 1489 2536 οὐρανοῦ
1515 2465 1808 2519 καταῦἀντι

225 2553 325 2606 καὶ
351 2553 546 2608 διδόντι
581 2555 725 2629 ζωὴν
752 2556 830 2628 τῷ
859 2557 1067 2628 κόσμῳ,
1105 2557 1196 2612 καὶ
1223 2559 1250 2609 ό
1280 2556 1615 2629 ἐμπλησθεὶς
1650 2559 1810 2611 παντὶ

226 2647 435 2718 ῥήματι
467 2650 880 2722 ἐκπορευομένῳ
912 2651 1000 2704 διὰ
1050 2650 1316 2720 στόματος
1350 2650 1507 2714 Θεοῦ,
1542 2650 1683 2704 κατὰ
1711 2650 1808 2722 τὴν

222 2737 326 2805 τῆς
367 2737 584 2809 Γραφῆς
642 2740 843 2809 συνήθη
891 2738 1268 2809 τροπολογίαν,
1318 2739 1351 2808 ή
1400 2742 1666 2811 τραφεῖσα
1694 2743 1806 2806 τοῖς

223 2828 392 2897 ἱεροῖς
443 2828 726 2898 μαθήμασι
789 2830 972 2900 ψυχὴ,
1027 2829 1332 2902 πρόσφορον
1385 2835 1496 2895 τοῖς
1555 2832 1806 2903 βρώμασι

225 2919 471 2990 προΐεται
507 2920 602 2992 τὴν
653 2923 873 2994 έρυγήν.
914 2921 1011 2976 Διὰ
1050 2923 1230 2986 τοῦτο,
1272 2923 1459 2992 ἐπειδὴ
1501 2924 1691 2994 λογικὴ
1736 2919 1804 2994 ἦν

224 3012 319 3063 καὶ
351 3011 528 3084 ἀγαθὴ
553 3015 584 3084 ή
614 3015 807 3086 τροφὴ,
831 3013 986 3084 λόγον
1015 3016 1215 3083 ἀγαθὸν
1242 3015 1586 3086 ἐξερεύγεται
1615 3019 1642 3069 ό
1667 3017 1806 3088 Προ-

224 3106 423 3176 φήτης.
474 3105 535 3159 '0
575 3106 684 3179 γὰρ
716 3105 937 3177 ἀγαθὸς
980 3106 1288 3176 ἅνθρωπος
1316 3109 1384 3162 ἐκ
1425 3109 1530 3164 τοῦ
1578 3109 1804 3179 ἀγαθοῦ

1912 1991 2147 2060 Spiritus
2206 1988 2378 2044 sancti
2433 1990 2485 2043 in
2528 2002 2587 2043 se
2615 1984 2866 2041 diffusum
2918 1983 3160 2052 recepit?
3210 1979 3484 2035 Eructavit

1911 2099 2003 2135 cor
2026 2099 2216 2145 meum,
2260 2080 2456 2148 inquit,
2489 2080 2697 2133 verbum
2724 2080 2933 2132 bonum.
2960 2075 3092 2130 Cum
3124 2074 3267 2129 enim
3299 2081 3484 2127 ructus

1911 2174 2071 2227 ﬂatus
2111 2173 2183 2227 sit
2210 2171 2454 2227 occultus
2478 2208 2493 2236 ,
2521 2170 2614 2241 qui
2640 2211 2656 2236 ,
2684 2169 2844 2225 bullis
2887 2169 2956 2222 ob
2993 2166 3192 2236 sumpti
3241 2162 3484 2218 alimenti

1911 2267 2179 2323 fervorem
2227 2265 2636 2337 erumpentibus
2663 2304 2680 2329 ,
2724 2277 2940 2320 sursum
2981 2274 3171 2314 versus
3212 2255 3482 2321 ditiiatur;

1909 2361 2001 2431 qui
2049 2360 2283 2416 nutritus
2329 2369 2415 2414 est
2469 2372 2608 2427 pane
2659 2355 2752 2411 illo
2801 2357 3049 2418 vivente,
3081 2352 3174 2422 qui
3232 2351 3298 2405 de
3343 2345 3485 2405 caelo

1910 2457 2211 2520 descendit,
2242 2457 2440 2522 datque
2463 2452 2628 2504 vitam
2655 2449 2855 2504 mundo
2884 2449 2951 2513 ",
2983 2456 3036 2502 et
3055 2445 3201 2501 omni
3225 2442 3388 2498 verbo
3413 2457 3480 2497 ex

1908 2564 2004 2604 ore
2039 2547 2130 2601 Dei
2159 2545 2456 2616 prodeunte
2484 2544 2529 2576 ³³
2557 2552 2832 2599 saturatus
2855 2551 2956 2604 est,
2981 2538 3133 2608 juxta
3166 2536 3480 2592 co‘bsuetam

1910 2640 2204 2709 Scriptura;
2233 2637 2605 2707 tropologiam,
2643 2638 2823 2690 anima
2843 2678 2858 2703 ,
2891 2634 3130 2705 inquam,
3163 2630 3332 2685 sacris
3356 2643 3481 2682 enu-

1909 2735 2034 2787 trita
2066 2729 2386 2800 disciplinis,
2416 2727 2824 2783 convenientem
2853 2725 3046 2781 eduliis
3081 2731 3295 2778 ructum
3325 2718 3482 2774 emit-

1909 2827 1991 2881 tit.
2041 2825 2387 2894 Quapropter
2437 2838 2558 2876 cum
2615 2819 2875 2891 spiritalis
2918 2828 3092 2884 esset,
3137 2826 3480 2885 optimusque

1905 2919 2082 2982 cibus.
2109 2917 2372 2986 Propheta
2401 2915 2620 2969 verbum
2649 2917 2846 2968 bonum
2868 2917 3104 2968 eructat.
3136 2907 3309 2961 Bona:
3335 2907 3478 2960 enim

1905 3009 2059 3062 homo
2090 3024 2154 3062 ex
2180 3007 2311 3062 bona
2342 3006 2521 3060 cordis
2552 3005 2634 3060 sui
2670 3005 2919 3059 thesauro
2958 3001 3150 3054 bonum
3183 2996 3382 3067 profert
3410 2995 3475 3049 “.

1907 3102 2226 3168 Quaeramus
2257 3100 2437 3170 itaque
2465 3109 2518 3152 et
2545 3111 2644 3151 nos
2682 3112 2708 3147 a
2745 3093 2911 3147 verbo
2941 3091 3143 3154 cibum,
3179 3091 3244 3143 ad
3281 3088 3481 3141 anima-

223 3198 533 3266 θησαυροῦ
562 3199 662 3270 τῆς
693 3199 920 3272 καρδίας
951 3201 1116 3254 αὑτοῦ
1146 3203 1423 3272 προφέρει
1449 3205 1516 3258 τὸ
1550 3205 1797 3275 ἀγαθόν.

1908 3215 2022 3254 rum
2068 3207 2374 3253 nostrarum
2419 3193 2757 3250 saturitatem
2793 3188 3001 3259 (Justus
3035 3185 3211 3248 enim,
3253 3181 3473 3250 inquit,

221 3290 556 3360 Ζητήσωμεν
584 3289 676 3345 οὖν
725 3293 817 3345 καὶ
842 3295 1006 3362 ἡμεῖς
1033 3295 1131 3361 τὴν
1161 3296 1266 3348 ἀπὸ
1295 3296 1387 3348 τοῦ
1417 3296 1573 3363 λόγου
1595 3297 1804 3368 τροφὴν

220 3383 302 3442 εἰς
341 3380 617 3452 πλήρωσιν
642 3384 747 3436 τῶν
777 3383 962 3452 ψυχῶν
999 3385 1152 3455 ήμῶν
1183 3389 1436 3454 (Δίκαιος
1471 3389 1799 3460 γὰρ,φησὶν,

217 3471 460 3534 ἐσθίων,
506 3473 840 3542 ἐμπίπλησι
874 3477 988 3545 τὴν
1028 3479 1243 3548 ψυχὴν
1286 3481 1515 3544 αὐτοῦ),
1546 3482 1629 3534 ἵνα
1663 3479 1803 3535 κατά

218 3562 321 3631 τὴν
345 3562 632 3630 ἀναλογίαν
667 3558 740 3617 ὧν
771 3568 1104 3638 τρεφόμεθα.
1140 3569 1198 3620 οὐ
1240 3570 1331 3621 τὸν
1362 3571 1590 3638 τυχόντα
1622 3571 1798 3640 λόγον,

216 3651 358 3707 ἀλλά
389 3653 589 3723 ἀγαθὸν
617 3657 1045 3728 ἀναπέμπωμεν.
1088 3659 1145 3713 ’0
1176 3660 1284 3732 γὰρ
1317 3663 1554 3734 πονηρὸς
1585 3663 1800 3735 ἄνθρω-

219 3761 343 3810 πος,
398 3747 501 3800 ὑπὸ
560 3748 845 3820 μοχθηρῶν
877 3751 1161 3819 δογμάτων
1200 3755 1550 3826 ἀνατραφεὶς,
1586 3756 1802 3820 ὲξεοεύ-

219 3851 375 3903 γεται
409 3842 472 3910 τῇ
511 3840 705 3912 καρδίᾳ
751 3840 905 3911 λόγον
951 3844 1205 3913 πονηρόν.
1239 3845 1348 3916 Οὐχ
1379 3849 1512 3920 ὁρᾷς
1543 3851 1703 3901 ὁποῖα
1733 3848 1801 3903 τὰ

221 3926 464 3996 στόματα
495 3931 600 3984 τῶν
632 3934 921 4005 αἱρετικῶν
945 3936 1344 4009 ἀπερεύγεται;
1370 3940 1445 4003 ὡς
1471 3939 1683 4011 χαλεπά
1707 3943 1800 3996 καὶ

215 4016 451 4089 δυσώδη,
511 4023 707 4096 πολλήν
759 4043 882 4081 τινα
925 4029 1024 4097 τὴν
1067 4031 1125 4082 ὲν
1175 4030 1252 4102 τῷ
1300 4030 1453 4102 βάθει
1508 4034 1660 4087 νόσον
1693 4034 1799 4088 τῶν

213 4109 420 4164 ἀθλίων
451 4117 891 4186 κατηγοροῦντα;
937 4121 998 4172 '0
1045 4120 1154 4190 γὰρ
1199 4125 1462 4190 πονηρὸς
1490 4123 1800 4192 ἄνθρωπος

213 4200 289 4255 ἐκ
321 4201 425 4254 τοῦ
456 4206 720 4272 πονηροῦ
748 4210 1052 4276 θησαυροῦ
1083 4215 1180 4282 τῆς
1211 4213 1434 4285 καρδίας
1463 4215 1626 4268 αὐτοῦ
1656 4231 1800 4284 προ-

216 4293 384 4363 μέρει
408 4295 473 4346 τὸ
493 4299 778 4364 πονηρόν.
797 4300 887 4371 Μὴ
910 4300 973 4372 δὴ
1000 4298 1113 4366 οὖν,
1133 4304 1462 4376 κνηθόμενος
1486 4307 1583 4378 τὴν
1609 4309 1798 4382 ἀκοὴν,

216 4384 595 4458 ὲπισωρεύσῃς
616 4389 824 4460 σεαυτῷ
838 4390 1208 4458 διδασκάλους,
1232 4394 1384 4449 νόσον
1406 4397 1800 4466 ἐνεργάσασθαι

214 4479 332 4540 τοῖς
379 4480 703 4551 σπλάγχνοις
753 4501 844 4536 σου
875 4484 1221 4556 δυναμένους,
1276 4489 1369 4540 καὶ
1415 4491 1667 4564 πονηρῶν
1717 4510 1799 4546 σοι

219 4575 481 4643 ῥημάτων
514 4574 712 4646 ὲρυγὴν
749 4576 1076 4648 πῳξενῆσαι
1109 4579 1240 4646 (64),
1275 4580 1342 4633 δι’
1378 4575 1452 4635 ὧν
1485 4583 1698 4654 μέλλεις
1738 4588 1796 4639 ὲν

215 4667 285 4734 τῇ
319 4663 498 4735 ήμέρᾳ
522 4668 620 4736 τῆς
647 4668 878 4738 κρίσεως
901 4671 1378 4736 καταδικάζεσθαι.
1420 4675 1513 4728 Ἐκ
1536 4675 1645 4746 γὰρ
1677 4675 1796 4730 τῶν

215 4756 416 4824 λόγων
447 4773 584 4823 σου,
622 4760 775 4830 φησὶ,
820 4760 1207 4831 δικαιωθήσῃ,
1238 4767 1335 4817 καὶ
1363 4766 1432 4818 ἐκ
1464 4768 1579 4822 τῶν
1602 4771 1797 4839 λόγων

214 4864 338 4902 σου
381 4849 893 4920 καταδικασθήσῃ.
941 4853 1102 4923 Λέγω
1134 4855 1247 4924 ἐγὼ
1279 4856 1349 4908 τὰ
1379 4857 1521 4926 ἔργα
1555 4878 1673 4928 μου
1714 4859 1794 4926 τῷ

209 4939 480 5003 βασιλεῖ.
517 4942 662 4994 Πάνυ
694 4945 958 5015 προσάγει
988 4947 1135 5017 ἡμᾶς
1185 4949 1249 5018 τῇ
1298 4948 1508 5020 διανοίᾳ
1536 4949 1627 5002 τοῦ
1661 4967 1793 5020 προ-

217 5030 452 5100 φητικοῦ
481 5033 772 5104 προσώπου
801 5037 894 5090 καὶ
921 5036 1075 5091 τοῦτο
1103 5039 1162 5092 τὸ
1189 5040 1338 5110 ῥῆμα
1358 5057 1372 5070 ⁸
1397 5039 1559 5112 Λέγω
1578 5042 1692 5111 ἐγὼ
1725 5043 1796 5096 τὰ

215 5125 362 5192 ἔργα
389 5142 508 5192 μου
555 5125 634 5192 τῷ
665 5128 944 5192 ,ϐασωῖεῐ-
980 5132 1101 5184 ἀντὶ
1148 5132 1263 5195 τοῦ,
1303 5134 1797 5205 Ἐξομολογήσομαι

216 5216 299 5287 τῷ
331 5221 513 5289 κριτῇ,
559 5222 654 5275 καὶ
686 5223 1053 5294 προλαμϐάνω
1085 5225 1178 5277 τὸν
1224 5227 1546 5299 κατήγορον,
1579 5227 1664 5280 διὰ
1697 5227 1799 5297 τῆς

219 5311 480 5382 περὶτῶν
516 5311 657 5367 ἰδίων
684 5314 858 5386 ἔργων
894 5316 1251 5387 ἀπαγγελίας.
1291 5319 1538 5391 Ἑντολήν
1578 5320 1687 5392 γὰρ
1719 5323 1798 5374 εἰ·

1904 3291 2177 3346 comedens
2222 3288 2396 3355 implet
2443 3286 2674 3338 animam
2717 3297 2866 3336 suam
2894 3279 2986 3345 ⁸⁵),
3031 3287 3089 3331 ιιι
3117 3289 3217 3346 pro
3270 3272 3480 3327 ratione

1904 3397 2088 3439 eorum
2143 3380 2340 3452 quibus
2395 3374 2610 3442 alimur,
2642 3389 2747 3431 non
2805 3371 3068 3442 vulgare,
3121 3368 3216 3424 sed
3278 3367 3478 3420 bonum

1904 3477 2126 3531 verbum
2178 3474 2514 3530 emittamus.
2567 3465 2704 3522 Nam
2744 3465 2922 3521 malus
2965 3462 3163 3526 homo,
3213 3455 3478 3526 dogmatis

1903 3572 2084 3641 pravis
2113 3569 2406 3631 enutritus,
2439 3581 2506 3621 ex
2538 3565 2702 3620 corde
2735 3574 2959 3632 pravum
2989 3555 3211 3612 verbum
3242 3558 3476 3607 eructat.

1903 3663 2020 3719 Non
2058 3663 2207 3716 vides
2234 3660 2412 3730 qualia
2448 3663 2700 3713 eructent
2728 3669 2820 3706 ora
2860 3645 3276 3706 luereticorum?
3314 3656 3476 3712 quam

1904 3755 2120 3826 gravia,
2159 3767 2321 3821 quam
2355 3749 2516 3804 fetida
2541 3789 2556 3814 ,
2601 3759 2850 3814 magnum
2894 3740 3182 3812 quemdam
3230 3733 3477 3789 morbum

1904 3849 1956 3903 in
2004 3848 2192 3901 intimo
2244 3844 2564 3898 miserorum
2620 3839 2835 3895 illorum
2870 3843 3091 3905 pectore
3144 3822 3480 3884 indicantia?

1906 3939 2047 3994 Nam
2079 3937 2250 3992 malus
2287 3937 2440 3988 homo
2470 3948 2534 3986 ex
2569 3932 2710 3985 malo
2744 3927 2928 3984 cordis
2960 3924 3042 3980 sui
3087 3923 3332 3977 thesauro
3365 3934 3480 3986 pro-

1902 4031 2002 4101 fert
2027 4029 2223 4082 malum
2249 4026 2317 4078 ³⁸.
2346 4022 2423 4076 Ne
2454 4023 2613 4092 igitur
2640 4018 2891 4090 pruriens
2913 4015 3156 4078 auribus,
3185 4024 3478 4068 coacerves

1903 4121 2000 4174 tibi
2053 4117 2343 4186 magistros
2373 4113 2448 4179 ",
2475 4113 2566 4182 qui
2614 4110 2912 4167 visceribus
2954 4107 3060 4162 tuis
3099 4104 3349 4159 morbum
3391 4101 3475 4154 iu-

1905 4211 2048 4266 ferre
2079 4209 2326 4275 valeant,
2356 4206 2560 4275 tibique
2606 4218 2897 4273 pravorum
2942 4198 3227 4254 verborum
3266 4205 3477 4249 ructnm

1903 4317 2111 4365 creare,
2154 4303 2223 4354 ob
2252 4313 2371 4367 quae
2399 4298 2450 4350 in
2475 4298 2564 4351 die
2589 4295 2776 4362 judicii
2808 4289 3310 4347 condemnationem
3359 4287 3477 4340 sub-

1906 4395 2080 4450 iturus
2099 4394 2194 4448 sis.
2223 4391 2306 4444 Ex
2328 4390 2498 4444 verbis
2523 4389 2662 4442 enim
2680 4389 2806 4451 tuis,
2838 4386 3032 4453 inquit,
3055 4379 3434 4453 justiﬁcaberis
3459 4417 3475 4440 ,

1904 4501 1949 4542 et
1984 4504 2048 4541 ex.
2065 4486 2228 4540 verbis
2255 4485 2357 4538 tuis
2380 4483 2806 4536 condemnaberis
2833 4481 2898 4533 ³⁸.
2919 4479 3049 4533 Dico
3070 4494 3162 4546 ego
3186 4491 3339 4544 Opera
3361 4488 3474 4524 mea

1903 4581 2030 4649 regi.
2062 4578 2289 4633 Maxime
2330 4577 2547 4630 adducit
2576 4589 2710 4636 nos,
2752 4583 2809 4626 ut
2859 4571 3138 4638 s’l'OleeltP.
3181 4578 3470 4638 personam

1905 4674 2285 4742 intelligamus,
2325 4680 2378 4725 et
2409 4669 2512 4723 hoc
2547 4668 2768 4720 verbum
2803 4683 2815 4719 :
2866 4664 2995 4717 Dico
3032 4678 3123 4731 ego
3159 4675 3322 4728 opera
3363 4673 3476 4708 mea

1905 4767 2056 4834 regi:
2105 4768 2206 4817 hoc
2250 4768 2374 4825 est,
2407 4757 2717 4813 Conlitebor
2762 4753 2967 4822 judici,
3023 4760 3078 4806 ct
3107 4755 3476 4804 accusatorem

1901 4867 2278 4915 antevertam,
2316 4867 2413 4922 per
2462 4864 2685 4919 cperunt
2732 4846 3070 4917 propriorum
3125 4841 3474 4898 delationem.

1904 4949 2008 5018 Ipsi
2052 4947 2194 5002 enim
2243 4945 2555 5000 mandatum
2591 4942 2929 5014 accepimus,
2969 4937 3111 5008 quod
3153 4936 3233 4990 sic
3264 4933 3425 4986 habet
3462 4946 3475 4981 :

1906 5043 2002 5096 Dic
2045 5051 2100 5094 tu
2150 5040 2352 5108 primus
2397 5038 2698 5108 iniquitates
2737 5045 2892 5097 tuas,
2947 5040 3004 5085 ut
3047 5025 3362 5100 justiﬁceris
3409 5022 3476 5076 ³⁸.

1908 5137 2108 5206 Lingua
2164 5151 2277 5188 mea
2342 5134 2577 5186 calamus
2639 5131 2825 5184 scriba:
2882 5126 3128 5182 velociter
3181 5121 3475 5177 scribentis.

1906 5229 2369 5298 Quemadmodum
2404 5228 2644 5282 calamus
2677 5226 3094 5278 instrumentum
3137 5230 3219 5273 cst
3249 5217 3480 5284 scripto-

1906 5322 2075 5384 rium,
2112 5334 2272 5390 quem
2309 5318 2467 5384 periti
2503 5316 2781 5386 cujusdam
2830 5329 3019 5370 manus
3065 5321 3246 5369 movet
3274 5311 3342 5365 ad
3373 5311 3480 5365 {or-

293 5518 331 5549 ³¹
363 5515 516 5573 Joan.
551 5533 640 5583 xv,
671 5516 726 5576 8.
801 5517 845 5549 ³⁸
880 5517 1032 5573 Joan.
1063 5537 1135 5582 vr,
1167 5521 1255 5577 55.
1333 5521 1377 5552 ³³
1412 5523 1561 5575 Deut.
1593 5539 1710 5588 vm,
1747 5524 1804 5585 3;

1908 5526 2032 5578 attb.
2077 5540 2147 5586 ιν,
2194 5525 2245 5578 ι.
2323 5525 2370 5557 ³⁵
2412 5523 2595 5582 Matth.
2633 5539 2746 5588 xu,
2792 5521 2883 5580 55.
2959 5522 3003 5555 ³³
3031 5522 3188 5579 Prov.
3233 5537 3352 5580 snt.
3386 5520 3478 5575 25.

219 5590 267 5621 "
297 5589 486 5642 .ilatth.
523 5606 617 5653 ιιι,
641 5589 734 5644 55.
809 5588 852 5621 ³⁷
877 5590 918 5643 ll
941 5589 1080 5644 Tim.
1107 5606 1188 5656 iv,
1215 5593 1266 5647 5.
1346 5592 1388 5624 ³⁸
1431 5592 1619 5648 Matth.
1668 5611 1778 5660 xu,

1985 5595 2027 5626 ³⁴³
2063 5597 2160 5650 Isa.
2194 5612 2358 5662 xstn,
2389 5596 2478 5650 26.

438 5763 569 5848 Reg.
597 5766 861 5847 secundus
891 5767 1232 5848 σπλάγχνων.
1252 5772 1404 5842 φησι,
1433 5775 1793 5844 προσήγαγεν.

296 5842 408 5906 (θην)
438 5838 528 5890 Sic
554 5838 786 5905 quinque
810 5855 936 5893 mss.
974 5841 1128 5894 Deest
1157 5842 1237 5893 ὃτι
1276 5838 1327 5897 in
1348 5838 1524 5898 editi—5.

1981 5774 2218 5854 (ϐξ)
2256 5774 2403 5854 Ιξυκξὶ
2432 5773 2776 5854 secundus-et
2809 5775 3000 5831 tertius
3031 5791 3150 5830 cum
3185 5774 3334 5831 Culb.
3368 5779 3476 5847 pri.

1908 5863 2012 5901 tuo.
2053 5847 2228 5899 Exlitiu
2266 5845 2435 5898 Paris.
2480 5844 2858 5915 προξενοῦσαι.
