  <div class='ocr_page' id='page_1' title='image "/cluster/home/n/w/nwhite01/storage/ocr_20150623/29/ien.35556001660547/609.png"; bbox 0 0 4016 6456; ppageno 0'>
   <div class='ocr_carea' id='block_1_1' title="bbox 265 397 370 455">
    <p class='ocr_par' dir='ltr' id='par_1_1' title="bbox 265 397 370 455">
     <span class='ocr_line' id='line_1_1' title="bbox 265 397 370 455; baseline 0 0"><span class='ocrx_word' id='word_1_1' title='bbox 265 397 370 455; x_wconf 67' lang='grc'><strong><em>401</em></strong></span> 
     </span>
    </p>
   </div>
   <div class='ocr_carea' id='block_1_2' title="bbox 1321 400 2307 463">
    <p class='ocr_par' dir='ltr' id='par_1_2' title="bbox 1321 400 2307 463">
     <span class='ocr_line' id='line_1_2' title="bbox 1321 400 2307 463; baseline -0.004 -4"><span class='ocrx_word' id='word_1_2' title='bbox 1321 405 1610 461; x_wconf 83' lang='lat' dir='ltr'><strong><em>llOMlLIA</em></strong></span> <span class='ocrx_word' id='word_1_3' title='bbox 1650 405 1715 461; x_wconf 79' lang='lat' dir='ltr'><strong><em>IN</em></strong></span> <span class='ocrx_word' id='word_1_4' title='bbox 1752 406 2082 463; x_wconf 80' lang='lat' dir='ltr'><strong><em>PSALMUM</em></strong></span> <span class='ocrx_word' id='word_1_5' title='bbox 2126 400 2307 457; x_wconf 77' lang='lat' dir='ltr'><strong><em>XLIV.</em></strong></span> 
     </span>
    </p>
   </div>
   <div class='ocr_carea' id='block_1_3' title="bbox 3408 416 3511 468">
    <p class='ocr_par' dir='ltr' id='par_1_3' title="bbox 3408 416 3511 468">
     <span class='ocr_line' id='line_1_3' title="bbox 3408 416 3511 468; baseline 0.01 -1"><span class='ocrx_word' id='word_1_6' title='bbox 3408 416 3511 468; x_wconf 67' lang='lat' dir='ltr'><strong><em>Mi?</em></strong></span> 
     </span>
    </p>
   </div>
   <div class='ocr_carea' id='block_1_4' title="bbox 265 511 1831 593">
    <p class='ocr_par' dir='ltr' id='par_1_4' title="bbox 265 511 1831 590">
     <span class='ocr_line' id='line_1_4' title="bbox 265 511 1831 590; baseline 0.003 -23"><span class='ocrx_word' id='word_1_7' title='bbox 265 530 366 582; x_wconf 86' lang='grc' dir='ltr'><strong><em>νην</em></strong></span> <span class='ocrx_word' id='word_1_8' title='bbox 412 511 561 565; x_wconf 80' lang='grc' dir='ltr'><em>ποιοῦ</em></span> <span class='ocrx_word' id='word_1_9' title='bbox 594 514 695 584; x_wconf 83' lang='grc' dir='ltr'><em>τὴν</em></span> <span class='ocrx_word' id='word_1_10' title='bbox 731 515 1068 585; x_wconf 73' lang='grc' dir='ltr'><em>ἐπιμέλειαν.</em></span> <span class='ocrx_word' id='word_1_11' title='bbox 1107 519 1275 571; x_wconf 85' lang='grc' dir='ltr'><em>Τοῦτο</em></span> <span class='ocrx_word' id='word_1_12' title='bbox 1302 519 1408 589; x_wconf 77' lang='grc' dir='ltr'><strong><em>γάρ</em></strong></span> <span class='ocrx_word' id='word_1_13' title='bbox 1436 520 1554 574; x_wconf 81' lang='grc' dir='ltr'><em>ὁδὸν</em></span> <span class='ocrx_word' id='word_1_14' title='bbox 1596 520 1688 572; x_wconf 74' lang='grc' dir='ltr'><em>καὶ</em></span> <span class='ocrx_word' id='word_1_15' title='bbox 1718 519 1831 590; x_wconf 88' lang='grc' dir='ltr'><em>δρό-</em></span> 
     </span>
    </p>
   </div>
   <div class='ocr_carea' id='block_1_5' title="bbox 1935 511 3511 593">
    <p class='ocr_par' dir='ltr' id='par_1_5' title="bbox 1949 520 3511 593">
     <span class='ocr_line' id='line_1_5' title="bbox 1949 520 3511 593; baseline 0.003 -21"><span class='ocrx_word' id='word_1_16' title='bbox 1949 520 2065 576; x_wconf 90' lang='lat' dir='ltr'><strong><em>lens</em></strong></span> <span class='ocrx_word' id='word_1_17' title='bbox 2112 537 2233 577; x_wconf 87' lang='lat' dir='ltr'><strong><em>esse</em></strong></span> <span class='ocrx_word' id='word_1_18' title='bbox 2288 523 2576 589; x_wconf 81' lang='lat' dir='ltr'><strong><em>videatur,</em></strong></span> <span class='ocrx_word' id='word_1_19' title='bbox 2612 524 2755 593; x_wconf 89' lang='lat' dir='ltr'><strong><em>quod</em></strong></span> <span class='ocrx_word' id='word_1_20' title='bbox 2805 524 3118 593; x_wconf 72' lang='lat' dir='ltr'><strong><em>imperative</em></strong></span> <span class='ocrx_word' id='word_1_21' title='bbox 3169 525 3369 579; x_wconf 84' lang='lat' dir='ltr'><strong><em>dictum</em></strong></span> <span class='ocrx_word' id='word_1_22' title='bbox 3421 528 3511 592; x_wconf 86' lang='lat' dir='ltr'><strong><em>sit,</em></strong></span> 
     </span>
    </p>
   </div>
   <div class='ocr_carea' id='block_1_6' title="bbox 272 606 1839 681">
    <p class='ocr_par' dir='ltr' id='par_1_6' title="bbox 272 606 1839 681">
     <span class='ocr_line' id='line_1_6' title="bbox 272 606 1839 681; baseline 0.004 -24"><span class='ocrx_word' id='word_1_23' title='bbox 272 624 370 676; x_wconf 91' lang='grc' dir='ltr'><strong><em>μον</em></strong></span> <span class='ocrx_word' id='word_1_24' title='bbox 404 606 628 676; x_wconf 79' lang='grc' dir='ltr'><strong><em>παρέξει</em></strong></span> <span class='ocrx_word' id='word_1_25' title='bbox 649 607 727 677; x_wconf 85' lang='grc' dir='ltr'><em>τῷ</em></span> <span class='ocrx_word' id='word_1_26' title='bbox 750 607 1085 679; x_wconf 76' lang='grc' dir='ltr'><strong><em>κηρύγματι,</em></strong></span> <span class='ocrx_word' id='word_1_27' title='bbox 1117 613 1209 666; x_wconf 79' lang='grc' dir='ltr'><em>καὶ</em></span> <span class='ocrx_word' id='word_1_28' title='bbox 1242 613 1447 675; x_wconf 83' lang='grc' dir='ltr'><strong><em>πάντας</em></strong></span> <span class='ocrx_word' id='word_1_29' title='bbox 1492 611 1749 677; x_wconf 79' lang='grc' dir='ltr'>ὑποτάξει</span> <span class='ocrx_word' id='word_1_30' title='bbox 1771 614 1839 681; x_wconf 80' lang='grc' dir='ltr'><em>τῇ</em></span> 
     </span>
    </p>
   </div>
   <div class='ocr_carea' id='block_1_7' title="bbox 274 697 1841 775">
    <p class='ocr_par' dir='ltr' id='par_1_7' title="bbox 274 697 1841 775">
     <span class='ocr_line' id='line_1_7' title="bbox 274 697 1841 775; baseline 0.005 -26"><span class='ocrx_word' id='word_1_31' title='bbox 274 697 523 769; x_wconf 72' lang='grc' dir='ltr'><strong><em>βασιλείᾳ</em></strong></span> <span class='ocrx_word' id='word_1_32' title='bbox 565 716 678 751; x_wconf 91' lang='grc' dir='ltr'><em>σου.</em></span> <span class='ocrx_word' id='word_1_33' title='bbox 706 701 795 771; x_wconf 81' lang='grc' dir='ltr'><strong><em>Μὴ</em></strong></span> <span class='ocrx_word' id='word_1_34' title='bbox 827 700 1078 765; x_wconf 79' lang='grc' dir='ltr'><em>ξενιζέτω</em></span> <span class='ocrx_word' id='word_1_35' title='bbox 1116 702 1171 755; x_wconf 82' lang='grc' dir='ltr'><em>δὲ</em></span> <span class='ocrx_word' id='word_1_36' title='bbox 1202 705 1347 773; x_wconf 77' lang='grc' dir='ltr'><em>ἡμᾶς</em></span> <span class='ocrx_word' id='word_1_37' title='bbox 1375 704 1436 756; x_wconf 85' lang='grc' dir='ltr'><em>τὸ</em></span> <span class='ocrx_word' id='word_1_38' title='bbox 1462 703 1841 775; x_wconf 85' lang='grc' dir='ltr'><em>προστατικῶς</em></span> 
     </span>
    </p>
   </div>
   <div class='ocr_carea' id='block_1_8' title="bbox 268 788 1842 866">
    <p class='ocr_par' dir='ltr' id='par_1_8' title="bbox 268 788 1842 866">
     <span class='ocr_line' id='line_1_8' title="bbox 268 788 1842 866; baseline 0.006 -27"><span class='ocrx_word' id='word_1_39' title='bbox 268 788 523 856; x_wconf 86' lang='grc' dir='ltr'><em>λέγεσθαι</em></span> <span class='ocrx_word' id='word_1_40' title='bbox 566 790 647 854; x_wconf 80' lang='grc' dir='ltr'><em>τὸ,</em></span> <span class='ocrx_word' id='word_1_41' title='bbox 698 792 1058 855; x_wconf 80' lang='grc' dir='ltr'><em>Κατευοδοῦ,</em></span> <span class='ocrx_word' id='word_1_42' title='bbox 1118 792 1209 845; x_wconf 76' lang='grc' dir='ltr'><em>διὰ</em></span> <span class='ocrx_word' id='word_1_43' title='bbox 1264 793 1363 864; x_wconf 79' lang='grc' dir='ltr'><em>τὴν</em></span> <span class='ocrx_word' id='word_1_44' title='bbox 1412 794 1701 866; x_wconf 75' lang='grc' dir='ltr'><em>συνήθειαν</em></span> <span class='ocrx_word' id='word_1_45' title='bbox 1741 795 1842 866; x_wconf 83' lang='grc' dir='ltr'><em>τῆς</em></span> 
     </span>
    </p>
   </div>
   <div class='ocr_carea' id='block_1_9' title="bbox 268 880 1842 957">
    <p class='ocr_par' dir='ltr' id='par_1_9' title="bbox 268 880 1842 957">
     <span class='ocr_line' id='line_1_9' title="bbox 268 880 1842 957; baseline 0.006 -24"><span class='ocrx_word' id='word_1_46' title='bbox 268 881 491 952; x_wconf 85' lang='grc' dir='ltr'><em>Γραφῆς</em></span> <span class='ocrx_word' id='word_1_47' title='bbox 516 880 689 945; x_wconf 75' lang='grc' dir='ltr'><em>οὕτως</em></span> <span class='ocrx_word' id='word_1_48' title='bbox 718 884 805 937; x_wconf 80' lang='grc' dir='ltr'><em>ἀεὶ</em></span> <span class='ocrx_word' id='word_1_49' title='bbox 833 884 1268 957; x_wconf 77' lang='grc' dir='ltr'><em>σχηματιζούσης</em></span> <span class='ocrx_word' id='word_1_50' title='bbox 1291 886 1359 939; x_wconf 84' lang='grc' dir='ltr'><em>τὰ</em></span> <span class='ocrx_word' id='word_1_51' title='bbox 1388 888 1637 942; x_wconf 76' lang='grc' dir='ltr'><em>εὐκτικὰ.</em></span> <span class='ocrx_word' id='word_1_52' title='bbox 1655 890 1842 955; x_wconf 85' lang='grc' dir='ltr'><em>Γενη-</em></span> 
     </span>
    </p>
   </div>
   <div class='ocr_carea' id='block_1_10' title="bbox 266 972 1839 1049">
    <p class='ocr_par' dir='ltr' id='par_1_10' title="bbox 266 972 1839 1049">
     <span class='ocr_line' id='line_1_10' title="bbox 266 972 1839 1049; baseline 0.004 -23"><span class='ocrx_word' id='word_1_53' title='bbox 266 972 423 1039; x_wconf 80' lang='grc' dir='ltr'><em>θήτω</em></span> <span class='ocrx_word' id='word_1_54' title='bbox 450 973 556 1044; x_wconf 87' lang='grc' dir='ltr'><em>γὰρ</em></span> <span class='ocrx_word' id='word_1_55' title='bbox 579 974 645 1027; x_wconf 83' lang='grc' dir='ltr'><em>τὸ</em></span> <span class='ocrx_word' id='word_1_56' title='bbox 672 974 898 1043; x_wconf 82' lang='grc' dir='ltr'><em>θέλημά</em></span> <span class='ocrx_word' id='word_1_57' title='bbox 925 991 1062 1041; x_wconf 90' lang='grc' dir='ltr'><em>σου,</em></span> <span class='ocrx_word' id='word_1_58' title='bbox 1092 977 1211 1029; x_wconf 72' lang='grc' dir='ltr'><em>ἀντὶ</em></span> <span class='ocrx_word' id='word_1_59' title='bbox 1238 978 1352 1043; x_wconf 85' lang='grc' dir='ltr'><em>τοῦ,</em></span> <span class='ocrx_word' id='word_1_60' title='bbox 1385 981 1659 1049; x_wconf 78' lang='grc' dir='ltr'><strong><em>γενηθείη</em></strong></span> <span class='ocrx_word' id='word_1_61' title='bbox 1680 996 1694 1008; x_wconf 80' lang='grc'><strong>’</strong></span> <span class='ocrx_word' id='word_1_62' title='bbox 1724 982 1839 1044; x_wconf 78' lang='grc' dir='ltr'><em>καὶ,</em></span> 
     </span>
    </p>
   </div>
   <div class='ocr_carea' id='block_1_11' title="bbox 281 1064 1697 1143">
    <p class='ocr_par' dir='ltr' id='par_1_11' title="bbox 281 1064 1697 1143">
     <span class='ocr_line' id='line_1_11' title="bbox 281 1064 1697 1143; baseline 0.008 -28"><span class='ocrx_word' id='word_1_63' title='bbox 281 1064 525 1119; x_wconf 82' lang='grc' dir='ltr'><em>Ἐλθέτω</em></span> <span class='ocrx_word' id='word_1_64' title='bbox 555 1066 594 1134; x_wconf 80' lang='grc' dir='ltr'><strong><em>ή</em></strong></span> <span class='ocrx_word' id='word_1_65' title='bbox 619 1068 906 1131; x_wconf 85' lang='grc' dir='ltr'><em>,βασιλεία</em></span> <span class='ocrx_word' id='word_1_66' title='bbox 928 1083 1065 1133; x_wconf 87' lang='grc' dir='ltr'><em>σου,</em></span> <span class='ocrx_word' id='word_1_67' title='bbox 1096 1071 1215 1122; x_wconf 80' lang='grc' dir='ltr'><em>ἀντὶ</em></span> <span class='ocrx_word' id='word_1_68' title='bbox 1244 1071 1360 1135; x_wconf 89' lang='grc' dir='ltr'><em>τοῦ,</em></span> <span class='ocrx_word' id='word_1_69' title='bbox 1380 1073 1541 1127; x_wconf 79' lang='grc' dir='ltr'><em>ἔλθοι</em></span> <span class='ocrx_word' id='word_1_70' title='bbox 1564 1073 1697 1143; x_wconf 79' lang='grc'>(81).</span> 
     </span>
    </p>
   </div>
   <div class='ocr_carea' id='block_1_12' title="bbox 334 1156 1838 1231">
    <p class='ocr_par' dir='ltr' id='par_1_12' title="bbox 334 1156 1838 1231">
     <span class='ocr_line' id='line_1_12' title="bbox 334 1156 1838 1231; baseline 0.005 -20"><span class='ocrx_word' id='word_1_71' title='bbox 334 1156 389 1213; x_wconf 85' lang='grc'><em>6.</em></span> <span class='ocrx_word' id='word_1_72' title='bbox 424 1158 664 1213; x_wconf 82' lang='grc' dir='ltr'><em>Ἕνεκεν</em></span> <span class='ocrx_word' id='word_1_73' title='bbox 689 1160 973 1227; x_wconf 78' lang='grc' dir='ltr'><strong><em>ἀληθείας</em></strong></span> <span class='ocrx_word' id='word_1_74' title='bbox 1005 1161 1102 1214; x_wconf 75' lang='grc' dir='ltr'><strong><em>καί</em></strong></span> <span class='ocrx_word' id='word_1_75' title='bbox 1120 1165 1451 1231; x_wconf 80' lang='grc' dir='ltr'><em>πραότητος</em></span> <span class='ocrx_word' id='word_1_76' title='bbox 1481 1167 1577 1218; x_wconf 71' lang='grc' dir='ltr'><em>καὶ</em></span> <span class='ocrx_word' id='word_1_77' title='bbox 1614 1164 1838 1219; x_wconf 81' lang='grc' dir='ltr'><em>δικαιο-</em></span> 
     </span>
    </p>
   </div>
   <div class='ocr_carea' id='block_1_13' title="bbox 264 1251 1836 1325">
    <p class='ocr_par' dir='ltr' id='par_1_13' title="bbox 264 1251 1836 1325">
     <span class='ocr_line' id='line_1_13' title="bbox 264 1251 1836 1325; baseline 0.007 -24"><span class='ocrx_word' id='word_1_78' title='bbox 264 1251 462 1318; x_wconf 82' lang='grc' dir='ltr'><em>σύνης</em></span> <span class='ocrx_word' id='word_1_79' title='bbox 483 1268 497 1282; x_wconf 91' lang='grc'>·</span> <span class='ocrx_word' id='word_1_80' title='bbox 529 1253 627 1305; x_wconf 79' lang='grc' dir='ltr'><em>καὶ</em></span> <span class='ocrx_word' id='word_1_81' title='bbox 649 1251 934 1320; x_wconf 73' lang='grc' dir='ltr'><strong><em>ὁδηγήσει</em></strong></span> <span class='ocrx_word' id='word_1_82' title='bbox 958 1269 1031 1307; x_wconf 89' lang='grc' dir='ltr'><strong><em>σε</em></strong></span> <span class='ocrx_word' id='word_1_83' title='bbox 1063 1256 1417 1325; x_wconf 83' lang='grc' dir='ltr'><strong><em>θαυμαστῶς</em></strong></span> <span class='ocrx_word' id='word_1_84' title='bbox 1442 1259 1480 1325; x_wconf 83' lang='grc' dir='ltr'><strong><em>ή</em></strong></span> <span class='ocrx_word' id='word_1_85' title='bbox 1511 1257 1679 1323; x_wconf 79' lang='grc' dir='ltr'><em>δεξιὰ</em></span> <span class='ocrx_word' id='word_1_86' title='bbox 1699 1273 1836 1312; x_wconf 88' lang='grc' dir='ltr'><em>σου.</em></span> 
     </span>
    </p>
   </div>
   <div class='ocr_carea' id='block_1_14' title="bbox 268 1343 1839 1419">
    <p class='ocr_par' dir='ltr' id='par_1_14' title="bbox 268 1343 1839 1419">
     <span class='ocr_line' id='line_1_14' title="bbox 268 1343 1839 1419; baseline 0.004 -24"><span class='ocrx_word' id='word_1_87' title='bbox 268 1343 439 1395; x_wconf 84' lang='grc' dir='ltr'><em>Πάλιν</em></span> <span class='ocrx_word' id='word_1_88' title='bbox 465 1347 494 1398; x_wconf 85' lang='grc' dir='ltr'>ὁ</span> <span class='ocrx_word' id='word_1_89' title='bbox 526 1344 679 1414; x_wconf 83' lang='grc' dir='ltr'>λόγος</span> <span class='ocrx_word' id='word_1_90' title='bbox 700 1346 897 1417; x_wconf 83' lang='grc' dir='ltr'><em>ὁμοίως</em></span> <span class='ocrx_word' id='word_1_91' title='bbox 923 1348 1341 1419; x_wconf 70' lang='grc' dir='ltr'><strong><em>ἐσχημάτισται,</em></strong></span> <span class='ocrx_word' id='word_1_92' title='bbox 1374 1350 1616 1419; x_wconf 75' lang='grc' dir='ltr'><em>ὡσπερεὶ</em></span> <span class='ocrx_word' id='word_1_93' title='bbox 1648 1349 1839 1419; x_wconf 85' lang='grc' dir='ltr'><em>μισθὸν</em></span> 
     </span>
    </p>
   </div>
   <div class='ocr_carea' id='block_1_15' title="bbox 264 1434 1837 1511">
    <p class='ocr_par' dir='ltr' id='par_1_15' title="bbox 264 1434 1837 1511">
     <span class='ocr_line' id='line_1_15' title="bbox 264 1434 1837 1511; baseline 0.004 -24"><span class='ocrx_word' id='word_1_94' title='bbox 264 1434 434 1488; x_wconf 83' lang='grc' dir='ltr'><em>ταῦτα</em></span> <span class='ocrx_word' id='word_1_95' title='bbox 477 1435 840 1506; x_wconf 78' lang='grc' dir='ltr'><em>λαμϐάνοντος</em></span> <span class='ocrx_word' id='word_1_96' title='bbox 868 1438 961 1491; x_wconf 89' lang='grc' dir='ltr'><strong><em>τοῦ</em></strong></span> <span class='ocrx_word' id='word_1_97' title='bbox 1015 1440 1241 1511; x_wconf 82' lang='grc' dir='ltr'><strong><em>Κυρίου,</em></strong></span> <span class='ocrx_word' id='word_1_98' title='bbox 1266 1441 1327 1492; x_wconf 85' lang='grc' dir='ltr'><em>τὸ</em></span> <span class='ocrx_word' id='word_1_99' title='bbox 1366 1440 1837 1495; x_wconf 86' lang='grc' dir='ltr'><em>κατευοδοῦσθαι</em></span> 
     </span>
    </p>
   </div>
   <div class='ocr_carea' id='block_1_16' title="bbox 265 1528 1835 1600">
    <p class='ocr_par' dir='ltr' id='par_1_16' title="bbox 265 1528 1835 1600">
     <span class='ocr_line' id='line_1_16' title="bbox 265 1528 1835 1600; baseline 0.004 -21"><span class='ocrx_word' id='word_1_100' title='bbox 265 1529 360 1580; x_wconf 83' lang='grc' dir='ltr'>καί</span> <span class='ocrx_word' id='word_1_101' title='bbox 388 1528 765 1592; x_wconf 78' lang='grc' dir='ltr'><strong><em>βασιλεύειν,</em></strong></span> <span class='ocrx_word' id='word_1_102' title='bbox 805 1532 958 1597; x_wconf 77' lang='grc' dir='ltr'><em>ὑπὲρ</em></span> <span class='ocrx_word' id='word_1_103' title='bbox 998 1532 1301 1599; x_wconf 75' lang='grc' dir='ltr'><strong><em>ἀληθείας,</em></strong></span> <span class='ocrx_word' id='word_1_104' title='bbox 1350 1532 1448 1584; x_wconf 80' lang='grc' dir='ltr'><em>καὶ</em></span> <span class='ocrx_word' id='word_1_105' title='bbox 1480 1534 1835 1600; x_wconf 79' lang='grc' dir='ltr'><em>πραότητος,</em></span> 
     </span>
    </p>
   </div>
   <div class='ocr_carea' id='block_1_17' title="bbox 264 1619 1838 1696">
    <p class='ocr_par' dir='ltr' id='par_1_17' title="bbox 264 1619 1838 1696">
     <span class='ocr_line' id='line_1_17' title="bbox 264 1619 1838 1696; baseline 0.004 -26"><span class='ocrx_word' id='word_1_106' title='bbox 264 1620 364 1671; x_wconf 80' lang='grc' dir='ltr'><em>καὶ</em></span> <span class='ocrx_word' id='word_1_107' title='bbox 387 1619 797 1689; x_wconf 84' lang='grc' dir='ltr'><strong><em>δικαιοσύνης.</em></strong></span> <span class='ocrx_word' id='word_1_108' title='bbox 828 1626 919 1676; x_wconf 86' lang='grc' dir='ltr'><strong><em>Δεῖ</em></strong></span> <span class='ocrx_word' id='word_1_109' title='bbox 944 1624 1002 1678; x_wconf 84' lang='grc' dir='ltr'><em>δὲ</em></span> <span class='ocrx_word' id='word_1_110' title='bbox 1040 1625 1179 1677; x_wconf 74' lang='grc' dir='ltr'><em>οὕτω</em></span> <span class='ocrx_word' id='word_1_111' title='bbox 1206 1627 1347 1679; x_wconf 78' lang='grc' dir='ltr'><em>νοεῖν</em></span> <span class='ocrx_word' id='word_1_112' title='bbox 1372 1643 1384 1655; x_wconf 74' lang='grc' dir='ltr'><strong><em>ο</em></strong></span> <span class='ocrx_word' id='word_1_113' title='bbox 1423 1626 1503 1677; x_wconf 79' lang='grc' dir='ltr'><em>ὅτι</em></span> <span class='ocrx_word' id='word_1_114' title='bbox 1538 1626 1724 1696; x_wconf 80' lang='grc' dir='ltr'><em>ἐπειδὴ</em></span> <span class='ocrx_word' id='word_1_115' title='bbox 1759 1625 1838 1696; x_wconf 82' lang='grc' dir='ltr'><em>τῷ</em></span> 
     </span>
    </p>
   </div>
   <div class='ocr_carea' id='block_1_18' title="bbox 261 1710 1839 1788">
    <p class='ocr_par' dir='ltr' id='par_1_18' title="bbox 261 1710 1839 1788">
     <span class='ocr_line' id='line_1_18' title="bbox 261 1710 1839 1788; baseline 0.004 -27"><span class='ocrx_word' id='word_1_116' title='bbox 261 1710 445 1778; x_wconf 70' lang='grc' dir='ltr'><em>ψεύδει</em></span> <span class='ocrx_word' id='word_1_117' title='bbox 472 1713 925 1785; x_wconf 74' lang='grc' dir='ltr'><em>προδιέστραττται</em></span> <span class='ocrx_word' id='word_1_118' title='bbox 944 1716 1010 1769; x_wconf 75' lang='grc' dir='ltr'><strong><em>τά</em></strong></span> <span class='ocrx_word' id='word_1_119' title='bbox 1040 1715 1373 1787; x_wconf 83' lang='grc' dir='ltr'><em>ἀνθρώπινα,</em></span> <span class='ocrx_word' id='word_1_120' title='bbox 1403 1718 1488 1770; x_wconf 82' lang='grc' dir='ltr'><em>ἵνα</em></span> <span class='ocrx_word' id='word_1_121' title='bbox 1515 1716 1839 1788; x_wconf 78' lang='grc' dir='ltr'><em>ἐπισπείρης</em></span> 
     </span>
    </p>
   </div>
   <div class='ocr_carea' id='block_1_19' title="bbox 261 1804 1835 1879">
    <p class='ocr_par' dir='ltr' id='par_1_19' title="bbox 261 1804 1835 1879">
     <span class='ocr_line' id='line_1_19' title="bbox 261 1804 1835 1879; baseline 0.005 -26"><span class='ocrx_word' id='word_1_122' title='bbox 261 1804 361 1873; x_wconf 79' lang='grc' dir='ltr'><em>τὴν</em></span> <span class='ocrx_word' id='word_1_123' title='bbox 385 1804 658 1875; x_wconf 83' lang='grc' dir='ltr'><em>ἀλήθειαν,</em></span> <span class='ocrx_word' id='word_1_124' title='bbox 684 1806 933 1876; x_wconf 82' lang='grc' dir='ltr'><strong><em>βασίλευε</em></strong></span> <span class='ocrx_word' id='word_1_125' title='bbox 963 1810 1022 1861; x_wconf 84' lang='grc' dir='ltr'><em>ὲν</em></span> <span class='ocrx_word' id='word_1_126' title='bbox 1046 1810 1156 1871; x_wconf 87' lang='grc' dir='ltr'><em>τοῖς</em></span> <span class='ocrx_word' id='word_1_127' title='bbox 1190 1808 1498 1879; x_wconf 85' lang='grc' dir='ltr'><em>ἀνθρώποις</em></span> <span class='ocrx_word' id='word_1_128' title='bbox 1529 1811 1642 1871; x_wconf 90' lang='grc' dir='ltr'><em>τοῖς</em></span> <span class='ocrx_word' id='word_1_129' title='bbox 1684 1810 1835 1878; x_wconf 88' lang='grc' dir='ltr'><em>βασι-</em></span> 
     </span>
    </p>
   </div>
   <div class='ocr_carea' id='block_1_20' title="bbox 260 1891 1827 1970">
    <p class='ocr_par' dir='ltr' id='par_1_20' title="bbox 260 1891 1827 1970">
     <span class='ocr_line' id='line_1_20' title="bbox 260 1891 1827 1970; baseline 0.006 -27"><span class='ocrx_word' id='word_1_130' title='bbox 260 1891 570 1964; x_wconf 83' lang='grc' dir='ltr'><em>λευομένοις</em></span> <span class='ocrx_word' id='word_1_131' title='bbox 602 1897 704 1949; x_wconf 80' lang='grc' dir='ltr'><strong><em>ὑπὸ</em></strong></span> <span class='ocrx_word' id='word_1_132' title='bbox 728 1898 829 1967; x_wconf 80' lang='grc' dir='ltr'><em>τῆς</em></span> <span class='ocrx_word' id='word_1_133' title='bbox 852 1900 1126 1970; x_wconf 82' lang='grc' dir='ltr'><em>ἁμαρτίας</em></span> <span class='ocrx_word' id='word_1_134' title='bbox 1145 1916 1159 1929; x_wconf 86' lang='grc'><strong>·</strong></span> <span class='ocrx_word' id='word_1_135' title='bbox 1208 1901 1270 1950; x_wconf 82' lang='grc' dir='ltr'><em>σὺ</em></span> <span class='ocrx_word' id='word_1_136' title='bbox 1303 1899 1410 1969; x_wconf 77' lang='grc' dir='ltr'><em>γὰρ</em></span> <span class='ocrx_word' id='word_1_137' title='bbox 1442 1895 1492 1951; x_wconf 86' lang='grc' dir='ltr'><em>εἷ</em></span> <span class='ocrx_word' id='word_1_138' title='bbox 1521 1902 1554 1969; x_wconf 77' lang='grc' dir='ltr'>ἡ</span> <span class='ocrx_word' id='word_1_139' title='bbox 1584 1899 1827 1969; x_wconf 78' lang='grc' dir='ltr'><em>ἀλήθεια.</em></span> 
     </span>
    </p>
   </div>
   <div class='ocr_carea' id='block_1_21' title="bbox 261 1988 1833 2061">
    <p class='ocr_par' dir='ltr' id='par_1_21' title="bbox 261 1988 1833 2061">
     <span class='ocr_line' id='line_1_21' title="bbox 261 1988 1833 2061; baseline 0.003 -21"><span class='ocrx_word' id='word_1_140' title='bbox 261 1988 394 2051; x_wconf 69' lang='grc' dir='ltr'><em>Καὶ,</em></span> <span class='ocrx_word' id='word_1_141' title='bbox 423 1990 675 2043; x_wconf 84' lang='grc' dir='ltr'><em>’Ἑνεκεν</em></span> <span class='ocrx_word' id='word_1_142' title='bbox 719 1993 1070 2059; x_wconf 79' lang='grc' dir='ltr'><em>πραότητος,</em></span> <span class='ocrx_word' id='word_1_143' title='bbox 1109 1992 1193 2043; x_wconf 83' lang='grc' dir='ltr'><em>ἴνα</em></span> <span class='ocrx_word' id='word_1_144' title='bbox 1226 1990 1303 2061; x_wconf 79' lang='grc' dir='ltr'><em>τῷ</em></span> <span class='ocrx_word' id='word_1_145' title='bbox 1343 1991 1485 2044; x_wconf 86' lang='grc' dir='ltr'><strong><em>κατά</em></strong></span> <span class='ocrx_word' id='word_1_146' title='bbox 1543 1992 1603 2044; x_wconf 84' lang='grc' dir='ltr'><em>σὲ</em></span> <span class='ocrx_word' id='word_1_147' title='bbox 1629 1992 1833 2045; x_wconf 80' lang='grc' dir='ltr'><em>ὑποδεί-</em></span> 
     </span>
    </p>
   </div>
   <div class='ocr_carea' id='block_1_22' title="bbox 259 2081 1830 2153">
    <p class='ocr_par' dir='ltr' id='par_1_22' title="bbox 259 2081 1830 2153">
     <span class='ocr_line' id='line_1_22' title="bbox 259 2081 1830 2153; baseline 0.002 -22"><span class='ocrx_word' id='word_1_148' title='bbox 259 2096 294 2146; x_wconf 87' lang='grc' dir='ltr'><strong><em>γ</em></strong></span> <span class='ocrx_word' id='word_1_149' title='bbox 304 2097 431 2147; x_wconf 88' lang='grc' dir='ltr'><em>ματι</em></span> <span class='ocrx_word' id='word_1_150' title='bbox 453 2081 652 2144; x_wconf 79' lang='grc' dir='ltr'><em>πάντες</em></span> <span class='ocrx_word' id='word_1_151' title='bbox 667 2084 744 2145; x_wconf 79' lang='grc' dir='ltr'><em>εἰς</em></span> <span class='ocrx_word' id='word_1_152' title='bbox 760 2082 1059 2133; x_wconf 81' lang='grc' dir='ltr'><em>ἐπιείκειαν</em></span> <span class='ocrx_word' id='word_1_153' title='bbox 1077 2082 1169 2133; x_wconf 73' lang='grc' dir='ltr'><em>καὶ</em></span> <span class='ocrx_word' id='word_1_154' title='bbox 1185 2082 1528 2152; x_wconf 82' lang='grc' dir='ltr'><em>χρηστότητα</em></span> <span class='ocrx_word' id='word_1_155' title='bbox 1545 2082 1830 2153; x_wconf 82' lang='grc' dir='ltr'><em>προαχθῶ-</em></span> 
     </span>
    </p>
   </div>
   <div class='ocr_carea' id='block_1_23' title="bbox 261 2174 1830 2247">
    <p class='ocr_par' dir='ltr' id='par_1_23' title="bbox 261 2174 1830 2247">
     <span class='ocr_line' id='line_1_23' title="bbox 261 2174 1830 2247; baseline 0.003 -21"><span class='ocrx_word' id='word_1_156' title='bbox 261 2191 313 2226; x_wconf 86' lang='grc' dir='ltr'><strong><em>σι</em></strong></span> <span class='ocrx_word' id='word_1_157' title='bbox 344 2174 475 2243; x_wconf 74' lang='grc'>(82).</span> <span class='ocrx_word' id='word_1_158' title='bbox 508 2176 597 2227; x_wconf 84' lang='grc' dir='ltr'><strong><em>Διὸ</em></strong></span> <span class='ocrx_word' id='word_1_159' title='bbox 622 2178 716 2229; x_wconf 69' lang='grc' dir='ltr'><em>καὶ</em></span> <span class='ocrx_word' id='word_1_160' title='bbox 772 2177 800 2228; x_wconf 88' lang='grc' dir='ltr'>ὁ</span> <span class='ocrx_word' id='word_1_161' title='bbox 827 2176 1030 2246; x_wconf 85' lang='grc' dir='ltr'><em>Κύριος</em></span> <span class='ocrx_word' id='word_1_162' title='bbox 1063 2176 1243 2245; x_wconf 74' lang='grc' dir='ltr'><em>ἔλεγε·</em></span> <span class='ocrx_word' id='word_1_163' title='bbox 1282 2176 1509 2231; x_wconf 83' lang='grc' dir='ltr'><em>Μάθετε</em></span> <span class='ocrx_word' id='word_1_164' title='bbox 1536 2178 1636 2231; x_wconf 77' lang='grc' dir='ltr'><em>ἀπ’</em></span> <span class='ocrx_word' id='word_1_165' title='bbox 1664 2178 1830 2247; x_wconf 87' lang='grc' dir='ltr'><em>ἐμοῦ,</em></span> 
     </span>
    </p>
   </div>
   <div class='ocr_carea' id='block_1_24' title="bbox 258 2263 1829 2337">
    <p class='ocr_par' dir='ltr' id='par_1_24' title="bbox 258 2263 1829 2337">
     <span class='ocr_line' id='line_1_24' title="bbox 258 2263 1829 2337; baseline 0.005 -23"><span class='ocrx_word' id='word_1_166' title='bbox 258 2263 345 2315; x_wconf 80' lang='grc' dir='ltr'><em>ὅτι</em></span> <span class='ocrx_word' id='word_1_167' title='bbox 373 2264 560 2331; x_wconf 70' lang='grc' dir='ltr'><em>πρᾶός</em></span> <span class='ocrx_word' id='word_1_168' title='bbox 602 2268 717 2335; x_wconf 84' lang='grc' dir='ltr'><em>ειμι</em></span> <span class='ocrx_word' id='word_1_169' title='bbox 756 2267 853 2320; x_wconf 76' lang='grc' dir='ltr'><strong><em>καί</em></strong></span> <span class='ocrx_word' id='word_1_170' title='bbox 880 2266 1158 2334; x_wconf 81' lang='grc' dir='ltr'><em>ταπεινὸς</em></span> <span class='ocrx_word' id='word_1_171' title='bbox 1183 2268 1257 2337; x_wconf 78' lang='grc' dir='ltr'><em>τῇ</em></span> <span class='ocrx_word' id='word_1_172' title='bbox 1282 2270 1513 2337; x_wconf 80' lang='grc' dir='ltr'><strong><em>καρδίᾳ.</em></strong></span> <span class='ocrx_word' id='word_1_173' title='bbox 1551 2270 1659 2322; x_wconf 76' lang='grc' dir='ltr'><strong><em>Καὶ</em></strong></span> <span class='ocrx_word' id='word_1_174' title='bbox 1696 2270 1829 2322; x_wconf 85' lang='grc' dir='ltr'><em>ἀπό-</em></span> 
     </span>
    </p>
   </div>
   <div class='ocr_carea' id='block_1_25' title="bbox 256 2354 1831 2430">
    <p class='ocr_par' dir='ltr' id='par_1_25' title="bbox 256 2354 1831 2430">
     <span class='ocr_line' id='line_1_25' title="bbox 256 2354 1831 2430; baseline 0.002 -22"><span class='ocrx_word' id='word_1_175' title='bbox 256 2354 423 2419; x_wconf 82' lang='grc' dir='ltr'><em>δειξιν</em></span> <span class='ocrx_word' id='word_1_176' title='bbox 469 2357 757 2428; x_wconf 82' lang='grc' dir='ltr'><em>παρείχετο</em></span> <span class='ocrx_word' id='word_1_177' title='bbox 807 2358 908 2427; x_wconf 79' lang='grc' dir='ltr'><em>τῆς</em></span> <span class='ocrx_word' id='word_1_178' title='bbox 982 2360 1290 2430; x_wconf 85' lang='grc' dir='ltr'><em>πραότητος</em></span> <span class='ocrx_word' id='word_1_179' title='bbox 1350 2362 1435 2411; x_wconf 79' lang='grc' dir='ltr'><em>ἐπ’</em></span> <span class='ocrx_word' id='word_1_180' title='bbox 1494 2359 1672 2413; x_wconf 76' lang='grc' dir='ltr'><em>αὐτῶν</em></span> <span class='ocrx_word' id='word_1_181' title='bbox 1721 2357 1831 2411; x_wconf 86' lang='grc' dir='ltr'><strong><em>τῶν</em></strong></span> 
     </span>
    </p>
   </div>
   <div class='ocr_carea' id='block_1_26' title="bbox 257 2448 1831 2521">
    <p class='ocr_par' dir='ltr' id='par_1_26' title="bbox 257 2448 1831 2521">
     <span class='ocr_line' id='line_1_26' title="bbox 257 2448 1831 2521; baseline 0.003 -22"><span class='ocrx_word' id='word_1_182' title='bbox 257 2448 435 2519; x_wconf 71' lang='grc' dir='ltr'><em>ἔργων</em></span> <span class='ocrx_word' id='word_1_183' title='bbox 458 2465 473 2480; x_wconf 78' lang='grc' dir='ltr'><strong>ο</strong></span> <span class='ocrx_word' id='word_1_184' title='bbox 505 2448 933 2521; x_wconf 74' lang='grc' dir='ltr'><em>λοιδορούμενος,</em></span> <span class='ocrx_word' id='word_1_185' title='bbox 960 2450 1201 2504; x_wconf 82' lang='grc' dir='ltr'><em>ἐσιώπα·</em></span> <span class='ocrx_word' id='word_1_186' title='bbox 1235 2451 1646 2520; x_wconf 75' lang='grc' dir='ltr'><em>μαστιξόμενος,</em></span> <span class='ocrx_word' id='word_1_187' title='bbox 1682 2451 1831 2520; x_wconf 72' lang='grc' dir='ltr'><em>ἠνεί-</em></span> 
     </span>
    </p>
   </div>
   <div class='ocr_carea' id='block_1_27' title="bbox 257 2542 1829 2611">
    <p class='ocr_par' dir='ltr' id='par_1_27' title="bbox 257 2542 1829 2611">
     <span class='ocr_line' id='line_1_27' title="bbox 257 2542 1829 2611; baseline 0.004 -20"><span class='ocrx_word' id='word_1_188' title='bbox 257 2557 404 2609; x_wconf 84' lang='grc' dir='ltr'><em>χετο.</em></span> <span class='ocrx_word' id='word_1_189' title='bbox 436 2542 549 2595; x_wconf 75' lang='grc' dir='ltr'><strong><em>Καὶ</em></strong></span> <span class='ocrx_word' id='word_1_190' title='bbox 591 2543 877 2611; x_wconf 72' lang='grc' dir='ltr'><em>ὁδηγήσει</em></span> <span class='ocrx_word' id='word_1_191' title='bbox 915 2560 988 2596; x_wconf 90' lang='grc' dir='ltr'><strong><em>σε</em></strong></span> <span class='ocrx_word' id='word_1_192' title='bbox 1022 2542 1376 2611; x_wconf 83' lang='grc' dir='ltr'><em>θαυμαστῶς</em></span> <span class='ocrx_word' id='word_1_193' title='bbox 1412 2543 1445 2609; x_wconf 67' lang='grc' dir='ltr'><strong><em>η</em></strong></span> <span class='ocrx_word' id='word_1_194' title='bbox 1491 2542 1662 2605; x_wconf 80' lang='grc' dir='ltr'><em>δεξιά</em></span> <span class='ocrx_word' id='word_1_195' title='bbox 1690 2558 1829 2598; x_wconf 91' lang='grc' dir='ltr'><em>σου.</em></span> 
     </span>
    </p>
   </div>
   <div class='ocr_carea' id='block_1_28' title="bbox 258 2634 1831 2708">
    <p class='ocr_par' dir='ltr' id='par_1_28' title="bbox 258 2634 1831 2708">
     <span class='ocr_line' id='line_1_28' title="bbox 258 2634 1831 2708; baseline 0.003 -22"><span class='ocrx_word' id='word_1_196' title='bbox 258 2634 394 2704; x_wconf 72' lang='grc' dir='ltr'><strong>Οὐχὶ</strong></span> <span class='ocrx_word' id='word_1_197' title='bbox 425 2634 616 2698; x_wconf 89' lang='grc' dir='ltr'><em>στῦλος</em></span> <span class='ocrx_word' id='word_1_198' title='bbox 672 2635 919 2704; x_wconf 79' lang='grc' dir='ltr'><em>νεφέλης,</em></span> <span class='ocrx_word' id='word_1_199' title='bbox 968 2635 1086 2687; x_wconf 76' lang='grc' dir='ltr'><em>οὐδὲ</em></span> <span class='ocrx_word' id='word_1_200' title='bbox 1139 2635 1416 2706; x_wconf 74' lang='grc' dir='ltr'><em>φωτισμὸς</em></span> <span class='ocrx_word' id='word_1_201' title='bbox 1466 2637 1658 2708; x_wconf 81' lang='grc' dir='ltr'><em>πυρὸς,</em></span> <span class='ocrx_word' id='word_1_202' title='bbox 1713 2638 1831 2691; x_wconf 86' lang='grc' dir='ltr'><em>ἀλλ’</em></span> 
     </span>
    </p>
   </div>
   <div class='ocr_carea' id='block_1_29' title="bbox 256 2726 1829 2799">
    <p class='ocr_par' dir='ltr' id='par_1_29' title="bbox 256 2726 1829 2799">
     <span class='ocr_line' id='line_1_29' title="bbox 256 2726 1829 2799; baseline 0.005 -22"><span class='ocrx_word' id='word_1_203' title='bbox 256 2726 394 2795; x_wconf 75' lang='grc' dir='ltr'><em>αὐτὴ</em></span> <span class='ocrx_word' id='word_1_204' title='bbox 423 2729 455 2796; x_wconf 83' lang='grc' dir='ltr'>ἡ</span> <span class='ocrx_word' id='word_1_205' title='bbox 488 2726 640 2792; x_wconf 76' lang='grc' dir='ltr'><em>δεξιά</em></span> <span class='ocrx_word' id='word_1_206' title='bbox 672 2743 787 2780; x_wconf 84' lang='grc' dir='ltr'><em>σου.</em></span> <span class='ocrx_word' id='word_1_207' title='bbox 846 2730 921 2780; x_wconf 84' lang='grc' dir='ltr'><strong><em>Τὰ</em></strong></span> <span class='ocrx_word' id='word_1_208' title='bbox 957 2726 1116 2796; x_wconf 80' lang='grc' dir='ltr'><em>,ϐέλη</em></span> <span class='ocrx_word' id='word_1_209' title='bbox 1170 2745 1288 2783; x_wconf 86' lang='grc' dir='ltr'><em>σου</em></span> <span class='ocrx_word' id='word_1_210' title='bbox 1318 2729 1684 2799; x_wconf 78' lang='grc' dir='ltr'><em>ἠκονημένα,</em></span> <span class='ocrx_word' id='word_1_211' title='bbox 1726 2731 1829 2785; x_wconf 89' lang='grc' dir='ltr'><strong><em>δυ-</em></strong></span> 
     </span>
    </p>
   </div>
   <div class='ocr_carea' id='block_1_30' title="bbox 256 2816 1833 2891">
    <p class='ocr_par' dir='ltr' id='par_1_30' title="bbox 256 2816 1833 2891">
     <span class='ocr_line' id='line_1_30' title="bbox 256 2816 1833 2891; baseline 0.002 -20"><span class='ocrx_word' id='word_1_212' title='bbox 256 2816 398 2871; x_wconf 76' lang='grc' dir='ltr'><em>νατέ</em></span> <span class='ocrx_word' id='word_1_213' title='bbox 422 2816 553 2885; x_wconf 80' lang='grc'>(85).</span> <span class='ocrx_word' id='word_1_214' title='bbox 583 2816 721 2889; x_wconf 88' lang='grc' dir='ltr'><em>Βέλη</em></span> <span class='ocrx_word' id='word_1_215' title='bbox 759 2816 854 2871; x_wconf 86' lang='grc' dir='ltr'><strong><em>τοῦ</em></strong></span> <span class='ocrx_word' id='word_1_216' title='bbox 881 2817 1107 2873; x_wconf 86' lang='grc' dir='ltr'><em>δυνατοῦ</em></span> <span class='ocrx_word' id='word_1_217' title='bbox 1142 2820 1457 2891; x_wconf 71' lang='grc' dir='ltr'><em>ἠκονημένα</em></span> <span class='ocrx_word' id='word_1_218' title='bbox 1489 2822 1636 2873; x_wconf 72' lang='grc' dir='ltr'><em>ἐστὶν</em></span> <span class='ocrx_word' id='word_1_219' title='bbox 1670 2823 1718 2874; x_wconf 74' lang='lat'><strong>0!</strong></span> <span class='ocrx_word' id='word_1_220' title='bbox 1745 2821 1833 2874; x_wconf 75' lang='grc' dir='ltr'><strong><em>εὓ-</em></strong></span> 
     </span>
    </p>
   </div>
   <div class='ocr_carea' id='block_1_31' title="bbox 259 2909 1834 2983">
    <p class='ocr_par' dir='ltr' id='par_1_31' title="bbox 259 2909 1834 2983">
     <span class='ocr_line' id='line_1_31' title="bbox 259 2909 1834 2983; baseline 0.004 -23"><span class='ocrx_word' id='word_1_221' title='bbox 259 2926 438 2979; x_wconf 88' lang='grc' dir='ltr'><em>στοχοι</em></span> <span class='ocrx_word' id='word_1_222' title='bbox 490 2909 672 2978; x_wconf 83' lang='grc' dir='ltr'><em>λόγοι,</em></span> <span class='ocrx_word' id='word_1_223' title='bbox 723 2912 773 2963; x_wconf 77' lang='grc' dir='ltr'><em>οἱ</em></span> <span class='ocrx_word' id='word_1_224' title='bbox 817 2910 1234 2982; x_wconf 78' lang='grc' dir='ltr'><em>καθικνούμενοι</em></span> <span class='ocrx_word' id='word_1_225' title='bbox 1298 2912 1397 2983; x_wconf 83' lang='grc' dir='ltr'><em>τῆς</em></span> <span class='ocrx_word' id='word_1_226' title='bbox 1454 2912 1677 2983; x_wconf 83' lang='grc' dir='ltr'><em>καρδίας</em></span> <span class='ocrx_word' id='word_1_227' title='bbox 1726 2912 1834 2966; x_wconf 84' lang='grc' dir='ltr'><strong><em>τῶν</em></strong></span> 
     </span>
    </p>
   </div>
   <div class='ocr_carea' id='block_1_32' title="bbox 256 3002 1831 3074">
    <p class='ocr_par' dir='ltr' id='par_1_32' title="bbox 256 3002 1831 3074">
     <span class='ocr_line' id='line_1_32' title="bbox 256 3002 1831 3074; baseline 0.003 -21"><span class='ocrx_word' id='word_1_228' title='bbox 256 3002 646 3073; x_wconf 79' lang='grc' dir='ltr'><em>ἀκροωμένων,</em></span> <span class='ocrx_word' id='word_1_229' title='bbox 678 3003 963 3074; x_wconf 81' lang='grc' dir='ltr'><em>βάλλοντες</em></span> <span class='ocrx_word' id='word_1_230' title='bbox 992 3005 1084 3057; x_wconf 79' lang='grc' dir='ltr'><em>καὶ</em></span> <span class='ocrx_word' id='word_1_231' title='bbox 1107 3003 1502 3074; x_wconf 80' lang='grc' dir='ltr'><em>τιτρώσκοντες</em></span> <span class='ocrx_word' id='word_1_232' title='bbox 1549 3006 1645 3066; x_wconf 78' lang='grc' dir='ltr'><em>τὰς</em></span> <span class='ocrx_word' id='word_1_233' title='bbox 1681 3005 1831 3059; x_wconf 81' lang='grc' dir='ltr'><em>εὐαι-</em></span> 
     </span>
    </p>
   </div>
   <div class='ocr_carea' id='block_1_33' title="bbox 257 3093 1836 3165">
    <p class='ocr_par' dir='ltr' id='par_1_33' title="bbox 257 3093 1836 3165">
     <span class='ocr_line' id='line_1_33' title="bbox 257 3093 1836 3165; baseline 0.003 -20"><span class='ocrx_word' id='word_1_234' title='bbox 257 3093 486 3164; x_wconf 85' lang='grc' dir='ltr'><em>σθήτους</em></span> <span class='ocrx_word' id='word_1_235' title='bbox 503 3095 698 3165; x_wconf 79' lang='grc' dir='ltr'><em>ψυχάς.</em></span> <span class='ocrx_word' id='word_1_236' title='bbox 726 3097 900 3163; x_wconf 78' lang='grc' dir='ltr'><em>Λόγοι</em></span> <span class='ocrx_word' id='word_1_237' title='bbox 931 3096 1060 3163; x_wconf 73' lang='grc' dir='ltr'><em>γὰρ,</em></span> <span class='ocrx_word' id='word_1_238' title='bbox 1092 3095 1245 3164; x_wconf 66' lang='grc' dir='ltr'><em>φησι,</em></span> <span class='ocrx_word' id='word_1_239' title='bbox 1273 3093 1481 3162; x_wconf 61' lang='grc' dir='ltr'><em>σοφῶν</em></span> <span class='ocrx_word' id='word_1_240' title='bbox 1500 3095 1579 3161; x_wconf 86' lang='grc' dir='ltr'><em>ὠς</em></span> <span class='ocrx_word' id='word_1_241' title='bbox 1601 3094 1673 3147; x_wconf 85' lang='grc' dir='ltr'><strong><em>τὰ</em></strong></span> <span class='ocrx_word' id='word_1_242' title='bbox 1686 3096 1836 3158; x_wconf 77' lang='grc' dir='ltr'><strong><em>βού-</em></strong></span> 
     </span>
    </p>
   </div>
   <div class='ocr_carea' id='block_1_34' title="bbox 1945 611 3513 686">
    <p class='ocr_par' dir='ltr' id='par_1_34' title="bbox 1945 611 3513 686">
     <span class='ocr_line' id='line_1_34' title="bbox 1945 611 3513 686; baseline 0.004 -20"><span class='ocrx_word' id='word_1_243' title='bbox 1945 611 2205 682; x_wconf 80' lang='lat' dir='ltr'><strong><em>Prospere</em></strong></span> <span class='ocrx_word' id='word_1_244' title='bbox 2240 616 2477 682; x_wconf 79' lang='lat' dir='ltr'><strong><em>procede,</em></strong></span> <span class='ocrx_word' id='word_1_245' title='bbox 2496 632 2619 671; x_wconf 89' lang='lat' dir='ltr'><strong><em>cum</em></strong></span> <span class='ocrx_word' id='word_1_246' title='bbox 2648 631 2711 672; x_wconf 84' lang='lat' dir='ltr'><strong><em>ea</em></strong></span> <span class='ocrx_word' id='word_1_247' title='bbox 2734 632 2852 685; x_wconf 65' lang='lat' dir='ltr'><strong><em>quae</em></strong></span> <span class='ocrx_word' id='word_1_248' title='bbox 2877 625 3147 686; x_wconf 84' lang='lat' dir='ltr'><strong><em>optantur,</em></strong></span> <span class='ocrx_word' id='word_1_249' title='bbox 3171 633 3384 685; x_wconf 83' lang='lat' dir='ltr'><strong><em>semper</em></strong></span> <span class='ocrx_word' id='word_1_250' title='bbox 3416 622 3513 673; x_wconf 87' lang='lat' dir='ltr'><strong><em>hoc</em></strong></span> 
     </span>
    </p>
   </div>
   <div class='ocr_carea' id='block_1_35' title="bbox 1943 704 3517 776">
    <p class='ocr_par' dir='ltr' id='par_1_35' title="bbox 1943 704 3517 776">
     <span class='ocr_line' id='line_1_35' title="bbox 1943 704 3517 776; baseline 0.003 -19"><span class='ocrx_word' id='word_1_251' title='bbox 1943 706 2103 759; x_wconf 90' lang='lat' dir='ltr'><strong><em>modo</em></strong></span> <span class='ocrx_word' id='word_1_252' title='bbox 2131 704 2361 774; x_wconf 80' lang='lat' dir='ltr'><strong><em>figurare</em></strong></span> <span class='ocrx_word' id='word_1_253' title='bbox 2392 706 2671 776; x_wconf 78' lang='lat' dir='ltr'><strong><em>Scriptura</em></strong></span> <span class='ocrx_word' id='word_1_254' title='bbox 2719 707 2914 762; x_wconf 77' lang='lat' dir='ltr'><strong><em>soleat.</em></strong></span> <span class='ocrx_word' id='word_1_255' title='bbox 2946 706 3206 762; x_wconf 84' lang='lat' dir='ltr'><strong><em>Nimirum</em></strong></span> <span class='ocrx_word' id='word_1_256' title='bbox 3228 748 3242 771; x_wconf 94' lang='lat'><strong><em>,</em></strong></span> <span class='ocrx_word' id='word_1_257' title='bbox 3273 705 3399 761; x_wconf 83' lang='lat' dir='ltr'><strong><em>Fiat</em></strong></span> <span class='ocrx_word' id='word_1_258' title='bbox 3429 726 3517 761; x_wconf 78' lang='lat' dir='ltr'><strong><em>vo-</em></strong></span> 
     </span>
    </p>
   </div>
   <div class='ocr_carea' id='block_1_36' title="bbox 1941 796 3514 867">
    <p class='ocr_par' dir='ltr' id='par_1_36' title="bbox 1941 796 3514 867">
     <span class='ocr_line' id='line_1_36' title="bbox 1941 796 3514 867; baseline 0.003 -19"><span class='ocrx_word' id='word_1_259' title='bbox 1941 796 2115 852; x_wconf 87' lang='lat' dir='ltr'><strong><em>luntas</em></strong></span> <span class='ocrx_word' id='word_1_260' title='bbox 2160 808 2253 850; x_wconf 86' lang='lat' dir='ltr'><strong><em>tua</em></strong></span> <span class='ocrx_word' id='word_1_261' title='bbox 2282 799 2350 863; x_wconf 84' lang='lat'><strong><em>&quot;,</em></strong></span> <span class='ocrx_word' id='word_1_262' title='bbox 2380 813 2497 867; x_wconf 92' lang='lat' dir='ltr'><strong><em>pro,</em></strong></span> <span class='ocrx_word' id='word_1_263' title='bbox 2540 800 2742 851; x_wconf 86' lang='lat' dir='ltr'><strong><em>utinam</em></strong></span> <span class='ocrx_word' id='word_1_264' title='bbox 2774 799 2887 867; x_wconf 77' lang='lat' dir='ltr'><strong><em>fiat.</em></strong></span> <span class='ocrx_word' id='word_1_265' title='bbox 2931 798 3061 854; x_wconf 81' lang='lat' dir='ltr'><strong><em>Item</em></strong></span> <span class='ocrx_word' id='word_1_266' title='bbox 3100 813 3113 852; x_wconf 92' lang='lat'><strong>:</strong></span> <span class='ocrx_word' id='word_1_267' title='bbox 3146 799 3395 853; x_wconf 78' lang='lat' dir='ltr'><strong><em>Adveniat</em></strong></span> <span class='ocrx_word' id='word_1_268' title='bbox 3430 817 3514 853; x_wconf 88' lang='lat' dir='ltr'><strong><em>re-</em></strong></span> 
     </span>
    </p>
   </div>
   <div class='ocr_carea' id='block_1_37' title="bbox 1942 890 3066 958">
    <p class='ocr_par' dir='ltr' id='par_1_37' title="bbox 1942 890 3066 958">
     <span class='ocr_line' id='line_1_37' title="bbox 1942 890 3066 958; baseline 0.002 -17"><span class='ocrx_word' id='word_1_269' title='bbox 1942 904 2097 958; x_wconf 82' lang='lat' dir='ltr'><strong><em>gnum</em></strong></span> <span class='ocrx_word' id='word_1_270' title='bbox 2141 899 2289 942; x_wconf 87' lang='lat' dir='ltr'><strong><em>tuum</em></strong></span> <span class='ocrx_word' id='word_1_271' title='bbox 2320 890 2388 955; x_wconf 81' lang='lat'><strong><em>°°,</em></strong></span> <span class='ocrx_word' id='word_1_272' title='bbox 2422 904 2540 958; x_wconf 91' lang='lat' dir='ltr'><strong><em>pro,</em></strong></span> <span class='ocrx_word' id='word_1_273' title='bbox 2577 891 2778 943; x_wconf 87' lang='lat' dir='ltr'><strong><em>utinam</em></strong></span> <span class='ocrx_word' id='word_1_274' title='bbox 2801 890 3066 944; x_wconf 80' lang='lat' dir='ltr'><strong><em>adveniat.</em></strong></span> 
     </span>
    </p>
   </div>
   <div class='ocr_carea' id='block_1_38' title="bbox 2010 1156 3511 1231">
    <p class='ocr_par' dir='ltr' id='par_1_38' title="bbox 2010 1156 3511 1231">
     <span class='ocr_line' id='line_1_38' title="bbox 2010 1156 3511 1231; baseline 0.001 -17"><span class='ocrx_word' id='word_1_275' title='bbox 2010 1160 2064 1214; x_wconf 87' lang='lat'><strong><em>6.</em></strong></span> <span class='ocrx_word' id='word_1_276' title='bbox 2097 1156 2319 1231; x_wconf 83' lang='lat' dir='ltr'><strong><em>Propter</em></strong></span> <span class='ocrx_word' id='word_1_277' title='bbox 2348 1163 2632 1227; x_wconf 82' lang='lat' dir='ltr'><strong><em>veritatem,</em></strong></span> <span class='ocrx_word' id='word_1_278' title='bbox 2652 1172 2699 1214; x_wconf 89' lang='lat' dir='ltr'><strong><em>et</em></strong></span> <span class='ocrx_word' id='word_1_279' title='bbox 2741 1162 3195 1215; x_wconf 77' lang='lat' dir='ltr'><strong><em>mansuetudinem</em></strong></span> <span class='ocrx_word' id='word_1_280' title='bbox 3219 1202 3234 1225; x_wconf 93' lang='lat'><strong><em>,</em></strong></span> <span class='ocrx_word' id='word_1_281' title='bbox 3274 1173 3321 1216; x_wconf 87' lang='lat' dir='ltr'><strong><em>et</em></strong></span> <span class='ocrx_word' id='word_1_282' title='bbox 3348 1164 3511 1231; x_wconf 79' lang='lat' dir='ltr'><strong><em>justi-</em></strong></span> 
     </span>
    </p>
   </div>
   <div class='ocr_carea' id='block_1_39' title="bbox 1938 1253 3512 1318">
    <p class='ocr_par' dir='ltr' id='par_1_39' title="bbox 1938 1253 3512 1318">
     <span class='ocr_line' id='line_1_39' title="bbox 1938 1253 3512 1318; baseline 0.004 -14"><span class='ocrx_word' id='word_1_283' title='bbox 1938 1254 2066 1305; x_wconf 86' lang='lat' dir='ltr'><strong><em>tiam</em></strong></span> <span class='ocrx_word' id='word_1_284' title='bbox 2093 1269 2113 1318; x_wconf 86' lang='lat'><strong><em>;</em></strong></span> <span class='ocrx_word' id='word_1_285' title='bbox 2147 1264 2193 1307; x_wconf 89' lang='lat' dir='ltr'><strong><em>et</em></strong></span> <span class='ocrx_word' id='word_1_286' title='bbox 2232 1253 2446 1308; x_wconf 81' lang='lat' dir='ltr'><strong><em>deducet</em></strong></span> <span class='ocrx_word' id='word_1_287' title='bbox 2479 1262 2528 1307; x_wconf 91' lang='lat' dir='ltr'><strong><em>te</em></strong></span> <span class='ocrx_word' id='word_1_288' title='bbox 2574 1255 2885 1308; x_wconf 81' lang='lat' dir='ltr'><strong><em>mirabiliter</em></strong></span> <span class='ocrx_word' id='word_1_289' title='bbox 2922 1256 3137 1308; x_wconf 74' lang='lat' dir='ltr'><strong><em>dextera</em></strong></span> <span class='ocrx_word' id='word_1_290' title='bbox 3164 1266 3275 1309; x_wconf 90' lang='lat' dir='ltr'><strong><em>tua.</em></strong></span> <span class='ocrx_word' id='word_1_291' title='bbox 3308 1254 3512 1311; x_wconf 79' lang='lat' dir='ltr'><strong><em>Rursus</em></strong></span> 
     </span>
    </p>
   </div>
   <div class='ocr_carea' id='block_1_40' title="bbox 1938 1342 3510 1414">
    <p class='ocr_par' dir='ltr' id='par_1_40' title="bbox 1938 1342 3510 1414">
     <span class='ocr_line' id='line_1_40' title="bbox 1938 1342 3510 1414; baseline 0.003 -19"><span class='ocrx_word' id='word_1_292' title='bbox 1938 1344 2024 1396; x_wconf 90' lang='lat' dir='ltr'><strong><em>hic</em></strong></span> <span class='ocrx_word' id='word_1_293' title='bbox 2071 1357 2251 1396; x_wconf 91' lang='lat' dir='ltr'><strong><em>sermo</em></strong></span> <span class='ocrx_word' id='word_1_294' title='bbox 2299 1342 2561 1412; x_wconf 86' lang='lat' dir='ltr'><strong><em>figuratus</em></strong></span> <span class='ocrx_word' id='word_1_295' title='bbox 2612 1353 2727 1409; x_wconf 89' lang='lat' dir='ltr'><strong><em>est,</em></strong></span> <span class='ocrx_word' id='word_1_296' title='bbox 2759 1343 2977 1414; x_wconf 83' lang='lat' dir='ltr'><strong><em>perinde</em></strong></span> <span class='ocrx_word' id='word_1_297' title='bbox 3025 1359 3090 1398; x_wconf 88' lang='lat' dir='ltr'><strong><em>ac</em></strong></span> <span class='ocrx_word' id='word_1_298' title='bbox 3144 1347 3189 1399; x_wconf 89' lang='lat' dir='ltr'><strong><em>si</em></strong></span> <span class='ocrx_word' id='word_1_299' title='bbox 3249 1345 3510 1399; x_wconf 80' lang='lat' dir='ltr'><strong><em>Dominus</em></strong></span> 
     </span>
    </p>
   </div>
   <div class='ocr_carea' id='block_1_41' title="bbox 1937 1434 3511 1505">
    <p class='ocr_par' dir='ltr' id='par_1_41' title="bbox 1937 1434 3511 1505">
     <span class='ocr_line' id='line_1_41' title="bbox 1937 1434 3511 1505; baseline 0.003 -18"><span class='ocrx_word' id='word_1_300' title='bbox 1937 1435 2201 1489; x_wconf 80' lang='lat' dir='ltr'><strong><em>mercedis</em></strong></span> <span class='ocrx_word' id='word_1_301' title='bbox 2238 1434 2358 1489; x_wconf 87' lang='lat' dir='ltr'><strong><em>loco</em></strong></span> <span class='ocrx_word' id='word_1_302' title='bbox 2410 1436 2643 1504; x_wconf 85' lang='lat' dir='ltr'><strong><em>accipiat</em></strong></span> <span class='ocrx_word' id='word_1_303' title='bbox 2690 1437 2775 1491; x_wconf 86' lang='lat' dir='ltr'><strong><em>illa</em></strong></span> <span class='ocrx_word' id='word_1_304' title='bbox 2798 1475 2813 1499; x_wconf 92' lang='lat'><strong><em>,</em></strong></span> <span class='ocrx_word' id='word_1_305' title='bbox 2843 1452 3084 1505; x_wconf 73' lang='lat' dir='ltr'><strong><em>prospere</em></strong></span> <span class='ocrx_word' id='word_1_306' title='bbox 3114 1438 3412 1504; x_wconf 80' lang='lat' dir='ltr'><strong><em>procedere,</em></strong></span> <span class='ocrx_word' id='word_1_307' title='bbox 3462 1449 3511 1491; x_wconf 90' lang='lat' dir='ltr'><strong><em>et</em></strong></span> 
     </span>
    </p>
   </div>
   <div class='ocr_carea' id='block_1_42' title="bbox 1938 1529 3510 1595">
    <p class='ocr_par' dir='ltr' id='par_1_42' title="bbox 1938 1529 3510 1595">
     <span class='ocr_line' id='line_1_42' title="bbox 1938 1529 3510 1595; baseline 0.003 -17"><span class='ocrx_word' id='word_1_308' title='bbox 1938 1542 2175 1595; x_wconf 84' lang='lat' dir='ltr'><strong><em>regnare,</em></strong></span> <span class='ocrx_word' id='word_1_309' title='bbox 2228 1540 2439 1594; x_wconf 85' lang='lat' dir='ltr'><strong><em>nempe,</em></strong></span> <span class='ocrx_word' id='word_1_310' title='bbox 2483 1538 2693 1595; x_wconf 85' lang='lat' dir='ltr'><strong><em>prapter</em></strong></span> <span class='ocrx_word' id='word_1_311' title='bbox 2734 1529 3017 1591; x_wconf 72' lang='lat' dir='ltr'><strong><em>ceritatem,</em></strong></span> <span class='ocrx_word' id='word_1_312' title='bbox 3047 1538 3095 1581; x_wconf 90' lang='lat' dir='ltr'><strong><em>et</em></strong></span> <span class='ocrx_word' id='word_1_313' title='bbox 3142 1532 3510 1583; x_wconf 87' lang='lat' dir='ltr'><strong><em>mansuetudi-</em></strong></span> 
     </span>
    </p>
   </div>
   <div class='ocr_carea' id='block_1_43' title="bbox 1938 1618 3511 1693">
    <p class='ocr_par' dir='ltr' id='par_1_43' title="bbox 1938 1618 3511 1693">
     <span class='ocr_line' id='line_1_43' title="bbox 1938 1618 3511 1693; baseline 0.002 -22"><span class='ocrx_word' id='word_1_314' title='bbox 1938 1636 2076 1681; x_wconf 86' lang='lat' dir='ltr'><strong><em>nem,</em></strong></span> <span class='ocrx_word' id='word_1_315' title='bbox 2109 1630 2157 1672; x_wconf 85' lang='lat' dir='ltr'><strong><em>et</em></strong></span> <span class='ocrx_word' id='word_1_316' title='bbox 2178 1618 2467 1688; x_wconf 73' lang='lat' dir='ltr'><strong><em>justitiam.</em></strong></span> <span class='ocrx_word' id='word_1_317' title='bbox 2497 1620 2720 1689; x_wconf 87' lang='lat' dir='ltr'><strong><em>Oportet</em></strong></span> <span class='ocrx_word' id='word_1_318' title='bbox 2740 1632 2919 1676; x_wconf 88' lang='lat' dir='ltr'><strong><em>autem</em></strong></span> <span class='ocrx_word' id='word_1_319' title='bbox 2948 1622 3244 1693; x_wconf 76' lang='lat' dir='ltr'><strong><em>intelligere</em></strong></span> <span class='ocrx_word' id='word_1_320' title='bbox 3268 1622 3369 1677; x_wconf 90' lang='lat' dir='ltr'><strong><em>hoc</em></strong></span> <span class='ocrx_word' id='word_1_321' title='bbox 3396 1640 3511 1675; x_wconf 84' lang='lat' dir='ltr'><strong><em>Illo-</em></strong></span> 
     </span>
    </p>
   </div>
   <div class='ocr_carea' id='block_1_44' title="bbox 1940 1711 3506 1779">
    <p class='ocr_par' dir='ltr' id='par_1_44' title="bbox 1940 1711 3506 1779">
     <span class='ocr_line' id='line_1_44' title="bbox 1940 1711 3506 1779; baseline 0.002 -15"><span class='ocrx_word' id='word_1_322' title='bbox 1940 1712 2007 1764; x_wconf 90' lang='lat' dir='ltr'><strong><em>do</em></strong></span> <span class='ocrx_word' id='word_1_323' title='bbox 2045 1713 2340 1778; x_wconf 81' lang='lat' dir='ltr'><strong><em>:quoniam</em></strong></span> <span class='ocrx_word' id='word_1_324' title='bbox 2365 1725 2452 1765; x_wconf 86' lang='lat' dir='ltr'><strong><em>res</em></strong></span> <span class='ocrx_word' id='word_1_325' title='bbox 2485 1711 2729 1766; x_wconf 70' lang='lat' dir='ltr'><strong><em>humanae</em></strong></span> <span class='ocrx_word' id='word_1_326' title='bbox 2771 1712 2996 1765; x_wconf 82' lang='lat' dir='ltr'><strong><em>inversa:</em></strong></span> <span class='ocrx_word' id='word_1_327' title='bbox 3037 1723 3163 1765; x_wconf 88' lang='lat' dir='ltr'><strong><em>sunt</em></strong></span> <span class='ocrx_word' id='word_1_328' title='bbox 3204 1712 3506 1779; x_wconf 86' lang='lat' dir='ltr'><strong><em>mendacio,</em></strong></span> 
     </span>
    </p>
   </div>
   <div class='ocr_carea' id='block_1_45' title="bbox 1942 1800 3509 1871">
    <p class='ocr_par' dir='ltr' id='par_1_45' title="bbox 1942 1800 3509 1871">
     <span class='ocr_line' id='line_1_45' title="bbox 1942 1800 3509 1871; baseline 0.001 -15"><span class='ocrx_word' id='word_1_329' title='bbox 1942 1810 1999 1856; x_wconf 89' lang='lat' dir='ltr'><strong><em>ut</em></strong></span> <span class='ocrx_word' id='word_1_330' title='bbox 2028 1816 2176 1855; x_wconf 89' lang='lat' dir='ltr'><strong><em>seras</em></strong></span> <span class='ocrx_word' id='word_1_331' title='bbox 2198 1801 2504 1865; x_wconf 83' lang='lat' dir='ltr'><strong><em>veritatem,</em></strong></span> <span class='ocrx_word' id='word_1_332' title='bbox 2527 1816 2687 1869; x_wconf 86' lang='lat' dir='ltr'><strong><em>regna</em></strong></span> <span class='ocrx_word' id='word_1_333' title='bbox 2721 1801 2771 1854; x_wconf 93' lang='lat' dir='ltr'><strong><em>in</em></strong></span> <span class='ocrx_word' id='word_1_334' title='bbox 2797 1800 3108 1855; x_wconf 89' lang='lat' dir='ltr'><strong><em>hominibus</em></strong></span> <span class='ocrx_word' id='word_1_335' title='bbox 3130 1812 3349 1871; x_wconf 87' lang='lat' dir='ltr'><strong><em>peccato</em></strong></span> <span class='ocrx_word' id='word_1_336' title='bbox 3378 1805 3509 1857; x_wconf 90' lang='lat' dir='ltr'><strong><em>sub-</em></strong></span> 
     </span>
    </p>
   </div>
   <div class='ocr_carea' id='block_1_46' title="bbox 1930 1893 3511 1965">
    <p class='ocr_par' dir='ltr' id='par_1_46' title="bbox 1930 1893 3511 1965">
     <span class='ocr_line' id='line_1_46' title="bbox 1930 1893 3511 1965; baseline 0 -17"><span class='ocrx_word' id='word_1_337' title='bbox 1930 1895 2090 1964; x_wconf 87' lang='lat' dir='ltr'><strong><em>jectis</em></strong></span> <span class='ocrx_word' id='word_1_338' title='bbox 2123 1911 2139 1951; x_wconf 86' lang='lat'><strong>:</strong></span> <span class='ocrx_word' id='word_1_339' title='bbox 2173 1904 2226 1948; x_wconf 89' lang='lat' dir='ltr'><strong><em>lu</em></strong></span> <span class='ocrx_word' id='word_1_340' title='bbox 2269 1894 2411 1949; x_wconf 89' lang='lat' dir='ltr'><strong><em>enim</em></strong></span> <span class='ocrx_word' id='word_1_341' title='bbox 2461 1910 2519 1949; x_wconf 89' lang='lat' dir='ltr'><strong><em>es</em></strong></span> <span class='ocrx_word' id='word_1_342' title='bbox 2551 1894 2667 1965; x_wconf 88' lang='lat' dir='ltr'><strong><em>ipsa</em></strong></span> <span class='ocrx_word' id='word_1_343' title='bbox 2715 1896 2934 1949; x_wconf 83' lang='lat' dir='ltr'><strong><em>veritas.</em></strong></span> <span class='ocrx_word' id='word_1_344' title='bbox 2973 1895 3062 1957; x_wconf 85' lang='lat' dir='ltr'><strong><em>Et,</em></strong></span> <span class='ocrx_word' id='word_1_345' title='bbox 3121 1893 3337 1962; x_wconf 81' lang='lat' dir='ltr'><strong><em>Propter</em></strong></span> <span class='ocrx_word' id='word_1_346' title='bbox 3366 1912 3511 1948; x_wconf 59' lang='lat' dir='ltr'><strong><em>mana</em></strong></span> 
     </span>
    </p>
   </div>
   <div class='ocr_carea' id='block_1_47' title="bbox 1934 1987 3507 2056">
    <p class='ocr_par' dir='ltr' id='par_1_47' title="bbox 1934 1987 3507 2056">
     <span class='ocr_line' id='line_1_47' title="bbox 1934 1987 3507 2056; baseline -0.001 -15"><span class='ocrx_word' id='word_1_347' title='bbox 1934 1988 2285 2051; x_wconf 73' lang='lat' dir='ltr'><strong><em>suetudinem,</em></strong></span> <span class='ocrx_word' id='word_1_348' title='bbox 2319 1998 2377 2042; x_wconf 87' lang='lat' dir='ltr'><strong><em>ut</em></strong></span> <span class='ocrx_word' id='word_1_349' title='bbox 2419 2001 2608 2041; x_wconf 90' lang='lat' dir='ltr'><strong><em>omnes</em></strong></span> <span class='ocrx_word' id='word_1_350' title='bbox 2661 1988 2910 2056; x_wconf 82' lang='lat' dir='ltr'><strong><em>exemplo</em></strong></span> <span class='ocrx_word' id='word_1_351' title='bbox 2944 1997 3031 2041; x_wconf 85' lang='lat' dir='ltr'><strong><em>tuo</em></strong></span> <span class='ocrx_word' id='word_1_352' title='bbox 3071 1987 3135 2040; x_wconf 90' lang='lat' dir='ltr'><strong><em>ad</em></strong></span> <span class='ocrx_word' id='word_1_353' title='bbox 3163 1988 3507 2042; x_wconf 87' lang='lat' dir='ltr'><strong><em>clementiam</em></strong></span> 
     </span>
    </p>
   </div>
   <div class='ocr_carea' id='block_1_48' title="bbox 1932 2078 3512 2150">
    <p class='ocr_par' dir='ltr' id='par_1_48' title="bbox 1932 2078 3512 2150">
     <span class='ocr_line' id='line_1_48' title="bbox 1932 2078 3512 2150; baseline -0.001 -15"><span class='ocrx_word' id='word_1_354' title='bbox 1932 2091 1986 2135; x_wconf 90' lang='lat' dir='ltr'><strong><em>et</em></strong></span> <span class='ocrx_word' id='word_1_355' title='bbox 2039 2081 2336 2137; x_wconf 85' lang='lat' dir='ltr'><strong><em>bonitatem</em></strong></span> <span class='ocrx_word' id='word_1_356' title='bbox 2368 2081 2746 2150; x_wconf 85' lang='lat' dir='ltr'><strong><em>perducantur.</em></strong></span> <span class='ocrx_word' id='word_1_357' title='bbox 2798 2080 3159 2146; x_wconf 81' lang='lat' dir='ltr'><strong><em>Quamobrem</em></strong></span> <span class='ocrx_word' id='word_1_358' title='bbox 3210 2082 3371 2133; x_wconf 89' lang='lat' dir='ltr'><strong><em>etiam</em></strong></span> <span class='ocrx_word' id='word_1_359' title='bbox 3410 2078 3512 2133; x_wconf 87' lang='lat' dir='ltr'><strong><em>Do-</em></strong></span> 
     </span>
    </p>
   </div>
   <div class='ocr_carea' id='block_1_49' title="bbox 1935 2170 3514 2240">
    <p class='ocr_par' dir='ltr' id='par_1_49' title="bbox 1935 2170 3514 2240">
     <span class='ocr_line' id='line_1_49' title="bbox 1935 2170 3514 2240; baseline -0.004 -14"><span class='ocrx_word' id='word_1_360' title='bbox 1935 2172 2110 2226; x_wconf 87' lang='lat' dir='ltr'><strong><em>minus</em></strong></span> <span class='ocrx_word' id='word_1_361' title='bbox 2149 2172 2360 2226; x_wconf 89' lang='lat' dir='ltr'><strong><em>dicebat</em></strong></span> <span class='ocrx_word' id='word_1_362' title='bbox 2388 2189 2399 2224; x_wconf 92' lang='lat'>:</span> <span class='ocrx_word' id='word_1_363' title='bbox 2431 2170 2622 2225; x_wconf 83' lang='lat' dir='ltr'><strong><em>Discite</em></strong></span> <span class='ocrx_word' id='word_1_364' title='bbox 2649 2187 2679 2223; x_wconf 90' lang='lat' dir='ltr'><strong><em>a</em></strong></span> <span class='ocrx_word' id='word_1_365' title='bbox 2705 2186 2782 2223; x_wconf 87' lang='lat' dir='ltr'><strong><em>me</em></strong></span> <span class='ocrx_word' id='word_1_366' title='bbox 2808 2172 2946 2240; x_wconf 74' lang='lat' dir='ltr'><strong><em>quod</em></strong></span> <span class='ocrx_word' id='word_1_367' title='bbox 2974 2172 3114 2225; x_wconf 88' lang='lat' dir='ltr'><strong><em>mitis</em></strong></span> <span class='ocrx_word' id='word_1_368' title='bbox 3136 2187 3247 2224; x_wconf 89' lang='lat' dir='ltr'><strong><em>sum</em></strong></span> <span class='ocrx_word' id='word_1_369' title='bbox 3275 2183 3322 2223; x_wconf 88' lang='lat' dir='ltr'><strong><em>et</em></strong></span> <span class='ocrx_word' id='word_1_370' title='bbox 3340 2170 3514 2222; x_wconf 78' lang='lat' dir='ltr'><strong><em>[tumi-</em></strong></span> 
     </span>
    </p>
   </div>
   <div class='ocr_carea' id='block_1_50' title="bbox 1931 2258 3513 2328">
    <p class='ocr_par' dir='ltr' id='par_1_50' title="bbox 1931 2258 3513 2328">
     <span class='ocr_line' id='line_1_50' title="bbox 1931 2258 3513 2328; baseline 0.001 -16"><span class='ocrx_word' id='word_1_371' title='bbox 1931 2263 1998 2316; x_wconf 87' lang='lat' dir='ltr'><strong><em>lis</em></strong></span> <span class='ocrx_word' id='word_1_372' title='bbox 2030 2262 2185 2316; x_wconf 87' lang='lat' dir='ltr'><strong><em>corde</em></strong></span> <span class='ocrx_word' id='word_1_373' title='bbox 2229 2262 2295 2313; x_wconf 76' lang='grc'><strong><em>⁸³.</em></strong></span> <span class='ocrx_word' id='word_1_374' title='bbox 2328 2260 2468 2328; x_wconf 89' lang='lat' dir='ltr'><strong><em>Quin</em></strong></span> <span class='ocrx_word' id='word_1_375' title='bbox 2512 2270 2568 2314; x_wconf 87' lang='lat' dir='ltr'><strong><em>et</em></strong></span> <span class='ocrx_word' id='word_1_376' title='bbox 2623 2261 2781 2316; x_wconf 86' lang='lat' dir='ltr'><strong><em>istam</em></strong></span> <span class='ocrx_word' id='word_1_377' title='bbox 2836 2261 3301 2315; x_wconf 87' lang='lat' dir='ltr'><strong><em>mansuetudinem</em></strong></span> <span class='ocrx_word' id='word_1_378' title='bbox 3351 2258 3513 2313; x_wconf 84' lang='lat' dir='ltr'><strong><em>factis</em></strong></span> 
     </span>
    </p>
   </div>
   <div class='ocr_carea' id='block_1_51' title="bbox 1932 2348 3516 2425">
    <p class='ocr_par' dir='ltr' id='par_1_51' title="bbox 1932 2348 3516 2425">
     <span class='ocr_line' id='line_1_51' title="bbox 1932 2348 3516 2425; baseline -0.003 -18"><span class='ocrx_word' id='word_1_379' title='bbox 1932 2356 2066 2421; x_wconf 83' lang='lat' dir='ltr'><strong><em>ipsis</em></strong></span> <span class='ocrx_word' id='word_1_380' title='bbox 2096 2355 2331 2410; x_wconf 87' lang='lat' dir='ltr'><strong><em>ostendit</em></strong></span> <span class='ocrx_word' id='word_1_381' title='bbox 2364 2373 2377 2409; x_wconf 90' lang='lat'><strong>:</strong></span> <span class='ocrx_word' id='word_1_382' title='bbox 2418 2354 2614 2425; x_wconf 89' lang='lat' dir='ltr'><strong><em>quippe</em></strong></span> <span class='ocrx_word' id='word_1_383' title='bbox 2649 2354 2862 2407; x_wconf 84' lang='lat' dir='ltr'><strong><em>tacebat</em></strong></span> <span class='ocrx_word' id='word_1_384' title='bbox 2888 2354 3151 2409; x_wconf 80' lang='lat' dir='ltr'><strong><em>conviciis</em></strong></span> <span class='ocrx_word' id='word_1_385' title='bbox 3185 2354 3467 2408; x_wconf 84' lang='lat' dir='ltr'><strong><em>lacessitus</em></strong></span> <span class='ocrx_word' id='word_1_386' title='bbox 3494 2348 3516 2402; x_wconf 70' lang='grc' dir='ltr'>ὅ</span> 
     </span>
    </p>
   </div>
   <div class='ocr_carea' id='block_1_52' title="bbox 1931 2445 3517 2517">
    <p class='ocr_par' dir='ltr' id='par_1_52' title="bbox 1931 2445 3517 2517">
     <span class='ocr_line' id='line_1_52' title="bbox 1931 2445 3517 2517; baseline -0.002 -17"><span class='ocrx_word' id='word_1_387' title='bbox 1931 2446 2114 2516; x_wconf 82' lang='lat' dir='ltr'><strong><em>ﬂagris</em></strong></span> <span class='ocrx_word' id='word_1_388' title='bbox 2152 2461 2344 2512; x_wconf 63' lang='lat' dir='ltr'><strong><em>caesus,</em></strong></span> <span class='ocrx_word' id='word_1_389' title='bbox 2384 2446 2709 2517; x_wconf 80' lang='lat' dir='ltr'><strong><em>perferebat.</em></strong></span> <span class='ocrx_word' id='word_1_390' title='bbox 2740 2445 2807 2499; x_wconf 87' lang='lat' dir='ltr'><strong><em>Et</em></strong></span> <span class='ocrx_word' id='word_1_391' title='bbox 2855 2448 3069 2501; x_wconf 83' lang='lat' dir='ltr'><strong><em>deducet</em></strong></span> <span class='ocrx_word' id='word_1_392' title='bbox 3119 2457 3166 2500; x_wconf 89' lang='lat' dir='ltr'><strong><em>te</em></strong></span> <span class='ocrx_word' id='word_1_393' title='bbox 3200 2448 3517 2499; x_wconf 79' lang='lat' dir='ltr'><strong><em>mirabiliter</em></strong></span> 
     </span>
    </p>
   </div>
   <div class='ocr_carea' id='block_1_53' title="bbox 1933 2539 3512 2611">
    <p class='ocr_par' dir='ltr' id='par_1_53' title="bbox 1933 2539 3512 2611">
     <span class='ocr_line' id='line_1_53' title="bbox 1933 2539 3512 2611; baseline -0.001 -18"><span class='ocrx_word' id='word_1_394' title='bbox 1933 2542 2146 2595; x_wconf 71' lang='lat' dir='ltr'><strong><em>dextera</em></strong></span> <span class='ocrx_word' id='word_1_395' title='bbox 2170 2552 2281 2594; x_wconf 90' lang='lat' dir='ltr'><strong><em>tua.</em></strong></span> <span class='ocrx_word' id='word_1_396' title='bbox 2303 2540 2420 2596; x_wconf 80' lang='lat' dir='ltr'><strong><em>Non</em></strong></span> <span class='ocrx_word' id='word_1_397' title='bbox 2451 2540 2700 2595; x_wconf 89' lang='lat' dir='ltr'><strong><em>columna</em></strong></span> <span class='ocrx_word' id='word_1_398' title='bbox 2733 2542 2911 2609; x_wconf 87' lang='lat' dir='ltr'><strong><em>nubis,</em></strong></span> <span class='ocrx_word' id='word_1_399' title='bbox 2934 2556 3038 2595; x_wconf 90' lang='lat' dir='ltr'><strong><em>non</em></strong></span> <span class='ocrx_word' id='word_1_400' title='bbox 3074 2542 3212 2611; x_wconf 83' lang='lat' dir='ltr'><strong><em>ignis</em></strong></span> <span class='ocrx_word' id='word_1_401' title='bbox 3238 2539 3512 2609; x_wconf 85' lang='lat' dir='ltr'><strong><em>splendor,</em></strong></span> 
     </span>
    </p>
   </div>
   <div class='ocr_carea' id='block_1_54' title="bbox 1932 2632 3512 2703">
    <p class='ocr_par' dir='ltr' id='par_1_54' title="bbox 1932 2632 3512 2703">
     <span class='ocr_line' id='line_1_54' title="bbox 1932 2632 3512 2703; baseline -0.003 -16"><span class='ocrx_word' id='word_1_402' title='bbox 1932 2635 2025 2687; x_wconf 86' lang='lat' dir='ltr'><strong><em>sed</em></strong></span> <span class='ocrx_word' id='word_1_403' title='bbox 2050 2632 2161 2702; x_wconf 85' lang='lat' dir='ltr'><strong><em>ipsa</em></strong></span> <span class='ocrx_word' id='word_1_404' title='bbox 2194 2634 2416 2689; x_wconf 75' lang='lat' dir='ltr'><strong><em>dextera</em></strong></span> <span class='ocrx_word' id='word_1_405' title='bbox 2470 2643 2583 2688; x_wconf 89' lang='lat' dir='ltr'><strong><em>tua.</em></strong></span> <span class='ocrx_word' id='word_1_406' title='bbox 2619 2636 2779 2689; x_wconf 70' lang='lat' dir='ltr'><strong><em>Vens.</em></strong></span> <span class='ocrx_word' id='word_1_407' title='bbox 2810 2634 2863 2688; x_wconf 90' lang='lat'><strong><em>6.</em></strong></span> <span class='ocrx_word' id='word_1_408' title='bbox 2914 2633 3137 2703; x_wconf 81' lang='lat' dir='ltr'><strong><em>Sagitta:</em></strong></span> <span class='ocrx_word' id='word_1_409' title='bbox 3185 2645 3288 2687; x_wconf 76' lang='lat' dir='ltr'><strong><em>tua:</em></strong></span> <span class='ocrx_word' id='word_1_410' title='bbox 3322 2643 3512 2698; x_wconf 78' lang='lat' dir='ltr'><strong><em>mula’,</em></strong></span> 
     </span>
    </p>
   </div>
   <div class='ocr_carea' id='block_1_55' title="bbox 1931 2725 3516 2796">
    <p class='ocr_par' dir='ltr' id='par_1_55' title="bbox 1931 2725 3516 2796">
     <span class='ocr_line' id='line_1_55' title="bbox 1931 2725 3516 2796; baseline 0.001 -20"><span class='ocrx_word' id='word_1_411' title='bbox 1931 2725 2309 2791; x_wconf 86' lang='lat' dir='ltr'><strong><em>potentissime.</em></strong></span> <span class='ocrx_word' id='word_1_412' title='bbox 2338 2727 2528 2781; x_wconf 80' lang='lat' dir='ltr'><strong><em>Acuta:</em></strong></span> <span class='ocrx_word' id='word_1_413' title='bbox 2569 2728 2803 2795; x_wconf 86' lang='lat' dir='ltr'><strong><em>potentis</em></strong></span> <span class='ocrx_word' id='word_1_414' title='bbox 2832 2728 3047 2796; x_wconf 66' lang='lat' dir='ltr'><strong><em>sagittae</em></strong></span> <span class='ocrx_word' id='word_1_415' title='bbox 3077 2742 3355 2781; x_wconf 89' lang='lat' dir='ltr'><strong><em>sermones</em></strong></span> <span class='ocrx_word' id='word_1_416' title='bbox 3387 2734 3516 2779; x_wconf 85' lang='lat' dir='ltr'><strong><em>sunt</em></strong></span> 
     </span>
    </p>
   </div>
   <div class='ocr_carea' id='block_1_56' title="bbox 1933 2816 3514 2887">
    <p class='ocr_par' dir='ltr' id='par_1_56' title="bbox 1933 2816 3514 2887">
     <span class='ocr_line' id='line_1_56' title="bbox 1933 2816 3514 2887; baseline 0.001 -20"><span class='ocrx_word' id='word_1_417' title='bbox 1933 2816 2162 2883; x_wconf 84' lang='lat' dir='ltr'><strong><em>appositi</em></strong></span> <span class='ocrx_word' id='word_1_418' title='bbox 2202 2833 2267 2871; x_wconf 87' lang='lat' dir='ltr'><strong><em>ac</em></strong></span> <span class='ocrx_word' id='word_1_419' title='bbox 2299 2818 2547 2882; x_wconf 87' lang='lat' dir='ltr'><strong><em>solertes,</em></strong></span> <span class='ocrx_word' id='word_1_420' title='bbox 2579 2820 2669 2887; x_wconf 87' lang='lat' dir='ltr'><strong><em>qui</em></strong></span> <span class='ocrx_word' id='word_1_421' title='bbox 2708 2820 3016 2873; x_wconf 89' lang='lat' dir='ltr'><strong><em>auditorum</em></strong></span> <span class='ocrx_word' id='word_1_422' title='bbox 3052 2821 3361 2886; x_wconf 77' lang='lat' dir='ltr'><strong><em>perungunt</em></strong></span> <span class='ocrx_word' id='word_1_423' title='bbox 3392 2833 3514 2871; x_wconf 86' lang='lat' dir='ltr'><strong><em>cor-</em></strong></span> 
     </span>
    </p>
   </div>
   <div class='ocr_carea' id='block_1_57' title="bbox 1932 2908 3515 2981">
    <p class='ocr_par' dir='ltr' id='par_1_57' title="bbox 1932 2908 3515 2981">
     <span class='ocr_line' id='line_1_57' title="bbox 1932 2908 3515 2981; baseline -0.001 -18"><span class='ocrx_word' id='word_1_424' title='bbox 1932 2910 2021 2974; x_wconf 90' lang='lat' dir='ltr'><strong><em>da,</em></strong></span> <span class='ocrx_word' id='word_1_425' title='bbox 2057 2910 2360 2981; x_wconf 78' lang='lat' dir='ltr'><strong><em>feriuntque</em></strong></span> <span class='ocrx_word' id='word_1_426' title='bbox 2390 2921 2447 2967; x_wconf 87' lang='lat' dir='ltr'><strong><em>et</em></strong></span> <span class='ocrx_word' id='word_1_427' title='bbox 2492 2911 2740 2966; x_wconf 89' lang='lat' dir='ltr'><strong><em>sauciant</em></strong></span> <span class='ocrx_word' id='word_1_428' title='bbox 2788 2912 2999 2965; x_wconf 87' lang='lat' dir='ltr'><strong><em>animas</em></strong></span> <span class='ocrx_word' id='word_1_429' title='bbox 3054 2926 3215 2965; x_wconf 89' lang='lat' dir='ltr'><strong><em>sensu</em></strong></span> <span class='ocrx_word' id='word_1_430' title='bbox 3269 2908 3414 2964; x_wconf 83' lang='lat' dir='ltr'><strong><em>facili</em></strong></span> <span class='ocrx_word' id='word_1_431' title='bbox 3451 2923 3515 2962; x_wconf 91' lang='lat' dir='ltr'><strong><em>ac</em></strong></span> 
     </span>
    </p>
   </div>
   <div class='ocr_carea' id='block_1_58' title="bbox 1936 2999 3514 3070">
    <p class='ocr_par' dir='ltr' id='par_1_58' title="bbox 1936 2999 3514 3070">
     <span class='ocr_line' id='line_1_58' title="bbox 1936 2999 3514 3070; baseline -0.001 -18"><span class='ocrx_word' id='word_1_432' title='bbox 1936 3009 2183 3068; x_wconf 87' lang='lat' dir='ltr'><strong><em>prompto</em></strong></span> <span class='ocrx_word' id='word_1_433' title='bbox 2226 3002 2496 3068; x_wconf 68' lang='lat' dir='ltr'><strong><em>prceditas.</em></strong></span> <span class='ocrx_word' id='word_1_434' title='bbox 2549 2999 2717 3055; x_wconf 82' lang='lat' dir='ltr'><strong><em>Verba</em></strong></span> <span class='ocrx_word' id='word_1_435' title='bbox 2764 3003 2922 3062; x_wconf 86' lang='lat' dir='ltr'><strong><em>enim.</em></strong></span> <span class='ocrx_word' id='word_1_436' title='bbox 2952 3000 3148 3070; x_wconf 86' lang='lat' dir='ltr'><strong><em>inquit,</em></strong></span> <span class='ocrx_word' id='word_1_437' title='bbox 3174 3001 3514 3069; x_wconf 87' lang='lat' dir='ltr'><strong><em>sapientium,</em></strong></span> 
     </span>
    </p>
   </div>
   <div class='ocr_carea' id='block_1_59' title="bbox 1933 3092 3516 3159">
    <p class='ocr_par' dir='ltr' id='par_1_59' title="bbox 1933 3092 3516 3159">
     <span class='ocr_line' id='line_1_59' title="bbox 1933 3092 3516 3159; baseline 0.001 -15"><span class='ocrx_word' id='word_1_438' title='bbox 1933 3092 2071 3145; x_wconf 85' lang='lat' dir='ltr'><strong><em>sicut</em></strong></span> <span class='ocrx_word' id='word_1_439' title='bbox 2094 3093 2290 3145; x_wconf 87' lang='lat' dir='ltr'><strong><em>stimuli</em></strong></span> <span class='ocrx_word' id='word_1_440' title='bbox 2326 3092 2516 3146; x_wconf 85' lang='lat' dir='ltr'><strong><em>bonum</em></strong></span> <span class='ocrx_word' id='word_1_441' title='bbox 2548 3094 2611 3145; x_wconf 81' lang='lat'><strong><em>&quot;.</em></strong></span> <span class='ocrx_word' id='word_1_442' title='bbox 2642 3094 2819 3159; x_wconf 86' lang='lat' dir='ltr'><strong><em>Quare</em></strong></span> <span class='ocrx_word' id='word_1_443' title='bbox 2853 3104 2907 3147; x_wconf 90' lang='lat' dir='ltr'><strong><em>et</em></strong></span> <span class='ocrx_word' id='word_1_444' title='bbox 2946 3092 3227 3147; x_wconf 86' lang='lat' dir='ltr'><strong><em>Psahnista</em></strong></span> <span class='ocrx_word' id='word_1_445' title='bbox 3256 3108 3285 3144; x_wconf 88' lang='lat' dir='ltr'><strong><em>a</em></strong></span> <span class='ocrx_word' id='word_1_446' title='bbox 3314 3092 3516 3146; x_wconf 82' lang='lat' dir='ltr'><strong><em>dolosis</em></strong></span> 
     </span>
    </p>
   </div>
   <div class='ocr_carea' id='block_1_60' title="bbox 256 3182 1831 3259">
    <p class='ocr_par' dir='ltr' id='par_1_60' title="bbox 256 3185 1831 3256">
     <span class='ocr_line' id='line_1_60' title="bbox 256 3185 1831 3256; baseline -0.001 -16"><span class='ocrx_word' id='word_1_447' title='bbox 256 3202 490 3254; x_wconf 80' lang='grc' dir='ltr'><em>κεντρα.</em></span> <span class='ocrx_word' id='word_1_448' title='bbox 532 3187 624 3239; x_wconf 77' lang='grc' dir='ltr'><strong><em>Διὸ</em></strong></span> <span class='ocrx_word' id='word_1_449' title='bbox 654 3187 747 3240; x_wconf 79' lang='grc' dir='ltr'><em>καὶ</em></span> <span class='ocrx_word' id='word_1_450' title='bbox 788 3186 818 3236; x_wconf 84' lang='grc' dir='ltr'><strong>ὁ</strong></span> <span class='ocrx_word' id='word_1_451' title='bbox 863 3185 1164 3255; x_wconf 77' lang='grc' dir='ltr'><em>Ψαλμῳδὸς</em></span> <span class='ocrx_word' id='word_1_452' title='bbox 1215 3185 1477 3256; x_wconf 72' lang='grc' dir='ltr'><em>ῥυσθῆναί</em></span> <span class='ocrx_word' id='word_1_453' title='bbox 1533 3202 1663 3238; x_wconf 85' lang='grc' dir='ltr'><em>ποτε</em></span> <span class='ocrx_word' id='word_1_454' title='bbox 1722 3186 1831 3239; x_wconf 84' lang='grc' dir='ltr'><em>ἀπὸ</em></span> 
     </span>
    </p>
   </div>
   <div class='ocr_carea' id='block_1_61' title="bbox 1935 3182 3513 3259">
    <p class='ocr_par' dir='ltr' id='par_1_61' title="bbox 1935 3182 3513 3253">
     <span class='ocr_line' id='line_1_61' title="bbox 1935 3182 3513 3253; baseline -0.001 -17"><span class='ocrx_word' id='word_1_455' title='bbox 1935 3182 2241 3239; x_wconf 90' lang='lat' dir='ltr'><strong><em>hominibus</em></strong></span> <span class='ocrx_word' id='word_1_456' title='bbox 2290 3185 2465 3237; x_wconf 70' lang='lat' dir='ltr'><strong><em>aetatis</em></strong></span> <span class='ocrx_word' id='word_1_457' title='bbox 2518 3198 2629 3238; x_wconf 65' lang='lat' dir='ltr'><strong><em>suae</em></strong></span> <span class='ocrx_word' id='word_1_458' title='bbox 2666 3184 2958 3253; x_wconf 88' lang='lat' dir='ltr'><strong><em>aliquando</em></strong></span> <span class='ocrx_word' id='word_1_459' title='bbox 3008 3184 3225 3239; x_wconf 89' lang='lat' dir='ltr'><strong><em>liberari</em></strong></span> <span class='ocrx_word' id='word_1_460' title='bbox 3266 3184 3513 3252; x_wconf 87' lang='lat' dir='ltr'><strong><em>cupiens,</em></strong></span> 
     </span>
    </p>
   </div>
   <div class='ocr_carea' id='block_1_62' title="bbox 254 3275 1827 3347">
    <p class='ocr_par' dir='ltr' id='par_1_62' title="bbox 254 3275 1827 3347">
     <span class='ocr_line' id='line_1_62' title="bbox 254 3275 1827 3347; baseline 0.001 -18"><span class='ocrx_word' id='word_1_461' title='bbox 254 3277 364 3329; x_wconf 90' lang='grc' dir='ltr'><strong><em>τῶν</em></strong></span> <span class='ocrx_word' id='word_1_462' title='bbox 386 3276 617 3346; x_wconf 87' lang='grc' dir='ltr'><em>δολερῶν</em></span> <span class='ocrx_word' id='word_1_463' title='bbox 648 3275 758 3329; x_wconf 91' lang='grc' dir='ltr'><strong><em>τῶν</em></strong></span> <span class='ocrx_word' id='word_1_464' title='bbox 790 3276 927 3329; x_wconf 82' lang='grc' dir='ltr'><em>κατὰ</em></span> <span class='ocrx_word' id='word_1_465' title='bbox 958 3276 1057 3346; x_wconf 82' lang='grc' dir='ltr'><em>τὴν</em></span> <span class='ocrx_word' id='word_1_466' title='bbox 1083 3276 1279 3345; x_wconf 83' lang='grc' dir='ltr'><em>γενεὰν</em></span> <span class='ocrx_word' id='word_1_467' title='bbox 1308 3275 1473 3330; x_wconf 74' lang='grc' dir='ltr'><em>αὑτοῦ</em></span> <span class='ocrx_word' id='word_1_468' title='bbox 1518 3276 1827 3347; x_wconf 78' lang='grc' dir='ltr'><em>εὐχόμενος,</em></span> 
     </span>
    </p>
   </div>
   <div class='ocr_carea' id='block_1_63' title="bbox 255 3367 1830 3441">
    <p class='ocr_par' dir='ltr' id='par_1_63' title="bbox 255 3367 1830 3441">
     <span class='ocr_line' id='line_1_63' title="bbox 255 3367 1830 3441; baseline 0.002 -21"><span class='ocrx_word' id='word_1_469' title='bbox 255 3370 337 3433; x_wconf 76' lang='grc' dir='ltr'><em>εις</em></span> <span class='ocrx_word' id='word_1_470' title='bbox 371 3369 666 3440; x_wconf 82' lang='grc' dir='ltr'><em>Θεραπείαν</em></span> <span class='ocrx_word' id='word_1_471' title='bbox 704 3367 959 3439; x_wconf 80' lang='grc' dir='ltr'><em>γλώσσης</em></span> <span class='ocrx_word' id='word_1_472' title='bbox 987 3368 1168 3433; x_wconf 81' lang='grc' dir='ltr'><em>δολίας</em></span> <span class='ocrx_word' id='word_1_473' title='bbox 1200 3368 1268 3423; x_wconf 71' lang='grc' dir='ltr'><em>τὰ</em></span> <span class='ocrx_word' id='word_1_474' title='bbox 1311 3368 1441 3441; x_wconf 82' lang='grc' dir='ltr'><em>βέλη</em></span> <span class='ocrx_word' id='word_1_475' title='bbox 1487 3369 1580 3423; x_wconf 86' lang='grc' dir='ltr'><strong><em>τοῦ</em></strong></span> <span class='ocrx_word' id='word_1_476' title='bbox 1606 3369 1830 3423; x_wconf 79' lang='grc' dir='ltr'><em>δυνατοῦ</em></span> 
     </span>
    </p>
   </div>
   <div class='ocr_carea' id='block_1_64' title="bbox 254 3461 1829 3534">
    <p class='ocr_par' dir='ltr' id='par_1_64' title="bbox 254 3461 1829 3534">
     <span class='ocr_line' id='line_1_64' title="bbox 254 3461 1829 3534; baseline -0.001 -17"><span class='ocrx_word' id='word_1_477' title='bbox 254 3462 569 3534; x_wconf 77' lang='grc' dir='ltr'><em>ἠκονημένα</em></span> <span class='ocrx_word' id='word_1_478' title='bbox 608 3462 777 3533; x_wconf 79' lang='grc' dir='ltr'><em>ζητεῖ.</em></span> <span class='ocrx_word' id='word_1_479' title='bbox 820 3462 1099 3531; x_wconf 77' lang='grc' dir='ltr'><em>Ἐπιζητεῖ</em></span> <span class='ocrx_word' id='word_1_480' title='bbox 1133 3461 1188 3513; x_wconf 86' lang='grc' dir='ltr'><em>δὲ</em></span> <span class='ocrx_word' id='word_1_481' title='bbox 1245 3463 1339 3514; x_wconf 82' lang='grc' dir='ltr'><em>καὶ</em></span> <span class='ocrx_word' id='word_1_482' title='bbox 1376 3464 1502 3524; x_wconf 84' lang='grc' dir='ltr'><em>τοὺς</em></span> <span class='ocrx_word' id='word_1_483' title='bbox 1554 3462 1829 3533; x_wconf 80' lang='grc' dir='ltr'><em>ἄνθρακας</em></span> 
     </span>
    </p>
   </div>
   <div class='ocr_carea' id='block_1_65' title="bbox 256 3553 1832 3627">
    <p class='ocr_par' dir='ltr' id='par_1_65' title="bbox 256 3553 1832 3627">
     <span class='ocr_line' id='line_1_65' title="bbox 256 3553 1832 3627; baseline -0.002 -18"><span class='ocrx_word' id='word_1_484' title='bbox 256 3557 514 3627; x_wconf 82' lang='grc' dir='ltr'><em>παρεῖναι</em></span> <span class='ocrx_word' id='word_1_485' title='bbox 560 3555 702 3620; x_wconf 85' lang='grc' dir='ltr'><em>τοὺς</em></span> <span class='ocrx_word' id='word_1_486' title='bbox 749 3553 1102 3623; x_wconf 81' lang='grc' dir='ltr'><em>ἐρημικούς·</em></span> <span class='ocrx_word' id='word_1_487' title='bbox 1138 3553 1277 3605; x_wconf 85' lang='grc' dir='ltr'><em>ὥστε</em></span> <span class='ocrx_word' id='word_1_488' title='bbox 1316 3553 1455 3605; x_wconf 82' lang='grc' dir='ltr'><em>ὅσων</em></span> <span class='ocrx_word' id='word_1_489' title='bbox 1492 3554 1557 3606; x_wconf 84' lang='grc' dir='ltr'><em>ἂν</em></span> <span class='ocrx_word' id='word_1_490' title='bbox 1589 3555 1662 3624; x_wconf 80' lang='grc' dir='ltr'><em>μὴ</em></span> <span class='ocrx_word' id='word_1_491' title='bbox 1700 3554 1832 3607; x_wconf 86' lang='grc' dir='ltr'><em>καθ-</em></span> 
     </span>
    </p>
   </div>
   <div class='ocr_carea' id='block_1_66' title="bbox 254 3640 1827 3715">
    <p class='ocr_par' dir='ltr' id='par_1_66' title="bbox 254 3640 1827 3715">
     <span class='ocr_line' id='line_1_66' title="bbox 254 3640 1827 3715; baseline -0.006 -14"><span class='ocrx_word' id='word_1_492' title='bbox 254 3645 462 3715; x_wconf 68' lang='grc' dir='ltr'><em>άψηται</em></span> <span class='ocrx_word' id='word_1_493' title='bbox 490 3643 579 3697; x_wconf 88' lang='grc' dir='ltr'><strong><em>διά</em></strong></span> <span class='ocrx_word' id='word_1_494' title='bbox 600 3644 701 3713; x_wconf 78' lang='grc' dir='ltr'><em>τὴν</em></span> <span class='ocrx_word' id='word_1_495' title='bbox 727 3641 982 3711; x_wconf 81' lang='grc' dir='ltr'><em>πώρωσιν</em></span> <span class='ocrx_word' id='word_1_496' title='bbox 1003 3640 1101 3710; x_wconf 82' lang='grc' dir='ltr'><em>τῆς</em></span> <span class='ocrx_word' id='word_1_497' title='bbox 1131 3640 1355 3712; x_wconf 82' lang='grc' dir='ltr'><em>καρδίας</em></span> <span class='ocrx_word' id='word_1_498' title='bbox 1380 3642 1447 3695; x_wconf 83' lang='grc' dir='ltr'><strong><em>τά</em></strong></span> <span class='ocrx_word' id='word_1_499' title='bbox 1466 3641 1657 3710; x_wconf 82' lang='grc' dir='ltr'><em>λογικά</em></span> <span class='ocrx_word' id='word_1_500' title='bbox 1677 3641 1827 3713; x_wconf 81' lang='grc' dir='ltr'><em>βέλη,</em></span> 
     </span>
    </p>
   </div>
   <div class='ocr_carea' id='block_1_67' title="bbox 254 3726 1829 3803">
    <p class='ocr_par' dir='ltr' id='par_1_67' title="bbox 254 3726 1829 3803">
     <span class='ocr_line' id='line_1_67' title="bbox 254 3726 1829 3803; baseline -0.001 -16"><span class='ocrx_word' id='word_1_501' title='bbox 254 3734 463 3796; x_wconf 81' lang='grc' dir='ltr'><em>τούτοις</em></span> <span class='ocrx_word' id='word_1_502' title='bbox 485 3730 707 3802; x_wconf 79' lang='grc' dir='ltr'><em>ἑτοίμην</em></span> <span class='ocrx_word' id='word_1_503' title='bbox 730 3726 869 3783; x_wconf 79' lang='grc' dir='ltr'><em>εἶναι</em></span> <span class='ocrx_word' id='word_1_504' title='bbox 895 3729 993 3802; x_wconf 82' lang='grc' dir='ltr'><em>τὴν</em></span> <span class='ocrx_word' id='word_1_505' title='bbox 1026 3730 1265 3795; x_wconf 79' lang='grc' dir='ltr'><em>κόλασιν,</em></span> <span class='ocrx_word' id='word_1_506' title='bbox 1289 3732 1355 3803; x_wconf 79' lang='grc' dir='ltr'><em>ἣν</em></span> <span class='ocrx_word' id='word_1_507' title='bbox 1390 3732 1483 3785; x_wconf 73' lang='grc' dir='ltr'><em>καὶ</em></span> <span class='ocrx_word' id='word_1_508' title='bbox 1511 3732 1829 3802; x_wconf 79' lang='grc' dir='ltr'><em>ἐρημικοὺς</em></span> 
     </span>
    </p>
   </div>
   <div class='ocr_carea' id='block_1_68' title="bbox 254 3826 1829 3900">
    <p class='ocr_par' dir='ltr' id='par_1_68' title="bbox 254 3826 1829 3900">
     <span class='ocr_line' id='line_1_68' title="bbox 254 3826 1829 3900; baseline 0.001 -19"><span class='ocrx_word' id='word_1_509' title='bbox 254 3828 530 3900; x_wconf 77' lang='grc' dir='ltr'><em>ἄνθρακας</em></span> <span class='ocrx_word' id='word_1_510' title='bbox 578 3826 1039 3899; x_wconf 84' lang='grc' dir='ltr'><em>προσηγόρευσεν.</em></span> <span class='ocrx_word' id='word_1_511' title='bbox 1077 3826 1234 3880; x_wconf 85' lang='grc' dir='ltr'><em>Ὀσοι</em></span> <span class='ocrx_word' id='word_1_512' title='bbox 1289 3827 1397 3900; x_wconf 75' lang='grc' dir='ltr'><em>γὰρ</em></span> <span class='ocrx_word' id='word_1_513' title='bbox 1448 3829 1687 3900; x_wconf 76' lang='grc' dir='ltr'><em>ἐρήμους</em></span> <span class='ocrx_word' id='word_1_514' title='bbox 1735 3828 1829 3882; x_wconf 89' lang='grc' dir='ltr'><strong><em>τοῦ</em></strong></span> 
     </span>
    </p>
   </div>
   <div class='ocr_carea' id='block_1_69' title="bbox 254 3918 1830 3991">
    <p class='ocr_par' dir='ltr' id='par_1_69' title="bbox 254 3918 1830 3991">
     <span class='ocr_line' id='line_1_69' title="bbox 254 3918 1830 3991; baseline 0 -19"><span class='ocrx_word' id='word_1_515' title='bbox 254 3918 391 3972; x_wconf 87' lang='grc' dir='ltr'><em>Θεοῦ</em></span> <span class='ocrx_word' id='word_1_516' title='bbox 414 3918 751 3989; x_wconf 84' lang='grc' dir='ltr'><em>κατέστησαν</em></span> <span class='ocrx_word' id='word_1_517' title='bbox 768 3918 1016 3982; x_wconf 78' lang='grc' dir='ltr'><em>ἑαυτοὺς,</em></span> <span class='ocrx_word' id='word_1_518' title='bbox 1037 3918 1245 3980; x_wconf 83' lang='grc' dir='ltr'><em>τούτοις</em></span> <span class='ocrx_word' id='word_1_519' title='bbox 1268 3919 1563 3985; x_wconf 78' lang='grc' dir='ltr'><em>ἀναγκαῖος</em></span> <span class='ocrx_word' id='word_1_520' title='bbox 1588 3921 1615 3972; x_wconf 89' lang='grc' dir='ltr'><strong><em>ό</em></strong></span> <span class='ocrx_word' id='word_1_521' title='bbox 1641 3920 1830 3991; x_wconf 79' lang='grc' dir='ltr'><em>εὑτρε-</em></span> 
     </span>
    </p>
   </div>
   <div class='ocr_carea' id='block_1_70' title="bbox 257 4006 1828 4080">
    <p class='ocr_par' dir='ltr' id='par_1_70' title="bbox 257 4006 1828 4080">
     <span class='ocr_line' id='line_1_70' title="bbox 257 4006 1828 4080; baseline 0.001 -18"><span class='ocrx_word' id='word_1_522' title='bbox 257 4011 462 4080; x_wconf 84' lang='grc' dir='ltr'><em>πισμὸς</em></span> <span class='ocrx_word' id='word_1_523' title='bbox 496 4009 603 4063; x_wconf 87' lang='grc' dir='ltr'><strong><em>τῶν</em></strong></span> <span class='ocrx_word' id='word_1_524' title='bbox 626 4008 912 4079; x_wconf 85' lang='grc' dir='ltr'><em>ὲρημικῶν</em></span> <span class='ocrx_word' id='word_1_525' title='bbox 940 4008 1248 4078; x_wconf 81' lang='grc' dir='ltr'><em>ἀνθράκων.</em></span> <span class='ocrx_word' id='word_1_526' title='bbox 1291 4008 1405 4060; x_wconf 77' lang='grc' dir='ltr'><em>Νῦν</em></span> <span class='ocrx_word' id='word_1_527' title='bbox 1444 4006 1537 4061; x_wconf 77' lang='grc' dir='ltr'><em>οὖν</em></span> <span class='ocrx_word' id='word_1_528' title='bbox 1582 4010 1828 4078; x_wconf 78' lang='grc' dir='ltr'><em>Τὰβέλη</em></span> 
     </span>
    </p>
   </div>
   <div class='ocr_carea' id='block_1_71' title="bbox 252 4096 1829 4170">
    <p class='ocr_par' dir='ltr' id='par_1_71' title="bbox 252 4096 1829 4170">
     <span class='ocr_line' id='line_1_71' title="bbox 252 4096 1829 4170; baseline -0.001 -16"><span class='ocrx_word' id='word_1_529' title='bbox 252 4115 373 4154; x_wconf 84' lang='grc' dir='ltr'><strong><em>σου</em></strong></span> <span class='ocrx_word' id='word_1_530' title='bbox 402 4098 765 4166; x_wconf 75' lang='grc' dir='ltr'><em>ἠκονημένα.</em></span> <span class='ocrx_word' id='word_1_531' title='bbox 804 4099 899 4151; x_wconf 84' lang='grc' dir='ltr'><em>Ἐκ</em></span> <span class='ocrx_word' id='word_1_532' title='bbox 923 4097 1128 4150; x_wconf 78' lang='grc' dir='ltr'><em>τούτων</em></span> <span class='ocrx_word' id='word_1_533' title='bbox 1161 4096 1269 4149; x_wconf 87' lang='grc' dir='ltr'><strong><em>τῶν</em></strong></span> <span class='ocrx_word' id='word_1_534' title='bbox 1307 4097 1475 4166; x_wconf 88' lang='grc' dir='ltr'><em>βελῶν</em></span> <span class='ocrx_word' id='word_1_535' title='bbox 1504 4099 1829 4170; x_wconf 84' lang='grc' dir='ltr'><em>τιτρώσκον-</em></span> 
     </span>
    </p>
   </div>
   <div class='ocr_carea' id='block_1_72' title="bbox 253 4189 1831 4265">
    <p class='ocr_par' dir='ltr' id='par_1_72' title="bbox 253 4189 1831 4265">
     <span class='ocr_line' id='line_1_72' title="bbox 253 4189 1831 4265; baseline 0.003 -22"><span class='ocrx_word' id='word_1_536' title='bbox 253 4209 344 4243; x_wconf 85' lang='grc' dir='ltr'><strong><em>ται</em></strong></span> <span class='ocrx_word' id='word_1_537' title='bbox 376 4192 434 4243; x_wconf 82' lang='grc' dir='ltr'><em>αἰ</em></span> <span class='ocrx_word' id='word_1_538' title='bbox 470 4189 908 4261; x_wconf 84' lang='grc' dir='ltr'><em>παραδεξάμεναι</em></span> <span class='ocrx_word' id='word_1_539' title='bbox 936 4191 1035 4260; x_wconf 80' lang='grc' dir='ltr'><em>τὴν</em></span> <span class='ocrx_word' id='word_1_540' title='bbox 1075 4190 1257 4243; x_wconf 85' lang='grc' dir='ltr'><em>πίστιν</em></span> <span class='ocrx_word' id='word_1_541' title='bbox 1289 4190 1479 4262; x_wconf 70' lang='grc' dir='ltr'><em>ψυχαὶ,</em></span> <span class='ocrx_word' id='word_1_542' title='bbox 1514 4193 1606 4244; x_wconf 76' lang='grc' dir='ltr'><em>καὶ</em></span> <span class='ocrx_word' id='word_1_543' title='bbox 1630 4196 1709 4257; x_wconf 78' lang='grc' dir='ltr'><strong><em>είς</em></strong></span> <span class='ocrx_word' id='word_1_544' title='bbox 1732 4194 1831 4265; x_wconf 82' lang='grc' dir='ltr'><em>τὴν</em></span> 
     </span>
    </p>
   </div>
   <div class='ocr_carea' id='block_1_73' title="bbox 254 4284 1831 4361">
    <p class='ocr_par' dir='ltr' id='par_1_73' title="bbox 254 4284 1831 4361">
     <span class='ocr_line' id='line_1_73' title="bbox 254 4284 1831 4361; baseline 0.003 -22"><span class='ocrx_word' id='word_1_545' title='bbox 254 4287 431 4356; x_wconf 81' lang='grc' dir='ltr'><em>ἄκραν</em></span> <span class='ocrx_word' id='word_1_546' title='bbox 465 4284 558 4339; x_wconf 88' lang='grc' dir='ltr'><strong><em>τοῦ</em></strong></span> <span class='ocrx_word' id='word_1_547' title='bbox 590 4284 724 4339; x_wconf 86' lang='grc' dir='ltr'><em>Θεοῦ</em></span> <span class='ocrx_word' id='word_1_548' title='bbox 754 4286 977 4357; x_wconf 83' lang='grc' dir='ltr'><strong><em>ἀγάπην</em></strong></span> <span class='ocrx_word' id='word_1_549' title='bbox 1008 4286 1357 4340; x_wconf 83' lang='grc' dir='ltr'><em>ἐκκαυθεῖσαι</em></span> <span class='ocrx_word' id='word_1_550' title='bbox 1397 4287 1611 4356; x_wconf 86' lang='grc' dir='ltr'><em>λέγουσι</em></span> <span class='ocrx_word' id='word_1_551' title='bbox 1662 4302 1831 4361; x_wconf 80' lang='grc' dir='ltr'><em>παρα-</em></span> 
     </span>
    </p>
   </div>
   <div class='ocr_carea' id='block_1_74' title="bbox 256 4377 1826 4450">
    <p class='ocr_par' dir='ltr' id='par_1_74' title="bbox 256 4377 1826 4450">
     <span class='ocr_line' id='line_1_74' title="bbox 256 4377 1826 4450; baseline 0.003 -21"><span class='ocrx_word' id='word_1_552' title='bbox 256 4378 497 4448; x_wconf 85' lang='grc' dir='ltr'><em>πλησίως</em></span> <span class='ocrx_word' id='word_1_553' title='bbox 525 4379 590 4448; x_wconf 80' lang='grc' dir='ltr'><em>τῇ</em></span> <span class='ocrx_word' id='word_1_554' title='bbox 622 4377 681 4429; x_wconf 91' lang='grc' dir='ltr'><strong><em>νύ</em></strong></span> <span class='ocrx_word' id='word_1_555' title='bbox 690 4395 805 4449; x_wconf 76' lang='grc' dir='ltr'><em>μφη</em></span> <span class='ocrx_word' id='word_1_556' title='bbox 828 4378 907 4441; x_wconf 86' lang='grc' dir='ltr'><em>τὸ,</em></span> <span class='ocrx_word' id='word_1_557' title='bbox 934 4378 1266 4448; x_wconf 66' lang='grc' dir='ltr'><em>Τετρωμέιη</em></span> <span class='ocrx_word' id='word_1_558' title='bbox 1296 4379 1531 4449; x_wconf 78' lang='grc' dir='ltr'><em>ἀγάπης</em></span> <span class='ocrx_word' id='word_1_559' title='bbox 1551 4379 1663 4449; x_wconf 78' lang='grc' dir='ltr'><em>ἐγώ</em></span> <span class='ocrx_word' id='word_1_560' title='bbox 1689 4383 1826 4450; x_wconf 76' lang='grc' dir='ltr'><em>ειμι.</em></span> 
     </span>
    </p>
   </div>
   <div class='ocr_carea' id='block_1_75' title="bbox 264 4469 1825 4541">
    <p class='ocr_par' dir='ltr' id='par_1_75' title="bbox 264 4469 1825 4541">
     <span class='ocr_line' id='line_1_75' title="bbox 264 4469 1825 4541; baseline 0 -18"><span class='ocrx_word' id='word_1_561' title='bbox 264 4470 679 4540; x_wconf 82' lang='grc' dir='ltr'><em>Ἀνεκδιήγητον</em></span> <span class='ocrx_word' id='word_1_562' title='bbox 708 4469 765 4521; x_wconf 81' lang='grc' dir='ltr'><em>δὲ</em></span> <span class='ocrx_word' id='word_1_563' title='bbox 798 4469 891 4523; x_wconf 75' lang='grc' dir='ltr'><em>καὶ</em></span> <span class='ocrx_word' id='word_1_564' title='bbox 929 4470 1169 4541; x_wconf 75' lang='grc' dir='ltr'><em>ἄρρητον</em></span> <span class='ocrx_word' id='word_1_565' title='bbox 1207 4471 1266 4521; x_wconf 78' lang='grc' dir='ltr'><em>τὸ</em></span> <span class='ocrx_word' id='word_1_566' title='bbox 1298 4471 1392 4521; x_wconf 88' lang='grc' dir='ltr'><strong><em>τοῦ</em></strong></span> <span class='ocrx_word' id='word_1_567' title='bbox 1420 4471 1576 4537; x_wconf 87' lang='grc' dir='ltr'><em>λόγου</em></span> <span class='ocrx_word' id='word_1_568' title='bbox 1605 4472 1825 4537; x_wconf 87' lang='grc' dir='ltr'><em>κάλλος,</em></span> 
     </span>
    </p>
   </div>
   <div class='ocr_carea' id='block_1_76' title="bbox 252 4560 1827 4637">
    <p class='ocr_par' dir='ltr' id='par_1_76' title="bbox 252 4560 1827 4637">
     <span class='ocr_line' id='line_1_76' title="bbox 252 4560 1827 4637; baseline 0.004 -23"><span class='ocrx_word' id='word_1_569' title='bbox 252 4562 349 4615; x_wconf 76' lang='grc' dir='ltr'><em>καὶ</em></span> <span class='ocrx_word' id='word_1_570' title='bbox 398 4560 559 4631; x_wconf 79' lang='grc' dir='ltr'><em>ητῆς</em></span> <span class='ocrx_word' id='word_1_571' title='bbox 605 4562 796 4629; x_wconf 74' lang='grc' dir='ltr'><em>σοφίας</em></span> <span class='ocrx_word' id='word_1_572' title='bbox 838 4563 1129 4633; x_wconf 81' lang='grc' dir='ltr'><em>ώραιότης,</em></span> <span class='ocrx_word' id='word_1_573' title='bbox 1167 4564 1259 4616; x_wconf 72' lang='grc' dir='ltr'><em>καὶ</em></span> <span class='ocrx_word' id='word_1_574' title='bbox 1297 4568 1329 4635; x_wconf 78' lang='grc' dir='ltr'>ἡ</span> <span class='ocrx_word' id='word_1_575' title='bbox 1362 4563 1455 4616; x_wconf 88' lang='grc' dir='ltr'><strong><em>τοῦ</em></strong></span> <span class='ocrx_word' id='word_1_576' title='bbox 1489 4564 1625 4617; x_wconf 85' lang='grc' dir='ltr'><em>Θεοῦ</em></span> <span class='ocrx_word' id='word_1_577' title='bbox 1661 4568 1719 4619; x_wconf 76' lang='grc' dir='ltr'><em>ὲν</em></span> <span class='ocrx_word' id='word_1_578' title='bbox 1760 4570 1827 4637; x_wconf 81' lang='grc' dir='ltr'><em>τῇ</em></span> 
     </span>
    </p>
   </div>
   <div class='ocr_carea' id='block_1_77' title="bbox 250 4651 1829 4727">
    <p class='ocr_par' dir='ltr' id='par_1_77' title="bbox 250 4651 1829 4727">
     <span class='ocr_line' id='line_1_77' title="bbox 250 4651 1829 4727; baseline 0.006 -23"><span class='ocrx_word' id='word_1_579' title='bbox 250 4651 423 4705; x_wconf 79' lang='grc' dir='ltr'><em>εἰκόνι</em></span> <span class='ocrx_word' id='word_1_580' title='bbox 457 4651 621 4705; x_wconf 74' lang='grc' dir='ltr'><em>αὑτοῦ</em></span> <span class='ocrx_word' id='word_1_581' title='bbox 655 4656 855 4726; x_wconf 74' lang='grc' dir='ltr'><em>μορφή.</em></span> <span class='ocrx_word' id='word_1_582' title='bbox 908 4656 1184 4727; x_wconf 81' lang='grc' dir='ltr'><em>Μακάριοι</em></span> <span class='ocrx_word' id='word_1_583' title='bbox 1214 4653 1327 4723; x_wconf 70' lang='grc' dir='ltr'><em>οὖν,</em></span> <span class='ocrx_word' id='word_1_584' title='bbox 1356 4658 1404 4709; x_wconf 82' lang='grc' dir='ltr'><em>οἱ</em></span> <span class='ocrx_word' id='word_1_585' title='bbox 1432 4657 1527 4710; x_wconf 86' lang='grc' dir='ltr'><strong><em>τοῦ</em></strong></span> <span class='ocrx_word' id='word_1_586' title='bbox 1574 4659 1829 4727; x_wconf 83' lang='grc' dir='ltr'><em>ἀληθινοῦ</em></span> 
     </span>
    </p>
   </div>
   <div class='ocr_carea' id='block_1_78' title="bbox 248 4744 1831 4822">
    <p class='ocr_par' dir='ltr' id='par_1_78' title="bbox 248 4744 1831 4822">
     <span class='ocr_line' id='line_1_78' title="bbox 248 4744 1831 4822; baseline 0.003 -23"><span class='ocrx_word' id='word_1_587' title='bbox 248 4745 482 4809; x_wconf 82' lang='grc' dir='ltr'><em>κάλλους</em></span> <span class='ocrx_word' id='word_1_588' title='bbox 506 4744 913 4815; x_wconf 70' lang='grc' dir='ltr'><em>φιλοθεάμονες.</em></span> <span class='ocrx_word' id='word_1_589' title='bbox 934 4748 1110 4801; x_wconf 74' lang='grc' dir='ltr'><em>Οίονεὶ</em></span> <span class='ocrx_word' id='word_1_590' title='bbox 1136 4748 1244 4819; x_wconf 88' lang='grc' dir='ltr'><em>γὰρ</em></span> <span class='ocrx_word' id='word_1_591' title='bbox 1278 4748 1661 4819; x_wconf 87' lang='grc' dir='ltr'><em>προσδεθέντες</em></span> <span class='ocrx_word' id='word_1_592' title='bbox 1683 4749 1831 4822; x_wconf 78' lang='grc' dir='ltr'><em>αύτῷ</em></span> 
     </span>
    </p>
   </div>
   <div class='ocr_carea' id='block_1_79' title="bbox 248 4838 1831 4913">
    <p class='ocr_par' dir='ltr' id='par_1_79' title="bbox 248 4838 1831 4913">
     <span class='ocr_line' id='line_1_79' title="bbox 248 4838 1831 4913; baseline 0.003 -22"><span class='ocrx_word' id='word_1_593' title='bbox 248 4840 341 4891; x_wconf 78' lang='grc' dir='ltr'><em>διὰ</em></span> <span class='ocrx_word' id='word_1_594' title='bbox 374 4838 474 4908; x_wconf 83' lang='grc' dir='ltr'><em>τῆς</em></span> <span class='ocrx_word' id='word_1_595' title='bbox 505 4839 746 4909; x_wconf 82' lang='grc' dir='ltr'><em>ἀγάπης,</em></span> <span class='ocrx_word' id='word_1_596' title='bbox 783 4840 878 4892; x_wconf 81' lang='grc' dir='ltr'><em>καὶ</em></span> <span class='ocrx_word' id='word_1_597' title='bbox 908 4839 997 4891; x_wconf 81' lang='grc' dir='ltr'><em>τὸν</em></span> <span class='ocrx_word' id='word_1_598' title='bbox 1026 4842 1345 4912; x_wconf 84' lang='grc' dir='ltr'><em>ἐπουράνιον</em></span> <span class='ocrx_word' id='word_1_599' title='bbox 1376 4843 1467 4896; x_wconf 74' lang='grc' dir='ltr'><em>καὶ</em></span> <span class='ocrx_word' id='word_1_600' title='bbox 1494 4846 1831 4913; x_wconf 86' lang='grc' dir='ltr'><em>μακαριστὸν</em></span> 
     </span>
    </p>
   </div>
   <div class='ocr_carea' id='block_1_80' title="bbox 249 4928 1829 5001">
    <p class='ocr_par' dir='ltr' id='par_1_80' title="bbox 249 4928 1829 5001">
     <span class='ocr_line' id='line_1_80' title="bbox 249 4928 1829 5001; baseline 0.003 -20"><span class='ocrx_word' id='word_1_601' title='bbox 249 4928 486 5001; x_wconf 75' lang='grc' dir='ltr'><em>ἐρῶντες</em></span> <span class='ocrx_word' id='word_1_602' title='bbox 521 4930 720 5001; x_wconf 79' lang='grc' dir='ltr'><em>ἔρωτα,</em></span> <span class='ocrx_word' id='word_1_603' title='bbox 758 4931 1201 4985; x_wconf 85' lang='grc' dir='ltr'><em>ἐπιλανθάνονται</em></span> <span class='ocrx_word' id='word_1_604' title='bbox 1237 4933 1335 5001; x_wconf 84' lang='grc' dir='ltr'><em>μὲν</em></span> <span class='ocrx_word' id='word_1_605' title='bbox 1372 4934 1589 4988; x_wconf 89' lang='grc' dir='ltr'><em>οίκείων</em></span> <span class='ocrx_word' id='word_1_606' title='bbox 1619 4937 1711 4988; x_wconf 75' lang='grc' dir='ltr'><em>καὶ</em></span> <span class='ocrx_word' id='word_1_607' title='bbox 1744 4935 1829 5001; x_wconf 79' lang='grc' dir='ltr'><strong><em>φί-</em></strong></span> 
     </span>
    </p>
   </div>
   <div class='ocr_carea' id='block_1_81' title="bbox 249 5023 1828 5096">
    <p class='ocr_par' dir='ltr' id='par_1_81' title="bbox 249 5023 1828 5096">
     <span class='ocr_line' id='line_1_81' title="bbox 249 5023 1828 5096; baseline 0.004 -20"><span class='ocrx_word' id='word_1_608' title='bbox 249 5027 388 5077; x_wconf 83' lang='grc' dir='ltr'><em>λων·</em></span> <span class='ocrx_word' id='word_1_609' title='bbox 425 5023 871 5078; x_wconf 81' lang='grc' dir='ltr'><em>ἐπιλανθάνονται</em></span> <span class='ocrx_word' id='word_1_610' title='bbox 910 5026 965 5078; x_wconf 80' lang='grc' dir='ltr'><em>δὲ</em></span> <span class='ocrx_word' id='word_1_611' title='bbox 1000 5028 1148 5077; x_wconf 77' lang='grc' dir='ltr'><em>οἴκου</em></span> <span class='ocrx_word' id='word_1_612' title='bbox 1196 5027 1287 5078; x_wconf 75' lang='grc' dir='ltr'><em>καὶ</em></span> <span class='ocrx_word' id='word_1_613' title='bbox 1324 5028 1639 5096; x_wconf 81' lang='grc' dir='ltr'><em>περιουσίας</em></span> <span class='ocrx_word' id='word_1_614' title='bbox 1686 5029 1828 5083; x_wconf 85' lang='grc' dir='ltr'><em>ἀπά-</em></span> 
     </span>
    </p>
   </div>
   <div class='ocr_carea' id='block_1_82' title="bbox 251 5116 1828 5188">
    <p class='ocr_par' dir='ltr' id='par_1_82' title="bbox 251 5116 1828 5188">
     <span class='ocr_line' id='line_1_82' title="bbox 251 5116 1828 5188; baseline 0.004 -21"><span class='ocrx_word' id='word_1_615' title='bbox 251 5134 379 5186; x_wconf 87' lang='grc' dir='ltr'><em>σης·</em></span> <span class='ocrx_word' id='word_1_616' title='bbox 412 5116 757 5185; x_wconf 86' lang='grc' dir='ltr'><em>ἐκλαθόμενοι</em></span> <span class='ocrx_word' id='word_1_617' title='bbox 782 5116 837 5170; x_wconf 82' lang='grc' dir='ltr'><em>δὲ</em></span> <span class='ocrx_word' id='word_1_618' title='bbox 868 5117 1073 5187; x_wconf 80' lang='grc' dir='ltr'><em>καὶτῆς</em></span> <span class='ocrx_word' id='word_1_619' title='bbox 1106 5120 1419 5188; x_wconf 82' lang='grc' dir='ltr'><em>σωματικῆς</em></span> <span class='ocrx_word' id='word_1_620' title='bbox 1446 5121 1523 5181; x_wconf 79' lang='grc' dir='ltr'><strong><em>είς</em></strong></span> <span class='ocrx_word' id='word_1_621' title='bbox 1546 5121 1605 5171; x_wconf 75' lang='grc' dir='ltr'><em>τὸ</em></span> <span class='ocrx_word' id='word_1_622' title='bbox 1630 5120 1828 5175; x_wconf 84' lang='grc' dir='ltr'><em>ἐσθίειν</em></span> 
     </span>
    </p>
   </div>
   <div class='ocr_carea' id='block_1_83' title="bbox 322 5297 1831 5369">
    <p class='ocr_par' dir='ltr' id='par_1_83' title="bbox 322 5297 1831 5365">
     <span class='ocr_line' id='line_1_83' title="bbox 322 5297 1831 5365; baseline 0.002 -12"><span class='ocrx_word' id='word_1_623' title='bbox 322 5301 367 5330; x_wconf 71' lang='grc'><strong><em>³*</em></strong></span> <span class='ocrx_word' id='word_1_624' title='bbox 400 5298 587 5355; x_wconf 85' lang='lat' dir='ltr'><strong><em>Matth.</em></strong></span> <span class='ocrx_word' id='word_1_625' title='bbox 614 5315 686 5365; x_wconf 78' lang='lat' dir='ltr'><strong><em>Vl,</em></strong></span> <span class='ocrx_word' id='word_1_626' title='bbox 715 5299 801 5353; x_wconf 78' lang='grc'><strong><em>10.</em></strong></span> <span class='ocrx_word' id='word_1_627' title='bbox 880 5300 923 5329; x_wconf 76' lang='grc'>⁸⁸</span> <span class='ocrx_word' id='word_1_628' title='bbox 957 5298 1085 5352; x_wconf 88' lang='lat' dir='ltr'><strong><em>ibid.</em></strong></span> <span class='ocrx_word' id='word_1_629' title='bbox 1162 5299 1203 5329; x_wconf 85' lang='lat'>“</span> <span class='ocrx_word' id='word_1_630' title='bbox 1237 5297 1419 5353; x_wconf 84' lang='lat' dir='ltr'><strong><em>Matth.</em></strong></span> <span class='ocrx_word' id='word_1_631' title='bbox 1442 5316 1519 5365; x_wconf 73' lang='grc' dir='ltr'><em>χι,</em></span> <span class='ocrx_word' id='word_1_632' title='bbox 1553 5299 1642 5353; x_wconf 75' lang='grc'><strong><em>29.</em></strong></span> <span class='ocrx_word' id='word_1_633' title='bbox 1721 5304 1764 5333; x_wconf 85' lang='grc'><strong><em>⁶²</em></strong></span> <span class='ocrx_word' id='word_1_634' title='bbox 1798 5301 1831 5356; x_wconf 86' lang='grc' dir='ltr'><strong><em>Ε</em></strong></span> 
     </span>
    </p>
   </div>
   <div class='ocr_carea' id='block_1_84' title="bbox 1935 5297 2220 5369">
    <p class='ocr_par' dir='ltr' id='par_1_84' title="bbox 1935 5302 2220 5369">
     <span class='ocr_line' id='line_1_84' title="bbox 1935 5302 2220 5369; baseline -0.004 -12"><span class='ocrx_word' id='word_1_635' title='bbox 1935 5320 1977 5359; x_wconf 80' lang='lat' dir='ltr'><strong><em>e.</em></strong></span> <span class='ocrx_word' id='word_1_636' title='bbox 2007 5317 2105 5369; x_wconf 75' lang='grc' dir='ltr'><em>ιιι,</em></span> <span class='ocrx_word' id='word_1_637' title='bbox 2135 5302 2220 5356; x_wconf 84' lang='lat' dir='ltr'><strong><em>ll.</em></strong></span> 
     </span>
    </p>
   </div>
   <div class='ocr_carea' id='block_1_85' title="bbox 324 5434 1830 5504">
    <p class='ocr_par' dir='ltr' id='par_1_85' title="bbox 324 5434 1830 5504">
     <span class='ocr_line' id='line_1_85' title="bbox 324 5434 1830 5504; baseline 0.003 -15"><span class='ocrx_word' id='word_1_638' title='bbox 324 5434 437 5501; x_wconf 73' lang='lat'><strong><em>(81)</em></strong></span> <span class='ocrx_word' id='word_1_639' title='bbox 475 5436 565 5489; x_wconf 83' lang='lat' dir='ltr'><strong><em>Sic</em></strong></span> <span class='ocrx_word' id='word_1_640' title='bbox 604 5437 842 5504; x_wconf 86' lang='lat' dir='ltr'><strong><em>quinque</em></strong></span> <span class='ocrx_word' id='word_1_641' title='bbox 894 5452 1024 5487; x_wconf 86' lang='lat' dir='ltr'><strong><em>mss.</em></strong></span> <span class='ocrx_word' id='word_1_642' title='bbox 1074 5452 1194 5490; x_wconf 89' lang='lat' dir='ltr'><strong><em>cum</em></strong></span> <span class='ocrx_word' id='word_1_643' title='bbox 1243 5436 1478 5488; x_wconf 82' lang='lat' dir='ltr'><strong><em>editione</em></strong></span> <span class='ocrx_word' id='word_1_644' title='bbox 1544 5436 1710 5492; x_wconf 82' lang='lat' dir='ltr'><strong><em>Basil.</em></strong></span> <span class='ocrx_word' id='word_1_645' title='bbox 1761 5438 1830 5493; x_wconf 80' lang='lat' dir='ltr'><strong><em>At</em></strong></span> 
     </span>
    </p>
   </div>
   <div class='ocr_carea' id='block_1_86' title="bbox 250 5504 1827 5575">
    <p class='ocr_par' dir='ltr' id='par_1_86' title="bbox 250 5504 1827 5575">
     <span class='ocr_line' id='line_1_86' title="bbox 250 5504 1827 5575; baseline 0.002 -16"><span class='ocrx_word' id='word_1_646' title='bbox 250 5508 423 5559; x_wconf 81' lang='lat' dir='ltr'><strong><em>editio</em></strong></span> <span class='ocrx_word' id='word_1_647' title='bbox 461 5504 631 5557; x_wconf 83' lang='lat' dir='ltr'><strong><em>Paris.</em></strong></span> <span class='ocrx_word' id='word_1_648' title='bbox 674 5506 823 5575; x_wconf 77' lang='grc' dir='ltr'><em>ἔλθη.</em></span> <span class='ocrx_word' id='word_1_649' title='bbox 855 5504 962 5558; x_wconf 68' lang='lat' dir='ltr'><strong><em>Nec</em></strong></span> <span class='ocrx_word' id='word_1_650' title='bbox 992 5506 1063 5558; x_wconf 83' lang='lat' dir='ltr'><strong><em>ita</em></strong></span> <span class='ocrx_word' id='word_1_651' title='bbox 1084 5506 1251 5557; x_wconf 85' lang='lat' dir='ltr'><strong><em>inulto</em></strong></span> <span class='ocrx_word' id='word_1_652' title='bbox 1277 5516 1397 5569; x_wconf 75' lang='lat' dir='ltr'><strong><em>post</em></strong></span> <span class='ocrx_word' id='word_1_653' title='bbox 1421 5508 1661 5574; x_wconf 83' lang='lat' dir='ltr'><strong><em>quinque</em></strong></span> <span class='ocrx_word' id='word_1_654' title='bbox 1698 5526 1827 5562; x_wconf 65' lang='lat' dir='ltr'><strong><em>mss.</em></strong></span> 
     </span>
    </p>
   </div>
   <div class='ocr_carea' id='block_1_87' title="bbox 261 5565 1834 5649">
    <p class='ocr_par' dir='ltr' id='par_1_87' title="bbox 261 5565 1834 5649">
     <span class='ocr_line' id='line_1_87' title="bbox 261 5565 1834 5649; baseline 0 -20"><span class='ocrx_word' id='word_1_655' title='bbox 261 5578 432 5649; x_wconf 84' lang='grc' dir='ltr'><em>’Υπὲρ</em></span> <span class='ocrx_word' id='word_1_656' title='bbox 454 5575 729 5644; x_wconf 81' lang='grc' dir='ltr'><em>ἀληθείας.</em></span> <span class='ocrx_word' id='word_1_657' title='bbox 748 5565 885 5649; x_wconf 66' lang='grc' dir='ltr'><strong><em>Εξιῆιί</em></strong></span> <span class='ocrx_word' id='word_1_658' title='bbox 908 5578 1132 5649; x_wconf 79' lang='grc' dir='ltr'><em>Ἕνεκεν</em></span> <span class='ocrx_word' id='word_1_659' title='bbox 1166 5565 1451 5649; x_wconf 62' lang='grc' dir='ltr'><em>ἀληθείαςί</em></span> <span class='ocrx_word' id='word_1_660' title='bbox 1476 5565 1669 5629; x_wconf 68' lang='lat' dir='ltr'><strong><em>Stalitn</em></strong></span> <span class='ocrx_word' id='word_1_661' title='bbox 1702 5594 1834 5643; x_wconf 81' lang='lat' dir='ltr'><strong><em>qua-</em></strong></span> 
     </span>
    </p>
   </div>
   <div class='ocr_carea' id='block_1_88' title="bbox 251 5648 1833 5717">
    <p class='ocr_par' dir='ltr' id='par_1_88' title="bbox 251 5648 1833 5717">
     <span class='ocr_line' id='line_1_88' title="bbox 251 5648 1833 5717; baseline 0 -18"><span class='ocrx_word' id='word_1_662' title='bbox 251 5660 375 5699; x_wconf 82' lang='lat' dir='ltr'><strong><em>lIIOI&#39;</em></strong></span> <span class='ocrx_word' id='word_1_663' title='bbox 409 5663 537 5698; x_wconf 80' lang='lat' dir='ltr'><strong><em>mss.</em></strong></span> <span class='ocrx_word' id='word_1_664' title='bbox 573 5662 693 5717; x_wconf 68' lang='lat' dir='ltr'><strong><em>ctttn</em></strong></span> <span class='ocrx_word' id='word_1_665' title='bbox 721 5648 955 5699; x_wconf 83' lang='lat' dir='ltr'><strong><em>editione</em></strong></span> <span class='ocrx_word' id='word_1_666' title='bbox 979 5648 1140 5717; x_wconf 63' lang='lat' dir='ltr'><strong><em>Basil.</em></strong></span> <span class='ocrx_word' id='word_1_667' title='bbox 1164 5648 1679 5717; x_wconf 70' lang='grc' dir='ltr'><em>προσδιέστραπται.</em></span> <span class='ocrx_word' id='word_1_668' title='bbox 1711 5650 1833 5699; x_wconf 66' lang='lat' dir='ltr'><strong><em>lidi-</em></strong></span> 
     </span>
    </p>
   </div>
   <div class='ocr_carea' id='block_1_89' title="bbox 249 5714 1827 5789">
    <p class='ocr_par' dir='ltr' id='par_1_89' title="bbox 249 5714 1827 5789">
     <span class='ocr_line' id='line_1_89' title="bbox 249 5714 1827 5789; baseline 0.002 -22"><span class='ocrx_word' id='word_1_669' title='bbox 249 5723 328 5768; x_wconf 85' lang='lat' dir='ltr'><strong><em>tio</em></strong></span> <span class='ocrx_word' id='word_1_670' title='bbox 397 5732 526 5771; x_wconf 75' lang='lat' dir='ltr'><strong><em>vero</em></strong></span> <span class='ocrx_word' id='word_1_671' title='bbox 594 5714 765 5768; x_wconf 82' lang='lat' dir='ltr'><strong><em>Puris.</em></strong></span> <span class='ocrx_word' id='word_1_672' title='bbox 825 5734 945 5770; x_wconf 69' lang='lat' dir='ltr'><strong><em>cum</em></strong></span> <span class='ocrx_word' id='word_1_673' title='bbox 1001 5715 1152 5769; x_wconf 82' lang='lat' dir='ltr'><strong><em>Colb.</em></strong></span> <span class='ocrx_word' id='word_1_674' title='bbox 1208 5714 1365 5769; x_wconf 39' lang='lat' dir='ltr'><strong><em>&#39;scxto</em></strong></span> <span class='ocrx_word' id='word_1_675' title='bbox 1434 5718 1827 5789; x_wconf 79' lang='grc' dir='ltr'><em>προσδιέστρα-</em></span> 
     </span>
    </p>
   </div>
   <div class='ocr_carea' id='block_1_90' title="bbox 250 5804 371 5842">
    <p class='ocr_par' dir='ltr' id='par_1_90' title="bbox 250 5804 371 5842">
     <span class='ocr_line' id='line_1_90' title="bbox 250 5804 371 5842; baseline -0.008 -3"><span class='ocrx_word' id='word_1_676' title='bbox 250 5804 371 5842; x_wconf 73' lang='grc' dir='ltr'><em>πτο.</em></span> 
     </span>
    </p>
   </div>
   <div class='ocr_carea' id='block_1_91' title="bbox 323 5857 1821 5935">
    <p class='ocr_par' dir='ltr' id='par_1_91' title="bbox 323 5857 1821 5935">
     <span class='ocr_line' id='line_1_91' title="bbox 323 5857 1821 5935; baseline -0.001 -24"><span class='ocrx_word' id='word_1_677' title='bbox 323 5857 431 5920; x_wconf 50' lang='grc' dir='ltr'>(δὲ)</span> <span class='ocrx_word' id='word_1_678' title='bbox 453 5859 587 5912; x_wconf 73' lang='lat' dir='ltr'><strong><em>Editi</em></strong></span> <span class='ocrx_word' id='word_1_679' title='bbox 620 5858 929 5926; x_wconf 68' lang='grc' dir='ltr'><em>ἐναχθῶσιν.</em></span> <span class='ocrx_word' id='word_1_680' title='bbox 958 5858 1019 5911; x_wconf 82' lang='lat' dir='ltr'><strong><em>At</em></strong></span> <span class='ocrx_word' id='word_1_681' title='bbox 1047 5873 1170 5912; x_wconf 88' lang='lat' dir='ltr'><strong><em>mss.</em></strong></span> <span class='ocrx_word' id='word_1_682' title='bbox 1196 5857 1425 5927; x_wconf 69' lang='lat' dir='ltr'><strong><em>quinque</em></strong></span> <span class='ocrx_word' id='word_1_683' title='bbox 1458 5858 1821 5935; x_wconf 51' lang='lat' dir='ltr'><strong><em>&#39;pazﬂ&#39;ivatv.</em></strong></span> 
     </span>
    </p>
   </div>
   <div class='ocr_carea' id='block_1_92' title="bbox 1932 3274 3518 3346">
    <p class='ocr_par' dir='ltr' id='par_1_92' title="bbox 1932 3274 3518 3346">
     <span class='ocr_line' id='line_1_92' title="bbox 1932 3274 3518 3346; baseline 0 -17"><span class='ocrx_word' id='word_1_684' title='bbox 1932 3284 2121 3330; x_wconf 87' lang='lat' dir='ltr'><strong><em>acutas</em></strong></span> <span class='ocrx_word' id='word_1_685' title='bbox 2156 3275 2394 3345; x_wconf 87' lang='lat' dir='ltr'><strong><em>potentis</em></strong></span> <span class='ocrx_word' id='word_1_686' title='bbox 2422 3274 2651 3345; x_wconf 74' lang='lat' dir='ltr'><strong><em>sagittas</em></strong></span> <span class='ocrx_word' id='word_1_687' title='bbox 2680 3278 2941 3346; x_wconf 84' lang='lat' dir='ltr'><strong><em>exquirit,</em></strong></span> <span class='ocrx_word' id='word_1_688' title='bbox 2966 3292 3066 3346; x_wconf 91' lang='lat' dir='ltr'><strong><em>pro</em></strong></span> <span class='ocrx_word' id='word_1_689' title='bbox 3099 3277 3295 3346; x_wconf 69' lang='lat' dir='ltr'><strong><em>linguae</em></strong></span> <span class='ocrx_word' id='word_1_690' title='bbox 3321 3275 3518 3330; x_wconf 68' lang='lat' dir='ltr'><strong><em>dolosae</em></strong></span> 
     </span>
    </p>
   </div>
   <div class='ocr_carea' id='block_1_93' title="bbox 1932 3365 3496 3433">
    <p class='ocr_par' dir='ltr' id='par_1_93' title="bbox 1932 3365 3496 3433">
     <span class='ocr_line' id='line_1_93' title="bbox 1932 3365 3496 3433; baseline -0.003 -10"><span class='ocrx_word' id='word_1_691' title='bbox 1932 3367 2193 3423; x_wconf 88' lang='lat' dir='ltr'><strong><em>remedio.</em></strong></span> <span class='ocrx_word' id='word_1_692' title='bbox 2228 3365 2433 3433; x_wconf 67' lang='lat' dir='ltr'><strong><em>Quaerit</em></strong></span> <span class='ocrx_word' id='word_1_693' title='bbox 2483 3368 2666 3422; x_wconf 85' lang='lat' dir='ltr'><strong><em>itidem</em></strong></span> <span class='ocrx_word' id='word_1_694' title='bbox 2723 3369 2984 3423; x_wconf 88' lang='lat' dir='ltr'><strong><em>carbones</em></strong></span> <span class='ocrx_word' id='word_1_695' title='bbox 3029 3368 3219 3421; x_wconf 87' lang='lat' dir='ltr'><strong><em>adesse</em></strong></span> <span class='ocrx_word' id='word_1_696' title='bbox 3261 3368 3496 3419; x_wconf 85' lang='lat' dir='ltr'><strong><em>desolato</em></strong></span> 
     </span>
    </p>
   </div>
   <div class='ocr_carea' id='block_1_94' title="bbox 1933 3457 3516 3529">
    <p class='ocr_par' dir='ltr' id='par_1_94' title="bbox 1933 3457 3516 3529">
     <span class='ocr_line' id='line_1_94' title="bbox 1933 3457 3516 3529; baseline -0.001 -17"><span class='ocrx_word' id='word_1_697' title='bbox 1933 3458 2125 3525; x_wconf 81' lang='lat' dir='ltr'><strong><em>rios”,</em></strong></span> <span class='ocrx_word' id='word_1_698' title='bbox 2161 3467 2222 3514; x_wconf 90' lang='lat' dir='ltr'><strong><em>ut</em></strong></span> <span class='ocrx_word' id='word_1_699' title='bbox 2276 3474 2414 3529; x_wconf 86' lang='lat' dir='ltr'><strong><em>quos</em></strong></span> <span class='ocrx_word' id='word_1_700' title='bbox 2460 3458 2530 3513; x_wconf 91' lang='lat' dir='ltr'><strong><em>ob</em></strong></span> <span class='ocrx_word' id='word_1_701' title='bbox 2584 3459 2842 3512; x_wconf 89' lang='lat' dir='ltr'><strong><em>callosam</em></strong></span> <span class='ocrx_word' id='word_1_702' title='bbox 2878 3458 3061 3513; x_wconf 88' lang='lat' dir='ltr'><strong><em>cordis</em></strong></span> <span class='ocrx_word' id='word_1_703' title='bbox 3111 3457 3364 3512; x_wconf 85' lang='lat' dir='ltr'><strong><em>duritiem</em></strong></span> <span class='ocrx_word' id='word_1_704' title='bbox 3405 3471 3516 3510; x_wconf 91' lang='lat' dir='ltr'><strong><em>non</em></strong></span> 
     </span>
    </p>
   </div>
   <div class='ocr_carea' id='block_1_95' title="bbox 1931 3550 3519 3622">
    <p class='ocr_par' dir='ltr' id='par_1_95' title="bbox 1931 3550 3519 3622">
     <span class='ocr_line' id='line_1_95' title="bbox 1931 3550 3519 3622; baseline -0.003 -16"><span class='ocrx_word' id='word_1_705' title='bbox 1931 3561 2160 3621; x_wconf 85' lang='lat' dir='ltr'><strong><em>tangunt</em></strong></span> <span class='ocrx_word' id='word_1_706' title='bbox 2206 3552 2516 3622; x_wconf 84' lang='lat' dir='ltr'><strong><em>spirituales</em></strong></span> <span class='ocrx_word' id='word_1_707' title='bbox 2567 3550 2816 3619; x_wconf 68' lang='lat' dir='ltr'><strong><em>sagittae,</em></strong></span> <span class='ocrx_word' id='word_1_708' title='bbox 2855 3550 2920 3605; x_wconf 91' lang='lat' dir='ltr'><strong><em>iis</em></strong></span> <span class='ocrx_word' id='word_1_709' title='bbox 2977 3560 3262 3620; x_wconf 88' lang='lat' dir='ltr'><strong><em>parentum</em></strong></span> <span class='ocrx_word' id='word_1_710' title='bbox 3294 3550 3365 3604; x_wconf 87' lang='lat' dir='ltr'><strong><em>sit</em></strong></span> <span class='ocrx_word' id='word_1_711' title='bbox 3391 3564 3519 3618; x_wconf 88' lang='lat' dir='ltr'><strong><em>sup—</em></strong></span> 
     </span>
    </p>
   </div>
   <div class='ocr_carea' id='block_1_96' title="bbox 1930 3642 3521 3713">
    <p class='ocr_par' dir='ltr' id='par_1_96' title="bbox 1930 3642 3521 3713">
     <span class='ocr_line' id='line_1_96' title="bbox 1930 3642 3521 3713; baseline -0.001 -17"><span class='ocrx_word' id='word_1_712' title='bbox 1930 3642 2173 3712; x_wconf 90' lang='lat' dir='ltr'><strong><em>plicium,</em></strong></span> <span class='ocrx_word' id='word_1_713' title='bbox 2212 3642 2353 3711; x_wconf 91' lang='lat' dir='ltr'><strong><em>quod</em></strong></span> <span class='ocrx_word' id='word_1_714' title='bbox 2398 3643 2663 3697; x_wconf 86' lang='lat' dir='ltr'><strong><em>carbones</em></strong></span> <span class='ocrx_word' id='word_1_715' title='bbox 2692 3642 2858 3697; x_wconf 86' lang='lat' dir='ltr'><strong><em>etiam</em></strong></span> <span class='ocrx_word' id='word_1_716' title='bbox 2904 3644 3256 3698; x_wconf 84' lang='lat' dir='ltr'><strong><em>desolatorios</em></strong></span> <span class='ocrx_word' id='word_1_717' title='bbox 3287 3642 3521 3713; x_wconf 84' lang='lat' dir='ltr'><strong><em>appella-</em></strong></span> 
     </span>
    </p>
   </div>
   <div class='ocr_carea' id='block_1_97' title="bbox 1929 3736 3517 3806">
    <p class='ocr_par' dir='ltr' id='par_1_97' title="bbox 1929 3736 3517 3806">
     <span class='ocr_line' id='line_1_97' title="bbox 1929 3736 3517 3806; baseline -0.001 -15"><span class='ocrx_word' id='word_1_718' title='bbox 1929 3737 2008 3791; x_wconf 80' lang='lat' dir='ltr'><strong><em>vit</em></strong></span> <span class='ocrx_word' id='word_1_719' title='bbox 2049 3736 2372 3806; x_wconf 84' lang='lat' dir='ltr'><strong><em>Quicunque</em></strong></span> <span class='ocrx_word' id='word_1_720' title='bbox 2400 3736 2545 3792; x_wconf 87' lang='lat' dir='ltr'><strong><em>enim</em></strong></span> <span class='ocrx_word' id='word_1_721' title='bbox 2580 3736 2749 3792; x_wconf 89' lang='lat' dir='ltr'><strong><em>Deum</em></strong></span> <span class='ocrx_word' id='word_1_722' title='bbox 2789 3737 3100 3800; x_wconf 87' lang='lat' dir='ltr'><strong><em>deseruere,</em></strong></span> <span class='ocrx_word' id='word_1_723' title='bbox 3126 3737 3194 3789; x_wconf 92' lang='lat' dir='ltr'><strong><em>iis</em></strong></span> <span class='ocrx_word' id='word_1_724' title='bbox 3219 3736 3517 3789; x_wconf 83' lang='lat' dir='ltr'><strong><em>carbonum</em></strong></span> 
     </span>
    </p>
   </div>
   <div class='ocr_carea' id='block_1_98' title="bbox 1932 3828 3519 3900">
    <p class='ocr_par' dir='ltr' id='par_1_98' title="bbox 1932 3828 3519 3900">
     <span class='ocr_line' id='line_1_98' title="bbox 1932 3828 3519 3900; baseline -0.004 -14"><span class='ocrx_word' id='word_1_725' title='bbox 1932 3832 2379 3887; x_wconf 87' lang='lat' dir='ltr'><strong><em>desolatoriorum</em></strong></span> <span class='ocrx_word' id='word_1_726' title='bbox 2411 3841 2701 3900; x_wconf 88' lang='lat' dir='ltr'><strong><em>apparatus</em></strong></span> <span class='ocrx_word' id='word_1_727' title='bbox 2734 3829 3074 3883; x_wconf 87' lang='lat' dir='ltr'><strong><em>necessarius</em></strong></span> <span class='ocrx_word' id='word_1_728' title='bbox 3096 3838 3200 3884; x_wconf 89' lang='lat' dir='ltr'><strong><em>est.</em></strong></span> <span class='ocrx_word' id='word_1_729' title='bbox 3234 3828 3387 3883; x_wconf 73' lang='lat' dir='ltr'><strong><em>Nunc</em></strong></span> <span class='ocrx_word' id='word_1_730' title='bbox 3422 3830 3519 3898; x_wconf 86' lang='lat' dir='ltr'><strong><em>igi-</em></strong></span> 
     </span>
    </p>
   </div>
   <div class='ocr_carea' id='block_1_99' title="bbox 1935 3919 3520 3991">
    <p class='ocr_par' dir='ltr' id='par_1_99' title="bbox 1935 3919 3520 3991">
     <span class='ocr_line' id='line_1_99' title="bbox 1935 3919 3520 3991; baseline 0 -14"><span class='ocrx_word' id='word_1_731' title='bbox 1935 3932 2020 3977; x_wconf 90' lang='lat' dir='ltr'><strong><em>tur</em></strong></span> <span class='ocrx_word' id='word_1_732' title='bbox 2046 3922 2267 3991; x_wconf 75' lang='lat' dir='ltr'><strong><em>Sagittte</em></strong></span> <span class='ocrx_word' id='word_1_733' title='bbox 2300 3931 2404 3974; x_wconf 79' lang='lat' dir='ltr'><strong><em>tua:</em></strong></span> <span class='ocrx_word' id='word_1_734' title='bbox 2432 3930 2622 3975; x_wconf 75' lang='lat' dir='ltr'><strong><em>acutw.</em></strong></span> <span class='ocrx_word' id='word_1_735' title='bbox 2644 3919 2773 3987; x_wconf 73' lang='lat' dir='ltr'><strong><em>Quae</em></strong></span> <span class='ocrx_word' id='word_1_736' title='bbox 2808 3921 2968 3976; x_wconf 84' lang='lat' dir='ltr'><strong><em>iidem</em></strong></span> <span class='ocrx_word' id='word_1_737' title='bbox 3023 3921 3345 3990; x_wconf 73' lang='lat' dir='ltr'><strong><em>amplexata:</em></strong></span> <span class='ocrx_word' id='word_1_738' title='bbox 3392 3932 3520 3977; x_wconf 86' lang='lat' dir='ltr'><strong><em>sunt</em></strong></span> 
     </span>
    </p>
   </div>
   <div class='ocr_carea' id='block_1_100' title="bbox 1932 4012 3517 4083">
    <p class='ocr_par' dir='ltr' id='par_1_100' title="bbox 1932 4012 3517 4083">
     <span class='ocr_line' id='line_1_100' title="bbox 1932 4012 3517 4083; baseline -0.001 -14"><span class='ocrx_word' id='word_1_739' title='bbox 1932 4014 2145 4079; x_wconf 64' lang='lat' dir='ltr'><strong><em>animae,</em></strong></span> <span class='ocrx_word' id='word_1_740' title='bbox 2166 4014 2248 4069; x_wconf 89' lang='lat' dir='ltr'><strong><em>bis</em></strong></span> <span class='ocrx_word' id='word_1_741' title='bbox 2263 4012 2579 4069; x_wconf 86' lang='lat' dir='ltr'><strong><em>sauciantur</em></strong></span> <span class='ocrx_word' id='word_1_742' title='bbox 2595 4015 2806 4083; x_wconf 82' lang='lat' dir='ltr'><strong><em>sagittis</em></strong></span> <span class='ocrx_word' id='word_1_743' title='bbox 2827 4030 2841 4079; x_wconf 88' lang='lat'><strong>;</strong></span> <span class='ocrx_word' id='word_1_744' title='bbox 2861 4026 2913 4070; x_wconf 89' lang='lat' dir='ltr'><strong><em>et</em></strong></span> <span class='ocrx_word' id='word_1_745' title='bbox 2933 4015 3020 4069; x_wconf 88' lang='lat' dir='ltr'><strong><em>ubi</em></strong></span> <span class='ocrx_word' id='word_1_746' title='bbox 3043 4030 3253 4069; x_wconf 86' lang='lat' dir='ltr'><strong><em>summa</em></strong></span> <span class='ocrx_word' id='word_1_747' title='bbox 3275 4016 3326 4067; x_wconf 92' lang='lat' dir='ltr'><strong><em>in</em></strong></span> <span class='ocrx_word' id='word_1_748' title='bbox 3348 4014 3517 4069; x_wconf 90' lang='lat' dir='ltr'><strong><em>Deum</em></strong></span> 
     </span>
    </p>
   </div>
   <div class='ocr_carea' id='block_1_101' title="bbox 1931 4105 3520 4177">
    <p class='ocr_par' dir='ltr' id='par_1_101' title="bbox 1931 4105 3520 4177">
     <span class='ocr_line' id='line_1_101' title="bbox 1931 4105 3520 4177; baseline -0.002 -17"><span class='ocrx_word' id='word_1_749' title='bbox 1931 4106 2199 4162; x_wconf 87' lang='lat' dir='ltr'><strong><em>charitate</em></strong></span> <span class='ocrx_word' id='word_1_750' title='bbox 2221 4105 2543 4172; x_wconf 79' lang='lat' dir='ltr'><strong><em>exarserint,</em></strong></span> <span class='ocrx_word' id='word_1_751' title='bbox 2580 4107 2785 4175; x_wconf 89' lang='lat' dir='ltr'><strong><em>pariter</em></strong></span> <span class='ocrx_word' id='word_1_752' title='bbox 2812 4120 2877 4161; x_wconf 91' lang='lat' dir='ltr'><strong><em>ac</em></strong></span> <span class='ocrx_word' id='word_1_753' title='bbox 2901 4120 3097 4177; x_wconf 86' lang='lat' dir='ltr'><strong><em>sponsa</em></strong></span> <span class='ocrx_word' id='word_1_754' title='bbox 3133 4109 3355 4161; x_wconf 88' lang='lat' dir='ltr'><strong><em>dicunt:</em></strong></span> <span class='ocrx_word' id='word_1_755' title='bbox 3388 4105 3520 4159; x_wconf 86' lang='lat' dir='ltr'><strong><em>Vul-</em></strong></span> 
     </span>
    </p>
   </div>
   <div class='ocr_carea' id='block_1_102' title="bbox 1932 4198 3518 4270">
    <p class='ocr_par' dir='ltr' id='par_1_102' title="bbox 1932 4198 3518 4270">
     <span class='ocr_line' id='line_1_102' title="bbox 1932 4198 3518 4270; baseline 0.002 -19"><span class='ocrx_word' id='word_1_756' title='bbox 1932 4209 2116 4253; x_wconf 88' lang='lat' dir='ltr'><strong><em>nerata</em></strong></span> <span class='ocrx_word' id='word_1_757' title='bbox 2148 4200 2405 4252; x_wconf 83' lang='lat' dir='ltr'><strong><em>charitate</em></strong></span> <span class='ocrx_word' id='word_1_758' title='bbox 2430 4214 2525 4267; x_wconf 80' lang='lat' dir='ltr'><strong><em>ego</em></strong></span> <span class='ocrx_word' id='word_1_759' title='bbox 2552 4213 2668 4252; x_wconf 87' lang='lat' dir='ltr'><strong><em>sum</em></strong></span> <span class='ocrx_word' id='word_1_760' title='bbox 2691 4198 2758 4253; x_wconf 80' lang='lat'><strong><em>“.</em></strong></span> <span class='ocrx_word' id='word_1_761' title='bbox 2781 4198 2950 4254; x_wconf 88' lang='lat' dir='ltr'><strong><em>Porro</em></strong></span> <span class='ocrx_word' id='word_1_762' title='bbox 2973 4199 3125 4254; x_wconf 76' lang='lat' dir='ltr'><strong><em>verbi</em></strong></span> <span class='ocrx_word' id='word_1_763' title='bbox 3149 4199 3518 4270; x_wconf 87' lang='lat' dir='ltr'><strong><em>pulchritudo,</em></strong></span> 
     </span>
    </p>
   </div>
   <div class='ocr_carea' id='block_1_103' title="bbox 1932 4290 3519 4362">
    <p class='ocr_par' dir='ltr' id='par_1_103' title="bbox 1932 4290 3519 4362">
     <span class='ocr_line' id='line_1_103' title="bbox 1932 4290 3519 4362; baseline -0.001 -16"><span class='ocrx_word' id='word_1_764' title='bbox 1932 4292 2209 4361; x_wconf 79' lang='lat' dir='ltr'><strong><em>sapientia:</em></strong></span> <span class='ocrx_word' id='word_1_765' title='bbox 2237 4290 2466 4359; x_wconf 86' lang='lat' dir='ltr'><strong><em>species,</em></strong></span> <span class='ocrx_word' id='word_1_766' title='bbox 2486 4305 2549 4345; x_wconf 83' lang='lat' dir='ltr'><strong><em>ac</em></strong></span> <span class='ocrx_word' id='word_1_767' title='bbox 2578 4291 2671 4345; x_wconf 88' lang='lat' dir='ltr'><strong><em>Dei</em></strong></span> <span class='ocrx_word' id='word_1_768' title='bbox 2697 4292 2748 4346; x_wconf 91' lang='lat' dir='ltr'><strong><em>in</em></strong></span> <span class='ocrx_word' id='word_1_769' title='bbox 2777 4292 2945 4362; x_wconf 92' lang='lat' dir='ltr'><strong><em>ipsius</em></strong></span> <span class='ocrx_word' id='word_1_770' title='bbox 2972 4293 3203 4361; x_wconf 75' lang='lat' dir='ltr'><strong><em>imagine</em></strong></span> <span class='ocrx_word' id='word_1_771' title='bbox 3232 4292 3403 4345; x_wconf 87' lang='lat' dir='ltr'><strong><em>fortna</em></strong></span> <span class='ocrx_word' id='word_1_772' title='bbox 3440 4293 3519 4345; x_wconf 60' lang='lat' dir='ltr'><strong><em>in.</em></strong></span> 
     </span>
    </p>
   </div>
   <div class='ocr_carea' id='block_1_104' title="bbox 1932 4383 3523 4455">
    <p class='ocr_par' dir='ltr' id='par_1_104' title="bbox 1932 4383 3523 4455">
     <span class='ocr_line' id='line_1_104' title="bbox 1932 4383 3523 4455; baseline 0 -16"><span class='ocrx_word' id='word_1_773' title='bbox 1932 4383 2264 4453; x_wconf 85' lang='lat' dir='ltr'><strong><em>explicabilis</em></strong></span> <span class='ocrx_word' id='word_1_774' title='bbox 2288 4395 2373 4439; x_wconf 91' lang='lat' dir='ltr'><strong><em>est</em></strong></span> <span class='ocrx_word' id='word_1_775' title='bbox 2412 4400 2477 4439; x_wconf 89' lang='lat' dir='ltr'><strong><em>ac</em></strong></span> <span class='ocrx_word' id='word_1_776' title='bbox 2522 4384 2829 4439; x_wconf 73' lang='lat' dir='ltr'><strong><em>ineffabilia.</em></strong></span> <span class='ocrx_word' id='word_1_777' title='bbox 2866 4385 3015 4438; x_wconf 89' lang='lat' dir='ltr'><strong><em>Beati</em></strong></span> <span class='ocrx_word' id='word_1_778' title='bbox 3049 4386 3234 4454; x_wconf 88' lang='lat' dir='ltr'><strong><em>igitur,</em></strong></span> <span class='ocrx_word' id='word_1_779' title='bbox 3275 4385 3367 4455; x_wconf 91' lang='lat' dir='ltr'><strong><em>qui</em></strong></span> <span class='ocrx_word' id='word_1_780' title='bbox 3399 4400 3523 4440; x_wconf 85' lang='lat' dir='ltr'><strong><em>con-</em></strong></span> 
     </span>
    </p>
   </div>
   <div class='ocr_carea' id='block_1_105' title="bbox 1934 4476 3515 4546">
    <p class='ocr_par' dir='ltr' id='par_1_105' title="bbox 1934 4476 3515 4546">
     <span class='ocr_line' id='line_1_105' title="bbox 1934 4476 3515 4546; baseline 0.002 -15"><span class='ocrx_word' id='word_1_781' title='bbox 1934 4478 2255 4546; x_wconf 68' lang='lat' dir='ltr'><strong><em>templanda:</em></strong></span> <span class='ocrx_word' id='word_1_782' title='bbox 2310 4492 2454 4531; x_wconf 66' lang='lat' dir='ltr'><strong><em>vera:</em></strong></span> <span class='ocrx_word' id='word_1_783' title='bbox 2490 4476 2633 4529; x_wconf 91' lang='lat' dir='ltr'><strong><em>illius</em></strong></span> <span class='ocrx_word' id='word_1_784' title='bbox 2675 4476 3098 4543; x_wconf 85' lang='lat' dir='ltr'><strong><em>pulchritudinis</em></strong></span> <span class='ocrx_word' id='word_1_785' title='bbox 3150 4486 3279 4532; x_wconf 91' lang='lat' dir='ltr'><strong><em>sunt</em></strong></span> <span class='ocrx_word' id='word_1_786' title='bbox 3315 4479 3515 4546; x_wconf 90' lang='lat' dir='ltr'><strong><em>cupidi.</em></strong></span> 
     </span>
    </p>
   </div>
   <div class='ocr_carea' id='block_1_106' title="bbox 1937 4568 3521 4637">
    <p class='ocr_par' dir='ltr' id='par_1_106' title="bbox 1937 4568 3521 4637">
     <span class='ocr_line' id='line_1_106' title="bbox 1937 4568 3521 4637; baseline -0.001 -11"><span class='ocrx_word' id='word_1_787' title='bbox 1937 4570 2071 4626; x_wconf 78' lang='lat' dir='ltr'><strong><em>Nam</em></strong></span> <span class='ocrx_word' id='word_1_788' title='bbox 2098 4570 2244 4624; x_wconf 79' lang='lat' dir='ltr'><strong><em>velut</em></strong></span> <span class='ocrx_word' id='word_1_789' title='bbox 2277 4570 2402 4623; x_wconf 89' lang='lat' dir='ltr'><strong><em>huic</em></strong></span> <span class='ocrx_word' id='word_1_790' title='bbox 2428 4568 2629 4637; x_wconf 84' lang='lat' dir='ltr'><strong><em>alligati</em></strong></span> <span class='ocrx_word' id='word_1_791' title='bbox 2669 4583 2764 4637; x_wconf 88' lang='lat' dir='ltr'><strong><em>per</em></strong></span> <span class='ocrx_word' id='word_1_792' title='bbox 2794 4568 3167 4633; x_wconf 87' lang='lat' dir='ltr'><strong><em>dilectionem,</em></strong></span> <span class='ocrx_word' id='word_1_793' title='bbox 3212 4570 3521 4624; x_wconf 65' lang='lat' dir='ltr'><strong><em>caelestem-</em></strong></span> 
     </span>
    </p>
   </div>
   <div class='ocr_carea' id='block_1_107' title="bbox 1936 4662 3521 4733">
    <p class='ocr_par' dir='ltr' id='par_1_107' title="bbox 1936 4662 3521 4733">
     <span class='ocr_line' id='line_1_107' title="bbox 1936 4662 3521 4733; baseline -0.001 -15"><span class='ocrx_word' id='word_1_794' title='bbox 1936 4678 2041 4733; x_wconf 87' lang='lat' dir='ltr'><strong><em>que</em></strong></span> <span class='ocrx_word' id='word_1_795' title='bbox 2070 4672 2122 4718; x_wconf 92' lang='lat' dir='ltr'><strong><em>et</em></strong></span> <span class='ocrx_word' id='word_1_796' title='bbox 2144 4662 2303 4733; x_wconf 92' lang='lat' dir='ltr'><strong><em>plane</em></strong></span> <span class='ocrx_word' id='word_1_797' title='bbox 2332 4664 2548 4717; x_wconf 86' lang='lat' dir='ltr'><strong><em>beatum</em></strong></span> <span class='ocrx_word' id='word_1_798' title='bbox 2596 4672 2839 4717; x_wconf 90' lang='lat' dir='ltr'><strong><em>amantes</em></strong></span> <span class='ocrx_word' id='word_1_799' title='bbox 2872 4677 3107 4717; x_wconf 90' lang='lat' dir='ltr'><strong><em>amorem</em></strong></span> <span class='ocrx_word' id='word_1_800' title='bbox 3134 4701 3148 4725; x_wconf 94' lang='lat'><strong><em>,</em></strong></span> <span class='ocrx_word' id='word_1_801' title='bbox 3192 4663 3521 4732; x_wconf 86' lang='lat' dir='ltr'><strong><em>propinquo-</em></strong></span> 
     </span>
    </p>
   </div>
   <div class='ocr_carea' id='block_1_108' title="bbox 1940 4754 3518 4812">
    <p class='ocr_par' dir='ltr' id='par_1_108' title="bbox 1940 4754 3518 4812">
     <span class='ocr_line' id='line_1_108' title="bbox 1940 4754 3518 4812; baseline -0.004 0"><span class='ocrx_word' id='word_1_802' title='bbox 1940 4773 2057 4812; x_wconf 88' lang='lat' dir='ltr'><strong><em>rum</em></strong></span> <span class='ocrx_word' id='word_1_803' title='bbox 2083 4754 2477 4810; x_wconf 85' lang='lat' dir='ltr'><strong><em>obliviscuntur</em></strong></span> <span class='ocrx_word' id='word_1_804' title='bbox 2503 4763 2558 4809; x_wconf 90' lang='lat' dir='ltr'><strong><em>et</em></strong></span> <span class='ocrx_word' id='word_1_805' title='bbox 2583 4756 2920 4809; x_wconf 88' lang='lat' dir='ltr'><strong><em>amicorum:</em></strong></span> <span class='ocrx_word' id='word_1_806' title='bbox 2966 4755 3092 4809; x_wconf 87' lang='lat' dir='ltr'><strong><em>item</em></strong></span> <span class='ocrx_word' id='word_1_807' title='bbox 3142 4754 3331 4807; x_wconf 89' lang='lat' dir='ltr'><strong><em>domus</em></strong></span> <span class='ocrx_word' id='word_1_808' title='bbox 3378 4755 3518 4807; x_wconf 84' lang='lat' dir='ltr'><strong><em>obli-</em></strong></span> 
     </span>
    </p>
   </div>
   <div class='ocr_carea' id='block_1_109' title="bbox 1935 4839 3521 4914">
    <p class='ocr_par' dir='ltr' id='par_1_109' title="bbox 1935 4839 3521 4914">
     <span class='ocr_line' id='line_1_109' title="bbox 1935 4839 3521 4914; baseline -0.004 -13"><span class='ocrx_word' id='word_1_809' title='bbox 1935 4847 2217 4902; x_wconf 82' lang='lat' dir='ltr'><strong><em>viscuntur</em></strong></span> <span class='ocrx_word' id='word_1_810' title='bbox 2250 4852 2304 4899; x_wconf 86' lang='lat' dir='ltr'><strong><em>et</em></strong></span> <span class='ocrx_word' id='word_1_811' title='bbox 2328 4858 2490 4914; x_wconf 89' lang='lat' dir='ltr'><strong><em>opum</em></strong></span> <span class='ocrx_word' id='word_1_812' title='bbox 2535 4844 2814 4909; x_wconf 89' lang='lat' dir='ltr'><strong><em>omnium;</em></strong></span> <span class='ocrx_word' id='word_1_813' title='bbox 2854 4844 2963 4897; x_wconf 90' lang='lat' dir='ltr'><strong><em>imo</em></strong></span> <span class='ocrx_word' id='word_1_814' title='bbox 2997 4839 3153 4912; x_wconf 80' lang='lat'><strong><em>165</em></strong></span> <span class='ocrx_word' id='word_1_815' title='bbox 3189 4843 3350 4894; x_wconf 89' lang='lat' dir='ltr'><strong><em>etiam</em></strong></span> <span class='ocrx_word' id='word_1_816' title='bbox 3397 4855 3521 4894; x_wconf 88' lang='lat' dir='ltr'><strong><em>cor-</em></strong></span> 
     </span>
    </p>
   </div>
   <div class='ocr_carea' id='block_1_110' title="bbox 1934 4932 3519 5009">
    <p class='ocr_par' dir='ltr' id='par_1_110' title="bbox 1934 4932 3519 5009">
     <span class='ocr_line' id='line_1_110' title="bbox 1934 4932 3519 5009; baseline -0.003 -17"><span class='ocrx_word' id='word_1_817' title='bbox 1934 4938 2179 5009; x_wconf 89' lang='lat' dir='ltr'><strong><em>poralem</em></strong></span> <span class='ocrx_word' id='word_1_818' title='bbox 2218 4936 2413 4992; x_wconf 89' lang='lat' dir='ltr'><strong><em>edendi</em></strong></span> <span class='ocrx_word' id='word_1_819' title='bbox 2456 4945 2511 4988; x_wconf 88' lang='lat' dir='ltr'><strong><em>et</em></strong></span> <span class='ocrx_word' id='word_1_820' title='bbox 2542 4934 2761 4989; x_wconf 84' lang='lat' dir='ltr'><strong><em>bibendi</em></strong></span> <span class='ocrx_word' id='word_1_821' title='bbox 2809 4935 3185 4989; x_wconf 87' lang='lat' dir='ltr'><strong><em>necessitatem</em></strong></span> <span class='ocrx_word' id='word_1_822' title='bbox 3214 4932 3388 4997; x_wconf 91' lang='lat' dir='ltr'><strong><em>obliti,</em></strong></span> <span class='ocrx_word' id='word_1_823' title='bbox 3418 4933 3519 4988; x_wconf 91' lang='lat' dir='ltr'><strong><em>soli</em></strong></span> 
     </span>
    </p>
   </div>
   <div class='ocr_carea' id='block_1_111' title="bbox 1936 5024 3517 5096">
    <p class='ocr_par' dir='ltr' id='par_1_111' title="bbox 1936 5024 3517 5096">
     <span class='ocr_line' id='line_1_111' title="bbox 1936 5024 3517 5096; baseline -0.006 -11"><span class='ocrx_word' id='word_1_824' title='bbox 1936 5030 2119 5085; x_wconf 84' lang='lat' dir='ltr'><strong><em>divino</em></strong></span> <span class='ocrx_word' id='word_1_825' title='bbox 2153 5043 2217 5084; x_wconf 87' lang='lat' dir='ltr'><strong><em>ac</em></strong></span> <span class='ocrx_word' id='word_1_826' title='bbox 2252 5041 2390 5096; x_wconf 92' lang='lat' dir='ltr'><strong><em>puro</em></strong></span> <span class='ocrx_word' id='word_1_827' title='bbox 2428 5026 2600 5081; x_wconf 88' lang='lat' dir='ltr'><strong><em>amori</em></strong></span> <span class='ocrx_word' id='word_1_828' title='bbox 2656 5025 2795 5079; x_wconf 73' lang='grc' dir='ltr'><strong><em>ιιῶχὶ</em></strong></span> <span class='ocrx_word' id='word_1_829' title='bbox 2831 5036 2975 5080; x_wconf 81' lang='lat' dir='ltr'><strong><em>sunt.</em></strong></span> <span class='ocrx_word' id='word_1_830' title='bbox 3014 5024 3313 5095; x_wconf 86' lang='lat' dir='ltr'><strong><em>Intelligere</em></strong></span> <span class='ocrx_word' id='word_1_831' title='bbox 3340 5032 3517 5077; x_wconf 85' lang='lat' dir='ltr'><strong><em>autem</em></strong></span> 
     </span>
    </p>
   </div>
   <div class='ocr_carea' id='block_1_112' title="bbox 1934 5116 3516 5192">
    <p class='ocr_par' dir='ltr' id='par_1_112' title="bbox 1934 5116 3516 5192">
     <span class='ocr_line' id='line_1_112' title="bbox 1934 5116 3516 5192; baseline -0.007 -15"><span class='ocrx_word' id='word_1_832' title='bbox 1934 5122 2109 5192; x_wconf 89' lang='lat' dir='ltr'><strong><em>possis</em></strong></span> <span class='ocrx_word' id='word_1_833' title='bbox 2136 5120 2357 5190; x_wconf 86' lang='lat' dir='ltr'><strong><em>sagittas</em></strong></span> <span class='ocrx_word' id='word_1_834' title='bbox 2394 5129 2577 5172; x_wconf 87' lang='lat' dir='ltr'><strong><em>acutas</em></strong></span> <span class='ocrx_word' id='word_1_835' title='bbox 2606 5132 2699 5173; x_wconf 86' lang='lat' dir='ltr'><strong><em>eos</em></strong></span> <span class='ocrx_word' id='word_1_836' title='bbox 2730 5117 2916 5182; x_wconf 89' lang='lat' dir='ltr'><strong><em>etiam,</em></strong></span> <span class='ocrx_word' id='word_1_837' title='bbox 2943 5118 3032 5187; x_wconf 92' lang='lat' dir='ltr'><strong><em>qui</em></strong></span> <span class='ocrx_word' id='word_1_838' title='bbox 3060 5117 3125 5170; x_wconf 91' lang='lat' dir='ltr'><strong><em>ad</em></strong></span> <span class='ocrx_word' id='word_1_839' title='bbox 3158 5116 3516 5170; x_wconf 86' lang='lat' dir='ltr'><strong><em>disseminan-</em></strong></span> 
     </span>
    </p>
   </div>
   <div class='ocr_carea' id='block_1_113' title="bbox 2298 5296 3258 5363">
    <p class='ocr_par' dir='ltr' id='par_1_113' title="bbox 2298 5296 3258 5363">
     <span class='ocr_line' id='line_1_113' title="bbox 2298 5296 3258 5363; baseline -0.008 -6"><span class='ocrx_word' id='word_1_840' title='bbox 2298 5301 2343 5332; x_wconf 81' lang='lat'><strong>“</strong></span> <span class='ocrx_word' id='word_1_841' title='bbox 2368 5298 2513 5356; x_wconf 89' lang='lat' dir='ltr'><strong><em>Psal.</em></strong></span> <span class='ocrx_word' id='word_1_842' title='bbox 2541 5314 2687 5363; x_wconf 74' lang='lat' dir='ltr'><strong><em>eux,</em></strong></span> <span class='ocrx_word' id='word_1_843' title='bbox 2716 5298 2768 5353; x_wconf 73' lang='grc'><em>4.</em></span> <span class='ocrx_word' id='word_1_844' title='bbox 2848 5299 2890 5329; x_wconf 72' lang='grc'>⁸⁸</span> <span class='ocrx_word' id='word_1_845' title='bbox 2925 5298 3078 5353; x_wconf 88' lang='lat' dir='ltr'><strong><em>Cant.</em></strong></span> <span class='ocrx_word' id='word_1_846' title='bbox 3116 5314 3173 5361; x_wconf 87' lang='grc' dir='ltr'><strong><em>ιι,</em></strong></span> <span class='ocrx_word' id='word_1_847' title='bbox 3205 5296 3258 5349; x_wconf 83' lang='grc'><em>5.</em></span> 
     </span>
    </p>
   </div>
   <div class='ocr_carea' id='block_1_114' title="bbox 2012 5432 3511 5507">
    <p class='ocr_par' dir='ltr' id='par_1_114' title="bbox 2012 5432 3511 5507">
     <span class='ocr_line' id='line_1_114' title="bbox 2012 5432 3511 5507; baseline -0.005 -14"><span class='ocrx_word' id='word_1_848' title='bbox 2012 5438 2121 5507; x_wconf 76' lang='grc'>(85)</span> <span class='ocrx_word' id='word_1_849' title='bbox 2150 5439 2222 5491; x_wconf 89' lang='lat' dir='ltr'><strong><em>Ita</em></strong></span> <span class='ocrx_word' id='word_1_850' title='bbox 2258 5451 2472 5503; x_wconf 84' lang='lat' dir='ltr'><strong><em>quoque</em></strong></span> <span class='ocrx_word' id='word_1_851' title='bbox 2498 5435 2698 5507; x_wconf 83' lang='lat' dir='ltr'><strong><em>legitur</em></strong></span> <span class='ocrx_word' id='word_1_852' title='bbox 2727 5434 2865 5504; x_wconf 87' lang='lat' dir='ltr'><strong><em>apud</em></strong></span> <span class='ocrx_word' id='word_1_853' title='bbox 2895 5432 3057 5507; x_wconf 67' lang='lat' dir='ltr'><strong><em>LXX,</em></strong></span> <span class='ocrx_word' id='word_1_854' title='bbox 3094 5436 3187 5488; x_wconf 88' lang='lat' dir='ltr'><strong><em>sed</em></strong></span> <span class='ocrx_word' id='word_1_855' title='bbox 3219 5449 3401 5507; x_wconf 53' lang='lat' dir='ltr'><strong><em>uocem</em></strong></span> <span class='ocrx_word' id='word_1_856' title='bbox 3424 5433 3511 5486; x_wconf 82' lang='grc' dir='ltr'><em>δυ-</em></span> 
     </span>
    </p>
   </div>
   <div class='ocr_carea' id='block_1_115' title="bbox 1942 5504 3514 5570">
    <p class='ocr_par' dir='ltr' id='par_1_115' title="bbox 1942 5504 3514 5570">
     <span class='ocr_line' id='line_1_115' title="bbox 1942 5504 3514 5570; baseline -0.003 -7"><span class='ocrx_word' id='word_1_857' title='bbox 1942 5511 2071 5563; x_wconf 83' lang='grc' dir='ltr'><em>νατέ</em></span> <span class='ocrx_word' id='word_1_858' title='bbox 2097 5504 2201 5564; x_wconf 85' lang='lat' dir='ltr'><strong><em>non</em></strong></span> <span class='ocrx_word' id='word_1_859' title='bbox 2233 5509 2477 5570; x_wconf 77' lang='lat' dir='ltr'><strong><em>agnoscit</em></strong></span> <span class='ocrx_word' id='word_1_860' title='bbox 2497 5504 2786 5569; x_wconf 79' lang='lat' dir='ltr'><strong><em>Eusebius,</em></strong></span> <span class='ocrx_word' id='word_1_861' title='bbox 2804 5520 2900 5557; x_wconf 90' lang='lat' dir='ltr'><strong><em>nec</em></strong></span> <span class='ocrx_word' id='word_1_862' title='bbox 2924 5504 3141 5558; x_wconf 89' lang='lat' dir='ltr'><strong><em>dubium</em></strong></span> <span class='ocrx_word' id='word_1_863' title='bbox 3162 5505 3288 5570; x_wconf 88' lang='lat' dir='ltr'><strong><em>qttin</em></strong></span> <span class='ocrx_word' id='word_1_864' title='bbox 3320 5504 3514 5559; x_wconf 85' lang='lat' dir='ltr'><strong><em>abesse</em></strong></span> 
     </span>
    </p>
   </div>
   <div class='ocr_carea' id='block_1_116' title="bbox 1945 5574 3508 5647">
    <p class='ocr_par' dir='ltr' id='par_1_116' title="bbox 1945 5574 3508 5647">
     <span class='ocr_line' id='line_1_116' title="bbox 1945 5574 3508 5647; baseline -0.003 -16"><span class='ocrx_word' id='word_1_865' title='bbox 1945 5589 2214 5647; x_wconf 83' lang='lat' dir='ltr'><strong><em>oporteat.</em></strong></span> <span class='ocrx_word' id='word_1_866' title='bbox 2259 5577 2421 5631; x_wconf 84' lang='lat' dir='ltr'><strong><em>Notat</em></strong></span> <span class='ocrx_word' id='word_1_867' title='bbox 2476 5577 2620 5630; x_wconf 87' lang='lat' dir='ltr'><strong><em>enim</em></strong></span> <span class='ocrx_word' id='word_1_868' title='bbox 2677 5576 3039 5642; x_wconf 87' lang='lat' dir='ltr'><strong><em>Hieronymus</em></strong></span> <span class='ocrx_word' id='word_1_869' title='bbox 3074 5576 3137 5647; x_wconf 66' lang='lat' dir='ltr'><strong><em>ad</em></strong></span> <span class='ocrx_word' id='word_1_870' title='bbox 3171 5574 3419 5647; x_wconf 73' lang='lat' dir='ltr'><strong><em>Simiam,</em></strong></span> <span class='ocrx_word' id='word_1_871' title='bbox 3450 5576 3508 5647; x_wconf 80' lang='lat' dir='ltr'><strong><em>id</em></strong></span> 
     </span>
    </p>
   </div>
   <div class='ocr_carea' id='block_1_117' title="bbox 1939 5644 3513 5715">
    <p class='ocr_par' dir='ltr' id='par_1_117' title="bbox 1939 5644 3513 5715">
     <span class='ocr_line' id='line_1_117' title="bbox 1939 5644 3513 5715; baseline -0.002 -15"><span class='ocrx_word' id='word_1_872' title='bbox 1939 5644 2262 5704; x_wconf 55' lang='lat' dir='ltr'><strong><em>vacabulum</em></strong></span> <span class='ocrx_word' id='word_1_873' title='bbox 2296 5648 2624 5711; x_wconf 87' lang='lat' dir='ltr'><strong><em>redundare,</em></strong></span> <span class='ocrx_word' id='word_1_874' title='bbox 2652 5656 2815 5715; x_wconf 86' lang='lat' dir='ltr'><strong><em>atque</em></strong></span> <span class='ocrx_word' id='word_1_875' title='bbox 2846 5661 2875 5698; x_wconf 89' lang='lat' dir='ltr'><strong><em>e</em></strong></span> <span class='ocrx_word' id='word_1_876' title='bbox 2910 5645 3189 5715; x_wconf 85' lang='lat' dir='ltr'><strong><em>snperiore</em></strong></span> <span class='ocrx_word' id='word_1_877' title='bbox 3216 5644 3333 5699; x_wconf 92' lang='lat' dir='ltr'><strong><em>loco</em></strong></span> <span class='ocrx_word' id='word_1_878' title='bbox 3358 5644 3513 5698; x_wconf 89' lang='lat' dir='ltr'><strong><em>addi-</em></strong></span> 
     </span>
    </p>
   </div>
   <div class='ocr_carea' id='block_1_118' title="bbox 2149 5738 2225 5770">
    <p class='ocr_par' dir='ltr' id='par_1_118' title="bbox 2149 5738 2225 5770">
     <span class='ocr_line' id='line_1_118' title="bbox 2149 5738 2225 5770; baseline 0 0"><span class='ocrx_word' id='word_1_879' title='bbox 2149 5738 2225 5770; x_wconf 53' lang='grc' dir='ltr'><strong><em>κϐ.</em></strong></span> 
     </span>
    </p>
   </div>
   <div class='ocr_carea' id='block_1_119' title="bbox 1936 5730 3501 5858">
    <p class='ocr_par' dir='ltr' id='par_1_119' title="bbox 1936 5730 3501 5858">
     <span class='ocr_line' id='line_1_119' title="bbox 1936 5730 3501 5858; baseline -0.007 -11"><span class='ocrx_word' id='word_1_880' title='bbox 1936 5730 2249 5851; x_wconf 45' lang='lat' dir='ltr'><strong><em>“ut&#39;i&#39;ilelsii‘iix</em></strong></span> <span class='ocrx_word' id='word_1_881' title='bbox 2292 5788 2485 5857; x_wconf 73' lang='grc' dir='ltr'><em>λογικά</em></span> <span class='ocrx_word' id='word_1_882' title='bbox 2523 5788 2574 5841; x_wconf 91' lang='lat' dir='ltr'><strong><em>in</em></strong></span> <span class='ocrx_word' id='word_1_883' title='bbox 2607 5784 2873 5858; x_wconf 84' lang='lat' dir='ltr'><strong><em>aliquibus</em></strong></span> <span class='ocrx_word' id='word_1_884' title='bbox 2916 5802 3043 5841; x_wconf 79' lang='lat' dir='ltr'><strong><em>mss.</em></strong></span> <span class='ocrx_word' id='word_1_885' title='bbox 3080 5800 3185 5841; x_wconf 89' lang='lat' dir='ltr'><strong><em>non</em></strong></span> <span class='ocrx_word' id='word_1_886' title='bbox 3217 5785 3501 5855; x_wconf 86' lang='lat' dir='ltr'><strong><em>reperitur.</em></strong></span> 
     </span>
    </p>
   </div>
  </div>
