4016 6430
498 345 603 398 403
1810 352 1866 408 S.
1907 353 2155 410 BASlLll
2192 355 2403 412 MAGNI
3657 350 3766 407 403

497 460 623 511 dum
668 459 721 514 in
751 461 999 517 universo
1040 462 1171 518 orbe
1199 463 1540 533 Erangelium
1584 469 1732 523 missi
1755 479 1918 536 sunt;
1958 471 2071 541 qui,

2187 474 2267 527 καὶ
2324 472 2497 526 πίνειν
2551 472 2817 542 ἀνάγκης,
2871 474 3016 543 μόνῳ
3061 474 3138 544 τῷ
3192 472 3320 543 θείῳ
3371 471 3470 524 καὶ
3524 468 3771 539 καθαρῇ

498 550 640 617 quod
686 553 1028 609 exacuissent
1074 570 1213 622 sese,
1241 557 1731 626 operibusjustitiae
1770 559 2065 631 fulgebant,

2187 565 2602 634 τροστετήκασιν
2629 564 2808 634 ἔρωτι.
2842 566 3070 634 Νοήσεις
3087 565 3142 617 δὲ
3160 563 3481 633 ἠκονημένα
3501 559 3643 629 βέλη
3665 558 3770 611 καὶ

496 653 551 696 et
594 643 858 700 subtiliter
893 646 946 701 in
982 647 1301 702 discentium
1332 651 1543 705 animos
1583 652 2066 720 irrepebantmam

2187 656 2296 718 τοὺς
2328 655 2824 725 ἀποστελλομένους
2870 657 2961 708 ἐπὶ
2986 656 3046 708 τὸ
3082 656 3192 725 (85)
3234 656 3558 723 ἐπισπεῖραι
3607 650 3769 719 πάσῃ

497 732 579 786 Ιιὲ
601 735 808 803 sagittae
835 752 1268 806 quaquaversum
1298 742 1611 810 praemissae,
1653 745 1895 814 populos,
1929 755 1985 800 nt
2012 763 2069 802 se

2270 746 2563 818 οἰκουμένῃ
2596 746 2656 798 τὸ
2702 745 3061 819 Εὑαγγέλιοψ
3093 744 3164 809 οἳ,
3195 745 3284 797 διὰ
3332 744 3392 796 τὸ
3416 738 3769 813 ἠκονῆσθαι,

495 822 876 879 submitterent
905 826 1151 895 Christo,
1187 832 1580 899 praeparabant.
1620 832 1845 888 Videtur
1893 844 2070 890 autem

2187 838 2411 908 ἱλαμπον
2432 842 2542 902 τοῖς
2563 839 2670 909 τῆς
2698 838 3039 910 δικαιοσύνης
3066 840 3264 911 ἔργοις,
3293 839 3388 891 καὶ
3416 836 3643 898 λεπτῶς
3670 833 3769 886 ἐπὶ

498 914 628 968 mibi
652 915 840 972 istltaec
859 922 1125 974 sententia
1155 922 1335 991 aptius
1357 937 1454 991 per
1475 924 1808 993 hyperbaton
1842 927 2069 992 restitui,

2187 929 2268 992 τὰς
2300 929 2409 983 τῶν
2427 930 2826 1001 διδασκομένων
2853 930 3027 1000 ψυχὰς
3048 928 3379 1000 παρεδύοντο
3397 947 3410 959 ·
3431 927 3619 979 ταῦτα
3646 925 3764 995 γὰρ

497 1007 634 1062 adeo
659 1016 718 1062 ut
760 1009 805 1064 is
828 1010 899 1065 sit
938 1026 1131 1069 sensus
1158 1029 1172 1067 :
1210 1012 1453 1080 Intende,
1481 1025 1529 1069 et
1564 1029 1807 1085 prospere
1831 1019 2067 1086 procede,

2187 1019 2239 1073 ιὰ
2274 1020 2399 1091 βέλη
2416 1062 2430 1083 ,
2451 1020 2721 1091 πανταχοῦ
2746 1021 3197 1093 προπεμπόμενα,
3228 1018 3620 1091 παρεσκεύαζε
3642 1016 3764 1083 (86)

495 1109 542 1152 et
565 1116 745 1169 regna,
776 1111 827 1155 et
851 1104 1067 1160 deducet
1106 1115 1155 1161 te
1188 1106 1496 1162 mirabiliter
1522 1110 1736 1164 dextera
1774 1121 1887 1177 tua,
1910 1120 1956 1164 et
1973 1127 2072 1178 po-

2187 1113 2296 1175 ιοὺς
2323 1112 2484 1177 λαοὺς
2512 1114 2765 1167 ὑποκάτω
2817 1115 3035 1166 πίπτειν
3080 1113 3173 1166 τοῦ
3208 1111 3470 1184 Χριστοῦ.
3506 1113 3678 1161 Δοκεῖ
3703 1108 3769 1162 δέ

497 1194 612 1259 puli
631 1195 726 1246 sub
755 1203 802 1248 te
827 1197 1048 1261 cadent;
1070 1208 1350 1268 propterea
1374 1201 1514 1268 quod
1543 1203 1745 1270 sagitta
1771 1212 1877 1256 tua
1899 1211 2072 1255 acuta:

2187 1222 2266 1273 μοι
2294 1206 2709 1279 ἀκολουθότερον
2740 1210 2772 1278 ή
2807 1207 2953 1272 λέξις
2978 1204 3445 1261 ἀποκαθίστασθαι
3474 1202 3545 1254 δι’
3584 1203 3771 1268 ὑπερ-

495 1292 618 1337 sunt
653 1285 708 1338 in
736 1287 888 1341 corde
933 1290 1266 1343 inimicorum
1303 1293 1457 1359 regis.
1483 1291 1666 1348 Nullus
1692 1294 1799 1348 Deo
1826 1294 2073 1349 adversa-

2187 1296 2362 1361 Βατοῦ,
2387 1296 2527 1352 ὥστε
2561 1300 2797 1353 τοιοῦτον
2826 1295 2967 1353 εἶναι
2999 1302 3090 1353 τὸν
3110 1299 3236 1352 νοῦν
3254 1315 3265 1327 '
3289 1299 3610 1349 Ἕντεινον
3639 1292 3736 1361 (87
3747 1302 3766 1360 )

498 1374 639 1438 rius,
682 1386 1085 1450 autarrogans,
1116 1390 1209 1434 aut
1263 1383 1527 1451 superbus
1567 1384 1782 1453 subjicit
1822 1399 1881 1441 se
1930 1386 2070 1451 Deo,

2187 1388 2274 1441 eat
2296 1390 2623 1443 κατευοδοῦ
2638 1392 2733 1445 καὶ
2746 1392 3176 1461 βασίλευε,,καὶ
3200 1389 3491 1459 ὁδηγήσει
3516 1402 3595 1439 σε
3613 1388 3767 1439 θαυ-

452 1530 453 1533 ,
498 1467 593 1522 sed
623 1470 716 1537 qui
756 1468 877 1526 ﬁdei
908 1474 1371 1543 obtemperavere.
1407 1475 1626 1547 Sagitta:
1653 1485 1852 1542 autem,
1884 1492 2073 1532 eorum

2187 1477 2413 1543 ναστῶς
2438 1478 2477 1546 ἠ
2515 1476 2685 1541 δεξιά
2708 1494 2845 1542 σου,
2880 1479 2979 1533 καὶ
3017 1477 3154 1533 λαοὶ
3186 1479 3466 1531 ὑποκάτω
3499 1490 3624 1527 σου
3661 1488 3771 1523 πε-

498 1558 589 1626 qui
614 1560 755 1631 regis
798 1562 1089 1631 aliquando
1120 1564 1321 1620 inimici
1347 1576 1501 1621 erant
1548 1567 1800 1622 cordibus
1848 1565 2070 1636 illapsae,

2187 1565 2457 1623 γοῦνται·
2506 1567 2584 1637 τῷ
2628 1567 2703 1620 τὰ
2742 1567 2904 1635 βέλη
2952 1585 3068 1623 σου
3106 1566 3450 1637 ἠκονημένα
3484 1562 3651 1618 εἶναι
3693 1562 3768 1613 ἐν

498 1649 644 1718 ipsos
672 1653 740 1707 ad
773 1654 1018 1711 veritatis
1048 1656 1373 1713 desiderium
1404 1658 1650 1726 trahunt,
1676 1658 1823 1729 ipsos
1856 1659 2074 1713 trahunt

2187 1658 2386 1727 καρδίᾳ
2411 1658 2529 1713 τῶν
2545 1658 2774 1729 ἐχθρῶν
2788 1660 2893 1713 τοῦ
2915 1660 3242 1726 βασιλέως.
3266 1660 3456 1721 Οὐδεὶς
3478 1656 3766 1727 θεομάχος

500 1741 567 1795 ad
603 1743 909 1810 Dominum,
939 1756 995 1800 ut
1028 1748 1229 1804 inimici
1257 1750 1351 1805 Dei
1374 1750 1715 1817 exsistentes,
1750 1751 1796 1806 ei
1835 1764 1932 1820 per
1976 1749 2073 1803 do-

2187 1750 2267 1802 ιιαὶ
2318 1750 2533 1816 ἀλαζὼν
2567 1753 2661 1806 καὶ
2716 1754 3060 1823 ὑπερήφανος
3107 1754 3361 1806 ὑποκάτω
3419 1752 3616 1804 πίπτει
3665 1748 3763 1800 τοῦ

499 1833 728 1889 ctrinatn
760 1840 1196 1897 reconcilientur.

2187 1839 2325 1905 350i},
2358 1843 2471 1896 ἀλλ’
2488 1846 2535 1898 οί
2552 1846 2649 1915 τὴν
2671 1847 2735 1898 ὲκ
2750 1846 2987 1909 πίστεως
3007 1844 3280 1914 ὑποταγὴν
3298 1841 3762 1910 καταδεξάμενοι.

499 1923 579 1977 Τὰ
624 1925 681 1979 δὲ
726 1927 891 1997 βέλη,
953 1933 1073 1993 ταῖς
1128 1932 1376 2004 καρδίαις
1435 1932 1743 2005 ἐμπεσόντα
1776 1928 1883 1983 τῶν
1935 1944 2068 1982 ποτε
2105 1928 2314 1999 ὲχθρῶν
2345 1931 2437 1984 τοῦ
2470 1932 2755 2002 βασιλέως,
2822 1935 2968 1988 ’ἐλκει
3033 1935 3227 1996 αὐτοὺς
3257 1935 3336 1995 εἰς
3360 1932 3451 1983 τὸν
3478 1931 3616 2001 περὶ
3663 1931 3769 1999 τῆς

499 2017 757 2087 ἀληθείας
807 2021 990 2087 πόθον,
1049 2023 1196 2078 ἕλκει
1240 2028 1440 2090 αὑτοὺς
1491 2026 1632 2097 πρὸς
1688 2025 1779 2078 τὸν
1816 2021 2021 2095 Κύριον
2049 2062 2064 2088 ,
2133 2021 2296 2088 ὥστε,
2349 2024 2577 2094 ἐχθροὺς
2644 2028 2803 2091 ὄντας
2839 2028 2916 2099 τῷ
2962 2024 3101 2097 Θεῷ,
3147 2022 3557 2093 καταλλαγῆναι
3605 2020 3767 2091 αὐτῷ

499 2110 586 2164 διὰ
610 2111 717 2163 τῶν
747 2112 900 2182 διδαγ
907 2116 1113 2183 μάτων.

571 2204 621 2260 7.
667 2205 827 2261 Vens.
870 2208 922 2273 7,
944 2209 995 2263 8.
1045 2211 1206 2267 Sedes
1246 2224 1337 2268 tua
1357 2254 1373 2281 ,
1402 2214 1569 2277 Deus,
1600 2216 1655 2270 in
1684 2212 1935 2270 swculum
1968 2228 2074 2267 sle-

499 2297 638 2361 culi;
659 2298 804 2368 virga
836 2301 1187 2368 rectitudinis,
1217 2307 1362 2376 uirga
1406 2308 1553 2376 regni
1581 2307 1678 2360 tui.
1720 2306 1963 2361 Dilemisti
1981 2307 2074 2374 ju-

500 2390 696 2445 stitiam
730 2404 775 2447 et
802 2396 959 2449 odisti
979 2396 1306 2465 iniquitatem
1328 2415 1348 2463 ;
1376 2406 1648 2468 propterea
1670 2398 1820 2453 unxit
1847 2408 1895 2452 te
1913 2398 2074 2464 Deus,

502 2480 643 2535 Deus
675 2494 793 2538 tuus
823 2486 935 2541 oleo
960 2488 1154 2543 latitia
1192 2507 1301 2557 prie
1330 2492 1655 2545 consortibus
1693 2493 1820 2545 tuis.
1859 2489 2079 2544 Postea-

499 2589 662 2641 quam
692 2577 757 2629 ad
783 2582 1045 2640 {naturam
1080 2583 1367 2636 humanam
1407 2582 1667 2644 intentus,
1694 2582 1874 2636 multis
1901 2580 2079 2635 verbis

502 2668 567 2720 de
596 2682 659 2721 ea
686 2668 965 2739 disseruit,
995 2687 1137 2727 nunc
1167 2675 1473 2730 orationem
1514 2684 1568 2730 et
1598 2675 1937 2729 altitudinem
1962 2672 2080 2743 glo-

503 2760 597 2813 riae
633 2756 905 2831 Uuigeniti
955 2766 1181 2821 reducit.
1224 2764 1382 2822 Sedes
1434 2779 1546 2833 tua,
1593 2766 1771 2832 Deus,
1804 2767 1999 2836 inquit,
2022 2766 2078 2819 in

2247 2207 2301 2261 7.
2337 2206 2391 2260 Ὀ
2439 2208 2651 2276 θρόνος
2689 2222 2826 2272 σου,
2877 2212 2910 2264 ό
2952 2209 3116 2274 Θεὸς,
3145 2209 3231 2273 είς
3268 2207 3374 2261 τὸν
3418 2203 3612 2258 αἰῶνα
3650 2201 3766 2256 τοῦ

2172 2301 2421 2368 aliIn-0g"
2449 2299 2673 2369 ῥάϐδος
2697 2301 3039 2366 εὐθύτητος,
3069 2302 3107 2367 ἠ
3156 2299 3371 2367 ῥάϐδος
3421 2296 3536 2365 τῆς
3574 2297 3767 2362 ,Βασι-

2171 2394 2341 2459 λείας
2379 2407 2517 2446 σου.
2567 2389 2907 2461 Ἠγάπησας
2951 2390 3333 2457 δικαιοσύνην
3390 2389 3490 2443 καί
3543 2390 3769 2457 ἐμίση-

2175 2501 2292 2551 σας
2314 2486 2594 2553 ἀνομίαν·
2632 2484 2731 2538 διὰ
2750 2483 2925 2537 τοῦτο
2949 2481 3157 2552 ἕχρισέ
3188 2498 3262 2536 σε
3298 2498 3331 2538 ο
3362 2480 3528 2546 Θεὸς,
3558 2485 3591 2533 ό
3611 2481 3767 2546 Θεός

2173 2593 2314 2641 σου,
2344 2578 2555 2631 ἔλαιον
2602 2576 3017 2646 ἀγαλλιάσεως
3063 2576 3222 2644 παρὰ
3272 2574 3416 2640 τοὺς
3452 2575 3765 2643 μετόχους

2174 2684 2311 2723 σου.
2360 2668 2577 2737 Ἐπειδὴ
2615 2668 2784 2719 πολλὰ
2824 2668 2960 2737 πρὸς
3000 2668 3061 2721 τὸ
3092 2665 3429 2738 ἀνθρώπινον
3472 2664 3755 2717 ἀνατεινόο

2177 2774 2335 2829 μενος
2378 2755 2647 2825 διελέχθη.
2697 2757 2959 2823 ἐπανάγει
2989 2757 3082 2809 νῦν
3116 2757 3207 2809 ἐπὶ
3235 2756 3304 2807 τὰ
3333 2755 3440 2825 ὕψη
3493 2754 3597 2823 τῆς
3626 2753 3766 2823 περὶ

500 2854 749 2907 sceculum
776 2856 955 2910 seaculi
979 2872 996 2910 :
1027 2858 1128 2913 hoc
1156 2868 1236 2913 est
1268 2875 1489 2929 regnum
1517 2870 1667 2914 tuum
1703 2859 1843 2913 ultra
1880 2858 2074 2913 saecula

2187 2849 2265 2905 τοῦ
2300 2848 2639 2917 Μονογενοὺς
2689 2846 2846 2917 δόξης
2898 2846 2989 2898 τὸν
3030 2846 3205 2913 λόγον.
3251 2847 3311 2898 '0
3354 2848 3569 2913 θρόνος
3612 2861 3761 2904 σου,

500 2956 560 2994 se
591 2944 835 3014 porrigit,
870 2956 1061 3016 estque
1099 2951 1244 3003 omni
1279 2949 1639 3020 intelligentia
1678 2949 1970 3019 antiquius.
2012 2947 2074 3001 Et

2187 2943 2356 3013 ρησὶν,
2389 2944 2420 2996 ὀ
2456 2939 2619 3007 Θεὸς,
2653 2942 2737 3006 εἰς
2775 2938 2880 2993 τὸν
2928 2937 3112 2991 αἰῶνα
3136 2935 3242 2989 τοῦ
3293 2936 3510 3000 αἰῶνος
3538 2954 3553 2967 ·
3606 2953 3767 2988 τουτ-

502 3030 725 3096 pulclrre
758 3046 877 3101 post
908 3038 1222 3106 pupulorum
1254 3040 1637 3102 obedientiam,
1658 3039 1806 3107 regni
1834 3038 1927 3092 Dei
1963 3054 2071 3091 ιιιιι·

2187 3035 2411 3105 ἱστιν,ή
2477 3032 2724 3103 βασιλεία
2775 3048 2867 3084 σου
2924 3028 3180 3084 ἐπέκεινα
3222 3027 3332 3079 τῶν
3373 3025 3613 3088 αἰώνων,
3667 3029 3766 3079 καὶ

503 3124 869 3190 gnilicentiam
915 3127 1168 3180 celebrat.
1224 3126 1383 3198 Virga
1424 3131 1790 3193 rectitudinis,
1820 3131 1968 3198 uirga
1999 3145 2074 3181 re-

2187 3127 2384 3190 ἑννοίας
2402 3103 2581 3197 πάσης
2615 3126 2731 3177 ἐστὶ
2760 3121 3125 3196 πρεσϐυτέρα.
3150 3121 3260 3175 Καὶ
3283 3117 3461 3181 καλῶς
3495 3119 3639 3188 μετὰ
3660 3119 3766 3189 τὴν

503 3217 591 3282 gni
633 3216 731 3269 tui.
776 3216 1115 3287 Quapropter
1148 3228 1201 3271 et
1234 3221 1281 3273 ei
1325 3223 1597 3289 propriam
1636 3222 2065 3291 reddiditappel-

2187 3219 2284 3271 τῶν
2344 3218 2486 3270 λαῶν
2537 3218 2818 3287 ὑποταγὴν
2873 3216 2932 3268 τὸ
2990 3214 3405 3286 μεγαλοπρεπὲς
3453 3212 3555 3282 τῆς
3606 3210 3766 3282 βασι-

504 3306 778 3371 lationem,
814 3308 989 3378 Ῐμδυιιι
1023 3310 1169 3364 clare
1202 3312 1480 3381 appellans
1507 3314 1670 3366 Deum
1714 3332 1727 3368 :
1762 3314 1924 3368 Sedes
1956 3324 2071 3375 tua,

504 3396 666 3454 Deus.
694 3397 1017 3469 Castigatrix
1052 3411 1134 3456 est
1156 3402 1305 3472 virga
1336 3402 1430 3458 Dei
1461 3421 1473 3457 :
1512 3418 1633 3473 quae
1667 3406 1790 3457 dum
1821 3405 2072 3471 castigat,

506 3501 685 3556 lecta,
741 3506 846 3546 non
899 3508 1148 3559 perversa
1189 3495 1387 3565 judicia
1439 3496 1663 3566 profert.
1710 3496 2072 3563 Quamobrem

507 3582 653 3652 \‘irga
690 3584 1028 3638 rectitudinis
1062 3585 1210 3654 virga
1243 3588 1394 3655 regni
1422 3588 1588 3657 ipsius
1633 3600 1934 3659 nuncupata
1966 3598 2071 3643 est.

506 3673 568 3726 Si
600 3674 739 3728 enim
785 3676 1151 3748 dereliquerint
1195 3678 1297 3748 ﬁlii
1337 3678 1449 3747 ejus
1503 3682 1662 3748 legem
1712 3698 1911 3745 meum,
1942 3684 2073 3735 etin

496 3764 717 3832 judiciis
768 3769 894 3821 meis
943 3786 1045 3822 nor
1094 3770 1523 3835 ambulaverint;
1558 3771 1776 3825 visitabo
1829 3770 1883 3824 in
1932 3773 2074 3840 virga

504 3858 807 3925 iniquitates
840 3860 1075 3926 ipsorum
1107 3862 1173 3916 ⁸³.
1199 3863 1363 3918 Vides
1396 3865 1599 3933 justum
1634 3862 1725 3917 Dei
1770 3862 2023 3929 iudicium
2054 3863 2075 3915 ?

505 3942 622 3998 Non
653 3946 706 4000 in
741 3948 1009 4016 quoslibet
1037 3952 1223 4015 utitur,
1258 3955 1347 4007 sed
1378 3955 1430 4007 in
1467 3966 1791 4023 peccatores.
1827 3951 1949 4008 lltcc
1981 3969 2075 4007 au-

508 4046 613 4091 tem
651 4046 703 4092 et
728 4039 1112 4095 consolationis
1145 4042 1290 4113 virga
1330 4044 1524 4098 dicitur
1553 4062 1566 4098 :
1609 4044 1768 4114 Virga
1799 4047 1959 4107 enim,
1989 4047 2073 4100 in.

505 4132 642 4199 quit,
678 4143 724 4185 et
750 4134 966 4189 baculus
1003 4144 1145 4203 tuus,
1175 4137 1287 4205 ipsa
1325 4153 1404 4191 me
1428 4138 1699 4190 consolatu
1736 4149 1854 4189 sunt
1886 4140 1952 4195 “.
1983 4138 2075 4191 Est

504 4234 562 4279 ct
589 4226 703 4281 haec
732 4229 881 4296 virga
915 4229 1273 4286 contritionis.
1304 4230 1468 4299 Reges
1509 4248 1596 4285 eos
1624 4234 1676 4282 in
1718 4230 1858 4297 virga
1883 4230 2075 4297 ferrea.

506 4327 757 4388 tanquam
801 4335 892 4373 uas
921 4320 1071 4388 ﬁguli
1103 4320 1398 4390 confringes
1434 4338 1519 4376 eos
1551 4322 1618 4375 ".
1652 4318 2077 4389 Confriuguntur

507 4422 686 4463 autem
724 4420 900 4466 terrea
923 4428 985 4467 ac
1017 4414 1181 4478 lutea,
1212 4414 1382 4483 gratia
1434 4430 1618 4467 eorum
1650 4415 1739 4481 qui
1769 4423 2026 4484 reguntur
2059 4434 2073 4479 -,

507 4502 959 4571 quemadmodum
984 4508 1147 4560 etiam
1180 4507 1467 4562 traduntur
1491 4504 1555 4559 In
1576 4506 1841 4560 interitum
1873 4507 2074 4575 carnis,

507 4604 561 4646 ut
586 4597 802 4660 spiritus
844 4596 1017 4651 salvus
1043 4599 1111 4651 sit
1137 4599 1205 4652 ⁸⁸.

2179 3310 2327 3373 λείας
2362 3308 2469 3379 (88)
2497 3308 2589 3362 τοῦ
2614 3308 2749 3361 Θεοῦ
2795 3309 3043 3378 ἀνυμνεῖ.
3081 3307 3326 3373 Ῥάϐδος
3362 3307 3699 3374 εὐθύτητος
3724 3304 3765 3371 ἠ

2176 3402 2394 3469 ῥάϐδος
2426 3400 2535 3470 τῆς
2554 3402 2877 3468 βασιλείας
2890 3417 3027 3456 σου.
3054 3402 3149 3454 Διά
3173 3400 3331 3455 τοῦτο
3349 3402 3445 3454 καὶ
3473 3401 3766 3453 ἀπέδωκεν

2179 3495 2327 3566 αὑτῷ
2374 3494 2473 3567 τὴν
2509 3494 2643 3549 ἰδίαν
2692 3496 3094 3567 προσηγορίαν,
3142 3494 3330 3563 σαφῶς
3359 3493 3520 3548 αὑτὸν
3556 3494 3764 3560 ἀναγο-

2182 3589 2378 3661 ρεύσας
2410 3588 2541 3642 Θεόν
2566 3608 2577 3620 ·
2627 3589 2690 3643 ’0
2737 3590 2950 3656 θρόνος
2973 3603 3111 3651 σου,
3143 3589 3176 3640 ό
3225 3588 3388 3652 Θεός.
3422 3585 3763 3656 Παιδευτική

2179 3682 2262 3744 τίς
2300 3683 2446 3733 ἐστιν
2468 3683 2501 3750 ἡ
2539 3679 2733 3752 passo;
2754 3678 2849 3731 τοῦ
2873 3676 3008 3730 Θεοῦ
3026 3695 3039 3707 ·
3070 3677 3399 3731 παιδεύουσα
3422 3678 3502 3741 δὲ,
3538 3677 3766 3740 εὑθείας

2180 3774 2275 3824 καὶ
2318 3772 2378 3824 οὑ
2425 3768 2959 3840 παρατετραμμένας
3002 3769 3199 3836 ἐπάγει
3250 3769 3349 3831 τὰς
3384 3769 3617 3839 κρίσεις.
3662 3772 3767 3822 Δια

2180 3864 2336 3917 τοῦτο
2368 3863 2559 3934 ῥάϐδος
2586 3861 2878 3928 εὐθύτητος
2911 3863 2944 3931 ἡ
2995 3861 3187 3932 ῥάϐδος
3215 3861 3316 3931 τῆς
3342 3861 3622 3929 βασιλείας
3671 3864 3767 3913 αὑ-

2179 3955 2273 4009 τοῦ
2322 3956 2778 4028 προσηγόρευται.
2832 3954 2970 4009 Ἐὰν
3011 3953 3121 4024 γὰρ
3161 3953 3653 4022 ἐγκαταλίπωσιν
3709 3957 3764 4005 οἱ

2180 4050 2296 4104 υἱοὶ
2331 4050 2519 4104 αὑτοῦ
2551 4052 2657 4103 τὸν
2684 4051 2875 4119 νόμον
2896 4068 3037 4120 μου,
3070 4048 3167 4101 καὶ
3193 4047 3305 4118 (89)
3354 4045 3478 4112 τοῖς
3506 4047 3767 4115 κρίμασί

2175 4159 2294 4210 μου
2314 4140 2399 4209 μὴ
2425 4140 2819 4207 πορευθῶσιν,
2861 4141 3262 4208 ἐπισκέψομαι
3307 4138 3377 4190 ἐν
3404 4136 3611 4205 ,ῥάϐδῳ
3655 4140 3766 4203 τὰς

2181 4234 2432 4301 ἀνομίας
2458 4231 2674 4285 αὐτῶν.
2705 4234 2867 4301 Ὁρᾷς
2898 4233 2996 4301 τὴν
3023 4232 3236 4283 δικαίαν
3262 4231 3443 4300 κρίσιν
3472 4229 3568 4281 τοῦ
3586 4229 3727 4283 Θεοῦ
3749 4248 3764 4293 ;

2183 4324 2297 4376 Οὑκ
2326 4323 2419 4376 ἐπὶ
2450 4322 2559 4375 τῶν
2586 4322 2854 4392 τυχόντων
2885 4322 3101 4392 χρῆται,
3146 4319 3261 4374 ἀλλ’
3291 4320 3384 4372 ἐπὶ
3434 4318 3545 4371 τῶν
3585 4321 3763 4390 ἁμαρν

2181 4418 2468 4471 τανόντων.
2488 4416 2635 4487 Αὑτη
2658 4416 2713 4470 δὲ
2740 4417 2832 4470 καὶ
2866 4416 3261 4488 παρακλήσεως
3289 4414 3505 4483 λέγεται
3536 4411 3760 4483 ῥάϐδος

2195 4509 2255 4563 Ἠ
2295 4506 2517 4575 ῥάϐδος
2560 4506 2669 4576 γάρ
2712 4522 2849 4570 σου,
2890 4506 3044 4577 φησὶ,
3090 4506 3188 4559 καὶ
3218 4507 3256 4573 ἡ
3281 4504 3589 4571 βακτηριά
3618 4518 3762 4556 σον.

2180 4595 2359 4654 αὗταί
2377 4617 2453 4668 με
2481 4598 2921 4667 παρεκάλεσαν.
2962 4598 3108 4667 Αὑτη
3140 4596 3231 4649 καὶ
3267 4594 3613 4665 συντριμμοῦ
3643 4595 3764 4646 ἐστι

509 4687 720 4757 ράὁδος.
766 4690 1081 4759 Ποιμανεῖς
1126 4691 1234 4772 γάρ
1270 4692 1490 4758 αὐτοὺς
1550 4690 1842 4761 ἐνίράόδῳ
1906 4691 2145 4759 σιδηρᾷ,
2184 4693 2263 4757 ὡς
2306 4693 2529 4757 σκεῦος
2576 4691 2871 4760 κεραμέως
2931 4690 3041 4759 (90)
3105 4688 3460 4755 συντρίψεις
3508 4688 3761 4748 αὐτούς.

506 4780 853 4851 Συντρίόεται
878 4782 935 4835 δὲ
964 4782 1029 4835 τά
1074 4783 1230 4852 χοῖκὰ
1282 4785 1373 4837 κα).
1426 4784 1625 4853 πήλινα
1672 4784 1759 4835 ἐπ’
1790 4782 2079 4853 εὐεργεσία
2114 4784 2222 4836 τῶν
2250 4784 2715 4855 ποιμαινομένων
2742 4782 2877 4836 καθὸ
2918 4782 3012 4835 καὶ
3074 4780 3428 4850 παραδίδοται
3484 4781 3594 4844 Είς
3626 4779 3764 4831 ὄλε-

506 4886 648 4942 θρον
680 4873 788 4942 τῆς
817 4875 1066 4943 σαρκὸς,
1092 4877 1192 4930 ἵνα
1224 4876 1290 4929 τὸ
1320 4876 1553 4943 πνεῦμα
1591 4873 1774 4944 σωθῇ.

576 5056 631 5110 8.
675 5055 963 5121 Propterea
988 5057 1137 5109 uurit
1172 5066 1221 5109 te
1259 5055 1420 5119 Deus,
1442 5054 1581 5108 Deus
1608 5065 1725 5109 tuus
1744 5055 1854 5107 oleo
1876 5053 2077 5108 lwtitia:

506 5168 615 5219 pra:
642 5148 969 5205 consortibus
1020 5151 1143 5203 tuis.
1173 5148 1437 5215 Quoniam
1470 5166 1567 5219 par
1596 5159 1714 5203 erat
1742 5158 1796 5202 ut
1840 5150 2073 5219 typicnm

2252 5057 2305 5111 8.
2360 5054 2463 5109 Διὰ
2507 5053 2679 5107 τοῦτο
2710 5052 2917 5120 ἐχρισέ
2969 5067 3042 5105 σε
3076 5054 3107 5103 o'
3157 5049 3324 5115 Θεὸς,
3356 5052 3387 5102 ὀ
3427 5048 3575 5113 Bede;
3617 5064 3763 5115 σου,

2182 5150 2387 5203 ἔλαιον
2428 5144 2839 5216 ἀγαλλιάσεως
2885 5144 3043 5214 παρὰ
3083 5144 3225 5209 τοὺς
3275 5145 3574 5213 μετόχους
3618 5160 3761 5198 σου.

600 5288 647 5321 ⁸⁸
678 5287 817 5343 Psal.
854 5302 1111 5349 Lxxxvnr,
1155 5284 1350 5350 5l,55.
1428 5286 1474 5317 “
1505 5285 1648 5339 Psal.
1692 5299 1825 5349 xxu,
1861 5284 1915 5339 4.
1994 5284 2036 5314 ⁸⁷

2187 5284 2214 5338 l.
2243 5299 2298 5343 ll,
2329 5281 2383 5335 9.
2460 5280 2503 5310 ⁸⁸
2533 5278 2549 5330 l
2581 5278 2701 5333 Cor.
2742 5292 2795 5339 ν,
2825 5278 2880 5333 5.

578 5425 689 5489 (85)
720 5422 825 5477 Alii
870 5438 997 5475 mss.
1030 5423 1125 5475 ἐπὶ
1156 5422 1252 5492 τῷ,
1278 5422 1379 5475 Alii
1416 5423 1508 5475 ἐπὶ
1531 5424 1610 5474 τό.

580 5496 687 5564 (86)
718 5494 870 5548 Colb.
907 5494 1111 5558 primus
1139 5494 1579 5564 παρασκευάζει.

578 5565 689 5635 (87)
719 5565 851 5632 Reg.
889 5565 1160 5635 secundus
1188 5563 1413 5635 ἔντεινε,

583 5632 693 5699 (88)
724 5635 795 5685 Ita
827 5650 958 5685 mss.
985 5649 1101 5687 sex.
1134 5634 1289 5700 Illud,
1318 5634 1419 5703 τῆς
1468 5632 1763 5705 βασιλείας,
1802 5633 2080 5687 desidera—

515 5710 669 5761 ιιιιιιιν
698 5712 746 5757 itt
770 5705 948 5756 etlills.

585 5776 693 5845 (89)
723 5774 812 5830 Sic
831 5775 994 5829 editio
1023 5774 1061 5825 Β
1132 5777 1185 5829 il.
1214 5785 1264 5831 et
1300 5775 1450 5847 Regii
1488 5775 1779 5840 sccmnlus,
1814 5778 2007 5828 tertius
2031 5783 2081 5827 et

2179 5429 2412 5487 quartus
2444 5432 2563 5471 cum
2594 5415 2749 5487 Coll).

2178 5483 2331 5548 Coll).
2358 5499 2510 5543 sexto
2533 5486 2636 5537 υἱοί
2680 5502 2773 5537 σου
2804 5484 2895 5535 τὸν
2924 5483 3038 5545 καί,

2790 5414 2985 5482 primo,
3032 5411 3191 5482 bene.
3218 5409 3395 5466 Etlitio
3420 5409 3601 5467 Paris.
3634 5431 3759 5470 cum

3075 5480 3174 5551 ﬁlii
3216 5483 3317 5533 tui.

2251 5562 2363 5630 (90)
2385 5560 2535 5630 “luti.
2570 5556 2878 5630 κξραμέως,
2902 5557 3045 5606 deest
3082 5569 3132 5605 ιιι
3152 5551 3394 5630 editione
3410 5552 3713 5630 Parisiensi
3744 5574 3758 5609 ε

2182 5623 2276 5687 sed
2314 5623 2579 5698 reperitur
2621 5623 2670 5698 iu
2713 5623 2946 5698 qliatnor
2985 5638 3115 5698 mss.
3144 5623 3286 5698 et_in
3314 5624 3553 5698 editione
3588 5623 3754 5679 Basil.

2185 5707 2235 5757 in
2277 5692 2387 5770 qua
2411 5716 2505 5765 pro
2539 5696 2731 5757 σκεῦος
2775 5696 2967 5770 legitur
2991 5693 3183 5770 σκεύη.
3213 5692 3405 5770 Recita
3436 5694 3607 5749 nutllo
3640 5707 3759 5763 pus:

2186 5762 2457 5830 duo-mss.
2499 5785 2621 5823 cum
2650 5770 2885 5821 editione
2922 5764 3083 5819 Basil.
3116 5762 3517 5834 παραδίδονται.
