4016 6444
231 407 339 457 4(εὸ

1261 407 1552 460 ΠΟΜΣῌΛ
1593 410 1656 462 IN
1700 411 2034 466 I'SALMUM
2074 412 2256 468 XLlV‘.

3372 428 3479 480 ωδ

265 518 461 589 Επειδὴ
491 518 597 570 ἔδει
626 520 957 592 σχηματίσαι
983 521 1043 573 τὸ
1074 520 1298 575 τυπικδν
1317 521 1541 590 χρίσμα,
1573 523 1812 585 καὶτοὺς

1929 527 2147 582 :hrisma
2189 528 2396 595 typicos
2432 540 2541 583 tum
2571 531 2852 598 pontiﬁces
2881 539 2990 583 tum
3016 545 3166 601 reges
3205 535 3486 589 adumbra-

230 613 498 674 τυπεκοὺς
531 613 819 686 ἀρχιερέας
849 615 942 666 καὶ
975 613 1245 683 βασιλέας,
1281 614 1506 685 ὲχρίσθη
1558 617 1637 686 τῷ
1678 616 1808 686 άλη-

231 704 366 774 Οινῷ
416 705 674 779 χρίσματι
726 710 758 776 ἡ
817 705 955 778 σὰρξ
1002 708 1094 760 τοῦ
1141 709 1374 780 Κυρίου,
1414 710 1480 778 τῇ
1513 709 1606 760 τοῦ
1650 710 1808 777 ἁγίου

233 797 552 868 Πνεῦματος
614 802 692 860 είς
743 799 911 870 αὐτὴν
946 800 1233 873 ἐπιδημίᾳ,
1266 803 1402 872 ὅπερ
1438 800 1809 869 ἀγαλλιάσεως

232 888 410 943 ἔλαιον
432 891 891 963 προσηγόρευται.
938 894 1193 964 Ἐχρίσθη
1228 894 1284 946 δὲ
1317 893 1477 959 παρὰ
1498 892 1640 956 τοὺς
1673 911 1809 962 μετ-

231 981 418 1049 όχους
463 980 664 1033 αὐτοῦ’
706 985 1004 1048 τουτέστιν,
1059 986 1199 1053 ὑπὲρ
1251 985 1458 1046 πάντας
1491 985 1809 1056 ἀνθρώπους

229 1077 360 1136 τοὺς
422 1072 746 1142 μετέχοντας
781 1077 875 1129 τοῦ
917 1074 1177 1147 Χριστοῦ.
1228 1075 1374 1128 Διότι
1424 1077 1651 1141 ἐκείνοις
1709 1079 1808 1149 μὲν

235 1164 438 1232 μερική
466 1181 549 1228 τις
594 1165 791 1219 ἐδίδοτο
826 1166 1144 1234 Πνεύματος
1180 1168 1454 1232 κοινωνία,
1499 1168 1593 1220 ἐπὶ
1622 1169 1678 1221 δὲ
1717 1170 1808 1223 τὸν

234 1252 366 1303 Υίὸν
417 1253 526 1306 τοῦ
554 1255 688 1309 Θεοῦ
725 1254 983 1308 κατελθὸν
1025 1256 1088 1307 τὸ
1125 1258 1350 1328 Πνεῦμα
1394 1258 1454 1310 τὸ
1497 1258 1678 1325 ὄιγιον,
1733 1261 1807 1323 ὥς

231 1357 404 1409 φησιν
455 1344 728 1413 Ἰωάννης,
783 1347 1058 1414 Ἔμεινεν
1104 1350 1197 1401 ἐπ’
1238 1350 1445 1404 αὐτόν.
1501 1351 1695 1414 Καλῶς
1752 1353 1808 1405 δὲ

230 1433 610 1515 ἀγαλλιάσεως
668 1435 847 1489 ἔλαιον
909 1440 968 1492 τὸ
1026 1441 1253 1511 Πνεῦμα
1302 1444 1806 1512 προσαγορεύεται,

231 1525 422 1598 ἐπειδὴ
457 1529 549 1579 καὶ
585 1521 668 1592 εἷς
695 1529 802 1582 τῶν
836 1531 939 1584 ὑπὸ
973 1534 1066 1586 τοῦ
1098 1536 1412 1606 Πνεῦματος
1450 1535 1606 1603 ἁγίου
1635 1555 1810 1608 γεωρ-

230 1618 518 1686 γουμένων
552 1621 778 1690 καρπῶν
807 1623 954 1677 ἐστιν
996 1627 1028 1695 ἡ
1070 1629 1235 1697 χαρά.
1286 1627 1503 1698 Ἐπειδὴ
1536 1627 1591 1680 δὲ
1621 1630 1812 1698 μικτός

229 1708 378 1758 ἐστιν
398 1709 426 1758 ὁ
457 1712 584 1780 περὶ
607 1710 702 1764 τοῦ
734 1705 891 1784 Σο›τῆ
897 1733 988 1786 ρος
1013 1717 1166 1785 λόγος
1193 1719 1282 1772 διά
1303 1737 1362 1772 τε
1391 1719 1489 1790 τὴν
1513 1719 1672 1788 φύσιν
1710 1721 1811 1789 τῆς

229 1799 510 1871 θεότητος,
546 1805 643 1857 καὶ
687 1807 786 1878 τὴν
817 1810 1129 1878 οἰκονομίαν
1179 1817 1276 1882 τῆς
1325 1814 1808 1885 ἐνανθρωπήσεως,

1911 629 2166 685 ret,caro
2211 618 2422 672 Domini
2467 634 2596 673 vero
2641 622 2936 675 chrismate
2987 622 3203 673 inuncta
3232 632 3334 686 est,
3373 624 3489 691 ipso

1911 713 2078 766 sancti
2113 711 2351 780 Spiritus
2379 710 2430 763 in
2468 725 2585 765 eam
2609 712 2837 765 adventu
2880 734 2892 767 :
2921 713 3060 782 quod
3090 711 3287 766 ltetitia:
3313 714 3488 767 oleum

1912 805 2236 871 appellatum
2274 810 2375 857 est.
2414 801 2616 857 Unctus
2646 812 2732 858 est
2778 812 2958 855 autem
3006 823 3114 872 pro:
3157 806 3489 857 consortibus

1911 900 2041 963 suis,
2071 901 2170 954 hoc
2209 910 2311 962 est,
2345 911 2454 966 pra:
2508 897 2764 951 omnibus
2823 898 3127 953 hominibus
3161 901 3252 969 qui
3287 897 3488 953 Christi

1909 1002 2034 1044 sunt
2078 991 2382 1059 participes.
2420 988 2552 1043 Nam
2596 989 2697 1042 illis
2739 989 2954 1055 quidem
3000 988 3178 1055 aliqua
3215 991 3487 1046 tribueba-

1912 1088 1999 1132 tur
2030 1079 2264 1148 Spiritus
2293 1079 2740 1144 communicatio;
2768 1089 2822 1133 at
2845 1094 2971 1133 vero
3006 1079 3237 1147 Spiritus
3266 1092 3488 1137 sanctus

1912 1173 1964 1226 in
2011 1173 2100 1227 Dei
2149 1172 2339 1226 Filium
2382 1173 2733 1238 descendens,
2780 1182 2836 1225 ut
2888 1174 2962 1225 ait
3004 1172 3274 1236 Joannes,
3320 1172 3490 1238 Super

1911 1265 2080 1333 ipsum
2105 1265 2295 1316 mansit
2315 1264 2379 1317 ".
2413 1265 2580 1319 Recte
2607 1272 2786 1316 autem
2820 1261 3054 1332 Spiritus
3081 1264 3256 1317 oleum
3297 1264 3493 1317 laetitiae

1910 1357 2239 1419 nominatur,
2259 1370 2380 1409 cum
2408 1371 2545 1411 unus
2561 1373 2634 1410 ex
2664 1355 2929 1409 fructibus
2957 1371 3092 1423 quos
3120 1366 3337 1408 sanctus
3366 1353 3491 1418 Spi—

1912 1450 2046 1503 ritus
2070 1448 2351 1519 producit,
2387 1447 2640 1516 gaudium
2665 1449 2736 1504 sit
2769 1449 2838 1502 ⁷⁰.
2867 1448 3029 1519 166
3061 1448 3321 1513 Quoniam
3365 1462 3493 1498 vero

1911 1541 2101 1595 mistus
2131 1549 2216 1594 est
2248 1538 2315 1593 de
2351 1539 2642 1594 Servatore
2686 1555 2886 1604 sermo,
2925 1552 3144 1610 propter
3194 1538 3495 1592 divinitatis

1911 1645 2158 1689 naturam
2188 1644 2242 1688 et
2277 1631 2669 1688 incarnationis
2703 1633 3176 1702 dispensationem,
3211 1646 3396 1684 rursus
3428 1630 3493 1681 ad

1913 1725 2006 1779 Dei
2059 1725 2450 1779 humanitatem
2504 1721 2828 1791 respiciens,
2866 1722 2994 1776 ait:
3047 1723 3290 1774 Dilexisti
3332 1719 3495 1786 justi-

1915 1817 2062 1880 tiam,
2088 1826 2136 1869 et
2168 1817 2326 1870 odisti
2372 1817 2703 1887 iniquitatem
2739 1833 2758 1880 ;
2799 1815 3020 1884 perinde
3055 1815 3207 1883 quasi
3242 1816 3444 1867 diceret
3477 1828 3493 1863 :

230 1892 397 1946 πάλιν
427 1899 508 1960 είς
540 1899 601 1950 τὸ
629 1900 970 1972 ἀνθρώπινον
1002 1901 1095 1954 τοῦ
1118 1904 1251 1956 Θεοῦ
1270 1907 1604 1976 ἀποϐλέψας,
1622 1907 1809 1976 φησίνο

1929 1906 2126 1974 Reliqui
2157 1907 2370 1974 quidem
2419 1908 2664 1962 homines
2690 1906 2875 1960 labore
2901 1907 3271 1973 exercitioque
3311 1916 3366 1957 et
3408 1913 3495 1956 at-

243 1985 593 2054 ’Πγίίπησας
619 1975 1034 2058 δικαιοσύνην,
1060 1995 1156 2046 καὶ
1179 1975 1500 2064 ἐμίσησαςῗ
1520 1975 1774 2068 ἀνομίαν
1795 2018 1808 2030 ·

229 2078 359 2129 ἀντὶ
393 2079 510 2145 τοῦ,
535 2083 597 2133 Οί
632 2083 731 2153 μὲν
760 2084 935 2139 λοιποὶ
967 2087 1245 2158 ἄνθρωποι
1280 2090 1426 2160 πόνῳ
1449 2092 1542 2145 καὶ
1579 2095 1808 2164 ἀσκήσει

229 2169 330 2221 καὶ
364 2177 603 2245 προσοχῇ
629 2177 887 2241 πολλάκις
915 2181 1237 2251 κατορθοῦσι
1263 2181 1360 2253 τὴν
1395 2183 1529 2253 πρὸς
1554 2184 1614 2234 τὸ
1648 2186 1811 2237 καλὸν

228 2261 494 2320 διάθεςιν.
527 2268 621 2320 καὶ
651 2270 754 2339 τὴν
790 2270 904 2324 τῶν
936 2272 1157 2342 φαύλων
1207 2275 1590 2345 ἀποστροφήν·
1627 2277 1708 2327 σοὶ
1752 2277 1809 2329 δὲ

231 2360 438 2430 φυσική
469 2358 552 2421 τίς
569 2362 683 2413 ἐστι
709 2379 842 2433 προς
863 2365 922 2418 τὸ
949 2367 1154 2435 ἀγαθὸν
1182 2369 1214 2439 ἡ
1245 2368 1538 2433 οἰκείωσις,
1558 2369 1649 2422 καὶ
1673 2368 1808 2440 πρὸς

229 2451 340 2518 τὴν
367 2453 596 2523 ἀνομίαν
643 2456 677 2523 ἡ
715 2457 1088 2527 ἀλλοτρίωσις.
1144 2462 1255 2514 Καὶ
1299 2463 1432 2532 ἡμῖν
1482 2463 1539 2516 δὲ
1580 2463 1692 2533 (9|)
1744 2464 1807 2515 οὑ

234 2542 469 2610 χαλεπὸν
494 2544 834 2616 βουληθεῖσιν
849 2549 1137 2602 ἀναλαϐεῖν
1152 2553 1249 2620 τὴν
1267 2553 1403 2620 πρὸς
1422 2554 1520 2622 τὴν
1541 2553 1814 2606 δικαιοσύ-

232 2649 339 2702 νην
357 2636 599 2708 ἀγάπην,
628 2640 723 2691 καί
752 2638 818 2691 τὸ
846 2640 980 2709 πρὸς
1018 2643 1118 2712 τὴν
1151 2644 1380 2712 ἀνομίαν
1414 2647 1590 2713 μῖσος.
1622 2647 1813 2697 Πᾶσαν

233 2725 347 2796 γὰρ
373 2728 600 2800 δύναμιν
625 2735 652 2784 ἐ»
678 2732 811 2796 Θεὸς
839 2733 1124 2805 χρησίμως
1154 2735 1322 2788 ἔδωκε
1336 2738 1402 2807 τῇ
1433 2736 1622 2808 λογικῇ
1641 2738 1811 2807 ψυχῇ⁹

231 2819 427 2891 ὥσπρ
453 2823 554 2892 τὴν
581 2825 673 2877 τοῦ
709 2830 948 2899 ἀγαπᾷν,
981 2829 1123 2882 οὕτω
1145 2831 1241 2884 καὶ
1269 2831 1367 2902 τὴν
1388 2829 1482 2884 τοῦ
1517 2833 1712 2900 μισεῖν·
1732 2831 1819 2884 ἵνα

235 2910 381 2982 λόγῳ
408 2912 757 2983 εὐθυνόμενοι
786 2919 1091 2989 ἀγαπῶμεν
1133 2924 1230 2990 μὲν
1259 2923 1357 2993 τὴν
1395 2924 1614 2993 ἀρετὴν,
1653 2923 1821 2993 μισῶ-

239 3020 343 3071 μεν
363 3005 528 3076 δὲτὴν
558 3008 775 3060 κακίαν.
810 3011 966 3064 Ἔστι
993 3013 1100 3082 γάρ
1133 3031 1262 3066 ποτε
1298 3016 1388 3066 καὶ
1408 3016 1705 3077 ἐπαινετῶς
1734 3015 1812 3084 τῷ

1917 1998 2156 2050 tentione
2185 1995 2499 2066 plerumque
2544 1998 2761 2052 virtutis
2801 1996 3045 2053 habitum
3101 2003 3490 2063 assequuntur,

1914 2090 2317 2157 ahhorrentque
2354 2104 2384 2142 a
2432 2089 2612 2154 vitiis;
2647 2091 2740 2141 tibi
2784 2105 2913 2144 vero
2950 2089 3212 2143 naturalis
3250 2088 3496 2156 qua-dam

1910 2193 1993 2237 cst
2048 2197 2168 2236 cum
2226 2180 2369 2235 bono
2416 2179 2722 2248 conjunctio
2761 2195 2824 2234 ac
2872 2184 3236 2246 necessitudo,
3287 2182 3493 2235 aliena-

1911 2276 2093 2343 tioque
2133 2277 2202 2330 ab
2249 2273 2551 2342 iniquitate.
2572 2271 2875 2339 Quinetiam
2927 2273 3097 2336 nobis,
3118 2273 3162 2325 si
3207 2274 3492 2336 volumus,

1918 2365 2129 2419 difﬁcile
2197 2381 2300 2420 non
2351 2377 2434 2420 est
2490 2381 2727 2419 amorem
2787 2367 3038 2434 iustitiae,
3089 2375 3142 2420 et
3195 2365 3500 2433 iniquitatis

1917 2459 2100 2513 odium
2135 2457 2430 2524 suscipere.
2473 2456 2699 2510 Omnem
2735 2457 2877 2508 enim
2909 2457 3217 2510 facultatem
3250 2455 3498 2510 rationali

1918 2549 2112 2604 animae
2169 2548 2372 2602 utiliter
2407 2547 2552 2601 dedit
2587 2547 2770 2612 Deus;
2803 2559 2860 2601 ut
2913 2549 3133 2609 amoris,
3163 2550 3234 2600 ita
3285 2564 3500 2616 quoque

1919 2645 2025 2698 odii
2071 2662 2086 2698 :
2125 2652 2186 2696 ut
2233 2641 2445 2695 ratione
2485 2640 2677 2695 directi
2715 2641 3004 2710 diligamus
3055 2641 3345 2700 virtutem,
3378 2639 3503 2691 odio

1921 2752 2052 2792 vero
2089 2736 2387 2794 habeamus
2439 2734 2804 2802 iniquitatem.
2853 2732 3004 2786 Licet
3032 2733 3172 2784 cnim
3213 2730 3504 2797 aliquando

1925 2830 2086 2882 etiam
2134 2827 2474 2882 laudabiliter
2504 2825 2626 2880 odio
2661 2824 2758 2877 uti.
2797 2822 2985 2876 Nonne
3029 2840 3115 2876 eos
3149 2824 3237 2891 qui
3285 2824 3504 2874 oderant

1921 2930 1991 2982 te,
2015 2919 2256 2983 Domine,
2281 2920 2402 2970 odio
2429 2919 2616 2979 habui,
2648 2926 2695 2968 et
2739 2932 2892 2981 super
2923 2916 3159 2966 inimicos
3205 2925 3320 2966 tuos
3357 2915 3504 2964 tabe-

1919 3014 2120 3065 scebam
2152 3012 2177 3064 .7
2205 3008 2447 3078 Perfecto
2485 3009 2605 3061 odio
2635 3007 2846 3060 oderam
2880 3005 2998 3058 illos
3025 3005 3092 3056 ’¹¹.

238 3094 390 3162 μίσει
419 3098 744 3167 χρήσασθαι,
782 3100 928 3168 Οὐχὶ
987 3103 1129 3170 τοὺς
1160 3105 1499 3173 μισοῦντάς
1556 3121 1650 3170 σε,
1685 3107 1885 3174 Κύριε,
1922 3104 2224 3173 ἐμίσησα,
2280 3099 2378 3152 καί
2431 3099 2531 3152 ἐπὶ
2575 3098 2717 3165 τοὺς
2765 3097 3016 3167 ἐχθρούς
3070 3113 3184 3151 σου
3229 3096 3508 3163 ἐξετηκό-

231 3187 527 3254 μην(92);
563 3189 798 3245 Τέλειον
815 3195 996 3262 μῖσος
1010 3197 1267 3265 ἐμίσουν
1298 3199 1540 3263 αὐτούς.

312 3275 366 3329 9.
386 3279 628 3347 Σμύρνα
657 3282 755 3336 καὶ
777 3287 1006 3353 στακτὴ
1027 3288 1124 3339 καὶ
1147 3290 1377 3341 accurata
1398 3291 1516 3343 ἀπὸ
1544 3289 1665 3343 τῶν
1694 3294 1821 3361 ἱμα-

1997 3285 2051 3340 9.
2094 3281 2261 3338 VEIts.
2287 3282 2341 3345 9,
2375 3281 2463 3337 10.
2508 3280 2727 3349 Myrr/ta
2756 3287 2803 3331 et
2834 3287 2981 3348 gutta
3016 3289 3062 3330 et
3105 3278 3248 3330 casia
3289 3294 3319 3328 α
3359 3279 3512 3330 resti-

239 3371 388 3424 τίων
403 3387 522 3426 σου
547 3373 663 3427 ἀπὸ
681 3374 923 3444 ,ϐάρεων
945 3380 1383 3448 ἐλεφαντίνων,
1415 3382 1481 3444 ἐξ
1512 3377 1596 3434 ὦν
1613 3386 1823 3452 εὔφρα-

240 3462 362 3514 mir
380 3478 455 3517 (re
480 3468 798 3538 θυγατέρες
813 3471 1125 3533 βασιλέων
1144 3474 1214 3526 ἐν
1232 3473 1307 3540 τῇ
1334 3491 1384 3525 τι
1386 3471 1473 3543 μῆ
1507 3490 1642 3528 σου.
1665 3476 1828 3528 Ὑπο-

243 3556 585 3611 καταϐαίνων
613 3559 923 3626 ἀκολούθως
964 3565 991 3616 ὁ
1019 3565 1357 3635 προφητικὸς
1379 3564 1555 3633 λόγος,
1585 3565 1680 3618 καὶ
1695 3568 1827 3619 πᾶσι

241 3648 358 3709 τοῖς
372 3648 513 3701 κατά
531 3651 626 3721 τὴν
647 3655 960 3724 οίκονομίαν
978 3656 1380 3727 προεπιὸαλὼν,
1395 3657 1472 3727 τῷ
1495 3657 1829 3729 ὲνατενιαμῷ

245 3736 346 3790 τοῦ
383 3740 700 3811 Πνεύματος
739 3745 847 3815 (9'5)
889 3746 982 3798 τοῦ
1031 3748 1505 3812 ἀποκαλύπτοντος
1561 3751 1708 3818 αὐτῷ
1759 3751 1832 3803 τὰ

248 3830 490 3899 κρυπτὰ,
520 3828 683 3903 ἦλθεν
716 3836 809 3888 ἐπὶ
851 3836 912 3889 τὸ
954 3837 1162 3900 πάθος·
1219 3841 1460 3906 Σμύρνα
1503 3839 1636 3910 γὰρ,
1674 3843 1830 3910 φησὶ,

247 3922 348 3973 καὶ
378 3924 607 3993 στακτὴ
640 3927 740 3980 καὶ
771 3929 1001 3982 κασσία
1027 3929 1143 3983 ἀ.πό
1172 3929 1291 3982 τῶν
1319 3931 1563 3998 ἱματίων
1580 3947 1717 3985 σου.
1768 3933 1830 3985 'H

253 4018 355 4088 μὲν
381 4010 475 4071 οὖν
508 4017 721 4089 σμύρνα
758 4019 839 4071 ὅτι
872 4020 1050 4089 ταφῆς
1081 4021 1197 4072 ἐστι
1232 4020 1517 4091 σύμϐολον,
1562 4024 1654 4074 καὶ
1685 4024 1712 4074 ὁ
1745 4023 1832 4074 εὑ-

248 4111 576 4182 αγγελιστὴς
597 4112 747 4180 ἡμᾶς
799 4112 1050 4182 Ἰωάννης
1083 4112 1340 4178 ἐδίδαξεν,
1369 4116 1537 4166 εἰπὼν
1571 4115 1674 4168 ὑπὸ
1719 4116 1832 4167 Ἰω-

252 4204 366 4272 σὴφ
399 4203 494 4254 τοῦ
547 4203 900 4272 Ἀριμαθαίου
949 4205 1365 4272 ἐντεταφιάσθαι
1409 4209 1546 4275 μετὰ
1586 4206 1833 4278 σμύρνης

252 4296 345 4348 καὶ
386 4295 569 4364 ἀλόης.
619 4297 682 4347 Ἡ
717 4296 771 4348 δὲ
814 4298 1019 4365 στακτὴ
1073 4298 1167 4348 καὶ
1219 4298 1354 4367 αὑτὴ
1404 4299 1650 4367 σμύρνης
1687 4301 1832 4352 ἐστὶν

251 4389 395 4453 εἶδος
443 4389 500 4442 τὺ
533 4389 875 4442 λεπτότατον.
921 4389 1288 4452 Ἐκθλιϐἐντος
1329 4390 1437 4459 γὰρ
1482 4390 1575 4442 τοῦ
1610 4390 1834 4460 ἀρώμα-

250 4500 365 4546 τος,
387 4484 511 4536 ὅσον
541 4483 638 4552 μὲν
663 4482 824 4534 αὑτοῦ
855 4482 1032 4552 ῥυτὸν,
1066 4483 1144 4544 είς
1172 4482 1269 4553 τὴν
1305 4482 1540 4552 στακτὴν
1565 4468 1834 4553 ἀπομερί-

255 4577 436 4636 ζεται·
473 4576 533 4628 τὸ
553 4576 609 4628 δὲ
638 4575 941 4645 παχύτερον
965 4574 1076 4641 (94)
1099 4574 1372 4644 ἀπομένον
1401 4574 1614 4645 σμύρνα
1636 4593 1836 4645 προσα-

328 4731 370 4761 ⁶⁹
396 4728 550 4784 Joan.
597 4745 633 4794 I,
670 4730 757 4784 5'3.
834 4732 878 4762 "°
908 4731 1025 4786 Gal.
1059 4749 1110 4795 γ,
1141 4733 1228 4785 2‘2.

1304 4732 1347 4761 ⁷³
1375 4732 1514 4785 Psal.
1539 4747 1799 4797 csxxvut,
1825 4733 1914 4799 Ἦ,
1954 4735 2043 4789 εξ.

1932 3378 2120 3432 mentis
2151 3378 2256 3429 tuis
2285 3391 2315 3427 a
2350 3374 2591 3427 domibus
2621 3372 2882 3436 eburneis,
2905 3388 2968 3425 ex
2999 3371 3186 3440 quibus
3226 3369 3512 3423 delectave-

1935 3483 2055 3526 runt
2091 3481 2138 3525 ιε
2174 3471 2300 3538 filia:
2333 3484 2509 3537 regum
2539 3468 2593 3518 in
2627 3466 2822 3518 honore
2858 3474 2967 3518 tuo.
3012 3463 3364 3530 Propheticus
3397 3476 3514 3514 ser-

1937 3578 2023 3615 mo
2051 3561 2312 3630 paulatim
2345 3559 2536 3614 ordine
2565 3557 2923 3620 descendens,
2956 3569 3020 3608 ac
3058 3554 3206 3624 prius
3239 3567 3300 3605 ea
3331 3553 3512 3605 omnia

1937 3666 2055 3720 (tua:
2085 3651 2151 3704 ad
2190 3649 2584 3704 incarnationis
2615 3647 3073 3715 dispensationem
3110 3647 3358 3706 attinent,
3388 3659 3514 3711 pro-

1937 3752 2176 3806 secutus,
2215 3740 2521 3795 vehementi
2559 3739 2791 3807 quodam
2823 3736 3058 3806 Spiritus
3085 3737 3131 3789 ei
3167 3737 3379 3790 occulta
3422 3753 3511 3790 re—

1937 3836 2166 3890 velantis
2196 3833 2400 3896 aillatu,
2424 3831 2568 3887 venit
2602 3831 2667 3885 ad
2700 3831 3005 3900 passionem
3043 3849 3056 3883 :
3091 3829 3308 3899 Myrr/ia
3342 3829 3512 3888 enim,

1940 3929 2132 3996 inquit,
2166 3937 2214 3982 et
2266 3936 2414 3997 gutta
2459 3936 2506 3979 et
2561 3926 2708 3978 casia
2757 3941 2787 3977 a
2835 3924 3152 3976 vestimentis
3182 3921 3306 3974 tuis.
3359 3917 3514 3984 Quod

1938 4023 2155 4091 quidem
2210 4021 2429 4088 myrrha
2485 4016 2786 4087 symbolum
2841 4018 2912 4068 sit
2968 4013 3287 4082 sepulturae,
3347 4013 3513 4065 etiam

1940 4114 2268 4183 evangelista
2322 4113 2558 4166 Joannes
2610 4126 2705 4164 nos
2757 4111 2958 4173 docuit,
2989 4107 3078 4177 qui
3130 4106 3272 4161 dicat
3312 4121 3436 4159 eum
3485 4120 3512 4155 a

1947 4207 2147 4274 10seph
2175 4205 2240 4257 ah
2264 4205 2588 4258 Arimathtea
2623 4220 2742 4257 cum
2776 4202 2990 4272 myrrha
3021 4211 3072 4253 et
3105 4201 3220 4252 aloe
3244 4199 3514 4266 sepultum

1941 4316 2062 4352 esse
2089 4301 2156 4352 τ’.
2195 4297 2358 4352 Gutta
2394 4313 2519 4351 vero
2550 4298 2712 4352 etiam
2760 4297 2876 4364 ipsa
2923 4294 3158 4362 myrrha:
3193 4293 3401 4360 species
3434 4301 3519 4344 est

1945 4393 2280 4446 tenuissima.
2325 4391 2619 4459 Postquam
2650 4390 2792 4442 enim
2846 4398 3126 4441 contusum
3173 4395 3257 4440 est
3302 4399 3517 4448 aroma,

1942 4484 2202 4553 quidquid
2256 4484 2308 4535 in
2351 4499 2414 4535 eo
2460 4492 2541 4535 est
2589 4481 2796 4549 liquidi,
2836 4480 2887 4533 in
2941 4490 3148 4549 guttam
3201 4487 3516 4544 separatur,

1944 4579 2084 4645 quod
2124 4580 2363 4632 crassius
2402 4587 2670 4646 superest,
2711 4575 2926 4645 myrrha
2976 4574 3297 4642 appellatur.
3335 4571 3521 4639 Itaque

2125 4736 2169 4765 ⁷¹
2198 4735 2352 4790 Joan.
2387 4750 2498 4796 th,
2532 4734 2621 4787 '59.

279 4958 285 4962 η
329 4893 438 4962 (9t)
472 4894 674 4947 Vocula
706 4893 763 4946 δέ
792 4894 947 4949 abest
978 4895 1047 4948 ab
1080 4895 1321 4949 editione
1349 4895 1515 4949 Dasil.
1547 4905 1601 4950 et
1637 4898 1705 4950 ah
1739 4896 1835 4948 ali-
1868 4897 1915 4954 ι)
1945 4898 2015 4948 ita
2075 4896 2207 4948 nihil
2253 4907 2438 4947 vetare
2469 4895 2687 4946 videtur
2730 4893 3017 4958 quominus
3073 4891 3138 4944 de
3184 4890 3271 4942 illo
3313 4890 3516 4958 priore,

255 4965 454 5033 quibus
486 4980 617 5018 mss.

332 5033 442 5107 (9‘2)
485 5034 615 5107 _Illa,
672 5035 766 5088 καὶ
799 5035 892 5087 ἐπὶ
920 5037 1045 5098 τοὺς
1073 5035 1299 5105 ἐχθρούς
1339 5055 1431 5090 σου
1475 5036 1836 5107 ἐξετηκόμην,

264 5105 446 5157 addita
479 5104 642 5158 fuisse
678 5107 903 5159 editioni
951 5104 1211 5161 Basil.rex
1246 5107 1384 5162 Oliv.
1416 5120 1470 5162 et
1493 5104 1712 5174 Anglic.
1740 5104 1838 5158 do-

260 5186 347 5228 cet
385 5175 467 5228 vir
495 5175 862 5242 peritissimus
895 5177 1138 5230 Dncaans.
1172 5175 1333 5230 Notal
1357 5188 1534 5232 tamen
1570 5179 1710 5231 idem
1751 5179 1840 5229 ille

261 5245 440 5317 legiin
466 5245 605 5317 Oliv.
633 5247 864 5317 ἐπὶτοῖς
894 5247 1109 5317 ἐχθροῖς
1144 5265 1256 5306 σου.
1289 5265 1414 5313 ιιυιι,
1440 5260 1496 5302 ut
1523 5249 1575 5302 in
1612 5249 1840 5316 vulgatis

262 5316 438 5378 libris,
463 5315 558 5367 ἐπὶ
589 5318 714 5379 τοὺς
750 5315 1128 5385 ὲχθρούςήσου.
1189 5320 1258 5371 Ea
1315 5331 1496 5371 autem
1541 5335 1659 5387 qu:e
1698 5315 1836 5371 vidi-

263 5402 386 5439 mus
413 5389 745 5453 exetnplaria
781 5404 882 5438 non
915 5391 1246 5441 conveniunt
1290 5390 1430 5443 inter
1476 5404 1553 5443 se.
1608 5390 1661 5442 lu
1717 5391 1839 5442 aliis

262 5456 410 5509 enim
449 5458 612 5509 verba
663 5458 772 5518 illa,
816 5457 909 5508 καὶ
966 5460 1057 5510 ἐπὶ
1106 5459 1250 5520 τούς,
1308 5472 1440 5518 etc.,
1497 5461 1839 5526 reperiuntur

263 5526 482 5594 quidem
517 5542 531 5578 :
569 5529 661 5579 sed
689 5529 738 5580 in
774 5528 898 5581 aliis
929 5543 1030 5581 non
1063 5531 1248 5594 paucis
1280 5531 1692 5585 desiderantur.
1728 5530 1836 5582 11ιὶ-

265 5602 386 5667 dem
425 5607 544 5662 post
595 5598 704 5661 illa,
741 5597 963 5667 ἐμίσουν
994 5600 1210 5663 αὐτούς,
1248 5601 1512 5666 scriptum
1566 5599 1839 5653 invenitur

265 5666 318 5719 in
347 5667 674 5740 Colliertinis
705 5666 880 5734 primo
909 5679 963 5720 et
1003 5681 1156 5721 sexto
1199 5673 1279 5732 είς
1322 5672 1550 5740 ἐχθροὺς
1591 5671 1839 5738 ἐγένοντό

269 5753 378 5804 μοι,
433 5737 642 5790 Inimici
673 5741 803 5802 facti
854 5748 972 5790 sunt
1015 5741 1165 5793 milii.
1219 5741 1322 5792 Sed
1352 5737 1835 5808 ﬁqnetnadmmlum

269 5808 515 5879 ultimum
563 5809 713 5867 illud.
750 5811 828 5871 εἰς
873 5809 1099 5877 ἐχθροὺς
1139 5810 1386 5877 ἐγένοντό
1417 5828 1525 5879 μοι,
1560 5813 1706 5864 credi
1740 5827 1833 5875 po-

273 5887 370 5942 test
398 5893 460 5932 cx
494 5877 678 5934 Βὼιιίε
713 5882 979 5947 adjcclmn
1016 5879 1181 5937 fuisse
1233 5883 1296 5936 ab
1348 5877 1525 5950 aliquo
1563 5881 1783 5936 librario
1819 5897 1831 5931 :

1946 4969 2038 5019 καὶ
2065 4967 2155 5018 ἰπὶ
2186 4968 2312 5028 τοὺς
2342 4966 2568 5036 ἐχθροὺς
2598 4961 2956 5032 ἐξετηκόμην,
2995 4963 3133 5016 idem
3161 4975 3375 5036 quoque
3398 4976 3522 5013 seu.-

1951 5040 2164 5090 tiamus.
2221 5036 2347 5090 Utut
2373 5032 2483 5090 huic
2510 5045 2657 5096 sunt,
2697 5036 3142 5100 ttihilquidquam
3183 5032 3236 5083 in
3261 5041 3518 5082 contextu

1950 5108 2300 5160 mutavimus.
2362 5107 2513 5172 Quod
2572 5107 2716 5158 enim
2775 5106 3076 5157 addendum
3121 5101 3389 5172 judicavit
3448 5101 3516 5161 is,

1947 5193 2105 5245 quem
2141 5178 2299 5230 modo
2339 5171 2470 5242 dixi,
2515 5177 2595 5230 vir
2653 5175 3076 5237 eruditissimus,
3106 5173 3157 5224 id
3202 5171 3320 5224 sine
3369 5181 3522 5224 certo

1949 5259 2272 5315 argumento
2307 5249 2538 5316 expungi
2570 5247 2766 5300 debere
2793 5261 2906 5316 non,
2925 5253 3196 5316 putamus.

2021 5311 2131 5387 (95)
2155 5311 2537 5372 Veheméntein
2562 5317 2849 5386 quemdam
2876 5314 3107 5380 Spiritus
3129 5311 3364 5387 amatum
3391 5326 3523 5364 voce

1949 5380 2286 5458 ἐνατενισμῴ
2324 5380 2618 5457 signiﬁcari
2651 5388 2946 5458 obscurum
2985 5399 3089 5435 non
3133 5394 3234 5436 est.
3271 5380 3525 5458 Yertet'at

1949 5451 2216 5527 interpres
2258 5451 2436 5523 'vetu's,
2468 5458 2702 5525 Spiritus
2763 5457 3075 5527 intentione,
3101 5470 3207 5506 non
3255 5451 3363 5527 alio
3399 5453 3523 5527 qui:

1944 5521 2106 5590 dem,-
2140 5540 2286 5596 puto,
2326 5521 2489 5581 senisu
2513 5521 2535 5580 ’;
2573 5529 2667 5580 sed
2697 5528 2945 5596 ambigue
2985 5536 3034 5577 et
3067 5521 3382 5596 imprOprie.
3442 5521 3524 5585 Τῷ

1942 5592 2238 5667 ἀτενίοίμῷ
2308 5600 2414 5652 τοῦ
2475 5592 3228 5667 Πνεύματοςίνει-ιειιιίυιιι
3289 5592 3522 5655 videtnr,

1942 5664 2160 5733 accepta
2188 5690 2216 5720 ιι
2253 5673 2442 5735 spiritu
2476 5669 2936 5731 contemplatione.
2975 5664 3188 5717 MsRAN.

2015 5729 2124 5806 (91‘s)
2156 5729 2293 5792 Etiili
2323 5739 2490 5808 παχύ.
2518 5741 2586 5792 At
2620 5729 2854 5805 quinque
2889 5753 3018 5808 mss.
3056 5734 3385 5808 παχύτερον.
3407 5729 3527 5784 Sla-

1944 5811 2036 5862 Iim
2073 5812 2198 5861 editi
2235 5806 2495 5864 ἀποπνέει
2537 5810 2653 5880 μέν.
2717 5810 2914 5865 Vocula
2950 5806 3047 5877 μέν
3080 5809 3231 5864 deest
3281 5806 3337 5860 in
3389 5817 3522 5858 mss.

1942 5898 2048 5934 non
2086 5883 2278 5948 paucis
