4016 6432
545 375 644 430 £07

1877 370 1932 426 S.
1976 370 2223 428 BASILII
2262 369 2478 426 MAGNI

3721 368 3820 425 408

531 486 740 545 Christi
798 486 970 540 bonus
1019 487 1155 542 odor
1210 487 1484 560 myrrham
1537 488 1756 557 quidem
1811 489 2002 560 spirat,
2046 493 2113 547 ob

2218 488 2518 560 γορεύεται.
2536 486 2744 542 Ούκοῦν
2760 489 2855 541 καὶ
2878 488 3138 543 ἀποπνέει
3156 487 3188 560 ἡ
3205 486 3299 540 τοῦ
3321 487 3572 557 Χριστοῦ
3599 489 3822 561 εὐωδία,

536 579 845 650 passionem
884 592 897 629 :
935 586 1146 637 mutant
1183 593 1332 641 vero,
1361 577 1502 646 quod
1546 593 1650 634 non
1699 579 1987 634 immobilis
2016 595 2114 638 nec

534 673 745 729 otiosus
780 680 872 723 aut
906 668 1152 725 inelIicax
1192 671 1552 740 permanserit
1589 675 1759 729 tribus
1790 673 1893 728 illis
1927 673 2116 732 diebus

535 777 601 817 ac
633 763 907 824 noctibus,
931 763 1023 817 sed
1059 763 1111 818 in
1143 763 1415 817 infernum
1449 764 1812 829 descenderit,
1838 765 1908 819 ob
1935 779 2117 822 resur-

537 856 803 912 rectionis
861 855 1359 926 dispensationem,
1416 868 1475 913 ut
1539 861 1718 914 omnia
1769 872 1891 927 quae
1945 859 2010 913 ad
2059 876 2116 915 se

536 951 858 1019 spectabant
909 950 1176 1019 expleret.
1226 950 1442 1006 Castam
1482 953 1698 1006 tandem
1738 951 1929 1019 spirat,
1971 953 2115 1021 quod

535 1045 680 1100 casia
714 1061 898 1102 cortex
939 1055 1027 1101 est
1073 1045 1450 1110 tenuissimus,
1483 1056 1534 1101 et
1561 1046 1698 1099 bene
1735 1046 1910 1109 olens,
1942 1046 2118 1116 ligno-

535 1154 656 1194 surn
706 1137 1007 1195 obtendens
1054 1138 1351 1195 calamum.
1402 1139 1676 1192 Fortassis
1721 1137 1886 1206 igitur
1936 1140 2116 1193 crucis

531 1231 846 1301 passionem
907 1229 1080 1298 gratia
1151 1232 1419 1284 universae
1481 1237 1745 1282 creatura:
1807 1242 2113 1298 susceptam

537 1322 648 1378 alte
696 1323 850 1376 nobis
901 1338 966 1378 ac
1014 1325 1294 1395 sapienter
1339 1335 1438 1390 per
1486 1321 1646 1375 casia:
1699 1337 1892 1377 nomen
1943 1322 2117 1378 innuit

538 1413 843 1485 Scriptura.
895 1414 1073 1471 Habes
1117 1428 1246 1481 ergo
1299 1414 1578 1483 myrrham
1629 1413 1699 1466 ob
1743 1411 2113 1482 sepulturam,

535 1517 747 1579 guttam
792 1507 861 1562 ob
914 1507 1229 1562 descensum
1277 1504 1342 1558 ad
1392 1503 1595 1560 inferos
1641 1504 2112 1574 (quandoquidem

536 1598 715 1649 omnis
745 1596 995 1648 deorsum
1036 1591 1256 1659 fertur),
1289 1593 1492 1648 casiam
1530 1609 1681 1658 vero,
1727 1595 1797 1648 ob
1846 1595 2030 1649 carnis
2063 1596 2116 1648 in

539 1686 684 1754 ligno
717 1683 1202 1752 dispensationem.
1233 1683 1311 1738 Ex
1339 1684 1441 1741 hac
1469 1694 1648 1739 autem
1679 1699 1844 1739 causa
1875 1683 2116 1739 Delecta-

534 1787 740 1841 verunt,
776 1777 974 1846 inquit,
1007 1788 1054 1832 te
1103 1777 1230 1846 ﬁlice
1271 1795 1447 1849 regum
1496 1779 1549 1830 in
1598 1777 1795 1831 honore
1836 1788 1947 1834 tuo.
1987 1780 2116 1845 Quae

2219 581 2466 654 σμύρνης
2520 585 2618 653 μὲν
2661 581 2749 634 διά
2788 580 2851 634 τὸ
2884 582 3075 647 πάθος,
3122 579 3358 650 στακτῆς
3410 580 3471 633 δὲ
3521 582 3621 636 διὰ
3663 585 3728 636 τὸ
3751 584 3820 652 μὴ

2216 673 2472 744 ἀκίνητον
2525 677 2702 745 μεῖναι
2762 672 2896 744 μηδὲ
2947 674 3307 746 ἀνενέργητον
3354 672 3412 724 ὲν
3459 675 3593 735 ταῖς
3643 674 3821 743 τρισὶν

2216 768 2452 838 ἡμέραις
2479 771 2572 822 καὶ
2591 772 2710 832 ταῖς
2729 767 2876 840 τρισὶ
2903 766 3071 832 νυξὶν,
3101 770 3235 823 ἀλλὰ
3269 765 3558 823 κατελθεῖν
3579 768 3669 829 είς
3696 768 3819 837 ᾅδου

2216 859 2316 930 τῆς
2347 861 2476 932 περὶ
2509 861 2607 932 τὴν
2641 862 2936 916 ἀνάστασιν
2963 863 3274 932 οἰκονομίας
3302 862 3513 922 ἕνεκεν,
3547 859 3649 910 ἵνα
3684 861 3818 928 πλη-

2219 951 2371 1026 ρώσῃ
2423 953 2618 1006 ἑαυτοῦ
2662 955 2729 1008 τὰ
2775 954 3082 1025 σύμπαντα.
3122 954 3371 1019 Κασσίας
3415 955 3476 1008 δὲ
3521 953 3816 1015 ἀποπνέει,

2217 1043 2351 1097 διότι
2381 1047 2412 1115 ἡ
2444 1045 2644 1098 κασσία
2680 1048 2862 1117 φλοιός
2905 1045 2989 1108 τίς
3032 1047 3147 1097 ἐστι
3193 1044 3523 1110 λεπτότατος
3553 1045 3657 1099 καὶ
3689 1040 3820 1095 εύεῶ-

2218 1135 2336 1206 δης,
2373 1133 2593 1199 ξυλώδει
2628 1138 2828 1209 κάρφει
2864 1134 3314 1208 περιτεινόμενος.
3347 1139 3582 1204 Μήποτε
3633 1129 3730 1188 οῦν
3763 1133 3820 1183 τὺ

2217 1226 2314 1280 τοῦ
2344 1228 2579 1300 σταυροῦ
2615 1228 2806 1294 πάθος,
2825 1231 2914 1282 ἐπ’
2935 1226 3224 1300 εὐεργεσίᾳ
3244 1225 3342 1294 τῆς
3372 1229 3615 1292 κτίσεως
3638 1228 3819 1293 πάσης

2220 1323 2596 1392 παραληφθὲν,
2637 1320 2845 1391 βαθέως
2877 1323 3007 1392 ἡμῖν
3039 1322 3131 1375 καὶ
3157 1318 3338 1389 σοφῶς
3365 1321 3393 1370 ὁ
3414 1319 3578 1387 λόγος
3612 1318 3704 1371 διά
3728 1315 3818 1368 τοῦ

2218 1415 2319 1484 τῆς
2350 1417 2582 1479 κασσίας
2607 1414 2867 1484 ὀνόματος
2899 1415 3251 1487 παρῃνίξατο.
3292 1409 3476 1480 Ἔχεις
3509 1409 3610 1464 οὖν
3644 1410 3820 1480 σμύρ-

2217 1525 2315 1561 ναν
2349 1510 2447 1578 μὲν
2477 1510 2565 1563 διὰ
2597 1509 2692 1579 τὴν
2721 1509 2919 1578 ταφὴν,
2953 1507 3189 1579 στακτὴν
3219 1507 3274 1560 δὲ
3305 1504 3393 1558 διὰ
3419 1503 3520 1573 τὴν
3574 1507 3661 1567 εἰς
3693 1505 3820 1574 ᾅδου

2218 1604 2442 1658 κάθοδον
2480 1604 2686 1672 (ἐπειδὴ
2717 1604 2867 1654 πᾶσα
2903 1598 3113 1669 σταγὼν
3144 1600 3237 1652 ἐπὶ
3259 1597 3326 1652 τὰ
3355 1596 3508 1650 κάτω
3533 1596 3818 1664 φέρεται),

2218 1697 2450 1750 κασσίαν
2477 1697 2533 1749 δὲ
2564 1695 2651 1748 διά
2677 1694 2772 1765 τὴν
2803 1693 2906 1764 τῆς
2937 1693 3138 1764 σαρκὸς
3164 1694 3293 1763 περὶ
3318 1690 3378 1744 τὸ
3409 1689 3569 1756 ξύλον
3608 1689 3820 1738 οἰκονο-

2221 1789 2370 1859 μίαν.
2413 1790 2505 1841 Ὲκ
2530 1788 2586 1840 δὲ
2613 1787 2816 1856 ταύτης
2839 1787 2938 1858 τῆς
2964 1785 3142 1848 αίτίας
3177 1781 3502 1855 Εὕφρανάν
3557 1797 3660 1838 σε,
3716 1796 3820 1847 φη-

536 1886 667 1926 vero
704 1870 907 1928 fuerint
951 1872 1074 1927 tilia:
1125 1888 1309 1942 regunt
1356 1872 1456 1925 nisi
1497 1885 1772 1942 generosae
1805 1885 2113 1942 magnzlzqne

2221 1881 2292 1943 a‘t,
2324 1878 2644 1948 θυγατέρες
2659 1877 2970 1942 ,βασιλέων
2995 1877 3064 1932 ἐν
3098 1875 3172 1946 τῇ
3197 1875 3337 1947 τιμῇ
3371 1890 3512 1930 σου.
3559 1869 3816 1937 Θυγατέ-

533 1971 588 2015 et
628 1961 790 2026 regia:
842 1962 1081 2017 animm?
1126 1978 1245 2031 quae
1295 1970 1514 2031 propter
1568 1962 1708 2016 hanc
1761 1963 1827 2016 ad
1877 1964 2109 2017 humana

536 2051 917 2106 demissionem
941 2052 1216 2106 Christum
1239 2063 1656 2124 cognoscentes,
1686 2052 1860 2122 ipsnrn
1885 2053 2113 2107 delecta-

539 2153 732 2197 verunt
762 2143 815 2198 in
853 2145 1079 2211 honore,
1109 2145 1160 2199 in
1190 2159 1316 2199 vera
1346 2145 1452 2200 lide
1476 2154 1531 2198 et
1556 2145 1820 2199 charitate
1848 2142 2111 2213 perfecta,

534 2233 766 2302 gloriam
801 2233 1070 2288 divinitati
1110 2233 1229 2304 ejus
1265 2235 1480 2288 dantes.
1510 2234 1604 2289 Ait
1630 2243 1810 2289 autem
1843 2237 1957 2289 haec
1985 2249 2112 2289 aro-

535 2335 682 2380 mata
713 2341 819 2379 non
851 2339 1010 2394 parce
1043 2325 1228 2380 adesse
1263 2323 1461 2379 Christi
1495 2326 1833 2381 vestimentis
1861 2327 2000 2395 (haec
2029 2334 2114 2382 est

535 2431 844 2470 sermonum
878 2415 1130 2484 parabola
1166 2425 1220 2470 et
1251 2417 1558 2486 dogmatum
1589 2415 1746 2486 167
1777 2417 2113 2487 apparatus),

533 2509 626 2563 sed
649 2525 679 2562 a
706 2507 832 2562 totis
852 2508 1098 2563 adiﬁciis
1123 2505 1322 2562 all‘erri.
1351 2507 1548 2562 Domos
1569 2507 1711 2562 enim
1730 2508 1858 2564 dicit
1884 2510 2113 2566 aedilicia

535 2602 794 2665 maxima,
823 2614 996 2672 eaque
1023 2615 1089 2655 ex
1118 2600 1281 2656 ebore
1311 2608 1626 2656 constructa
1662 2616 1678 2656 :
1710 2600 1931 2656 divitem
1964 2598 2112 2656 illam

532 2695 739 2750 Christi
768 2709 895 2761 erga
928 2693 1185 2748 mundum
1214 2692 1556 2747 dilectionem
1587 2693 1868 2756 edocente,
1897 2693 2111 2762 opinor,

535 2790 825 2857 Propheta.
875 2787 1051 2840 Auiti:
1105 2787 1283 2854 regina
1340 2802 1371 2837 a
1409 2785 1610 2837 dextris
1661 2786 1765 2836 tuis
1815 2785 1869 2836 in
1924 2785 2112 2838 vestitu

533 2887 825 2948 deaurato,
879 2882 1208 2935 circumdata
1266 2880 1537 2935 varietate.
1592 2877 1666 2931 De
1711 2877 1952 2932 Ecclesia
1997 2876 2111 2947 jam

535 2975 698 3029 verba
746 2973 896 3037 facit,
927 2972 995 3027 de
1028 2987 1132 3040 qua
1183 2971 1236 3025 in
1285 2970 1510 3026 Cantico
1559 2968 1843 3024 didicimus
1874 2968 1942 3032 ⁷⁸,
1968 2967 2110 3038 quod

535 3081 640 3118 una
663 3066 736 3119 sit
761 3063 1000 3134 perfecta
1025 3063 1228 3119 Christi
1261 3061 1532 3126 columba,
1567 3075 1688 3130 quae
1710 3075 1808 3115 eos
1837 3059 1928 3129 qui
1955 3059 2113 3114 bonis

534 3157 793 3225 opetibns
826 3155 1107 3226 conspicui
1139 3165 1288 3216 sunt,
1316 3153 1382 3209 ad
1416 3153 1661 3207 dextram
1696 3151 1898 3208 Christi
1931 3149 2112 3207 sedem

2220 1990 2312 2042 ρες
2337 1972 2393 2025 δὲ
2427 1971 2689 2041 βασιλέων
2716 1972 2859 2034 τίνες
2891 1971 2957 2024 ἂν
2983 1967 3090 2023 εἶεν
3116 1970 3148 2040 ἢ
3176 1969 3417 2038 εὐγενεῖς
3443 1967 3540 2019 καὶ
3573 1964 3817 2035 μεγάλαι

2217 2065 2312 2117 καὶ
2347 2061 2621 2133 βασιλικαὶ
2651 2063 2854 2133 ψυχαῖς
2883 2064 2959 2124 αἳ,
2990 2061 3078 2113 διὰ
3104 2061 3203 2129 τὴν
3231 2060 3365 2128 πρὸς
3388 2058 3455 2110 τὰ
3487 2057 3587 2109 ἀνθ
3597 2055 3819 2126 ρὼπινα

2221 2154 2625 2221 συγκατάόασιν
2655 2152 2969 2222 ἐπιγνοῦσαι
2994 2151 3084 2202 τὸν
3113 2148 3369 2219 Χριστὸν,
3400 2145 3690 2218 εὔφραναν
3715 2145 3816 2196 αὖ·

2217 2249 2308 2302 τὸν
2335 2249 2392 2300 ἐν
2422 2251 2488 2319 τῇ
2515 2250 2669 2318 τιμῇ,
2702 2248 2758 2298 ὲν
2787 2244 3013 2316 ἀληθινῇ
3048 2245 3232 2300 πίσςιι
3254 2241 3348 2296 καί
3373 2241 3571 2312 ἀγάπῃ
3595 2239 3818 2310 τελείᾳ,

2216 2340 2534 2406 δοξάζουσαι
2569 2339 2734 2393 αὑτοῦ
2761 2337 2859 2410 τὴν
2891 2337 3142 2410 θεότητι.
3172 2336 3252 2389 Ϊα
3283 2335 3342 2389 δὲ
3372 2332 3654 2405 ἀρώματα
3686 2330 3818 2385 ταῦ-

2218 2450 2285 2486 τα
2324 2432 2385 2486 ού
2427 2430 2766 2504 μικρολόγως
2798 2433 2932 2501 φησὶ
2975 2430 3254 2500 προσεῖναι
3287 2430 3399 2490 τοῖς
3435 2425 3684 2497 ἱματίοις
3719 2423 3815 2476 τοῦ

2218 2525 2458 2599 Χριστοῦ
2495 2525 2818 2598 (τουτέστιν,
2851 2528 2883 2598 ἡ
2917 2523 3204 2595 παραϐολὴ
3232 2523 3341 2591 (95)
3374 2521 3482 2572 τῶν
3517 2520 3701 2586 λόγων
3724 2519 3818 2570 καὶ

2220 2623 2254 2692 ἡ
2279 2619 2389 2674 τῶν
2410 2619 2699 2690 δογμάτων
2723 2615 3078 2684 κατασκευὴ),
3115 2613 3230 2666 ἀλλ’
3266 2611 3374 2666 ἀπὸ
3417 2610 3558 2662 ὅλων
3589 2609 3707 2661 τῶν
3740 2609 3818 2661 oi-

2221 2712 2619 2782 κοδομημάτων
2655 2709 2938 2779 φέρεσθαι.
2972 2705 3171 2775 Βάρεις
3201 2703 3310 2775 γάρ
3351 2703 3479 2766 τοὺς
3515 2701 3818 2771 μεγίστους

2216 2802 2325 2854 τῶν
2353 2801 2514 2853 οἴκων
2547 2800 2696 2868 λέγει
2722 2799 2856 2870 (96),
2888 2797 2982 2852 καὶ
3011 2796 3230 2860 τούτους
3266 2795 3324 2860 ἐξ
3351 2795 3648 2862 ἐλέφαντος
3681 2790 3822 2846 εἶναι

2218 2893 2782 2963 κατεσκευασμένους,
2812 2892 2874 2946 τὸ
2904 2890 3177 2954 πλούσιον,
3210 2886 3385 2961 οἶμαι,
3406 2887 3510 2958 τῆς
3544 2887 3641 2939 τοῦ
3680 2889 3818 2955 Χρι-

2219 2982 2345 3037 στοῦ
2371 3001 2437 3037 πε
2447 2983 2501 3054 pl
2521 2985 2613 3037 τὸν
2637 2984 2840 3056 κόσμον
2867 2983 3088 3054 ἀγάπης
3113 2981 3207 3035 τοῦ
3236 2980 3517 3051 προφήτου
3543 2979 3822 3030 διδάσκον-

2217 3090 2328 3138 τος.
2383 3076 2659 3143 Παρέστη
2716 3074 2754 3141 ἡ
2799 3073 3145 3138 ,βασίλισσα
3178 3071 3244 3122 ἐκ
3284 3067 3499 3131 δεξιῶν
3559 3080 3708 3129 σου,
3751 3065 3821 3119 ἐν

2221 3166 2512 3236 ἱματισμῷ
2549 3167 2855 3234 διαχρύσῳ
2896 3158 3385 3230 περιϐεϐλημένη,
3424 3157 3815 3226 πεποικιλμέ-

536 3250 795 3314 admittit,
829 3266 1122 3321 segregans
1158 3251 1306 3320 ipsos
1349 3263 1378 3304 a
1416 3250 1619 3320 pravis,
1646 3249 1788 3304 sicut
1818 3257 2001 3319 pastor
2029 3262 2113 3303 se-

2218 3278 2314 3328 νη.
2346 3261 2480 3330 Περὶ
2503 3260 2600 3328 τῆς
2641 3255 2963 3324 Ἐκκλησίας
2997 3254 3098 3325 ἤδη
3126 3251 3454 3321 διαλέγεται,
3490 3252 3624 3322 περὶ
3657 3247 3730 3322 ἧς
3759 3253 3820 3304 ὲν

533 3351 725 3409 grcgat
750 3355 880 3396 oves
911 3343 978 3396 ab
1009 3342 1174 3396 haedis
1212 3341 1281 3395 7‘.
1312 3343 1468 3396 Astat
1497 3341 1663 3411 igitur
1691 3340 1900 3410 regina,
1935 3339 2114 3393 anima

535 3433 783 3487 videlicet
825 3433 1064 3500 sponsali
1113 3431 1290 3485 Verbo
1328 3433 1600 3501 copulata,
1638 3433 1845 3501 peccati
1889 3431 2116 3498 imperio

536 3527 679 3580 haud
717 3525 984 3596 subjecta,
1013 3523 1108 3579 sed
1135 3524 1282 3594 regni
1307 3523 1512 3578 Christi
1535 3525 1830 3594 particeps,
1859 3535 1888 3574 ε
1910 3521 2115 3575 dextris

537 3619 844 3674 Salvatoris
873 3618 927 3672 in
953 3615 1154 3672 vestitu
1189 3616 1469 3679 deaurato,
1507 3617 1608 3670 hoc
1635 3625 1740 3681 est,
1774 3616 1826 3668 in
1858 3614 2116 3684 spiritua-

537 3713 680 3766 libus
711 3713 1076 3780 dogmatibus,
1110 3710 1287 3779 iisque
1330 3709 1641 3764 intertextis
1683 3724 1747 3762 ac
1778 3707 2067 3777 variegatis
2097 3726 2112 3764 :

535 3802 735 3870 quippe
788 3816 908 3870 qua:
956 3811 1180 3855 venuste
1229 3809 1284 3854 et
1331 3799 1581 3868 religiose
1620 3812 1678 3853 se
1718 3798 1830 3866 ipsa
1866 3809 2112 3853 exornet.

533 3894 804 3961 Quoniam
849 3902 1030 3947 autem
1075 3909 1180 3948 non
1230 3892 1389 3946 unius
1436 3892 1635 3960 speciei
1676 3901 1802 3945 sunt
1839 3889 2113 3961 dogmata,

533 3988 630 4041 sed
661 3986 878 4041 diversa
899 3987 1177 4057 variaque,
1203 3985 1438 4041 morales
1464 4001 1528 4040 ac
1558 3984 1826 4039 naturales
1847 3991 1901 4038 et
1927 3984 2113 4054 mysti-

534 4093 630 4134 cos
656 4093 937 4134 sermones
967 4079 1409 4148 complectentia,
1439 4077 1644 4133 idcirco
1675 4077 1949 4146 Scriptura
1975 4075 2107 4130 dicit

535 4187 750 4239 sponsae
783 4172 1035 4227 vestitum
1071 4173 1404 4241 variegatam
1438 4186 1580 4226 esse.

2218 3351 2296 3422 τῷ
2325 3351 2562 3421 ’ᾼσματι
2613 3348 3034 3419 μεμαθήκαμεν,
3076 3347 3158 3399 ὅτι
3212 3345 3309 3416 μία
3347 3344 3465 3398 ἐστὶ
3497 3344 3686 3396 τελεία
3720 3344 3818 3395 τοῦ

2219 3440 2458 3513 Χριστοῦ
2486 3439 2802 3511 περιστερὰ,
2842 3439 2963 3510 ἣτις
3006 3440 3086 3502 είς
3118 3438 3216 3509 τὴν
3258 3435 3438 3502 δεξιὰν
3478 3433 3666 3505 χώραν
3705 3433 3818 3502 (97)

2218 3535 2311 3587 τοῦ
2347 3533 2586 3607 Χριστοῦ
2617 3533 2884 3605 λαμὸάνει
2915 3535 3042 3597 τοὺς
3073 3534 3160 3587 ἐπ’
3192 3533 3372 3605 ἔργοις
3408 3529 3636 3596 ἀγαθοῖς
3669 3546 3816 3595 γνω-

2221 3624 2563 3698 ριζομένους,
2605 3626 2957 3698 διακρίνουσα
3007 3625 3114 3680 ἀπὸ
3141 3625 3249 3678 τῶν
3279 3623 3516 3694 φαύλων,
3561 3621 3759 3691 ὣσπερ
3789 3623 3819 3672 ό

2216 3717 2421 3789 ποιμὴν
2454 3718 2718 3787 διακρίνει
2749 3718 2877 3780 τοὺς
2916 3717 3085 3787 ἄρνας
3126 3715 3233 3767 ἀπὸ
3265 3712 3372 3766 τῶν
3401 3713 3628 3783 ἐρίφων.
3663 3713 3818 3781 Παρ-

2218 3807 2431 3861 ἱσταται
2470 3804 2562 3862 οὖν
2594 3810 2627 3874 ἡ
2663 3806 2970 3877 βασίλισσα,
3017 3806 3051 3875 ἡ
3099 3803 3175 3874 τῷ
3206 3801 3465 3874 νυμφικῷ
3510 3801 3669 3870 Λόγῳ
3700 3801 3812 3870 (98)

2213 3898 2641 3970 καθηρμοσμένη
2693 3897 2859 3969 ψυχὴ,
2921 3899 2955 3968 ἡ
3009 3897 3080 3967 μὴ
3117 3894 3506 3966 βασιλευομένη
3554 3894 3660 3948 ὑπὸ
3710 3894 3814 3962 τῆς

2210 3985 2506 4057 ἁμαρτίας,
2543 3985 2678 4039 ἀλλά
2708 3985 2808 4054 τῆς
2833 3985 2927 4038 τοῦ
2956 3985 3192 4058 Χριστοῦ
3230 3984 3510 4055 βασιλείας
3544 3984 3814 4054 μετέχου-

2215 4093 2302 4141 σα,
2343 4079 2406 4130 ὲκ
2447 4075 2637 4141 δεξιῶν
2677 4076 2772 4130 τοῦ
2811 4077 3064 4148 Σωτῆρος
3091 4078 3147 4129 ὲν
3188 4075 3463 4147 ἱματισμῷ
3489 4075 3811 4145 διαχρύσῳ·

2213 4170 2517 4233 τουτέστιν,
2552 4171 2609 4223 ὲν
2638 4170 2868 4240 δόγμασι
2890 4173 3096 4242 νοεροῖς
3119 4170 3562 4240 καθυφασμένοις
3589 4170 3685 4222 καὶ
3721 4184 3811 4219 πει

534 4260 925 4328 ποικιλμένοις,
960 4260 1204 4328 σοϐαρῶς
1234 4260 1431 4330 ἑαυτὴν
1465 4260 1557 4312 καὶ
1583 4259 1924 4330 ἱεροπρεπῶς
1947 4260 2395 4330 κατακοσμοῦσα.
2438 4262 2651 4331 Ἐπειδὴ
2717 4262 2775 4315 δὲ
2834 4264 2896 4315 ού
2961 4263 3204 4334 μονοειδῆ
3262 4263 3329 4316 τὰ
3367 4263 3634 4333 δόγματα,
3669 4261 3808 4314 ἀλλά

533 4353 754 4407 ποικίλα
786 4351 1234 4422 καὶππολύτροπα,
1271 4350 1496 4420 ὴθικούς
1523 4367 1583 4402 τε
1613 4351 1706 4402 καὶ
1740 4351 2002 4417 φυσικοὺς
2027 4352 2121 4402 καὶ
2157 4351 2284 4413 τοὺς
2327 4352 2658 4414 ἐποπτικοὺς
2695 4351 3018 4421 λεγομένους
3082 4352 3405 4422 περιέχοντα
3465 4351 3680 4418 λόγους,
3722 4352 3811 4406 διὰ

530 4442 690 4498 τοῦτο
720 4442 1140 4513 πεποικιλμένον
1165 4437 1304 4495 εἶναι
1333 4440 1423 4493 τὸν
1454 4438 1745 4508 ἱματισμὸν
1773 4438 1871 4508 τῆς
1895 4437 2115 4507 νύμφης
2152 4441 2179 4490 ὁ
2205 4437 2361 4506 λόγος
2387 4439 2569 4508 φησίν.

604 4541 690 4596 10.
735 4537 898 4593 Vsus.
933 4540 1021 4606 il,
1070 4537 1155 4591 ιε.
1197 4537 1360 4602 Audi,
1397 4535 1535 4603 ﬁlia,
1573 4544 1620 4587 et
1657 4535 1796 4596 vide,
1831 4544 1876 4586 et
1909 4534 2111 4586 inclina

2289 4535 2374 4587 i0.
2423 4537 2749 4598 Ἄκουσον,
2787 4534 3060 4604 θύγατερ,
3125 4535 3223 4590 καὶ
3274 4535 3393 4595 ἴδε,
3440 4536 3540 4588 καὶ
3592 4538 3810 4591 κλῖνον

534 4651 715 4690 aurem
743 4645 911 4695 tuam,
940 4642 990 4690 et
1015 4632 1313 4686 obliviscere
1344 4629 1593 4699 populum
1623 4641 1792 4690 tuum,
1820 4637 1868 4682 et
1893 4627 2109 4680 domum

533 4728 699 4797 patris
734 4728 849 4780 tui:
891 4737 938 4780 et
986 4727 1313 4789 concupiscet
1355 4738 1447 4777 rex
1492 4724 1726 4776 decorem
1765 4732 1910 4775 tuum
1937 4735 1954 4774 .'
1980 4735 2111 4787 quo-

532 4822 678 4876 niam
726 4822 833 4887 ipse
887 4830 961 4873 est
1020 4819 1276 4872 Dominus
1324 4826 1478 4884 tuus,
1525 4826 1573 4870 et
1623 4815 1916 4868 adorabunt
1965 4826 2106 4867 eum.

604 5023 650 5055 ⁷³
680 5024 840 5079 Cant.
875 5037 950 5086 vt,
977 5021 1031 5076 8.
1106 5019 1154 5053 “
1180 5019 1369 5076 Matth.
1399 5036 1526 5087 xxv,
1563 5022 1651 5077 52.

611 5205 1111 5275 (95)Combeﬁsius
1162 5204 1348 5260 multis
1406 5203 1644 5275 probare
1703 5208 1955 5275 conatur,
2015 5211 2114 5275 pro

540 5267 819 5349 παραϐολή
854 5277 1136 5344 legendum
1179 5292 1298 5349 esse
1353 5267 1614 5349 πέρῷολῂ
1654 5291 1665 5324 :
1705 5271 1798 5324 sed
1831 5286 1953 5323 cum
1983 5267 2114 5321 editi

537 5365 581 5396 ιιι
615 5343 781 5402 nostri
810 5343 937 5401 orto
969 5363 1099 5401 mss.
1147 5358 1195 5399 et
1230 5343 1437 5402 Catena
1465 5343 1688 5396 Corder.
1718 5357 1904 5393 vocem
1939 5355 2116 5409 παρα-

539 5421 669 5490 ϐολή
688 5427 1002 5472 constanter
1025 5418 1340 5485 prml'erant,
1370 5416 1516 5468 illius
1549 5411 1918 5479 conjecturam
1945 5427 2115 5479 quan-

539 5490 740 5544 tumvis
770 5493 960 5541 bonam
983 5491 1151 5542 secuti
1186 5505 1291 5540 non
1324 5500 1528 5539 sumus.

612 5561 724 5626 (9‘5)
756 5560 928 5613 Editio
967 5559 1132 5612 Basil.
1173 5569 1220 5612 ct
1265 5570 1470 5625 St‘ptt’m
1521 5569 1651 5607 mss.
1687 5554 1885 5623 Βάρεις
1926 5552 2032 5626 γᾲρ
2067 5551 2115 5602 οἱ

545 5624 788 5697 μέγιστοι
835 5631 942 5681 τῶν
999 5630 1161 5682 οἴκων
1214 5624 1482 5696 λέγονται.
1521 5627 1588 5680 At
1636 5626 1801 5677 editio
1856 5624 2030 5678 Paris.
2063 5633 2116 5674 et

539 5706 579 5754 (ζ
625 5717 744 5753 lena
787 5701 1005 5754 Corder.
1045 5713 1100 5751 nt
1130 5703 1179 5751 in
1219 5709 1499 5752 contextu.

615 5773 726 5828 «97)
765 5773 966 5822 lttzrsns
990 5772 1201 5836 conjii-it
1250 5766 1609 5821 (Iotnbeﬁsins
1645 5781 1740 5830 pro
1795 5763 1974 5828 δεξιὰν
2007 5761 2112 5830 χὼ-

537 5863 637 5912 μίν
674 5843 952 5913 legendum
995 5857 1112 5898 esse
1142 5841 1323 5904 δεξιὰν
1356 5841 1513 5908 χεῖρα
1539 5852 1547 5862 ⁸
1577 5837 1668 5889 sed
1699 5848 1819 5889 cum
1857 5837 1941 5889 hic
1972 5851 2107 5903 quo-

2217 4626 2282 4680 τὸ
2314 4622 2424 4691 οὖς
2454 4643 2592 4689 σου,
2639 4629 2738 4682 καὶ
2763 4629 3051 4683 ἐπιλάθου
3082 4629 3186 4682 τοῦ
3207 4629 3360 4683 λαοῦ
3397 4645 3534 4689 σου,
3569 4630 3668 4682 καὶ
3703 4631 3808 4683 τοῦ

2216 4715 2385 4770 οἴκου
2409 4716 2513 4770 τοῦ
2531 4717 2752 4784 πατρός
2779 4731 2895 4770 σου
2912 4733 2924 4746 ·
2951 4717 3050 4770 καὶ
3071 4716 3424 4786 ἐπιθυμήσει
3448 4719 3480 4768 ό
3498 4715 3810 4781 βασιλεὺς

2217 4809 2322 4863 τοῦ
2345 4808 2612 4877 κάλλους
2637 4825 2752 4864 σου
2771 4827 2784 4840 ·
2821 4809 2910 4864 ὅτι
2935 4811 3114 4877 αὐτός
3139 4810 3268 4864 ἐστι
3297 4811 3513 4878 Κύριός
3539 4825 3682 4878 σου,
3711 4812 3810 4863 καί

2225 5213 2330 5266 que
2353 5211 2406 5254 et
2431 5203 2557 5258 editi
2582 5212 2636 5257 et
2665 5196 2836 5253 nostri
2879 5202 3000 5248 octo
3025 5208 3157 5248 mss.
3206 5202 3271 5266 et
3309 5194 3519 5249 Catena
3565 5193 3798 5248 Corder.

2227 5265 2496 5338 vulgatam
2563 5272 2852 5329 lectionem
2911 5275 3185 5329 tueantur,
3231 5265 3298 5318 ab
3337 5280 3398 5318 ea
3433 5266 3802 5318 recedendum

2226 5356 2333 5393 non
2366 5344 2695 5408 putavimus.

2297 5405 2409 5481 (98)
2452 5412 2600 5468 Fecit
2630 5410 2848 5481 quidem
2885 5422 2984 5481 suo
3014 5421 3161 5462 more
3190 5405 3656 5481 Gombeﬂsius,_ut
3691 5406 3798 5481 ali-

2223 5483 2351 5549 quid
2391 5476 2718 5535 'tnntanilnnt
2779 5478 3083 5546 suspicetur
3121 5497 3133 5531 :
3179 5478 3272 5549 sed
3300 5476 3424 5549 _|I_ic_
3471 5476 3796 5549 modestius,

2215 5545 2377 5613 quam
2409 5556 2564 5605 solet.
2599 5551 2820 5606 Dubitat
2849 5550 3012 5615 igitur
3052 5564 3175 5600 num
3211 5547 3311 5612 legi
3345 5547 3538 5597 debeat
3571 5545 3800 5616 νυμφίῳ

2215 5623 2393 5691 Λόγῳ,
2427 5623 2628 5682 Sponsa
2671 5621 2853 5679 Verbo,
2906 5634 3001 5691 pro
3057 5616 3311 5691 νυμφικῷ
3347 5615 3797 5691 Λόγῳηεροιιεηίι

2228 5679 2412 5746 vei-55.
2459 5679 2561 5746 Sed
2591 5706 2646 5746 ut
2683 5694 2817 5746 alias
2853 5679 3069 5759 saipius,
3111 5679 3191 5742 ita
3217 5679 3302 5742 hic
3333 5696 3385 5740 et
3413 5679 3542 5740 editi
3574 5695 3629 5738 ει
3658 5703 3792 5740 mss.

2212 5767 2258 5817 ei
2300 5767 2677 5819 adtet'santnr.
