4016 6458
256 392 370 446 ⁴09

1384 400 1674 457 ΙΙΟΜΙΙ.1Λ
1715 402 1782 457 IN
1823 403 2152 460 PSAUIL‘M
2189 405 2371 464 XLIV.

3412 425 3514 476 illi

255 507 981 575 προσκυνήσουσιν-αὐτῷ
1009 510 1119 581 (99)
1165 513 1566 585 Προσκαλεῖται
1590 518 1690 587 τὴν
1723 520 1824 572 Ἐκ·

1949 523 2283 578 Ειιιοηιιιιιι·
2327 526 2626 584 Ecclesiam
2692 527 2760 581 ad
2822 529 3091 584 audienda
3145 536 3523 590 servandmue

257 601 490 671 γλησίαν
518 599 610 654 ἐπὶ
637 602 733 672 τὴν
760 603 1024 673 ἀκρόασιν
1045 602 1140 656 καὶ
1153 605 1250 677 τὴν
1266 610 1495 678 τήρησιν
1525 608 1632 660 τῶν
1663 626 1834 680 προσο

254 690 627 761 τασσομένων,
656 695 750 746 καὶ
777 694 1204 762 προσο.κειοῦται
1240 699 1408 768 αὐτὴν
1430 699 1518 751 διὰ
1543 700 1640 770 τῆς
1670 718 1838 772 προσ-

254 782 504 854 ηγορίας,
547 785 820 855 θυγατέρα
862 785 1031 856 αὐτὴν
1064 789 1487 860 προσαγορεύων
1518 792 1632 861 (1)·
1671 794 1836 848 οἱονεὶ

251 876 736 945 τεκνοποιούμενος
769 877 937 948 αὐτὴν
977 879 1063 934 διὰ
1103 883 1200 954 τῆς
1243 881 1484 952 ἀγάπης.
1523 887 1837 950 Ἄκουσον,

253 968 526 1036 θύγατερ,
578 967 674 1020 καὶ
730 967 838 1023 ῖδε.
895 971 1144 1026 Διδάσκει
1182 972 1351 1043 αὐτὴν
1391 976 1841 1048 γεγυμνασμένον

253 1058 400 1127 ἔχειν
422 1058 514 1109 τὸν
541 1057 663 1112 νοῦν
686 1059 820 1130 πρὸς
853 1058 1083 1133 θεωρίαν
1121 1062 1208 1114 διὰ
1237 1061 1354 1128 τοῦ,
1392 1066 1522 1120 Ἴδε.
1555 1066 1840 1136 Κατανόη-

254 1165 370 1213 σον,
401 1151 554 1220 φησὶ,
586 1150 683 1221 τὴν
717 1151 912 1219 κτίσιν,
957 1155 1050 1208 καὶ
1075 1154 1417 1226 ὠφεληθεῖσα
1454 1159 1565 1212 ἀπὸ
1588 1158 1686 1228 τῆς
1719 1159 1838 1211 κατ’

251 1242 426 1312 αὐτὴν
463 1242 685 1307 τάξεως,
723 1243 895 1309 οὓτως
923 1245 1176 1300 ἀνάϐαινε
1231 1251 1368 1322 πρὸς
1409 1251 1508 1322 τὴν
1565 1249 1660 1303 τοῦ
1717 1251 1835 1306 κτί-

253 1351 446 1398 σαντος
492 1336 740 1408 θεωρίαν.
787 1333 920 1390 Εἶτα
963 1337 1228 1410 κάμπτων
1272 1343 1442 1412 αὐτῆς
1496 1341 1588 1394 τὸν
1635 1342 1840 1414 ὑψηλὸν

249 1427 352 1497 τῆς
395 1427 712 1493 ἀλαζονείας
757 1429 1042 1500 τράχηλον,
1093 1433 1337 1497 κλῖνον,
1394 1433 1546 1502 φησὶ.
1598 1434 1662 1488 τὸ
1705 1431 1817 1502 οὖς

248 1538 389 1575 σου.
452 1524 540 1591 Μὴ
602 1523 924 1595 ἁποδράμῃς
977 1527 1110 1595 πρὸς
1145 1527 1272 1588 τοὺς
1307 1527 1412 1592 ἔξω
1448 1525 1669 1596 μύθους,
1701 1528 1838 1582 ἀλλὰ

249 1616 544 1678 κατάδεξαι
596 1615 656 1666 τὸ
696 1617 948 1670 ταπεινὸν
981 1617 1079 1686 τῆς
1123 1619 1179 1668 ἐν
1214 1617 1290 1687 τῷ
1330 1619 1669 1692 εὐαγγελικῷ
1691 1622 1837 1694 λόγῳ

248 1707 468 1776 φωνῆς’
502 1706 724 1761 Κλῖνον
749 1708 814 1760 τὸ
852 1705 962 1774 οὖς
995 1723 1112 1761 σου
1146 1707 1282 1779 πρὸς
1315 1710 1411 1782 τὴν
1443 1704 1546 1765 ὧδε
1576 1712 1834 1770 διδασκα-

246 1797 392 1864 λίαν,
432 1799 517 1854 ἵνα
554 1800 786 1872 ἐπιλάϐῃ
813 1800 922 1852 τῶν
957 1800 1247 1873 μοχθηρῶν
1295 1803 1434 1858 ἐθῶν
1476 1806 1699 1860 ἐκείνων
1737 1809 1834 1863 καὶ

1945 626 2235 686 pramepta,
2263 631 2491 687 eamque
2528 622 2629 676 sibi
2673 620 2787 690 ipsa
2823 620 3186 690 appellatione
3215 621 3433 676 asciscit
3467 623 3521 676 in

1945 707 2391 775 familiaritatem,
2431 709 2572 765 illam
2627 712 2906 784 appellans
2957 713 3152 780 tiliam;
3199 714 3352 782 quasi
3401 730 3520 767 cum

1942 799 2042 854 sibi
2075 814 2172 866 pro
2202 801 2306 853 lilia
2341 816 2437 869 per
2465 802 2784 860 charitatem
2814 802 3150 874 adoptasset.
3185 806 3349 867 Audi,
3379 806 3520 873 ﬁlia,

1941 903 1990 945 et
2026 892 2162 945 vide.
2200 891 2366 947 Docet
2414 893 2516 948 hoc
2559 897 2744 962 verbo,
2783 896 2939 959 Vide,
2974 896 3271 953 Ecclesiam
3322 897 3524 951 habere

1945 991 2178 1036 mentem
2222 983 2288 1036 ad
2339 985 2850 1053 contemplationem
2908 989 3288 1046 exercitatam.
3331 988 3522 1044 Consi-

1943 1074 2094 1140 dera,
2127 1074 2323 1144 inquit,
2359 1091 2445 1128 res
2483 1083 2700 1131 creatas
2733 1089 2897 1146 atque
2932 1079 3127 1134 intuitu
3164 1081 3369 1135 ordinis
3398 1080 3520 1134 illa-

1944 1179 2063 1218 rum
2093 1167 2302 1237 adjuta,
2337 1166 2407 1220 ita
2441 1166 2658 1222 demum
2685 1171 2751 1220 ad
2781 1169 3060 1239 ipsiusmet
3083 1170 3358 1226 Creatoris
3383 1187 3516 1226 con-

1943 1256 2348 1324 templationem
2384 1259 2638 1313 ascende.
2673 1259 2876 1313 Deinde
2908 1260 3073 1314 altum
3109 1259 3375 1332 superbia:
3405 1261 3518 1315 col-

1942 1343 2049 1399 lum
2080 1348 2379 1416 inﬂectens,
2410 1349 2648 1414 lnclina.
2672 1349 2868 1420 inquit,
2890 1368 3069 1406 aurem
3097 1363 3262 1414 tuam.
3291 1355 3368 1412 Ne
3393 1371 3522 1410 cur-

1939 1452 2032 1492 ras
2084 1439 2153 1494 ad
2203 1449 2458 1498 externas
2513 1441 2748 1508 fabulas,
2786 1441 2882 1497 sed
2933 1441 3189 1497 humilem
3246 1448 3516 1502 sermonis

1937 1537 2235 1609 evangelici
2267 1552 2452 1592 vocem
2500 1541 2714 1609 suscipe
2752 1556 2767 1594 :
2805 1538 3013 1593 lnclina
3050 1556 3231 1594 aurem
3269 1551 3409 1594 tuam
3447 1545 3513 1597 ad

1938 1624 2080 1679 hanc
2119 1625 2446 1690 doctrinam,
2479 1635 2537 1680 ut
2585 1627 2917 1681 obliviscare
2963 1641 3253 1696 pravarum
3303 1628 3512 1681 illarum

1937 1717 2395 1773 consuetudinum
2441 1727 2604 1787 atque
2648 1729 2998 1789 paternorqu
3041 1719 3510 1774 documentorum.

1936 1808 2278 1879 Quapropter
2329 1806 2646 1864 Obliviscere
2695 1809 2945 1879 populum
2995 1819 3167 1873 tuum,
3201 1825 3247 1862 et
3297 1811 3510 1864 domum

243 1892 356 1942 τῶν
390 1893 673 1962 πατρικῶν
703 1893 1052 1964 διδαγμάτων
1085 1896 1186 1966 (2).
1232 1899 1323 1952 Διὸ
1357 1899 1683 1955 Ἐπιλὰθου
1721 1902 1824 1956 τοῦ

1932 1902 2098 1971 patris
2130 1903 2227 1956 tui.
2252 1901 2436 1956 Omnis
2463 1903 2606 1957 enim
2633 1905 2725 1973 qui
2747 1906 2874 1974 Iacit
2899 1915 3189 1973 peccatum,
3213 1921 3277 1958 ea:
3299 1905 3511 1959 diabolo

243 1983 402 2036 λαοῦ
431 1998 566 2051 σου,
604 1985 702 2038 καὶ
745 1985 850 2040 τοῦ
895 1987 1065 2042 οἴκου
1113 1990 1221 2044 τοῦ
1261 1993 1483 2058 πατρός
1522 2009 1658 2048 σου.
1703 1992 1828 2060 Πᾶς

245 2075 357 2146 γὰρ
385 2078 417 2129 d
442 2075 629 2130 ποιῶν
646 2076 760 2146 τὴν
778 2077 1072 2148 ἁμαρτίαν
1089 2080 1158 2133 ἐκ
1192 2081 1297 2133 τοῦ
1321 2080 1604 2134 διαϐόλου
1626 2082 1829 2150 γεγέν-

245 2184 443 2233 νηται.
493 2169 729 2221 Ἔκϐαλέ
777 2187 886 2240 μοι,
923 2171 1078 2241 φησὶ,
1124 2169 1218 2233 τὰς
1245 2170 1352 2224 τῶν
1380 2170 1650 2242 δαιμόνων
1680 2171 1828 2224 διδα-

247 2257 498 2320 σκαλίας,
540 2257 794 2310 ἐπιλάθου
829 2259 1048 2323 θυσιῶν,
1099 2259 1318 2331 χορείας
1348 2261 1692 2334 νυκτερινῆς,
1735 2260 1830 2332 μύ-

245 2348 358 2401 θων
401 2351 481 2412 είς
515 2349 769 2421 πορνείαν
801 2352 894 2404 καὶ
930 2352 1109 2405 πᾶσαν
1144 2353 1430 2424 ἀσέλγειαν
1473 2355 1824 2409 ἐκκαιόντων.

242 2442 348 2495 Διὰ
377 2441 532 2494 τοῦτο
558 2442 831 2515 θυγατέρα
873 2462 931 2498 σε
976 2447 1211 2517 ἐμαυτοῦ
1249 2449 1691 2521 προσηγόρευσα,
1737 2451 1825 2504 ἵνα

249 2535 490 2608 μισήσῃς
513 2536 604 2589 τὸν
633 2539 845 2608 πατέρα
874 2539 964 2591 τὸν
994 2540 1260 2610 πρότερόν
1297 2557 1354 2592 σε
1384 2543 1721 2610 γεννήσαντα
1748 2545 1828 2608 είς

242 2627 541 2683 ἀπώλειαν.
598 2629 725 2683 Ἐάν
761 2630 870 2701 γὰρ
907 2630 996 2683 διὰ
1028 2630 1128 2700 τῆς
1156 2631 1328 2704 λήθης
1352 2632 1658 2705 ἀπαλείψῃς
1701 2635 1829 2697 τοὺς

244 2722 472 2786 σπίλους
515 2725 623 2778 τῶι
676 2723 928 2795 πονηρῶν
976 2723 1334 2795 μαθημάτων,
1375 2723 1722 2779 ἀπολαϐοῦσα
1765 2726 1827 2779 τὺ

243 2816 380 2869 ἴδιον
415 2817 615 2885 ἑαυτῆς
646 2816 861 2880 κάλλος,
899 2817 1208 2888 ἐπιθυμητὴ
1245 2819 1464 2889 φανήσῃ
1495 2817 1573 2887 τῷ
1607 2817 1827 2887 νυμφίῳ

243 2906 340 2958 καὶ
407 2904 635 2973 βασιλεῖ.
686 2906 804 2957 ’Ότι
856 2907 1038 2969 αὐτός
1084 2906 1215 2958 ἐστι
1275 2907 1488 2974 Κύριός
1529 2921 1666 2970 σου,
1727 2905 1828 2959 καί

242 2995 786 3064 προσκυνήσουσιν
810 2995 968 3062 αὐτῷ
991 2996 1089 3068 (5).
1129 2996 1203 3049 Τὸ
1234 2997 1529 3065 ἀναγκαῖον
1565 2997 1658 3066 τῆς
1691 2999 1825 3051 ὐπο-

239 3088 413 3158 ταγῆς
441 3086 742 3159 παραδηλοῖ
778 3087 866 3141 διὰ
903 3087 1016 3150 τοῦ,
1053 3089 1243 3155 Αὐτός
1269 3088 1399 3141 ἐστι
1429 3090 1649 3157 Κύριός
1683 3105 1821 3144 σου.

242 3180 753 3248 Προσκυνήσουσι
777 3179 847 3233 δὲ
872 3177 1032 3244 αὐτῷ
1066 3179 1162 3247 (4),
1196 3181 1345 3232 πᾶσα
1379 3180 1412 3250 ἡ
1442 3179 1636 3242 κτίσις.
1679 3179 1825 3232 Διότι

1933 1995 2090 2041 natus
2128 1997 2202 2041 est
2229 1988 2297 2044 ⁷⁵.
2331 1988 2536 2056 Abjice,
2582 1989 2787 2059 inquit,
2833 1992 3140 2045 daemonum
3197 1992 3510 2058 doctrinas,

1929 2079 2252 2135 obliviscere
2277 2081 2692 2148 sacriﬁciorum,
2724 2090 3007 2137 nocturna:
3038 2084 3273 2150 choreae,
3305 2085 3514 2140 fabula-

1931 2188 2049 2226 rum
2079 2173 2146 2226 ad
2180 2179 2424 2242 stuprum
2474 2181 2526 2227 et
2576 2189 2792 2228 omnem
2840 2172 3117 2230 libidinem
3169 2175 3510 2230 inﬂamman-

1931 2265 2086 2319 tium.
2126 2265 2332 2321 Idcirco
2369 2274 2421 2321 te
2468 2266 2571 2320 mei
2625 2267 2796 2335 ipsius
2842 2266 3006 2322 tiliam
3050 2270 3259 2332 vocavi,
3295 2281 3355 2323 ut
3383 2282 3508 2324 eum

1928 2367 2206 2426 parentem
2255 2357 2467 2420 oderis,
2491 2356 2586 2428 qui
2634 2365 2685 2411 te
2730 2358 2879 2427 prius
2918 2359 2984 2412 ad
3019 2360 3376 2428 perditionem
3415 2374 3508 2430 ge-

1928 2457 2139 2503 nuerat.
2180 2448 2387 2504 Etenim
2431 2450 2476 2504 si
2519 2465 2616 2520 per
2652 2449 2980 2506 oblivionem
3023 2451 3260 2506 maculas
3309 2468 3504 2520 pravo-

1929 2556 2049 2595 rum
2089 2539 2540 2595 documentorum
2593 2540 2880 2605 deleveris,
2923 2551 3016 2596 tuo
3055 2542 3271 2610 proprio
3309 2543 3507 2597 decore

1928 2639 2228 2702 assumpto,
2263 2629 2640 2688 desiderabilis
2688 2632 2978 2701 apparebis
3025 2647 3226 2702 sponso
3266 2642 3322 2689 et
3365 2633 3501 2706 regi.

1930 2722 2193 2788 Quoniam
2219 2725 2328 2793 ipse
2349 2733 2423 2778 est
2452 2723 2709 2779 Dominus
2739 2735 2882 2791 tuus,
2908 2735 2955 2780 et
2983 2725 3278 2780 adorabunt
3309 2728 3501 2794 ipsum.

1927 2813 2315 2869 Necessitatem
2385 2817 2704 2872 ohedientia:
2771 2819 3042 2883 declarat,
3104 2821 3190 2874 bis
3247 2819 3429 2874 verbis
3484 2838 3498 2876 :

1928 2906 2049 2977 Ipse
2094 2918 2169 2961 est
2211 2906 2469 2962 Dominus
2521 2917 2664 2963 tuus.
2718 2907 3026 2964 Adorobunt
3081 2919 3255 2964 autem
3304 2914 3500 2982 ipsum,

1927 3015 2118 3068 nempe
2139 3013 2327 3054 omnes
2353 3015 2438 3054 res
2459 3009 2674 3055 creatas.
2694 2999 2828 3056 Nam
2849 2999 2914 3055 In
2937 3004 3144 3058 nomine
3158 3004 3283 3058 Jesu
3303 3002 3502 3059 Christi

1927 3106 2078 3145 omne
2107 3107 2242 3160 genu
2279 3092 2540 3159 flectetur,
2569 3090 2873 3153 caelestium,
2901 3095 3228 3147 terrestrium
3256 3105 3304 3148 et
3333 3095 3501 3163 infer-

1927 3197 2112 3234 narum
2129 3182 2194 3235 ⁷⁸.
2228 3181 2391 3252 168
2416 3180 2576 3238 Vens.
2605 3181 2693 3237 15.
2717 3179 2787 3235 Et
2813 3180 2925 3249 ﬁlia
2948 3181 3074 3252 Tyri
3097 3183 3151 3236 in
3175 3184 3497 3241 muneribus.

253 3240 358 3326 ’ἐν
383 3271 461 3338 τῷ
489 3240 732 3341 ὀνόματι
770 3270 964 3338 Ἰησοῦ
986 3240 1244 3340 ⁴ίίρισιόῦ
1273 3240 1568 3344 πᾶνυπιόνυ
1596 3240 1822 3340 κάμψει

1937 3270 2149 3325 Vultum
2191 3240 2823 3341 ιιῖῖιῖινἀερηιιειιίιιιηιιιιἸ
2849 3240 3030 3328 divites
3062 3276 3242 3345 plebis.
3281 3240 3502 3333 Videtur

237 3365 636 3433 ἐπουρανίων,
667 3363 764 3416 καί
800 3363 1095 3432 ἐπιγείων,
1122 3363 1219 3417 καὶ
1253 3365 1681 3433 καταχθονίι-ιν.
1708 3362 1820 3419 Καὶ

238 3456 502 3525 θυγάτηρ
521 3459 664 3525 Τύρο
673 3475 704 3509 υ
717 3456 787 3508 ἐν
802 3454 1031 3523 δώροις.
1057 3454 1126 3509 Τὸ
1150 3456 1476 3523 πρόσωπόν
1488 3472 1606 3512 σου
1619 3460 1824 3512 λιταν-

235 3549 534 3600 εύσουσιν
559 3548 634 3618 (5)
661 3550 714 3602 οί
735 3547 1014 3600 πλούσιοι
1035 3545 1140 3598 τοῦ
1155 3546 1330 3600 λαοῦ.
1365 3548 1570 3618 Δοκεῖή
1589 3547 1690 3600 ὑπε
1700 3548 1822 3617 960-

238 3639 306 3711 λὴ
334 3639 432 3710 τῆς
465 3638 899 3710 εἰδολωλατρείας
925 3639 980 3690 ἐν
1009 3640 1075 3708 τῇ
1111 3637 1424 3691 Χανανίτιδι
1461 3637 1614 3710 χώρα
1643 3640 1824 3692 ἐπιτε-

236 3731 547 3803 τηδεῦσθαι.
580 3730 925 3802 Μητρόπολις
949 3731 1003 3784 δὲ
1022 3731 1120 3802 τῆς
1143 3729 1364 3785 Χαναὰν
1393 3732 1427 3802 ἡ
1452 3730 1647 3801 Τύρος.
1679 3731 1822 3803 Προ-

235 3824 571 3896 τρεπόμενος
597 3819 689 3877 οὖν
725 3825 802 3885 είς
828 3823 1070 3893 ὑπακοὴν
1096 3823 1195 3894 τὴν
1231 3822 1560 3894 Ἐκκλησίαν
1582 3823 1610 3875 ὁ
1640 3822 1820 3893 λόγος,

236 3918 349 3971 Καὶ
392 3919 659 3990 θυγάτηρ,
707 3919 861 3988 φησι,
896 3915 1072 3986 Τύρου
1100 3917 1218 3986 ἥξει
1265 3916 1394 3969 ποτέ
1439 3915 1575 3987 μετά
1605 3916 1817 3989 δώρων.

231 4011 347 4064 Καὶ
371 4011 431 4063 τὸ
462 4012 552 4064 σὺν
584 4011 639 4064 δὲ
672 4011 962 4083 πρόσωπον
991 4009 1040 4062 oi
1071 4008 1314 4063 πλούσιοι
1355 4009 1446 4063 τοῦ
1486 4009 1616 4063 λαοῦ
1643 4027 1812 4080 προσ·

231 4104 558 4172 κυνήσουσιν
595 4105 651 4154 ἐν
677 4103 868 4173 δώροις
920 4102 1016 4172 (6).
1052 4103 1164 4155 Οὐκ
1206 4099 1348 4167 εἷπε,
1401 4103 1468 4154 Σὲ
1506 4103 1813 4174 προσκυνή-

1930 3363 2231 3418 idololatria
2266 3364 2318 3418 in
2354 3362 2658 3419 Chananaaa
2699 3367 2921 3435 regione
2967 3368 3272 3422 immodicis
3304 3371 3496 3426 studiis

1926 3456 2139 3512 exculta
2191 3456 2379 3512 fuisse.
2421 3456 2732 3527 Metropolis
2777 3471 2960 3515 autem
3002 3458 3260 3516 Chanaan
3297 3462 3495 3534 Tyrus.

1926 3546 2224 3603 Ecclesiam
2262 3548 2425 3617 igitur
2457 3549 2523 3602 ad
2557 3549 2922 3604 obedientiam
2958 3551 3252 3605 exhortans
3288 3566 3492 3609 sermo.

1921 3639 2096 3695 Etiam
2135 3640 2268 3704 lilia,
2307 3640 2505 3710 inquit,
2535 3640 2661 3711 Tyri
2692 3640 2872 3696 veniet
2895 3640 3188 3711 aliquando
3216 3658 3338 3698 cum
3373 3659 3494 3698 mu-

1918 3730 2157 3786 neribus.
2202 3728 2269 3783 Et
2314 3729 2520 3784 vultum
2557 3737 2706 3784 tuum
2738 3729 3044 3785 adorabunt
3077 3730 3274 3787 divites
3318 3731 3495 3802 plebis

1919 3822 1972 3878 in
2006 3822 2342 3878 muneribus.
2374 3819 2488 3876 Non
2528 3820 2684 3888 dixit,
2715 3820 2792 3877 Te
2823 3820 3122 3876 adorabunt
3157 3823 3209 3878 in
3246 3825 3488 3879 muneri—

1917 3913 2040 3980 bus,
2071 3915 2186 3979 sed,
2219 3912 2442 3968 Vultum
2474 3922 2646 3966 tuum.
2679 3909 2920 3967 Ecclesia
2960 3911 3106 3966 enim
3144 3929 3250 3968 non
3295 3914 3492 3972 adora-

1921 4016 2030 4074 tur,
2060 4007 2155 4062 scd
2187 4012 2349 4074 caput
2371 4001 2630 4058 Ecclesia:
2655 4002 2901 4059 Christus
2925 4003 2995 4070 ",
3021 4017 3184 4073 quem
3211 4002 3490 4074 Scriptura

1918 4101 2120 4155 vultum
2158 4095 2468 4166 appellavit.

234 4208 422 4245 σουσιν
469 4194 526 4244 ἐν
575 4192 783 4264 δώροις,
831 4192 984 4257 ἀλλὰ,
1039 4192 1112 4244 Τὸ
1152 4192 1442 4263 πρόσωπον
1479 4191 1541 4244 τὸ
1586 4191 1698 4246 σόν.
1764 4192 1838 4246 Οὐ
1877 4192 1987 4264 γὰρ
2063 4187 2360 4260 Ἐκκλησία
2427 4189 2836 4259 προσκυνεῖται,
2890 4187 3026 4242 ἀλλά
3091 4185 3191 4256 τῆς
3264 4186 3490 4258 Ἐκκλη-

233 4287 357 4351 σίας
389 4289 422 4359 ἡ
462 4288 669 4360 κεφαλὴ
695 4291 722 4342 ὁ
750 4289 1004 4360 Χριστὸς,
1029 4288 1089 4341 ὃν
1118 4290 1444 4357 πρόσωπον
1471 4288 1752 4360 ὠνόμασεν
1779 4291 1811 4361 ἡ
1847 4289 2061 4362 Γραφή.

309 4383 392 4437 ll.
433 4383 605 4438 Πᾶσα
644 4385 682 4449 ἡ
712 4383 862 4448 δόξα
895 4383 1004 4452 τῆς
1037 4385 1327 4454 θυγατρὸς
1367 4385 1472 4438 τοῦ
1504 4385 1815 4450 βασιλέως

1991 4388 2077 4441 Η.
2115 4383 2284 4441 Vens.
2323 4384 2407 4444 ιι,
2442 4383 2526 4439 15.
2569 4382 2754 4438 Omnis
2780 4381 2952 4454 gloria
2977 4381 3105 4450 ﬁlia:
3137 4380 3274 4450 regis
3307 4380 3370 4433 ab
3400 4381 3454 4434 in
3475 4413 3487 4423 -

227 4475 476 4539 ἔσωθεν,
510 4477 580 4530 ἐν
609 4477 980 4546 κροσσωτοῖς
1025 4477 1277 4546 χρυσοῖς
1321 4476 1810 4546 περιϐεϐλημένη,

228 4569 682 4638 πεποικιλμένη.
727 4569 1257 4640 Ἆπενεχθήσονται
1284 4569 1360 4636 τῷ
1384 4570 1639 4634 ,ϐασιλεῖ
1661 4587 1808 4639 παρ-

227 4661 388 4714 θένοι
414 4663 605 4715 ὀπίσω
642 4662 849 4731 αὐτῆς.
889 4663 1104 4734 Ἐπειδὴ
1134 4663 1413 4735 ἐκαθάρθη
1446 4664 1522 4734 (7)
1561 4664 1668 4717 ἀπὸ
1700 4664 1806 4716 τῶν

1920 4489 2025 4543 tus,
2055 4478 2108 4532 in
2135 4478 2358 4546 ﬁmbriis
2386 4477 2561 4530 aureis
2589 4474 3006 4536 eireumamicta,
3031 4473 3319 4541 variegatu.
3351 4471 3486 4539 Alfe-

1915 4581 2096 4625 rentur
2122 4572 2229 4640 regi
2251 4570 2477 4639 virgines
2509 4577 2627 4639 post
2656 4583 2793 4621 eam.
2831 4565 3121 4634 Postquam
3149 4573 3369 4634 purgata
3401 4573 3484 4618 est

1911 4667 1979 4717 ab
2023 4662 2262 4731 antiquis
2306 4660 2561 4731 nequitia:
2609 4657 2896 4721 doctrinis,
2931 4665 3120 4726 utpote
3161 4657 3483 4711 documento

301 4822 345 4853 ⁷⁸
371 4822 390 4877 l
417 4823 571 4881 Joatt.
601 4842 681 4892 ιιι,
709 4827 762 4882 8.
841 4827 886 4858 ⁷⁸
914 4826 1146 4897 Philipp.
1176 4843 1238 4891 ιι,
1268 4827 1354 4882 ιο.
1432 4828 1476 4858 ⁷⁷
1507 4827 1705 4897 Ephes.
1749 4841 1801 4892 v,
1837 4826 1927 4881 25.

300 4940 547 5011 (99)_iiic
584 4942 848 4996 dissident
872 4941 1014 4995 inter
1037 4957 1094 4996 se
1121 4940 1268 5002 libri.
1306 4952 1362 4994 ut
1398 4942 1581 4996 videre
1614 4953 1695 4996 est
1746 4943 1799 4996 in

228 5009 371 5066 notis
395 5009 587 5065 Nobilii
641 5025 695 5065 et
745 5015 795 5066 in
833 5012 1107 5078 Hexaptis.
1149 5012 1323 5065 Editio
1371 5013 1542 5066 Paris.
1590 5024 1645 5067 et
1689 5015 1799 5066 duo

229 5097 360 5137 mss.
388 5085 854 5154 προσκυνήσουσιν
897 5082 1065 5153 αὐτῷ,
1110 5083 1416 5135 Adorabunt
1441 5100 1581 5154 eum.
1622 5084 1797 5137 Editio

227 5154 390 5206 Busil.
432 5163 488 5207 et
543 5153 817 5209 sexinss.
875 5155 1273 5223 προσκυνήσεις
1319 5153 1487 5223 αὐτῷ.
1534 5155 1795 5207 Adorabis

229 5170 390 5206 uasti.
432 5170 488 5207 et
543 5170 635 5207 sex
690 5170 817 5209 mss.
875 5172 913 5205 π
956 5170 1273 5223 οσκυνησεις
1319 5170 1487 5211 αυτ-ω.
1534 5170 1790 5207 Ααοηιυιι

222 5232 450 5286 annuet
501 5225 573 5277 ita
607 5225 706 5290 legi
757 5227 808 5277 in
864 5170 1048 5295 Biiiliis
1103 5239 1233 5278 mss.
1278 5232 1389 5276 tum
1439 5208 1620 5295 Regiis
1679 5234 1790 5277 tum

222 5295 554 5349 (lolbertinis
581 5304 772 5347 auctor
801 5305 880 5347 est
908 5293 1238 5348 Ferrandus.

294 5366 371 5434 (i)
401 5364 550 5433 Regii
609 5366 875 5418 secundus
916 5375 970 5417 ct
1017 5364 1208 5417 tertius
1247 5379 1370 5417 cum
1430 5363 1583 5418 Colb.
1618 5363 1794 5432 primo

220 5434 640 5505 προσαγορεύει.
683 5435 784 5490 Alii
815 5449 942 5489 vero
984 5450 1112 5488 mss.
1150 5449 1271 5487 cum
1305 5435 1469 5488 editis
1521 5450 1793 5505 προσαγο-

259 5523 417 5560 ευων.

259 5523 417 5560 ευων.

220 5523 252 5573 ρ
291 5579 369 5644 (2)
399 5577 530 5645 Reg.
570 5576 758 5629 tertius
788 5573 895 5627 τῶν
913 5574 1191 5645 πατρικῶν
1213 5575 1580 5646 παρα-δόσεων,
1612 5584 1790 5642 pater-

219 5662 408 5699 narum
441 5648 805 5700 traditionem.

289 5717 367 5778 (5)
401 5717 497 5769 llic
522 5731 708 5768 rursus
733 5716 824 5769 alii
857 5730 984 5768 mss.
1026 5715 1426 5785 προσκυνήσεις
1461 5712 1609 5782 αὐτῷ
1643 5728 1656 5742 ⁸
1696 5711 1788 5766 alii

218 5787 682 5856 προσκυνήσουσιν
699 5786 864 5856 αὐτῷ.

291 5859 366 5928 (ι)
409 5852 560 5928 Regii
597 5857 784 5912 tertius
813 5852 867 5913 et
888 5865 1071 5912 sextus
1103 5857 1466 5928 προσκυνήσει
1505 5855 1559 5907 δὲ
1609 5852 1778 5924 αὐτῷ,

1904 4939 2158 4995 Adorabit
2183 4948 2359 4993 autem
2399 4957 2516 4994 eum
2542 4941 2709 4994 omnis
2741 4949 3004 4994 creatura.

1975 5013 2050 5082 (5)
2083 5012 2172 5067 Sic
2199 5027 2332 5065 mss.
2368 5013 2437 5082 At
2463 5012 2628 5064 editio
2663 5009 2836 5064 Paris.
2874 5008 3266 5082 λιτανεύουσιν.
3303 5004 3474 5082 _Hau_t_l

1901 5077 2057 5151 longe
2096 5081 2391 5137 Colbertiui
2449 5082 2655 5150 primus
2704 5095 2758 5136 et
2816 5092 3003 5151 sextus
3053 5077 3384 5150 μητρόπολις
3417 5077 3474 5151 δὲ

1895 5148 2292 5223 τῆςΧανανίας
2320 5154 2376 5222 ἡ.
2417 5148 2551 5223 Editi
2585 5167 2713 5206 vero
2741 5167 2862 5205 cum
2890 5148 3074 5204 multis
3109 5148 3239 5204 mss.
3266 5148 3473 5220 μητρό-

1897 5222 2050 5287 πολις
2075 5225 2130 5276 δὲ
2154 5224 2251 5292 τῆς
2290 5222 2510 5275 Χαναὰν
2540 5223 2596 5293 ἡ.

1969 5297 2045 5364 (6)
2073 5294 2146 5348 lta
2177 5293 2345 5364 Regii,
2379 5291 2671 5364 secundus.
2704 5291 2918 5364 tertius,
2965 5300 3208 5364 quart_us.
3244 5291 3473 5364 quintus

1899 5375 1952 5419 et
1979 5359 2168 5417 sextus
2199 5381 2210 5415 :
2239 5359 2434 5431 quibus
2467 5362 2625 5430 plane
2648 5363 2992 5414 consentiunt
3022 5371 3070 5414 et
3102 5359 3305 5414 Catena
3335 5359 3469 5414 Cor-

1901 5435 2017 5487 der.
2047 5445 2099 5487 et
2130 5433 2422 5487 Colbertini
2455 5434 2684 5491 primus,
2726 5433 2965 5498 quintus,
3003 5442 3188 5484 sextus
3216 5439 3273 5483 et
3300 5431 3470 5498 septi-

1904 5520 2043 5556 mus.
2088 5503 2223 5556 l’.diti
2251 5518 2377 5555 vero
2407 5503 2480 5554 Τὸ
2515 5501 2607 5554 σὸν
2638 5500 2694 5571 δὲ
2735 5500 3022 5571 πρόσωπον
3055 5500 3473 5571 προσκννήσου-

1901 5590 1984 5625 σιν
2017 5575 2065 5625 οί
2100 5572 2341 5626 πλούσιοι
2364 5572 2455 5625 τοῦ
2491 5571 2645 5636 λαοῦ,
2676 5568 3078 5625 λιτανεύσουσιν
3101 5568 3163 5624 ἐν
3183 5568 3396 5636 δώροις.

1973 5645 2048 5712 (7)
2087 5643 2263 5697 Editin
2300 5641 2472 5696 Paris.
2502 5657 2625 5712 cum
2691 5642 2824 5712 Reg.
2863 5653 3056 5710 quarto
3090 5651 3152 5712 et
3189 5641 3342 5712 Colb.
3379 5653 3473 5694 se-

1899 5711 2067 5779 ptimo
2102 5712 2402 5783 ἐκαθάρθη.
2437 5711 2614 5783 Editio
2638 5711 2962 5783 veroBasil.
2997 5722 3054 5783 et
3084 5711 3232 5782 Regii
3267 5725 3468 5768 sectio-

1897 5787 1996 5839 dus
2020 5794 2074 5841 et
2108 5780 2302 5839 tertius
2330 5780 2452 5838 cum
2480 5780 2637 5839 Colb.
2669 5791 2821 5838 sexto
2852 5780 3129 5858 καθήρθη.
