4016 6480
515 396 609 448 »ιιι

1822 386 1879 439 S.
1923 381 2164 435 BASlIJI
2206 379 2419 432 MAGNI

3665 376 3793 427 4Ιὲ

510 509 790 566 obsecuta,
818 515 871 556 et
901 504 1066 557 oblita
1105 503 1280 571 populi
1324 501 1403 552 sui
1448 510 1501 552 et
1546 500 1736 551 domus
1773 502 1939 568 patris
1968 498 2071 558 sui,

2190 495 2423 549 παλαιῶν
2455 494 2798 565 διδαγμὰτων
2835 494 2933 564 τῆς
2974 493 3255 566 πονηρίας,
3287 493 3662 549 ῦπακοῦσασα
3702 492 3792 561 τῷ

513 605 697 650 narrat
745 610 865 665 qua:
914 596 1083 663 ipsam
1136 603 1381 662 spectant
1434 592 1671 660 Spiritus
1723 604 1964 645 sanctus.
2014 590 2077 643 Et

510 688 767 757 quoniam
799 689 1130 741 reconditam
1159 685 1476 740 munditiam
1503 684 1644 737 illius
1666 684 1802 738 vidit
1829 701 1844 738 :
1872 685 2075 746 Omnis,

514 780 709 848 inquit,
736 779 905 849 gloria
925 778 1052 845 ﬁlia:
1082 779 1238 846 regis,
1266 779 1316 831 id
1340 787 1444 840 est,
1475 792 1683 845 sponsa:
1706 777 1930 839 Christi,
1961 789 2078 844 qua:

516 871 736 923 tandem
769 884 864 939 per
889 868 1231 936 adoptionem
1263 868 1368 921 lilia
1405 868 1545 937 regis
1583 865 1772 921 eﬂ'ecta
1819 869 1907 928 sit,
1938 867 2078 918 intus

514 972 611 1014 εει.
643 959 943 1014 Hortamur
972 960 1086 1014 hzec
1118 961 1300 1022 verba,
1335 969 1393 1011 ut
1432 958 1499 1012 ad
1533 957 1718 1012 intima
1753 957 2081 1013 ecclesiasti-

516 1067 593 1105 t::e
617 1050 802 1121 gloriae
827 1067 1023 1106 arcana
1052 1061 1418 1120 penetremus,
1445 1050 1587 1118 quod
1613 1065 1822 1119 Sponsa:
1848 1045 2082 1115 pulchri-

519 1148 647 1197 tudo
679 1144 824 1197 intus
855 1145 1105 1197 exsistat.
1137 1142 1236 1208 Qui
1273 1142 1415 1195 enim
1464 1155 1524 1196 se
1568 1143 1796 1198 adornat
1833 1138 1977 1191 Patri
2028 1139 2079 1191 in

519 1235 838 1289 abscondito
891 1233 1088 1287 videnti
1123 1233 1190 1297 ⁷⁸,
1223 1241 1602 1303 precaturque,
1637 1242 1693 1286 et
1740 1229 1916 1284 omnia
1964 1244 2083 1298 per-

516 1325 653 1395 agit,
687 1340 793 1380 non
839 1334 895 1378 ut
935 1325 1181 1377 videatur
1217 1325 1284 1378 ab
1314 1324 1621 1379 hominibus
1647 1323 1714 1388 "',
1752 1321 1844 1376 sed
1889 1332 1947 1375 ut
1982 1321 2081 1376 soli

518 1415 627 1469 Deo
664 1413 1009 1477 innotescat;
1065 1414 1111 1467 is
1157 1414 1381 1483 perinde
1426 1430 1488 1467 ac
1530 1415 1670 1482 regis
1711 1411 1815 1465 lilia
1860 1411 2080 1480 gloriam

517 1522 733 1560 omnem
777 1506 1107 1562 intrinsecus
1151 1507 1335 1562 habet.
1363 1507 1498 1570 Quin
1529 1505 1690 1558 etiam
1731 1505 1953 1558 ﬁmbriae
1986 1520 2084 1558 au-

524 1613 628 1654 rem
676 1599 875 1669 quibus
931 1608 1038 1652 tota
1089 1597 1492 1652 circumamicta
1546 1606 1628 1650 est
1675 1611 1737 1651 ac
1787 1596 2083 1666 variegata,

516 1692 666 1744 intus
695 1699 841 1744 sunt.
877 1689 1019 1743 Nihil
1059 1702 1274 1758 quazras
1307 1687 1359 1740 in
1397 1697 1625 1742 externo
1655 1702 1788 1742 auro
1813 1696 1865 1740 et
1893 1701 2085 1755 corpo-

520 1784 619 1836 rali
663 1783 922 1835 varietate
972 1822 985 1834 .
1040 1780 1133 1835 sed
1187 1782 1441 1835 amictum
1489 1781 1772 1849 quemdam
1823 1779 2081 1846 intellige,

2180 588 2486 659 διδάγματι,
2517 588 2609 639 καὶ
2638 584 3003 657 ἐπιλαϐομένη
3030 587 3123 640 τοῦ
3153 584 3280 639 λαοῦ
3312 585 3510 652 αὐτῆς,
3545 587 3651 638 καὶ
3679 583 3788 638 τοῦ

2179 678 2329 733 οἴκου
2365 678 2458 732 τοῦ
2489 677 2692 749 πατρὸς
2719 678 2906 747 αὐτῆς,
2937 677 3201 747 διηγεῖται
3248 678 3316 732 τὰ
3341 677 3471 748 περὶ
3501 680 3684 749 αὐτῆς
3720 680 3793 731 τὸ

2181 772 2404 842 Πνεῦμα
2437 773 2497 825 τὸ
2525 771 2696 842 ἅγιον.
2723 775 2833 826 Kat
2861 770 3046 840 ἐπειδὴ
3072 767 3181 824 εἶδε
3209 775 3308 846 τὴν
3343 774 3400 826 ὲν
3423 769 3507 840 τῷ
3534 775 3790 840 κρυπτῷ

2181 865 2548 936 καθαρότητα,
2596 863 2789 927 Πᾶσα,
2844 866 3026 936 φησιν,
3074 865 3111 930 ὴ
3137 863 3288 928 δόξα
3317 866 3427 935 τῆς
3469 865 3789 932 θυγατρὸς

2180 954 2286 1008 τοῦ
2313 957 2633 1021 βασιλέως,
2675 957 2917 1008 τουτέστι
2952 957 3050 1024 (8),
3102 955 3199 1024 τῆς
3244 957 3483 1026 Χριστοῦ
3517 956 3780 1024 νύμφης,

2179 1049 2279 1115 τῆς
2305 1048 2599 1116 γενομένης
2624 1049 2806 1102 λοιπὸν
2837 1048 2924 1099 διὰ
2951 1049 3050 1119 τῆς
3073 1048 3338 1109 υἱοθεσίας
3368 1048 3654 1119 Θυγατρὸς
3676 1046 3782 1098 τοῦ

2184 1134 2464 1206 βασιλέως,
2492 1137 2692 1192 ἔσωθεν
2718 1142 2852 1192 ἐστι.
2887 1139 3190 1209 Προτρέπει
3221 1141 3248 1190 6
3277 1137 3432 1206 λόγος
3463 1143 3560 1194 ἐπὶ
3583 1141 3658 1193 τὰ
3686 1141 3783 1192 ὲν-

2182 1233 2385 1287 δοτάτω
2423 1233 2618 1302 χωρεῖν
2651 1232 2750 1300 τῆς
2779 1231 3236 1300 ὲκκλησιαστικῆς
3268 1229 3426 1298 δόξης
3460 1234 3779 1302 μυστήρια,

2182 1326 2256 1388 ὡς
2288 1326 2432 1378 ἔνδον
2461 1324 2610 1386 ὖντος
2642 1323 2733 1374 τοῦ
2774 1323 3000 1386 κάλλους
3026 1322 3125 1389 τῆς
3158 1322 3397 1390 νύμφης.
3438 1321 3502 1375 Ὀ
3531 1323 3652 1393 γὰρ
3681 1324 3782 1374 εῦ-

2181 1417 2453 1488 τρεπίζων
2502 1415 2692 1468 ἑαυτὸν
2724 1414 2802 1495 τῷ
2830 1417 3004 1487 Πατρὶ
3032 1414 3110 1484 τῷ
3145 1414 3391 1484 βλέποντι
3431 1414 3491 1464 ἐν
3524 1415 3609 1484 τῷ
3637 1433 3781 1485 κρυ-

2184 1507 2321 1578 πτῷ,
2345 1507 2439 1560 καὶ
2462 1505 2908 1577 προσευχόμενος,
2942 1507 3034 1560 καὶ
3057 1505 3231 1558 πάντα
3255 1504 3514 1574 πράσσων
3537 1505 3602 1555 οὐ
3631 1505 3782 1574 πρὸς

2182 1602 2242 1654 τὸ
2282 1599 2540 1668 θεαθῆναι
2593 1602 2704 1663 τοῖς
2746 1597 3069 1670 ἀνθρώποις,
3122 1596 3256 1649 ἀλλὰ
3308 1596 3441 1666 πρὸς
3501 1594 3566 1647 τὸ
3621 1597 3780 1665 μόνῳ

2185 1693 2564 1765 φανερωθῆναι
2596 1691 2713 1762 Θεῷ
2734 1709 2745 1719 ·
2783 1685 2937 1754 οὗτος
2970 1692 3080 1762 ἔχει
3113 1690 3291 1741 πᾶσαν
3315 1688 3414 1758 τὴν
3445 1686 3613 1750 δόξαν
3642 1687 3782 1739 ἐσω-

2186 1783 2297 1849 θεν,
2329 1785 2404 1847 ὼς
2420 1783 2512 1835 καὶ
2539 1785 2570 1852 η
2597 1780 2842 1850 θυγάτηρ
2862 1780 2956 1832 τοῦ
2987 1778 3264 1850 βασιλέως.
3295 1777 3403 1830 Καὶ
3423 1774 3494 1827 τὰ
3516 1792 3780 1845 κροσσω-

517 1874 609 1942 qui
649 1874 847 1945 dignus
903 1874 971 1927 sit
1016 1875 1106 1942 qui
1156 1889 1276 1927 cmn
1318 1873 1406 1940 qui
1460 1872 1748 1924 secundum
1787 1869 2080 1924 conditoris

2190 1879 2249 1932 τά
2273 1879 2451 1930 τοίνυν
2481 1875 2548 1928 τὰ
2577 1875 2651 1942 (9)
2674 1874 2867 1942 χρυσᾶ,
2896 1867 2976 1934 οἷς
3020 1870 3403 1943 περιϐέϐληται
3443 1870 3539 1921 καὶ
3573 1868 3780 1920 πεποὶ-

519 1965 810 2034 imaginem
843 1974 918 2016 est
954 1972 1203 2025 exornet,
1230 1971 1289 2015 ut
1313 1963 1388 2016 ait
1409 1961 1696 2029 Apostolus
1728 1977 1740 2012 :
1770 1958 2084 2028 Exspolian-

518 2065 594 2108 te:
629 2063 846 2108 veterem
873 2053 1163 2117 hominem,
1187 2062 1235 2105 et
1270 2053 1539 2106 induentes
1573 2067 1780 2115 novum,
1807 2051 1898 2119 qui
1932 2067 2085 2105 reno-

517 2157 672 2201 t'atur
695 2147 762 2200 ad
789 2146 1109 2216 agnitionem
1131 2146 1419 2199 secundum
1449 2146 1698 2198 creatoris
1723 2146 1994 2212 imaginem
2014 2144 2081 2196 ⁸⁸.

527 2235 612 2298 Et,
649 2236 739 2302 qui
787 2233 957 2289 induit
1001 2233 1212 2287 Viscera
1259 2235 1656 2297 misericordiae,
1695 2235 2081 2300 benignitatem,

520 2326 890 2389 humilitatem,
935 2326 1264 2392 patientiam,
1310 2326 1761 2377 mansuetudinem
1794 2323 1862 2388 ⁸¹,
1908 2324 1952 2378 is
2005 2324 2086 2378 itt-

521 2417 789 2470 trinsecus
822 2416 1052 2469 amictus
1085 2425 1187 2482 est,
1221 2427 1277 2469 et
1311 2417 1604 2469 secundum
1644 2415 1958 2471 interiorem
1990 2417 2087 2471 lto-

519 2509 720 2562 minem
761 2518 1008 2562 ornatus.
1039 2507 1146 2562 Sed
1180 2516 1234 2561 et
1269 2506 1466 2562 Paulus
1500 2508 1776 2572 admonet,
1810 2518 1868 2562 ut
1897 2507 2088 2561 indua-

521 2614 641 2652 mus
675 2597 960 2654 Dominum
990 2597 1177 2653 Jesum
1208 2599 1280 2665 3',
1315 2615 1420 2654 non
1460 2599 1753 2654 secundum
1803 2611 2084 2653 externum

522 2690 820 2756 hominem,
857 2693 948 2745 sed
1002 2703 1058 2744 ut
1110 2703 1342 2744 mentem
1394 2700 1633 2743 nostram
1678 2691 1771 2744 Dei
1826 2691 2087 2744 memoria

521 2785 897 2852 circumtegat.
947 2783 1196 2836 Arbitror
1252 2790 1431 2836 autem
1498 2782 1799 2852 spiritalem
1864 2784 2085 2851 praetexi

523 2882 751 2938 vestem,
785 2887 905 2925 cum
952 2873 1097 2927 actio
1137 2873 1397 2927 doctrinae
1431 2876 1592 2928 verbo
1624 2889 1804 2929 comes
1846 2875 2088 2946 adiungi-

525 2973 634 3018 tur.
659 2963 1120 3030 Quemadmodum
1168 2965 1311 3016 enim
1343 2966 1644 3033 corporalis
1673 2967 1835 3020 vestis
1867 2967 2086 3032 texitur,

523 3072 646 3109 cum
684 3057 998 3126 subtegmen
1035 3055 1325 3110 innectitur
1354 3056 1595 3122 stamini,
1632 3057 1704 3109 ita
1741 3059 1827 3110 ubi
1862 3059 2085 3110 verbum

525 3147 825 3215 pra-cessit,
864 3147 909 3201 si
955 3149 1113 3202 modo
1164 3147 1402 3202 actiones
1447 3157 1818 3204 consentaneae
1867 3149 2086 3215 subjun-

525 3249 743 3308 gnntur,
768 3239 1179 3293 venustissimus
1202 3241 1426 3295 amictus
1452 3240 1642 3294 anima:
1668 3238 1856 3293 conﬁci
1887 3249 2082 3308 potest,

525 3329 680 3398 cujus
711 3329 919 3383 scilicet
946 3330 1050 3382 vita
1096 3345 1163 3383 ex
1194 3335 1508 3400 przescripto
1539 3333 1753 3387 virtutis
1793 3343 1934 3397 acta,
1969 3348 2087 3387 ser-

529 3435 688 3474 mone
716 3429 770 3474 et
794 3435 958 3490 opere
983 3424 1336 3489 compleatur.
1370 3423 1620 3476 Fimbriae
1651 3437 1825 3479 autem
1861 3427 2092 3495 pendent

527 3527 556 3564 a
603 3513 825 3577 vestitu,
858 3514 1167 3583 spirituales
1216 3526 1269 3568 et
1307 3517 1386 3568 ba:
1426 3516 1572 3581 ἱρείη,
1609 3519 1676 3569 ob
1713 3519 1870 3586 idque
1915 3535 2093 3573 aurea:

527 3620 650 3659 esse
697 3606 970 3659 dicuntur.
1025 3605 1289 3671 Quoniam
1343 3621 1473 3659 sane
1524 3607 1747 3660 verbum
1795 3610 1966 3677 majus
2009 3621 2092 3664 est

528 3711 718 3766 opere,
759 3697 961 3753 idcirco
988 3707 1069 3753 est
1101 3698 1246 3752 velut
1282 3697 1487 3751 fimbria
1514 3700 1758 3767 quaedam
1788 3714 1816 3751 a
1879 3709 2089 3754 textura

533 3791 600 3843 ad
627 3789 893 3844 actionem
927 3791 1252 3845 redundans.
1308 3790 1620 3858 Sequuntur
1667 3800 1842 3844 autem
1882 3791 2090 3845 Domini

532 3895 786 3947 sponsam
824 3880 1019 3933 anima:
1041 3881 1304 3949 quaedam,
1334 3895 1451 3948 qua:
1471 3880 1765 3934 seminibus
1792 3880 2090 3934 alienarum

535 3973 906 4025 doctrinarum
942 3973 1085 4025 haud
1133 3974 1422 4042 susceptis,
1468 3974 1795 4026 adducentur
1853 3973 1984 4042 regi,
2014 3986 2095 4026 se-

537 4071 765 4129 quentes
789 4076 1065 4129 sponsam.
1107 4064 1212 4117 Sed
1241 4074 1295 4118 et
1322 4066 1544 4119 audiant
1583 4081 1701 4133 quae
1733 4065 2092 4135 virginitatem

541 4151 766 4205 Domino
799 4158 1080 4214 voverunt,
1117 4154 1259 4220 quod
1292 4154 1527 4222 virgines
1569 4156 1677 4223 regi
1711 4156 2048 4210 adducentur
2079 4172 2094 4222 ;

537 4245 792 4311 virgines,
819 4244 1058 4312 inquam,
1090 4258 1206 4312 quae
1238 4245 1495 4312 proximae
1523 4255 1647 4298 sunt
1678 4246 1957 4313 Ecclesiae,
1980 4264 2099 4317 qure

538 4348 659 4407 post
687 4338 857 4406 ipsam
883 4347 1203 4406 sequuntur,
1235 4352 1334 4392 nec
1356 4337 1608 4391 aberrant
1637 4337 1704 4390 ab
1727 4339 2097 4394 ecclesiastica

540 4428 846 4496 disciplina.
870 4427 1033 4481 Vens.
1056 4426 1140 4480 16.
1178 4427 1516 4479 Atlducentur
1543 4426 1702 4497 169
1738 4436 1910 4480 autem
1935 4429 2099 4496 virgi-

2111 3197 2154 3256 C

2183 1969 2362 2022 κιλται
2394 1967 2512 2038 ὅλη,
2549 1964 2767 2019 ἔσωθεν.
2805 1962 2986 2033 Μηδὲν
3029 1962 3178 2030 ζήτει
3225 1965 3281 2015 ὲν
3320 1961 3398 2029 τῷ
3429 1961 3536 2026 ἔξω
3575 1960 3779 2030 χρυσῷ

2183 2061 2277 2114 καὶ
2299 2063 2364 2129 τῇ
2395 2061 2675 2129 σωματικῇ
2712 2055 2951 2125 ποικιλίᾳ
2971 2071 2983 2084 ·
3014 2054 3148 2106 άλλά
3181 2052 3469 2122 περιϐολὴν
3497 2053 3610 2103 νόει
3649 2052 3780 2101 τινὰ

2183 2151 2336 2216 ἀξίαν
2381 2151 2662 2219 κοσμῆσαι
2702 2150 2791 2202 τὸν
2827 2149 2945 2200 κατ’
2979 2145 3169 2198 εἰκόνα.
3196 2144 3286 2196 τοῦ
3328 2144 3638 2205 κτίσαντος,
3697 2141 3778 2202 ὣς

2184 2259 2349 2314 φησιν
2393 2244 2421 2294 6
2460 2241 2812 2304 Ἀτόστολος·
2875 2237 3299 2308 Ἐκδυσάμενοι
3341 2237 3448 2288 τὸν
3497 2235 3780 2287 παλαιὸν

2180 2335 2514 2402 ἄνθρωπον,
2565 2333 2662 2384 καὶ
2706 2329 3104 2401 ἐνδυσάμενοι
3143 2330 3252 2384 τὸν
3285 2328 3446 2392 νέον,
3473 2331 3585 2382 τὸν
3623 2329 3779 2381 ἁνα-

2183 2427 2579 2494 καινούμενον
2625 2427 2713 2489 εἰς
2741 2426 3068 2492 ἐπίγνωσιν
3107 2425 3233 2476 κατ’
3259 2423 3462 2475 εἰκόνα
3505 2420 3615 2473 τοῦ
3646 2421 3776 2470 κτί-

2183 2535 2430 2583 σαντος.
2477 2517 2587 2570 Καὶ
2622 2520 2650 2570 6
2685 2517 3038 2585 ἐνδυσάμενος
3069 2516 3124 2567 δὲ
3156 2514 3267 2584 (10)
3319 2511 3656 2580 Σπλάτχνα
3697 2514 3780 2563 οὶ-

2185 2609 2449 2677 κτιρμοῦ,
2483 2611 2882 2676 χρηστότητα,
2917 2605 3494 2672 ταπεινοφροσύνην,
3538 2619 3776 2670 μακρο-

2185 2700 2424 2768 θυμίαν,
2455 2699 2777 2766 πραότητα,
2830 2694 3038 2748 ἔνδοθεν
3095 2693 3499 2766 περιϐέϐληται,
3530 2693 3628 2746 καὶ
3682 2693 3777 2743 τὸν

2186 2792 2294 2845 ἔσω
2320 2791 2601 2862 ἄνθρωπον
2623 2790 2975 2864 κεκόσμηται.
3003 2789 3114 2843 Καὶ
3135 2789 3162 2839 6
3191 2787 3398 2850 Παῦλος
3426 2787 3482 2839 δὲ
3508 2788 3777 2855 παραινεί

2188 2882 2505 2935 ἐνδύσασθαι
2535 2881 2642 2951 (Η)
2674 2881 2762 2933 τὸν
2787 2882 2988 2952 Κύριον
3028 2878 3254 2950 Ἰησοῦν,
3282 2881 3341 2931 οὐ
3374 2877 3514 2930 κατὰ
3546 2878 3638 2927 τον
3667 2876 3776 2936 ἔξω

2188 2975 2491 3044 ἄνθρωπον,
2521 2974 2636 3026 ἀλλ’
2661 2974 2746 3024 ἵνα
2772 2973 2862 3024 τὸν
2896 2973 3020 3024 νοῦν
3044 2971 3196 3040 ἡμῶν
3223 2973 3255 3039 ἡ
3285 2969 3376 3021 τοῦ
3402 2967 3536 3019 Θεοῦ
3576 2969 3771 3036 μνήμη

2188 3062 2589 3134 περισκεπάζῃ.
2665 3059 2830 3130 Οἶμαι
2896 3062 2952 3112 δὲ
3007 3062 3067 3111 τὸ
3121 3057 3488 3127 πνευματικὸν
3548 3057 3775 3125 ἱμάτιον

2188 3156 2584 3225 ὲξυφαίνεσθαι,
2626 3157 2752 3208 ὅταν
2798 3155 2875 3225 τῷ
2921 3153 3210 3221 διδακτικῷ
3242 3151 3380 3221 λόγῳ
3412 3152 3445 3221 ἡ
3478 3151 3774 3212 ἀκόλουθος

2189 3247 2550 3318 ὲπιπλέκηται
2596 3236 2810 3315 πρᾶξιςξ
2862 3245 3069 3313 Ὥσπερ
3115 3241 3224 3313 γὰρ
3265 3241 3342 3311 τῷ
3387 3243 3614 3311 στήμονι
3673 3241 3774 3307 τῆς

2192 3339 2395 3411 κρόκης
2415 3338 2847 3408 ὲπιπλεκομένης
2862 3337 2922 3389 τὸ
2956 3334 3264 3404 σωματικὸν
3297 3332 3507 3404 ἱμάτιον
3542 3332 3772 3398 ἐξυφαί-

2193 3448 2371 3484 νεται·
2402 3430 2545 3484 οὕτω
2573 3429 2664 3483 τοῦ
2699 3429 2857 3496 λόγου
2891 3425 3327 3500 προῦιρεστῶτος,
3368 3428 3416 3477 εί
3459 3422 3774 3484 ἀκολούθως

2195 3524 2251 3575 αἱ
2279 3521 2503 3591 πράξεις
2535 3521 2842 3588 ἐπάγοιντο,
2878 3518 3178 3589 σεμνοτάτη
3213 3534 3295 3579 τις
3333 3516 3397 3568 ἂν
3431 3515 3646 3582 γένοιτο
3679 3531 3774 3565 πε-

2198 3611 2383 3684 ριϐολὴ
2433 3613 2531 3680 τῆς
2572 3612 2768 3680 ψυχῆς,
2805 3611 2946 3679 λόγῳ
2980 3610 3074 3662 καὶ
3116 3609 3261 3679 ἔργῳ
3293 3606 3381 3657 τὸν
3419 3605 3538 3657 κατ’
3566 3606 3774 3674 ἀρετὴν

2199 3704 2310 3774 βίον
2351 3702 2890 3773 συμπεπληρωμένον
2927 3700 3172 3769 ἐχούσης.
3208 3698 3444 3767 Κροσσοί
3477 3696 3532 3748 δὲ
3563 3698 3776 3748 ἀπαιω-

2200 3794 2415 3863 ροῦνται
2472 3789 2561 3846 τοῦ
2621 3793 2856 3860 ἱματίου,
2905 3791 3084 3860 νοητοὶ
3139 3791 3234 3842 καὶ
3279 3781 3457 3840 οὗτοι·
3523 3787 3609 3838 διὸ
3680 3790 3776 3839 καὶ

2196 3888 2386 3953 χρυσοῖ
2431 3880 2566 3935 εἶναι
2615 3881 2880 3948 λέγονται.
2939 3879 3263 3950 Ἐπειδήττερ
3307 3882 3334 3930 ὁ
3363 3878 3519 3945 λόγος
3568 3876 3775 3930 πλείων

2197 3976 2314 4028 ἐστὶ
2355 3975 2449 4027 τοῦ
2505 3974 2688 4045 ἔργου,
2721 3973 2883 4026 οἱονεὶ
2925 3972 3153 4043 κροσσός
3186 3973 3270 4034 τίς
3325 3973 3472 4024 ἐστιν
3520 3971 3629 4022 ἀπὸ
3677 3972 3773 4023 τοῦ

2199 4069 2334 4139 πρὸς
2361 4069 2459 4138 τὴν
2501 4063 2697 4136 πρᾶξιν
2739 4066 3053 4135 ὑφάσματος
3098 4062 3460 4136 περισσεῦων.
3502 4062 3773 4113 ’Ἐπονται

2200 4162 2257 4214 δὲ
2294 4163 2358 4230 τῇ
2391 4160 2578 4231 νύμφῃ
2619 4159 2712 4211 τοῦ
2745 4157 2948 4229 Κυρίου
2983 4157 3150 4226 ψυχαί
3183 4173 3346 4217 τινες,
3378 4157 3432 4206 αἱ
3477 4154 3550 4224 μὴ
3589 4170 3772 4223 παρα-

2201 4251 2489 4320 δεξάμεναι
2530 4249 2813 4319 σπέρματα
2849 4248 2956 4318 (12)
3003 4248 3174 4316 λόγων
3219 4245 3535 4316 ἀλλοτρίων,
3570 4245 3774 4305 αἵτινες

2203 4342 2660 4411 ἀπενεχθήσονται
2703 4339 2779 4408 τῷ
2827 4340 3064 4408 βασιλεῖ,
3107 4337 3492 4390 ἁκολουθοῦσαι
3537 4339 3603 4404 τῇ
3645 4336 3774 4402 vip-

2203 4448 2298 4504 φη.
2338 4431 2707 4482 Ἀκουέτωσαν
2740 4431 2795 4482 δὲ
2829 4431 2922 4481 καὶ
2953 4431 3007 4480 αἱ
3046 4428 3142 4498 τὴν
3175 4429 3468 4497 παρθενίαν
3502 4426 3773 4491 ἐπαγγελ-

541 4534 638 4573 ttes
680 4520 734 4571 in
773 4519 956 4573 laetitia
982 4529 1028 4572 et
1063 4519 1432 4582 exsultatione,
1474 4519 1730 4572 ducentur
1763 4519 1816 4572 in
1851 4519 2088 4588 templum

2202 4522 2421 4592 λόμεναι
2453 4521 2528 4590 τῷ
2557 4522 2765 4590 Κυρίῳ,
2791 4522 2872 4572 ὅτι
2901 4520 3154 4590 παρθένοι
3184 4517 3646 4587 ἀπενεχθήσονται
3691 4517 3770 4583 τῷ

543 4613 699 4680 regis.
733 4610 846 4666 Non
871 4625 990 4675 qua:
1023 4621 1223 4666 coactae
1252 4609 1613 4681 virginitatem
1645 4610 1947 4674 subierunt,
1988 4625 2094 4664 non

542 4717 662 4769 quae
696 4717 761 4754 ex
790 4702 1007 4756 tristitia
1037 4711 1131 4756 aut
1161 4702 1485 4757 necessitate
1524 4710 1728 4756 castam
1760 4701 1923 4754 vitam
1973 4708 2101 4754 sunt

545 4792 802 4861 amplexa:
826 4811 840 4846 :
875 4796 968 4847 sed
987 4808 1107 4862 qua:
1135 4795 1187 4848 in
1216 4794 1396 4848 laetitia
1415 4803 1468 4848 et
1493 4794 1851 4848 exsultatione
1875 4795 1944 4847 ob
1973 4807 2101 4863 prae-

541 4885 751 4939 clarum
778 4885 880 4938 hoc
920 4885 1129 4938 facinus
1170 4887 1425 4954 gaudent,
1477 4886 1558 4939 ha:
1593 4885 1929 4939 adducentur
1964 4884 2099 4951 regi,

544 4979 916 5046 dttcentnrque
960 4991 1065 5031 non
1117 4977 1169 5029 in
1223 4977 1495 5044 vulgarem
1529 4977 1725 5042 locum,
1761 4976 1851 5031 sed
1887 4977 1938 5030 in
1968 4984 2104 5030 tem-

544 5069 689 5138 plum
748 5069 914 5136 regis.
949 5068 1079 5123 Nam
1112 5083 1236 5123 vasa
1267 5083 1446 5134 sacra,
1482 5085 1604 5138 quae
1651 5084 1755 5124 non
1804 5068 2107 5138 inquinavit

625 5269 670 5299 τι
706 5265 896 5320 Matth.
930 5281 1004 5334 νι,
1035 5266 1094 5331 t,
1127 5266 1180 5320 6.
1255 5266 1300 5299 το
1333 5265 1463 5321 ibid.
1495 5267 1548 5322 ι.

620 5421 688 5494 (8)
714 5421 907 5476 Totum
928 5422 1057 5477 illud
1067 5465 1080 5487 ,
1103 5423 1201 5493 τῆς
1227 5423 1493 5493 θυγατρὸς
1518 5421 1612 5475 τοῦ
1634 5422 1922 5492 βασιλέως,
1953 5439 2106 5474 τουτ-

546 5494 682 5555 έστι,
726 5494 778 5545 in
809 5495 1009 5547 nostris
1042 5505 1244 5560 septem
1277 5510 1404 5545 mss.
1438 5494 1800 5547 desideratur.

619 5565 693 5631 (9)
726 5564 817 5615 Sic
847 5579 977 5615 ntss.
1005 5565 1265 5630 quinque.
1296 5562 1434 5615 Editi
1477 5562 1760 5631 κροσσωτά
1787 5563 1842 5614 δὲ
1876 5563 1961 5615 τά.

622 5634 731 5700 (10)
762 5635 833 5684 lla
893 5632 1043 5701 Regii
1094 5634 1381 5694 secundus,
1415 5644 1641 5699 quartus
1683 5645 1736 5685 et
1782 5643 1964 5684 sextus
1990 5646 2110 5682 cum

548 5703 871 5757 (Iolbertinis
910 5712 1064 5756 sexto
1114 5717 1170 5754 et
1228 5703 1475 5770 septimo.
1514 5701 1709 5755 Vocula
1763 5701 1821 5752 δέ
1875 5706 2024 5754 deest
2062 5703 2112 5752 in

544 5773 730 5827 editis.
797 5771 996 5827 Ibidem
1043 5772 1172 5826 editi
1230 5783 1283 5828 ct
1331 5773 1566 5841 quinque
1620 5788 1750 5828 mss.
1799 5770 2111 5840 οἰκτιρμοῦ.

1624 5266 1668 5298 ⁸⁸
1695 5265 1854 5320 Colos
1884 5280 1965 5331 ιιι,
1995 5265 2049 5331 9,
2085 5264 2172 5320 10.

2205 4612 2442 4683 βασιλεῖ’
2476 4611 2734 4682 παρθένοι
2759 4611 2835 4673 δὲ,
2869 4612 2924 4663 αἱ
2959 4610 3179 4679 πλησίον
3211 4603 3365 4661 οὖσαι
3396 4608 3495 4676 τῆς
3541 4606 3773 4676 Ἐκκλη-

2205 4704 2346 4767 σίας,
2387 4705 2441 4756 αἱ
2468 4703 2640 4757 ὀπίσω
2670 4702 2837 4771 αὐτῆς
2884 4701 3163 4770 ἑπόμεναι,
3193 4700 3287 4752 καὶ
3323 4699 3397 4769 μὴ
3444 4697 3771 4750 ἀποπλανώ-

2209 4813 2366 4867 μεναι
2401 4794 2500 4863 τῆς
2531 4793 2984 4863 ὲκκλησιαστικῆς
3008 4792 3274 4855 εὐταξίας.
3312 4790 3773 4857 Ἀπενεχθήσον-

2207 4903 2301 4938 ται
2344 4883 2412 4936 δὲ
2448 4884 2504 4937 αἱ
2544 4882 2798 4954 παρθένοι
2840 4883 2909 4934 ἐν
2963 4883 3309 4951 εὐφροσύνῃ
3343 4898 3439 4933 και
3484 4881 3772 4950 ἀγαλλιά-

2207 4994 2322 5041 σει,
2347 4976 2717 5043 ἁχθήσονται
2753 4978 2840 5039 εἰς
2870 4973 3018 5028 ναὸν
3043 4973 3368 5038 βασιλέως.
3395 4975 3509 5042 Οὐχ
3538 4975 3593 5026 αἱ
3642 4990 3772 5026 κατ-

2207 5067 2638 5140 ηναγκασμένως
2689 5066 3011 5119 ῦπελθοῦσαι
3050 5067 3147 5137 τὴν
3193 5065 3510 5137 παρθενίαν,
3553 5065 3676 5118 οὐδὲ
3719 5067 3772 5118 ai

2247 5265 2290 5296 ⁸¹
2328 5265 2454 5319 ibid.
2488 5266 2572 5318 12.
2647 5264 2692 5296 ε’
2725 5263 2881 5319 Rom.
2914 5281 3032 5329 χιιι,
3065 5265 3151 5318 14.

2217 5422 2348 5490 Reg.
2401 5422 2435 5474 ‘2
2487 5438 2607 5493 cum
2664 5423 2879 5490 vulgato
2939 5433 3082 5478 textu
3136 5423 3325 5478 Graeco
3386 5424 3703 5493 οἰκτιρμῶν.

2289 5493 2399 5561 (H)
2434 5493 2523 5545 Sic
2560 5492 2709 5561 Regii
2741 5493 3029 5557 secundus,
3058 5506 3286 5562 quartus
3316 5505 3369 5546 ct
3407 5492 3592 5546 sextus
3627 5512 3774 5560 a-que

2218 5578 2282 5615 ac
2331 5564 2622 5616 Colhertiui
2680 5564 2908 5630 primus,
2952 5574 3137 5616 sextus
3183 5575 3237 5616 et
3299 5566 3582 5632 septimus.
3637 5566 3771 5619 Editi

2214 5648 2341 5684 vero
2376 5649 2496 5682 cum
2530 5632 2658 5697 Reg.
2698 5635 2887 5702 quinlo
2914 5631 3225 5687 ἐνδύσασθε.

2283 5702 2394 5767 (t2)
2427 5702 2565 5774 Ei-liti
2589 5720 2709 5754 cum
2741 5719 2846 5757 uno
2874 5714 2964 5756 aut
2991 5704 3160 5758 altero
3185 5720 3282 5758 ms.
3316 5704 3556 5774 σπέρμα.
3590 5705 3654 5756 At
3678 5721 3771 5759 se:

2217 5788 2347 5826 n'ss.
2379 5773 2687 5842 σπέρματα.
