4016 6466
261 404 366 456 fel-'3

1352 395 1629 451 l-lOMlLIA
1674 396 1740 450 ιιι
1776 395 2100 451 PSALMUM
2126 392 2306 449 XLIV.

3395 404 3497 455 ιιι

258 524 325 574 ἐκ
367 519 538 588 λύπης
584 519 616 589 ἢ
654 516 712 581 ἐξ
759 520 1000 589 ἀνάγκης
1046 519 1469 588 καταδεξάμεναι
1512 518 1604 570 τὸν
1636 518 1823 587 σεμνὸν

1932 518 2195 571 humanus
2226 531 2372 583 usus,
2406 516 2458 570 in
2487 528 2675 571 sancta
2710 528 3019 573 sanctorum
3056 519 3494 579 introducentm,

260 615 395 684 βίον,
435 612 548 665 ἀλλ’
588 613 646 663 αἱ
680 613 737 663 ἐν
768 611 1069 682 εὐφροσύνῃ
1118 612 1210 662 καὶ
1256 611 1571 678 ἀγαλλιάσει
1616 611 1708 663 ἐπὶ
1750 610 1826 679 τῷ

258 705 484 775 τοιούτῳ
547 701 924 773 κατορθώματι
989 702 1273 771 χαίρουσαι
1324 702 1468 773 (15),
1513 694 1672 753 αὗται
1722 701 1826 753 ἀπ-

259 797 635 867 ενεχθήσονται
667 795 744 865 τῷ
779 794 1001 864 βασιλεῖ,
1034 794 1125 845 καὶ
1146 793 1470 864 ἀχθήσονται
1506 793 1605 845 οὐκ
1634 793 1713 854 εἰς
1737 790 1826 843 τὸν

257 887 487 957 τυχόντα
509 886 692 952 τόπον,
721 885 832 937 ἀλλ’
876 886 954 946 είς
982 884 1072 936 τὸν
1117 882 1245 937 ναὸν
1290 884 1382 936 τοῦ
1425 883 1704 953 βασιλέως.
1745 881 1825 935 Τά

257 982 367 1050 γὰρ
426 978 673 1051 ἱερατικά
727 976 928 1045 σκεύη,
979 976 1013 1029 ἃ
1051 976 1149 1028 οὐκ
1200 976 1457 1046 ὲμόλυνεν
1513 974 1823 1045 ἀνθρωπίνη

258 1073 472 1141 χρῆσις,
504 1073 582 1131 εἰς
625 1070 691 1121 τὰ
726 1068 855 1135 ἀγια
898 1069 1006 1120 τῶν
1035 1068 1200 1136 ἁγίων
1240 1068 1694 1138 εἰσενεχθὴσεται,
1731 1067 1826 1119 καὶ

258 1163 505 1227 ἐξουσίαν
546 1162 653 1228 ἕξει
685 1162 782 1232 τῆς
822 1163 901 1223 είς
946 1161 1014 1215 τά
1062 1161 1228 1214 ἄδυτα
1262 1160 1516 1231 παρόδου,
1557 1161 1691 1211 ὅπου
1740 1158 1828 1228 βέ-

1932 610 2118 679 eisque
2142 610 2324 663 licebit
2364 610 2428 663 ad
2452 612 2608 680 adyta
2636 614 2918 677 accedere,
2950 612 3038 666 ubi
3083 612 3288 681 profani
3329 618 3494 681 pedm

1933 716 2039 755 non
2074 702 2443 755 ambulabunt.
2478 703 2685 769 Quanta
2713 713 2891 757 autem
2937 719 3022 759 res
3060 706 3131 759 sit
3161 705 3212 758 in
3242 708 3493 772 templum

1934 793 2080 862 regis
2118 794 2330 863 adduci,
2359 793 2624 863 PrOpheta
2676 794 2788 865 ipse
2835 796 3095 860 ostendit,
3144 811 3241 864 pro
3291 811 3349 849 se
3383 798 3496 864 ipm

1931 899 2094 940 orans
2122 900 2187 940 ac
2211 886 2453 942 dicens“
2476 909 2485 941 :
2512 885 2683 940 Unam
2706 888 2828 954 petii
2844 886 3141 953 abomino,
3164 888 3295 940 hanc
3327 889 3496 954 requi-

1932 994 2045 1030 ram
2070 993 2089 1032 :
2117 989 2171 1031 ut
2192 980 2475 1032 inhabilem
2504 980 2559 1032 in
2587 981 2744 1033 domo
2766 979 2976 1033 Domini
3026 980 3264 1033 omnibus
3311 981 3491 1031 diebus

1931 1071 2050 1125 eius
2078 1088 2241 1137 mete;
2266 1083 2320 1125 ut
2353 1073 2558 1127 videam
2584 1073 2895 1142 voluptatem
2943 1071 3176 1137 Domini,
3213 1083 3260 1125 et
3294 1072 3492 1125 visitem

1933 1162 2179 1229 templum
2205 1164 2340 1234 ejus.

257 1254 411 1325 ϐηλοι
450 1253 606 1315 πόδες
632 1252 691 1303 οὐ
721 1253 1198 1323 περιπατήσουσιν.
1237 1252 1447 1305 Ἠλίκον
1478 1251 1534 1303 δέ
1566 1251 1682 1303 ἐστι
1723 1250 1785 1302 τὸ
1820 1248 2048 1320 ἀχθῆναι
2080 1256 2161 1317 είς
2192 1256 2315 1308 ναὸν
2350 1255 2632 1326 βασιλέως,
2662 1256 2691 1307 ό
2722 1256 3011 1326 Προφήτης
3039 1254 3324 1315 δείκνυσιν,
3353 1254 3493 1321 ὑπὲρ

256 1345 448 1399 ἑαυτοῦ
483 1343 925 1414 προσευχόμενος
965 1346 1059 1397 καὶ
1123 1344 1326 1411 λέγων·
1366 1344 1525 1395 Μίαν
1561 1340 1887 1411 ᾐτησάμην
1924 1344 2084 1411 παρὰ
2125 1348 2368 1415 Κυρίου,
2410 1350 2636 1414 ταύτην
2673 1344 2933 1413 ζητήσω’
2977 1346 3042 1397 τὸ
3092 1344 3383 1398 κατοικεῖν
3416 1363 3492 1413 με

253 1449 323 1496 ἐν
347 1443 490 1506 οἴκῳ
516 1440 735 1508 Κυρίου
762 1440 963 1505 πάσας
992 1438 1098 1505 τὰς
1130 1437 1352 1506 ἡμέρας
1373 1436 1482 1507 τῆς
1509 1436 1656 1506 ζωῆς
1679 1455 1818 1507 μου,
1857 1438 1964 1492 τοῦ
2029 1441 2266 1509 θεωρεῖν
2320 1460 2397 1512 με
2430 1442 2540 1513 (14)
2573 1440 2685 1510 τὴν
2719 1440 3081 1509 τερπνότητα
3110 1439 3353 1506 Κυρίου,
3393 1438 3490 1491 καὶ

253 1536 718 1590 ἐπισκέπτεσθαι
742 1535 848 1589 τὸν
874 1535 1023 1589 ναὸν
1048 1531 1257 1587 αὑτοῦ·

328 1629 413 1682 12,
458 1630 604 1683 Ἀντί
641 1628 759 1683 τῶν
802 1628 1069 1695 πατέρων
1110 1641 1227 1681 σου
1274 1626 1688 1698 ἐγεννήθησαν
1716 1630 1824 1700 (15)

254 1726 306 1775 οί
348 1722 466 1775 υἱοί
504 1736 654 1775 σου·
696 1719 1095 1787 καταστήσεις
1136 1721 1357 1787 αὐτοὺς
1394 1721 1687 1791 ἄρχοντας
1727 1722 1824 1774 ἐπὶ

254 1811 462 1867 πᾶσαν
480 1813 592 1881 τὴν
603 1810 731 1882 γῆν.
751 1813 963 1884 Ἐπειδὴ
984 1816 1093 1867 ἀνω
1116 1815 1457 1885 προσετάχθη
1482 1813 1824 1867 ἐπιλαθέσθαι

254 1903 347 1955 τοῦ
387 1904 535 1968 λαοῦ,
577 1903 669 1955 καὶ
705 1903 799 1955 τοῦ
830 1904 978 1958 οἴκου
1027 1904 1120 1958 τοῦ
1172 1909 1410 1978 πατρὸς,
1453 1908 1532 1969 είς
1559 1906 1823 1958 ἀντίδοσιν

256 1997 352 2066 τῆς
383 1998 626 2066 ὑπακοῆς
659 1994 753 2049 νῦν
791 1997 910 2049 ἀντὶ
938 1995 1044 2051 τῶν
1074 1997 1324 2069 πατέρων
1357 1997 1618 2067 λαμϐάνει
1654 1998 1823 2060 υἱοὺς,

254 2088 312 2138 ὲν
366 2086 701 2156 τηλικούτοις
753 2086 1023 2158 ἀξιώμασι
1068 2088 1495 2159 διαπρέποντας,
1540 2087 1681 2140 ὥστε
1723 2106 1826 2142 κα-

252 2177 514 2247 ταστῆναι
552 2178 661 2249 (16)
710 2180 906 2242 αὐτοὺς
957 2181 1252 2250 ἄρχοντας
1296 2181 1393 2234 ἐπὶ
1449 2180 1654 2235 πᾶσαν
1713 2180 1827 2248 τὴν

254 2268 387 2337 γῆν.
440 2270 592 2334 Τίνες
645 2268 738 2324 οὖν
785 2272 834 2324 οἱ
878 2272 984 2326 υἱοὶ
1030 2274 1125 2341 τῆς
1182 2273 1539 2345 Ἐκκλησίας;
1576 2274 1729 2325 Ἤτοι
1774 2275 1823 2324 οἱ

255 2362 359 2413 υἱοὶ
408 2362 500 2415 τοῦ
548 2364 902 2433 Εὑαγγελίου,
951 2366 999 2417 oi
1033 2364 1212 2433 πάσης
1258 2365 1357 2432 τῆς
1401 2366 1503 2433 γῆς
1538 2362 1817 2434 ἄρξαντες.

256 2456 361 2519 Είς
396 2452 603 2508 πᾶσαν
629 2456 757 2527 γάρ,
794 2456 947 2524 φησι,
977 2454 1087 2522 τὴν
1116 2454 1479 2523 οἰκουμένην
1509 2454 1763 2523 ἐξῆλθεν
1793 2458 1825 2509 ό

252 2548 513 2617 φθόγγος
541 2548 768 2601 αὐτῶνο
801 2549 921 2612 καὶ,
954 2547 1442 2615 Καθεσθήσονται
1469 2549 1565 2601 ἐπὶ
1598 2547 1825 2601 δώδεκα

256 2641 536 2707 θρόνους,
575 2641 673 2692 καὶ
727 2640 1000 2707 κρινοῦσι
1045 2642 1151 2707 τὰς
1192 2639 1418 2694 δώδεκα
1464 2640 1663 2708 φυλὰς
1717 2639 1823 2693 τοῦ

269 2731 535 2797 Ἰσραήλ.
589 2730 711 2784 Ἐἀν
755 2731 812 2784 δέ
866 2749 949 2795 τις
1001 2735 1240 2803 πατέρας
1278 2733 1375 2802 τῆς
1420 2730 1636 2801 νύμφης
1687 2731 1825 2803 λάϐῃ

253 2821 381 2881 τοὺς
408 2821 769 2891 πατριάρχας,
814 2821 908 2874 καὶ
933 2822 1104 2885 οὕτως
1134 2824 1162 2875 ό
1188 2822 1341 2890 λόγος
1370 2823 1476 2875 τῶν
1514 2822 1825 2876 ἀποστόλων

254 2912 317 2962 οὑ
347 2911 643 2964 διαπίπτει.
681 2913 826 2965 Ἀντὶ
870 2912 979 2983 γὰρ
1022 2912 1244 2965 ἐκείνων
1288 2912 1651 2980 ἐγεννήθησαν
1686 2911 1822 2980 αὐτῇ

255 3003 361 3054 υἱοὶ
402 3002 488 3056 διὰ
531 3004 624 3056 τοῦ
674 3003 943 3075 Χριστοῦ,
984 3007 1031 3057 οἱ
1090 3002 1366 3063 ποιοῦντες
1424 3002 1490 3053 τά
1538 3002 1675 3069 ἔργα
1730 3000 1822 3053 τοῦ

269 3093 548 3164 Ἀϐραάμ·
597 3096 689 3147 καὶ
733 3094 819 3147 me
862 3093 1016 3146 τοῦτο
1064 3094 1291 3161 ίσότιμοι
1328 3092 1509 3154 αὐτοῖς
1552 3094 1823 3165 χρηματί-

2000 1629 2087 1683 12.
2114 1628 2276 1681 Vens.
2305 1625 2391 1679 17.
2426 1624 2535 1678 Pro
2564 1623 2799 1692 patribus
2831 1622 2934 1674 tuis
2967 1621 3076 1674 nati
3109 1629 3225 1673 sunt
3247 1619 3348 1687 ﬁlii
3373 1620 3450 1671 tui
3475 1635 3492 1670 :

1931 1720 2208 1774 constitues
2221 1736 2305 1772 eos
2320 1718 2573 1787 principes
2600 1732 2753 1782 super
2776 1731 2973 1769 omnem
2998 1724 3212 1766 terram.
3243 1712 3493 1778 Quando-

1930 1813 2144 1883 quidem
2189 1826 2350 1881 supra
2387 1820 2712 1878 prarceptum
2766 1818 2852 1861 est
2882 1808 2928 1860 ei
2977 1816 3035 1860 ut
3080 1807 3493 1859 oblivisceretur

1926 1906 2104 1975 pepuli
2142 1914 2194 1958 et
2225 1906 2416 1958 domus
2447 1903 2637 1972 patris,
2670 1901 2720 1953 in
2749 1900 3071 1953 obedientia:
3096 1897 3490 1952 remuneratio—

1927 2014 2046 2053 nem
2078 2013 2219 2051 nunc
2257 2012 2355 2064 pro
2383 1995 2628 2065 patribus
2658 1993 2856 2062 accipit
2886 1992 3025 2045 ﬁlios
3064 1992 3224 2044 tantis
3256 1991 3490 2059 dignita-

1926 2090 2072 2143 tibus
2125 2088 2436 2155 insignilos,
2498 2096 2555 2139 ut
2611 2086 3006 2139 consumantur
3051 2082 3309 2149 principes
3338 2098 3494 2145 super

1925 2194 2126 2232 onmem
2156 2187 2369 2229 terram.
2402 2176 2500 2241 Qui
2525 2186 2648 2228 sunt
2690 2175 2854 2242 igitur
2882 2173 3139 2227 Ecclesiae
3172 2172 3298 2225 lilii?
3324 2171 3488 2225 Nimio

1926 2284 2040 2320 rum
2076 2267 2347 2335 Evangelii
2389 2266 2507 2328 lilii,
2556 2264 2647 2332 qui
2686 2263 2805 2316 orbi
2842 2264 3093 2316 nniverso
3131 2263 3487 2328 imperarunt.

1925 2359 1990 2413 In
2014 2374 2214 2412 onmem
2234 2359 2396 2420 enim,
2418 2357 2610 2425 inquit.
2637 2364 2829 2409 terram
2852 2356 3012 2407 exivit
3036 2370 3191 2406 sonus
3218 2370 3398 2405 eorum
3416 2354 3485 2417 ⁸⁶;

1924 2463 1998 2516 et,
2035 2451 2297 2506 Sedebant
2337 2467 2491 2515 super
2524 2450 2796 2500 duodecim
2828 2450 3063 2510 thronos,
3101 2458 3150 2499 et
3175 2447 3488 2515 judicabant

1923 2542 2196 2594 duodecim
2234 2541 2395 2592 tribus
2419 2538 2590 2592 Israel
2620 2540 2687 2593 ⁸⁵.
2722 2540 2777 2593 Si
2807 2539 2931 2608 quis
2963 2551 3139 2592 autem
3165 2554 3375 2607 sponsa:
3398 2556 3493 2606 pa-

1927 2643 2034 2688 tres
2064 2635 2323 2701 intelligat
2354 2633 2709 2701 patriarchas,
2739 2634 2807 2685 ita
2826 2646 3039 2701 quoque
3076 2631 3343 2684 intellecta
3370 2645 3492 2683 sen—

1925 2728 2091 2779 tentia
2127 2728 2193 2779 ab
2230 2727 2486 2793 apostolis
2517 2726 2689 2779 aliena
2717 2740 2818 2777 non
2848 2735 2947 2777 est.
2977 2723 3106 2776 Nam
3134 2740 3231 2791 pro
3256 2723 3487 2776 illisnati

1924 2825 2046 2871 sunt
2071 2828 2123 2871 et
2156 2817 2246 2870 lilii
2266 2834 2359 2886 per
2379 2816 2670 2883 Christum,
2703 2816 2958 2871 facientes
2988 2830 3146 2884 opera
3171 2816 3403 2868 Abrahze
3420 2816 3487 2876 ⁸⁸.

1924 2917 1977 2960 et
2001 2907 2120 2960 ideo
2148 2921 2296 2973 mque
2327 2906 2575 2959 honorati
2608 2921 2671 2958 ac
2704 2905 2826 2972 ipsi,
2856 2904 2997 2972 quod
3038 2907 3221 2956 eadem
3255 2912 3485 2970 egerunt

1927 3014 2048 3068 quae
2080 2998 2177 3059 illi,
2230 2998 2297 3051 ob
2335 3012 2454 3066 quae
2506 2997 2799 3050 honoribus
2843 2994 3052 3065 magnis
3098 2994 3296 3063 dignati
3360 3005 3488 3045 sunt

1927 3101 2131 3160 patres.
2156 3089 2435 3158 Principes
2459 3104 2586 3143 vero
2616 3089 2882 3142 universae
2926 3097 3082 3141 terrae
3117 3097 3242 3138 sunt
3292 3086 3489 3144 sancti,

257 3186 441 3249 ζοντες
482 3187 615 3256 (17),
652 3188 714 3236 ὲκ
744 3184 834 3235 τοῦ
883 3184 1241 3253 πεποιηκέναι
1268 3183 1335 3235 τά
1381 3183 1518 3237 αὑτά
1566 3186 1823 3249 ἐκείνοις,

1928 3185 1995 3239 ob
2027 3198 2177 3236 suam
2202 3198 2321 3235 cum
2354 3182 2496 3235 bono
2526 3181 2999 3240 necessitudinem,
3060 3194 3182 3230 cum
3222 3178 3333 3243 ipsa
3364 3177 3488 3230 boni

256 3276 350 3346 ἀφ’
376 3271 449 3329 ὧν
489 3275 595 3328 τῶν
634 3276 881 3344 μεγάλων
914 3276 1087 3346 τιμῶν
1129 3276 1439 3349 ἠξιώθησαν
1479 3279 1527 3330 οἱ
1570 3279 1820 3347 πατέρες.

261 3370 550 3438 Ἀρχοντες
591 3367 770 3437 μέντοι
799 3369 935 3421 εἰσὶν
968 3368 1185 3440 ἀπάσης
1214 3372 1309 3439 τῆς
1350 3368 1453 3437 γῆς
1484 3370 1532 3421 οἱ
1561 3370 1704 3435 ἆγιοι
1734 3368 1821 3420 διὰ

255 3462 355 3529 τὴν
399 3458 530 3530 πρὸς
568 3460 629 3512 τὸ
668 3462 829 3515 καλὸν
861 3462 1155 3523 οίκείωσιν,
1198 3462 1363 3530 αὐτῆς
1400 3460 1500 3529 τῆς
1529 3460 1621 3513 τοῦ
1659 3459 1822 3513 καλοῦ

258 3554 473 3623 φύσεως
510 3553 877 3625 περιτιθείσης
910 3555 1093 3616 αὐτοῖς
1143 3554 1203 3604 τὸ
1249 3556 1535 3622 πρωτεῖον,
1577 3552 1651 3616 ὡς
1680 3569 1828 3622 περι-

258 3643 419 3713 έθηκε
446 3641 522 3712 τῷ
558 3642 748 3695 Ἰακὼό
780 3644 878 3711 τὴν
919 3642 1058 3695 κατά
1088 3640 1179 3694 τοῦ
1217 3641 1382 3694 Ἡσαῦ
1429 3642 1696 3708 ἐξουσίαν.
1726 3643 1826 3694 Γί-

257 3751 367 3787 νου
403 3732 532 3803 γὰρ,
566 3734 718 3805 φησὶ,
760 3735 963 3801 κύριος
1002 3733 1107 3787 τοῦ
1146 3733 1411 3803 ἀδελφοῦ
1453 3752 1588 3788 σου.
1616 3736 1677 3788 Ol
1714 3734 1825 3786 τοί--

257 3841 349 3875 νυν
383 3824 610 3894 ἰσότιμοι
653 3825 761 3884 τοῖς
803 3824 1038 3892 πατράσι
1089 3825 1367 3893 γενόμενοι
1412 3824 1541 3900 (18),
1589 3825 1682 3876 καὶ
1727 3824 1826 3894 τὴν

260 3915 399 3968 κατά
429 3916 643 3967 πάντων
672 3914 944 3986 ὑπεροχὴν
979 3915 1067 3969 διά
1093 3918 1192 3987 τὴν
1227 3917 1323 3986 τῆς
1353 3916 1550 3985 ἀρετῆς
1594 3915 1825 3987 ἄσκησιν

258 4002 682 4073 προσλαϐόντες,
725 4003 818 4055 καὶ
858 4003 962 4054 υἱοὶ
992 4005 1091 4068 τῆς
1143 4004 1377 4075 Χριστοῦ
1422 4003 1638 4074 νύμφης
1686 4005 1821 4069 εἰσὶ,

257 4092 352 4144 καὶ
399 4090 549 4161 παρά
582 4094 679 4161 τῆς
732 4092 867 4154 ἰδίας
918 4093 1117 4163 μητρὸς
1170 4093 1519 4147 καθίστανται
1566 4093 1824 4163 ἄρχοντες

258 4184 351 4235 ἐπὶ
387 4185 562 4237 πᾶσαν
602 4184 699 4254 τὴν
733 4183 854 4253 γῆν.
886 4184 1083 4236 Σκόπει
1112 4183 1167 4235 δέ
1202 4200 1291 4253 μοι
1320 4183 1414 4254 τὴν
1452 4183 1697 4249 ἐξουσίαν
1725 4184 1824 4254 τῆς

261 4274 547 4343 βασιλίδος,
588 4276 686 4345 ὅση
725 4293 808 4337 τις
847 4276 932 4327 ἐπ’
976 4277 1143 4345 αὐτῆς
1177 4276 1327 4328 ἐστι’
1365 4279 1686 4346 χειροτονεῖν
1728 4276 1825 4350 ἄρ·-

259 4383 451 4436 χοντας
478 4369 569 4420 ἐπὶ
603 4370 781 4421 πᾶσαν
814 4366 908 4437 τὴν
937 4369 1056 4438 γῆν.
1089 4367 1524 4436 Μνησθήσομαι
1548 4369 1653 4421 τοῦ
1694 4370 1825 4422 ὀνό-

252 4460 440 4525 ματός
476 4477 591 4514 σου
626 4462 694 4513 ἐν
729 4459 893 4527 πάσῃ
933 4456 1107 4529 γενεᾷ
1135 4460 1231 4510 καὶ
1278 4458 1471 4527 γενεᾷ.
1504 4460 1607 4513 Διὰ
1650 4461 1823 4515 τοῦτο

1930 3284 2123 3331 natura
2152 3275 2232 3330 eis
2266 3274 2629 3343 principatum
2684 3274 2907 3339 tribuat,
2948 3274 3089 3326 sicut
3112 3270 3314 3325 Jacobo
3343 3280 3493 3339 pote-

1930 3376 2124 3421 statem
2161 3367 2213 3419 in
2248 3367 2421 3434 ipsum
2454 3365 2592 3419 Esau
2627 3366 2871 3435 prmbuit.
2931 3363 3058 3418 Fias
3088 3366 3254 3427 enim,
3299 3365 3490 3431 inquit.

1930 3457 2172 3510 dominus
2200 3455 2381 3525 fratris
2409 3456 2486 3508 tui
2509 3455 2576 3508 ⁸⁷.
2608 3455 2923 3520 Quicunque
2959 3456 3122 3521 igitur
3153 3454 3362 3508 honore
3395 3472 3490 3522 pa-

1932 3550 2103 3603 tribus
2139 3562 2296 3619 pares
2319 3546 2447 3602 facti
2480 3558 2623 3612 sunt,
2662 3557 2825 3615 atque
2852 3563 2946 3617 per
2974 3547 3188 3601 virtutis
3222 3548 3489 3601 exercita-

1932 3641 2133 3694 tionem
2160 3639 2411 3693 omnibus
2441 3638 2833 3707 praestiterunt,
2869 3650 2922 3692 et
2952 3638 3043 3691 ﬁlii
3089 3654 3298 3707 sponsa:
3327 3639 3488 3691 Chri-

1931 3732 1999 3787 sti
2030 3739 2177 3796 sunt,
2202 3740 2256 3786 et
2278 3746 2303 3783 a
2340 3730 2552 3800 propria
2578 3741 2750 3783 matre
2774 3731 3048 3799 principes
3087 3744 3248 3797 super
3274 3744 3490 3783 onmem

1933 3828 2133 3874 terram
2198 3821 2619 3874 constituuntur.
2692 3819 2864 3873 Velim
2923 3830 3103 3872 autem
3179 3820 3500 3874 consideres

1930 3922 2132 3983 quanta
2156 3914 2225 3967 sit
2260 3914 2459 3981 regina:
2483 3921 2744 3983 potestas,
2774 3914 2853 3967 sic
2884 3921 2943 3966 ut
2963 3921 3110 3967 creet
3144 3926 3205 3966 ac
3230 3911 3495 3980 praeﬁciat

1931 4006 2202 4076 principes
2233 4020 2395 4076 super
2423 4020 2635 4060 onmem
2690 4016 2908 4060 terram.
2960 4004 3119 4058 Vens.
3164 4005 3243 4059 l8.
3284 4003 3493 4056 Mentor

1929 4114 2019 4151 ero
2054 4098 2276 4150 nominis
2306 4100 2382 4150 tui
2421 4099 2475 4150 in
2524 4100 2665 4151 omni
2695 4098 3023 4166 generatione
3061 4106 3110 4147 et
3136 4097 3491 4164 generatione.

1934 4186 2217 4255 Propterea
2246 4188 2425 4256 populi
2455 4187 2841 4254 conﬁtebuntur
2867 4187 2963 4239 tibi
3002 4188 3058 4239 in
3088 4186 3337 4240 swculum
3366 4197 3411 4239 et
3439 4188 3494 4241 in

1930 4276 2177 4331 swculum
2224 4277 2427 4331 swcuti.
2455 4276 2585 4331 Post
2630 4279 2813 4331 omnia
2866 4290 3119 4347 tanquam
3146 4294 3212 4333 ex
3240 4278 3494 4331 Ecclesia:

1931 4385 2157 4438 persona
2185 4370 2382 4423 dictum
2412 4379 2495 4424 est
2529 4370 2677 4437 illud,
2712 4370 2917 4423 Memor
2949 4386 3039 4421 ero
3076 4368 3301 4421 nominis
3339 4368 3414 4420 tui
3440 4369 3491 4419 iu

1930 4463 2071 4513 omni
2104 4463 2432 4530 generatione
2455 4473 2500 4514 et
2534 4462 2885 4529 generatione.
2911 4462 3040 4528 Qua:
3071 4472 3247 4515 autem
3275 4470 3359 4516 est
3381 4462 3495 4516 hac

256 4551 390 4603 λαοὶ
430 4552 975 4623 ἐξομολογήσονταί
1004 4566 1101 4605 σοι
1126 4553 1212 4616 είς
1237 4549 1342 4603 τὸν
1374 4552 1557 4604 αἰῶνα
1596 4553 1691 4604 καὶ
1730 4557 1823 4619 εἰς

1928 4553 2181 4607 Ecclesiae
2212 4554 2462 4607 memoria
2485 4554 2507 4605 ’ί
2533 4554 2813 4609 Confessio
2842 4557 3178 4625 populorum.

258 4644 366 4697 τὸν
403 4640 585 4695 αἰῶνα
614 4644 718 4695 τοῦ
756 4643 985 4708 αἰῶνος.
1021 4642 1142 4695 Ἐπὶ
1176 4644 1338 4695 πᾶσιν
1372 4642 1446 4705 ὠς
1478 4643 1542 4695 ὲκ
1580 4642 1871 4712 προσώπου
1919 4648 2018 4714 τῆς
2051 4646 2371 4716 Ἐκκλησίας
2396 4648 2423 4697 ὀ
2460 4645 2615 4714 λόγος
2653 4648 2887 4719 εἴρηται,
2932 4650 3013 4701 ὅτι
3057 4645 3495 4714 Μνησθήσομαι

256 4736 364 4790 τοῦ
401 4735 687 4804 ὀνόματός
721 4749 837 4789 σου
865 4734 934 4787 ὲν
966 4732 1131 4801 πάσῃ
1163 4734 1340 4803 γενεᾷ
1370 4734 1467 4788 καί
1507 4732 1699 4804 γενεᾷ.
1730 4736 1822 4799 Τίς
1864 4737 1919 4790 δέ
1962 4740 2107 4791 ἐστιν
2146 4740 2178 4807 ἡ
2224 4736 2325 4805 τῆς
2362 4737 2683 4811 Ἐκκλησίας
2744 4742 2965 4811 μνήμης
3002 4741 3064 4792 'H
3112 4740 3495 4812 ἐξομολόγησις

256 4833 367 4885 τῶν
396 4831 561 4885 λαῶν.

329 4990 544 5043 ⁸³Ρειι1.
598 5003 744 5052 xxvr,
799 4986 852 5039 4.
930 4988 977 5018 ⁸⁵
1032 4987 1179 5042 Psal.
1230 5000 1387 5050 xvnt,
1424 4986 1478 5039 5.
1554 4986 1598 5018 "
1630 4985 1818 5039 Matth.
1850 4986 2077 5049 xtx,28.

334 5135 448 5205 (l5)
472 5135 569 5189 Vir
599 5136 813 5205 quidem
851 5132 1219 5205 doctissimus,
1249 5141 1388 5205 teste
1437 5131 1653 5205 Ducam,
1686 5145 1820 5205 con-

254 5200 460 5273 ject-rat
491 5207 560 5258 ita
590 5200 979 5258 emendandum
1015 5217 1157 5265 esse,
1188 5202 1277 5254 ἐπὶ
1309 5200 1369 5253 τὸ
1397 5200 1605 5273 τοιοῦτο
1631 5201 1823 5273 κατόρ-

260 5270 422 5346 θωμα
452 5275 721 5346 χωροῦσαι
754 5275 890 5346 °_sed
925 5274 1154 5346 Dncreus
1178 5276 1291 5340 ipse
1329 5270 1599 5346 vulgatam
1634 5270 1821 5324 lectio-

261 5340 405 5406 nein,
434 5340 632 5413 aeno
658 5343 881 5412 τοιούτῳ
925 5340 1304 5412 κατορθώματι
1341 5340 1645 5411 χαίρουσαι,
1692 5344 1821 5413 reti-

262 5419 491 5469 reudam
522 5411 754 5475 eensnit,
792 5417 857 5466 ad
910 5413 1070 5480 idque
1110 5413 1444 5479 probandum
1507 5411 1821 5464 testimonio

260 5487 465 5541 codicis
497 5485 634 5538 Oliv.
662 5499 790 5537 usus
826 5491 908 5534 est
942 5482 1059 5535 :eui
1084 5482 1252 5534 codici
1289 5482 1408 5534 addi
1433 5491 1657 5549 possunt
1682 5481 1816 5549 Reg.

260 5567 508 5621 q-aartus,
549 5553 698 5609 Coll).
725 5562 909 5606 sextus
935 5562 987 5604 et
1020 5552 1109 5604 alii
1141 5551 1403 5604 nonnulli.

336 5624 445 5695 (ιιι)
472 5624 561 5681 Sic
594 5624 758 5677 editio
796 5623 955 5677 Basil.
1002 5634 1056 5676 et
1097 5638 1223 5677 mss.
1258 5623 1518 5692 quinque.
1554 5620 1710 5677 Deest
1750 5636 1817 5691 με

2182 4986 2225 5017 ⁸⁸
2252 4985 2405 5039 Jozm.
2455 5002 2570 5053 vm,
2602 4987 2667 5041 '59
2766 4986 2807 5017 ⁸⁷
2860 4985 2996 5039 Gen.
3021 5002 3188 5050 xxv",
3220 4989 3309 5042 (ἐρ.

1929 5131 1984 5183 in
2012 5132 2250 5185 editione
2288 5130 2464 5187 Paris.
2499 5129 2698 5185 Ibidem
2754 5129 2885 5199 Reg.
2927 5131 3196 5185 secundus
3228 5128 3319 5181 τὸν
3369 5126 3494 5180 ναὸν

1926 5201 2016 5252 τὸν
2049 5202 2202 5268 ἇγιον
2224 5199 2408 5254 αὑτοῦ.

2002 5271 2111 5341 (15)
2147 5272 2372 5326 Codices
2395 5282 2502 5324 tres
2527 5268 2883 5339 ἐγενήθησαν,
2920 5269 3048 5340 facti
3073 5279 3212 5322 sunt.

2024 5339 2113 5411 16)
2145 5342 2236 5396 Sic
2268 5358 2397 5395 tnss.
2426 5342 2686 5410 quinque.
2712 5343 2849 5395 Editi
2882 5339 2955 5402 ώς
2994 5339 3352 5407 καταστῆναι.

2030 5413 2112 5482 17)
2146 5412 2236 5465 Sic
2270 5411 2419 5481 Regii
2452 5412 2744 5472 secundus,
2774 5415 2966 5482 tertius
3011 5421 3063 5461 et
3100 5419 3324 5482 quartus
3370 5424 3494 5464 cum

1925 5478 2250 5561 Colbertihnis
2275 5478 2449 5549 primo
2478 5492 2531 5533 et
2562 5490 2735 5561 sexto.
2768 5480 2911 5561 Editi
2934 5478 3384 5561 χρηματίζουσιν.

1998 5552 2109 5622 (18)
2152 5552 2242 5608 Sic
2268 5561 2496 5622 quatuor
2532 5564 2661 5605 mss.
2688 5555 2759 5606 At
2788 5551 2912 5605 editi
2945 5551 3245 5619 γινόμενοι.
