4016 6458
242 410 346 465 H7

1367 398 1647 451 IIOMILIA
1684 397 1751 449 IN
1791 399 2119 455 PSALMUM
2155 397 2316 451 XLV.

3351 403 3454 457 HS

243 523 440 577 εἴδωλα
488 517 596 588 (25)
643 514 1067 585 καταφεύγουσιν
1107 514 1154 565 οἱ
1209 509 1455 573 ἄπιστοι,
1506 510 1598 565 τοῦ
1640 509 1804 572 ὅντως

1906 513 2039 567 scite
2075 510 2226 563 utilia
2286 506 2578 576 postulant,
2621 521 2685 560 ac
2711 507 2956 576 quaedam
2987 516 3178 576 petunt
3213 518 3270 563 ut
3294 511 3463 578 homo,

242 612 380 666 Θεοῦ
413 610 510 680 τὴν
547 607 744 676 γνῶσιν
776 605 880 659 ὑπὸ
922 605 1018 674 τῆς
1053 599 1202 672 παρὰ
1243 600 1335 653 τοῦ
1379 599 1619 653 διαὸόλου
1664 615 1810 669 γενο-

248 705 416 774 μένης
446 701 628 764 αὐτοῖς
668 700 977 770 συγχύσεως
1016 693 1417 766 ἀφαιρεθέντες.
1458 693 1568 746 Καὶ
1609 696 1658 746 οί
1689 696 1808 747 ἐπι-

245 792 603 862 γινώσκοντες
631 792 688 845 δέ
722 791 810 843 τὸν
837 787 967 842 Θεὸν
1009 790 1134 860 περὶ
1173 787 1273 855 τὴν
1314 786 1422 838 τῶν
1467 786 1805 857 πραγμάτων

244 885 515 957 διάκρισιν
564 882 902 952 σφάλλονται,
943 879 1276 939 ἀπαιδεύτως
1309 877 1406 940 τὰς
1434 877 1674 948 αἰτήσεις
1701 879 1808 933 τῶν

248 977 632 1050 συμφερόντων
693 974 1034 1045 ποιούμενοι,
1084 972 1178 1026 καὶ
1231 967 1503 1030 αἰτοῦντές
1569 985 1688 1022 τινα
1735 969 1810 1032 ὼς

245 1066 444 1140 ἀγαθὰ,
487 1069 586 1121 οὑκ
639 1068 728 1122 ἐπὶ
779 1066 1104 1136 συμφέροντι
1163 1061 1420 1125 πολλάκις
1463 1060 1665 1127 αὐτῶν,
1715 1064 1811 1116 καὶ

247 1161 541 1230 φεύγοντες
583 1161 717 1215 ἄλλα
772 1158 882 1228 (26)
935 1157 1010 1220 ὡς
1061 1152 1307 1223 πονηρὰ,
1359 1152 1558 1223 πολλλὴν
1627 1154 1810 1218 αὐτοῖς

247 1244 418 1307 ἐνίοτε
448 1256 544 1324 τὴν
573 1252 837 1318 ὠφέλειαν
876 1249 1126 1318 φέροντα.
1166 1239 1309 1311 Οἴον,
1341 1248 1486 1299 νοσεῖ
1520 1262 1637 1308 τις;
1680 1245 1811 1297 Φεύ-

245 1361 360 1412 γων
392 1346 450 1397 τὸ
485 1347 546 1396 ἐκ
571 1343 665 1413 τῆς
698 1342 848 1394 νόσου
881 1340 1153 1400 ἐπίπονον,
1202 1337 1420 1408 εὒχεται
1455 1336 1552 1407 τὴν
1583 1335 1809 1404 ὑγίειαν.

260 1434 524 1489 Ἀπέϐαλε
586 1435 868 1507 χρήματα;
921 1430 1257 1502 Περιώδυνός
1327 1433 1441 1481 ἐστι
1493 1431 1557 1497 τῇ
1618 1425 1810 1498 ζημίᾳ.

251 1528 408 1578 Ἐστι
445 1526 498 1579 δὲ
528 1527 781 1588 πολλάκις
815 1523 906 1579 καὶ
937 1525 970 1593 ἡ
1005 1523 1155 1586 νόσος
1197 1521 1494 1590 ὠφέλιμος,
1535 1520 1660 1572 ὅταν
1698 1535 1814 1571 παισ

245 1619 507 1688 δαγωγεῖν
578 1621 742 1692 μέλλῃ
796 1618 886 1672 τὸν
937 1617 1319 1688 ἁμαρτάνοντα
1344 1631 1357 1645 ο
1407 1614 1502 1666 καὶ
1544 1615 1576 1682 ἡ
1636 1611 1815 1680 ὑγίεια

250 1710 508 1782 βλαϐερὰ,
549 1711 674 1763 ὅταν
721 1711 926 1779 ἐφόδιον
980 1710 1193 1779 γίνηται
1247 1706 1382 1772 πρὸς
1423 1704 1689 1773 ἁμαρτίαν
1737 1701 1814 1772 τῷ

1908 608 1986 661 eis
2016 617 2157 673 saepe
2193 617 2297 656 non
2320 599 2704 662 conducibilia.
2736 600 2840 654 alia
2874 616 3003 655 vero
3032 613 3089 656 ιιι
3127 602 3263 656 mala
3298 605 3465 658 decli-

1910 706 2058 761 nant,
2095 708 2215 766 quae
2261 693 2366 747 sibi
2407 692 2698 763 aliquando
2757 692 2909 762 171
2957 692 3184 748 multum
3235 694 3465 749 allatura

1908 799 2061 841 erant
2099 785 2468 843 emolumenti.
2510 784 2752 853 Exempli
2783 799 2946 840 causa
2977 803 2989 838 :
3045 793 3274 857 aegrotat
3297 788 3466 849 quis?

1910 877 2078 934 Morbi
2115 879 2417 936 molestiam
2452 876 2688 948 fugiens,
2727 886 2880 949 rogat
2918 879 3225 934 sanitatem.
3272 879 3469 936 Amisit

1911 969 2213 1037 pecunias?
2255 970 2333 1026 Ob
2377 969 2520 1025 hanc
2552 968 2820 1036 jacturam
2853 971 3090 1024 maximo
3117 973 3335 1039 angitur
3370 976 3464 1027 du-

1911 1063 2043 1115 lore.
2068 1060 2183 1114 Erit
2213 1064 2352 1116 enim
2376 1062 2524 1118 utilis
2559 1075 2931 1130 saepenumero
2960 1061 3039 1116 vel
3071 1061 3312 1126 morbus,
3337 1078 3465 1116 cum

1910 1153 2160 1208 videlicet
2191 1167 2501 1222 peccantem
2535 1152 2858 1210 refrenabit.
2889 1153 2955 1207 Et
2989 1170 3159 1209 nocua
3193 1163 3276 1210 est
3317 1156 3469 1207 sani-

1914 1255 1993 1299 tas
2025 1253 2134 1297 tum
2166 1259 2287 1298 cum
2317 1259 2378 1298 ea
2407 1243 2608 1300 {ruenti
2641 1245 2700 1300 ﬁt
2747 1246 2949 1314 peccati
2998 1247 3233 1301 occasio.
3289 1246 3379 1300 Sic
3413 1256 3466 1301 et

1911 1334 2150 1406 pecuniae
2184 1333 2635 1404 quibusdamjam
2657 1337 2723 1392 ad
2754 1335 3032 1391 libidinem
3054 1335 3417 1390 insert-ierunt
3448 1354 3461 1390 :

1911 1436 2199 1496 paupertas
2229 1441 2354 1482 vero
2386 1425 2644 1496 plurimos
2691 1433 2755 1481 ad
2800 1429 2925 1484 vitia
2969 1443 3294 1499 magnopere
3340 1443 3468 1498 pro-

1912 1519 2206 1588 pendentes
2243 1517 2516 1586 repressit.
2552 1515 2735 1585 Neque
2763 1519 2924 1587 igitur
2947 1517 3184 1590 refugias
3215 1535 3331 1588 quae
3359 1536 3463 1574 non

1914 1619 2124 1678 oportet
2150 1624 2284 1664 :nec
2304 1609 2582 1679 confugias
2610 1608 2674 1662 ad
2700 1623 2856 1678 quem
2890 1625 2992 1664 non
3017 1620 3253 1680 oportet.
3285 1610 3462 1665 Unum

1913 1716 2074 1771 porro
2103 1702 2381 1757 vitandum
2415 1700 2506 1753 tibi
2534 1710 2636 1766 est,
2663 1709 2946 1769 peccatum
2981 1702 3251 1770 videlicet,
3272 1714 3326 1759 et
3351 1703 3467 1758 uni-

248 1804 444 1873 ἔχοντι.
471 1802 624 1855 Οὕτω
658 1803 752 1853 καὶ
789 1802 1044 1870 χρήματα
1069 1798 1167 1868 ἤδη
1201 1797 1342 1849 τισὶν
1373 1797 1645 1867 ὑπηρεσία
1678 1794 1804 1865 πρὸς

1915 1808 2037 1846 cum
2075 1808 2141 1845 ex
2177 1793 2329 1848 malis
2357 1790 2622 1862 refugium
2659 1792 2752 1847 tibi
2794 1792 2865 1848 sit
2912 1792 3075 1848 Deus.
3108 1794 3184 1849 Ne
3215 1799 3467 1852 confidite

246 1893 540 1947 ἀκολασίαν
579 1892 820 1960 ἐγένετοο
869 1889 962 1943 καὶ
1011 1889 1170 1941 πενία
1208 1889 1431 1952 πολλοὺς
1481 1888 1810 1958 ἐσωφρόνισε

244 1984 356 2037 τῶν
379 1983 718 2058 ὡρμημένων
745 1981 946 2046 κακῶς.
974 1983 1127 2054 Μήτε
1170 1976 1260 2034 οὖν
1287 1981 1462 2050 φύγῃς
1496 1979 1532 2034 ἃ
1579 1978 1653 2050 μὴ
1694 1979 1807 2043 δεῖ,

249 2074 386 2142 μήτε
433 2071 750 2144 προσφύγῃς
794 2065 838 2141 ᾧ
889 2072 963 2146 μὴ
1007 2073 1102 2126 δεῖ.
1165 2072 1299 2124 Ἀλλ’
1328 2073 1385 2124 ἐν
1435 2087 1515 2121 σοι
1579 2069 1810 2137 φευκτὸν

242 2165 379 2235 ήτω,
424 2166 455 2234 ἡ
497 2165 771 2236 ἁμαρτία,
818 2166 911 2218 καὶ
942 2166 1036 2234 μία
1095 2162 1383 2230 καταφυγὴ
1439 2161 1502 2212 ἐκ
1549 2159 1657 2210 τῶν
1711 2176 1810 2211 κα-

245 2256 359 2309 κῶν
389 2257 519 2326 (ὶἸ),
547 2260 574 2310 ό
603 2257 751 2318 Θεός.
785 2256 898 2325 Μὴ⁸
917 2254 1200 2307 πεποίθετε
1240 2252 1352 2323 (28)
1399 2252 1486 2304 ἐπ’
1509 2251 1774 2322 ἄρχοντας
1792 2267 1806 2282 ο

249 2347 328 2417 μὴ
371 2347 658 2419 ἐπαίρεσθε
704 2347 797 2398 ἐπὶ
842 2345 1065 2398 πλούτου
1107 2344 1422 2418 ἀδηλότητι·
1459 2345 1530 2416 μὴ
1565 2346 1809 2416 φρονεῖτε

244 2439 341 2489 ἐπὶ
380 2439 603 2508 δυνάμει
633 2437 906 2508 σώματος·
947 2439 1020 2508 μὴ
1054 2437 1153 2506 τῆς
1181 2437 1524 2507 ἀνθρωπίνης
1555 2436 1710 2502 δόξης
1749 2435 1810 2486 τὸ

1846 1854 1886 1913 Β
1916 1884 2246 1953 principibus
2271 1885 2350 1949 ⁸⁹;
2403 1901 2471 1939 ne
2505 1882 2800 1940 eﬂ‘eramini
2846 1885 3026 1940 animo
3059 1886 3110 1939 in
3153 1886 3356 1942 incerto
3382 1890 3466 1944 di-

1913 1972 2165 2026 vitiarum
2201 1972 2285 2035 9°;
2319 1987 2384 2026 ne
2413 1973 2738 2044 superbiatis
2777 1975 2844 2028 ob
2885 1975 3133 2042 corporis
3161 1974 3340 2040 vires;
3396 1992 3464 2030 ne

1916 2063 2166 2115 humana:
2213 2061 2395 2130 gloriae
2457 2065 2856 2133 prosequamini
2909 2064 3274 2133 splendorem.
3323 2062 3467 2121 Nihil

1915 2153 2103 2207 horum
2133 2153 2282 2206 ducit
2303 2154 2368 2206 ad
2393 2154 2651 2220 salutem;
2697 2157 3015 2224 temporaria
3047 2157 3248 2221 omnia,
3277 2161 3461 2212 omnia

1918 2245 2148 2300 fallacia.
2183 2243 2463 2313 Refugith
2493 2248 2729 2310 unicum,
2764 2246 2925 2304 Deus.
2956 2246 3271 2303 Maledirtus
3309 2250 3466 2305 homo

1912 2339 2000 2405 qui
2028 2352 2165 2406 spem
2210 2337 2353 2406 pauit
2383 2337 2434 2388 in
2465 2337 2670 2390 homine
2698 2339 2766 2404 οι,
2797 2352 2888 2393 aut
2943 2343 2995 2394 in
3045 2342 3226 2413 aliqua
3275 2356 3335 2398 re
3365 2344 3465 2399 htt-

1914 2441 2093 2480 mana.

245 2530 542 2599 περιφανὲς
574 2527 815 2580 διώκετε.
848 2527 1012 2581 Οὐδὲν
1038 2527 1237 2579 τούτων
1271 2525 1451 2588 σώζει⁸
1487 2525 1660 2577 πάντα
1690 2522 1798 2591 (29)
1839 2518 2163 2588 πρόσκαιρα,
2207 2515 2381 2568 πάντα
2417 2515 2687 2585 ἀπατηλὰ.
2747 2517 2861 2572 Μία
2922 2522 3230 2593 καταφυγὴ,
3258 2524 3288 2577 ὁ
3311 2523 3460 2586 Θεός.

258 2619 708 2689 Ἐπικατάρατος
733 2619 1038 2687 ἅνθρωπος
1060 2621 1091 2672 ό
1121 2617 1234 2685 τὴν
1261 2616 1477 2671 ἐλπίδα
1509 2615 1662 2684 ἔχων
1697 2613 1788 2666 ἐπ’
1826 2611 2155 2678 ἄνθρωπον,
2182 2607 2215 2677 ἢ
2248 2608 2337 2660 ἐπί
2368 2625 2418 2660 τι
2445 2611 2550 2661 τῶν
2580 2611 2947 2680 ἀνθρωπίνων.

326 2713 378 2767 2.
434 2715 494 2767 '0
527 2713 669 2780 Θεὸς
719 2710 810 2768 οὖν
852 2714 1020 2784 ἡμῶν
1051 2711 1361 2781 καταφυγὴ
1413 2711 1508 2764 καὶ
1543 2709 1810 2778 δύναμις.

247 2800 341 2868 Τῷ
369 2801 645 2870 δυναμένῳ
676 2801 874 2868 λέγειν,
911 2802 1111 2855 Πάντα
1143 2803 1331 2868 ἰσχύω
1357 2802 1425 2854 ἐν
1454 2799 1534 2865 τῷ
1560 2799 1812 2853 ἐνδυνα-

239 2891 457 2959 μοῦντί
489 2908 566 2959 με
602 2891 852 2957 Χριστῷ,
894 2891 1118 2961 δύναμίς
1167 2895 1311 2943 ἐστιν
1343 2895 1370 2944 ὁ
1402 2891 1552 2953 Θεὸς.
1596 2889 1811 2943 Πολλῶν

248 2977 349 3046 μὲν
395 2973 485 3031 οὖν
534 2982 679 3033 ἐστιν
713 2980 904 3043 εἰπεῖν,
940 2981 994 3031 Ὁ
1052 2979 1195 3044 Θεὸς
1244 2979 1409 3046 ἡμῶν
1460 2979 1803 3048 καταφυγή·

244 3068 340 3121 καὶ
377 3069 456 3134 τὸ,
500 3071 702 3139 Κύριε,
753 3070 1061 3139 καταφυγὴ
1107 3070 1395 3139 smmum
1438 3069 1608 3137 ἡμῖν·
1652 3070 1712 3121 τὸ
1753 3068 1808 3121 δὲ
1836 3107 1876 3162 C

243 3161 352 3213 ἀπὸ
395 3165 489 3232 τῆς
533 3162 700 3232 αὐτῆς
739 3163 1028 3225 διαθέσεως
1057 3165 1228 3216 εἰπεῖν
1259 3161 1337 3232 τῷ
1366 3162 1622 3233 Προφήτῃ
1669 3161 1808 3214 πάνυ

247 3252 465 3319 ὀλίγων.
507 3254 703 3321 Ὀλίγοι
734 3255 840 3324 γὰρ
869 3256 915 3307 οἱ
951 3254 1025 3324 μὴ
1057 3254 1458 3324 τεθαυμακότες
1498 3255 1567 3308 τὰ
1599 3253 1806 3326 ἀνθρώ-

243 3359 398 3406 πινα,
427 3343 539 3394 ἀλλ’
579 3344 689 3395 ὅλοι
719 3345 1016 3414 ἠρτημένοι
1048 3345 1140 3396 τοῦ
1171 3345 1327 3406 Θεοῦ,
1356 3347 1450 3397 καὶ
1483 3345 1641 3398 αὑτὸν
1675 3346 1805 3398 ἀνα-

246 3431 514 3495 πνέοντες,
542 3434 636 3486 καὶ
661 3435 844 3486 πᾶσαν
869 3432 1056 3485 ἐλπίδα
1087 3434 1179 3485 κα).
1213 3432 1529 3502 πεποίθησιν
1573 3434 1802 3503 ἔχοντες.

251 3524 364 3577 Καὶ
397 3523 604 3594 ἐλέγχει
647 3541 710 3590 γε
759 3525 904 3594 ἡμᾶς
950 3523 1019 3576 τά
1062 3523 1378 3594 πράγματα,
1425 3524 1548 3576 ὅταν
1592 3526 1647 3576 ἐν
1690 3527 1807 3584 ταῖς

244 3617 483 3686 θλίψεσιν
513 3617 606 3671 ἐπὶ
641 3617 814 3670 πάντα
857 3616 1054 3687 μᾶλλον
1092 3616 1123 3688 ἢ
1172 3617 1264 3670 ἐπὶ
1302 3617 1391 3669 τὸν
1426 3617 1556 3670 Θεὸν
1601 3617 1806 3687 τρέχω-

247 3727 366 3779 μεν.
407 3710 570 3762 Noae!
607 3709 667 3762 τὸ
705 3709 947 3772 παιδίον;
996 3708 1105 3761 Καὶ
1139 3707 1201 3759 σὺ
1235 3708 1325 3760 τὸν
1362 3709 1609 3761 ἐπαοιδὸν
1650 3725 1806 3779 περι-

246 3804 485 3866 σκοπείς,
529 3802 560 3869 ἢ
608 3803 697 3853 τὸν
743 3801 869 3864 τοὺς
925 3799 1248 3871 περιέργους
1301 3801 1652 3870 χαρακτῆρας
1695 3803 1806 3864 τοῖς

243 3890 530 3960 τραχήλοις
555 3889 661 3942 τῶν
691 3891 944 3944 ἀναιτίων
972 3890 1180 3960 νηπίων
1203 3889 1544 3962 περιτιθέντα
1563 3907 1575 3920 ο
1598 3890 1629 3961 ἢ
1660 3890 1721 3942 τό
1743 3908 1805 3959 γε

241 3981 546 4033 τελευταῖον
577 3981 667 4033 ἐπὶ
712 3982 800 4034 τὸν
838 3982 1017 4054 ἰατρὸν
1066 3983 1199 4054 ἔρχῃ
1247 3983 1341 4035 καὶ
1387 3982 1454 4034 τά
1503 3981 1802 4051 φάρμακα.

241 4071 337 4124 τοῦ
380 4073 671 4141 δυναμένου
713 4070 903 4136 σώζειν
952 4072 1352 4142 καταμελήσας.
1394 4072 1512 4124 Κᾶν
1557 4070 1803 4127 ἐνύπνιόν

243 4180 304 4215 σε
339 4163 640 4236 ἐκταρὰξῃ,
685 4165 820 4235 πρὸς
862 4165 951 4216 τὸν
996 4162 1372 4233 ὀνειροσκόπον
1410 4163 1639 4232 τρέχεις.
1687 4161 1803 4216 Κᾶν

242 4256 481 4326 φοϐηθῇς
509 4256 718 4327 ἐχθρὸν,
758 4257 1062 4325 προστάτην
1108 4255 1203 4308 ’ένα
1239 4252 1344 4306 τῶν
1383 4251 1680 4323 ἀνθρώπων
1710 4271 1804 4305 πε-

243 4350 458 4418 ρινοεῖς.
503 4350 610 4401 Καὶ
651 4349 786 4410 ὅλως
831 4348 912 4414 ἐφ’
940 4346 1175 4415 ἑκάστης
1216 4342 1401 4414 χρείας
1432 4342 1658 4413 ἐλέγχῃ.
1705 4343 1802 4412 ῥή-

1982 2705 2036 2757 2.
2072 2703 2211 2758 Deus
2242 2703 2407 2773 igitur
2436 2714 2608 2758 noster
2657 2705 2918 2777 refugium
2957 2718 3006 2762 et
3042 2710 3226 2767 uirtus.
3267 2711 3343 2767 Illi
3369 2715 3464 2784 qui

1913 2795 2285 2865 potestdicere
2318 2815 2330 2850 :
2369 2795 2558 2851 Omnia
2596 2815 2808 2867 possunt
2831 2800 2886 2854 in
2925 2816 2987 2854 eo
3019 2803 3108 2872 qui
3136 2819 3216 2856 me
3251 2808 3465 2875 confer.

1909 2894 1986 2940 tut
2013 2884 2232 2940 Christo
2255 2887 2321 2950 θ’,
2350 2889 2520 2941 virtus
2543 2901 2622 2943 est
2648 2890 2805 2946 Deus.
2835 2891 3124 2950 Multorum
3142 2895 3359 2965 quidem
3381 2909 3465 2952 est

1908 2979 2126 3035 dicere:
2155 2977 2292 3033 Deus
2321 2990 2494 3032 noster
2517 2980 2798 3050 refugium;
2825 2994 2898 3049 et,
2933 2986 3175 3052 Domine,
3205 2989 3464 3060 re/ugium

1911 3068 2082 3136 factus
2113 3085 2165 3123 es
2192 3070 2338 3122 nobis
2362 3068 2408 3100 ”
2435 3087 2448 3123 :
2481 3071 2531 3123 id
2555 3085 2682 3126 vero
2707 3073 2897 3127 eodem
2950 3090 3012 3128 ac
3056 3077 3318 3146 Propheta
3349 3085 3462 3134 ani-

1913 3173 1998 3214 mo
2015 3161 2213 3226 dicere,
2243 3177 2501 3232 perquam
2527 3178 2821 3233 paucorum
2852 3175 2954 3221 est.
2983 3166 3144 3225 Pauci
3169 3171 3310 3226 enim
3337 3183 3464 3228 sunt

1909 3249 2001 3317 qui
2030 3250 2259 3303 humana
2282 3267 2384 3306 non
2405 3255 2686 3321 mirentur,
2714 3257 2808 3312 sed
2838 3259 2931 3318 toti
2954 3261 3220 3327 pendeant
3246 3277 3312 3319 ex
3333 3265 3460 3329 Deo,

1909 3338 2190 3409 ipsumque
2223 3342 2452 3410 spirent,
2484 3359 2546 3398 ac
2580 3345 2632 3398 in
2665 3346 2782 3414 ipso
2801 3362 3013 3403 omnem
3045 3367 3191 3421 spem
3229 3371 3293 3410 ac
3325 3357 3461 3413 lidu-

1907 3431 2043 3485 ciam
2074 3433 2328 3488 habeant.
2364 3433 2430 3488 Et
2459 3449 2590 3491 sane
2611 3449 2846 3505 arguunt
2894 3456 2991 3496 nos
3025 3459 3112 3498 res
3147 3446 3298 3514 ipsae,
3336 3464 3460 3503 cum

1909 3525 1962 3577 in
1993 3523 2378 3581 aﬂlictionibus
2409 3527 2475 3581 ad
2504 3527 2760 3596 quaelibet
2791 3532 2974 3599 potius
3004 3547 3163 3601 quam
3194 3538 3258 3590 ad
3295 3534 3462 3595 Deum

1907 3629 2268 3672 recurramus.
2303 3617 2552 3686 Aigrotat
2576 3619 2758 3674 ﬁlius?
2793 3622 2910 3676 Mox
2951 3634 3004 3679 tu
3052 3626 3309 3697 conjectis
3332 3645 3460 3702 quo-

1907 3718 2232 3772 quoversum
2263 3708 2455 3772 oculis,
2485 3724 2696 3780 magum
2743 3714 2994 3782 requiris,
3026 3717 3106 3772 vel
3154 3725 3456 3791 quempiam

1905 3794 1994 3861 qui
2023 3807 2185 3848 vanos
2213 3795 2557 3854 characteres
2588 3801 2729 3856 collo
2755 3802 3122 3862 innocentium
3170 3825 3456 3879 puerorum

1904 3884 2278 3954 circumponat
2305 3903 2320 3953 ;
2377 3889 2459 3944 vel
2494 3899 2845 3959 postremum,
2897 3909 2962 3950 eo
2992 3898 3086 3966 qui
3119 3912 3337 3956 servare
3363 3918 3458 3971 po-

1905 3980 2009 4027 test
2038 3974 2299 4043 neglecto,
2328 3977 2393 4030 ad
2429 3979 2694 4034 medicum
2730 3981 2972 4048 devenis,
3012 3994 3067 4040 et
3111 3989 3178 4043 ad
3224 3991 3459 4045 medica-

1907 4075 2106 4119 menta.
2147 4065 2472 4122 lnsomnium
2503 4071 2547 4124 si
2585 4080 2635 4126 te
2662 4072 2942 4139 sollicitat.
2989 4080 3166 4135 curris
3207 4082 3275 4135 ad
3326 4098 3457 4139 con-

1897 4155 2184 4226 jectorem.
2218 4157 2273 4212 Si
2306 4159 2548 4215 timueris
2579 4163 2879 4229 inimicum,
2916 4167 3150 4238 aliquem
3185 4172 3452 4228 hominem

1903 4248 2203 4315 adjutorem
2255 4251 2510 4306 attendis.
2542 4252 2609 4307 Et
2650 4254 2704 4308 in
2765 4272 2999 4321 summa,
3032 4261 3367 4317 convinceris
3401 4264 3454 4318 in

1903 4353 2222 4409 quacunque
2262 4343 2612 4408 necessitate,
2672 4348 2834 4402 verbo
2872 4349 3088 4418 quidem
3125 4345 3455 4410 Deum'reln-

243 4455 374 4508 ματι
413 4438 508 4508 μὲν
551 4439 640 4490 τὸν
675 4439 802 4491 Θεὸν
850 4435 1124 4508 ὀνομάζων
1170 4433 1509 4504 καταφυγὴν,
1556 4432 1698 4503 ἔργῳ
1742 4432 1796 4484 δὲ

1905 4430 2046 4500 gium
2080 4432 2378 4497 nominare,
2404 4433 2495 4487 sed
2535 4448 2594 4488 re
2627 4435 2738 4506 ipsa
2769 4452 2831 4492 ex
2879 4440 3154 4497 inutilibus
3193 4446 3456 4516 vanisque

237 4527 338 4597 τὴν
381 4529 444 4580 ἐκ
483 4527 588 4580 τῶν
640 4527 924 4596 ἀνωφελῶν
966 4527 1060 4579 καὶ
1101 4526 1340 4595 ματαίων
1384 4523 1632 4594 βοήθειαν
1677 4526 1795 4575 ἐπι-

241 4617 545 4689 σπώμενος.
584 4617 736 4668 Ἔστι
782 4617 836 4667 δὲ
882 4615 956 4685 τῷ
1004 4615 1195 4683 δικαίῳ
1238 4611 1462 4684 ἀληθινὴ
1503 4611 1722 4682 βοήθεια
1767 4615 1795 4664 ό

236 4709 390 4771 Θεός.
436 4710 642 4779 Ὥσπερ
705 4725 787 4770 τις
853 4706 1152 4778 στρατηγὸς
1216 4705 1488 4758 ὁπλιτικὸν
1555 4705 1794 4770 γενναῖον

237 4799 600 4869 ἐξηρτημένος
666 4800 879 4869 ἕτοιμος
924 4801 1009 4852 ἀεὶ
1061 4798 1269 4868 βοηθεῖν
1311 4797 1389 4865 τῷ
1455 4811 1793 4848 καταπονου-

239 4891 388 4960 μένῳ
438 4891 615 4961 μέρει’
649 4890 818 4953 οὕτως
851 4891 878 4942 ὁ
908 4889 1037 4950 Θεὸς
1086 4889 1273 4959 βοηθὸς
1314 4888 1471 4959 ἡμῶν
1521 4889 1657 4946 ἐστι,
1701 4887 1794 4939 καὶ

308 5044 351 5076 ⁸⁸
382 5043 521 5098 Psal.
555 5059 710 5110 CXLV,
740 5046 794 5100 ἓ.
886 5045 930 5078 ⁹⁰
963 5043 982 5097 I
1010 5043 1149 5098 Tim.
1185 5059 1257 5106 vr,
1296 5043 1380 5095 l7.
1457 5041 1499 5071 ’ί
1534 5039 1644 5094 Jer.
1684 5056 1822 5105 xvtt,

310 5160 420 5228 (25)
453 5158 605 5225 Illud,
633 5161 724 5212 καὶ
772 5161 983 5226 εἴδωλα,
1037 5157 1280 5228 ιιιιάίιυιη
1311 5155 1477 5210 fuisse
1504 5155 1779 5228 contextui

231 5226 477 5284 ex'Oliv.
504 5232 773 5299 etAnglic.
806 5233 964 5282 tradit
991 5231 1069 5281 vir
1095 5227 1485 5299 eruditissimus
1514 5226 1774 5277 Ducmus:

233 5300 433 5368 quibus
450 5297 718 5354 codicibus
745 5312 851 5352 tum
878 5299 1210 5352 (.‘nlbertinos
1231 5297 1474 5364 quintum
1502 5303 1778 5368 etsextutu

232 5365 292 5422 et
320 5371 623 5437 septimum,
668 5381 775 5422 tutu
831 5369 1022 5435 Regios
1057 5379 1306 5434 quartum
1346 5373 1400 5418 et
1428 5365 1780 5437 sextumad—

227 5433 396 5506 jungi—
422 5447 668 5506 oportere
700 5433 994 5491 monemus.
1046 5433 1344 5489 Fatendum
1399 5442 1575 5486 tamen
1618 5433 1671 5486 id
1722 5433 1775 5485 in

236 5511 420 5571 Regiis
442 5512 677 5562 secundo
707 5518 759 5560 et
796 5510 952 5560 tertio
979 5509 1184 5559 deesse.

231 5646 284 5697 ἆ.
307 5577 417 5658 ~{26)
442 5577 579 5636 Editi
609 5578 895 5646 φεύγοντές
923 5594 1062 5630 τινα.
1090 5579 1156 5628 At
1195 5589 1286 5630 sex
1318 5588 1447 5628 mss.
1489 5570 1778 5640 φεύγοντες

273 5663 387 5697 ΑΑα.

273 5663 387 5697 ΑΑα.

310 5717 418 5784 ('27)
452 5717 585 5769 Edili
620 5719 680 5769 ὲκ
721 5718 936 5770 πάντων
986 5713 1188 5768 κακῶν.
1237 5714 1303 5767 At
1343 5728 1471 5768 mss.
1515 5725 1608 5766 sex
1646 5708 1779 5765 sint-

234 5786 443 5853 pliciter
467 5789 526 5837 ἐκ
557 5787 661 5838 τῶν
688 5788 886 5839 κακῶν.

556 5881 820 5940 Parnm.
868 5881 981 5940 Gtt.
1031 5877 1266 5939 XXIX.

1904 4521 2063 4576 rebus
2083 4523 2335 4576 auxilium
2358 4525 2450 4578 tibi
2477 4539 2771 4584 accersere.
2796 4530 2888 4584 Est
2906 4541 3084 4586 autem
3103 4533 3248 4603 justo
3270 4550 3452 4590 verunt

1904 4615 2163 4668 auxilium
2231 4617 2387 4672 Deus.
2442 4618 2902 4684 Quemadmodum
2959 4625 3103 4678 enim
3159 4625 3454 4695 imperator

1902 4705 2027 4759 forti
2084 4708 2310 4762 militum
2377 4726 2535 4768 manu
2603 4713 2942 4780 instructus,
2991 4717 3057 4772 ad
3103 4734 3256 4788 opem
3315 4721 3454 4789 parti

1899 4810 2168 4864 Oppressae
2215 4798 2486 4852 ferendam
2528 4815 2742 4870 semper
2780 4814 3004 4873 paratus
3051 4819 3135 4861 est
3166 4830 3176 4862 :
3209 4809 3278 4862 ita
3311 4809 3453 4864 Dens

1899 4888 2112 4955 adjutor
2144 4900 2328 4945 noster
2352 4901 2452 4952 est.
2477 4900 2531 4946 et
2568 4895 2855 4950 auxiliator
2878 4898 3094 4954 cuilibet
3114 4911 3305 4956 contra
3338 4904 3451 4957 dia-

1861 5040 1911 5094 5.
2007 5042 2051 5071 ⁹²
2084 5040 2314 5111 Philipp.
2343 5059 2414 5107 tv,
2447 5045 2532 5100 l5.
2606 5046 2650 5077 ”
2681 5046 2824 5100 Psal.
2861 5065 3086 5116 Lxxxtx,
3118 5053 3166 5105 l.

1956 5155 2069 5226 (28)
2101 5156 2398 5231 (Jolbertini
2430 5160 2632 5231 primus
2655 5170 2708 5214 et
2736 5171 2924 5216 sextus
2952 5179 3071 5216 cum
3097 5164 3140 5216 ll
3163 5181 3227 5231 -g.
3259 5180 3467 5220 secum--

1883 5225 1950 5278 du
1975 5236 2029 5279 et
2057 5243 2176 5279 cum
2210 5227 2372 5304 Conisl.
2395 5225 2871 5285 πεποίθατε.Ει1ἱιί
2895 5249 3017 5287 cum
3047 5225 3224 5304 Regiis
3255 5249 3448 5290 uuarto

1883 5305 1934 5348 et
1957 5308 2107 5348 sexto
2131 5297 2440 5352 πεποίθετε.

1954 5366 2060 5433 (‘29)
2095 5365 2186 5418 Sic
2208 5381 2340 5442 mss.
2381 5378 2434 5422 et
2462 5368 2625 5442 editio
2671 5369 2859 5436 Basil.,
2904 5387 3002 5426 nec
3047 5372 3202 5426 aliter
3240 5374 3448 5442 legerat

1883 5434 2170 5512 interpres.
2205 5435 2308 5512 S_ed
2344 5452 2443 5512 vox
2475 5434 3097 5512 «ponatpaoperarum
3122 5434 3443 5511 negligentia

1882 5505 1934 5555 in
1969 5505 2205 5558 editione
2239 5505 2407 5560 Paris.
2453 5505 2651 5562 omissa
2685 5505 2882 5562 fuerat.
2920 5511 3038 5565 Mox
3068 5505 3215 5566 mss:
3236 5505 3440 5566 séotem

1885 5574 2445 5653 émxayapasogggua
2476 5593 2540 5653 ex
2577 5593 2706 5633 voce
2813 5581 3056 5653 editione
3081 5580 3252 5634 Paris.
3294 5574 3447 5653 facta

1884 5644 2174 5724 suntquae,
2210 5644 2685 5717 ὲπεΐκατάρατος.
2733 5649 2970 5705 Subinde
3016 5666 3146 5706 mss.
3203 5661 3312 5708 tres
3353 5652 3446 5705 ἐπί

1884 5729 1989 5766 τινι
2016 5730 2143 5768 των.

3064 5875 3133 5935 14
