4016 6434
601 349 704 403 419
1897 348 1954 401 S.
1996 349 2237 400 BASILII
2274 350 2486 399 MAle
3742 360 3858 406 4:0

601 467 709 522 boli
745 465 969 518 insidias
1018 463 1304 532 pugnanti.
1360 461 1616 516 cmittens
1668 462 2161 517 administratorios

2270 461 2546 531 σύμμαχος
2580 477 2743 514 παντι
2789 462 2867 532 τῷ
2911 464 3320 533 στρατευομένῳ
3359 465 3503 518 κατὰ
3546 465 3656 534 τῆς
3712 467 3856 536 μεθ-

600 560 822 632 spiritus
871 558 937 611 ad
991 555 1352 626 indigentium
1406 554 1656 609 salutem.
1723 554 1929 609 Invenit
1976 564 2155 608 autem

2267 553 2435 614 οδείας
2481 551 2572 604 τοῦ
2628 552 2894 617 διαϐόλου,
2946 553 3285 608 ἀποστέλλων
3358 555 3428 609 τὰ
3475 556 3853 628 λειτουργικά

598 649 815 705 ..ιὲἱοιὶο
852 662 1062 702 omnem
1102 645 1335 713 justum,
1369 645 1438 700 ob
1469 646 1594 698 vitae
1647 645 1949 700 institutam
1991 647 2156 698 ratio-

2264 643 2541 712 πνεύματα
2593 644 2728 714 πρὸς
2773 644 2870 715 τὴν
2918 646 3190 716 σωτηρίαν
3229 646 3337 698 τῶν
3383 648 3692 717 δεομένων.
3741 651 3850 702 Εὑ-

599 754 743 792 nem.
780 736 880 802 Qui
915 735 1058 790 enim
1104 734 1341 789 declinat
1382 734 1544 788 latam
1579 749 1643 787 ac
1675 734 1964 801 spatiosam
1994 735 2152 797 viam,

2263 734 2432 804 ρίσκει
2468 734 2525 787 δὲ
2567 737 2599 804 ή
2651 735 2826 798 θλίψις
2867 735 3042 789 πάντα
3080 736 3171 790 τὸν
3210 737 3413 790 δίκαιον
3451 740 3542 792 διὰ
3589 741 3697 810 τὴν
3749 741 3849 793 τοῦ

599 830 840 883 ambulat
873 837 1053 882 autem
1101 839 1384 898 angustam
1434 837 1488 880 et
1534 836 1736 881 arctam
1780 827 1921 881 viam
1942 826 2009 890 “,
2046 827 2092 881 is
2125 843 2153 881 a

2260 825 2369 893 βίου
2436 826 2796 896 ἐπιτήδευσιν.
2835 828 2892 880 '0
2939 827 3046 898 γὰρ
3096 828 3357 882 ἐκκλίνων
3402 832 3500 900 μὲν
3527 831 3636 902 τὴν
3699 833 3846 884 πλα-

598 919 1033 975 tribulationibus
1063 918 1355 972 invenitur.
1401 917 1536 972 Rem
1565 920 1629 974 ad
1675 921 1854 973 vivum
1887 920 2156 988 expressit

2259 919 2398 969 τεῖαν
2444 917 2538 970 καὶ
2595 917 2904 989 εὐρύχωρον
2950 918 3087 983 ὁδὸν,
3137 919 3336 972 ὁδεύων
3382 921 3440 973 δὲ
3477 921 3584 989 τὴν
3641 923 3845 992 στενὴν

595 1013 864 1081 Propheta
894 1050 908 1073 ,
943 1025 1065 1063 cum
1101 1009 1273 1062 dixit:
1306 1009 1370 1062 In
1401 1010 1844 1076 tribulationibus,
1876 1027 1991 1080 quin
2016 1013 2154 1064 inve-

2252 1010 2345 1062 καὶ
2397 1009 2800 1080 τεθλιμμένην,
2862 1012 3172 1082 εὑρίσκεται
3226 1013 3328 1065 ὑπὸ
3369 1013 3480 1065 τῶν
3545 1013 3817 1082 θλίψεων.

596 1115 782 1160 nerunt
815 1120 907 1156 nos
949 1102 1121 1155 nimis.
1179 1100 1287 1155 Nos
1317 1103 1462 1155 enim
1497 1116 1596 1156 ceu
1626 1103 1862 1155 animata
1899 1103 2149 1158 animalia

2264 1100 2548 1172 Ἐμψύχως
2610 1103 2700 1154 τὸν
2777 1101 2932 1170 λόγον
2990 1104 3352 1173 ἐσχημάτισεν
3420 1105 3449 1157 ὁ
3526 1104 3841 1175 Προφήτης

594 1196 1002 1266 deprehendunt
1031 1192 1430 1254 tribulationes,
1467 1207 1585 1261 quae
1615 1193 1926 1262 patientiam
1956 1194 2151 1262 produ-

2252 1193 2415 1247 είπών
2436 1210 2450 1224 ο
2496 1194 2597 1248 Ἐν
2618 1194 2860 1260 θλίψεσι
2889 1193 3016 1259 ταῖς
3039 1196 3356 1262 εὐρούσαις
3385 1192 3549 1262 ἡμᾶς
3569 1194 3838 1262 σφόδρα.

594 1297 741 1352 cunt,
765 1295 820 1342 et
843 1301 936 1357 per
965 1284 1282 1353 patientiam
1319 1284 1690 1353 probationem
1715 1323 1730 1347 ,
1761 1293 1813 1336 et
1845 1299 1940 1350 per
1962 1285 2150 1353 proba-

2252 1283 2457 1356 Ὥσπερ
2507 1283 2617 1355 γὰρ
2665 1281 2780 1347 ζῶα
2827 1282 3041 1354 ἔμψυχα
3094 1285 3610 1356 καταλαμβάνουσιν
3665 1289 3838 1356 ἡμᾶς,

596 1383 794 1435 tionem
840 1394 986 1448 spem
1012 1379 1077 1429 ⁸⁸.
1109 1376 1255 1432 Unde
1284 1387 1339 1432 et
1364 1376 1654 1444 Apostolus
1675 1376 1752 1430 ait
1775 1393 1788 1430 :
1822 1375 1928 1430 Per
1955 1380 2148 1431 multas

2254 1374 2605 1443 ἐργαζόμεναι
2635 1376 2931 1447 ὑπομονὴν,
2973 1377 3066 1431 καὶ
3103 1377 3190 1430 διὰ
3228 1377 3329 1446 τῆς
3355 1377 3652 1448 ὑπομονῆς
3690 1377 3840 1430 δοκι-

593 1471 960 1525 tribulatioues
989 1478 1187 1537 oportet
1211 1485 1304 1522 uos
1327 1469 1521 1520 intrare
1546 1467 1598 1519 in
1621 1481 1830 1536 regnum
1843 1465 2032 1520 “Dei”.
2059 1466 2144 1533 Et,

2254 1463 2375 1534 μὴν,
2408 1467 2501 1519 καὶ
2524 1467 2612 1520 διὰ
2640 1467 2741 1537 τῆς
2764 1467 2990 1539 δοκιμῆς
3017 1470 3224 1522 ἐλπίδα.
3264 1467 3426 1522 Ὅθεν
3464 1469 3566 1522 καὶ
3604 1471 3636 1521 ὁ
3686 1471 3840 1522 ’Λπό-

594 1565 776 1617 Ηαίιαν
805 1563 1165 1615 tribulationes
1182 1561 1446 1629 justorum
1461 1559 1526 1612 ".
1548 1559 1702 1628 172
1735 1557 1840 1614 Sed
1864 1561 1954 1628 qui
1982 1575 2147 1629 gene-

2253 1555 2428 1619 οτολός
2455 1574 2583 1626 φησι
2604 1574 2616 1587 ·
2650 1558 2753 1612 Διὰ
2769 1557 3015 1612 πολλῶν
3043 1560 3305 1626 θλίψεων
3335 1559 3432 1612 δεῖ
3453 1558 3623 1629 ἡμᾶς
3644 1563 3839 1615 εἰσελ-

593 1670 716 1709 rose
733 1665 788 1710 et
813 1654 1078 1722 intrepide
1105 1651 1466 1705 tribulationis
1492 1652 1843 1704 tentationem
1872 1653 2146 1705 sustinue-

2252 1645 2368 1698 θεῖν
2407 1651 2491 1712 εις
2516 1647 2630 1715 τὴν
2652 1649 2978 1712 βασιλείαν
3007 1648 3112 1701 τοῦ
3139 1651 3282 1706 Θεοῦ
3323 1652 3436 1722 (50)
3460 1671 3472 1683 ·
3520 1653 3644 1715 καὶ,
3680 1658 3838 1707 Πολι

592 1759 686 1811 rtt,
704 1746 846 1801 tiicet
866 1765 879 1798 :
902 1743 967 1797 In
995 1745 1074 1796 his
1098 1745 1330 1796 omnibus
1356 1758 1657 1809 superamus
1685 1753 1892 1808 propter
1921 1758 2039 1794 eum
2057 1742 2145 1810 qui
2176 1804 2178 1810 η

2249 1735 2346 1788 λαὶ
2381 1739 2440 1788 αἱ
2473 1737 2711 1805 θλίψεις
2740 1737 2858 1791 τῶν
2896 1737 3160 1791 δικαίων.
3209 1740 3345 1792 Ἀλλ’
3372 1742 3401 1793 ὁ
3427 1743 3708 1809 γενναίως
3740 1743 3835 1794 καὶ

591 1839 774 1892 dilexit
809 1853 902 1890 nos
923 1835 989 1889 ’⁸.
1024 1835 1100 1888 Ac
1137 1845 1340 1888 tantum
1372 1835 1525 1886 abest
1560 1841 1619 1885 ut
1647 1803 1884 1885 animum
1916 1803 2145 1901 despon-
2176 1805 2177 1808 Ἴ

2247 1825 2532 1897 ἀταράχως
2561 1803 2651 1881 τὸν
2689 1803 2754 1882 ἐκ
2793 1829 2891 1898 τῆς
2926 1827 3156 1896 θλίψεως
3181 1803 3485 1902 πειρασμόν
3518 1803 3833 1904 ὑπομείνας

592 1935 737 1995 deat,
771 1945 836 1983 ac
883 1937 1092 1997 torpeat
1135 1926 1186 1979 in
1219 1921 1684 1989 tribulationibus,
1720 1930 1779 1976 ut
1826 1922 1987 1976 etiam
2034 1920 2148 1992 glo-

2247 1917 2379 1988 ἐρεῖ,
2407 1919 2486 1970 ὅτι
2525 1920 2628 1974 Ἐν
2650 1921 2881 1987 τούτοις
2909 1920 3098 1975 πᾶσιν
3132 1921 3546 1990 ὑπερνικῶμεν
3582 1925 3691 1978 διὰ
3723 1924 3833 1978 τοῦ

591 2022 769 2077 riandi
803 2021 1144 2075 occasionem
1181 2031 1247 2070 ex
1292 2014 1552 2068 malorum
1585 2013 1954 2083 magnitudine
1981 2014 2145 2070 desu-

2248 2009 2664 2079 ἀγλαπήσαντος
2688 2011 2863 2083 ἡμᾶς.
2909 2014 3021 2068 Καὶ
3061 2013 3309 2067 τοσοῦτον
3349 2014 3545 2084 ἀπέχει
3572 2017 3834 2086 άπαυδᾷν

592 2127 722 2180 mat,
757 2115 942 2168 dicens
975 2129 991 2164 :
1031 2109 1150 2163 Non
1197 2109 1366 2163 solum
1403 2118 1598 2175 autem,
1628 2108 1718 2164 sed
1761 2117 1810 2162 et
1854 2107 2146 2177 gloriamur

2247 2102 2337 2154 καὶ
2374 2102 2629 2156 ἀποκνεῖν
2661 2106 2718 2160 ἐν
2762 2109 2882 2169 ταῖς
2915 2105 3175 2176 θλίψεσιν,
3210 2107 3291 2159 ὅτι
3337 2107 3430 2159 καὶ
3464 2109 3833 2177 καυχήματος

590 2207 642 2258 in
680 2201 1099 2257 tribulationibus
1126 2200 1193 2252 ”.

2243 2193 2494 2266 ἀφορμὴν
2533 2194 2593 2247 τὸ
2621 2195 2950 2267 ὑπερϐάλλον
2979 2197 3087 2250 τῶν
3130 2196 3316 2250 κακῶν
3347 2199 3582 2250 ποιεῖται
3625 2198 3829 2265 λέγων,

2241 2286 2322 2337 ὅτι
2352 2287 2433 2338 Οὐ
2458 2287 2652 2354 μόνον
2692 2285 2779 2349 δὲ,
2825 2287 2984 2342 ἀλλὰ
3023 2289 3120 2343 καί
3171 2287 3538 2356 καυχώμενοι
3573 2289 3650 2341 ἐν
3698 2291 3833 2356 ταῖς

2241 2373 2508 2440 estnam.

658 2471 711 2522 3.
750 2469 913 2524 Vitas.
945 2468 998 2521 ὅ.
1035 2464 1316 2534 Propterea
1343 2480 1443 2516 non
1476 2463 1766 2514 timebimus
1814 2459 1937 2511 dum
1968 2457 2144 2510 turba-

2312 2462 2362 2515 5.
2409 2464 2510 2517 Διά
2549 2464 2724 2518 τοῦτο
2762 2465 2833 2519 οὐ
2867 2467 3324 2536 φοϐηθησόμεθα
3366 2468 3434 2520 ἐν
3474 2467 3558 2532 τῷ
3590 2468 3801 2536 ταράσ

591 2575 674 2615 tur
703 2571 860 2623 terra,
895 2569 940 2612 et
983 2557 1375 2625 transferuntur
1399 2564 1594 2607 montes
1623 2553 1678 2604 in
1705 2551 1867 2605 corda
1894 2549 2140 2602 marium.

2244 2558 2453 2607 σεσθαι
2468 2557 2584 2622 τὴν
2604 2555 2740 2625 γῆν,
2771 2559 2866 2612 καὶ
2885 2559 3297 2628 μετατίθεσθαι
3325 2559 3429 2628 ὄρη
3453 2560 3526 2614 ἐν
3545 2560 3830 2629 καρδίαις

591 2654 839 2724 Magnam
879 2651 1186 2704 ﬁrmitatem
1233 2647 1441 2701 ﬁducia:
1486 2645 1537 2698 in
1576 2643 1859 2699 Christum
1907 2641 2144 2697 ostendit

2243 2644 2587 2699 θαλασσῶν.
2629 2648 2786 2715 Μέγα
2808 2649 3168 2703 ἐπιδείκνυται
3200 2651 3261 2703 τὸ
3295 2651 3579 2721 στερέωμα
3604 2652 3715 2721 τῆς
3745 2656 3828 2714 είς

589 2748 852 2818 PrOpheta
881 2763 896 2798 :
929 2743 1205 2804 nimirum,
1245 2738 1461 2795 etiamsi
1501 2737 1682 2794 omnia
1735 2750 1950 2792 sursum
1983 2735 2143 2788 deor-

2244 2737 2473 2810 Χριστὺν
2526 2738 2899 2807 πεποιθήσεως
2945 2743 3056 2812 (51)
3107 2745 3136 2795 ὁ
3189 2743 3513 2814 Προφήτης,
3565 2744 3655 2796 ὅτι
3718 2745 3830 2797 κᾶν

587 2856 702 2894 sum
739 2838 1141 2907 provolvantur,
1169 2835 1383 2888 etiamsi
1411 2841 1552 2886 terra
1576 2831 1785 2884 turbata
1821 2828 2140 2896 invertatur,

2241 2831 2419 2884 πάντα
2470 2829 2580 2882 ἅνω
2611 2828 2702 2882 καὶ
2735 2829 2883 2882 κάτω
2923 2833 3159 2902 γίνηται,
3204 2834 3304 2886 κᾶν
3331 2838 3364 2904 ή
3406 2836 3475 2903 γῆ
3512 2835 3826 2904 στρέφηται

589 2929 800 2985 etiamsi
839 2935 1069 2991 montes,
1092 2923 1314 2993 propria
1343 2923 1472 2975 sede
1512 2918 1721 2984 relicta,
1746 2916 2144 2973 transferantur

2239 2921 2614 2994 ταρασσομένη
2635 2961 2649 2984 ,
2689 2920 2790 2974 κᾶν
2817 2921 2886 2974 τὰ
2916 2921 3018 2992 δρη
3044 2921 3140 2991 τὴν
3169 2924 3372 2976 οἰκείαν
3399 2925 3562 2992 ἐδραν
3587 2926 3825 2978 καταλι-

589 3041 639 3076 ιη
668 3021 899 3077 medium
931 3033 1100 3083 mare,
1143 3015 1266 3070 Non
1296 3015 1589 3069 timebimus
1621 3029 1638 3066 :
1673 3011 1813 3081 quod
1847 3011 2013 3065 Deum
2046 3010 2141 3064 ha-

2242 3016 2408 3068 πόντα
2428 3055 2442 3077 ,
2474 3014 2606 3084 πρὸς
2642 3013 2710 3067 τὰ
2750 3013 2888 3084 μέσα
2925 3012 3239 3083 μεθίσταται
3269 3013 3367 3082 τῆς
3396 3013 3706 3084 θαλάσσηςο
3740 3019 3826 3070 Οὐ

589 3127 808 3168 ueamus
835 3111 1100 3177 refugium
1129 3109 1490 3174 virtutemque
1527 3113 1582 3157 et
1625 3104 1924 3172 adjutorem
1955 3101 2006 3154 in
2041 3102 2136 3153 tri-
2165 3146 2175 3188 ε

2241 3108 2712 3175 φοϐηθησόμεθα,
2745 3105 2833 3159 διὰ
2857 3105 2918 3158 τὸ
2941 3104 3082 3175 ἔχειν
3107 3105 3199 3159 τὸν
3218 3105 3350 3158 Θεὸν
3377 3106 3706 3176 καταφυγὴν
3730 3109 3825 3160 καὶ

589 3202 971 3264 palationibus,
1002 3213 1119 3268 qua
1153 3198 1472 3250 invenerunt
1503 3210 1602 3249 nos
1638 3193 1818 3246 nimis.
1848 3189 2138 3258 Cuiusnam

2241 3196 2466 3267 δύναμιν
2494 3197 2586 3250 καὶ
2629 3196 2819 3268 βοηθὸν
2851 3198 2907 3250 ἐν
2934 3197 3145 3266 θλίψεσι
3183 3200 3301 3260 ταῖς
3335 3197 3625 3269 εὑρούσαις
3672 3198 3824 3268 ἡμᾶς

588 3314 679 3353 cor
714 3293 1041 3365 impavidum
1083 3289 1248 3354 adeo,
1297 3285 1576 3353 cujnsnam
1612 3286 1969 3355 cogitationes
2008 3284 2141 3338 adeo

2244 3290 2468 3360 σφόδρα.
2509 3288 2661 3350 Τίνος
2694 3289 2864 3351 οὑτως
2902 3289 3171 3359 ἁπτόητος
3204 3292 3236 3359 ή
3281 3289 3507 3358 καρδία,
3540 3290 3693 3353 τίνος
3733 3291 3825 3343 οὑ-

588 3399 712 3443 sunt
737 3383 1157 3455 imperturbata,
1190 3395 1250 3436 ut
1273 3380 1416 3435 iilius
1444 3378 1657 3433 animus
1687 3376 1740 3432 in
1780 3384 1926 3430 tanta
1953 3374 2141 3430 confu-

2239 3396 2348 3442 τως
2394 3377 2654 3449 ἀτάραχοι
2703 3377 2752 3428 oi
2804 3375 3071 3448 λογισμοὶ,
3120 3375 3261 3430 ὥστε
3306 3378 3364 3428 ἐν
3395 3380 3460 3446 τῇ
3509 3377 3821 3449 τηλικαύτη

589 3482 738 3536 sione
775 3479 848 3533 sit
892 3478 958 3530 ad
994 3477 1160 3529 Deum
1197 3477 1456 3538 intentus,
1500 3487 1562 3525 ac
1597 3479 1816 3540 propter
1846 3470 2138 3538 repositam

2243 3471 2499 3542 συγχύσει
2548 3471 2801 3525 τετάσθαι
2845 3474 2911 3541 τῇ
2956 3472 3165 3543 διανοίᾳ
3216 3472 3350 3543 πρὸς
3389 3473 3480 3524 τὸν
3517 3470 3678 3536 Θεὸν,
3728 3477 3824 3527 καὶ

588 3589 640 3625 ιη
666 3573 785 3639 ipso
830 3582 976 3638 spem
1018 3582 1084 3622 ex
1123 3566 1270 3620 nullo
1316 3578 1497 3616 rerum
1531 3571 1726 3616 eventu
1759 3559 2141 3631 perturbetur?

2240 3568 2326 3621 διὰ
2357 3566 2455 3638 τὴν
2499 3566 2634 3636 πρὸς
2665 3565 2824 3617 αὑτὸν
2853 3561 3059 3627 ἐλπίδα,
3094 3566 3185 3616 ἐπὶ
3229 3561 3418 3633 μηδενὶ
3458 3563 3568 3615 τῶν
3596 3568 3823 3635 γινομέ-

588 3661 694 3716 Nos
721 3675 850 3715 vero
870 3658 1116 3712 hominis
1149 3656 1281 3711 iram
1317 3668 1420 3707 non
1451 3652 1814 3715 sustinemus;
1849 3662 1942 3704 aut
1974 3652 2142 3719 impe-

2240 3674 2346 3711 νων
2389 3655 2814 3726 ἐκπλήττεσθαι;
2866 3654 3053 3722 Ἡμεῖς
3096 3653 3152 3705 δὲ
3193 3652 3476 3722 ἀνθρώπου
3505 3654 3682 3726 ὀργὴν
3723 3660 3821 3728 οὑχ

588 3765 732 3809 tente
766 3767 862 3806 nos
891 3765 1047 3813 cane,
1100 3758 1194 3802 aut
1239 3746 1346 3801 alio
1403 3743 1595 3816 quovis
1645 3742 1884 3808 animali,
1916 3756 2023 3796 non
2075 3742 2142 3796 ad

2243 3747 2615 3817 ὑπομένομεν·
2657 3745 2689 3814 ἢ
2737 3743 2896 3805 κυνὸς
2940 3742 3359 3813 ἐπιδραμόντος,
3409 3744 3441 3814 ἦ
3475 3743 3636 3797 ἄλλου
3671 3748 3820 3811 τινὸς

591 3846 753 3897 Deum
788 3843 1101 3910 respicimus
1141 3840 1439 3908 adiutorem
1477 3848 1724 3894 nostrum
1758 3836 1812 3890 in
1845 3836 2142 3891 tribulatio-

2243 3838 2451 3911 θηρίου,
2479 3837 2539 3890 οὑ
2571 3836 2704 3907 πρὸς
2734 3835 2866 3887 Θεὸν
2891 3834 3268 3905 ἀποϐλέπομεν
3298 3835 3390 3888 τὸν
3420 3836 3614 3905 βοηθὸν
3655 3839 3819 3908 ἡμῶν

588 3937 764 4002 nibus,
803 3935 896 3988 sed
952 3933 1236 4002 stupefacti
1275 3932 1342 3985 ad
1396 3946 1493 3986 nos
1542 3931 1690 4000 ipsos
1751 3929 2138 3984 convertimur.

2242 3935 2298 3986 ἐν
2330 3934 2450 3993 ταῖς
2481 3929 2742 3999 θλίψεσιν,
2776 3926 2912 3981 ἀλλὰ
2951 3928 3366 3998 διαπτοηθέντες
3398 3930 3535 3999 πρὸς
3583 3930 3819 3993 ἑαυτοὺς

591 4026 754 4082 Vens.
789 4026 842 4080 4.
880 4025 1177 4079 Sonuerunt
1223 4033 1269 4075 et
1317 4023 1539 4075 turbata
1587 4032 1706 4074 sunt
1747 4035 1896 4088 aqua
1943 4033 2139 4071 eorum.

2244 4020 2696 4093 ἐπιστρεφόμεθα.
2746 4022 3024 4088 Ἤχησαν
3091 4020 3188 4072 καὶ
3265 4019 3690 4088 ἐταράχθησαν
3749 4023 3820 4076 τὰ

589 4121 735 4173 Dixit
781 4117 984 4169 telluris
1035 4114 1497 4170 conturbationem
1557 4127 1624 4168 ac
1654 4112 1913 4166 montium
1963 4121 2144 4166 trans-

2244 4113 2430 4166 ὕδατα
2458 4110 2671 4165 αὐτῶν.
2710 4107 2841 4163 Εῖπε
2868 4111 2970 4181 γῆς
3004 4111 3266 4183 ταραχὴν,
3292 4113 3385 4165 καὶ
3414 4112 3558 4180 ὀρῶν
3586 4114 3818 4182 μετάθε-

589 4213 838 4265 lationem
888 4226 903 4262 :
954 4207 1122 4262 maris
1167 4221 1380 4275 quoque
1435 4206 1851 4262 commotionem
1906 4203 2039 4258 dicit
2091 4210 2145 4255 et

2248 4215 2329 4251 σιν
2350 4217 2362 4229 ·
2392 4201 2538 4266 λέγει
2563 4202 2655 4252 καὶ
2677 4201 2945 4270 θαλάσσης
2974 4201 3132 4252 σάλον
3165 4203 3260 4253 καὶ
3285 4202 3618 4273 ἀνατροπὴν,
3647 4205 3816 4272 μέσον

587 4305 941 4364 eversionem,
987 4299 1258 4355 montibus
1296 4300 1346 4352 in
1395 4299 1630 4352 medium
1679 4298 1901 4367 pelagus
1934 4295 2142 4351 ruenti-

2245 4288 2352 4341 τῶν
2393 4289 2560 4358 ὀρέων
2603 4292 2711 4350 τοῖς
2758 4289 3048 4356 πελάγεσιν
3087 4289 3484 4358 ἐμπιπτόντων.
3537 4295 3818 4360 Ἦχησαν

590 4397 704 4449 bus.
733 4393 1026 4448 Souuerunt
1047 4401 1093 4444 et
1118 4391 1338 4444 turbata:
1362 4397 1486 4443 sunt
1507 4404 1656 4458 aqum
1675 4404 1885 4452 eorum;
1913 4387 2143 4441 marium

2246 4382 2341 4433 καὶ
2363 4379 2779 4449 ἐταράχθησαν
2802 4379 2874 4434 τὰ
2897 4380 3084 4435 ὕδατα
3116 4380 3313 4434 αὐτῶν
3335 4398 3350 4412 ο
3391 4383 3496 4434 τῶν
3527 4381 3817 4438 θαλασσῶν

587 4481 853 4537 videlicet.
903 4480 1225 4549 Ampliorem
1275 4487 1450 4534 autem
1501 4476 1961 4546 perturbationem
1995 4470 2173 4530 excii

2245 4469 2502 4540 δηλονότι.
2565 4471 2686 4524 Ἐπὶ
2717 4471 2875 4524 πλέον
2917 4470 2973 4524 δὲ
3013 4472 3245 4524 ποιεῖται
3290 4470 3388 4542 τὴν
3431 4472 3540 4542 (52)
3595 4475 3654 4526 ἐν
3705 4478 3815 4539 τοῖς

588 4581 706 4627 tant
730 4573 783 4626 in
811 4570 963 4638 aquis
991 4580 1200 4626 montes
1232 4570 1355 4638 ipsi,
1390 4570 1433 4624 si
1459 4569 1510 4622 in
1537 4566 1669 4621 mari
1699 4566 1837 4619 ﬁrmi
1865 4581 1970 4621 non
1993 4578 2140 4632 sunt,

2252 4561 2404 4615 ὕδασι
2435 4563 2676 4634 ταραχὴν
2717 4564 2854 4618 αὑτὰ
2896 4563 2967 4616 τὰ
3010 4564 3108 4634 ὄρη
3158 4562 3230 4632 μὴ
3267 4563 3581 4634 ἐνιδρυμὲνα
3615 4570 3683 4636 τῇ
3719 4568 3813 4620 θα-

587 4664 680 4718 sed
715 4661 928 4731 propria
955 4659 1247 4730 agitatione
1282 4658 1503 4713 multum
1540 4656 1697 4726 aquis
1737 4653 1966 4710 afferunt
1997 4670 2140 4710 com-

2253 4652 2445 4724 λάσσῃ,
2471 4653 2605 4708 ἀλλὰ
2645 4653 2723 4724 τῷ
2750 4655 2932 4723 οἰκείῳ
2967 4652 3109 4721 σάλῳ
3146 4652 3313 4706 πολὺν
3345 4653 3675 4723 ἐμποιοῦντα
3719 4657 3814 4709 τὸν

590 4752 858 4806 motionis.
896 4749 1026 4803 Cum
1068 4748 1230 4819 igitur
1267 4757 1408 4801 terra
1437 4747 1702 4808 turbatur,
1744 4751 1799 4797 et
1833 4759 1983 4812 aqua:
2027 4757 2143 4796 ma-

2249 4745 2433 4798 κλόνον
2465 4748 2572 4810 τοῖς
2604 4747 2807 4800 ὕδασιν.
2843 4746 2970 4796 Ὅτε
2999 4745 3173 4797 τοίνυν
3226 4747 3258 4816 ή
3314 4746 3410 4816 μὲν
3445 4745 3516 4814 γῆ
3544 4749 3815 4818 ταράσσε-

590 4846 725 4896 rinm
763 4841 925 4896 edent
957 4855 1168 4900 sonum,
1197 4847 1252 4893 et
1285 4852 1351 4891 ex
1395 4837 1659 4906 profundo
1690 4832 1970 4896 ebullient,
2018 4848 2139 4887 cum

2247 4853 2358 4900 ται,
2396 4835 2560 4890 ὕδατα
2600 4838 2656 4890 δὲ
2683 4835 2962 4891 θαλασσῶν
2995 4837 3182 4906 ἡχήσει
3218 4838 3310 4890 καὶ
3340 4835 3811 4910 άναϐρασθήσεται

592 4942 800 4985 montes
858 4932 1255 4984 transferuntur
1306 4939 1358 4982 et
1406 4926 1865 4996 perturbationem
1922 4923 2142 4977 multam

2250 4931 2314 4982 ἐκ
2344 4929 2536 4997 βυθῶν,
2566 4932 2665 5001 ὅρη
2689 4925 2745 4984 δέ
2777 4928 3115 5000 μετατίθεται
3140 4930 3232 4982 καὶ
3259 4928 3421 4991 πολὺν
3442 4930 3704 4998 ὑπομένει
3727 4933 3810 4983 τὸν

589 5025 894 5090 sustinent,
951 5039 1046 5092 per
1087 5030 1496 5092 exsuperantem
1547 5017 1758 5074 Domini
1805 5017 2139 5083 potentiam:

2251 5021 2502 5088 τάραχον,
2534 5021 2618 5074 διὰ
2652 5020 2710 5074 τὸ
2750 5017 3082 5090 ὑπερϐάλλον
3125 5017 3222 5086 τῆς
3258 5016 3536 5086 δυνάμεως
3570 5015 3667 5068 τοῦ
3705 5021 3809 5071 Κυ-

593 5127 738 5180 tunc,
777 5117 974 5184 inquit,
1021 5130 1116 5170 cor
1158 5113 1604 5184 imperturbatum
1653 5115 1958 5179 permanet,
2005 5104 2147 5176 quod

2259 5109 2402 5178 ρίου·
2435 5111 2572 5176 τότε,
2607 5113 2791 5182 φησὶν,
2821 5112 3087 5180 ἀπτόητος
3109 5109 3264 5180 ἡμῶν
3297 5115 3328 5180 ή
3357 5109 3554 5179 καρδία
3585 5109 3681 5162 τοῦ
3713 5115 3809 5164 ἁσ-

659 5214 706 5244 “
735 5212 920 5264 Matth.
959 5228 1054 5274 vn,
1094 5211 1181 5276 15,
1210 5211 1294 5264 ﬂ.
1408 5209 1453 5239 "
1494 5207 1648 5260 Rom.
1692 5222 1744 5270 v,
1786 5203 1839 5266 5,
1872 5201 1928 5255 4.
2041 5202 2090 5234 ⁸⁸
2125 5200 2215 5255 Acl

629 5283 672 5313 "
714 5282 868 5333 Rom.
910 5297 961 5333 v.
1005 5282 1057 5333 ὅ.

2220 5217 2245 5254 '..
2291 5220 2400 5266 xw,
2440 5205 2528 5260 21.
2605 5208 2650 5238 ⁸⁷
2692 5206 2832 5262 Psal.
2875 5221 3067 5270 xum,
3107 5206 3194 5260 20.
3273 5205 3318 5236 "
3358 5205 3514 5257 Rom.
3558 5221 3678 5268 rut,
3721 5209 3806 5263 37.

763 5298 868 5334 om.
910 5297 961 5343 v,
1005 5297 1057 5333 ο.

665 5393 775 5461 (30)
806 5392 877 5444 Ita
912 5407 1040 5445 mss.
1068 5406 1256 5444 novem
1275 5405 1396 5445 cum
1425 5389 1636 5461 vulgato
1663 5387 1954 5461 Scriptura:
1973 5394 2138 5461 te__xtu.
2250 5425 2251 5428 η

2250 5391 2434 5461 aestus
2463 5381 2714 5461 eteditio
2746 5380 2918 5434 Paris.
2964 5381 3061 5461 τῇς
3092 5381 3186 5461 ,είς
3219 5377 3364 5461 Θεὸν
3412 5378 3807 5461 πεποιθήσεως.

595 5447 730 5514 Editi
758 5447 859 5530 τὴν
889 5461 1159 5530 βασιλείαν
1182 5461 1287 5512 τῶν
1305 5447 1563 5528 οὐρανῶν.
1593 5457 1706 5510 Mox
1727 5447 1854 5530 editi
1869 5468 1985 5505 cum
2011 5455 2141 5530 Iteg.

2323 5451 2433 5530 (52)
2459 5451 2609 5504 Colb.
2638 5452 2842 5519 primus
2881 5447 3164 5530 ποιεῖτὴν.
3217 5447 3324 5530 δερ
3355 5448 3806 5530 ita_multoﬂ:nlra

594 5516 834 5595 quintob
867 5516 1126 5599 γενναῖος.
1164 5532 1269 5583 Alii
1305 5516 1397 5583 sei
1438 5544 1568 5582 mss.
1611 5530 1638 5579 ό
1666 5522 1950 5599 γενναίως.
1984 5535 2038 5576 et
2071 5516 2142 5575 ita

2253 5516 2650 5599 quinque'mss;
2685 5521 3071 5599 cutnheditione
3101 5516 3276 5599 ‘Basil.
3310 5516 3607 5596 ποιοῦντα..
3634 5518 3807 5570 Editin

593 5585 1044 5665 legendum'esse,
1077 5585 1125 5653 si
1153 5615 1257 5653 non
1313 5599 1542 5653 aliunde.
1571 5609 1621 5648 at
1670 5585 1734 5649 ex
1786 5593 2025 5662 proxima
2063 5601 2144 5645 ta-
2252 5585 2379 5643 vero
2405 5585 2591 5665 Paris.
2639 5606 2758 5665 cum
2790 5590 2939 5665 (ξουρτ
2983 5598 3136 5665 sexto
3165 5586 3513 5665 ἐμποιοῦντα.
3551 5585 3809 5665 ‘Subinde

595 5655 712 5722 tutan
737 5687 866 5724 voce
893 5655 1197 5741 ἀταράχως.
1226 5668 1380 5736 Plane
1415 5675 1724 5741 "‘?_"§'a"et'_
1907 5732 1919 5741 .
1995 5732 2025 5741 η
2071 5731 2100 5741 ..

2254 5675 2380 5741 _mss.
2420 5669 2530 5714 tres
2570 5664 2600 5730 ἡ
2635 5661 2729 5729 μὲν
2761 5660 2852 5728 γῆ.
2900 5657 3095 5713 Vocula
3127 5658 3226 5728 μέν
3258 5658 3309 5710 in
3343 5657 3502 5711 editis
3532 5655 3807 5711 desidera-

667 5740 774 5792 (Sil
803 5741 891 5794 Sic
933 5731 1381 5794 ocio't'nssfcum
1415 5738 1644 5790 editione
1693 5732 1851 5788 Basil.
1895 5732 1960 5786 At
1991 5731 2139 5786 Colb.
2254 5731 2428 5784 batur.
