4016 6448
209 406 289 471 4‘2
301 421 320 471 ι

1341 409 1628 461 HUMILIA
1664 408 1729 455 IN
1773 405 2103 454 PDALMUM
2144 405 2299 453 ΜΝ.

3345 399 3451 453 422

214 534 409 603 φαλεῖς
456 531 550 584 καὶ
598 528 816 599 βεϐαίας
864 526 1006 597 ἔχειν
1060 528 1154 579 ἐπὶ
1201 525 1329 578 Θεὸν
1388 523 1486 586 τὰς
1542 520 1785 583 ἐλπίδας.

1896 528 2036 575 tutas
2069 520 2363 587 ﬁrmasque
2404 518 2455 571 in
2488 517 2600 573 Deo
2632 532 2759 587 spes
2802 516 3019 572 habeat.
3080 515 3298 570 Turbati
3334 526 3454 572 sunt

232 623 682 693 Ἐταρὰχθησαγ
708 623 782 676 τὰ
812 621 915 689 ὄρη
948 620 1017 673 ἐν
1047 617 1121 686 τῇ
1158 617 1531 685 κραταιότητι
1578 614 1784 669 αὐτοῦ.

214 714 455 767 Δύνασαι
482 714 575 766 καὶ
608 711 883 783 τροπικῶς
909 709 1153 763 ἐκλαϐεῖν
1180 708 1278 779 τὴν
1306 707 1544 761 διάνοιαν
1568 706 1662 759 τοῦ
1694 709 1788 776 ρη-

214 803 339 869 τοῦ,
376 805 481 873 ὅρη
523 803 802 874 ὀνομάζων
840 802 968 864 τοὺς
1016 798 1545 871 μεγαλοφρονοῦντας
1576 797 1669 850 ἐπὶ
1712 798 1790 866 τῷ

219 896 429 949 ἐαυτῶν
480 895 715 965 μεγέθει,
764 892 1086 962 ἀγνοοῦντας
1134 890 1191 942 δέ
1237 891 1334 961 τὴν
1364 890 1457 943 τοῦ
1490 889 1623 943 Θεοῦ
1655 907 1788 961 κρα-

218 989 501 1057 ταιότητα,
531 987 626 1039 καὶ¹
646 986 914 1057 ὑπερυψου
923 986 1114 1054 μένους
1142 984 1284 1036 κατά
1309 984 1408 1054 τῆς
1426 983 1679 1050 γνώσεως
1696 981 1787 1035 τοῦ

222 1079 383 1145 Θεοῦ,
421 1075 539 1131 εἶτα
584 1078 911 1148 νικωμένους
945 1075 1048 1128 ὑπὸ
1076 1075 1182 1129 τῶν
1223 1074 1360 1146 μετὰ
1390 1074 1667 1144 δυνάμεως
1698 1074 1791 1126 καὶ

226 1170 419 1240 σοφίας
444 1168 845 1239 πρεσϐευόντων
874 1167 964 1219 τὸν
989 1167 1086 1238 τῆς
1115 1167 1303 1235 σοφίας
1330 1166 1505 1233 λόγον,
1533 1166 1627 1219 καὶ
1654 1165 1790 1235 μετὰ

220 1257 324 1328 τὴν
355 1256 697 1327 συναίσθησιν
729 1255 824 1325 τῆς
864 1254 1071 1307 ἐαυτῶν
1115 1254 1384 1323 πτωχείας
1428 1254 1791 1324 φοϐουμένους

221 1349 316 1401 τὸν
348 1348 571 1419 Κύριον,
609 1346 701 1397 καὶ
733 1346 1290 1415 ὑποταπεινουμένους
1340 1347 1406 1414 τῇ
1443 1344 1792 1414 κραταιὸτητι

224 1439 413 1491 αὐτοῦ.
456 1439 524 1489 Ἢ
553 1437 692 1505 τάχα
727 1436 820 1489 καὶ
850 1438 899 1488 οἱ
934 1438 1189 1506 ἄρχοντες
1217 1435 1311 1488 τοῦ
1352 1435 1544 1498 αἰῶνος
1580 1435 1789 1498 τούτου,

224 1531 322 1583 καὶ
343 1529 573 1599 πατέρες
599 1527 698 1598 τῆς
729 1528 1105 1597 ἀπολλυμένης
1140 1527 1351 1593 σοφίας,
1385 1526 1487 1595 ὄρη
1518 1526 1610 1579 καὶ
1642 1527 1793 1579 αὐτοὶ

224 1622 488 1690 λέγονται,
518 1622 907 1692 ταρασσόμενοι
950 1622 1006 1671 ἐν
1036 1623 1100 1690 τῇ
1132 1619 1223 1672 τοῦ
1257 1617 1491 1690 Χριστοῦ
1532 1616 1790 1687 κραταιό-

224 1729 349 1780 τητι
369 1752 383 1774 ,
414 1712 479 1780 ἢν
503 1712 560 1763 ἐν
586 1711 663 1782 τῷ
698 1712 863 1780 ἀγῶνι
891 1711 979 1764 διὰ
1013 1711 1106 1763 τοῦ
1139 1708 1368 1779 σταυροῦ
1398 1708 1508 1777 (⁸53)
1540 1707 1673 1777 πρὸς
1704 1707 1793 1759 τὸν

223 1803 287 1854 τὸ
313 1802 510 1873 κράτος
543 1802 731 1872 ἔχοντα
758 1803 849 1856 τοῦ
898 1804 1126 1856 θανάτου
1157 1799 1485 1864 ἐπεδείξατο.
1536 1799 1792 1851 Ἀπεκδυ-

1891 621 2090 665 montes
2134 611 2188 663 in
2229 609 2538 678 fortitudine
2563 608 2699 679 ejus.
2734 607 2892 663 Potes
2922 608 3085 662 etiam
3119 609 3247 664 dicti
3295 609 3455 676 hujus

1890 716 2104 758 sensum
2132 716 2230 771 per
2253 701 2625 769 metaphoram
2652 714 2943 770 exponere,
2963 709 3161 754 montes
3180 700 3456 769 appellans

1889 805 2004 856 eos,
2040 791 2132 860 qui
2172 790 2241 844 ob
2293 805 2446 843 suam
2489 789 2914 858 magnitudinem
2964 789 3311 854 insolescunt,
3356 789 3456 844 Dei

1891 891 2018 930 vero
2050 876 2417 930 fortitudinem
2458 877 2728 946 ignorant,
2780 886 2835 931 et
2867 877 3135 932 extollunt
3171 893 3291 934 sese
3324 894 3457 933 con-

1892 976 1971 1021 tra
2016 966 2107 1021 Dei
2147 967 2427 1020 scientiam
2466 985 2479 1020 :
2520 967 2613 1035 qui
2668 977 2845 1021 tamen
2890 971 3228 1037 postmodum
3271 971 3338 1025 ab
3387 970 3455 1025 iis

1891 1061 1979 1129 qui
2033 1075 2156 1113 cum
2210 1061 2411 1113 virtute
2464 1068 2518 1112 et
2572 1060 2833 1127 sapientia
2898 1060 3121 1115 verbum
3180 1062 3458 1133 sapientia:

1890 1151 2210 1219 praedicant,
2256 1162 2583 1220 superantur
2614 1153 3021 1221 vincunturque
3044 1192 3059 1218 ,
3095 1164 3149 1208 et
3174 1169 3285 1208 suae
3312 1153 3458 1222 ipso-

1894 1261 2012 1298 rum
2054 1245 2246 1315 inopize
2293 1245 2421 1299 facti
2450 1246 2677 1311 conscii,
2709 1247 2901 1301 timent
2941 1247 3248 1310 Dominum,
3295 1262 3360 1302 ac
3396 1262 3458 1301 se

1896 1337 2015 1407 ejus
2052 1338 2306 1407 potentiae
2339 1338 2680 1392 submittunt.
2735 1344 2837 1391 Aut
2882 1338 3132 1393 fortassis
3163 1350 3217 1394 et
3251 1340 3458 1407 princi-

1895 1445 1991 1498 pes
2024 1431 2207 1485 sacculi
2262 1430 2440 1497 hujus,
2499 1441 2554 1484 et
2606 1442 2788 1500 patres
2843 1431 3120 1499 sapienti-.3
3178 1434 3455 1499 periturae,

1895 1527 2090 1572 montes
2120 1518 2372 1572 dicuntur
2410 1530 2465 1572 et
2494 1519 2617 1588 ipsi,
2650 1522 2739 1587 qui
2788 1521 2984 1575 turbati
3004 1530 3137 1575 sunt
3168 1522 3219 1575 in
3254 1520 3457 1577 Christi

1900 1606 2249 1673 fortitudine,
2282 1625 2442 1678 quam
2474 1612 2524 1664 in
2562 1612 2741 1667 crucis
2770 1612 3063 1666 certamine
3104 1620 3295 1667 contra
3330 1626 3455 1667 eum

1896 1699 1989 1767 qui
2034 1700 2315 1769 imperium
2382 1703 2571 1756 mortis
2626 1702 2900 1767 habebat,
2948 1704 3200 1759 ostendit.
3250 1705 3458 1759 Exutus

1897 1789 2042 1843 enim
2070 1790 2235 1844 veluti
2266 1805 2561 1860 generosus
2591 1792 2860 1862 quispiam
2908 1793 3134 1859 athleta,
3181 1794 3456 1863 principa-

228 1894 460 1962 σάμενος
486 1894 616 1965 γὰρ,
648 1894 833 1965 ὥσπερ
874 1912 957 1957 τις
993 1896 1233 1961 γενναῖος
1288 1891 1614 1962 ἀγωνιστὴς,
1657 1908 1791 1945 κατ-υ

1897 1887 1980 1933 tus
2015 1893 2078 1933 ac
2113 1888 2406 1947 potestates
2455 1883 2764 1950 superavit,
2807 1898 2871 1937 ac
2910 1882 3201 1938 Ostentauit
3252 1884 3453 1954 palam,

225 1985 490 2038 επάλαισε
522 1986 618 2049 τάς
651 1988 823 2056 ἀρχὰς
867 1987 959 2039 καὶ
990 1985 1089 2048 τὰς
1127 1982 1412 2069 ἐξουσίας,
1451 1984 1546 2037 καὶ
1585 1984 1795 2052 Ἑδειγ-

218 2076 476 2145 μάτισεν
500 2078 568 2130 ἐν
599 2076 918 2143 παρρησίᾳ,
946 2077 1340 2145 θριαμϐεύσας
1370 2075 1590 2141 αὐτοὺς
1616 2076 1685 2129 ἐν
1716 2073 1796 2138 τῷ

228 2170 418 2236 ξύλῳ.

302 2261 355 2315 4.
396 2260 504 2313 Τοῦ
538 2258 801 2327 ποταμοῦ
834 2258 906 2311 τὰ
936 2259 1242 2328 όρμήματα
1265 2261 1655 2329 εὐφραίνουσι
1683 2260 1794 2329 (54)

225 2350 346 2415 τὴν
379 2348 556 2400 πόλιν
591 2346 696 2399 τοῦ
737 2347 903 2401 Θεοῦ.
944 2348 1023 2401 Τά
1058 2349 1156 2417 μὲν
1193 2348 1413 2419 ἀλμυρά
1453 2348 1621 2402 ὖδατα
1668 2365 1797 2417 σφο-

224 2441 370 2511 δρῶς
395 2440 497 2493 ὑπὸ
528 2440 634 2492 τῶν
661 2440 980 2510 πνευμάτων
1005 2440 1446 2509 ἐκταρασσόμενα
1472 2441 1680 2511 ἤχησαν
1703 2442 1797 2495 καὶ

226 2531 605 2603 ἐταράχθησαν
625 2549 639 2563 ·
672 2533 739 2585 τὰ
763 2532 819 2585 δὲ
848 2532 940 2585 τοῦ
966 2530 1209 2600 ποταμοῦ
1241 2532 1382 2601 ὁρμή
1394 2549 1536 2601 ματα
1563 2532 1798 2604 ἀψοφητὶ

228 2623 505 2693 προϊόντα,
536 2623 629 2674 καὶ
657 2624 828 2692 ήσυχῆ
861 2624 973 2683 τοῖς
999 2621 1168 2686 ἀξίοις
1198 2621 1295 2691 τῆς
1338 2622 1599 2695 ὑποδοχῆς
1646 2628 1800 2698 ἐπιρ-

231 2714 443 2785 ρέοντα,
476 2714 815 2782 εὐφραίνουσι
844 2713 941 2783 τὴν
973 2713 1124 2766 πόλιν
1153 2714 1246 2767 τοῦ
1290 2715 1446 2770 Θεοῦ.
1493 2718 1601 2770 Καὶ
1646 2718 1739 2771 νῦν
1771 2722 1799 2772 ό

225 2806 435 2867 δίκαιος
479 2804 623 2855 πίνει
667 2802 728 2855 τὸ
774 2804 880 2866 ζῶν
913 2803 1075 2876 ὕδωρ,
1124 2806 1217 2859 καὶ
1256 2805 1479 2879 ὕστερον
1521 2808 1578 2861 δὲ
1617 2810 1797 2863 πίεται

226 2893 622 2962 ἀφθονώτερον,
668 2892 826 2963 ἡνίκα
860 2894 925 2947 ἂν
972 2894 1410 2968 πολιτογραφηθῇ
1455 2899 1511 2951 ἐν
1552 2902 1617 2969 τῇ
1650 2900 1798 2953 πόλει

224 2986 323 3037 τοῦ
351 2984 503 3037 Θεοῦ.
548 2986 704 3039 Ἀλλά
748 2986 843 3039 νῦν
879 2989 975 3058 μὲν
1013 2989 1078 3041 δι’
1113 2989 1374 3059 ἐσόπτρου
1405 2992 1497 3043 καὶ
1524 2992 1581 3043 ἐν
1622 2993 1798 3061 αίνίγ-

239 3094 373 3146 ματι
426 3078 607 3141 πίνει,
660 3080 745 3132 διὰ
792 3081 888 3148 τὴν
939 3081 1079 3133 κατά
1114 3081 1284 3151 βραχὺ
1335 3082 1638 3152 κατάληψιν
1691 3085 1799 3138 τῶν

226 3167 389 3219 θείων
421 3166 594 3238 θεωρῇ
607 3168 786 3237 μάτων
810 3186 824 3199 ·
860 3169 978 3221 τότε
1004 3170 1059 3221 δὲ
1090 3170 1223 3238 ὁμοῦ
1252 3170 1682 3243 πλημμυροῦντα
1706 3176 1796 3229 τὸν

228 3257 470 3325 ποταμὸν
502 3256 833 3320 ὑποδέξεται,
870 3256 1049 3308 πᾶσαν
1097 3256 1162 3308 δι’
1197 3260 1533 3333 εὐφροσύνης
1574 3265 1796 3317 ἐπικλύ-

227 3349 344 3413 ζειν
374 3348 662 3416 δυνάμενον
694 3347 791 3416 τὴν
830 3346 981 3400 πόλιν
1051 3348 1145 3401 τοῦ
1181 3349 1336 3406 Θεοῦ.
1391 3353 1486 3417 Τίς
1521 3355 1565 3407 δ’
1599 3356 1664 3409 ἂν
1710 3356 1794 3429 εἴη

224 3442 255 3491 ὁ
291 3437 528 3505 ποταμὸς
560 3434 652 3488 τοῦ
682 3436 814 3489 Θεοῦ
858 3440 889 3508 ἢ
930 3438 991 3491 τὸ
1019 3441 1240 3511 Πνεῦμα
1286 3443 1346 3495 τὸ
1380 3444 1553 3512 ἅγιον,
1598 3447 1660 3498 ἐκ
1698 3449 1797 3517 τῆς

227 3530 464 3591 πίστεως
488 3528 594 3581 τῶν
626 3531 705 3593 είς
727 3531 958 3600 Χριστὸν
986 3535 1422 3587 πεπιστευκότων
1452 3537 1795 3606 ἐγγινόμενον

224 3622 340 3682 τοῖς
378 3618 584 3685 ἀξίοις;
622 3621 673 3672 Ὁ
715 3621 825 3689 γὰρ
852 3624 1173 3687 πιστεύων,
1210 3625 1393 3693 φησὶν,
1420 3629 1506 3692 εὶς
1534 3628 1657 3695 ἐμὲ,
1688 3646 1794 3682 πο-

223 3710 396 3779 ταμοὶ
426 3712 495 3764 ἐκ
523 3710 631 3779 τῆς
656 3712 884 3777 κοιλίας
906 3713 1088 3767 αὑτοῦ
1110 3716 1406 3781 ρεύσουσι
1428 3732 1441 3745 ο
1485 3719 1577 3769 καὶ
1602 3718 1758 3772 πάλιν
1778 3737 1791 3748 ·

240 3803 377 3855 Ἐάν
403 3821 491 3869 τις
520 3805 627 3871 πίῃ
657 3803 724 3855 ἐκ
756 3804 858 3855 τοῦ
888 3805 1103 3869 ὓδατος
1126 3804 1196 3861 οὗ
1237 3807 1349 3877 ἐγὼ
1374 3808 1597 3879 δίδωμι,
1626 3811 1785 3880 γενή.

226 3913 396 3949 σεται
421 3898 490 3949 ἐν
516 3894 673 3959 αὐτῷ
701 3894 861 3963 πηγὴ
903 3895 1119 3962 ὕδατος
1152 3899 1489 3967 ἁλλομένου
1524 3906 1611 3969 εἰς
1646 3903 1797 3974 ζωὴν

221 3986 485 4041 αἰώνιον.
534 3980 697 4048 Οὗτος
736 3986 913 4040 τοίνυν
960 3989 989 4039 ὁ
1020 3988 1259 4058 ποταμὸς
1304 3990 1580 4059 εὐφραίνει
1619 3996 1797 4049 πᾶσαν

219 4079 361 4149 ὁμοῦ
391 4078 488 4148 τὴν
521 4077 671 4129 πόλιν
723 4077 813 4129 τοῦ
843 4077 976 4132 Θεοῦ
999 4120 1013 4144 ,
1047 4080 1163 4150 ἦτοι
1189 4080 1286 4151 τὴν
1320 4081 1642 4154 Ἐκκλησίαν
1689 4087 1795 4141 τῶν

220 4172 289 4223 τὸ
315 4169 606 4239 πολίτευμα
633 4170 862 4239 ἐχόντων
887 4174 945 4224 ἐν
978 4174 1222 4243 οὐρανοῖς
1243 4190 1256 4204 ⁶
1286 4174 1319 4245 ἢ
1348 4177 1526 4229 πᾶσαν
1553 4177 1650 4249 τὴν
1676 4195 1797 4249 νοη-

218 4264 324 4324 τὴν
364 4263 538 4316 κτίσιν
590 4263 696 4315 ἀπὸ
741 4264 847 4316 τῶν
905 4266 1286 4336 ὐπερκοσμίων
1331 4268 1608 4338 δυνάμεων
1636 4272 1795 4343 μέχρι

218 4357 335 4409 τῶν
369 4357 718 4428 ἀνθρωπίνων
741 4356 926 4426 ψυχῶν
957 4358 1109 4411 πόλιν
1151 4360 1253 4431 χρὴ
1284 4364 1422 4415 νοεῖν
1451 4364 1797 4436 εὐφραινομέ-

220 4468 326 4518 νην
360 4450 584 4520 ὑπὸτῆς
628 4453 886 4522 ἐπιρροῆς
930 4452 1024 4505 τοῦ
1075 4453 1230 4521 ἁγίου
1269 4456 1601 4526 Πνεύματος.
1647 4461 1794 4530 Ὀρί-

1895 1970 2222 2039 triumphans
2259 1974 2322 2026 de
2343 1973 2449 2027 illis
2473 1974 2529 2027 in
2554 1975 2693 2044 ligno
2726 1975 2765 2029 ί.

1965 2236 2021 2289 4.
2062 2235 2221 2291 Vens.
2248 2238 2301 2292 5.
2354 2236 2618 2293 Fluminis
2649 2242 2865 2309 impetus
2900 2243 3170 2312 laetiﬁcum
3199 2246 3457 2300 civitatem

1896 2326 2013 2380 Dei.
2049 2327 2268 2383 Marium
2292 2329 2507 2398 quidem
2530 2346 2683 2400 aqua:
2704 2334 3050 2390 vehementer
3074 2351 3104 2389 a
3130 2340 3308 2392 ventis
3338 2354 3460 2407 per-

1898 2422 2127 2475 turbata:
2166 2432 2465 2479 sonuerunt
2503 2434 2560 2480 et
2595 2426 2825 2481 turbata:
2868 2436 2994 2483 sunt
3023 2447 3037 2484 :
3070 2429 3165 2491 sed
3216 2428 3458 2485 ﬂuminis

1901 2512 2130 2582 impetus
2182 2514 2300 2568 sine
2358 2516 2587 2585 strepitu
2642 2519 3036 2586 procedentes,
3087 2530 3143 2575 et
3193 2530 3461 2591 quotquot

1900 2604 2044 2672 digni
2084 2615 2211 2657 sunt
2242 2605 2334 2674 qui
2364 2620 2460 2659 eos
2487 2606 2773 2675 recipiant,
2809 2608 2873 2664 iis
2914 2610 3105 2666 leniter
3131 2612 3458 2677 ailtbentes,

1901 2694 2179 2750 Letiﬁcant
2244 2697 2521 2752 civitatem
2578 2698 2695 2756 Dei.
2764 2702 2830 2755 Et
2889 2717 3035 2757 nunc
3086 2703 3267 2771 justus
3327 2704 3462 2761 bibit

1904 2798 2101 2851 aquam
2131 2786 2307 2840 vivam
2340 2790 2382 2853 ²,
2418 2797 2577 2857 atque
2607 2799 2794 2859 postea
2832 2792 3102 2860 copiosius
3130 2792 3299 2858 bibet,
3335 2812 3459 2851 cum

1900 2876 2103 2931 civitati
2122 2878 2215 2931 Dei
2236 2880 2501 2950 ascriptus
2519 2880 2698 2936 fuerit.
2726 2883 2881 2954 173
2899 2884 3059 2953 Atqui
3076 2900 3219 2940 nunc
3238 2888 3457 2955 quidem

1900 2980 1994 3033 per
2025 2968 2296 3038 speculum
2339 2980 2394 3024 et
2443 2972 2495 3025 in
2532 2973 2859 3044 mnigmate'
2900 2976 3069 3043 bibit,
3114 2979 3184 3032 ob
3212 2978 3461 3049 exiguam

1901 3061 2207 3116 divinarum
2260 3064 2781 3133 contemplationum
2840 3069 3239 3139 perceptionem
3280 3087 3296 3124 :
3332 3080 3461 3127 tunc

1900 3168 2027 3210 vero
2052 3154 2211 3209 simul
2262 3166 2664 3226 restagnantem
2716 3158 2936 3215 ﬂuvium
2981 3173 3302 3232 excepturus
3355 3173 3458 3229 est,

1900 3247 1991 3314 qui
2027 3255 2190 3301 totam
2231 3248 2325 3303 Dei
2378 3250 2650 3304 civitatem
2707 3252 2891 3306 laetitia
2945 3253 3205 3310 inundare
3266 3257 3457 3326 possit.

1898 3337 2030 3404 Quis
2082 3349 2259 3393 autem
2305 3340 2470 3395 fuerit
2514 3342 2709 3399 ﬂuvius
2769 3344 2871 3399 iste
2905 3345 3022 3411 Dei,
3068 3347 3170 3401 nisi
3226 3345 3461 3419 Spiritus

1897 3442 2136 3496 sanctus,
2176 3432 2265 3502 qui
2302 3432 2478 3502 dignis
2512 3433 2775 3498 illabitur,
2826 3442 3119 3494 secundum
3176 3440 3333 3496 ﬁdem
3363 3458 3461 3497 eo-

1900 3538 2017 3576 rum
2049 3525 2141 3590 qui
2184 3524 2236 3576 in
2270 3523 2544 3579 Christum
2592 3527 2981 3583 crediderunt?
3026 3530 3131 3595 Qui
3164 3534 3321 3597 enim,
3371 3535 3460 3587 in-

1897 3616 2036 3683 quit,
2057 3619 2216 3669 credit
2240 3619 2293 3671 in
2315 3634 2412 3683 me,
2434 3620 2582 3687 ﬂuvii
2603 3624 2665 3675 de
2686 3630 2859 3675 uentre
2881 3622 2992 3692 ejus
3015 3625 3174 3693 ﬂuent
3193 3625 3235 3679 ⁸.
3258 3626 3323 3681 Et
3340 3642 3460 3681 rur-

1897 3725 2030 3765 sus:
2062 3709 2120 3765 Si
2162 3713 2277 3782 quis
2308 3712 2490 3767 biberit
2531 3730 2594 3767 ea:
2632 3731 2769 3784 aqua
2805 3733 2961 3786 quam
3009 3734 3100 3787 ego
3135 3720 3236 3783 do,
3271 3721 3360 3789 ﬁet
3406 3723 3461 3775 in

1897 3819 1955 3857 eo
1996 3804 2113 3872 fons
2144 3819 2292 3873 aqua:
2326 3804 2561 3857 salientis
2600 3806 2651 3856 in
2688 3806 2853 3859 vitam
2877 3810 3192 3861 mternam‘.
3230 3810 3329 3864 Hic
3360 3813 3460 3864 ita-

1898 3911 2001 3965 que
2048 3895 2241 3948 ﬂuvius
2274 3908 2485 3948 omnem
2532 3895 2691 3948 simul
2744 3896 2835 3950 Dei
2894 3897 3166 3953 civitatem
3200 3901 3456 3969 laetiﬁcat,

1898 4002 2094 4056 nempe
2126 3995 2325 4041 costum
2352 4001 2562 4051 eorum,
2595 3988 2687 4058 qui
2723 4002 2874 4043 suam
2908 3991 2962 4045 in
2988 3992 3143 4048 ctelis
3169 4008 3460 4049 conversa-

1901 4079 2097 4132 tionem
2159 4077 2361 4132 habent
2399 4097 2412 4133 :
2446 4089 2539 4133 aut
2584 4095 2801 4135 onmem
2842 4093 3145 4138 creaturam
3185 4087 3456 4143 intellectu

1898 4170 2198 4239 prazditam,
2230 4186 2261 4225 a
2292 4172 2584 4227 virtutibus
2613 4175 2921 4229 coelestibus
2950 4191 3119 4245 usque
3155 4178 3221 4231 ad
3252 4181 3459 4236 animas

1901 4258 2206 4328 humanas,
2278 4262 2550 4317 civitatem
2610 4264 2834 4335 intelligi
2904 4277 3154 4337 oportet,
3222 4271 3457 4341 Spiritus

1898 4354 2072 4407 sancti
2121 4352 2471 4407 inundatione
2524 4353 2867 4411 Iaetiﬁcatam.
2940 4359 3152 4413 Etenim
3213 4366 3456 4419 nonnulli

1900 4447 1971 4498 ita
2000 4445 2276 4500 civitatem
2303 4445 2585 4512 deﬁniunt,
2617 4456 2676 4501 ut
2701 4449 2885 4503 dicant
2908 4450 3155 4505 stabilem
3183 4467 3305 4508 esse
3327 4470 3456 4509 con-

221 4539 409 4607 ζονται
457 4544 562 4614 γάρ
609 4560 749 4605 τινες
797 4543 949 4595 πόλιν
1007 4542 1145 4598 εἶναι
1192 4547 1442 4618 σύστημα
1492 4551 1792 4621 ἱδρυμένον,

1900 4538 2288 4606 gregationem,
2321 4538 2616 4590 secundum
2648 4538 2815 4606 legem
2844 4540 3294 4599 administratam.
3323 4546 3458 4599 Tra-

221 4633 368 4687 κατὰ
397 4635 556 4701 νόμον
580 4634 962 4706 διοικούμενον.
1008 4637 1333 4707 Ἐφαρμόζει
1365 4642 1420 4693 δὲ
1450 4643 1542 4695 καὶ
1585 4646 1648 4713 τῇ
1679 4646 1791 4699 ἄνω

236 4725 591 4795 Ἰερουσαλὴμ
633 4731 697 4797 τῇ
743 4728 1044 4799 ἐπουρανίῳ
1094 4730 1243 4783 πόλει
1289 4734 1317 4783 ὁ
1358 4733 1634 4797 ἀποδοθεὶς
1667 4736 1789 4804 ὅρος

222 4817 326 4886 τῆς
355 4814 579 4878 πόλεως.
628 4816 883 4887 Σύστημα
927 4818 1033 4889 γὰρ
1065 4819 1226 4871 κάκεῖ
1260 4821 1367 4873 τῶν
1408 4824 1785 4892 πρωτοτόκων,

218 4910 335 4963 τῶν
386 4910 889 4979 ἀπογεγραμμένων
934 4914 992 4965 ἐν
1035 4913 1306 4983 οὐρανοῖς·
1361 4917 1452 4967 καὶ
1503 4917 1786 4987 ἱδρυμένον

216 5003 381 5055 τοῦτο
409 5004 493 5056 διὰ
523 5004 583 5056 τὸ
608 5003 999 5073 ἀμετακίνητον
1028 5006 1126 5075 τῆς
1162 5007 1433 5077 διαγωγῆς
1462 5010 1567 5062 τῶν
1594 5011 1784 5078 ἁγίων,

218 5100 318 5151 καὶ
344 5099 484 5152 κατὰ
512 5101 672 5168 νόμον
700 5097 789 5150 τὸν
827 5096 1073 5167 οὐράνιον
1108 5099 1217 5169 (55)
1252 5098 1638 5168 διοικούμενον.
1675 5102 1783 5171 Τὴν

218 5191 401 5244 τοίνυν
422 5190 660 5257 διάταξιν
692 5192 903 5261 ἐκείνης
933 5192 1029 5260 τῆς
1053 5193 1345 5255 πολιτείας,
1373 5192 1463 5244 καὶ
1486 5196 1663 5249 πᾶσαν
1688 5195 1785 5265 τὴν

218 5284 579 5356 διακόσμησιν
610 5285 959 5356 καταμαθεῖν,
987 5285 1237 5355 οὐδεμιᾶς
1272 5289 1413 5339 ἐστιν
1444 5285 1787 5355 ἀνθρωπίνης

303 5467 547 5527 ’Coloss.
588 5490 644 5538 ιι,
688 5475 772 5528 15.

294 5609 405 5679 (33)
434 5606 514 5687 Ita
545 5623 638 5663 sex
687 5622 814 5662 mss.
857 5609 925 5660 At
960 5607 1122 5663 editio
1181 5607 1353 5663 Paris.
1388 5612 1445 5662 ἐν
1482 5608 1557 5679 τῷ
1602 5608 1773 5676 ἀγῶνι

220 5699 254 5735 σ
269 5696 428 5816 ὺῗὸδῧο
438 5698 515 5801 J7:81
533 5747 834 5816 όρμήματα
847 5748 1217 5815 εὐφρίνουονι,
1248 5749 1464 5812 impetus
1484 5737 1779 5817 ludiﬁcant,

222 5832 279 5877 et
310 5822 379 5875 ila
408 5822 600 5891 legitur
646 5821 697 5873 in
734 5835 868 5875 nova
894 5822 1175 5888 Augustini
1221 5818 1451 5889 Operum
1487 5822 1722 5876 editione
1758 5836 1771 5871 :

864 5478 884 5507 ¹
923 5474 1074 5529 Joan.
1119 5490 1190 5541 tv,
1224 5476 1309 5530 10.
1386 5475 1404 5505 ³
1444 5474 1464 5528 I
1501 5474 1626 5529 Cor.
1672 5492 1794 5538 xm,
1837 5474 1922 5528 i2.
2002 5471 2023 5500 ‘
2060 5469 2216 5526 Joan.
2258 5482 2358 5531 vn,
2396 5464 2484 5520 '58.

1899 4633 2005 4685 dita
2048 4638 2224 4684 autem
2283 4627 2523 4681 deﬁnitio
2558 4630 2815 4693 civitatis,
2860 4632 3022 4687 etiam
3076 4635 3151 4689 illi
3187 4652 3305 4705 qua:
3337 4654 3457 4693 sur-

1896 4740 2012 4777 sum
2042 4730 2125 4777 est
2159 4721 2458 4775 Jerusalem
2493 4720 2697 4777 ccclesti
2740 4724 2944 4779 civitati
2995 4731 3261 4795 congruit.
3318 4728 3453 4783 Nam

1892 4826 1946 4870 et
1976 4816 2086 4870 illic
2114 4824 2197 4870 est
2243 4815 2728 4885 primogenitorum
2764 4817 3159 4886 descriptorum
3198 4819 3251 4874 in
3302 4825 3454 4879 caelis

1895 4906 2263 4977 congregatio,
2307 4914 2467 4975 atque
2517 4921 2578 4959 ea
2624 4906 2693 4960 ob
2744 4907 3133 4963 immutabilem
3174 4911 3295 4966 vitae
3329 4929 3456 4969 san-

1893 5012 2101 5056 ctorum
2134 5001 2400 5054 rationem
2450 5000 2661 5055 stabilis
2695 5014 2759 5053 ac
2803 4999 2957 5054 ﬁrma
2986 5012 3090 5066 est,
3127 5014 3182 5056 et
3222 5020 3286 5059 ex
3338 5007 3454 5077 lege

1890 5095 2099 5148 caelesti
2132 5094 2481 5163 gubernatur.
2533 5091 2678 5145 Illius
2723 5091 2903 5161 itaque
2942 5093 3177 5148 civitatis
3206 5099 3449 5153 ordinem

1891 5202 1954 5241 ac
1988 5197 2237 5241 ornatum
2271 5201 2484 5240 omnem
2509 5185 2818 5252 perdiscere
2842 5187 3089 5242 humana:
3117 5199 3319 5241 natura:
3345 5206 3450 5244 ιιοιι

1891 5291 1991 5336 est.
2027 5277 2119 5331 llla
2156 5285 2319 5339 sunt,
2359 5274 2488 5339 Qua:
2532 5274 2712 5327 oculus
2763 5290 2868 5327 non
2914 5276 3061 5341 vidit,
3117 5292 3276 5346 neque
3303 5280 3450 5332 auris

2599 5466 2620 5497 '
2658 5462 2813 5518 Joan.
2856 5479 2930 5528 ιν,
2974 5463 3059 5517 15.

1882 5611 1932 5663 in
1966 5613 2130 5748 vgteri
2166 5623 2296 5662 vero
2347 5608 2571 5677 perinde
2627 5617 2791 5677 atque
2840 5606 2892 5658 in
2938 5604 3187 5676 Vulgata,
3224 5605 3449 5673 impetus

1884 5684 1988 5734 (arti
2035 5690 2136 5732 cal.

1884 5684 2136 5734 laetiﬁcat.

1957 5745 2067 5837 (55)
2122 5749 2312 5837 i‘iostra
2353 5750 2525 5837 editio
2583 5748 2759 5837 Pa’ris.
2814 5763 3098 5815 operarum
3161 5745 3449 5803 oscitantis

1885 5837 1979 5889 pro
2010 5819 2256 5893 οὐράνιον
2284 5820 2443 5876 habet
2468 5819 2717 5890 οὐρανόν.
