4016 6446
609 368 712 423 423

1944 369 2003 424 S.
2039 369 2284 426 DASILII
2325 371 2539 428 MAGNI

3774 385 3876 438 lii

608 481 827 547 audivit,
853 499 1012 549 neque
1044 499 1094 536 tn
1123 499 1212 536 cor
1233 485 1458 540 hominis
1487 492 1828 538 ascenderunt
1853 500 1870 536 :
1903 501 2017 552 qua:
2040 502 2156 552 prte-

2270 486 2504 554 φύσεως.
2553 488 2762 542 Ἐκεῖνα
2803 491 2906 562 γάρ
2943 493 3109 554 ἐστιν,
3156 495 3212 547 Ἀ
3257 495 3573 563 ὀφθαλμὸς
3624 497 3746 548 οὐκ
3799 495 3874 548 εἷ-

607 576 809 640 parauit
839 574 979 628 Deus
1011 576 1074 627 iis
1113 577 1201 640 qui
1249 577 1473 645 diligunt
1525 576 1674 628 illum
1699 577 1753 640 ⁶;
1812 590 2168 646 praeterquam

610 667 750 734 quod
783 665 852 720 ibi
897 667 1164 734 reperitur
1193 668 1472 722 innumera
1518 668 1830 737 angelorum
1861 667 2167 732 multitudo,

607 771 1022 829 sanctorumque
1060 769 1379 822 conventus,
1415 769 1468 813 ct
1500 760 1736 815 Ecclesia
1787 761 2172 832 primogenito-

607 869 724 906 rum
755 853 1141 920 descriptorum
1189 855 1240 906 in
1277 853 1428 907 caelis
1461 855 1502 906 ⁷.
1561 854 1633 906 De
1679 853 1767 905 illa
1800 852 1931 905 dicit
1962 853 2126 905 David
2154 867 2168 904 :

607 943 848 998 Gloriosa
877 947 1014 999 dicta
1046 954 1164 1000 sunt
1201 947 1263 999 de
1291 956 1356 1012 te,
1395 947 1579 998 civitas
1612 944 1706 998 Dei
1735 944 1779 998 ⁸.
1835 943 2056 998 Civitati
2097 942 2170 996 illi

608 1051 703 1105 per
746 1036 935 1091 Isaiam
972 1036 1255 1105 pollicetur
1313 1038 1494 1091 Deus:
1538 1037 1742 1090 Ponam
1788 1047 1836 1089 te
1865 1036 2172 1089 exsultatio-

607 1146 722 1183 nem
769 1137 1050 1192 aeternam,
1088 1129 1322 1183 lwtitiam
1361 1131 1756 1200 generationum
1814 1129 2165 1194 generationi-

606 1219 737 1280 bus;
769 1229 814 1270 et
848 1234 948 1270 non
973 1218 1069 1271 erit
1102 1221 1369 1284 contritio,
1407 1237 1567 1288 neque
1595 1219 1811 1272 miseria
1849 1218 1902 1270 in
1935 1220 2170 1272 terminis

607 1310 742 1374 tuis;
767 1311 856 1363 sed
889 1309 1118 1364 salutare
1146 1315 1464 1366 vocabuntur
1487 1314 1621 1366 muri
1655 1315 1796 1367 ttti’.
1834 1309 2042 1364 Erectis
2071 1311 2169 1379 igi-

608 1414 693 1456 tur
719 1405 907 1457 anitnaz
936 1403 1126 1466 oeulis,
1161 1413 1216 1457 ut
1251 1419 1339 1456 res
1369 1417 1629 1474 supernas
1646 1406 1819 1474 decet,
1847 1424 2028 1478 quzere
2049 1421 2166 1477 quae

605 1507 728 1549 sunt
751 1496 982 1549 civitatis
1000 1495 1111 1549 Dei.
1133 1495 1272 1561 Quid
1292 1510 1452 1566 porro
1475 1497 1808 1554 beatitudine
1832 1501 1917 1554 illa
1948 1502 2163 1570 dignutn

605 1601 631 1639 a
667 1601 934 1654 quoquam
980 1587 1270 1656 excogitari
1325 1589 1515 1656 possit,
1574 1605 1732 1657 quam
1785 1591 2017 1646 lattilicat
2047 1594 2169 1660 qui-

602 1681 722 1732 dem
776 1679 863 1733 Dei
921 1678 1136 1741 lluvius,
1190 1679 1340 1744 cujus
1377 1695 1504 1735 vero
1554 1683 1748 1735 artifex
1793 1692 1874 1737 est
1908 1693 1958 1737 et
1987 1685 2164 1752 opifex

603 1772 742 1826 Deus
806 1773 918 1840 ipse
962 1772 1049 1824 “1'
1117 1769 1478 1839 Sanctiﬁcavit
1550 1775 1943 1828 tabernaculum
2012 1792 2163 1828 suum

2272 576 2398 643 δεν,
2432 580 2569 633 οὔτε
2605 576 2712 646 οὖς
2743 581 3031 650 ἤκουσεν,
3060 585 3195 638 οὔτε
3218 585 3316 637 ἐπὶ
3348 586 3614 652 καρδίαν
3642 586 3871 654 ἀνθρώ-

2272 685 2388 722 που
2430 668 2609 736 ἀνέϐη
2636 709 2651 734 ,
2685 670 2723 724 ἁ
2764 674 3092 741 ἡτοίμασεν
3130 679 3161 729 ό
3196 675 3338 741 Θεὸς
3367 677 3494 743 τοῖς
3537 678 3872 746 ἀγαπῶσιν

2270 760 2485 810 αὐτόν·
2518 758 2656 828 πλὴν
2687 761 2766 812 ὅτι
2798 763 3054 832 μυριάδες
3082 764 3328 832 ἀγγέλων
3370 766 3522 828 ἐκεῖ,
3584 769 3692 819 καὶ
3741 784 3870 818 παν-

2271 850 2466 919 ήγυρις
2486 851 2675 918 ἁγίων,
2697 852 2789 905 καὶ
2805 853 3093 924 Ἐκκλησία
3111 856 3469 926 πρωτοτόκων
3492 858 3796 926 ἀπογεγρα
3807 875 3868 925 μ-

2275 940 2448 1009 μένων
2471 943 2527 993 ὲν
2550 943 2818 1013 οὐρανοῖς.
2862 945 2994 1012 Περὶ
3041 946 3252 1014 ἐκείνης
3283 945 3447 1016 φησὶν
3485 947 3514 996 ὁ
3542 948 3719 998 Δαῦξδ
3738 964 3750 974 ·
3780 953 3868 998 Ae-

2270 1027 2610 1097 δοξασμένα
2627 1031 2894 1097 ἐλαλήθη
2930 1034 3058 1098 περὶ
3093 1035 3228 1097 σοῦ,
3270 1037 3308 1102 ή
3333 1036 3514 1099 πόλις
3547 1035 3661 1086 τοῦ
3691 1038 3862 1090 Θεοῦ.

2284 1123 2490 1194 Ἐκείνῃ
2527 1127 2592 1194 τῇ
2633 1124 2783 1177 πόλει
2829 1124 2914 1177 διὰ
2960 1125 3052 1178 τοῦ
3101 1126 3316 1178 Ἡσαΐου
3371 1126 3788 1192 ἐπαγγέλλεται
3841 1133 3866 1179 ὁ

2271 1212 2421 1278 Θεὸς,
2456 1215 2534 1267 ὅτι
2561 1214 2733 1282 Θήσω
2768 1231 2840 1270 σε
2871 1218 3211 1285 ἀγαλλιάμα
3251 1219 3513 1280 αἰώνιον,
3555 1220 3865 1286 εὐφροσύ-

2269 1320 2385 1368 νην
2424 1303 2640 1370 γενεῶν
2679 1306 2940 1372 γενεαῖς’
2991 1308 3087 1360 καὶ
3140 1310 3250 1360 οὐκ
3299 1311 3469 1362 ἔσται
3510 1310 3864 1377 σύντριμμα

2268 1396 2409 1449 οὐδὲ
2436 1400 2795 1466 ταλαιπωρία
2825 1401 2894 1452 ἐν
2931 1400 3053 1466 τοῖς
3103 1401 3285 1467 ὁρίοις
3318 1419 3433 1454 σου
3455 1419 3467 1432 ·
3506 1403 3680 1456 ἀλλὰ
3727 1409 3863 1466 25.117-

2269 1487 2511 1555 θήσεται
2538 1487 2829 1555 σωτήριον
2857 1491 2924 1543 τά
2950 1493 3111 1560 τείχη
3144 1509 3278 1545 σου.
3325 1493 3571 1564 Ἐπάρας
3599 1491 3701 1547 οῦν
3737 1496 3860 1552 τοις

2267 1579 2574 1649 ὀφθαλμοὺς
2616 1581 2714 1649 τῆς
2741 1580 2935 1650 ψυχῆς,
2970 1583 3131 1647 ἀξίως
3157 1586 3264 1636 τῶν
3295 1586 3405 1637 ἄνω
3441 1587 3600 1656 ζήτει
3634 1588 3709 1638 τὰ
3735 1588 3860 1656 περὶ

2266 1675 2361 1745 τῆς
2393 1676 2597 1738 πόλεως
2620 1673 2711 1727 τοῦ
2746 1675 2903 1728 Θεοῦ.
2945 1677 3008 1728 Τί
3046 1677 3087 1730 δ’
3120 1679 3185 1731 ἂν
3213 1680 3310 1748 τῆς
3353 1681 3470 1732 ἐκεῖ
3503 1681 3858 1749 μακαριὸτη-

2265 1784 2354 1830 τος
2388 1767 2606 1832 ὲπάξιόν
2631 1785 2713 1831 τις
2747 1767 3044 1837 ἐννοηθείη,
3081 1769 3145 1838 ἢν
3178 1771 3457 1842 εὐφραίνει
3496 1772 3601 1840 μὲν
3639 1774 3671 1822 ὁ
3702 1788 3859 1825 ποτα-

603 1868 919 1921 Altissimtts.
977 1867 1250 1923 Fortassis
1303 1881 1520 1920 carnem
1575 1865 1709 1918 dicit
1757 1865 2039 1928 deiferam,
2095 1880 2156 1918 ex

2271 1859 2365 1927 μὸς
2397 1859 2488 1912 τοῦ
2517 1859 2684 1923 Θεοῦ,
2716 1860 2964 1929 τεχνίτης
3007 1859 3063 1912 δὲ
3106 1837 3210 1912 atati.
3251 1837 3588 1933 δήμιουρλίός
3631 1863 3786 1914 ἐστιν
3830 1862 3858 1913 ὁ

600 1955 976 2024 conjunctione
1023 1973 1145 2011 cum
1198 1958 1304 2011 Deo
1348 1955 1755 2011 sanctiﬁcatam.
1817 1955 1888 2008 Ex
1938 1970 2044 2023 quo
2079 1957 2163 2008 in—

600 2049 803 2118 telliges
836 2048 1238 2104 tabernaculum
1285 2049 1567 2113 Altissimi,
1619 2047 1796 2116 ipsum
1833 2048 1923 2102 Dei
1961 2049 2159 2102 adven-

600 2149 730 2204 tum,
764 2139 853 2208 qui
888 2149 970 2193 est
999 2156 1095 2206 per
1128 2154 1367 2191 carnem.

665 2410 714 2463 5.
735 2407 896 2462 Vens.
915 2411 966 2462 ti.
991 2408 1123 2460 Deus
1146 2406 1197 2458 in
1217 2407 1384 2458 medio
1398 2405 1532 2475 ejus,
1547 2416 1590 2457 et
1612 2421 1713 2458 non
1731 2407 2154 2460 commovebitur.

599 2499 873 2567 Adjuvabit
922 2514 1035 2550 eam
1090 2497 1224 2549 Deus
1265 2512 1413 2548 mane
1472 2493 1735 2547 diluculo.
1794 2494 1856 2546 Et
1905 2495 2153 2562 quoniam

598 2593 738 2644 Deus
775 2592 826 2642 in
878 2590 1054 2642 medio
1086 2589 1324 2643 civitatis
1365 2598 1468 2654 est,
1508 2602 1622 2640 eam
1659 2587 1957 2641 stabilitate
1989 2588 2157 2641 dona-

597 2683 693 2746 nit,
728 2682 900 2749 primo
934 2681 1070 2735 lucis
1103 2689 1220 2733 ortu
1253 2696 1409 2748 opem
1443 2680 1490 2731 ei
1526 2677 1780 2732 afferens.
1819 2677 1946 2732 Sive
1993 2679 2157 2748 igitur

596 2770 665 2821 tlli
718 2785 836 2836 quae
889 2784 1102 2822 sursum
1157 2779 1239 2822 est
1277 2769 1575 2823 Jerusalem
1622 2769 1686 2832 “,
1734 2769 1848 2823 sive
1901 2769 2154 2822 Ecclesia:

595 2877 711 2927 quae
768 2860 904 2913 infra
961 2869 1075 2923 est,
1122 2861 1362 2914 civitatis
1417 2878 1606 2913 notnctt
1666 2872 1908 2929 aptatum
1974 2862 2151 2927 fuerit,

595 2951 949 3022 Sanctiﬁcavit
1007 2954 1057 3005 in
1095 2968 1157 3008 ea
1209 2953 1601 3007 tabernaculum
1652 2971 1801 3006 suum
1834 2953 2151 3012 Altissimus.

595 3049 765 3118 Atque
818 3062 911 3113 per
959 3047 1058 3100 hoc
1107 3046 1510 3101 tabernaculum
1569 3047 1620 3100 in
1677 3061 1781 3116 quo
1837 3047 2154 3100 inbabitavit

594 3143 752 3202 Deus,
793 3141 845 3193 in
893 3141 1068 3194 medio
1104 3140 1272 3208 ipsius
1317 3139 1450 3202 lttit,
1495 3141 1546 3194 id
1596 3139 1642 3193 ei
1689 3139 1920 3207 largiens
1953 3147 2008 3193 ut
2047 3155 2150 3196 non

593 3243 1012 3287 commoveatur.
1067 3233 1119 3284 ltt
1154 3233 1327 3286 medio
1368 3241 1545 3286 autem
1579 3231 1816 3285 civitatis
1861 3236 1942 3285 est
1988 3231 2148 3295 Deus,

594 3325 822 3394 aequales
857 3324 1136 3378 undelibet
1169 3324 1421 3376 emittens
1449 3323 1630 3374 radios
1659 3337 1767 3374 sua:
1804 3323 2155 3390 providentiae

594 3421 654 3469 ad
689 3430 855 3484 usque
882 3417 1014 3469 lines
1039 3415 1206 3469 orbis.
1261 3413 1351 3469 Sic
1387 3413 1528 3468 enim
1577 3413 1669 3468 Dei
1695 3413 1902 3483 justitia
1928 3428 2153 3469 conser-

594 3522 779 3574 vatur,
819 3507 1252 3576 quandoquidem
1306 3507 1554 3560 omnibus
1598 3506 1841 3561 eamdem
1896 3506 2152 3559 bonitatis

592 3615 897 3651 mensuram
937 3600 1206 3665 dispertit.
1256 3599 1532 3666 Adjuoabit
1573 3614 1684 3652 eam
1725 3598 1862 3651 Deus
1891 3614 2042 3650 mane
2071 3598 2154 3648 di-

593 3688 781 3739 luculo.
835 3687 1115 3740 Sensibilis
1162 3687 1239 3740 sol
1305 3688 1625 3740 matutinum
1671 3689 1886 3756 quidem
1943 3698 2152 3756 tempus

591 3781 727 3848 apud
761 3793 856 3832 nos
882 3779 1073 3844 cllicit,
1117 3789 1399 3846 postquam
1432 3793 1590 3848 supra
1623 3789 1866 3832 nostrum
1902 3779 2154 3832 horizon-

594 3882 695 3924 tem
725 3871 1040 3933 eminuerit;
1068 3869 1224 3941 174
1250 3872 1566 3923 matutinum
1599 3885 1722 3924 vero
1751 3869 1840 3924 Sol
1863 3869 2084 3939 justitia:
2109 3873 2151 3902 "

593 3963 646 4014 in
699 3963 874 4014 anima
928 3963 1157 4028 perlicit,
1185 3971 1304 4013 ortu
1345 3961 1480 4013 lucis
1527 3961 1820 4027 spiritualis
1846 3954 2152 4031 producens

589 4053 726 4104 diem
755 4053 804 4104 itt
833 4065 897 4103 eu
920 4051 1008 4118 qui
1042 4049 1214 4117 ipsum
1239 4050 1493 4118 suscepit.
1522 4047 1577 4100 ln
1611 4059 1769 4101 nocte
1794 4051 1935 4101 enim
1966 4065 2151 4105 sumus

592 4160 687 4196 nos
731 4141 977 4196 homines
1035 4157 1127 4209 per
1184 4142 1284 4196 boe
1339 4142 1654 4211 ignorantia:
1706 4149 1935 4207 tempus.
1995 4143 2152 4196 POSt-

591 4249 750 4300 quam
782 4233 961 4300 igitur,
1015 4243 1194 4286 nostra
1245 4241 1424 4285 mente
1459 4245 1711 4299 expassa,
1753 4231 2152 4297 susceperimus

590 4326 772 4396 gloria:
789 4323 1130 4393 splendorem
1153 4324 1214 4387 ¹³,
1236 4325 1623 4391 etscmpiterna
1648 4323 1734 4376 illa
1757 4323 1875 4378 luce
1897 4321 2151 4376 illustrati

590 4419 869 4482 fuerimus,
909 4427 1036 4472 tunc
1066 4417 1344 4486 Adjuvabit
1383 4433 1495 4470 eam
1528 4415 1661 4470 Deus
1698 4435 1849 4470 mane
1895 4419 2147 4472 diluculo.

593 4509 693 4564 Ubi
724 4511 850 4564 facti
888 4510 1149 4565 fuerimus
1182 4509 1274 4562 ﬁlii
1310 4508 1464 4572 lucis,
1497 4522 1710 4576 noxque
1741 4509 1877 4575 apud
1910 4526 2006 4563 nos
2029 4524 2150 4578 pro-

591 4616 771 4670 gressa
811 4599 1006 4663 fuerit,
1056 4602 1168 4654 dies
1209 4615 1335 4654 vero
1361 4599 1873 4669 appropinquaverit
1908 4600 1971 4665 “t,
2025 4611 2151 4655 tunc

595 4692 684 4744 Dei
715 4692 917 4744 auxilio
946 4690 1092 4758 digni
1131 4689 1408 4744 efﬁcimur.
1446 4690 1678 4758 Atljuvat
1709 4689 1872 4757 igitur
1905 4688 2044 4743 Deus
2075 4694 2150 4744 ci-

591 4783 829 4844 vitatem,
875 4797 968 4850 per
1016 4782 1287 4850 proprium
1330 4791 1572 4834 exortum
1606 4789 1659 4833 et
1698 4781 2007 4844 adventum,
2040 4798 2152 4835 ma-

593 4874 826 4925 tutiuam
869 4874 916 4925 ei
963 4873 1131 4926 lucem
1164 4873 1443 4925 inducens.
1484 4871 1616 4923 Ecce
1657 4871 1800 4923 enim
1847 4869 2024 4938 homo,
2069 4874 2151 4927 in-

591 4965 729 5030 quit,
762 4964 946 5017 Oriens
979 4981 1161 5016 nomen
1183 4965 1228 5016 ei
1258 4964 1320 5018 ¹⁵.
1353 4962 1556 5029 Quibus
1585 4963 1745 5029 igitur
1777 4971 1960 5014 exorta
1993 4963 2150 5019 fuerit

594 5053 683 5108 lux
712 5054 1029 5122 spiritualis,
1055 5055 1312 5108 discussis
1347 5053 1663 5122 ignorantiae
1685 5052 2152 5122 improbitatisque

595 5146 850 5212 tenebris,
889 5147 955 5204 iis
984 5157 1192 5216 tempus
1228 5147 1550 5200 matutinum
1600 5147 1832 5200 accedit.
1881 5145 2148 5209 Quoniam

667 5280 685 5309 ‘
726 5280 740 5331 l
774 5281 896 5333 Cor.
927 5295 981 5338 ll,
1023 5279 1076 5332 9.
1155 5279 1172 5307 ’
1220 5277 1375 5330 llebr.
1400 5291 1492 5336 xu,
1521 5275 1610 5329 25.

593 5343 681 5401 ἓξ).
760 5352 801 5378 ¹¹
842 5349 1072 5404 Malaclt.
1109 5363 1177 5412 tv,
1209 5350 1256 5400 :1.
1341 5348 1382 5377 ¹³
1424 5347 1580 5399 llebr.
1611 5347 1703 5408 t,5

668 5485 779 5554 ('56)
820 5485 908 5539 Sic
939 5487 1068 5553 Reg.
1101 5497 1287 5538 tertius
1321 5494 1372 5536 et
1413 5484 1614 5536 Catena
1643 5481 1864 5554 Gorder.
1897 5483 1962 5554 At
1996 5481 2150 5554 Colb.

597 5552 871 5628 Septimus
908 5552 1131 5628 cipitata
1173 5557 1296 5628 γαρ.
1330 5555 1468 5628 βαίὶὶ
1503 5554 1597 5623 τὴν
1804 5552 1927 5628 παρ’
1993 5552 2146 5619 ἡμῖν,

599 5623 790 5678 Statim
815 5623 1069 5695 θιΙιῑίζτὴν
1105 5627 1159 5678 δὲ
1189 5623 1284 5693 τῆς
1315 5623 1491 5693 ψυχῆς
1526 5625 1754 5694 πρωῐαν.
1798 5624 1865 5674 At
1896 5635 2026 5674 mss.
2059 5635 2145 5673 sc-

598 5709 738 5765 ptctu
774 5697 905 5748 utin
939 5709 1211 5748 contextu.

670 5766 775 5835 t5?)
815 5765 900 5818 lix
935 5781 1110 5827 vuccs,
1144 5768 1202 5818 τὸ
1258 5764 1387 5834 πρὸς
1447 5763 1580 5833 πρωῒ
1629 5761 1791 5832 πρωῒ,
1856 5760 2052 5816 desunt
2095 5760 2145 5814 in

1687 5276 1707 5306 ⁸
1749 5274 1889 5326 Psal.
1928 5289 2144 5341 Lxxxw,
2185 5281 2238 5333 5.

1803 5343 1843 5372 “
1881 5342 2035 5397 Rom.
2080 5365 2199 5410 χιιι,
2246 5351 2330 5404 1‘2.

2266 1950 2430 2015 Θεός;
2485 1953 2716 2021 Ἡγίασε
2763 1951 2829 2005 τὸ
2867 1951 3154 2020 σκήνωμα
3202 1953 3385 2006 αὑτοῦ
3441 1957 3472 2006 ό
3522 1956 3853 2022 ’Υψιστοςκ

2267 2043 2418 2111 Τάχα
2483 2044 2580 2114 τὴν
2616 2045 2793 2114 σάρκα
2837 2044 2982 2111 λέγει
3017 2045 3116 2116 τὴν
3163 2043 3416 2112 θεοφόρον
3438 2085 3452 2107 ,
3487 2045 3857 2111 ἀγιασθεῖσαν

2264 2135 2351 2187 δια
2393 2137 2489 2204 τῆς
2539 2136 2670 2206 πρὸς
2727 2137 2815 2188 τὸν
2861 2137 2991 2189 Θεὸν
3043 2137 3356 2205 συναφείας.
3420 2136 3589 2187 Ὥστε
3632 2139 3857 2206 νοήσεις

2266 2227 2529 2296 σκήνωμα
2575 2226 2669 2279 τοῦ
2705 2227 2955 2295 Ὑψίστου
3001 2229 3097 2292 τὴν
3143 2227 3232 2282 διὰ
3280 2226 3482 2299 σαρκὸς
3517 2226 3856 2295 ἐπιφάνειαν

2263 2319 2354 2371 τοῦ
2385 2316 2542 2373 Θεοῦ.

2333 2409 2382 2462 5.
2428 2410 2487 2460 '0
2511 2408 2654 2474 Θεὸς
2682 2408 2752 2460 ἐν
2781 2408 2946 2477 μέσῳ
2993 2407 3198 2475 αὐτῆς,
3229 2410 3326 2461 καὶ
3355 2412 3427 2462 οὺ
3469 2409 3857 2474 σαλευθήσε·

2263 2514 2374 2549 ται.
2419 2499 2709 2564 Βοηθήσει
2746 2499 2898 2568 αὐτῇ
2927 2503 2959 2554 0'
2990 2500 3150 2563 Θεὸς,
3193 2500 3258 2552 τὸ
3287 2503 3435 2568 πρὸς
3474 2503 3626 2568 πρωὶ
3679 2502 3850 2570 πρωί.

2263 2589 2371 2640 Καὶ
2400 2590 2583 2659 ἐπειδὴ
2613 2593 2640 2642 ὁ
2665 2591 2795 2654 Θεὸς
2831 2594 2888 2644 ἐν
2916 2591 3063 2662 μέσῳ
3092 2592 3191 2660 τῆς
3222 2592 3426 2655 πόλεώς
3453 2595 3594 2657 ἐστι,
3625 2595 3693 2646 τὸ
3729 2595 3856 2647 dsci-

2263 2677 2446 2728 λευτον
2479 2683 2746 2750 χαριεῖται
2793 2682 2949 2750 αὐτῇ,
2982 2683 3080 2752 τὴν
3132 2682 3381 2753 βοήθειαν
3428 2684 3569 2754 αὐτῇ
3609 2687 3854 2755 super}.

2265 2786 2422 2838 μενος
2446 2770 2502 2821 ὲν
2529 2772 2646 2831 ταῖς
2676 2769 2914 2840 πρώταις
2937 2773 3218 2836 ἀνατολαῖς
3239 2776 3331 2827 τοῦ
3368 2778 3571 2844 φωτός.
3600 2779 3736 2830 Εἴτε
3761 2776 3853 2831 οὖν

2260 2866 2324 2932 τῇ
2361 2862 2471 2916 ἄνω
2506 2861 2876 2934 Ἰερουσαλὴμ,
2911 2864 3018 2916 εἴτε
3050 2868 3112 2934 τῇ
3147 2867 3295 2918 κάτω
3329 2869 3635 2940 Ἐκκλησία
3668 2873 3733 2923 τὸ
3755 2874 3852 2942 τῆς

2263 2955 2466 3018 πόλεως
2523 2955 2822 3026 ἐφαρμόσει
2878 2954 3084 3024 ὄνομα,
3145 2956 3419 3024 Ἡγίασεν
3483 2961 3543 3009 ὲν
3588 2961 3736 3030 αὑτῇ
3787 2964 3850 3014 τὸ

2259 3047 2545 3117 σκήνωμα
2581 3048 2764 3101 αὐτοῦ
2800 3052 2832 3103 ὁ
2873 3049 3176 3116 Ὑψιστος.
3220 3049 3328 3101 Καὶ
3369 3048 3454 3100 διὰ
3494 3051 3593 3102 τοῦ
3636 3054 3851 3123 σκηνώ-

2263 3157 2428 3208 ματος
2453 3140 2665 3207 τούτου,
2708 3133 2751 3208 ᾧ
2781 3141 3193 3212 κατεσκήνωσεν
3227 3141 3254 3192 ὁ
3280 3139 3433 3203 Θεὸς,
3469 3142 3526 3193 ἐν
3570 3143 3734 3213 μέσῳ
3766 3148 3851 3198 αὺ-

2258 3230 2356 3296 τῆς
2402 3229 2634 3294 ἐγένετο,
2683 3231 3036 3301 χαριζόμενος
3077 3232 3214 3303 αὐτῇ
3259 3229 3320 3285 τὸ
3369 3233 3442 3303 μὴ
3490 3234 3846 3290 σαλεύεσθαι.

2274 3319 2359 3371 Ἐν
2395 3319 2541 3387 μέσῳ
2568 3320 2624 3374 δέ
2664 3323 2778 3373 ἐστι
2816 3323 2913 3392 τῆς
2949 3323 3152 3387 πόλεως
3177 3327 3205 3377 ὸ
3234 3324 3385 3387 Θεὸς,
3421 3324 3544 3388 ἴσας
3571 3330 3849 3397 πανταχὸο

2262 3409 2351 3464 Θεν
2377 3410 2467 3463 ἐπὶ
2510 3412 2577 3464 τὰ
2617 3412 2826 3482 πέρατα
2853 3412 2943 3465 τοῦ
2979 3413 3177 3466 κύκλου
3209 3415 3311 3484 τῆς
3348 3417 3545 3469 ἑαυτοῦ
3582 3423 3846 3489 προνοίας

2257 3502 2356 3567 τὰς
2392 3504 2614 3566 ἀκτῖνας
2667 3502 2985 3572 ἐκπέμπων.
3037 3504 3191 3556 Οὕτω
3233 3507 3342 3576 γὰρ
3389 3506 3448 3557 τὸ
3487 3507 3707 3562 δίκαιον
3751 3511 3844 3564 τοῦ

2257 3593 2391 3646 Θεοῦ
2435 3591 2772 3656 διασώζεται,
2824 3591 2884 3644 τὸ
2931 3592 3060 3644 αὐτὸ
3101 3592 3296 3661 μέτρον
3351 3593 3446 3661 τῆς
3497 3595 3843 3668 ἀγαοότητος

2257 3683 2595 3753 διανέμοντος
2625 3682 2812 3733 ἅπασι.
2851 3680 3146 3746 Βοηθήσει
3177 3680 3330 3747 αὐτῇ
3361 3686 3393 3736 ὀ
3424 3683 3573 3748 Θεὸς
3595 3688 3662 3738 τὸ
3694 3691 3845 3757 πρὸς

2259 3773 2403 3840 πρωὶ
2448 3773 2614 3839 πρωί.
2654 3771 2764 3840 Τὴν
2815 3771 2910 3840 μὲν
2943 3769 3050 3838 (56)
3088 3766 3179 3823 οὖν
3211 3773 3338 3843 παρ’
3369 3775 3501 3842 ἡμῖν
3549 3779 3771 3847 πρωίαν
3816 3785 3842 3834 ὁ

2257 3865 2507 3934 αἰσθητὰ
2535 3863 2684 3933 ἥλιος
2712 3866 2872 3926 ποιεῖ,
2901 3863 3117 3916 ἐπειδὰν
3140 3861 3231 3917 τὸν
3264 3866 3385 3919 καθ’
3405 3870 3556 3938 ἡμᾶς
3585 3872 3838 3941 ὁρίζοντι

2259 3957 2545 4030 ὑπερκὺψῃ
2563 3973 2575 3986 °
2606 3956 2700 4029 τὴν
2721 3958 2776 4010 δὲ
2801 3960 2857 4010 ἐν
2876 3959 2940 4028 τῇ
2970 3956 3112 4029 ψυχῇ
3149 3960 3359 4030 πρωίαν
3387 3964 3414 4014 ὁ
3443 3963 3544 4033 τῆς
3567 3965 3840 4021 δικαιοσύο

2257 4069 2352 4122 νης
2371 4050 2556 4114 ’Ἥλιος
2581 4051 2832 4104 ἀποτελεῖ
2855 4053 2919 4120 τῇ
2951 4051 3182 4122 ἀνατολῇ
3204 4052 3296 4105 τοῦ
3315 4053 3491 4120 φωτὸς
3519 4055 3617 4108 τοῦ
3644 4059 3837 4130 νοητοῦ

2259 4145 2425 4198 ποιῶν
2457 4143 2665 4214 ἡμέραν
2695 4145 2749 4194 ἐν
2776 4141 2850 4211 τῷ
2881 4141 3307 4212 παραδεξαμένῳ
3343 4145 3522 4198 αὐτόν.
3562 4149 3652 4200 Ἐν
3682 4154 3836 4203 νυκτὶ

2257 4239 2363 4308 γάρ
2393 4239 2554 4305 ἐσμεν
2599 4235 2745 4304 παρά
2771 4235 2861 4288 τὸν
2895 4235 3083 4302 καιρὸν
3116 4234 3212 4300 τῆς
3247 4235 3519 4299 ἀγνωσίας
3546 4239 3597 4288 οξ
3632 4240 3838 4310 ἄνθρω-

2260 4343 2369 4378 ποι.
2415 4324 2661 4376 Ἐπειδὰν
2694 4319 2806 4383 οῦν,
2834 4320 3268 4382 ἀναπετάσαντες
3299 4322 3506 4375 ἑαυτῶν
3535 4325 3597 4376 τὸ
3633 4328 3836 4397 ἡγεμο-

2259 4418 2436 4478 νικὸν,
2475 4412 2856 4482 ὑποδεξώμεοα
2900 4411 2960 4463 ’τὸ
3002 4411 3334 4484 ἀπαύγασμα
3376 4413 3474 4483 τῆς
3513 4414 3700 4485 δόξης*
3746 4422 3836 4473 καὶ

2183 4544 2224 4597 D
2262 4506 2720 4578 περιλαμφθῶμεν
2745 4503 2821 4575 τῷ
2848 4505 2985 4573 φωτὶ
3015 4504 3090 4575 τῷ
3119 4504 3288 4574 ἀϊδίῳ,
3337 4506 3634 4574 Βεηθήσει
3680 4511 3835 4579 αὐτῇ

2254 4605 2286 4655 ό
2323 4599 2463 4666 Θεὸς
2485 4599 2548 4652 τὸ
2584 4598 2730 4667 πρὸς
2753 4597 2898 4666 πρωὶ
2925 4598 3072 4665 πρωί
3093 4599 3224 4667 (57).
3271 4598 3517 4651 Ἐπειδὰν
3542 4603 3834 4674 γενώμεθα

2252 4694 2418 4748 τέκνα
2453 4693 2656 4761 φωτὸς.
2694 4692 2786 4744 καὶ
2820 4693 2851 4762 ἡ
2889 4691 2983 4755 νὺξ
3030 4691 3126 4760 μὲν
3172 4691 3301 4758 ἡμῖν
3350 4693 3632 4764 προκόψης
3692 4700 3726 4766 ἠ
3782 4699 3832 4751 δὲ

2254 4788 2434 4857 ἡμέρα
2465 4785 2676 4854 ἐγγίσῃ,
2703 4783 2825 4836 τότε
2852 4783 2989 4849 ἄξιοι
3027 4783 3124 4850 τῆς
3156 4781 3247 4834 τοῦ
3275 4781 3409 4836 Θεοῦ
3452 4784 3712 4855 βοηθείας
3760 4808 3833 4857 γι.

2255 4878 2475 4948 νόμεθα.
2515 4874 2703 4945 Βοηθεί
2737 4870 2828 4927 οῦν
2870 4876 2935 4942 τῇ
2968 4871 3121 4923 πόλει
3154 4873 3181 4924 ὁ
3224 4872 3375 4936 Θεὸς,
3415 4875 3501 4927 διὰ
3550 4879 3651 4948 τῆς
3700 4880 3832 4941 ἰδίας

2257 4967 2517 5037 ἀνατολῆς
2572 4967 2662 5018 καὶ
2725 4964 3039 5033 ἐπιφανείας
3094 4967 3304 5034 πρωίαν
3361 4968 3496 5038 αὐτῇ
3561 4971 3828 5039 ἐμποιῶν.

2271 5058 2414 5112 Ἰδοὺ
2440 5057 2545 5127 γὰρ
2574 5055 2899 5124 ἅνθρωπος,
2931 5055 3111 5124 φησιν,
3131 5056 3409 5123 Ἀνατολὴ
3437 5058 3626 5126 ὄνομα
3650 5060 3830 5125 αὐτῷ.

2261 5145 2354 5213 Οἷς
2409 5149 2472 5202 ἂν
2529 5144 2620 5201 οῦν
2663 5146 2987 5218 ὲπανατείλῃ
3021 5147 3129 5216 (58)
3190 5148 3250 5199 τὸ
3295 5149 3484 5218 νοητὸν
3523 5150 3662 5218 φῶς,
3709 5153 3829 5206 λυο-

2315 5282 2334 5312 ⁹
2375 5278 3139 5402 Ιῗῗ.ὶ.κ,ὴ15-18.η¹οΠρω.
3179 5295 3250 5343 ιι,
3297 5282 3383 5333 10.

2317 5390 2330 5402 .
2537 5367 2595 5402 ac
2643 5388 2656 5402 .
2705 5365 2778 5402 VI.
2893 5387 2906 5399 .

2537 5365 2656 5403 aen.
2705 5365 2778 5409 νι,
2822 5365 2906 5402 12.

3464 5283 3503 5311 ¹¹
3537 5282 3719 5337 Calui.
3763 5304 3829 5349 μ’,

2259 5497 2489 5566 quatuor
2528 5500 2654 5537 mss.
2687 5483 2755 5536 At
2789 5483 2838 5537 in
2868 5485 3074 5538 duobus
3104 5485 3222 5538 aliis
3255 5501 3409 5556 mque
3467 5502 3524 5539 ac
3579 5490 3632 5542 in
3673 5494 3828 5544 editis

2261 5565 2624 5622 reperiuntur.

2325 5626 2437 5710 £58)
2480 5625 2615 5679 Edtti
2649 5624 3009 5696 ἐπανατέλλῃ.
3042 5625 3111 5678 At
3161 5639 3289 5679 mss.
3343 5625 3586 5694 quinque
3634 5631 3823 5682 ἐπανα-

2256 5713 2422 5766 τειΑῃ.
