4016 6472
215 441 325 497 4'25

1343 441 1626 498 ItOMl-LIA
1666 442 1730 496 IN
1775 443 2101 499 PSALMUM
2137 443 2294 498 XLV.

3356 442 3458 496 49.6

216 564 380 628 μένου
433 556 524 608 τοῦ
582 559 644 610 ἐκ
683 558 782 627 τῆς
840 557 1060 625 ἀγνοίας
1106 559 1199 610 καὶ
1241 558 1502 628 πονηρίας
1544 559 1787 623 σκότους,

1908 575 2018 630 :rgo
2047 561 2134 613 lnx
2169 561 2220 613 in
2261 559 2518 613 mundum
2567 559 2734 623 venit,
2773 567 2828 611 ut
2876 557 2965 628 qui
3009 558 3244 613 ambulat
3285 560 3336 612 in
3375 575 3457 625 ea,

214 648 397 719 πρωία
435 648 642 712 τούτοις
695 649 986 716 ἐγγίνεται.
1057 649 1206 702 Ἐπεὶ
1258 645 1350 701 οὖν
1403 649 1516 716 φῶς
1574 651 1652 713 εἰς
1697 649 1790 702 τὸν

211 740 416 810 κόσμον
445 740 718 810 ἐλήλυθεν,
755 741 840 792 ἵνα
866 743 893 793 ὁ
918 740 1235 813 περιπατῶν
1263 743 1321 793 ἐν
1349 742 1498 812 αὑτῷ
1526 744 1599 812 μὴ
1630 760 1794 814 προσ-

215 830 469 904 κόπτῃ,ή
514 831 731 902 βοήθεια
766 832 928 886 αὑτοῦ
962 836 1174 906 πρωίας
1205 834 1321 885 ἐστὶ
1348 838 1674 906 παρεκτική.
1723 836 1790 887 Ἣ

213 924 356 994 τάχα
385 924 574 994 ἐπειδὴ
597 923 791 997 ὄρθρου
820 927 1061 998 βαθέοςή
1091 923 1501 995 ἀνάστασις·ἦν,
1539 925 1792 1000 βοηθήσει

217 1018 246 1066 ὁ
273 1014 405 1077 Θεὸς
432 1019 495 1088 τῇ
528 1017 678 1070 πόλει
702 1019 763 1071 τὸ
794 1020 928 1089 πρὸς
958 1017 1100 1089 πρωὶ
1131 1018 1274 1087 πρωὶ
1309 1017 1440 1088 (59),
1479 1019 1506 1068 ὁ
1529 1019 1627 1087 τὴν
1650 1020 1791 1072 κατά

217 1103 311 1155 τοῦ
347 1103 574 1160 Θανάτου
610 1109 764 1177 νίκην
797 1109 980 1178 πρωία
1016 1109 1080 1176 τῇ
1112 1106 1268 1179 τρίτῃ
1305 1107 1489 1179 ἡμέρᾳ
1527 1110 1626 1179 τῆς
1665 1111 1792 1163 ἀνα-

219 1197 460 1260 στάσεως
491 1200 881 1267 ἐργασάμενος.

291 1289 342 1342 6.
413 1289 858 1357 Ἑταράχθησαν
921 1293 1104 1361 ἔθνη,
1161 1295 1410 1348 έκλιναν
1462 1293 1788 1359 βασιλεῖαι,

213 1381 403 1435 ἔδωκε
437 1380 646 1449 φωνὴν
680 1382 864 1436 αὑτοῦ
894 1385 928 1436 ὀ
953 1384 1252 1452 Ὕψιστος,
1284 1387 1583 1454 ἐσαλεύθη
1621 1388 1659 1456 ἡ
1692 1387 1789 1457 γῆ.

215 1471 428 1542 Νόησόν
473 1489 561 1542 μοι
607 1472 728 1525 τινὰ
773 1473 925 1526 πόλιν
964 1475 1452 1548 ἐπιϐουλευομένην
1497 1479 1647 1550 παρά
1685 1477 1792 1532 τῶν

215 1563 715 1634 ἐπιστρατευόντων
755 1564 889 1637 αὐτῇ
923 1567 1214 1639 πολεμίων,
1245 1567 1380 1630 τέως
1409 1569 1503 1638 μὲν
1535 1570 1794 1641 περικαθ-

216 1654 490 1724 εζομένων
544 1655 653 1727 (40)
705 1656 872 1729 αὐτὴν
915 1659 1083 1712 ἐθνῶν
1138 1657 1347 1712 πολλῶν
1395 1660 1488 1712 καὶ
1529 1660 1790 1730 βασιλέων

216 1745 328 1798 τῶν
377 1746 495 1799 καθ’
525 1747 750 1802 ἕκαστον
794 1750 944 1811 ἔθνος
980 1749 1048 1801 τὰ
1094 1750 1349 1821 σκῆπτρα
1398 1751 1786 1822 διαλαχόντωνο

217 1833 342 1890 εἷτὰ
388 1856 506 1890 τινα
549 1840 883 1910 στρατηγὸν,
923 1839 1130 1908 ἄμαχον
1175 1839 1271 1912 τὴν
1314 1840 1534 1914 ῥώμην,
1580 1841 1789 1912 ἀθρόως

1897 667 2001 706 non
2055 649 2290 706 oﬂ'endat
2319 651 2384 715 ",
2426 650 2543 718 ejus
2577 651 2835 704 auxilium
2889 661 3096 718 tempus
3138 652 3458 705 matutinum

1895 742 2070 798 alfert.
2106 742 2200 798 Vel
2243 741 2379 797 forte
2418 743 2670 811 quoniam
2717 740 2886 795 multo
2922 756 3078 795 mane
3124 750 3243 796 erat
3289 758 3460 796 resur-

1894 837 2093 900 rectio,
2146 832 2417 904 adjuvabit
2468 835 2609 888 Deus
2660 832 2932 888 civitatem
2989 846 3150 886 mane
3205 831 3457 890 diluculo.

1895 927 2091 994 quippe
2131 930 2221 997 qui
2258 929 2415 983 tertia
2448 930 2857 984 resurrectionis
2887 927 2974 983 die
3000 925 3262 980 matutina
3293 926 3460 981 victo-

1895 1018 2030 1070 riam
2063 1033 2091 1071 a
2125 1030 2298 1076 morte
2332 1019 2642 1089 reportarit.

1968 1281 2019 1334 6.
2078 1279 2238 1335 Vens.
2284 1283 2334 1335 7.
2396 1284 2732 1339 Conturbatm
2782 1294 2902 1336 sunt
2958 1293 3159 1350 gentes,
3210 1283 3465 1336 inclinata

1892 1382 2015 1428 sunt
2047 1389 2204 1442 regna
2240 1388 2260 1426 :
2297 1373 2440 1427 dedit
2469 1391 2638 1429 vocem
2672 1395 2822 1431 suam
2848 1375 3172 1435 Altissimus,
3209 1384 3467 1426 commota

1892 1478 1965 1521 est
2011 1476 2172 1520 terra.
2225 1465 2413 1534 Cogita
2452 1467 2720 1522 civitatem
2753 1471 2990 1537 aliquam
3040 1481 3181 1528 esse,
3212 1467 3298 1520 cui
3336 1467 3468 1519 insi—

1893 1559 1992 1613 diae
2014 1566 2296 1612 struantur
2320 1559 2387 1611 ab
2411 1559 2841 1627 oppugnantibus
2866 1575 2983 1614 eam
3010 1557 3276 1621 hostibus,
3305 1572 3466 1625 quam

1895 1649 2113 1704 interim
2142 1650 2430 1703 obsideant
2461 1659 2646 1718 gentes
2672 1649 2849 1702 multa:
2877 1662 2930 1702 et
2962 1668 3134 1720 reges,
3163 1651 3253 1721 qui
3292 1651 3470 1718 singu-

1893 1741 2066 1796 larum
2100 1743 2380 1796 nationum
2418 1752 2635 1808 sceptra
2659 1742 2837 1795 sortiti
2871 1743 3018 1803 sint;
3049 1743 3240 1798 deinde
3278 1744 3468 1797 ducem

1897 1835 2147 1902 aliquem,
2171 1835 2364 1891 robore
2397 1835 2679 1896 invictum,
2718 1835 3008 1902 derepente
3030 1836 3268 1902 conspici
3292 1837 3357 1889 ad
3400 1835 3472 1888 fc-

217 1926 554 1993 ἐπιφανέντα
592 1928 671 1990 είς
735 1927 987 1998 βοήθειαν
1028 1932 1093 2002 τῇ
1150 1932 1300 1984 πόλει
1346 1933 1553 2006 ταύτῃ,
1607 1933 1799 1986 λύοντα

1908 1925 2129 1978 rendum
2160 1927 2282 1980 huic
2298 1928 2507 1981 civitati
2534 1927 2813 1992 auxilium,
2841 1926 2956 1995 qui,
2975 1927 3150 1980 soluta
3169 1926 3468 1990 obsidione,

221 2017 328 2086 μὲν
372 2016 468 2089 τὴν
514 2018 868 2091 πολιορκίαν,
929 2021 1291 2076 σκεδαννύντα
1332 2023 1388 2074 δὲ
1435 2025 1534 2092 τὴν
1586 2040 1803 2094 συστρο-

219 2109 332 2180 φὴν
373 2109 481 2163 τῶν
532 2111 719 2175 ἐθνῶν,
771 2115 850 2176 είς
903 2113 1079 2182 φυγὴν
1125 2114 1182 2165 δὲ
1230 2114 1355 2173 τοὺς
1399 2112 1634 2181 βασιλεῖς
1680 2130 1802 2164 συν-

221 2202 518 2256 ελαύνονται
563 2206 626 2256 ἐκ
676 2205 837 2272 μόνου
877 2204 967 2256 τοῦ
1009 2202 1273 2271 ἐμϐοῆσαι
1304 2202 1415 2271 (41)
1456 2204 1636 2267 αὐτοῖς
1667 2205 1802 2275 μετὰ

219 2294 523 2362 δυνάμεως,
577 2293 917 2362 καταπλῆξαι
969 2310 1028 2346 τε
1083 2294 1261 2348 αὐτῶν
1311 2295 1410 2360 τὰς
1459 2296 1683 2366 καρδίας
1734 2299 1800 2369 τῇ

224 2382 544 2455 στερρὄτητι
597 2386 695 2456 τῆς
737 2386 936 2456 φωνῆς.
989 2385 1167 2458 Πόσην
1209 2381 1301 2441 οὖν
1353 2389 1500 2452 είκὸς
1558 2389 1801 2461 ταραχὴν

225 2476 513 2547 συστῆναι,
567 2477 674 2531 τῶν
723 2478 890 2532 ἐθνῶν
939 2479 1303 2550 διωκομένων,
1354 2481 1450 2534 καὶ
1492 2481 1599 2533 τῶν
1660 2482 1805 2549 βασι-

221 2565 364 2620 λέων
399 2570 476 2630 εἰς
505 2570 681 2640 φυγὴν
718 2570 1075 2624 ἐκκλινάντων
1096 2588 1108 2600 ο
1157 2570 1316 2640 θροῦν
1345 2571 1402 2622 δέ
1429 2587 1550 2622 τινα
1590 2570 1803 2642 ἄσημον

223 2660 325 2713 καί
355 2655 486 2730 ἦχον
519 2663 934 2714 ἀκατάπαυστον
977 2664 1041 2714 ἐκ
1086 2663 1182 2732 τῆς
1221 2661 1662 2734 τεθορυϐημένης
1704 2664 1802 2716 αὑ-

223 2750 336 2802 τῶν
383 2753 559 2820 φυγῆς
611 2752 1044 2822 ἀναπέμπεσθαι,
1097 2754 1274 2807 πάντα
1316 2754 1373 2808 δέ
1416 2755 1581 2809 τόπον
1622 2757 1800 2829 πλήρη

225 2836 369 2892 εἶναι
417 2839 526 2893 τῶν
574 2841 677 2894 ὑπὸ
715 2842 916 2906 δειλίας
959 2844 1432 2912 φυγαδευθέντων,
1467 2845 1606 2898 ῶστε
1644 2846 1803 2900 σάλον

226 2928 538 2999 ἐγγίνεσθαι
567 2933 838 3002 πανταχοῦ
871 2938 989 2996 ταῖς
1020 2936 1440 3006 ὑποδεχομέναις
1485 2940 1682 3002 αὐτοὺς
1711 2941 1806 2991 πό-

227 3019 428 3091 λεσινῆ
466 3019 714 3091 κώμαις;
746 3024 852 3094 Τὴν
885 3025 1138 3096 τοιαύτην
1168 3022 1260 3079 οὖν
1301 3027 1600 3099 παρίστησι
1621 3032 1688 3100 τῇ
1718 3025 1804 3083 πόὲ

228 3111 314 3163 λει
347 3111 438 3164 τοῦ
469 3112 600 3165 Θεοῦ
632 3113 780 3182 παρὰ
807 3112 899 3166 τοῦ
924 3115 1178 3186 Σωτῆρος
1210 3115 1494 3187 ἀντίληψιν
1529 3121 1586 3171 ἐν
1614 3118 1692 3188 τῷ
1721 3120 1806 3173 λέ-

229 3219 382 3269 γειν·
448 3203 890 3273 Ἐταράχθησαν
938 3207 1117 3274 ἔθνη,
1177 3206 1429 3262 ἔκλιναν
1474 3211 1802 3277 βασιλεῖαι,

230 3266 414 3346 ἔδωκε
441 3266 867 3363 scurrile-"aurai?
900 3302 932 3353 ό
962 3266 1279 3370 νΥτδίιιιστος,
1312 3266 1610 3373 ἐσαλεύθη
1642 3305 1680 3372 ἡ
1836 3266 1876 3322 C

229 3383 447 3450 Κύριος
501 3385 618 3437 τῶν
663 3387 974 3455 δυνάμεων
1014 3393 1142 3460 μεθ’
1201 3393 1397 3462 ἡμῶν,
1434 3394 1807 3466 ἁντιλήπτωρ

231 3473 406 3542 ἡμῶν
436 3477 468 3528 ὀ
497 3476 638 3542 Θεὸς
673 3477 867 3531 Ἰακώϐ
892 3479 1023 3549 (42).
1049 3479 1170 3534 Εἷδε
1200 3485 1288 3536 τὸν
1315 3487 1808 3558 ἐνανθρωπήσαντα

232 3565 390 3629 Θεὸν,
423 3562 531 3620 εἶδε
569 3567 660 3620 τὸν
706 3571 768 3622 ἐκ
802 3570 1077 3642 Παρθένου
1121 3573 1282 3640 ἁγίας
1311 3577 1640 3647 γεννηθέντα
1682 3581 1808 3649 Ἐμ-

237 3659 511 3732 μανουήλ·
559 3661 586 3713 ὃ
628 3663 743 3714 ἐστι
794 3663 1328 3737 μεθερμηνευόμενον
1375 3670 1515 3722 Μεθ’
1555 3669 1723 3738 ἡμῶν
1778 3674 1809 3724 d

237 3751 413 3814 Θεόςο
462 3753 555 3804 καὶ
607 3752 694 3805 διὰ
724 3753 882 3806 τοῦτο
933 3755 1282 3826 προφητικῶς
1339 3757 1538 3828 ἐκϐοᾷ·
1599 3762 1812 3828 Κύριος

235 3839 358 3892 τῶν
384 3840 693 3911 δυνάμεων
708 3846 836 3913 μεθ’
865 3846 1064 3915 ἡμῶν·
1097 3847 1339 3913 δεικνὺς,
1368 3850 1448 3902 ὅτι
1491 3844 1644 3913 οὗτός
1667 3854 1810 3904 ἐστιν

235 3934 266 3983 ὁ
289 3933 401 3994 τοῖς
418 3932 588 3999 ἁγίοις
611 3939 913 4007 προφήταις
937 3939 1028 3991 καὶ
1051 3941 1412 4011 πατριάρχαις
1438 3941 1805 4010 ἐμφανισθείς.

251 4021 654 4092 Ἀντιλήπτωρ
682 4025 849 4093 ἡμῶν·
869 4067 883 4090 ,
918 4029 1108 4098 φησιν,
1161 4031 1280 4099 οὑχί
1312 4030 1468 4095 ἄλλος
1502 4032 1633 4095 Θεὸς
1663 4032 1813 4104 παρά

237 4113 333 4165 τὸν
367 4114 468 4166 ὑπὸ
501 4115 607 4167 τῶν
649 4117 941 4186 προφητῶν
976 4121 1400 4190 παραδιδόμενον
1420 4141 1433 4153 ·
1466 4124 1580 4176 ἀλλ’
1621 4126 1648 4178 ὁ
1681 4125 1812 4190 Θεὸς

252 4203 447 4257 Ἰακὼϐ
483 4205 612 4276 (45),
645 4209 672 4259 ὁ
705 4209 762 4260 ὲν
800 4208 876 4278 τῷ
910 4209 1277 4281 χρηματισμῷ
1326 4212 1460 4283 πρὸς
1484 4214 1572 4266 τὸν
1620 4215 1810 4268 ἐαυτοῦ

239 4294 550 4363 θεράποντα
571 4297 898 4369 διαλεχθείς⁵
946 4300 1089 4368 Ἐγώ
1125 4303 1241 4369 ειμι
1284 4305 1316 4355 ό
1350 4302 1494 4368 Θεὸς
1547 4304 1810 4374 Ἀϐραὰμ,

239 4385 340 4438 καὶ
369 4390 398 4438 d
430 4388 571 4453 Θεὸς
599 4390 804 4444 Ἰσαὰκ
823 4431 836 4454 ,
867 4393 961 4444 καὶ
996 4397 1027 4445 d
1059 4393 1201 4460 Θεὸς
1232 4395 1448 4448 Ἰακώϐ.

317 4477 366 4531 7.
387 4479 564 4532 Δεῦτε
588 4481 684 4534 καὶ
710 4483 861 4537 ἴδετε
894 4484 964 4537 τὰ
988 4486 1129 4555 ἔργα
1161 4488 1262 4541 τοῦ
1290 4489 1456 4553 Θεοῦ,
1481 4489 1518 4543 ἃ
1538 4489 1704 4544 ἔθετο
1727 4490 1816 4543 τέ-

1903 2017 2139 2086 gentium
2160 2018 2781 2087 dissipetdispergatque
2798 2018 3214 2080 multitudinem,
3234 2032 3297 2070 ac
3315 2032 3472 2083 reges

1905 2110 2049 2178 ipsos
2082 2111 2136 2165 in
2178 2109 2354 2180 fugam
2389 2118 2594 2174 vertat,
2650 2112 2692 2163 si
2740 2110 2912 2163 solum
2947 2124 3040 2163 eos
3075 2124 3194 2163 cum
3235 2108 3473 2178 potentia

1904 2203 2175 2268 inclamet,
2198 2220 2494 2274 eorumque
2517 2206 2680 2259 corda
2707 2203 2854 2259 vocis
2878 2203 3133 2258 firmitate
3155 2213 3474 2272 perterrent.

1903 2295 2171 2363 Quantam
2214 2296 2375 2365 igitur
2402 2295 2694 2349 verisimile
2727 2306 2809 2350 est
2840 2296 3199 2350 turbationetn
3225 2295 3473 2354 excitari,

1904 2387 2029 2440 dum
2082 2394 2272 2455 gentes
2324 2382 2600 2454 fugantur,
2637 2395 2690 2438 et
2736 2401 2893 2450 reges
2941 2387 2991 2438 in
3047 2385 3224 2454 lugam
3257 2395 3478 2439 vertun-

1907 2480 2036 2530 tur?
2069 2479 2280 2546 qualem
2311 2492 2525 2547 quoque
2549 2477 2844 2531 clamorem
2886 2478 3174 2532 confusum
3195 2517 3209 2538 ,
3244 2487 3300 2532 et
3330 2478 3475 2530 Soni-

1907 2577 2017 2618 tum
2053 2578 2366 2636 perpetuum
2411 2582 2475 2620 ex
2529 2568 2852 2621 tumultuosa
2907 2567 3118 2621 illorum
3171 2567 3296 2636 fuga
3346 2566 3478 2619 edi?

1907 2657 2094 2712 Nonne
2145 2657 2369 2711 credere
2417 2673 2515 2726 par
2560 2667 2645 2711 est
2681 2658 2857 2712 locum
2893 2675 3106 2712 onmem
3135 2660 3199 2714 iis
3229 2659 3316 2728 qui
3371 2673 3477 2725 pne

1907 2749 2098 2803 timore
2124 2747 2292 2820 fugati
2322 2760 2470 2817 sunt,
2502 2750 2697 2820 repleri
2727 2751 2750 2804 ?
2775 2751 2909 2806 adeo
2936 2761 2994 2803 ιιι
3027 2752 3222 2821 ubique
3261 2753 3310 2804 in
3340 2751 3480 2803 urhi-

1907 2840 2004 2893 bus
2033 2851 2126 2892 aut
2161 2841 2294 2894 vicis
2329 2854 2424 2894 eos
2477 2840 2874 2909 excipientihus
2921 2840 3188 2895 excitetur
3237 2852 3478 2894 commo-

1908 2932 2003 2983 tio.
2027 2931 2212 2984 Talem
2245 2931 2411 3000 igitur
2435 2947 2584 3000 spem
2621 2933 2826 2987 civitati
2847 2934 2939 2986 Dei
2966 2949 2995 2985 a
3028 2931 3310 2985 Salvatore
3340 2930 3477 2983 dan—

1907 3025 2028 3077 dam
2083 3036 2206 3078 esse
2251 3023 2511 3090 ostendit,
2567 3025 2692 3077 dum
2737 3025 2910 3079 dicit:
2973 3023 3316 3079 Conturbatw
3361 3034 3479 3077 sunt

1906 3125 2101 3185 gentes,
2133 3116 2392 3170 inclinata
2417 3126 2541 3170 sunt
2565 3133 2745 3186 regna,
2772 3119 2912 3171 dedit
2932 3135 3104 3172 vocem
3131 3135 3282 3173 suam
3311 3119 3480 3171 Altis-

1909 3208 2094 3268 simus,
2129 3216 2389 3262 commota
2429 3219 2505 3262 est
2543 3223 2704 3263 terra.
2740 3209 2902 3264 Vens.
2934 3211 2988 3265 8.
3017 3209 3280 3265 Dominus
3318 3211 3482 3262 uirtu-

1910 3300 2326 3363 tumnobiscum,
2361 3312 2630 3368 susceptor
2677 3311 2853 3354 noster
2901 3301 3044 3356 Deus
3092 3300 3279 3355 Jacob.
3336 3300 3482 3354 Vidit

1912 3390 2246 3444 incarnatum
2281 3390 2470 3454 Deum,
2503 3393 2636 3445 vidit
2666 3408 2728 3446 ex
2757 3403 2948 3448 sancta
2999 3391 3218 3463 Virgine
3244 3394 3480 3463 genitum

1911 3482 2266 3538 Emmanuel:
2302 3484 2444 3548 quod
2476 3485 2518 3537 si
2553 3486 2679 3552 quis
2728 3485 3141 3554 interpretetur,
3183 3497 3340 3540 sonat
3374 3483 3483 3536 No-

1911 3575 2107 3625 biscum
2144 3572 2280 3627 Deus
2319 3574 2396 3639 ¹⁷;
2440 3585 2495 3627 et
2530 3576 2630 3629 hac
2662 3576 2726 3629 de
2748 3591 2910 3628 causa
2954 3577 3269 3645 prophetice
3298 3576 3483 3629 excla-

1913 3678 2024 3719 mat
2053 3683 2065 3717 :
2104 3665 2368 3720 Dominus
2395 3667 2650 3720 virtutum
2679 3669 2986 3732 nobiscum;
3020 3668 3312 3722 ostendens
3341 3668 3485 3720 hunc

1913 3769 2034 3807 esse
2084 3755 2173 3822 qui
2206 3756 2413 3810 sanctis
2448 3757 2729 3825 prophetis
2767 3758 3018 3826 apparuit
3054 3767 3216 3826 atque
3246 3757 3485 3826 patriar-

1914 3847 2054 3902 chis.
2083 3845 2364 3915 Susceptor
2394 3857 2586 3912 noster,
2624 3848 2824 3916 inquit,
2869 3865 2973 3902 non
3012 3847 3149 3902 alius
3178 3847 3318 3901 Dcus
3343 3861 3485 3916 pra:—

1917 3951 1997 3994 ter
2024 3955 2144 3993 eum
2177 3939 2270 4007 qui
2306 3940 2538 3993 traditus
2565 3951 2650 3994 est
2680 3957 2706 3993 a
2734 3940 3054 4010 prophetis;
3093 3939 3186 3994 sed
3231 3938 3370 3994 Deus
3393 3937 3486 3992 Ja-

1914 4035 2016 4087 cob
2049 4032 2139 4101 qui
2185 4032 2238 4084 in
2271 4033 2491 4086 oraculo
2542 4030 2608 4086 ad
2639 4047 2853 4086 servum
2892 4049 3050 4087 suum
3098 4034 3244 4086 edito
3273 4032 3484 4086 locutus

1915 4134 1999 4178 est
2036 4145 2047 4178 :
2083 4124 2194 4192 Ego
2225 4140 2340 4177 sum
2371 4123 2510 4177 Deus
2557 4123 2843 4188 Abraham,
2877 4123 3016 4176 Deus
3049 4123 3224 4185 Isaac,
3262 4134 3307 4176 et
3346 4123 3486 4176 Deus

1913 4215 2079 4270 Jacob
2106 4217 2145 4247 ιε

1993 4490 2150 4560 175
2170 4488 2402 4544 7.V£tts.
2423 4488 2572 4554 9,10.
2599 4487 2776 4541 Venite
2799 4495 2846 4538 et
2868 4488 3031 4539 uidete
3060 4501 3214 4550 opera
3237 4485 3354 4548 Dei,
3372 4492 3487 4552 qua;

232 4587 391 4638 pata
433 4572 529 4626 ἐπὶ
566 4573 674 4640 τῆς
700 4575 832 4643 γῆς,
886 4578 1257 4647 ἀνταναιρῶν
1300 4580 1601 4650 πολέμους
1639 4581 1804 4651 μέχρι

1918 4584 2091 4650 posuit
2114 4584 2358 4651 prodigia
2388 4598 2546 4649 super
2567 4592 2778 4639 terram,
2817 4579 3057 4647 auferens
3080 4579 3210 4631 bella
3240 4595 3397 4647 usque
3420 4579 3489 4631 ad

241 4661 364 4714 τῶν
394 4663 661 4732 περάτων
689 4665 796 4733 τῆς
833 4667 963 4734 τῆς.
1013 4670 1148 4733 Τοὺς
1177 4671 1390 4742 μακρὰν
1429 4672 1587 4737 ὄντας
1609 4675 1702 4726 τοῦ
1729 4674 1804 4726 λό-

1921 4675 2051 4744 ﬁnes
2083 4685 2255 4726 terrm.
2295 4674 2420 4736 Eos,
2454 4675 2545 4742 qtti
2578 4672 2761 4740 procul
2792 4681 2913 4725 sunt
2940 4687 2968 4724 a
3012 4672 3177 4723 verbo
3206 4669 3448 4723 veritatis
3473 4709 3488 4732 ,

241 4768 342 4818 γου
378 4757 474 4826 τῆς
507 4755 762 4825 ἀληθείας
783 4759 860 4819 είς
885 4759 980 4830 τὴν
1016 4760 1100 4812 διὰ
1127 4763 1224 4831 τῆς
1265 4764 1612 4831 ἐπιγνώσεως
1650 4765 1814 4834 ἐγγύ-

321 4931 363 4960 ¹⁶
391 4929 546 4985 Joan.
575 4949 648 4997 xt,
670 4932 723 4998 9,
767 4934 853 4989 10.
933 4937 974 4967 ¹⁷
1009 4936 1198 4994 Matth.
1235 4954 1274 5002 1,
1297 4938 1389 4994 25.

320 5068 430 5148 (βθ)
463 5068 578 5124 Vox
614 5075 759 5144 πρωῒ
785 5077 958 5148 semel
1005 5076 1264 5132 duntaxat
1322 5080 1518 5147 legitur
1557 5082 1609 5134 in
1653 5081 1810 5136 editis

244 5145 394 5222 etuin
425 5155 579 5222 ιιιεε..
597 5145 868 5222 nonnullis
901 5164 912 5199 :
955 5149 1046 5222 sed
1074 5148 1176 5222 bis‘
1194 5145 1457 5222 scribitur
1498 5152 1548 5202 in
1577 5162 1812 5222 quatuor

245 5210 390 5290 aliis.
421 5210 681 5290 Hoclipso
706 5213 933 5290 inAlocoi
958 5217 1122 5290 editio
1146 5217 1385 5290 Parisso
1413 5223 1477 5290 τῇ
1526 5210 1666 5274 κατά
1717 5221 1810 5273 τοῦ

246 5279 477 5333 θανάτου
509 5279 632 5352 νίκῃ
652 5283 859 5352 πρωῒαν
874 5289 937 5356 τῇ
971 5287 1149 5358 τρίτῃ,
1181 5296 1283 5342 etc.
1313 5289 1414 5352 Qui
1436 5279 1526 5357 per
1545 5292 1813 5344 uictoriam

246 5364 316 5403 ex
357 5363 521 5403 morte
560 5362 882 5418 reportatum
918 5359 1070 5408 tertia
1100 5362 1497 5413 resurrectionis
1525 5362 1609 5415 die
1641 5371 1812 5413 matu-

247 5421 419 5500 tinum
452 5429 648 5488 tempus
679 5423 871 5490 eﬂ‘ecit.
913 5426 982 5500 ξι
1006 5426 1450 5500 __Regii_tertius,
1487 5442 1714 5500 quartus
1756 5442 1809 5484 et

248 5494 473 5570 quintus
502 5506 605 5544 non
631 5505 800 5570 secus
829 5509 892 5547 ac
922 5494 1474 5570 Colberiiniprimus,
1503 5494 1722 5570 quintus
1757 5509 1810 5553 et

251 5568 444 5635 sextus
469 5573 590 5635 eum
625 5561 878 5635 Coisl.et
932 5579 1052 5618 cum
1091 5561 1320 5632 quadam
1363 5561 1536 5635 qnatn'
1582 5571 1811 5624 Dircaeus

250 5628 439 5709 laudat
467 5628 688 5709 catena,
713 5641 770 5684 ιιι
809 5634 859 5709 in
892 5628 1165 5709 contextu.
1199 5636 1305 5690 Nec
1336 5628 1495 5692 aliter
1534 5640 1731 5709 legitur
1761 5642 1810 5691 in

251 5698 491 5774 editione
515 5698 681 5774 θυεμ.
711 5712 764 5754 et
813 5703 863 5755 in
898 5705 1078 5774 Regiis
1125 5710 1360 5760 secundo
1409 5720 1461 5760 et
1503 5698 1674 5771 sexio,
1712 5711 1810 5768 nisi

252 5767 396 5848 quod
423 5767 764 5848 hiOIibri-pro
793 5767 1249 5848 rtpw‘ta'habeant
1275 5777 1451 5848 atpwi.
1478 5780 1629 5848 Apud
1664 5767 1813 5831 LXX

255 5846 436 5893 autem
460 5840 539 5897 sic
575 5840 776 5902 editum
801 5840 1128 5910 invenimus,
1167 5840 1422 5912 ϐοηθήσει
1457 5840 1594 5912 αὐτῆ
1625 5852 1652 5902 ὁ
1683 5849 1814 5911 Θεὸς

1470 4939 1512 4971 ’³
1543 4941 1710 4997 Exod.
1751 4957 1832 5006 ιιι,
1858 4942 1890 4996 6

1926 4764 2206 4833 Scriptura
2246 4763 2438 4817 invitat
2481 4771 2538 4816 ut
2576 4762 2642 4816 ad
2685 4776 2803 4816 eam
2840 4775 2935 4831 per
2969 4758 3331 4830 cognitionem
3365 4773 3490 4827 pro-

1919 5078 2324 5152 τῷπροσώπῳ,
2356 5078 2623 5152 adjuvabit
2656 5095 2769 5131 eam
2801 5077 2937 5152 Deus
2960 5076 3131 5130 vultu.

1996 5151 2104 5223 (40)
2133 5151 2223 5223 Sic
2247 5150 2380 5223 lteg.
2412 5150 2947 5223 secutulus._tertius,
2975 5157 3200 5216 quartus
3224 5155 3278 5223 et
3306 5156 3491 5200 sextus

1923 5215 2044 5282 eum
2074 5215 2228 5275 Coll).
2271 5215 2465 5288 primo.
2504 5218 2641 5271 Editi
2674 5218 2780 5270 τῶν
2823 5215 3381 5289 ἐπιστρατευομένων.

1998 5291 2106 5360 (41)
2137 5287 2315 5344 Editio
2347 5290 2511 5341 Basil.
2544 5299 2599 5360 et
2630 5307 2760 5343 mss.
2797 5287 3032 5342 nonnulli
3065 5287 3347 5357 ἐκϐοῆσαι.

1997 5353 2107 5428 (42)
2140 5361 2328 5413 Nostra
2363 5361 2525 5413 editio
2563 5359 2732 5414 Paris.
2792 5375 2910 5412 cum
2958 5361 3166 5413 duobus
3214 5353 3489 5428 inss._Re-

1917 5423 2017 5499 giié
2053 5423 2548 5501 ἐνανθρωπίσαντα.
2585 5434 2654 5483 At
2683 5429 2917 5499 quinque
2941 5430 3029 5482 alii
3062 5443 3193 5480 mss.
3227 5423 3489 5495 ὲνανθρω-

1918 5503 1989 5554 τεῆ
2000 5518 2183 5554 σαντα.

1982 5542 2259 5643 fligi-Reg.
2283 5571 2550 5643 secundus
2588 5569 2774 5643 diverti;
2788 5587 2934 5641 πτωρ
2961 5567 3180 5643 ἡμῶνρ
3213 5564 3342 5626 Θεὸς
3379 5563 3488 5643 Ἰτατ

1920 5632 2260 5711 mss-’09,}.
2311 5642 2509 5694 Ibidem
2565 5640 2689 5693 editi
2726 5632 2856 5710 ἡμῖν
2890 5632 3332 5711 παραδιδόμενον.
3389 5632 3490 5686 Ubi

1921 5709 2317 5765 observan—dum
2372 5711 2600 5777 primum
2634 5725 2819 5762 VOCCIII
2856 5711 2988 5779 ἡμῖν
3025 5711 3075 5762 in
3131 5709 3333 5779 nostris
3366 5713 3489 5779 octo

1925 5797 2056 5834 mss.
2093 5783 2277 5835 deesse
2314 5800 2326 5834 :
2361 5775 2551 5850 deinde
2587 5794 2689 5850 pro
2704 5775 3189 5850 παραδίδόμενονίιι
3216 5775 3488 5831 codicibus

1923 5852 2196 5907 nonnullis
2229 5852 2328 5914 legi
2357 5849 2804 5916 παραδεδομένον.
