4016 6428
630 396 730 445 ιὶεῖ

1955 390 2010 434 δ.
2044 387 2286 433 ΒΑδιιΛι
2323 385 2535 432 MAth

3769 386 3872 438 49,ιῖ

628 505 747 570 pius
777 501 1059 564 accedant,
1092 501 1279 556 dicens
1310 519 1324 554 :
1382 500 1560 555 Venite
1599 509 1647 556 et
1675 501 1859 556 videte.
1909 499 2181 566 Quemad-

2282 512 2415 566 τητα
2449 498 2832 568 προσκαλεῖται
2864 500 2892 550 ὀ
2922 497 3075 565 λόγος
3106 499 3277 568 λέγων
3297 515 3309 528 ·
3341 498 3523 551 Δεῦτε
3542 498 3650 552 καὶ
3685 498 3867 552 ἴδετε.

629 596 845 650 modum
878 595 1020 649 enim
1048 595 1106 648 in
1129 594 1407 663 corporeis
1437 595 1628 659 oculis,
1667 595 1946 651 intervalla
1989 607 2181 663 magna

630 688 918 740 obscuram
949 686 1182 739 reddunt
1212 699 1398 739 eorum
1433 701 1550 755 quae
1590 687 1690 741 sub
1722 695 2067 755 conspectum
2099 699 2184 738 ca-

628 781 761 831 dunt
781 778 1314 847 comprehensionem
1337 797 1350 844 ;
1379 789 1562 833 contra
1587 779 1823 834 accessio
1843 777 2181 841 intuentium,

627 867 973 935 conspicuam
1029 867 1202 922 reddit
1232 883 1411 921 rermn
1449 869 1788 923 visendarum
1809 868 2135 936 agnitionem
2167 883 2179 919 :

627 959 706 1010 sic
728 959 890 1011 etiam
918 958 969 1011 in
999 959 1192 1014 mentis
1219 958 1690 1028 contemplatione,
1717 957 1806 1025 qui
1824 973 1882 1012 se
1905 969 1997 1027 per
2020 969 2182 1023 opera

624 1045 744 1102 Deo
775 1062 876 1102 non
904 1046 1196 1119 coniungit,
1234 1065 1332 1103 nec
1364 1051 1774 1120 apprOpinquat,
1826 1063 1987 1121 cpera
2041 1046 2185 1102 illius

628 1136 778 1204 puris
811 1140 1004 1194 mentis
1035 1140 1208 1194 oculis
1261 1143 1442 1197 videre
1475 1158 1576 1195 non
1623 1152 1818 1210 potest.
1866 1143 2068 1197 ldcirco
2094 1155 2183 1193 ve-

630 1240 765 1297 n-te,
801 1231 1229 1301 appropinquate
1254 1236 1401 1304 prius
1427 1251 1440 1296 ;
1475 1231 1668 1289 deinde
1699 1235 1874 1289 videte
1893 1247 2054 1302 opera
2078 1231 2180 1286 Do-

632 1321 787 1386 mini,
819 1323 1127 1396 prodigiosa
1158 1341 1287 1380 sane
1319 1335 1374 1379 et
1400 1324 1706 1394 mirabilia;
1751 1327 1945 1395 quibus
1971 1325 2183 1395 percul-

631 1428 721 1466 sas
759 1423 968 1484 gentes,
1001 1431 1199 1482 easque
1219 1424 1377 1470 antea
1411 1417 1636 1472 hostiles
1667 1427 1724 1474 et
1753 1419 2055 1479 seditiosae,
2115 1419 2181 1470 ad

628 1505 862 1567 quietem
903 1507 1191 1560 transtulit.
1231 1503 1429 1573 Venite,
1457 1510 1582 1577 ﬁlii,
1605 1509 1782 1562 audite
1818 1523 1898 1560 me
1916 1509 1994 1573 ¹⁹;
2031 1510 2181 1570 item,

637 1591 815 1649 Venite
845 1611 1018 1651 omnes
1057 1598 1147 1667 qui
1197 1597 1473 1666 laboratis,
1514 1613 1562 1656 et
1589 1599 1791 1653 onerati
1825 1600 1948 1654 estis
1979 1600 2045 1654 '°.
2079 1599 2181 1654 Pa-

629 1695 783 1738 terna
821 1701 924 1742 vox
952 1698 1054 1752 est,
1098 1693 1353 1760 expansis
1397 1692 1536 1747 ulnis
1577 1693 1645 1746 ad
1689 1707 1750 1748 se
1782 1692 2060 1748 invitantis
2091 1709 2183 1749 eos

628 1772 720 1840 qui
760 1774 1022 1834 hactenus
1074 1781 1308 1836 rebelles
1365 1781 1537 1837 fuere.
1578 1782 1680 1849 Qui
1740 1784 1905 1854 igitur
1950 1783 2185 1839 audierit

629 1869 990 1932 vocationem,
1025 1847 1658 1944 appropinquaveritque
1699 1847 2065 1944 el'imperanti
2101 1879 2189 1931 ad-
2216 1847 2258 1901 Β

633 1955 870 2019 haeserit,
896 1958 941 2010 is
972 1972 1092 2011 eum
1128 1961 1341 2014 visurus
1369 1970 1452 2017 est
1477 1964 1567 2033 qui
1608 1974 1798 2020 cuncta
1837 1980 1935 2036 per
1969 1982 2184 2022 crucem

630 2045 950 2112 pacificavit,
989 2045 1109 2103 Sive
1153 2066 1269 2119 qua:
1305 2053 1362 2105 in
1392 2063 1533 2107 terra
1567 2064 1708 2122 sunt,
1734 2056 1836 2110 sive
1870 2075 1985 2127 quae
2007 2060 2059 2113 in
2088 2077 2186 2113 cae-

630 2137 694 2186 lis
723 2137 790 2189 “.
820 2139 1012 2192 Arcum
1056 2149 1306 2206 conteret,
1341 2154 1389 2196 et
1422 2146 1712 2214 confringet
1749 2163 1917 2213 arma,
1959 2159 2005 2202 et
2039 2159 2184 2203 scuta

628 2228 892 2282 comburet
923 2231 1051 2298 igni.
1079 2229 1243 2286 Vides
1260 2235 1542 2302 paciﬁcum
1581 2238 1816 2292 animum
1841 2238 2050 2294 Domini
2079 2242 2186 2294 vir-

632 2327 827 2384 tutum,
860 2323 1002 2388 quod
1032 2323 1329 2379 invisibiles
1371 2325 1642 2395 legionum
1694 2329 2059 2398 angelicarnm
2088 2348 2185 2400 po‘

633 2419 854 2466 .estates
885 2427 1068 2468 secum
1099 2415 1324 2469 habeat?
1353 2413 1516 2472 Vides
1541 2417 1909 2475 fortitudinem
1944 2423 2103 2477 simul
2133 2433 2186 2478 et

632 2505 1019 2562 humanitatem
1048 2511 1242 2564 summi
1273 2511 1427 2566 ducis
1457 2513 1764 2568 virtutum?
1792 2516 1882 2586 qui
1913 2531 2043 2571 sane
2078 2517 2184 2570 Do-

633 2596 808 2650 minus
833 2613 954 2651 cum
983 2600 1054 2653 sit
1087 2601 1366 2666 virtutum,
1408 2619 1470 2658 ac
1501 2620 1691 2660 omnes
1730 2606 1996 2675 legionum
2031 2622 2187 2677 ange-

628 2687 856 2744 licarum
899 2699 1103 2746 turmas
1135 2694 1346 2758 habeat,
1384 2711 1647 2764 nusquam
1673 2709 1848 2754 tamen
1879 2701 2041 2754 ullum
2067 2703 2184 2756 vul-

630 2789 785 2833 nerat
812 2782 1266 2849 adversariorum,
1303 2788 1571 2840 neminem
1604 2791 1932 2859 prosternit,
1970 2795 2186 2860 attingit

630 2872 940 2929 neminem:
997 2879 1090 2930 sed
1139 2893 1298 2933 arcus
1352 2881 1582 2936 conterit
1636 2891 1690 2936 et
1733 2897 1905 2949 arma,
1935 2900 1997 2940 ac
2033 2896 2182 2940 scuta

629 2965 899 3020 comburit
930 2967 982 3020 in
1036 2969 1176 3038 igne.
1210 2973 1409 3026 Arcum
1449 2975 1663 3041 quidem
1695 2975 1943 3043 conterit,
1985 2987 2040 3029 ut
2081 2992 2182 3031 non

631 3054 858 3122 amplius
893 3058 1053 3125 ignita
1088 3061 1188 3114 tela
1226 3077 1320 3130 per
1361 3078 1454 3116 eos
1478 3065 1794 3117 emittantur
1824 3083 1838 3118 :
1876 3067 2186 3137 confringet

2288 590 2493 660 Ὠσπερ
2519 590 2624 660 γὰρ
2659 590 2888 644 ἐπὶτῶν
2935 593 3258 660 σωματικῶν
3304 591 3607 661 ὀφθαλμῶν
3659 595 3722 645 αἱ
3775 593 3871 661 μὲν

2284 679 2376 731 ἐπὶ
2410 679 2541 733 πολὺ
2571 681 2894 743 ἀποστάσεις
2925 680 3169 751 ἀμυδρὰν
3202 682 3410 736 ποιοῦσι
3441 681 3543 752 τὴν
3579 682 3699 733 τῶν
3735 687 3870 753 ὀρω-

2287 771 2461 842 μένων
2485 771 2805 840 κατάληψιν,
2845 771 2974 826 οἶδὲ
3008 776 3400 844 προσεγγισμοὶ
3436 773 3547 828 τῶν
3591 773 3868 840 θεωρούν-

2283 881 2389 917 των
2435 863 2636 934 ἐναργῆ
2682 865 3003 935 παρέχονται
3045 865 3152 916 τῶν
3192 862 3540 935 βλεπομένων
3599 864 3722 934 (st)
3771 864 3867 932 τὴν

2284 956 2603 1024 ἐπίγνωσιν·
2635 954 2776 1008 οὕτω
2801 958 2891 1010 καὶ
2942 957 3033 1010 ὲπὶ
3073 955 3179 1009 τῶν
3223 956 3365 1008 κατά
3397 958 3523 1011 νοῦν
3573 956 3866 1028 θεωρημά-

2283 1065 2409 1109 των,
2438 1049 2466 1098 ὁ
2501 1047 2574 1118 μὴ
2606 1046 2692 1099 διὰ
2720 1045 2829 1098 τῶν
2862 1046 3037 1116 ἔργων
3067 1046 3364 1108 οἱκειωθεὶς
3402 1047 3499 1098 καὶ
3546 1048 3866 1117 πλησιάσας

2283 1139 2402 1209 Θεῷ
2420 1141 2546 1192 ἰδεῖν
2565 1140 2631 1192 τὰ
2647 1138 2782 1209 ἔργα
2809 1136 2970 1189 αὐτοῦ
2984 1139 3237 1210 καθαροῖς
3260 1138 3372 1199 τοῖς
3387 1136 3634 1200 διανοέας
3661 1139 3864 1207 egeat}.-

2289 1232 2406 1300 μοῖς
2447 1229 2508 1282 οὐ
2554 1230 2792 1283 δύναται.
2840 1227 2941 1280 Διὰ
2983 1228 3156 1294 τοῦτο,
3205 1226 3401 1291 Δεῦτε,
3450 1230 3865 1296 προσεγγίσατε

2287 1321 2544 1391 πρότερον
2581 1319 2712 1391 (45),
2755 1313 2872 1371 εἶτα
2914 1319 3048 1371 ἴδετε
3083 1318 3152 1372 τὰ
3177 1320 3312 1391 ἔργα
3345 1316 3553 1388 Κυρίου
3599 1320 3865 1386 τεράστια

2284 1409 2412 1464 ὅντα
2437 1412 2529 1462 καὶ
2561 1408 2835 1482 παράδοξα
2858 1423 2871 1437 ⁸
2921 1408 3009 1475 ὑφ’
3043 1399 3116 1462 ὧν
3157 1407 3581 1476 καταπλαγέντα
3622 1407 3698 1457 τὰ
3729 1410 3864 1476 πρό-

2285 1516 2437 1569 τερον
2461 1501 2693 1571 πολέμια
2727 1499 2821 1553 καὶ
2850 1497 3114 1568 στασιώδη
3145 1498 3268 1569 ἔθνη
3305 1500 3441 1570 πρὸς
3469 1497 3715 1570 ἡσυχίαν
3738 1513 3862 1565 μετ-

2285 1592 2463 1645 έϐαλε.
2517 1593 2716 1655 Δεῦτε,
2763 1589 2962 1654 τέκνα,
3009 1589 3307 1644 ἀκούσατέ
3333 1609 3485 1660 μου·
3525 1589 3650 1652 καὶ,
3688 1587 3865 1641 Δεῦτε

2286 1685 2504 1752 πάντες
2525 1690 2578 1739 οἱ
2602 1681 2946 1751 κοπιῶντες,
2971 1684 3068 1738 καὶ
3097 1685 3578 1753 πεφορτισμένοι.
3609 1683 3863 1751 Πατρικὴ

2286 1779 2319 1847 ἡ
2355 1778 2524 1844 φωνὴν
2561 1774 2906 1845 ὴπλωμέναις
2935 1774 3200 1844 ἀγκάλαις
3228 1774 3360 1845 πρὸς
3391 1775 3584 1827 ἑαυτὸν
3629 1770 3864 1825 καλοῦν-

2284 1885 2373 1930 τος
2400 1867 2522 1928 τοὺς
2546 1865 2678 1929 τέως
2698 1866 3105 1936 ἀνρηνιάζοντας.
3141 1865 3198 1919 '0
3217 1861 3308 1918 οὖν
3335 1866 3575 1929 ἀκούσας
3605 1865 3711 1935 τῆς
3733 1861 3864 1930 κλή-

2286 1976 2441 2021 σεως,
2473 1959 2565 2011 καὶ
2609 1958 2866 2026 ἐγγίσας,
2903 1957 2994 2010 καὶ
3028 1957 3304 2027 κολληθεὶς
3348 1958 3424 2026 τῷ
3458 1958 3860 2027 προστάξαντι,

2284 2053 2471 2122 ὄψεται
2513 2050 2602 2106 τὸν
2639 2051 3118 2124 εἱρηνοποιήσαντα
3149 2050 3216 2102 τὰ
3241 2049 3415 2101 πάντα
3439 2049 3532 2101 διὰ
3559 2049 3662 2100 τοῦ
3695 2066 3860 2101 σταυ-

2287 2144 2402 2216 ροῦ,
2425 2145 2559 2197 Εἴτε
2577 2144 2648 2198 τὰ
2671 2143 2768 2196 ἐπὶ
2791 2140 2895 2210 τῆς
2914 2140 3046 2211 τῆς,
3070 2141 3187 2194 εἴτε
3212 2141 3283 2192 τὰ
3305 2140 3374 2192 ἐν
3396 2139 3521 2205 τοῖς
3545 2138 3856 2205 οὐρανοῖς.

2290 2234 2474 2295 Τόξον
2495 2234 2832 2300 συντρίψει,
2870 2232 2969 2285 καὶ
2989 2230 3322 2286 συνθλάσει
3349 2229 3457 2300 (46)
3492 2229 3722 2293 ὅπλον,
3764 2227 3860 2282 καὶ

2285 2324 2531 2393 θυρεοὺς
2557 2325 2916 2377 κατακαύσει
2961 2322 3032 2374 ἐν
3071 2323 3233 2390 πυρί.
3285 2324 3444 2395 Ὁρᾷς
3477 2323 3542 2376 τὸ
3580 2322 3864 2393 εἰρηνικὸν

2285 2415 2490 2487 Κυρίου
2526 2413 2634 2466 τῶν
2672 2412 2972 2481 δυνάμεων,
3019 2411 3098 2469 ὅτι
3131 2411 3268 2480 ἔχων
3306 2412 3423 2479 μεθ’
3451 2411 3656 2464 ἑαυτοῦ
3694 2410 3854 2478 ἀορά-

2284 2527 2409 2572 τους
2441 2508 2696 2577 δυνάμεις
2739 2504 3040 2573 ἀγγελικῶν
3077 2502 3422 2568 καταλόγων;
3466 2504 3635 2572 Ὁρᾷς
3669 2503 3734 2554 τὸ
3767 2503 3859 2552 ἀν·

2284 2601 2458 2670 δρεῖον
2515 2598 2650 2670 ὁμοῦ
2701 2598 2793 2651 καὶ
2836 2595 3206 2666 φιλάνθρωπον
3255 2593 3346 2646 τοῦ
3409 2594 3860 2663 ἀρχιστρατήγου

2282 2692 2393 2746 τῶν
2422 2692 2737 2762 δυνάμεων;
2765 2691 2822 2752 ὃς
2849 2706 2933 2758 γε,
2961 2685 3160 2758 Κύριος
3185 2685 3259 2738 ὢν
3287 2683 3393 2737 τῶν
3417 2683 3735 2754 δυνάμεων,
3772 2683 3861 2734 καὶ

2284 2787 2464 2839 πάντα
2510 2785 2646 2854 ἔχων
2683 2785 2748 2837 τὰ
2783 2784 3100 2852 συστήματα
3137 2779 3245 2834 τῶν
3284 2778 3590 2848 ἀγγελικῶν
3623 2775 3858 2830 καταλὸ-

2285 2895 2414 2946 γων,
2437 2876 2669 2946 οὐδαμοῦ
2698 2893 2818 2928 τινα
2845 2873 3133 2944 τιτρώσκει
3169 2873 3276 2925 τῶν
3323 2863 3620 2940 πολεμίων,
3667 2867 3858 2919 οὐδένα

2285 2968 2608 3023 καταϐάλλει
2641 2967 2771 3037 (47),
2799 2965 3007 3029 οὐδενὸς
3031 2966 3290 3020 heaut-
3323 2963 3455 3015 ἀλλὰ
3479 2961 3609 3024 τόξα
3640 2975 3857 3027 συντρι-

2285 3059 2388 3121 ϐει,
2417 3058 2510 3111 καὶ
2540 3058 2697 3119 ὅπλα,
2727 3058 2818 3110 καὶ
2848 3056 3072 3126 θυρεοὺς
3099 3054 3384 3108 κατακαίει
3414 3052 3470 3102 ὲν
3499 3050 3661 3117 πυρὶ.
3694 3049 3856 3112 Τὸξον

631 3156 807 3202 autem
830 3151 1214 3222 arma.quibus
1232 3154 1475 3207 cominus
1501 3165 1786 3226 pugnatur,
1821 3165 1877 3212 ut
1905 3160 1994 3227 qui
2021 3176 2182 3230 prope

2289 3152 2384 3223 μὲν
2428 3151 2732 3222 συντρίϐει,
2786 3149 2924 3202 ὥστε
2967 3148 3158 3219 μηκέτι
3195 3146 3262 3198 τὰ
3309 3144 3688 3236 πεπυρωμένα
3714 3142 3855 3236 Ῠβέλη

631 3249 778 3307 sunt,
815 3241 1022 3298 insidiis
1072 3245 1259 3313 petiti,
1303 3244 1519 3301 vulnera
1567 3249 1807 3319 recipere
1841 3265 2182 3323 nequaquam

628 3329 859 3394 possint.
911 3330 978 3382 Et
1029 3343 1177 3384 scuta
1221 3333 1488 3388 comburet
1520 3336 1648 3404 igni,
1683 3339 2024 3398 adversarios
2061 3360 2183 3413 spo-

631 3417 772 3470 linus
823 3419 939 3472 suis
994 3422 1364 3490 munimentis,
1420 3433 1580 3493 atque
1630 3427 1972 3486 inimicorum
2007 3437 2181 3504 gratia

627 3508 808 3560 omnia
840 3508 1062 3565 faciens.

699 3787 752 3831 δ.
833 3792 946 3831 ses.
989 3778 1074 3831 Η.
1112 3777 1306 3834 Vacate
1341 3789 1389 3835 et
1419 3783 1604 3848 videte,
1647 3787 1894 3854 quoniam
1935 3803 2027 3857 ego
2064 3805 2176 3842 sum

633 3869 792 3923 Deus.
829 3871 1074 3936 Quandiu
1110 3873 1322 3941 quidem
1376 3874 1566 3931 alienis
1615 3892 1643 3930 a
1685 3878 1792 3931 Deo
1827 3881 1986 3932 rebus
2021 3895 2182 3933 vaca-

630 3976 771 4026 mus,
809 3961 902 4014 Dei
935 3964 1180 4016 notitiam
1228 3967 1501 4035 suscipere
1556 3984 1659 4023 non
1710 3984 2011 4038 possumus.
2047 3972 2177 4036 Quis

630 4051 774 4103 enim
811 4052 878 4105 de
900 4054 1081 4107 mundi
1111 4056 1269 4109 rebus
1301 4057 1588 4122 sollicitus,
1619 4075 1682 4114 ac
1707 4061 2032 4131 immergens
2057 4078 2177 4116 sese

626 4142 804 4196 carnis
833 4145 1296 4214 occupationibus,
1325 4160 1489 4216 queat
1539 4153 1720 4206 verbis
1761 4151 1854 4207 Dei
1882 4156 2179 4218 attendere.

627 4248 790 4302 atque
814 4243 892 4287 tot
913 4248 978 4288 ac
1007 4236 1166 4288 tantis
1191 4237 1349 4292 rebus
1373 4252 1625 4295 accurate
1646 4242 2038 4315 diligenterque
2060 4263 2183 4316 spe-

627 4324 870 4379 culandis
900 4339 998 4393 par
1018 4325 1174 4380 esse?
1222 4327 1335 4380 Non
1365 4329 1536 4394 vides,
1590 4331 1867 4400 delapsum
1913 4337 1964 4389 in
1996 4339 2180 4405 spinas

626 4416 849 4471 verbum
879 4421 1049 4489 spinis
1075 4420 1368 4476 suffocari?
1397 4421 1574 4490 Spinte
1620 4435 1798 4478 autem
1834 4437 1956 4480 sunt
1997 4431 2176 4483 carnis

2286 3244 2662 3315 ἐκπέμπεσθαι
2689 3244 2754 3296 δι’
2787 3241 2963 3294 αὐτῶν
2984 3257 2996 3269 ’
3031 3238 3168 3291 ὅπλα
3216 3237 3272 3290 δὲ
3308 3236 3593 3290 συνθλάσει
3640 3235 3754 3302 (48)
3790 3234 3855 3284 τὰ

2285 3338 2589 3407 ἀγχέμαχα,
2615 3337 2688 3398 ὡς
2718 3333 2790 3404 μὴ
2821 3331 3075 3386 δύνασθαι
3102 3332 3225 3394 τοὺς
3265 3329 3528 3398 σύνεγγυς
3557 3326 3856 3398 τραύματα

2282 3429 2528 3500 δέχεσθαι
2553 3428 3084 3500 ἐπιϐουλευομένους.
3120 3431 3228 3483 Καὶ
3257 3429 3478 3499 θυρεοὺς
3506 3423 3855 3478 κατακαύσει

2283 3524 2338 3575 ὲν
2368 3522 2517 3592 πυρὶ,
2561 3521 2780 3592 γυμνῶν
2827 3524 2951 3586 τοὺς
2996 3520 3393 3590 ἀντικειμένους
3427 3517 3532 3569 ἀπὸ
3567 3517 3680 3570 τῶν
3724 3534 3855 3588 προ-

2282 3613 2592 3683 ϐλημάτων,
2640 3616 2732 3667 καὶ
2784 3615 2960 3668 πάντα
3013 3615 3097 3664 ἐπ’
3144 3608 3430 3681 εὐεργεσία
3477 3607 3587 3660 τῶν
3640 3608 3854 3678 ἐχθρῶν

2281 3707 2365 3758 ὲνε
2373 3706 2535 3776 ργῶν.

2350 3799 2402 3850 8.
2425 3801 2468 3850 Σ
2471 3796 2768 3863 κολάσατε
2789 3794 2883 3847 καὶ
2900 3792 3098 3863 γνῶτε,
3127 3791 3212 3845 ὅτι
3237 3791 3348 3862 ἐγώ
3361 3794 3475 3860 εἰμι
3493 3796 3526 3845 ὁ
3549 3793 3721 3854 Θεός.
3741 3791 3850 3858 Ἐφ’

2280 3887 2399 3936 ὅσον
2437 3885 2531 3953 μὲν
2573 3886 2681 3945 τοῖς
2723 3881 2826 3947 ἔξω
2858 3880 2990 3933 Θεοῦ
3037 3878 3363 3949 σχολάζομεν
3408 3878 3765 3946 πράγμασιν,
3793 3876 3850 3928 οὐ

2279 3975 2549 4044 δυνάμεθα
2589 3973 2832 4044 χωρῆσαι
2859 3971 3055 4040 γνῶσιν
3087 3969 3240 4023 Θεοῦ.
3274 3971 3369 4032 Τίς
3410 3971 3516 4038 γὰρ
3570 3968 3851 4039 μεριμνῶν

2279 4067 2348 4120 τὰ
2387 4065 2479 4119 τοῦ
2511 4066 2711 4136 κόσμου
2734 4107 2748 4131 ,
2785 4065 2878 4117 καὶ
2919 4062 3234 4134 ἐμϐαθύνων
3285 4065 3396 4125 τοῖς
3438 4064 3850 4132 περισπασμοῖς

2280 4161 2377 4229 τῆς
2408 4157 2625 4230 σαρκὸς,
2648 4157 2865 4210 δύναται
2886 4157 2996 4218 τοῖς
3019 4172 3083 4207 πε
3094 4155 3144 4225 ρ).
3164 4153 3298 4207 Θεοῦ
3327 4154 3502 4221 λόγοις
3535 4155 3848 4224 προσέχειν,

2282 4254 2374 4304 καὶ
2397 4254 2460 4322 τῇ
2485 4249 2738 4321 ἀκριϐείᾳ
2759 4249 2862 4301 τῶν
2883 4246 3209 4317 τηλικούτων
3231 4246 3602 4316 θεωρημάτων
3622 4246 3848 4316 ἀρκεῖν;

2282 4345 2390 4411 Οὐχ
2416 4344 2564 4412 ὁρᾷς,
2596 4343 2677 4393 ὅτι
2706 4342 2733 4392 ὁ
2758 4342 2837 4400 εἰς
2873 4338 2971 4400 τὰς
2998 4338 3234 4400 ἀκάνθας
3263 4336 3517 4405 ἐμπεσὼν
3557 4337 3721 4404 λόγος
3753 4337 3848 4388 ὑπὸ

2280 4433 2384 4483 τῶν
2411 4431 2659 4483 ἀκανθῶν
2689 4431 3076 4498 συμπνίγεταις
3118 4427 3380 4480 Ἀκανθαι
3411 4428 3466 4479 δέ
3493 4428 3631 4479 εἰσιν
3668 4427 3849 4495 ἡδῦναὶ

627 4509 948 4578 Voluptates,
999 4520 1053 4563 et
1098 4511 1316 4573 divitiae.
1353 4524 1407 4567 et
1436 4514 1627 4579 gloria,
1663 4525 1716 4569 et
1746 4531 1822 4569 ea:
1849 4534 1968 4587 quae
2002 4520 2067 4572 ad
2099 4521 2179 4572 vi-

2286 4521 2502 4592 σαρκὸς,
2531 4522 2620 4572 καὶ
2647 4519 2872 4582 πλοῦτος
2895 4519 2986 4572 καὶ
3007 4517 3150 4581 δόξα,
3174 4519 3266 4570 καὶ
3287 4518 3534 4588 βιωτικαὶ
3562 4516 3845 4586 μέριμναι.

628 4610 733 4652 tam
778 4601 1048 4667 pertinent
1087 4618 1230 4657 curae
1278 4606 1342 4656 “.
1373 4605 1636 4660 Caeterum
1681 4609 1747 4660 ab
1804 4610 1889 4664 his
1931 4612 2179 4667 omnibus

626 4692 918 4746 alienatum
943 4709 1062 4748 esse
1085 4698 1358 4763 oportebit
1387 4713 1533 4764 eum,
1563 4701 1650 4765 qui
1692 4701 1785 4754 Dei
1818 4704 2177 4771 cognitionem

625 4780 926 4846 desiderat;
949 4792 1001 4834 et
1024 4783 1110 4836 ubi
1140 4786 1412 4839 vacaverit
1438 4787 1504 4839 ab
1534 4788 1833 4854 aﬂ’ectibus,
1868 4793 1940 4845 ita
1963 4794 2176 4848 demum

624 4871 713 4923 Dei
751 4873 989 4938 recipere
1026 4874 1408 4941 cognitionem.
1439 4877 1713 4942 Quomodo
1756 4883 1897 4934 enim
1939 4884 2171 4938 animam

620 4976 649 5013 a
683 4963 876 5017 mentis
914 4965 1316 5036 evagationibus
1339 4981 1396 5021 se
1422 4972 1919 5040 prteoccupautibus
1949 4990 2171 5044 oppres-

716 5209 736 5239 ⁹
764 5208 902 5267 Psai.
933 5226 1124 5276 χχχιιι,
1160 5212 1244 5266 12.
1322 5215 1365 5245 ²⁰
1400 5214 1587 5270 Matth.
1622 5233 1700 5283 ιι,
1732 5219 1822 5275 28.

688 5413 800 5482 (44)
840 5413 915 5468 Ita
972 5431 1101 5474 mss.
1156 5424 1380 5483 septem.
1427 5415 1567 5470 Editi
1626 5433 1751 5474 vero
1805 5418 1914 5472 τῶν
1964 5421 2170 5492 saepe-

616 5497 742 5536 νων.

998 5553 1226 5630 πρῶτον.
1254 5555 1488 5630 Atﬁmss.
1521 5567 1723 5630 septem
1751 5559 2033 5630 πρότερον.

711 5621 798 5692 46)
838 5622 1013 5677 Editio
1052 5625 1212 5678 Basil.
1249 5635 1304 5678 et
1337 5623 1488 5693 Regii
1525 5621 1813 5689 sei-nudus,
1860 5621 2077 5696 qdintus
2114 5639 2163 5683 et

619 5701 801 5744 sextus
822 5708 922 5744 una
964 5709 1084 5746 cum
1135 5696 1253 5748 aliis
1295 5698 1462 5748 tribus
1510 5697 1832 5752 Colbertinis
1863 5698 2159 5754 συνθλὰσει.

618 5761 790 5813 Lditio
820 5777 942 5831 vero
972 5762 1141 5817 Paris.
1175 5765 1482 5831 συγκλάσει.

688 5831 798 5898 (47)
830 5830 958 5904 Heg.
1002 5837 1189 5890 tertius
1237 5830 1435 5906 βάλλει.
1490 5835 1603 5890 Mox
1641 5837 1935 5895 Colbertini
1969 5841 2165 5909 primus

1905 5223 1947 5253 ’ί
1985 5222 2187 5278 Coloss.
2225 5240 2261 5287 ι,
2286 5224 2377 5276 20.

2284 4615 2466 4667 Πάντα
2498 4612 2552 4664 δὲ
2579 4610 2690 4679 (49)
2719 4610 2919 4662 τούτων
2951 4609 3054 4674 ἔξω
3081 4611 3260 4678 δεήσει
3286 4608 3539 4668 γενέσθαι
3580 4607 3675 4658 τὸν
3729 4610 3844 4660 ἐπι-

2283 4703 2528 4772 δεόμενον
2558 4704 2653 4770 τῆς
2685 4698 2937 4766 γνώσεως
2964 4696 3054 4749 τοῦ
3079 4696 3235 4757 Θεοῦ,
3254 4699 3347 4747 καὶ
3382 4695 3727 4764 σχολάσαντα
3746 4697 3847 4749 ἀπὸ

2283 4793 2386 4846 τῶν
2416 4793 2621 4854 παθῶν,
2639 4791 2808 4852 οὓτως
2834 4789 3122 4842 ἀναλαϐεῖν
3146 4788 3240 4858 τὴν
3263 4787 3554 4852 ἐπίγνωσιν
3571 4785 3670 4838 τοῦ
3693 4787 3847 4840 θεοῦ.

2280 4885 2402 4947 Πῶς
2443 4885 2548 4955 γὰρ
2584 4883 2797 4954 εἰσέλθῃ
2841 4882 2919 4944 εἰς
2964 4880 3138 4950 ψυχὴν
3193 4878 3706 4947 στενοχωρουμένην
3753 4880 3848 4931 sae

2279 4977 2384 5030 τῶν
2445 4973 2961 5047 προκαταλαϐόντων
3000 4971 3165 5040 αὐτὴν
3214 4969 3582 5039 διαλογισμῶν
3643 4974 3676 5040 ἡ
3730 4973 3848 5040 περὶ

2455 5225 2498 5254 ’⁸
2531 5222 2714 5274 Matth.
2751 5236 2872 5281 xm,
2925 5220 2954 5270 7
2981 5259 2994 5281 ,
3046 5217 3137 5269 (ἐξ.

2270 5429 2325 5474 et
2353 5428 2539 5472 sextus
2569 5432 2688 5472 cum
2718 5418 2847 5484 Reg.
2889 5412 3092 5484 quinto
3115 5406 3467 5484 κατα-καύσει.

2341 5489 2451 5550 (48)
2482 5488 2576 5542 llic
2617 5503 2741 5541 mss.
2769 5479 2861 5540 séx
2893 5481 3226 5550 συγκλὰσει.
3246 5479 3376 5545 Reg.
3409 5488 3537 5527 vero
3569 5482 3762 5527 sextus
3795 5486 3840 5527 et

2268 5548 2412 5613 Colb.
2445 5562 2664 5626 quintus
2685 5572 2817 5626 cum,
2840 5555 2999 5608 editis
3035 5548 3342 5602 συνθλὰσει.
3437 5612 3447 5625 1
3629 5611 3679 5626 υ
3727 5613 3762 5626 ν
3788 5612 3814 5626 Γ

2341 5611 2654 5697 (49)'Edjtio
2683 5625 2844 5678 Basil.
2879 5635 2932 5676 et
2964 5629 3192 5690 quatuor
3214 5633 3344 5697 mss.
3380 5611 3703 5697 πέιντωνὸέ.

2270 5680 2498 5751 tio‘vero
2541 5695 2715 5749 Paris.
2745 5704 2797 5747 el
2843 5704 2952 5746 tres
2981 5680 3116 5743 inss.
3162 5688 3377 5771 πάντων
3412 5680 3690 5771 οῦν.²1κῐ‹ζχ
3727 5680 3837 5771 (inll-

2271 5769 2462 5819 hertini
2495 5767 2699 5826 primus
2723 5777 2776 5816 et
2811 5775 2998 5817 sextus
3027 5777 3144 5815 cum
3176 5757 3304 5827 Reg.
3351 5757 3512 5808 tertio
3544 5757 3836 5812 ἐπιδικαςτὶμ

2270 5854 2426 5902 μενον
2463 5837 2557 5903 τῆς
2585 5834 2858 5904 γνώσεως.
