4016 6434
225 408 331 458 4‘29

1346 403 1629 456 liOMlLlA
1668 402 1732 455 IN
1776 400 2100 453 PSALMUM
2136 400 2293 452 XLV.

3361 397 3460 448 $30

220 519 360 575 Θεοῦ
386 521 560 573 ἔννοια
585 538 597 583 ;
622 516 742 572 Uias
788 518 896 589 (50)
932 521 987 573 δὲ
1028 520 1120 570 καὶ
1158 516 1377 586 Φαραὼ,
1421 515 1503 566 ὅτι
1535 514 1660 566 ἴδιόν
1685 515 1795 564 ὲστι

1904 527 2017 566 sam
2048 509 2384 577 ingredietur
2414 511 2503 562 Dei
2526 507 2802 575 cognitio?
2838 506 3000 572 Atqui
3045 515 3097 555 et
3127 504 3339 555 Pharao
3372 520 3455 552 no-

220 612 319 665 τοῦ
366 611 713 681 σχολάζοντος
756 608 1001 681 ὲκζητεῖν
1047 606 1135 657 τὸν
1186 604 1338 666 Θεὸν,
1379 602 1471 654 καὶ
1509 600 1597 653 διὰ
1642 599 1798 652 τοῦτο

219 704 470 766 ὀνειδίζει
502 702 590 752 τὸν
605 701 820 771 Ἰσραήλ
843 720 857 731 ·
878 698 1188 769 Σχολάζετε,
1209 695 1496 766 σχολασταί
1521 696 1660 755 ἐστε,
1706 692 1796 744 καὶ

222 799 409 866 λέγετε
426 814 439 826 ·
462 794 737 866 Κυρίῳτῷ
758 795 875 863 Θεῷ
891 795 923 863 ἡ
932 791 1046 861 μῶν
1072 787 1479 862 προσευξόμεθα
1497 787 1632 857 (51).
1650 784 1795 853 Αὕτη

227 889 327 958 μὲν
353 880 443 943 οὖν
476 887 508 954 ἡ
544 885 705 956 σχολὴ
728 884 905 953 ἀγαθὴ
930 881 1008 952 τῷ
1036 881 1344 951 σχολάζοντι
1374 882 1468 933 καὶ
1504 876 1795 947 ὠφέλιμος,

222 976 455 1048 ἡσυχίαν
481 976 784 1047 ἐμποιοῦσα
815 976 951 1046 πρὸς
978 974 1076 1045 τὴν
1094 976 1201 1028 τῶν
1228 974 1508 1045 σωτηρίων
1539 972 1799 1042 διδαγμά-

220 1083 333 1118 των
366 1067 661 1138 ἀνάληψινο
700 1063 913 1136 πονηρά
938 1064 993 1116 δὲ
1043 1064 1203 1135 σχολὴ
1244 1066 1275 1133 ή
1310 1062 1417 1115 τῶν
1478 1060 1793 1131 Ἀθηναίων,

219 1154 307 1222 οἷς
346 1163 448 1227 Εἰς
482 1158 659 1213 οὐδὲν
705 1157 855 1211 ἄλλο
918 1160 1237 1226 εὐκαίρουν
1273 1156 1310 1222 ἢ
1354 1156 1553 1223 λέγειν
1597 1175 1651 1209 τι
1699 1157 1795 1209 καὶ

220 1254 470 1307 ἀκούειν
512 1252 892 1319 καινότερονο
932 1253 996 1323 ἦν
1028 1253 1122 1304 καὶ
1156 1250 1250 1301 νῦν
1296 1266 1439 1311 τινες
1486 1250 1795 1319 μιμοῦνται,

220 1349 289 1415 τῇ
314 1344 403 1395 τοῦ
424 1342 535 1411 βίου
558 1343 717 1414 σχολῇ
737 1345 874 1415 πρὸς
889 1345 986 1413 τὴν
1003 1344 1088 1396 ἀεί
1113 1359 1255 1404 τινος
1271 1343 1580 1414 καινοτέρου
1596 1342 1798 1411 δόγμα·

219 1453 313 1497 τος
335 1433 546 1503 εὕρεσιν
566 1433 967 1505 ἀποχρώμενοι.
996 1432 1053 1484 ῚΙ
1077 1433 1294 1503 τοιαύτη
1321 1432 1481 1503 σχολὴ
1500 1433 1626 1501 φίλη
1653 1432 1797 1483 ἐστὶν

219 1526 552 1599 ἀκαθάρτοις
583 1527 675 1579 κα).
700 1526 955 1594 πονηροῖς
988 1524 1309 1595 πνεύμασιν.
1344 1525 1522 1579 Ὅταν
1558 1522 1795 1589 ἐξέλθῃ,

222 1620 378 1689 φησὶ,
412 1620 475 1672 τὸ
508 1618 842 1686 ἀκάθαρτον
874 1618 1107 1686 πνεῦμα
1148 1618 1264 1671 ἀπὸ
1317 1617 1423 1671 τοῦ
1461 1614 1795 1684 ἀνθρώπου,

218 1711 402 1779 λέγει,
449 1711 817 1779 Πορεύσομαι
853 1713 940 1775 εἰς
974 1710 1078 1761 τὸν
1110 1709 1293 1759 τόπον
1339 1708 1477 1761 ὅθεν
1513 1709 1794 1776 ἐξῆλθον.

218 1801 331 1853 Καὶ
357 1799 535 1853 ἐλθὸν
555 1802 817 1868 εὑρίσκει
842 1800 948 1852 τὸν
972 1794 1140 1850 οἷκον
1170 1796 1403 1849 ἐκεῖνον
1425 1797 1799 1863 σχολάζοντα

1902 604 1975 656 vit
2001 600 2276 672 proprium
2304 612 2423 653 esse
2448 597 2718 658 vacantis.
2759 596 2922 649 Deum
2970 595 3264 662 inquirere,
3289 601 3342 645 et
3369 591 3469 643 hac

1900 694 1965 747 de
1996 706 2157 748 causa
2194 690 2481 759 exprobrat
2510 688 2695 744 Israeli
2728 707 2739 740 :
2786 686 3021 742 Vacalis.
3081 684 3243 737 otiosi
3295 683 3429 737 estis
3453 721 3466 745 ,

1899 797 1952 839 et
1973 783 2154 840 dicitis
2188 803 2201 839 :
2233 783 2459 838 Domino
2488 782 2597 837 Deo
2627 791 2819 836 nostro
2854 789 2974 832 rota
3016 776 3280 847 iaciemus
3309 776 3375 828 ".
3406 774 3472 827 Et

1900 876 2119 943 quidem
2162 889 2224 929 ea
2255 874 2467 929 vacatio
2510 873 2648 927 bona
2680 871 2937 938 utilisque
2962 878 3045 922 est
3080 866 3316 928 vacanti,
3352 880 3470 933 qua:

1902 969 1967 1021 ad
1996 968 2264 1022 salutares
2295 966 2572 1022 doctrinas
2626 963 2966 1035 recipiendas
3017 962 3253 1030 quietem
3290 957 3467 1010 all'ert.

1906 1060 2064 1132 176
2087 1059 2265 1114 Otium
2284 1076 2413 1113 vero
2430 1057 2841 1112 Atheniensium
2862 1054 3062 1109 malum
3097 1061 3237 1114 erat,
3266 1050 3356 1118 qui
3390 1048 3466 1100 Ad

1902 1150 2031 1201 nihil
2062 1148 2210 1199 aliud
2257 1149 2510 1201 vacabant
2552 1148 2655 1199 nisi
2696 1147 2762 1197 ad
2794 1146 3073 1200 dicendum
3113 1156 3202 1195 aut
3249 1142 3473 1194 audien-

1900 1241 2024 1293 dum
2053 1239 2253 1308 aliquid
2276 1240 2627 1305 novi“.Quod
2652 1239 2819 1293 otium
2842 1241 3000 1291 etiam
3024 1254 3164 1292 nunc
3189 1236 3470 1290 imitantur

1900 1331 2172 1395 nonnulli,
2205 1331 2331 1385 dum
2375 1330 2676 1384 abutuntur
2707 1330 2841 1392 otio,
2904 1338 2960 1381 ut
3003 1344 3217 1397 semper
3271 1342 3466 1382 novum

1899 1429 2118 1498 aliquod
2177 1428 2369 1497 dogma
2418 1425 2922 1481 comminiscautur.
2959 1422 3091 1478 Tale
3131 1424 3299 1475 otium
3330 1424 3469 1474 anui-

1899 1536 2019 1575 cum
2049 1531 2131 1574 est
2171 1521 2461 1574 immundis
2501 1534 2562 1571 ac
2592 1518 2773 1586 pravis
2823 1517 3121 1583 spiritibus.
3173 1512 3304 1568 Cum
3328 1515 3441 1566 exie

1902 1613 1991 1675 rit,
2042 1612 2233 1679 inquit.
2271 1612 2571 1663 immundus
2615 1609 2830 1676 spiritus
2876 1609 2938 1659 ab
2995 1609 3200 1661 homine
3232 1651 3246 1673 ,
3299 1607 3463 1661 dicit.

1902 1702 2148 1755 Revertar
2180 1702 2235 1755 in
2269 1702 2440 1756 locum
2474 1700 2609 1754 unde
2639 1700 2797 1753 exivi.
2822 1699 2884 1752 Et
2913 1700 3119 1752 ueniens
3159 1700 3349 1751 invenit
3385 1701 3471 1750 do-

1902 1811 2046 1847 mum
2074 1793 2226 1846 illam
2275 1804 2546 1847 vacantem
2578 1802 2626 1846 et
2661 1794 2829 1859 scopis
2858 1790 3167 1844 mundatam
3216 1789 3284 1843 ³⁵.
3316 1790 3472 1841 Absit

218 1894 323 1947 καὶ
354 1894 791 1963 σεσαρωμένον.
848 1890 939 1962 Μὴ
978 1890 1186 1959 γένοιτο
1258 1885 1350 1943 οὖν
1395 1890 1542 1959 ἡμᾶς
1606 1890 1795 1959 σχολὴν

1906 1888 2071 1958 igitur
2097 1896 2159 1942 ut
2193 1903 2288 1939 nos
2314 1902 2407 1954 per
2431 1887 2603 1940 otium
2635 1884 2841 1937 aditum
2884 1882 3195 1935 adversario
3239 1881 3472 1947 praebea-

222 1986 442 2055 ποιῆσαι
505 1983 582 2051 τῷ
626 1981 984 2053 ἀντικειμένῳ
1038 1983 1171 2055 πρὸς
1219 1982 1314 2053 τὴν
1365 1982 1600 2045 εἴσοδον,
1663 1981 1799 2034 ἀλλὰ

218 2076 609 2145 ἀσχολήσωμεν
660 2074 813 2144 ἡμῶν
855 2074 945 2126 τὸν
1014 2075 1120 2126 ἔσω
1165 2070 1341 2139 οἷκον,
1394 2074 1800 2146 προενοικίσαν-

217 2182 312 2228 τες
341 2165 451 2232 (52)
484 2166 538 2217 ἐν
570 2168 781 2227 ἑαυτοῖς
815 2166 902 2217 διὰ
922 2166 1015 2216 τοῦ
1053 2164 1369 2233 Πνεὺματος
1412 2168 1503 2217 τὸν
1542 2167 1793 2236 Χριστόν.

215 2255 374 2310 Μετὰ
429 2255 557 2323 γοῦν
590 2256 649 2307 τὸ
699 2254 1027 2325 χαρίσασθαι
1070 2254 1168 2325 τὴν
1222 2256 1443 2325 εἰρήνην
1501 2259 1611 2318 τοῖς
1660 2258 1797 2321 τέως

216 2346 652 2417 ταρασσομένοις
701 2345 807 2399 ὑπὸ
852 2345 959 2401 τῶν
1010 2345 1321 2417 πολεμίων,
1370 2344 1491 2397 τότε
1526 2345 1671 2412 λέγει
1714 2347 1794 2409 τὸ,

217 2436 523 2505 Σχολάσατε
566 2436 674 2489 ἀπὸ
700 2435 807 2488 τῶν
841 2435 1233 2508 περισπώντων
1276 2436 1421 2507 ὑμᾶς
1450 2434 1681 2507 ἐχθρῶν,
1713 2436 1800 2489 ἵνα

219 2529 281 2577 ὲν
321 2526 517 2597 ἡσυχία
540 2528 663 2587 τοὺς
690 2527 817 2595 περ).
842 2527 939 2595 τῆς
960 2526 1217 2595 ἀληθείας
1244 2525 1562 2597 θεωρήσητε
1586 2524 1797 2594 λόγους.

217 2616 319 2668 Διὰ
352 2616 506 2668 τοῦτο
536 2616 627 2667 καὶ
656 2620 682 2668 ὁ
709 2616 930 2685 Κύριος,
968 2616 1091 2681 Πᾶς
1118 2615 1288 2681 ὅστις
1318 2619 1427 2669 οὐκ
1458 2615 1799 2670 ἀποτάσσε-

217 2724 335 2771 ται,
360 2709 510 2779 φησι,
537 2707 684 2762 πᾶσι
713 2708 834 2773 τοῖς
872 2708 1271 2776 ὑπάρχουσιν,
1303 2709 1373 2760 οὺ
1408 2706 1656 2759 δύναταί
1682 2728 1798 2776 μου

214 2797 369 2855 εἶναι
393 2801 682 2871 μαθητής.
731 2801 992 2871 Σχολάσαι
1028 2798 1119 2852 οὖν
1154 2800 1233 2851 δεῖ
1266 2800 1374 2852 ἀπὸ
1416 2800 1521 2853 τῶν
1547 2802 1799 2871 γαμικῶν

218 2893 416 2963 ἔργων,
456 2896 540 2945 ἵνα
574 2894 921 2963 σχολάσωμεν
961 2896 1026 2963 τῇ
1058 2896 1331 2964 προσευχῇ
1355 2910 1368 2923 υ
1402 2892 1657 2963 σχολάσαι
1693 2894 1800 2945 άπὸ

215 2983 329 3036 τῶν
351 3000 415 3034 πε
425 2987 478 3053 pi.
510 2986 597 3035 τὸν
620 2984 845 3036 πλοῦτον
869 2984 1135 3049 σπουδῶν,
1152 2986 1259 3037 ἀπὸ
1282 2986 1379 3056 τῆς
1409 2986 1538 3057 περὶ
1565 2986 1627 3038 τὸ
1654 2985 1800 3049 δοξά-

223 3091 337 3147 ριον
370 3074 525 3126 τοῦτο
556 3073 869 3143 ἐπιθυμίας,
899 3074 1007 3126 ἀπὸ
1039 3075 1146 3126 τῶν
1186 3076 1322 3145 πρὸς
1352 3077 1648 3131 ἀπόλαυσιν
1680 3076 1799 3149 ἡδο-

218 3165 350 3231 νῶν,
375 3166 482 3219 άπὸ
508 3164 702 3235 φθόνου
733 3166 827 3218 καὶ
857 3166 1037 3236 πάσης
1060 3166 1159 3238 τῆς
1185 3168 1264 3230 είς
1283 3166 1373 3219 τὸν
1398 3168 1620 3237 πλησίον
1645 3172 1676 3239 ή
1686 3170 1799 3239 μῶν

218 3259 502 3329 πονηρίας,
539 3258 645 3319 ἵνα,
694 3256 1037 3327 γαληνιὼσης
1066 3258 1221 3328 ἡμῶν
1258 3258 1358 3328 τῆς
1384 3258 1563 3329 ψυχῆς
1586 3262 1676 3312 κα).
1705 3260 1794 3312 ὑπ’

217 3351 432 3415 οὐδενὸς
492 3352 691 3415 πάθους
740 3349 1173 3422 ταρασσομένης,
1228 3345 1339 3403 οἷον
1399 3352 1457 3404 ὲν
1506 3353 1795 3423 κατόπτρῳ

218 3442 330 3493 τινὶ
360 3442 576 3511 καθαρὰ
619 3444 843 3511 γένηται
890 3442 1000 3510 (55)
1048 3442 1143 3495 καὶ
1184 3441 1608 3513 ἀνεπισκότητος
1640 3444 1672 3512 ἡ
1709 3443 1794 3495 ἐλ-

215 3531 425 3605 ὶαμψις
462 3533 553 3585 τοῦ
598 3532 749 3585 Θεοῦ.
809 3534 1231 3602 ’Υψωθήσομαι
1267 3536 1336 3587 ἐν
1378 3534 1501 3601 τοῖς
1533 3535 1791 3595 ἔθνεσιν,

219 3614 614 3694 ὖψωθήσομαι
658 3627 725 3678 ἐν
767 3625 840 3693 τῇ
882 3623 979 3693 γῇ.
1033 3627 1225 3694 Σαφῶς
1270 3626 1441 3680 ταῦτα
1479 3628 1625 3696 λέγει
1656 3630 1795 3700 ’περὶ

218 3716 314 3769 τοῦ
336 3718 455 3770 καθ’
486 3718 672 3770 ἑαυτὸν
699 3718 900 3781 πάθους
926 3720 953 3770 ὁ
978 3718 1200 3788 Κύριος,
1225 3720 1405 3782 καθὼς
1434 3721 1491 3772 ὲν
1516 3721 1593 3791 τῷ
1617 3722 1794 3790 Εὐαγ-

221 3807 384 3883 γελίῳ
438 3810 781 3879 γέγραπται·
838 3809 1042 3877 Κάγὼ,
1084 3809 1231 3861 ὅταν
1262 3809 1512 3877 ὑψωθῶ,
1565 3812 1793 3877 πάντας

220 3897 459 3951 ἑλκύσω
487 3902 632 3967 πρὸς
655 3901 932 3969 ἐμαυτόν.
962 3900 1071 3953 Καὶ
1116 3899 1205 3952 ὅτι
1234 3900 1345 3969 (54)
1386 3899 1586 3967 ῶσπερ
1632 3905 1794 3954 Μωῢ-

218 3987 345 4055 σῆς
360 3989 566 4057 ὕψωσε
588 3990 692 4042 τὸν
716 3990 853 4060 ὅφιν
870 3992 939 4043 ἐν
977 3990 1048 4059 τῇ
1073 3989 1290 4059 ἐρήμῳ,
1323 3992 1478 4044 οὕτω
1511 3990 1609 4044 δεῖ
1634 3994 1796 4061 ὑψω-

219 4080 398 4148 θῆναι
427 4083 532 4135 τόν
570 4084 704 4135 Υίὸν
724 4084 827 4136 τοῦ
858 4083 1169 4151 ἀνθρώπου
1201 4084 1300 4135 ἐπὶ
1332 4083 1439 4152 τῆς
1470 4083 1599 4153 γῆς.
1643 4085 1794 4137 Ἐπεὶ

219 4166 315 4224 οὖν
337 4172 473 4242 ὑπὲρ
495 4171 601 4224 τῶν
626 4172 791 4225 ἐθνῶν
823 4173 1043 4245 ἔμελλεν
1061 4173 1324 4243 ὑψοῦσθαι
1356 4176 1491 4245 πρὸς
1518 4176 1605 4229 τὸν
1634 4193 1794 4230 σταυ-

222 4263 338 4335 ρὸν,
362 4264 453 4315 καὶ
493 4264 631 4333 ὑπὲρ
658 4265 834 4333 πάσης
863 4243 963 4334 τῆς
995 4265 1099 4334 γῆς
1136 4264 1235 4334 τὴν
1270 4243 1476 4332 ὕψωσιν
1503 4267 1793 4335 καταδέχε-

223 4354 366 4420 σθαι,
392 4355 476 4407 διὰ
504 4355 661 4407 τοῦτό
684 4374 844 4425 φησιν
864 4372 878 4386 ⁸
928 4356 1347 4425 ’Υψωθήσομαι
1370 4358 1437 4409 ἐν
1474 4357 1597 4422 τοῖς
1628 4358 1792 4411 ἔθνε-

219 4461 345 4509 σιν,
377 4446 769 4515 ὑψωθήσομαι
792 4448 860 4499 ἐν
889 4446 960 4515 τῇ
983 4446 1077 4522 γῇ.
1106 4449 1320 4515 Κύριος
1348 4446 1467 4500 τῶν
1486 4447 1795 4517 δυνάμεων

1902 1994 2064 2043 mus;
2096 1978 2203 2030 imo
2258 1973 2569 2028 interiorem
2608 1983 2847 2028 nostram
2886 1973 3105 2024 domum
3152 1977 3472 2037 occupatam

1902 2081 2206 2134 teneamus,
2246 2068 2380 2122 adeo
2431 2074 2491 2120 ut
2547 2067 2695 2135 prius
2732 2066 2783 2119 in
2839 2064 2994 2119 nobis
3027 2063 3158 2130 ipsis
3193 2061 3470 2115 Christum

1898 2180 1996 2234 per
2048 2162 2311 2230 Spiritum
2354 2159 2691 2228 excipiamus
2732 2158 2988 2225 hospitio.
3027 2155 3321 2221 Postquam
3372 2152 3472 2222 igi—

1899 2266 1990 2310 tur
2020 2255 2087 2308 iis
2126 2254 2217 2323 qui
2257 2254 2521 2307 hactenus
2569 2249 2927 2303 tutbabautur
2972 2250 3038 2303 ab
3077 2248 3342 2311 hostibus,
3379 2259 3473 2314 pa-

1899 2364 2014 2400 cem
2045 2347 2270 2415 largitus
2311 2356 2417 2409 est,
2455 2354 2581 2398 tunc
2620 2342 2751 2397 dicit
2782 2360 2795 2394 :
2844 2340 3047 2396 Vacate
3083 2357 3111 2393 a
3160 2339 3471 2393 distrahen-

1903 2439 2043 2493 tibus
2072 2452 2173 2491 vos
2210 2436 2466 2498 inimicis,
2502 2447 2563 2489 ut
2585 2437 2637 2488 in
2664 2435 2845 2503 quiete
2879 2434 3042 2486 verba
3071 2432 3317 2485 veritatis
3343 2447 3473 2485 con-

1902 2532 2145 2599 temptari
2184 2529 2421 2599 possitis.
2457 2526 2794 2595 Quapmpter
2835 2525 2995 2579 etiam
3055 2522 3312 2577 Dominus
3358 2522 3466 2576 ait:

1902 2620 2088 2675 Omnis
2115 2622 2204 2689 qui
2228 2636 2331 2673 non
2363 2620 2630 2672 renuntiat
2660 2618 2897 2671 omnibus
2923 2632 3040 2686 qua:
3074 2616 3327 2683 possidet,
3366 2631 3471 2667 non

1898 2721 2065 2783 potest
2094 2728 2239 2766 meus
2264 2729 2374 2767 esse
2407 2712 2700 2779 discipulus
2737 2712 2801 2763 ".
2836 2710 3041 2763 Vacare
3070 2708 3234 2776 igitur
3259 2714 3468 2774 oportet

1904 2809 1969 2859 ab
2004 2804 2258 2871 operibus
2295 2803 2647 2873 nuptialibus,
2712 2812 2768 2855 ut
2816 2815 3071 2856 vacemus
3124 2798 3418 2868 precationi
3454 2814 3466 2848 :

1904 2910 2102 2950 vacare
2134 2912 2163 2950 a
2202 2897 2513 2952 divitiarum
2542 2895 2747 2960 studio,
2792 2895 2859 2950 ab
2893 2894 3052 2962 hujus
3095 2892 3337 2960 gloriola:
3372 2906 3469 2943 cu-

1902 2987 2147 3055 piditate,
2178 2990 2244 3041 ab
2275 3004 2375 3041 usu
2405 2987 2761 3055 voluptatum,
2811 2986 2877 3039 ab
2909 2985 3109 3037 invidia
3152 2994 3206 3036 et
3243 2982 3387 3035 omni
3419 2981 3469 3032 in

1903 3088 2149 3133 nostrum
2180 3076 2486 3146 proximum
2512 3076 2869 3145 malignitate,
2896 3083 2977 3138 ut,
3019 3073 3295 3128 obtinente
3332 3084 3473 3127 tran-

1902 3171 2221 3241 quillitatem
2248 3170 2428 3224 anima
2458 3179 2664 3233 nostra,
2709 3177 2763 3222 et
2787 3166 2934 3221 nullo
2969 3164 3160 3221 eﬂ‘ectu
3194 3180 3311 3218 eam
3339 3180 3471 3218 con-

1904 3262 2181 3325 turbante,
2217 3259 2509 3315 illustratio
2544 3258 2638 3313 Dei
2676 3268 2932 3327 tanquam
2966 3259 3018 3312 in
3044 3258 3225 3328 aliquo
3254 3257 3472 3325 speculo

1901 3370 2033 3426 pura
2059 3367 2395 3425 exspersque
2422 3352 2767 3407 tenebrarum
2796 3348 3077 3405 efﬁciatur.
3110 3350 3401 3405 Exaltabor
3418 3351 3472 3402 in

1902 3448 2163 3515 gentibus,
2203 3446 2479 3501 exaltabor
2506 3444 2557 3498 in
2589 3456 2751 3499 terra.
2779 3443 2965 3498 Palam
3000 3445 3115 3497 haec
3139 3445 3204 3497 de
3232 3459 3326 3497 sua
3347 3459 3471 3513 pas-

1901 3539 2054 3592 sione
2082 3538 2213 3592 dicit
2266 3538 2545 3600 Dominus,
2593 3536 3045 3605 quemadmodum
3085 3535 3137 3589 in
3182 3534 3473 3604 Evangelia

1901 3629 2161 3698 scriptum
2208 3637 2332 3683 est:
2370 3626 2436 3679 Et
2485 3644 2577 3699 ego
2608 3644 2725 3681 cum
2770 3627 3032 3681 exaltatus
3070 3626 3242 3693 fuero,
3295 3643 3473 3680 omnes

1900 3719 2107 3771 traham
2130 3719 2199 3771 ad
2220 3733 2299 3771 me
2320 3719 2489 3786 ipsum
2518 3719 2585 3770 ".
2617 3716 2682 3769 Et
2700 3720 2835 3771 sicut
2862 3717 3067 3787 Moyses
3084 3718 3331 3771 exultavit
3359 3734 3473 3770 ser-

1897 3820 2098 3881 pentem
2128 3810 2181 3863 in
2226 3810 2470 3870 deserto‘,
2520 3809 2595 3861 ita
2642 3809 2868 3862 exaltari
2906 3818 3105 3876 oportet
3146 3806 3349 3859 Filium
3382 3808 3474 3859 ho-

1900 3904 2057 3957 minis
2079 3904 2131 3955 in
2172 3911 2313 3956 terra
2338 3903 2402 3954 ¹⁸.
2442 3902 2706 3967 Quoniam
2755 3902 2916 3971 igitur
2943 3916 3040 3969 pro
3073 3901 3325 3971 gentibus
3353 3910 3474 3955 erat

1903 3997 1954 4048 in
1986 4008 2202 4048 crucem
2233 3994 2574 4059 exaltandus,
2600 4002 2653 4048 et
2684 4008 2779 4062 pro
2824 3993 3077 4047 universa
3111 4005 3255 4046 terra
3285 4007 3472 4046 susce-

1901 4097 2091 4156 pturus
2144 4084 2287 4140 illam
2340 4083 2750 4150 exultationem,
2790 4094 3073 4153 propterea
3108 4084 3276 4139 dicit:
3308 4084 3475 4138 Exol-

1901 4179 2052 4231 tabor
2078 4179 2132 4230 in
2165 4178 2423 4247 gentibus,
2445 4177 2721 4230 exaltabor
2759 4179 2813 4229 in
2843 4186 3007 4229 terra.
3047 4174 3206 4231 Vens.
3242 4176 3328 4230 t2.
3362 4176 3473 4229 Do-

1899 4269 2074 4322 minus
2104 4268 2357 4321 uirtutum
2384 4268 2671 4327 nobiscum,
2708 4277 2979 4335 susceptor
3008 4276 3187 4320 noster
3219 4267 3358 4319 Deus
3381 4265 3475 4320 Ja-

1899 4360 2012 4414 cob.
2050 4360 2340 4415 Exsultans
2364 4360 2432 4414 ob
2462 4358 2555 4414 Dei
2592 4358 2875 4424 auxilium,
2897 4360 2978 4413 bis
3008 4376 3194 4414 vocem
3227 4362 3473 4415 eamdem

1901 4454 2128 4524 protulit
2160 4475 2171 4507 :
2206 4453 2461 4506 Dominus
2488 4454 2739 4506 virtutum
2783 4454 3075 4517 nobiscum,
3111 4454 3265 4523 quasi
3307 4454 3473 4507 insul-

213 4538 345 4607 μεθ’
387 4538 573 4607 ἡμῶν,
625 4539 1002 4606 ἀντιλήπτωρ
1057 4539 1226 4607 ἡμῶν
1274 4543 1306 4592 ὀ
1373 4538 1517 4605 Θεὸς
1579 4540 1791 4595 Ἰακώϐ.

1904 4555 2045 4599 taret
2071 4560 2134 4599 ac
2166 4545 2412 4599 insileret
2444 4546 2608 4609 hosti,
2635 4547 2702 4598 ob
2728 4546 3027 4614 perfectam
3074 4562 3239 4614 quam
3272 4548 3324 4601 in
3352 4547 3474 4601 ani-

236 4631 698 4702 Ἐπαγαλλόμενος
722 4635 789 4703 τῇ
819 4632 910 4684 τοῦ
941 4631 1075 4683 Θεοῦ
1109 4630 1331 4702 βοηθείᾳ
1349 4672 1363 4694 ,
1401 4632 1481 4695 δὶς
1503 4632 1601 4702 τὴν
1628 4633 1795 4703 αὐτὴν

1903 4653 2110 4691 marum
2152 4647 2458 4690 nostrarum
2510 4635 2849 4691 Salvatorem
2886 4639 3119 4692 habebat
3178 4640 3424 4694 liduciam
3457 4681 3470 4700 ,

223 4724 407 4793 φωνὴν
435 4722 684 4794 ὲξεϐόησε
709 4743 721 4754 ·
752 4726 961 4793 Κύριος
983 4725 1099 4777 τῶν
1118 4724 1429 4793 δυνάμεων
1442 4726 1571 4793 μεθ’
1593 4726 1760 4793 ἡμῶν
1778 4744 1793 4758 .

218 4815 384 4891 οἱονεὶ
428 4816 770 4885 ἐπεμϐαίνων
816 4816 909 4869 καὶ
950 4816 1299 4886 ὲναλλόμενος
1343 4816 1421 4887 τῷ
1472 4816 1683 4889 ἐχθρῷ,
1708 4817 1793 4870 διὰ

218 4908 319 4976 τὴν
345 4906 552 4959 τελείαν
577 4907 668 4959 ἐπὶ
699 4908 788 4959 τὸν
813 4908 1038 4978 Σωτῆρα
1070 4907 1176 4960 τῶν
1210 4907 1397 4978 ψυχῶν
1423 4911 1455 4979 ἡ
1466 4907 1579 4979 μῶν
1606 4908 1794 4962 πεποί-

222 4998 399 5067 θησιν,
439 4999 513 5062 ὡς
541 4998 690 5051 οὐδὲν
719 5000 1042 5069 πεισόμενος
1070 5001 1200 5070 παρ’
1230 5000 1393 5053 αὑτοῦ
1422 5000 1551 5070 (55).
1588 5002 1658 5053 El
1686 5001 1794 5068 γὰρ

220 5093 255 5142 ὀ
287 5090 422 5156 Θεὸς
450 5093 600 5159 ὑπὲρ
627 5092 816 5161 ἡμῶν,
843 5094 934 5160 τίς
964 5095 1090 5147 καθ’
1132 5092 1337 5162 riga-nc;
1393 5094 1449 5148 Ὀ
1477 5094 1554 5165 τῷ
1600 5093 1792 5147 Ἰακὼό

294 5273 338 5303 ³³
380 5271 546 5326 Exod.
585 5288 634 5332 v,
669 5274 755 5325 17.
871 5275 915 5304 ³⁸
955 5275 1075 5327 Act.
1128 5289 1260 5333 xvn.
1314 5272 1403 5325 21.

1523 5273 1567 5302 ’⁵
1603 5270 1791 5325 Matth.
1840 5290 1948 5334 xtl,
2001 5273 2089 5331 45.
2144 5274 2233 5327 44.

1901 4729 2064 4797 quod,
2090 4741 2155 4780 eo
2178 4726 2421 4793 juvante,
2452 4726 2582 4779 nihil
2608 4742 2869 4794 passurus
2884 4737 3049 4781 esset.
3087 4728 3147 4782 Si
3177 4730 3313 4781 enim
3335 4728 3474 4781 Deus

1899 4834 1995 4885 pro
2034 4818 2202 4883 nobis,
2258 4819 2373 4885 quis
2409 4826 2593 4869 eontra
2630 4833 2725 4868 nos
2766 4816 2855 4868 ‘9?
2888 4816 2989 4882 Qui
3019 4815 3184 4870 Jacob
3208 4817 3356 4870 dedit
3396 4817 3475 4867 vi-

1902 4909 2149 4971 ctoriam,
2181 4922 2245 4962 ac
2267 4917 2388 4977 post
2415 4909 2613 4961 luctam
2656 4910 2830 4977 ipsum
2861 4907 3023 4962 Israel
3064 4909 3365 4976 designavit
3404 4909 3473 4970 ³ο,

1900 5002 1988 5055 hic
2019 5013 2104 5056 est
2136 5011 2416 5067 susceptor
2440 5010 2659 5067 uoster;
2686 5004 2801 5070 ipse
2826 5016 2925 5069 pro
2946 5003 3101 5056 nobis
3123 5014 3343 5071 pugnat.
3370 5001 3475 5054 Nos

1902 5104 2079 5149 autem
2136 5094 2498 5162 quiescamus,
2534 5094 2677 5163 quod
2712 5093 2835 5162 Ipse
2877 5103 2953 5147 est
3006 5112 3110 5162 pax
3146 5108 3348 5153 nostra,
3384 5096 3473 5162 qui

2339 5273 2383 5301 “
2416 5272 2540 5325 Luc.
2586 5288 2696 5336 xlv,
2730 5273 2816 5324 55.
2925 5271 2967 5299 ’⁷
3020 5275 3174 5321 Joan.
3234 5283 3346 5329 xu,
3379 5268 3466 5320 5'2.

225 5344 270 5375 ’⁸
303 5344 454 5397 Joau.
485 5358 565 5407 ιιι,
598 5343 684 5398 M.
763 5343 807 5373 ²⁹
850 5342 1003 5398 Rom.
1038 5359 1155 5410 vin,
1193 5343 1282 5398 51.
1358 5342 1403 5373 ⁸ο
1442 5340 1577 5397 Gen.
1613 5357 1784 5407 sxxii,
1840 5344 1931 5396 ‘28.

295 5517 408 5585 (50)
447 5516 523 5571 Ita
552 5531 685 5571 mss.
715 5518 973 5586 quinque.
1010 5518 1168 5572 Deest
1205 5518 1261 5571 δέ
1290 5518 1343 5571 in
1375 5526 1556 5573 euntis.

294 5586 404 5656 (51)
439 5586 633 5659 Nostra
669 5589 831 5642 editio
871 5589 1043 5659 Patjs.
1070 5587 1515 5659 προσευξώμεθα.
1552 5591 1621 5641 At
1660 5603 1792 5659 mss.

221 5644 874 5728 προσευξόμεθαε-Αρυᾰ
906 5644 1045 5728 LXX
1081 5644 1151 5711 illa
1192 5644 1385 5728 legitur
1424 5677 1437 5710 :
1498 5658 1595 5711 Διὰ
1640 5658 1796 5711 τοῦτο

220 5726 410 5809 λέγετε
430 5726 864 5809 ἠῐξορευθῶμεὴ
892 5726 1145 5809 θύσωμθεν
1177 5726 1263 5799 τῷ
1283 5729 1399 5809 Θεῷ
1438 5729 1616 5799 ἡμῶν.
1665 5728 1791 5783 Pro-

226 5808 399 5866 pterea
428 5798 600 5852 dicitis
624 5812 642 5849 :
672 5799 887 5853 Eamus.
916 5800 1275 5866 sacriﬁcemus
1317 5798 1421 5854 Deo
1454 5798 1648 5856 nostra.

301 5868 411 5931 (Βῆ)
436 5866 565 5933 Rzg.
609 5870 796 5926 tertius
822 5870 1201 5932 ἐνοικίσαντες.

2000 5515 2088 5581 55)
2123 5513 2213 5568 Sic
2237 5522 2441 5582 septem
2477 5528 2608 5567 mss.
2634 5528 2757 5567 cum
2807 5512 3045 5567 editione
3072 5510 3235 5563 Basil.
3267 5509 3329 5560 At
3356 5507 3471 5560 edi-

1896 5584 2171 5655 tioﬂPari‘s.
2208 5585 2520 5655 ἐγγένηται.
2553 5584 2705 5655 Colb.
2739 5594 2923 5655 sextus
2954 5582 3258 5655 ὲγγένεται,

1964 5654 2076 5722 (54)
2110 5652 2183 5709 ita
2202 5652 2405 5722 septeni
2424 5670 2553 5707 mss.
2574 5654 2730 5709 Deest
2750 5653 2829 5706 ὅτι
2848 5654 2899 5705 in
2928 5652 3107 5707 editis.
3128 5653 3322 5705 Statim
3341 5666 3468 5703 mss.

1898 5740 2089 5778 norem
2121 5724 2226 5776 τῶν
2262 5722 2583 5794 ἀνθρώπων,
2616 5739 2708 5790 pro
2736 5722 3050 5777 hominibus.

1965 5794 2080 5861 (55)
2124 5795 2219 5859 Ὧς
2252 5789 2433 5847 οὐδὲν
2465 5794 2819 5861 πεισόμενος
2858 5794 2994 5861 παρ’
3038 5790 3243 5848 αὑτοῦ.
3293 5789 3473 5854 Verte,

1898 5876 1953 5919 ιιι
1980 5864 2111 5919 nihil
2141 5867 2201 5919 ab
2233 5866 2670 5934 Itostepassurus.
2706 5861 2915 5918 MABAN.
