4016 6430
568 384 665 441 ᾹΒΙ

1903 381 1959 436 S.
2003 383 2087 435 BA
2097 380 2243 437 SlLll
2284 382 2495 439 MAGNI

3716 384 3820 438 ιόἰ

572 497 693 567 fecit
733 507 949 562 utraque
979 511 1162 561 unum,
1195 506 1250 548 ut
1274 510 1405 550 auos
1434 499 1623 551 condat
1664 500 1718 551 in
1750 514 1911 551 unum
1944 515 2127 552 novum

2247 496 2325 569 τὴν
2359 498 2513 568 νίκην
2536 498 2915 569 χαρισάμενος,
2952 499 3044 550 καὶ
3079 497 3215 568 μετὰ
3241 498 3338 568 τὴν
3373 498 3557 568 πάλην
3595 496 3820 550 ἀποδεί-

570 586 826 642 hominem
856 585 921 639 ³⁸.

2231 590 2328 657 ξας
2352 590 2461 661 (56)
2485 590 2644 643 αὑτὸν
2660 590 2894 661 Ἰσραὴλ,
2916 582 3067 653 οὗτός
3084 592 3227 644 ἐστιν
3248 589 3606 661 ἁντιλήπτωρ
3626 589 3819 660 ἡμῶν·

569 672 731 739 αὐτὸς
770 674 998 744 πολεμεῖ
1039 674 1177 746 ὑπὲρ
1218 676 1393 746 ήμῶν.
1442 677 1632 747 Ἡμεῖς
1667 679 1724 731 δὲ
1759 679 2137 749 ήσυχάσωμεν,
2169 680 2248 734 ὅτι
2307 684 2498 748 Αὐτός
2535 682 2704 734 ἐστιν
2748 683 2786 749 ἢ
2831 681 3038 750 εἰρήνη
3100 682 3285 750 ἡμῶν,
3331 684 3365 735 ό
3430 680 3707 747 ποιήσας
3752 684 3821 734 τὰ

567 767 870 835 ἀμμότερα
934 764 1023 834 ἐν,
1077 768 1177 820 ἵνα
1212 766 1352 833 τοὺς
1385 768 1495 822 δύο
1528 770 1706 839 κτίσῃ
1745 774 1831 836 εις
1863 770 1972 823 ἕνα
2009 771 2216 825 καινὸν
2246 772 2572 842 ἄνθρωπον.

990 999 1053 1053 ΙΝ
1102 999 1429 1056 PSALMUM
1478 1000 1700 1055 XLVIII.

888 1091 952 1145 In
987 1093 1166 1161 ﬂuent,
1206 1093 1334 1161 ﬁliis
1383 1092 1514 1147 Core
1554 1095 1807 1161 psalmus.

646 1186 691 1236 Ι.
722 1183 970 1238 Nonnulli
1004 1186 1162 1240 exiis
1188 1185 1351 1241 etiam
1387 1187 1479 1256 qui
1512 1189 1725 1241 externi
1759 1196 1904 1254 sunt,
1934 1187 2000 1241 de
2034 1186 2132 1242 hu-

574 1292 733 1331 mmo
766 1278 870 1331 line
896 1276 996 1331 sibi
1029 1275 1229 1347 aliquid
1252 1277 1431 1331 animo
1458 1277 1751 1340 illuxerunt.
1778 1294 1842 1333 ac
1879 1279 1932 1332 in
1958 1279 2135 1335 varias

574 1370 639 1422 de
668 1370 773 1423 line
799 1369 1095 1424 sententias
1127 1368 1329 1423 abiere.
1361 1369 1465 1423 Alii
1498 1371 1638 1423 enim
1666 1369 1823 1425 linem
1850 1370 2130 1426 scientiam

573 1474 691 1511 esse
719 1464 1048 1522 statuerunt,
1081 1457 1169 1511 alii
1197 1458 1493 1527 practicam
1532 1461 1689 1531 177
1740 1463 2129 1531 Operationem.

575 1545 664 1597 alii
698 1546 967 1600 diversum
1002 1546 1125 1600 vita:
1150 1546 1229 1601 vel
1260 1549 1502 1617 corporis
1545 1566 1697 1603 usum
1729 1568 1745 1604 :
1787 1551 1875 1605 alii
1907 1550 2127 1606 beliuini

575 1650 696 1688 cum
719 1644 923 1699 essent,
950 1635 1277 1704 voluptatem
1305 1638 1463 1692 linem
1496 1654 1618 1694 esse
1647 1638 2002 1697 aﬂirmarunt.
2030 1640 2131 1697 Νυ-

575 1726 660 1780 his
692 1726 815 1781 linis
836 1726 990 1797 cujus
1018 1728 1188 1797 gratia
1229 1730 1409 1781 omnia
1443 1730 1773 1799 peregimus,
1805 1740 1857 1785 et
1883 1732 1947 1784 ad
1974 1747 2129 1801 quem

2626 1005 2730 1057 ΕΙΣ
2759 1005 2893 1057 ΤΟΝ
2918 1005 3036 1057 MH'
3063 1004 3377 1057 ΨΑΛΜΟΝ.

2333 1098 2437 1160 Εἰς
2458 1096 2521 1148 τὸ
2556 1096 2750 1163 τέλος,
2782 1096 2904 1162 τοῖς
2931 1097 3080 1163 υἱοῖς
3111 1096 3260 1165 Κορὲ
3284 1097 3529 1166 ψαλμός
3563 1098 3709 1167 (57).

2308 1186 2357 1239 1.
2404 1188 2840 1260 Ἑφαντάσθησαν
2894 1190 2991 1259 μέν
3042 1207 3182 1251 τινες
3227 1190 3320 1242 καὶ
3370 1189 3479 1242 τῶν
3535 1188 3651 1253 ἔξω
3687 1191 3820 1261 περὶ

2237 1277 2331 1331 τοῦ
2356 1278 2469 1349 (58)
2496 1278 2831 1350 ἀνθρωπείου
2860 1280 3064 1344 τέλους,
3094 1280 3187 1333 καὶ
3207 1280 3477 1352 διαφόρως
3499 1280 3820 1349 ἠνέχθησαν

2232 1373 2309 1433 είς
2328 1370 2425 1441 τὴν
2449 1370 2576 1441 περὶ
2600 1369 2696 1422 τοῦ
2732 1370 2917 1434 τέλους
2962 1371 3187 1425 ἔννοιαν.
3223 1373 3283 1424 Oi
3320 1372 3419 1442 μὲν
3459 1372 3574 1442 γὰρ
3605 1373 3825 1442 ἀπεφή-

2234 1476 2392 1513 ναντο
2433 1458 2583 1522 τέλος
2619 1454 2875 1529 εἶναιτὴν
2900 1459 3227 1530 ἐπιστήμην,
3275 1462 3323 1513 οἱ
3361 1460 3416 1512 δὲ
3446 1461 3549 1530 τὴν
3579 1477 3823 1529 πρακτι-

2237 1550 2337 1620 κὴν
2374 1548 2684 1620 ἐνέργειαν·
2721 1546 2868 1602 ἄλλοι
2907 1547 2968 1600 τὸ
2999 1547 3266 1617 διαφόρως
3310 1548 3549 1620 χρῆσθαι
3590 1548 3676 1619 τῷ
3722 1548 3822 1619 βίῳ

2236 1644 2328 1697 καὶ
2353 1641 2428 1713 τῷ
2460 1641 2697 1713 σώματι·
2725 1642 2774 1694 oi
2804 1640 2859 1693 δὲ
2890 1639 3325 1711 βοσκηματώδεις
3362 1640 3559 1712 ἡδονὴν
3604 1642 3823 1711 ἀπεφή-

2235 1751 2391 1787 ναντο
2411 1729 2549 1786 εἶναι
2581 1732 2641 1785 τὸ
2668 1732 2838 1794 τέλος.
2857 1731 3014 1799 Ἡμῖν
3044 1730 3100 1782 δὲ
3133 1729 3301 1792 τέλος,
3330 1725 3389 1782 οῦ
3412 1731 3604 1783 ἕνεκεν
3640 1732 3823 1782 πάντα

577 1817 923 1883 festinamus,
955 1817 1174 1872 beatum
1208 1818 1336 1873 illud
1360 1830 1441 1874 est
1472 1820 1591 1873 vita:
1636 1820 1933 1875 institutum
1966 1822 2015 1875 in
2049 1823 2128 1875 fu-

2247 1828 2560 1898 τράττομεν,
2592 1825 2682 1878 κα).
2707 1825 2840 1895 πρὸς
2878 1824 2906 1875 ὃ
2936 1822 3267 1893 ἐπειγόμεθα
3287 1863 3300 1887 ,
3331 1825 3364 1893 ἡ
3402 1824 3661 1893 μακαρία
3705 1824 3822 1876 δια-

580 1917 703 1960 turo
731 1907 950 1963 saeculo.
985 1906 1098 1963 Hoc
1128 1920 1303 1963 autem
1332 1910 1630 1979 completur
1664 1920 1796 1975 tum,
1820 1928 1941 1966 cum
1972 1930 1999 1966 a
2028 1912 2133 1966 Deo

578 2000 834 2071 regimur.
874 2001 1008 2055 Nam
1039 2000 1139 2057 hoc
1173 2002 1277 2056 line
1307 2018 1373 2056 ne
1406 2004 1699 2070 excogitari
1736 2006 1947 2072 quidem
1977 2005 2133 2072 quid-

579 2107 743 2159 tinam
776 2093 1117 2160 praestantius
1159 2093 1331 2163 possit
1362 2109 1391 2145 a
1438 2093 1685 2145 rationali
1722 2103 1933 2151 natura.
1962 2095 2137 2162 Atque

576 2198 681 2239 nos
740 2186 807 2237 ad
864 2183 1001 2238 hanc
1047 2184 1169 2238 vita:
1226 2184 1491 2237 rationem
1556 2184 1757 2237 excitat
1800 2182 2132 2251 Apostolus:

584 2271 783 2327 Deinde
809 2275 956 2343 ﬁnis,
990 2290 1107 2327 cum
1136 2273 1409 2327 tradiderit
1444 2291 1658 2343 regnum
1686 2274 1792 2328 Deo
1824 2287 1869 2329 et
1899 2272 2048 2328 Patri
2068 2277 2131 2329 ³³.

579 2364 732 2431 Quod
760 2366 896 2421 idem
929 2366 1092 2419 etiam
1125 2369 1373 2437 proponit
1407 2366 1459 2419 in
1490 2367 1767 2433 prophetia
1812 2369 2131 2436 Sophouias,

579 2472 647 2509 ex
690 2457 779 2509 Dei
837 2473 1062 2527 persona
1102 2457 1287 2511 dicens
1333 2474 1347 2509 :
1393 2456 1530 2521 Quia
1558 2456 1821 2525 judicium
1872 2473 2039 2509 meum
2084 2458 2136 2510 in

582 2549 1009 2615 congregationes
1039 2549 1310 2617 gentium:
1344 2557 1400 2599 ιιι
1427 2548 1710 2615 suscipiam
1744 2563 1906 2615 reges,
1952 2558 2008 2600 ut
2063 2548 2140 2616 ef-

580 2636 802 2706 fundam
838 2655 990 2702 super
1015 2655 1100 2692 eos
1120 2640 1532 2708 indignationem
1564 2657 1748 2694 meam.
1775 2640 1842 2695 In
1869 2642 1985 2709 igne
2003 2641 2139 2694 enim

581 2730 681 2782 seti
711 2730 808 2782 mei
840 2742 1224 2785 consummetur
1264 2732 1431 2785 omnis
1471 2742 1607 2785 terra
1638 2745 1656 2784 :
1689 2734 1815 2801 quia
1848 2745 1970 2787 tunc
2005 2748 2138 2785 con-

581 2835 776 2875 sertam
806 2839 961 2890 super
1017 2823 1235 2892 populos
1266 2824 1456 2876 multos
1488 2824 1721 2894 linguam
1758 2826 1815 2878 in
1844 2825 2138 2894 generatio-

544 2940 549 2945 -
584 2927 699 2963 nem
723 2912 857 2980 ejus.
891 2926 947 2966 ut
987 2917 1222 2969 invocent
1252 2933 1425 2970 omnes
1456 2934 1640 2971 nomen
1673 2916 1907 2982 Domini,
1945 2927 1999 2970 ut
2031 2934 2139 2971 ser-

584 3003 727 3055 viant
756 3005 803 3055 ei
832 3002 925 3056 sub
947 3005 1078 3074 jugo
1101 3022 1203 3059 uno
1224 3006 1289 3059 ³³.
1310 3008 1388 3059 Ad
1412 3008 1550 3061 hunc
1579 3007 1740 3076 igitur
1759 3008 1916 3061 linem
1940 3008 2141 3062 utilita-

588 3104 692 3148 tem
729 3095 1055 3164 psalmorum
1087 3106 1217 3167 puto
1251 3097 1464 3160 referri.
1511 3112 1718 3162 eorum,
1746 3099 1835 3166 qui
1871 3099 2009 3153 hanc
2040 3100 2135 3155 ha-

2239 1917 2391 1983 γωγὴ
2435 1916 2490 1967 ὲν
2519 1912 2597 1983 τῷ
2635 1912 2876 1984 μέλλοντι
2921 1911 3093 1964 αἰῶνι.
3117 1910 3261 1979 Αῦτη
3301 1911 3356 1963 δὲ
3395 1912 3823 1982 συμπληροῦται

2240 2008 2296 2059 ὲν
2326 2006 2401 2076 τῷ
2428 2005 2800 2075 βασιλεύεσθαι
2831 2004 2934 2056 ὑπὸ
2972 2001 3065 2055 τοῦ
3101 2001 3257 2056 Θεοῦ.
3302 2001 3504 2053 Τούτου
3550 2003 3668 2071 γὰρ
3701 2000 3823 2052 οὐδὲ

2244 2098 2433 2169 μέχρις
2457 2097 2691 2159 ἐπινοίας
2729 2095 2930 2166 βέλτιόν
2956 2113 3007 2148 τι
3036 2095 3144 2165 (59)
3181 2092 3487 2165 ὲξευρεθείη
3521 2096 3586 2162 τῇ
3626 2092 3824 2162 λογικῇ

2242 2188 2429 2256 φύσει·
2459 2187 2551 2241 καὶ
2605 2186 2739 2258 πρὸς
2782 2185 2983 2257 ταύτην
3027 2188 3165 2238 κινεῖ
3206 2186 3350 2255 ἡμᾶς
3376 2186 3403 2238 ὁ
3466 2183 3825 2247 Ἀπὸστολος,

2239 2280 2413 2349 λέγων
2434 2298 2445 2311 ’
2479 2276 2624 2334 Εἶτα
2646 2278 2713 2333 τὸ
2746 2278 2939 2345 τέλος,
2965 2279 3110 2331 ὅταν
3134 2276 3373 2344 παραδῷ
3405 2274 3517 2345 (60)
3549 2274 3675 2342 τὴν
3710 2276 3825 2339 ,ϐα-

2241 2374 2476 2429 σιλείαν
2507 2363 2587 2436 τῷ
2629 2370 2749 2435 Θεῷ
2782 2370 2882 2423 καὶ
2910 2369 3110 2436 Πατρί.
3142 2369 3314 2437 Ὅπερ
3356 2366 3450 2418 καὶ
3483 2368 3512 2417 ὁ
3556 2367 3827 2432 Σοφονῐςις

2242 2466 2299 2516 ὲν
2324 2467 2387 2534 τῇ
2420 2462 2725 2533 προιρητείᾳ
2756 2460 3071 2530 παρίστησι,
3098 2457 3267 2526 λέγων
3302 2460 3364 2509 ὲκ
3394 2454 3700 2526 προσώπου
3730 2454 3823 2507 τοῦ

2242 2553 2394 2606 Θεοῦ·
2421 2554 2541 2605 ’Ότι
2578 2551 2643 2604 τὸ
2683 2549 2860 2620 κρῖμά
2903 2567 3021 2619 μου
3068 2551 3155 2615 εὶς
3206 2547 3562 2615 συναγωγὰς
3602 2542 3822 2606 ἐθνῶν,

2243 2644 2347 2698 τοῦ
2373 2644 2755 2706 εἰσδέξασθαι
2781 2642 3083 2707 βασιλεῖς,
3100 2640 3205 2695 τοῦ
3238 2638 3438 2708 ἐκχέαι
3466 2639 3563 2690 ἐπ’
3590 2637 3822 2701 αὐτοὺς

2245 2735 2356 2805 τὴν
2406 2734 2587 2804 ὀργήν
2628 2752 2768 2803 μου.
2820 2736 2921 2787 Ἐν
2972 2735 3079 2802 γὰρ
3124 2733 3263 2799 arva
3303 2731 3483 2795 ζήλου
3510 2746 3635 2796 μου
3686 2747 3826 2781 κατ-

2243 2827 2695 2893 αναλωθήσεται
2725 2824 2889 2879 πᾶσα
2918 2827 2954 2891 ἠ
2991 2822 3066 2891 γῆ
3089 2840 3102 2854 ο
3144 2823 3230 2875 ὅτι
3263 2823 3394 2874 τότε
3420 2820 3825 2888 μεταστρέεὶιω

2243 2921 2339 2974 ἐπὶ
2368 2918 2554 2984 λαοὺς
2582 2916 2851 2982 πολλοὺς
2901 2913 3189 2983 γλῶσσαν
3217 2913 3303 2977 είς
3345 2912 3561 2979 γενεὰν
3604 2909 3822 2977 αὐτῆς,

2245 3010 2349 3064 τοῦ
2376 3008 2783 3063 ἐπικαλετσθαι
2835 3005 3061 3071 πάντας
3111 3003 3177 3057 τὸ
3209 3002 3393 3071 ὄνομα
3425 3003 3681 3069 Κυρίου,
3715 3001 3822 3053 τοῦ

2245 3096 2553 3151 δουλεύειν
2575 3094 2733 3160 αὐτῷ
2766 3094 2877 3148 ὑπὸ
2914 3092 3087 3163 ζυγὸν
3104 3092 3228 3147 ἕνα.
3260 3093 3353 3152 Εἰς
3387 3090 3548 3144 τοῦτο
3600 3088 3699 3145 οῦν
3741 3086 3820 3143 οἷ-

593 3185 722 3240 bent
751 3188 1177 3259 inscriptionem.
1211 3190 1349 3257 Quin
1382 3190 1543 3245 etiam
1588 3190 1623 3245 ii
1657 3190 1747 3259 qui
1791 3191 2137 3260 inscripsere,

2247 3206 2340 3258 μαι
2362 3188 2422 3240 τὸ
2448 3188 2597 3250 τέλος
2623 3186 2981 3257 ἁναςρέρεσθαι
3007 3185 3103 3248 τὰς
3131 3185 3237 3238 ἀπὸ
3258 3182 3364 3236 τῶν
3387 3183 3641 3252 Ψαλμῶν
3678 3183 3822 3252 ὠφε-

587 3275 669 3326 Αιι
703 3275 994 3342 victoriam,
1029 3287 1121 3331 aut
1144 3277 1467 3345 Epinicium,
1498 3289 1593 3333 aut
1620 3278 1847 3343 Victori,
1875 3280 1998 3334 huic
2020 3295 2134 3334 sen-

590 3366 770 3419 tentia:
802 3366 1180 3434 astipulantur.
1223 3368 1432 3422 Etenim
1462 3370 1715 3439 quoniam
1762 3370 2023 3437 Absorpta
2072 3380 2144 3424 est

588 3468 729 3508 suors
766 3456 821 3508 in
851 3456 1070 3510 victoria
1107 3457 1175 3523 “,
1207 3468 1260 3512 et
1285 3470 1601 3529 consumpta
1636 3468 1718 3514 est
1762 3461 1830 3517 ab
1852 3476 1915 3517 eo
1945 3462 2036 3532 qui
2059 3460 2144 3517 di-

589 3549 664 3603 xit
696 3563 712 3602 :
751 3548 863 3620 Ego
897 3553 996 3605 eici
1032 3554 1282 3607 mundum
1310 3553 1393 3619 ";
1434 3564 1488 3608 et
1521 3554 1771 3623 quoniam
1800 3556 1979 3609 omnia
2006 3556 2144 3609 victa

589 3653 719 3695 sum
739 3659 766 3693 ιι
793 3643 1031 3708 Christo,
1061 3654 1112 3699 el
1147 3644 1211 3698 In
1235 3647 1447 3700 nomine
1471 3648 1588 3714 ejus
1625 3664 1757 3714 genu
1788 3664 1938 3700 omne
1975 3648 2149 3714 ﬂecte—

593 3743 680 3784 tur
715 3732 1016 3799 caelestium,
1054 3747 1099 3788 et
1135 3740 1458 3792 terrestrium
1483 3750 1530 3793 et
1565 3739 1894 3809 infernarum
1925 3739 2003 3805 ";
2027 3739 2148 3809 jure

594 3837 658 3875 ac
684 3823 873 3877 merito
903 3824 1137 3893 Spiritus
1157 3836 1374 3881 sanctus
1406 3843 1466 3883 ea
1506 3845 1624 3897 qua:
1656 3829 1810 3883 nobis
1839 3844 2148 3900 proponun-

594 3923 703 3977 tur,
734 3915 787 3968 in
836 3916 952 3969 odis
1001 3915 1410 3984 triumphalibus
1463 3922 1728 3987 prrcciuit.
1760 3920 1922 3977 Vsus.
1957 3922 2013 3977 2.
2042 3923 2143 3975 Au-

593 4008 703 4060 dite
748 4007 880 4069 lucc,
914 4023 1086 4060 omnes
1118 4014 1326 4074 gentes,
1375 4008 1587 4060 auribus
1646 4010 1921 4076 percipite,
1976 4027 2150 4065 omnes

593 4098 682 4166 qui
725 4098 968 4151 habitatis
1011 4098 1185 4151 orbem
1228 4097 1417 4169 (VERs.
1459 4097 1535 4167 ὅ),
1564 4099 1754 4166 quique
1794 4102 2062 4165 terrigena:
2102 4113 2148 4155 et

593 4188 693 4255 μιῇ
732 4190 1022 4255 hominum,
1062 4190 1218 4243 simul
1262 4190 1317 4244 in
1355 4207 1512 4244 unum
1547 4191 1687 4244 dives
1718 4201 1766 4243 et
1800 4206 2011 4259 pauper.
2044 4191 2152 4245 Ma-

595 4278 801 4331 ximum
840 4292 971 4332 sane
1023 4279 1348 4333 auditorium
1387 4289 1471 4334 est
1515 4282 1651 4348 ejus,
1688 4282 1777 4350 qui
1812 4292 2001 4351 gentes
2038 4296 2152 4336 om-

596 4384 714 4430 nes.
740 4378 795 4423 et
826 4384 1014 4425 omnes
1062 4380 1328 4441 quotquot
1364 4372 1552 4428 orbem
1601 4372 2022 4428 habitationibus
2065 4389 2156 4425 ex-

597 4459 765 4524 plent,
799 4462 863 4513 ad
890 4461 1151 4528 psalmum
1177 4463 1499 4517 audiendum
1532 4472 1812 4517 convocat.
1842 4462 2029 4517 Trahit
2054 4481 2149 4517 au-

2244 3280 2411 3342 λείας,
2440 3280 2547 3331 τῶν
2582 3279 2783 3349 ταύτην
2810 3278 3039 3347 ἐχόντων
3060 3277 3158 3347 τὴν
3185 3277 3530 3349 προγραφὴν.
3564 3275 3824 3346 Συνᾴδου-

2248 3390 2300 3425 σι
2328 3372 2384 3424 δὲ
2419 3374 2484 3442 τῇ
2517 3371 2691 3442 ἐννοίᾳ
2731 3370 2901 3443 ταύτῃ
2938 3370 3032 3423 καὶ
3065 3371 3114 3423 οἱ
3138 3370 3559 3441 ἐπιγράψαντες,
3588 3370 3692 3432 Εἷς
3734 3368 3820 3420 νῖ-

2246 3479 2370 3528 κος,
2407 3462 2439 3533 ἢ
2480 3462 2827 3524 Ἐπινίκιον,
2873 3461 2905 3531 ἢ
2957 3458 3046 3526 Τῷ
3090 3458 3401 3523 νικοποιῴ·
3441 3456 3663 3527 Ἐπειδὴ
3711 3457 3822 3527 γὰρ

2245 3556 2551 3621 Κατεπόθη
2578 3556 2610 3608 ὁ
2634 3552 2885 3617 θάνατος
2914 3554 2999 3616 εἰς
3028 3549 3214 3614 νῖκος,
3246 3548 3337 3601 καὶ
3361 3544 3676 3615 ὲξαναλώθη
3711 3546 3821 3615 (61)

2249 3649 2351 3699 ὑπὸ
2374 3645 2465 3699 τοῦ
2493 3646 2736 3707 εἰπόντος
2756 3662 2768 3674 ⁸
2807 3643 2953 3710 Ἐγὼ
2972 3641 3257 3705 νενίκηκα
3286 3637 3389 3690 τὸν
3422 3639 3658 3705 κόσμον
3678 3655 3691 3665 ·
3726 3638 3821 3691 καὶ

2249 3738 2433 3807 ἐπειδὴ
2461 3736 2639 3789 πάντα
2660 3734 2932 3801 νενίκηται
2958 3732 3060 3785 ὑπὸ
3082 3728 3174 3783 τοῦ
3197 3728 3429 3800 Χριστοῦ
3448 3767 3462 3791 ,
3489 3729 3705 3781 καὶἘν
3744 3728 3821 3793 τῷ

2250 3826 2491 3895 ὀνόματι
2517 3824 2702 3878 αὑτοῦ
2728 3821 2850 3879 πᾶν
2879 3824 3025 3893 γόνυ
3057 3820 3817 3890 κάμψει,ἐετοιιρανίων,καὶ

2248 3916 2542 3987 ἐπιγείων,
2576 3916 2673 3969 καὶ
2708 3915 3132 3986 καταχθονίων,
3159 3912 3380 3975 εἰκότως
3406 3912 3466 3964 τὸ
3497 3910 3733 3982 Πνεῦμα
3762 3910 3823 3963 τὲ

2250 4008 2401 4077 ἆγιον
2426 4011 2481 4061 ὲν
2498 4008 2780 4070 ἐπινικίοις
2802 4009 2961 4078 ᾠδαῖς
2975 4007 3042 4060 τὰ
3064 4006 3396 4075 ἀποκείμενα
3414 4007 3819 4075 προαναφωνεῖ.

2263 4100 2585 4155 Ἀκούσατε
2617 4100 2821 4161 ταῦτα,
2861 4098 3055 4152 πάντα
3092 4096 3161 4150 τὰ
3196 4096 3339 4162 ἔθνη
3363 4135 3376 4156 ,
3425 4096 3822 4155 ἐνωτίσασθε,

2252 4189 2472 4255 πάντες
2493 4194 2544 4242 οἱ
2562 4188 2973 4253 κατοικοῦντες
2992 4186 3103 4253 τὴν
3118 4185 3475 4254 οἰκουμένην
3496 4199 3510 4212 ·
3546 4188 3606 4237 οἵ
3634 4203 3701 4239 τε
3732 4203 3823 4251 τη·

2253 4281 2445 4351 γενεῖς
2492 4280 2589 4334 καὶ
2639 4284 2691 4334 οἱ
2732 4281 2847 4334 υἱοὶ
2899 4277 3015 4332 τῶν
3044 4277 3382 4347 ἀνθρώπων,
3419 4276 3518 4331 ἐπὶ
3559 4277 3629 4330 τὸ
3676 4278 3825 4331 αὐτὸ

2252 4376 2545 4439 πλούσιος
2574 4374 2672 4427 καὶ
2698 4373 2903 4441 πένης.
2930 4372 3002 4426 Τὸ
3029 4373 3124 4443 μὲν
3154 4372 3510 4442 ἀκροατήριον
3545 4369 3823 4437 μέγιστον,

2255 4469 2429 4521 πάντα
2460 4468 2527 4521 τά
2568 4468 2691 4540 ἔθνη
2736 4466 3123 4536 συγκαλοῦντος
3165 4468 3243 4527 εἰς
3282 4465 3381 4533 τὴν
3423 4464 3691 4532 ἀκρόασιν
3732 4463 3823 4515 τοῦ

601 4559 727 4617 tem,
770 4552 982 4621 opinor,
1029 4560 1083 4606 et
1116 4555 1440 4622 terrigenas,
1474 4564 1529 4609 et
1577 4554 1714 4609 lilios
1760 4553 2058 4619 hominum,
2098 4568 2143 4610 et

2253 4560 2489 4632 ψαλμοῦ,
2524 4562 2618 4614 καὶ
2646 4561 2849 4624 πάντας
2880 4562 3001 4621 τοῦς
3038 4558 3134 4627 τὴν
3164 4555 3486 4625 οἰκουμένην
3523 4559 3646 4618 ταῖς
3671 4558 3817 4624 οἰκή-

598 4642 792 4707 divites
837 4653 887 4695 et
931 4658 1215 4712 pauperes,
1243 4658 1448 4714 eosque
1480 4646 1589 4699 alto
1622 4647 1725 4699 hoc
1773 4643 2050 4714 praeconio
2084 4647 2149 4697 ad

597 4734 924 4789 audiendum
964 4745 1248 4789 convocat.
1279 4734 1406 4801 Qua:
1434 4737 1648 4804 specula
1692 4750 1861 4805 usque
1901 4737 2035 4790 adeo
2063 4749 2152 4789 su-

598 4839 693 4891 per
714 4839 926 4879 omnem
958 4834 1155 4879 terram
1176 4828 1397 4891 eminet,
1432 4837 1490 4880 ut
1523 4841 1553 4880 e
1583 4826 1795 4881 sublimi
1821 4838 2007 4896 gentes
2033 4842 2153 4881 om-

600 4930 694 4969 nes
731 4917 932 4985 videat,
964 4933 1028 4973 ac
1060 4926 1225 4973 totum
1250 4919 1434 4974 orbem
1465 4918 1638 4974 oculis
1675 4919 1991 4974 collustret?
2026 4919 2155 4985 Quis

670 5029 712 5061 ³¹
752 5029 945 5096 Ephes.
996 5048 1031 5084 ιι
1059 5074 1074 5095 ,
1102 5033 1188 5096 Η,
1226 5033 1311 5086 l5.

1422 5035 1464 5065 ³’
1496 5036 1515 5087 1
1558 5033 1683 5088 Cor.
1723 5048 1812 5097 XV,
1838 5036 1925 5088 9.1.

602 5098 644 5130 ”
678 5098 907 5169 Philipp.
935 5104 1104 5168 ΙΙ,1().

675 5196 784 5263 (56)
812 5196 904 5249 Sic
937 5196 1321 5263 roaices_octo.
1351 5195 1493 5250 Editi
1522 5192 1823 5256 ἀναδείξας.
1861 5194 2007 5251 Colb.
2056 5197 2168 5263 pri-

606 5257 1052 5337 musﬁrzoasiizg.
1076 5257 1181 5319 Nei:
1207 5269 1277 5337 ita
1303 5265 1470 5337 multo
1493 5276 1611 5334 post
1630 5279 1817 5319 novem
1850 5282 1977 5319 mss.
2004 5257 2167 5337 ἡμεῖς

605 5338 682 5390 δέ.
719 5334 914 5388 Vocula
945 5337 1001 5389 δέ
1027 5338 1178 5389 abest
1202 5336 1269 5388 ah
1301 5336 1477 5389 editis.

676 5406 789 5473 (57)
816 5405 887 5457 lta
917 5421 1047 5459 mss.
1082 5415 1304 5471 septem.
1342 5405 1451 5457 Vox
1480 5404 1690 5474 ψαλμός
1741 5402 1889 5474 deest
1919 5405 1970 5456 in
2007 5407 2165 5458 editis

606 5488 656 5524 οιι
690 5479 741 5526 in
774 5472 907 5539 Reg.
956 5478 1210 5529 secundo.
1270 5474 1465 5527 Ibidem
1496 5472 1688 5540 prima
1737 5472 1923 5539 psalmi
1978 5477 2163 5536 vet-ha,

619 5544 909 5614 Ἀκούσατε
937 5543 1128 5609 ταῦτα,
1163 5544 1341 5597 πάντα
1365 5543 1436 5614 τὰ
1465 5544 1612 5614 ἔθνη,
1643 5543 1821 5596 statim
1845 5612 1851 5614 _
1876 5554 1992 5611 post
2041 5545 2163 5596 titu-

610 5616 720 5668 lum
752 5613 1002 5681 leguntur
1034 5616 1087 5669 in
1114 5615 1351 5669 editione
1384 5612 1673 5667 Parisieusi
1706 5630 1718 5664 :
1766 5612 1856 5665 sed
1891 5615 2077 5667 desunt
2112 5615 2161 5665 in

609 5699 801 5739 novem
840 5700 969 5736 mss.
995 5696 1048 5739 et
1082 5687 1132 5738 in
1168 5684 1401 5738 editione
1438 5683 1598 5737 Busil.

683 5755 791 5821 (58)
819 5752 1108 5808 Colhertini
1147 5756 1350 5824 primus
1370 5766 1425 5809 et
1460 5765 1642 5806 sextus
1666 5754 1731 5805 τὰ
1757 5753 1885 5824 περι
1901 5750 2015 5806 τοῦ.
2052 5752 2161 5824 lluc

611 5804 730 5887 ὶυέὀ
748 5804 998 5880 ante;
1018 5804 1553 5888 agitiatt‘."‘.agsi'cua
1590 5804 1747 5879 gaius
1800 5804 2150 5883 evomam;

2028 5036 2069 5066 ³³
2099 5035 2262 5102 Soph.
2299 5056 2387 5107 Ill,
2429 5044 2482 5106 8,
2531 5042 2582 5095 9.

2260 4669 2405 4705 σεσιν
2443 4652 2863 4721 ὲκπληροῦντας.
2890 4649 3075 4701 Ἕλκει
3111 4645 3189 4709 δὲ,
3223 4641 3393 4716 οἶμαι,
3425 4647 3518 4699 καὶ
3546 4648 3826 4715 γηγενεῖς.

2258 4747 2350 4796 καί
2402 4747 2550 4806 υἱοὺς
2588 4745 2905 4815 ἀνθρώπων,
2952 4738 3384 4804 καὶπλουσὶους,
3415 4740 3509 4791 καὶ
3562 4738 3827 4807 πένητας.

2262 4838 2353 4888 καὶ
2373 4838 2447 4906 τῷ
2476 4838 2662 4909 ὑψηλῷ
2691 4837 2799 4905 (62)
2832 4835 3136 4905 κηρύγματι
3157 4834 3327 4903 τούτῳ
3352 4831 3486 4903 πρὸς
3507 4831 3609 4900 τὴν
3634 4830 3830 4898 cineris.

2262 4944 2343 4980 σιν
2374 4932 2736 4999 συγκαλεῖται.
2768 4929 2903 4983 Ποία
2937 4930 3131 4983 σκοπιὰ
3154 4928 3252 4997 τῆς
3280 4928 3383 4994 γῆς
3403 4925 3659 4978 τοσοῦτον
3692 4924 3831 4975 ἀπά-

2684 5042 2727 5071 ³⁵
2768 5040 2782 5093 Ι
2823 5041 2947 5097 Cor.
2989 5057 3090 5104 xv,
3134 5039 3219 5092 δί.
3320 5035 3364 5066 ³⁵
3393 5035 3548 5091 Joun.
3586 5050 3705 5095 xu,
3740 5035 3824 5087 53.

2264 5196 2364 5250 Alii
2398 5198 2766 5270 ἀνθρωπίνου.
2840 5267 2866 5270 _
3189 5266 3196 5270 _
3342 5266 3353 5270 _
3494 5260 3525 5270 _,
3560 5260 3571 5270 ,

2336 5270 2443 5336 (.59)
2478 5261 2632 5321 Deest
2664 5284 2715 5318 τι
2757 5268 2806 5319 in
2838 5267 2963 5331 Reg.
3001 5266 3241 5336 secundo
3258 5276 3308 5319 et
3342 5266 3410 5336 iu_
3443 5261 3685 5315 editione
3728 5264 3827 5315 Ba-

2264 5331 2353 5391 silI
2378 5338 2491 5389 Mox
2525 5336 2653 5402 Reg.
2685 5338 2873 5390 tertius
2898 5341 2964 5407 τῇ
3000 5331 3523 5407 ἀνθρωπίνηφῦσει.

2335 5407 2445 5477 (60)
2479 5408 2534 5459 Ιιι
2582 5400 2702 5460 aliis
2743 5423 2870 5462 mss.
2902 5400 3361 5475 ιιὲᾖςὶιιιτίπαραὸᾧ,
3406 5402 3456 5454 in
3493 5400 3617 5453 aliis
3648 5419 3825 5453 παρα-

2261 5478 2403 5531 διδῶ.

2331 5533 2441 5617 (δί)
2474 5547 2547 5617 Ita
2588 5561 2679 5617 sex
2705 5562 2857 5617 _mss.
2886 5548 2955 5599 At
2998 5544 3123 5598 editi
3168 5538 3499 5614 ἐξανηλὼοη.
3540 5542 3699 5599 Colb.
3749 5556 3827 5593 se-

2262 5615 2459 5685 ptimus
2486 5615 2819 5685 ὲξηναλὼοη.

2334 5688 2445 5757 (62)
2483 5680 2654 5739 Ειιῖιὶυ
2679 5680 2853 5757 Paris.
2875 5682 3069 5757 καὶτῷ
3102 5682 3308 5757 itaque.
3331 5683 3395 5737 At
3430 5680 3699 5755 particula
3738 5681 3826 5735 καί

2260 5752 2408 5814 deest
2435 5761 2487 5811 in
2530 5771 2657 5810 mss.
2688 5765 2742 5812 et
2768 5756 2820 5811 in
2858 5754 3088 5812 editione
3112 5752 3271 5809 Basil.
