4016 6464
303 429 411 483 433

1412 422 1693 477 HOMILIA
1735 423 1798 477 IN
1834 422 2162 480 PSALMUM
2200 423 2427 480 XLVIII.

3415 425 3518 482 454

302 555 403 607 an;
437 538 893 608 ὑπερανέστηκεν,
926 535 1063 589 ὥστε
1085 537 1144 603 ἐξ
1170 536 1410 591 ἀπόπτου
1449 538 1623 590 πάντα
1652 537 1777 590 ἰδεῖν
1799 537 1849 590 τὲ

1971 540 2104 594 adeo
2132 538 2331 594 vocalis
2353 553 2550 607 praeco,
2582 547 2639 591 ut
2683 537 2929 592 inclamet
2975 536 3114 606 quod
3141 552 3169 590 a
3200 544 3277 592 tot
3300 538 3520 594 auribus

301 630 450 699 ἔθνη,
497 629 590 681 καὶ
626 629 804 681 πᾶσαν
838 627 936 698 τὴν
968 626 1284 699 οἰκουμένην
1324 626 1586 697 ὀφθαλμῷ
1639 627 1859 697 περιλα-

301 721 449 784 ϐεῖνς
480 720 572 781 Τίς
593 717 733 772 οὕτω
765 719 1267 790 μεγαλοφωνότατος
1288 718 1480 790 κῆρυξ,
1510 719 1649 772 ὥστε
1678 720 1864 773 τοσαύ-

300 828 420 873 ταις
456 809 590 879 ὁμοῦ
627 810 810 873 ἀκοαῖς
839 810 1154 875 ἐξάκουσταν
1183 808 1446 880 ἐμϐοῆσαι
1473 827 1486 876 ;
1532 811 1626 872 Τίς
1664 812 1693 864 ὁ
1716 812 1862 881 δέχε-

302 902 429 955 σθαι
456 902 748 971 δυνάμενος
775 901 947 973 χῶρος
966 902 1089 964 τοὺς
1115 901 1602 972 ἐκκλησιάζοντας;
1627 903 1860 973 Πηλίκος

297 992 355 1043 δὲ
387 995 414 1045 ὁ
452 992 763 1056 διδάσκαλος
802 995 894 1046 καὶ
933 993 1170 1055 ποταπὸς
1196 994 1294 1064 τὴν
1321 994 1529 1063 σοφίαν,
1558 995 1695 1048 ὥστε
1735 994 1860 1058 ἄξια

299 1083 402 1151 τῆς
427 1083 753 1155 τηλικαύτης
785 1084 1100 1154 Ἐκκλησίας
1128 1086 1238 1155 (65)
1269 1086 1505 1157 ἐξευρεῖν
1520 1088 1586 1141 τὰ
1611 1087 1863 1157 διδάγμα-

301 1190 370 1226 τα
394 1190 407 1238 ;
436 1174 643 1247 Μικρὸν
672 1176 973 1245 ἀνάμεινον,
1008 1177 1101 1229 καὶ
1124 1178 1359 1251 μαθήσῃ,
1391 1179 1471 1230 ὅτι
1500 1178 1622 1241 ἄξια
1644 1178 1734 1231 τοῦ
1764 1180 1859 1230 ἐπ-

298 1262 640 1331 αγγέλματος
668 1266 780 1315 ἐστι
805 1262 870 1315 τὰ
894 1264 1106 1336 ἐφεξῆς.
1143 1267 1201 1319 Ὀ
1228 1266 1325 1337 μὲν
1353 1267 1459 1339 γὰρ
1488 1267 1858 1337 ἐκκλησιάζων

298 1354 395 1406 καὶ
436 1356 610 1408 πάντα
641 1354 920 1421 συγκαλῶν
963 1356 1040 1427 τῷ
1088 1358 1398 1428 κηρύγματι
1442 1361 1469 1412 ὁ
1510 1358 1859 1428 Παράκλητός

295 1460 432 1506 ..στι,
449 1445 509 1497 τὸ
525 1443 744 1513 Πνεῦμα
770 1445 867 1514 τῆς
892 1444 1164 1515 ἀληθείας,
1188 1449 1273 1500 διὰ
1292 1449 1702 1519 προφητῶννκαὶ
1725 1451 1857 1502 ἀπο-

295 1535 496 1586 στόλων
544 1536 785 1603 συνάγων
821 1537 928 1606 (64)
967 1538 1091 1599 τοὺς
1130 1538 1465 1609 σωζομένους
1490 1555 1502 1568 °
1552 1533 1627 1593 ὧν
1672 1539 1854 1610 ἐπειδὴ

288 1627 397 1688 Εἰς
425 1624 665 1678 ἅπασαν
700 1625 813 1693 τὴν
835 1627 951 1696 γῆν
978 1626 1235 1695 ἐξῆλθεν
1268 1631 1301 1681 d
1341 1630 1594 1697 φθόγγος
1637 1626 1852 1690 αὐτῶν,

289 1716 390 1768 καὶ
417 1717 504 1780 εἰς
539 1718 609 1771 τὰ
636 1717 857 1785 πέρατα
886 1718 993 1786 τῆς
1020 1719 1371 1788 οἰκουμένης
1399 1718 1469 1771 τὰ
1489 1718 1723 1787 ῥήματα
1750 1722 1855 1773 αὺ-

288 1806 434 1861 τῶν’
474 1807 561 1861 διὰ
588 1809 743 1862 τοῦτὸ
764 1827 923 1881 φησιν
943 1826 957 1840 ·
1002 1811 1339 1875 Ἀκούσατε,
1373 1810 1567 1863 πάντα
1597 1811 1668 1865 τὰ
1686 1812 1850 1880 ἔθνη,

1972 630 2133 685 simul
2162 630 2461 684 audiatur?
2500 629 2630 695 Quis
2664 629 2812 682 locus
2840 629 2905 682 ad
2939 629 3249 683 concionem
3290 629 3517 684 venien-

1968 732 2049 777 tes
2080 732 2245 792 queat
2268 722 2558 792 excipere?
2588 721 2833 787 Quantus
2851 729 3028 774 autent
3062 723 3270 785 doctor,
3293 729 3343 775 et
3371 722 3518 790 quali

1965 812 2224 880 sapientia
2258 812 2540 881 praeditus,
2568 820 2626 865 ut
2650 810 2969 865 documenta
3002 809 3515 864 inveniatconsessu

1966 909 2116 955 tanto
2140 901 2338 969 digna?
2362 900 2627 970 ExSpecta
2656 908 3033 970 parumper,et
3051 915 3113 955 ea
3142 915 3259 970 quae
3282 914 3516 970 sequun-

1965 1000 2071 1053 tur,
2095 990 2378 1059 promissis
2433 992 2648 1061 indigna
2688 1005 2792 1045 non
2827 1006 2947 1046 esse
2979 991 3212 1046 edisces.
3243 991 3516 1061 Siquidem

1966 1082 2340 1146 concionator,
2373 1089 2426 1136 et
2460 1082 2548 1149 qui
2594 1096 2782 1135 omnes
2833 1082 3105 1151 praeconio
3145 1083 3311 1148 cogit,
3348 1082 3516 1137 Para-

1962 1173 2133 1229 cletus
2163 1181 2266 1239 est,
2303 1172 2391 1227 ille
2433 1172 2670 1241 Spiritus
2710 1174 2979 1239 veritatis,
3021 1189 3115 1243 per
3154 1176 3439 1244 prophetas
3464 1187 3521 1232 et

1964 1265 2239 1335 apostolos
2278 1278 2372 1318 eos
2413 1278 2751 1333 congregans
2793 1264 2884 1332 qui
2918 1263 3147 1318 salutem
3176 1266 3516 1320 consecuturi

1962 1364 2117 1412 erant
2143 1374 2156 1409 :
2182 1370 2408 1424 quorum
2444 1355 2566 1424 quia
2607 1352 2673 1407 In
2707 1370 2907 1408 onmem
2950 1366 3142 1408 terram
3170 1356 3324 1409 exivit
3357 1372 3517 1410 sonus

1959 1465 2159 1512 eorum,
2181 1457 2227 1500 et
2254 1448 2305 1500 in
2331 1448 2459 1516 ﬁnes
2491 1448 2629 1501 orbis
2654 1458 2809 1501 terra:
2833 1448 2985 1500 verba
3010 1463 3187 1501 eorum
3208 1448 3283 1514 ³⁷;
3320 1450 3518 1504 idcirco

1960 1538 2089 1592 dicit
2118 1554 2131 1590 :
2156 1537 2370 1601 Audite,
2408 1553 2584 1592 omnes
2620 1549 2813 1608 gentes,
2845 1548 2893 1592 et
2935 1555 3108 1592 omnes
3147 1542 3234 1608 qui
3271 1540 3516 1595 habitatis

1963 1632 2160 1683 orbem.
2192 1628 2534 1699 Quapropter
2560 1638 2614 1684 et
2641 1629 2881 1685 Ecclesia
2915 1645 2981 1685 ex
3017 1631 3265 1685 omnibus
3292 1630 3514 1685 collecta

1961 1730 2044 1775 est
2082 1721 2502 1785 conditionibus,
2538 1729 2599 1775 ut
2629 1736 2784 1776 nemo
2812 1720 2902 1790 qui
2940 1737 3131 1777 exsors
3172 1722 3243 1776 sit
3268 1722 3516 1780 utilitatis

1961 1813 2320 1882 relinquatur.
2355 1811 2566 1867 Etenim
2600 1813 3043 1882 congregationes
3067 1823 3177 1867 tres
3204 1824 3329 1868 sunt
3353 1829 3517 1868 voca-

286 1898 388 1951 καὶ
419 1898 639 1967 πάντες
666 1906 719 1953 οἱ
749 1901 1161 1966 κατοικοῦντες
1196 1902 1310 1967 τὴν
1344 1903 1716 1971 οἰκουμένην.
1763 1904 1849 1958 Διὸ

1958 1878 2155 1965 torum,
2186 1902 2385 1972 quibus
2408 1918 2567 1957 omne
2604 1878 2880 1957 hominum
2905 1917 3072 1972 genus
3099 1906 3513 1973 comprehendi-

288 1992 383 2044 καὶ
415 1995 447 2062 ἡ
491 1993 783 2065 Ἐκκλησία
804 1996 867 2046 ἐκ
895 1992 1243 2046 παντοδαπῶν
1271 1993 1710 2065 ἐπιτηδευμάτων
1734 2012 1853 2048 συν-

284 2084 544 2147 είλεκται,
602 2084 685 2135 ἵνα
740 2084 923 2153 μηδεὶς
960 2082 1062 2146 ἔξω
1096 2084 1193 2152 τῆς
1220 2084 1482 2153 ὠφελείας
1534 2086 1850 2156 ἀπολειφθῇ.

281 2176 445 2244 Τρεῖς
482 2175 589 2244 γάρ
632 2175 736 2225 εἰσι
785 2174 1031 2241 συζυγίαι
1082 2174 1187 2227 τῶν
1237 2176 1605 2246 κεκλημένων,
1658 2179 1715 2230 ὲν
1766 2174 1854 2241 αἷς

282 2265 429 2314 ἁπαν
464 2261 523 2312 τὸ
551 2260 657 2313 τῶν
683 2260 981 2333 ἀνθρώπων
1015 2264 1323 2333 περιέχεται
1353 2265 1506 2332 γένος
1527 2282 1539 2293 ·
1577 2264 1700 2332 ἔθνη
1745 2264 1853 2333 γὰρ

280 2355 331 2405 oi
362 2352 737 2416 κατοικοῦντες
768 2353 865 2424 τὴν
895 2356 1218 2425 οἰκουμένην
1237 2372 1248 2385 ·
1279 2359 1524 2424 γηγενεῖς
1549 2356 1640 2406 καὶ
1668 2356 1713 2406 οἱ
1747 2356 1851 2407 υἱοὶ

281 2443 392 2497 τῶν
433 2444 759 2516 ἀνθρώπων·
799 2446 1040 2499 πλούσιοι
1094 2447 1184 2497 καὶ
1229 2447 1472 2516 πένητες.
1510 2446 1637 2499 Τίνα
1674 2447 1850 2499 τοίνυν

286 2534 393 2599 ἔξω
425 2536 772 2589 καταλέλοιπε
806 2539 903 2608 τῆς
943 2537 1290 2607 άκροάσεως;
1332 2538 1394 2590 Οἱ
1438 2536 1704 2608 ἀλλότριοι
1753 2540 1852 2610 τῆς

285 2629 519 2692 πίστεως
568 2628 655 2681 διὰ
702 2628 812 2697 (63)
855 2627 964 2680 τῶν
1011 2627 1177 2681 ἐθνῶν
1216 2627 1543 2700 ἐκλήθησαν.
1591 2631 1654 2682 Οἳ
1694 2631 1751 2682 ἐν
1784 2633 1849 2701 τῇ

295 2720 589 2789 Ἐκκλησία
648 2720 803 2782 εἰσὶν,
849 2720 899 2771 οἱ
941 2719 1314 2783 κατοικοῦντες
1362 2720 1457 2791 τὴν
1506 2721 1846 2790 οἰκουμένην.

278 2812 533 2881 Ιήγενεῖς
558 2812 605 2862 oi
637 2810 704 2863 τὰ
731 2812 897 2883 γήινα
922 2810 1261 2883 φρονοῦντες,
1286 2811 1379 2865 καὶ
1401 2811 1507 2864 τῶν
1536 2811 1850 2883 θελημάτων

281 2899 385 2969 τῆς
419 2898 614 2970 σαρκὸς
646 2900 1008 2970 ἀντεχόμενοι.
1046 2900 1165 2953 Υἱοὶ
1197 2899 1306 2954 τῶν
1337 2899 1636 2971 ἀνθρώπων
1665 2903 1712 2953 oi
1740 2903 1853 2953 ἐπι-

284 2990 501 3061 μέλειάν
557 3008 679 3043 τινα
730 2991 823 3044 καὶ¹
874 2991 1103 3060 ἄσκησιν
1154 2991 1248 3043 τοῦ
1294 2990 1450 3058 λόγου
1508 2991 1846 3059 ποιούμενον

282 3082 413 3136 [διον
436 3081 543 3152 γὰρ
573 3081 666 3134 τοῦ
700 3080 983 3151 ἀνθρώπου
1016 3082 1076 3134 τὸ
1098 3080 1331 3148 λογικόν.
1356 3079 1604 3133 Πλούσιοι
1636 3081 1729 3134 καὶ
1761 3080 1848 3134 πέ-

1958 2002 2079 2055 tur;
2123 2000 2313 2061 gentes
2338 1999 2392 2045 et
2441 1990 2749 2046 habitantes
2776 1994 2996 2057 orbem;
3033 1994 3316 2064 terrigena:
3346 2007 3394 2051 et
3423 1998 3515 2051 lilii

1956 2082 2256 2145 heminam,
2290 2081 2489 2136 divites
2550 2093 2604 2135 et
2641 2096 2925 2150 pauperes.
2963 2082 3130 2149 Quem
3170 2084 3330 2152 igitur
3363 2095 3515 2140 extra

1953 2174 2281 2229 auditorium
2302 2173 2559 2241 reliquit?
2582 2173 2757 2228 Alieni
2788 2190 2815 2226 a
2844 2174 2965 2237 ﬁde,
3000 2190 3095 2243 per
3117 2184 3302 2245 gentes
3340 2178 3514 2232 vocati

1959 2263 2121 2332 178
2141 2272 2289 2316 sunt.
2321 2261 2420 2328 Qui
2446 2272 2666 2316 manent
2696 2264 2747 2315 in
2775 2263 3038 2330 Ecclesia,
3059 2265 3092 2318 ii
3117 2275 3266 2331 sunt,
3296 2268 3385 2337 qui
3420 2268 3516 2322 lia-

1952 2354 2127 2406 bitant
2156 2354 2367 2409 orbem.
2399 2350 2710 2424 Terrigenae
2738 2363 2865 2408 sunt
2906 2355 2995 2421 qui
3032 2364 3245 2410 terrena
3270 2360 3507 2426 sapiunt,

1951 2454 2006 2499 et
2038 2446 2216 2499 carnis
2246 2445 2441 2514 placita
2476 2457 2859 2515 assequuntur.
2893 2446 3010 2500 Filii
3058 2448 3333 2501 hominum
3363 2460 3511 2515 sunt,

1951 2540 2040 2608 qui
2073 2538 2305 2607 quodam
2361 2537 2519 2592 modo
2560 2539 2826 2592 rationem
2874 2551 3068 2594 curant
3117 2552 3510 2612 exercentque;

1952 2644 2075 2682 nam
2117 2629 2257 2684 ratio
2290 2630 2507 2699 prepria
2547 2628 2783 2683 hominis
2808 2641 2913 2684 est.
2946 2629 3177 2683 Divitum
3208 2647 3273 2687 ac
3311 2647 3512 2701 paupe-

1950 2737 2068 2775 rum
2127 2722 2434 2790 proprietas
2478 2735 2573 2789 per
2630 2735 2712 2774 se~
2741 2722 3127 2789 cognoscitur:
3178 2723 3252 2776 illi
3297 2726 3511 2792 quidem

1950 2813 2389 2880 superabundant
2438 2826 2617 2866 rerum
2673 2813 3104 2867 necessariarum
3148 2813 3509 2882 possessione,

1952 2904 2005 2958 hi
2044 2919 2169 2958 vero
2216 2903 2268 2958 in
2306 2903 2623 2958 earumdem
2658 2902 2835 2972 inopia
2877 2905 3097 2973 degunt.
3141 2902 3276 2958 Cum
3330 2916 3510 2960 autem

1952 2996 2196 3049 medicus
2248 2995 2552 3047 animarum
2607 3009 2713 3047 non
2760 2994 2989 3056 venerit,
3036 3004 3094 3048 ut
3134 2992 3308 3061 justos
3339 3007 3509 3061 vocet,

1955 3084 2051 3141 sed
2080 3093 2395 3155 peccatores
2423 3084 2488 3137 ad
2515 3084 2887 3153 paenitentiam
2906 3083 2952 3116 ³⁸
2977 3098 2990 3136 :
3015 3085 3156 3153 quod
3180 3086 3231 3138 in
3264 3087 3507 3155 qualibet

279 3190 439 3235 νττες
467 3171 685 3225 αὐτόθεν
718 3171 897 3241 ἔχουσι
928 3172 1331 3241 γνωριζομένην
1370 3170 1466 3243 τὴν
1502 3171 1765 3243 ἰδιότηταο
1795 3175 1844 3226 οἱ

1956 3176 2333 3247 conjugatione
2386 3176 2791 3247 reprehensioni
2838 3175 3127 3230 obnoxium
3180 3187 3299 3231 erat
3350 3186 3512 3245 atque

283 3262 384 3331 μὲν
412 3260 824 3331 ὑπερϐαίνοντες
857 3262 955 3333 τὴν
984 3262 1172 3333 κτῆσιν
1218 3262 1324 3315 τῶν
1356 3263 1683 3331 ἀναγκαίων,
1716 3266 1764 3317 οἱ
1793 3264 1849 3318 δέ

280 3356 339 3404 ἐν
376 3351 551 3419 ἐνδείᾳ.
576 3351 778 3405 τούτων
807 3352 1225 3424 καθεστηκότες.
1274 3355 1489 3424 Ἐπειδὴ
1526 3355 1584 3407 δέ
1617 3358 1644 3408 ὀ
1670 3354 1851 3425 ἰατρὸς

276 3442 387 3496 τῶν
410 3442 594 3513 ψυχῶν
622 3444 719 3497 οὐκ
743 3439 873 3514 ἦλθε
897 3445 1119 3498 καλέσαι
1149 3446 1405 3507 δικαίους,
1434 3445 1569 3497 άλλά
1594 3447 1848 3516 ἁμαρτω-

276 3534 402 3599 λοὺς
434 3536 512 3600 είς
548 3537 853 3605 μετάνοιαν,
894 3536 1107 3605 πρῶτον
1150 3535 1335 3601 ἔταξεν
1381 3537 1439 3587 ἐν
1470 3538 1535 3607 τῇ
1570 3535 1756 3608 κλήσει
1792 3538 1849 3591 ἐν

279 3628 483 3701 ἑκάστῃ
513 3626 740 3697 συζυγία
781 3626 842 3679 τὸ
872 3627 1338 3699 κατεγνωσμένον.
1375 3628 1619 3698 Χείρονα
1640 3630 1749 3701 γὰρ
1780 3630 1846 3683 τὰ

277 3719 409 3790 ἔθνη
446 3719 553 3773 τῶν
579 3718 975 3772 κατοικούντων
1021 3721 1117 3791 τὴν
1149 3722 1502 3793 οἰκουμένην·
1549 3722 1662 3775 ἀλλ’
1701 3724 1847 3793 ὅμως

279 3810 667 3882 προτετίμηται
695 3809 806 3881 (66)
836 3812 915 3874 είς
940 3811 1037 3883 τὴν
1068 3812 1278 3882 κλῆσιν,
1309 3813 1396 3867 ἵνα
1422 3816 1472 3866 οἱ
1495 3814 1679 3877 κακῶς
1702 3814 1849 3883 ἕχον-

279 3920 370 3966 τες
401 3905 659 3975 πρότερον
710 3904 1051 3975 μεταλάϐωσι
1104 3904 1202 3972 τῆς
1240 3905 1303 3957 ἐκ
1346 3904 1437 3957 τοῦ
1484 3903 1668 3974 ίατροῦ
1714 3904 1849 3973 ὠφε-

278 3991 445 4054 λείας.
491 3993 657 4044 Πάλιν
695 3994 743 4044 οί
773 3993 1023 4061 γηγενεῖς
1054 3992 1161 4063 πρὸ
1192 3992 1301 4046 τῶν
1334 3993 1465 4046 υίῶν
1508 3994 1615 4046 τῶν
1641 3993 1847 4064 ἀνθρώ-

278 4099 396 4133 πων
428 4082 758 4151 ἐτάχθησανο
813 4083 905 4135 καὶ
931 4082 1170 4136 πλούσιοι
1215 4083 1320 4156 πρὸ
1341 4084 1448 4137 τῶν
1476 4086 1738 4155 πενήτων.
1774 4085 1846 4138 Τὸ

274 4173 695 4243 ἀπεγνωσμένον
734 4175 941 4246 τάγμα,
994 4176 1087 4229 καὶ
1119 4174 1371 4229 δύσκολον
1400 4177 1521 4247 ἕχον
1548 4175 1644 4247 τὴν
1676 4193 1847 4248 σωτη-

278 4265 418 4336 ρίαν,
446 4266 706 4337 πρότερον
744 4266 1003 4337 κέκληται
1039 4266 1146 4320 τῶν
1170 4268 1417 4338 πτωχῶν.
1467 4267 1698 4340 Τοιαύτη
1736 4270 1844 4342 γὰρ

275 4358 309 4427 ἡ
342 4354 433 4408 τοῦ
461 4356 639 4426 ἰατροῦ
666 4357 1045 4427 φιλανθρωπία
1067 4360 1177 4421 τοῖς
1202 4357 1631 4429 ἀσθενεστέροις·
1653 4360 1845 4429 προτέ-

279 4464 392 4517 ροις
426 4444 534 4517 (67)
578 4447 895 4515 μεταδίδωσι
926 4449 1024 4518 τῆς
1050 4448 1337 4517 ὠφελείας.
1373 4449 1534 4519 Ὁμοῦ
1559 4450 1613 4502 δὲ
1640 4451 1733 4503 καὶ⁵
1765 4452 1842 4503 εί·-

1950 3267 2301 3335 damnationi,
2334 3266 2387 3322 id
2425 3266 2657 3335 primum
2714 3269 2769 3319 in
2824 3266 3109 3321 vocatione
3160 3270 3361 3337 posuit.
3410 3270 3512 3324 De-

1952 3358 2177 3413 teriores
2216 3358 2360 3413 enim
2395 3366 2520 3413 sunt
2559 3365 2749 3427 gentes
2796 3371 2961 3426 quam
3000 3357 3090 3425 qui
3146 3357 3391 3412 habitant
3423 3375 3511 3413 or-

1948 3450 2067 3503 bein
2098 3465 2111 3500 :
2142 3450 2235 3503 sed
2273 3459 2449 3501 tamen
2482 3447 2782 3516 praeposita:
2836 3455 2960 3501 sunt
3005 3446 3058 3500 in
3100 3449 3403 3515 vocatione,
3452 3459 3511 3503 ut

1953 3539 2044 3609 qui
2077 3539 2215 3594 male
2242 3538 2440 3593 habent
2474 3539 2688 3607 priores
2717 3553 2746 3590 a
2782 3537 2994 3592 medico
3024 3537 3328 3607 percipiant
3364 3540 3508 3595 utili-

1951 3639 2134 3684 tatem.
2170 3628 2380 3684 Rursus
2439 3627 2726 3697 terrigena:
2772 3636 2898 3683 ante
2937 3628 3077 3683 ﬁlios
3110 3629 3386 3686 hominum
3423 3648 3511 3689 re-

1948 3720 2136 3777 censiti
2179 3729 2339 3785 sunt;
2372 3728 2427 3774 et
2457 3719 2649 3773 divites
2685 3727 2812 3773 ante
2847 3733 3128 3788 pauperes.
3180 3719 3510 3790 Desperatus

1952 3810 2103 3875 ordo,
2141 3818 2197 3863 et
2230 3810 2322 3879 qui
2377 3808 2665 3863 diﬂieulter
2702 3808 2932 3862 salutem
2976 3812 3343 3880 consequitur,
3383 3825 3509 3868 ante

1948 3907 2171 3955 vocatus
2199 3906 2283 3955 est
2327 3912 2489 3969 quam
2544 3912 2833 3969 pauperes.
2883 3898 3200 3969 llujusmodi
3243 3903 3384 3957 enim
3425 3915 3510 3961 est

1948 3992 2256 4061 benignitas
2281 3990 2474 4045 medici
2504 4004 2521 4043 :
2548 3990 2700 4061 prius
2730 4005 2882 4060 opem
2904 3989 3010 4046 fert
3041 3993 3505 4053 imbecillioribus.

1950 4082 2122 4138 Simul
2154 4090 2334 4135 autem
2377 4081 2528 4150 pacis
2574 4082 2736 4135 etiam
2765 4082 3104 4136 conciliatrix
3141 4094 3226 4139 est
3261 4100 3506 4140 commu-

1947 4177 2089 4229 nitas
2115 4173 2439 4237 voeationis,
2479 4173 2614 4227 adeo
2649 4182 2707 4225 ut
2734 4171 2823 4240 qui
2866 4172 3131 4229 hactenus
3179 4175 3321 4228 inter
3360 4190 3420 4231 se
3451 4178 3505 4232 in

1947 4267 2186 4321 moribus
2219 4264 2611 4328 dissenserant,
2643 4264 2715 4317 ob
2745 4264 2888 4319 hunc
2932 4277 3260 4321 conventum
3310 4280 3509 4324 mutua:

1944 4369 2259 4413 assuescant
2287 4355 2561 4410 charitati.
2600 4355 2871 4425 Agnoscat
2912 4357 3052 4410 enim
3088 4359 3238 4412 dives
3278 4375 3337 4414 se
3382 4376 3505 4415 cuin

1945 4464 2180 4521 paupere
2210 4450 2480 4518 prmconio
2504 4448 2621 4517 pari
2646 4456 2892 4502 vocatum
2917 4461 3057 4506 esse.
3080 4448 3249 4503 Simul
3272 4452 3330 4505 in‘
3346 4468 3507 4507 unum

277 4535 444 4603 ρήνης
474 4535 588 4587 ἐστὶ
617 4536 925 4603 συναγωγὸν
947 4538 980 4607 ὴ
1006 4535 1259 4588 κοινωνία
1285 4539 1385 4606 τῆς
1407 4537 1670 4608 κλήσεως,
1703 4539 1842 4591 ὥστε

1954 4540 2114 4604 enim,
2175 4538 2372 4608 inquit,
2423 4536 2563 4588 dives
2608 4546 2653 4588 et
2695 4549 2912 4604 pauper.
2968 4536 3324 4607 Posteaquam
3373 4540 3504 4595 foris

274 4625 401 4687 τοὺς
421 4625 638 4693 ἔχοντας
670 4625 805 4687 τέως
832 4628 894 4679 ἐκ
925 4628 1033 4681 τῶν
1062 4626 1503 4698 ἐπιτηδευμάτων
1533 4630 1667 4699 πρὸς
1688 4630 1841 4703 άλλη-

275 4714 399 4777 λους
426 4716 771 4779 ὑπεναντίως,
804 4718 1023 4782 τούτους
1057 4719 1145 4772 διὰ
1173 4720 1271 4789 τῆς
1316 4720 1635 4791 Ἐκκλησίας
1674 4739 1840 4791 προσ-

276 4803 549 4875 εθισθῆναι
574 4808 819 4879 ἀλλήλοις
843 4810 921 4870 είς
943 4809 1039 4879 τὴν
1065 4810 1303 4879 ἀγάπην.
1335 4811 1651 4865 Γινωσκέτω
1680 4812 1785 4883 γὰρ
1812 4815 1840 4866 ὁ

276 4895 544 4960 πλούσιος,
572 4898 652 4950 ὅτι
684 4900 928 4971 ὁμοτίμῳ
956 4902 1267 4972 κηρύγματι
1301 4902 1557 4972 κέκληται
1588 4903 1721 4973 πρὸς
1751 4902 1839 4956 τὸν

275 4990 501 5059 πένητα.
566 4989 686 5041 Ἐπὶ
730 4993 794 5044 τὸ
844 4991 989 5045 αὐτὸ
1034 4992 1161 5062 γάρ,
1218 4994 1369 5063 φησι,
1420 4996 1711 5060 πλούσιος
1743 4995 1839 5047 καὶ

275 5081 485 5147 πένης.
522 5079 665 5144 Ἔξω
708 5083 1021 5136 καταλιπὼν
1055 5084 1150 5154 τὴν
1182 5086 1315 5156 πρὸς
1340 5086 1463 5146 τοὺς
1488 5086 1837 5140 καταδεεστέ-

277 5189 402 5243 ρους
438 5172 725 5246 ὑπεροχὴν,
766 5174 940 5227 καὶτὸ
973 5178 1036 5229 ἐκ
1071 5176 1164 5229 τοῦ
1200 5178 1427 5232 πλούτου
1453 5175 1731 5246 φρύαγμα,
1756 5179 1839 5233 οὖ-

349 5344 393 5381 ³τ
420 5347 564 5403 Psal.
596 5365 748 5412 xvnt,
790 5349 844 5404 5.
921 5347 966 5377 ³⁸
991 5346 1177 5401 Matth.
1211 5365 1285 5411 ix,
1318 5349 1400 5401 i5.

348 5488 457 5559 (63)
490 5489 662 5542 Editio
707 5488 872 5561 Basil.
904 5488 1231 5561 τηλικαύτης
1279 5491 1491 5557 σοφίας.
1528 5491 1704 5545 Editio
1730 5493 1833 5546 Pa-

279 5562 369 5613 ris.
407 5576 533 5630 i-uur
558 5574 684 5610 mss.
716 5559 1045 5630 τηλικαύτης
1074 5559 1419 5630 Ἐκκλησίας,
1456 5566 1607 5617 bene.
1640 5561 1833 5616 Ihidein

276 5649 305 5676 μ
330 5633 403 5681 titi
443 5627 709 5697 άνάμενον
741 5627 835 5683 καὶ
870 5627 1119 5700 μαθήσει.
1145 5633 1212 5685 At
1248 5627 1374 5683 mss.
1410 5646 1502 5686 sex
1549 5630 1835 5700 ἀνάμεινον

278 5700 369 5754 καὶ
400 5700 647 5769 μαθήσει.

348 5771 459 5839 (ιλιι
505 5769 575 5839 ῳ.
611 5783 711 5839 saxi
731 5784 859 5824 mss.
899 5773 956 5823 At
991 5770 1115 5821 editi
1160 5770 1408 5839 συνάγον.

346 5838 457 5896 (65)
494 5838 666 5894 Editio
692 5838 862 5896 Paris.
896 5844 984 5894 καὶ
1009 5841 1109 5896 διά.
1154 5844 1317 5897 Abest
1348 5840 1440 5893 καί
1473 5851 1525 5896 et
1564 5857 1593 5896 a
1624 5855 1751 5897 mss.
1780 5848 1829 5896 et

1957 4630 2238 4698 reliqueris
2266 4643 2386 4681 eam
2421 4642 2523 4694 qua
2552 4625 2834 4677 inferiores
2859 4640 3086 4694 superas
3116 4632 3505 4696 praestantiam,

1946 4733 2001 4779 et
2032 4737 2149 4775 eam
2183 4734 2303 4788 qua:
2335 4734 2398 4771 ex
2423 4716 2624 4769 divitiis
2657 4715 2829 4769 oritur
2858 4717 3169 4785 elationem,
3202 4722 3272 4773 ita
3289 4722 3502 4774 demum

1953 4813 2231 4882 ingredere
2279 4812 2330 4864 in
2379 4807 2671 4861 Ecclesium
2736 4809 2852 4863 Dei.
2908 4808 3093 4880 Neque
3143 4814 3307 4881 igitur
3354 4814 3509 4868 dives

1952 4920 2241 4973 pauperem
2285 4906 2567 4972 despiciat,
2603 4924 2778 4979 neque
2817 4926 3020 4979 panper
3056 4912 3307 4967 formidet
3350 4913 3502 4968 locu-

1947 4995 2146 5064 pletum
2194 4996 2485 5063 potentiam
2513 5015 2526 5050 :
2560 5007 2731 5069 ueqde
2766 5002 2857 5054 lilii
2900 5002 3173 5057 hominum
3207 5006 3502 5075 terrigenas

1952 5089 2363 5156 parvipendant,
2409 5104 2507 5143 nec
2555 5107 2741 5146 rursus
2790 5092 2856 5145 ab
2898 5093 3003 5148 illis
3037 5110 3155 5150 sese
3198 5097 3503 5153 abalienent

1950 5178 2255 5248 terrigena.
2290 5178 2402 5237 lino
2432 5191 2617 5252 gentes
2647 5197 2766 5237 cum
2802 5185 2867 5239 iis
2902 5185 2992 5255 qui
3024 5186 3267 5243 habitant
3292 5189 3503 5251 orbem,

1944 5494 2011 5548 ab
2039 5494 2272 5550 editione
2294 5492 2455 5546 Basil.

2012 5563 2125 5634 (66)
2151 5564 2239 5618 Sic
2263 5563 2644 5633 quinquemss.
2666 5565 2731 5617 At
2753 5563 2879 5618 editi
2900 5578 3017 5616 cum
3038 5561 3168 5633 lteg.
3195 5574 3344 5617 sexto
3368 5577 3499 5631 προ-

1939 5634 2276 5704 τετίμηνται.

1939 5772 1965 5775 *
2015 5703 2127 5775 (67)
2158 5704 2231 5758 Ita
2269 5713 2388 5775 octo
2438 5719 2569 5759 mss.
2619 5712 2671 5775 et
2714 5701 2878 5775 editio
2923 5700 3083 5756 Basil.
3143 5702 3316 5757 Editio
3366 5713 3488 5756 νοις

1939 5769 2117 5830 Paris."
2143 5790 2262 5831 cum
2291 5773 2489 5830 Catena
2521 5773 2742 5829 Cordet'.
2769 5769 3048 5843 πρότερον.
