4016 6482
497 394 603 449 455
1829 395 1886 447 S.
1932 394 2173 447 BASILH
2212 395 2428 448 MAGNI

493 508 881 564 consuetudine
906 508 1344 579 conjungantur:
1375 518 1426 564 et
1452 511 1541 580 qui
1567 512 1753 566 orbem
1785 512 2055 577 habitant,
2087 571 2091 578 η

2203 533 2265 578 υς
2284 515 2529 586 είσέρχου
2554 531 2634 578 εις
2663 515 2756 585 τὴν
2805 514 3123 589 Ἐκκλησίαν
3148 515 3239 569 τοῦ
3259 515 3392 568 Θεοῦ
3423 518 3565 590 (68).
3592 521 3771 591 Μήτι

490 599 809 668 peregrinos
838 615 868 653 a
889 600 1228 655 testamentis
1251 615 1346 670 per
1373 602 1696 660 charitatem
1722 605 2040 673 suscipiant.

2203 600 2242 659 ἰν
2289 608 2318 659 6
2366 605 2619 670 πλούσιος
2661 606 2752 659 τὸν
2787 605 2993 676 πένητα
3037 606 3473 680 ὑπερηφανείτω,
3533 613 3687 681 μήτε
3741 613 3772 663 6

492 691 660 763 πένης
702 693 800 764 τὴν
827 693 1141 750 δυναστείαν
1169 696 1275 749 τῶν
1311 697 1682 771 εὐπορούντων
1725 701 2146 772 ὑποπτησσέτω’
2191 702 2326 771 μήτε
2363 703 2412 756 οἱ
2435 703 2539 754 υἱοὶ
2592 703 2702 754 τῶν
2751 700 3049 770 ἀνθρώπων
3117 706 3241 768 τοὺς
3304 706 3568 773 γηγενεῖς
3601 707 3773 768 ἐξου-

492 783 834 848 Θενείτωσαν,
888 788 1023 859 μήτε
1054 791 1102 841 οἱ
1140 793 1389 858 γηγενεῖς
1414 792 1616 845 τούτων
1646 791 1806 844 πάλιν
1836 790 2435 862 ἀπαλλοτριούσθωσαν.
2472 793 2580 845 Καὶ
2600 793 2666 846 τὰ
2695 795 2821 865 ἔθνη
2857 786 3116 855 ἐθίζέσθω
3183 799 3316 870 πρὸς
3372 796 3504 856 τοὺς
3565 813 3773 848 κατοι-

491 878 718 942 κοῦντας
779 878 878 950 τὴν
923 880 1280 951 οἰκουμένην,
1348 884 1442 938 καὶ
1491 885 1540 935 οί
1591 882 1688 954 τὴν
1741 885 2064 956 οἰκουμένην
2099 882 2373 948 οἰκοῦντες
2397 888 2520 950 τοὺς
2551 885 2734 950 ξένους
2763 888 2870 942 τῶν
2918 885 3186 954 διαθηκῶν
3214 890 3302 943 διὰ
3356 890 3454 949 τῑης
3519 888 3772 955 ἀγάπης

491 975 700 1047 προσλα
708 973 873 1044 μϐανὲ
883 975 1111 1029 σθωσαν.

557 1065 612 1119 2.
654 1064 814 1119 Vens.
855 1065 911 1118 4.
956 1064 1027 1119 Os
1058 1084 1229 1122 meum
1263 1069 1501 1138 loquetur
1529 1071 1856 1139 sapientiam,
1881 1081 1927 1124 et
1953 1085 2058 1123 me-

491 1161 680 1213 ditatio
713 1159 888 1212 cordis
930 1160 1032 1214 mei
1058 1164 1410 1230 prudentiam.
1442 1162 1730 1229 Quoniam,
1767 1163 2054 1218 secundum

494 1251 826 1319 Apostolum,
866 1251 1039 1307 Corde
1074 1255 1304 1306 creditur
1348 1257 1414 1307 ad
1441 1257 1730 1326 justitiam.
1763 1272 1850 1308 ore
1882 1265 2055 1307 autem

494 1339 750 1409 confessio
772 1341 830 1409 ﬁt
859 1344 930 1394 ad
959 1341 1270 1406 salutem”,
1301 1353 1353 1396 et
1400 1355 1628 1415 utraque
1659 1345 1783 1397 dum
1818 1343 2058 1398 eiliciuu-

497 1443 607 1497 tur,
635 1431 1014 1500 perfectionem
1048 1433 1362 1501 declarant;
1400 1447 1677 1505 propterea
1711 1450 1887 1489 sermo
1906 1445 2058 1489 utra-

495 1538 597 1590 que
631 1523 790 1577 simul
823 1525 1137 1594 complexus
1171 1541 1277 1592 εει,
1318 1540 1426 1582 tum
1465 1529 1576 1581 oris
1623 1528 1915 1591 actionem,
1946 1537 2057 1581 tum

3646 403 3770 454 5523'

2224 1065 2278 1119 2.
2316 1066 2386 1119 Τὸ
2409 1069 2602 1136 στόμα
2623 1083 2742 1137 μου
2772 1069 3028 1136 λαλήσει
3054 1067 3294 1135 σοφίαν,
3323 1070 3417 1123 καὶ
3445 1071 3484 1137 ἡ
3513 1066 3766 1137 μελέτη

2164 1158 2272 1226 τῆς
2293 1158 2539 1226 καρδίας
2565 1177 2683 1228 μου
2703 1161 2976 1214 σύνεσιν.
3021 1159 3254 1230 Ἐπειδὴ,
3287 1163 3428 1214 κατὰ
3452 1161 3547 1214 τὸν
3589 1160 3770 1212 Ἀπό-

2164 1249 2367 1314 στολον,
2393 1251 2614 1318 Καρδίᾳ
2653 1253 2992 1306 πιστεύεται
3029 1257 3114 1320 εὶς
3139 1251 3558 1320 δικαιοσύνην,
3608 1254 3766 1307 στέο

2159 1360 2298 1413 yart
2320 1342 2386 1396 δὲ
2408 1344 2772 1412 ὁμολογεῖται
2793 1345 2880 1408 εἰς
2901 1346 3217 1412 σωτηρίαν,
3244 1343 3337 1394 καὶ
3357 1345 3388 1412 ἡ
3413 1344 3765 1414 ἀμφοτέρων

2165 1433 2222 1483 ὲν
2251 1430 2462 1494 τούτοις
2504 1433 2748 1503 ἐνέργεια
2789 1431 3078 1485 ὑποϐάλλει
3119 1434 3213 1505 τὴν
3252 1431 3610 1502 τελειότητα’
3662 1432 3766 1486 διὰ

2165 1521 2320 1575 τοῦτο
2349 1523 2631 1593 ἀμφότερα
2665 1525 2692 1575 6
2722 1523 2876 1590 λόγος
2919 1523 2975 1574 ὲν
3002 1523 3078 1593 τῷ
3111 1524 3256 1595 αὑτῷ
3289 1523 3609 1592 συνείληφε,
3653 1528 3766 1591 τήν

497 1615 676 1672 cordis
715 1614 1146 1672 meditationem.
1198 1621 1409 1676 Etenim
1455 1618 1499 1670 si
1553 1618 1751 1671 bonum
1797 1618 1849 1670 in
1900 1617 2062 1671 corde

2203 1631 2224 1666 ε
2251 1613 2345 1666 τοῦ
2373 1617 2635 1683 στόματος
2661 1616 2955 1686 ἐνέργειαν,
2977 1617 3071 1668 καὶ
3095 1619 3190 1688 τὴν
3211 1619 3310 1689 τῆς
3333 1615 3566 1687 καρδίας
3598 1615 3767 1683 μελέ-

499 1710 648 1780 prius
682 1725 788 1765 non
844 1711 1008 1765 fuerit
1057 1713 1375 1781 repositum,
1411 1710 1686 1779 quomodo
1743 1711 2059 1765 thesaurum

2203 1721 2282 1775 ην.
2329 1705 2452 1759 Ἐάν
2484 1723 2542 1757 τε
2571 1705 2678 1775 γὰρ
2709 1702 2839 1778 μὴῇ
2873 1707 2934 1758 16
2959 1709 3157 1775 ἀγαθὸν
3194 1713 3249 1762 ἐν
3282 1715 3346 1780 τῇ
3380 1707 3586 1779 καρδίᾳ
3619 1723 3770 1775 προ-

499 1819 590 1872 per
622 1819 685 1860 os
723 1804 961 1875 proferet
991 1806 1082 1874 qui
1121 1819 1222 1858 non
1263 1802 1506 1872 possidet
1532 1802 1682 1857 illum
1722 1802 1774 1856 iu
1817 1800 2063 1855 occulto?

2203 1795 2540 1867 ποκείμενον,
2585 1795 2701 1859 πῶς
2747 1798 3050 1870 προενὲγκῃ
3078 1798 3185 1869 (69)
3217 1801 3305 1853 τὸν
3344 1797 3627 1870 Θησαυρὸν
3667 1795 3765 1849 διὰ

500 1895 588 1963 qui
625 1912 755 1952 vero
783 1899 925 1952 bona
957 1897 1135 1952 cordis
1163 1896 1346 1958 habet,
1369 1910 1430 1949 ea
1457 1895 1500 1950 si
1541 1897 1708 1950 verbo
1742 1909 1844 1948 non
1887 1892 2062 1948 divul-

2203 1887 2256 1940 οὗ
2287 1891 2548 1960 στόματος
2569 1892 2596 1942 ὁ
2628 1889 2700 1960 μὴ
2723 1890 3054 1959 κεκτημένος
3081 1893 3138 1944 ὲν
3168 1893 3244 1963 τῷ
3267 1891 3530 1963 κρυπτῷς
3566 1889 3665 1942 ἐάν
3696 1903 3765 1939 τε

500 1989 843 2056 get,dicetur
889 1989 1004 2043 illi:
1036 1986 1308 2057 Sapientia
1358 1989 1633 2050 absconsa,
1683 1997 1732 2040 et
1790 1985 2064 2039 thesaurus

2203 1999 2303 2051 χων
2335 1984 2401 2036 τὰ
2439 1985 2536 2054 τῆς
2562 1981 2782 2053 καρδίας
2812 1980 2994 2047 ἀγαθὰ
3031 1984 3105 2053 μὴ
3140 1983 3434 2053 δημοσιεύῃ
3476 1981 3558 2051 τῷ
3588 1981 3766 2048 λόγῳ,

501 2075 717 2142 invisus,
750 2093 866 2145 quae
915 2077 1117 2131 utilitas
1182 2078 1239 2130 in
1290 2075 1624 2146 utrisque“?
1660 2075 1866 2131 Idcirco
1915 2085 1970 2128 ut
2001 2075 2065 2128 ad

2203 2073 2484 2144 εχθήσεται
2512 2075 2689 2148 αὐτῷ·
2722 2077 2909 2145 Σοφία
2944 2071 3339 2141 κεκρυμμένη,
3379 2072 3478 2123 καὶ
3526 2075 3774 2135 θησαυ-

503 2167 729 2223 aliorum
757 2169 1043 2224 utilitatem
1083 2183 1144 2223 os
1195 2183 1372 2222 meum
1423 2167 1678 2236 loquatur
1724 2167 2064 2237 sapientiam,

2203 2166 2269 2232 ὂς
2302 2167 2557 2234 ἀφανὴς,
2603 2170 2692 2235 τίς
2723 2170 2973 2239 ὠφέλεια
3013 2166 3083 2220 ὲν
3119 2162 3505 2235 (ipsaetéporc;
3554 2162 3774 2231 Διόπερ

503 2269 574 2312 Ita
600 2260 666 2312 ad
696 2270 939 2314 nostrum
996 2261 1232 2329 ipsorum
1267 2259 1569 2329 proiectum
1596 2274 1692 2315 cor
1720 2258 2061 2327 prudentiam

2203 2260 2248 2320 ίς
2283 2259 2380 2328 μὲν
2422 2259 2529 2310 τῶν
2558 2261 2757 2330 ἐτέρων
2786 2261 3059 2332 ὠφέλιμον
3097 2258 3206 2327 ('70)
3237 2256 3297 2308 16
3326 2254 3503 2325 στόμα
3533 2271 3643 2324 μου
3671 2252 3774 2315 λῆ-

503 2350 810 2404 meditetur.
848 2349 1010 2404 Vnus.
1048 2351 1402 2404 5.1nclinabo
1440 2354 1495 2404 in
1535 2349 1839 2419 parabolam
1885 2365 2068 2404 aurem

2203 2347 2324 2401 είτω
2364 2349 2575 2418 σοφίαν,
2615 2352 2694 2412 είς
2732 2351 2790 2403 δὲ
2833 2352 2931 2421 τὴν
2955 2351 3228 2421 ἡμέτεραν
3256 2345 3434 2401 αὐτῶν
3468 2344 3772 2416 προκοπὴν

504 2458 689 2507 meam,
731 2444 965 2512 aperiam
1013 2443 1070 2496 in
1113 2444 1361 2510 psalterio
1418 2443 1822 2512 propositionem
1879 2457 2066 2496 meam.

2203 2495 2205 2512 δ
2231 2443 2424 2516 καρδία
2447 2443 2719 2514 μελετάτω
2743 2443 2972 2495 σύνεσιν.
2991 2443 3188 2495 Κλινῶ
3213 2447 3298 2509 εἰς
3313 2440 3681 2510 παραϐολὴν
3700 2440 3772 2491 τὸ

506 2533 690 2591 Adhuc
721 2534 986 2606 Propheta
1026 2549 1175 2590 suam
1198 2534 1366 2604 ipsius
1390 2550 1674 2605 personam
1705 2534 2067 2596 commendat,

2203 2537 2278 2604 ire
2293 2555 2430 2606 μου,
2447 2538 2665 2602 ἀνοίξω
2675 2538 2744 2590 ἐν
2760 2536 3068 2605 ψαλτηρίῳ
3081 2536 3148 2587 τὸ
3167 2533 3632 2602 πρόϐλημὰμου.
3645 2531 3772 2581 Ἔτι

506 2640 562 2682 ut
596 2644 662 2682 ne
694 2629 864 2696 ipsius
899 2643 1182 2683 sermones
1214 2639 1471 2696 tauquam
1495 2642 1562 2682 ex
1587 2629 1804 2681 invento
1833 2628 2072 2680 humano

2205 2632 2232 2683 6
2265 2630 2457 2684 ἑαυτοῦ
2492 2632 2780 2700 πρόσωπον
2816 2629 3123 2698 συνίστησιν
3151 2629 3180 2679 6
3211 2627 3525 2695 Προφήτης,
3555 2623 3651 2674 ἵνα
3690 2621 3769 2691 μὴ

507 2718 698 2786 prolati
729 2726 1219 2771 contemnerentur.
1255 2716 1403 2782 Quae,
1437 2716 1630 2784 inquit,
1671 2731 1700 2769 a
1735 2715 1936 2784 Spiritu
1979 2714 2073 2766 do-

2205 2721 2632 2791 ὑκαταφρόνητοι
2661 2714 2790 2773 ὦσιν
2815 2721 2863 2771 οἱ
2889 2720 3032 2787 λόγοι
3055 2719 3130 2782 ὡς
3156 2717 3262 2771 ἀπὸ
3289 2714 3644 2788 ἀνθρωπίνης
3679 2716 3771 2767 εὑ-

511 2821 663 2871 ceor,
697 2822 762 2860 ea
804 2807 961 2860 vobis
998 2806 1285 2873 annuntio,
1332 2804 1466 2859 nihil
1499 2805 1685 2860 dicens
1722 2805 1866 2874 quod
1898 2818 2072 2858 meum

2203 2811 2379 2876 »ἐσεως
2400 2813 2814 2885 προφερόμενοι.
2849 2813 2911 2864 Ἃ
2930 2811 3272 2882 διδάσκομαι,
3309 2810 3462 2881 φησὶ,
3490 2810 3650 2879 παρὰ
3673 2806 3772 2860 τοῦ

510 2901 598 2963 sit,
633 2897 794 2968 179
821 2908 913 2953 aut
937 2899 1234 2952 humanum
1265 2913 1278 2949 :
1311 2897 1404 2952 sed
1432 2898 1559 2966 quia
1591 2897 1806 2951 auditor
1838 2912 1957 2952 sum
1994 2898 2074 2950 fa-

2203 2905 2515 2976 Ινεύματος,
2545 2903 2716 2958 ταῦτα
2751 2906 2878 2975 ὑμῖν
2904 2904 3217 2973 ἁναγγέλλω
3251 2904 3385 2971 {71),
3411 2901 3565 2955 οὐδὲν
3607 2903 3632 2952 ὲ
3685 2910 3769 2957 ον.

512 3000 631 3045 ctus
656 2989 1081 3060 pr0positionum
1126 2987 1385 3058 Spiritus,
1435 2987 1489 3043 in
1525 2988 1782 3059 mysterio
1817 2989 2078 3044 tradentis

2203 2997 2329 3050 ιὺδὲν
2358 2995 2690 3066 ἀνθρώπινον
2719 2993 2891 3061 λέγων
2911 3011 2923 3024 ·
2957 2993 3071 3046 ἀλλ’
3109 2991 3297 3060 ἐπειδὴ
3343 2991 3618 3056 κατήκοος
3647 3000 3774 3051 εγε-

513 3085 668 3138 nobis
700 3085 870 3153 ipsam
903 3083 994 3138 Dei
1028 3083 1373 3154 sapientiam,
1417 3082 1601 3151 aperio
1635 3083 1788 3136 vobis
1819 3091 1873 3136 et
1903 3081 2076 3135 mani-

2203 3089 2352 3157 νόμην
2385 3086 2491 3137 τῶν
2527 3085 2922 3154 προϐλημάτων
2967 3084 3056 3136 τοῦ
3086 3083 3417 3149 Πνεύματος,
3459 3080 3518 3130 ἐν
3558 3093 3773 3146 μυστη-

515 3170 711 3224 festam
740 3171 881 3225 facio
909 3172 1360 3239 propositionem,
1383 3173 1564 3241 aperio
1595 3179 1771 3223 autem
1801 3187 1904 3224 non
1925 3171 2080 3223 aliter

2203 3177 2284 3247 aio)
2319 3175 2698 3245 παραδιδόντος
2740 3177 2869 3245 ἡμῖν
2898 3175 2996 3245 τὴν
3026 3172 3118 3227 τοῦ
3147 3171 3280 3224 Θεοῦ
3318 3171 3531 3240 σοφίαν,
3563 3167 3770 3235 ἀνοίγω

515 3278 671 3332 quam
707 3278 803 3330 per
838 3264 1175 3332 psalterium.
1204 3262 1301 3315 Est
1321 3272 1497 3316 autem
1532 3261 1846 3332 psalterium
1877 3262 2080 3316 instru-

516 3363 755 3406 mentum
794 3353 1084 3418 musicum,
1116 3367 1278 3407 sonos
1310 3353 1575 3407 concinne
1633 3353 1865 3408 reddens
1901 3354 1967 3408 ad
1993 3369 2084 3408 vo-

520 3444 602 3498 cis
625 3445 1068 3499 modulationem.
1109 3444 1395 3500 Rationale
1433 3445 1595 3515 igitur
1627 3445 1944 3515 psalterium
1971 3454 2084 3500 tum

519 3538 755 3592 maxime
783 3538 1047 3608 aperitur,
1086 3553 1207 3593 cum
1247 3537 1489 3593 actiones
1553 3539 1894 3594 sermonibus
1951 3555 2086 3595 con-

523 3641 796 3686 sentanea:
827 3633 1130 3685 redduntur
1155 3648 1219 3686 ac
1241 3633 1558 3688 concordes.
1601 3632 1668 3688 Et
1704 3631 1791 3686 ille
1819 3641 1900 3687 est
1929 3633 2088 3703 spiri-

524 3722 670 3775 tuale
697 3722 1030 3791 psalterium,
1055 3724 1142 3791 qui
1178 3721 1307 3776 fecit
1337 3732 1390 3776 et
1413 3723 1611 3777 docuit.
1649 3723 1748 3777 Hic
1784 3723 1834 3776 in
1869 3722 2089 3790 psalmis

527 3814 700 3883 aperit
724 3814 1165 3884 propositionem,
1197 3814 1647 3867 docmnentorum
1675 3814 2086 3881 possibilitatem

531 3922 628 3962 suo
687 3907 857 3976 ipsius
905 3906 1151 3976 exemplo
1210 3918 1536 3975 proponens.
1587 3903 1868 3972 Tanquam
1928 3904 2090 3974 igitur

535 3996 734 4050 nullius
774 3998 850 4051 rei
884 3997 1223 4051 inconcinna!
1249 4005 1340 4051 aut
1372 3997 1566 4050 rationi
1601 3996 1956 4050 dissentanea:
1989 3995 2089 4051 sibi

532 4088 586 4139 in
609 4086 715 4138 vita
743 4085 1014 4148 conscius,
1048 4087 1119 4138 ila
1144 4086 1478 4141 conﬁdenter
1502 4101 1782 4141 sermones
1806 4096 2093 4157 sequentes

2183 3269 2316 3338 ἡμῖν
2345 3266 2439 3319 καὶ
2474 3265 2700 3336 φανερὸν
2730 3264 3023 3333 καθίστημι
3053 3263 3110 3315 τὸ
3139 3261 3451 3332 πρόϐλημα,
3479 3261 3689 3328 ἁνοίγω
3711 3256 3770 3310 δὲ

2184 3360 2280 3428 οὐχ
2313 3358 2513 3430 ἑτέρως
2547 3357 2579 3428 ἢ
2621 3356 2709 3410 διὰ
2740 3355 3055 3427 ψαλτηρίου.
3091 3357 3248 3408 Ἔστι
3278 3355 3336 3408 δὲ
3368 3354 3428 3406 τὸ
3464 3353 3770 3422 ψαλτήριον

2185 3451 2413 3521 ὖργανον
2442 3449 2716 3519 μουσικὸν,
2747 3448 3082 3519 ὲναρμονίως
3123 3451 3249 3510 τοὺς
3282 3446 3552 3514 φθόγγους
3581 3440 3773 3493 ἀποδι-

2189 3544 2279 3597 δὸν
2309 3543 2445 3616 πρὸς
2475 3541 2570 3613 τὴν
2599 3544 2662 3594 ὲκ
2696 3542 2878 3612 φωνῆς
2911 3539 3192 3610 μελῳδίαν.
3226 3539 3300 3589 T6
3332 3537 3508 3588 τοίνυν
3550 3533 3770 3600 λογικὸν

2188 3637 2484 3707 ψαλτήριον
2525 3635 2643 3688 τότε
2682 3635 2954 3701 ἀνοίγεται
3010 3633 3256 3702 μάλιστα,
3291 3630 3418 3679 ὅταν
3447 3629 3502 3679 αἱ
3540 3625 3771 3695 πράξεις

2191 3723 2294 3782 ὦσι
2344 3725 2646 3796 συμφώνως
2695 3727 2807 3787 τοῖς
2842 3719 3019 3790 λόγοις
3063 3720 3460 3789 ἁποδιδόμεναι.
3499 3718 3770 3780 Κάκεῖνος

2193 3821 2309 3872 ἐστι
2341 3819 2704 3888 πνευματικὸν
2728 3817 3042 3885 ψαλτήριον,
3077 3815 3105 3866 6
3140 3814 3370 3883 ποιήσας
3403 3811 3496 3863 καὶ
3528 3809 3768 3874 διδάξας.

2193 3905 2359 3972 Οὗτος
2402 3908 2460 3960 ὲν
2496 3908 2727 3977 ψαλμοῖς
2767 3906 2969 3974 ἀνοίγει
3004 3906 3063 3958 τὸ
3092 3905 3404 3975 πρόϐλημα,
3451 3904 3510 3955 16
3549 3903 3771 3955 δυνατδν

2193 4001 2298 4055 τῶν
2339 3999 2677 4070 διδαγμάτων
2724 4000 2789 4051 ἐκ
2828 3997 2924 4050 τοῦ
2973 3996 3092 4050 καθ’
3140 3997 3328 4049 ἑαυτὸν
3377 3994 3773 4063 ὑποδείγματος

2195 4091 2490 4164 προτιθείς.
2531 4091 2618 4153 Ὠς
2646 4086 2736 4143 οὖν
2768 4089 2932 4160 μηδὲν
2965 4089 3321 4159 ἀνάρμοστον,
3367 4087 3498 4157 μηδὲ
3545 4085 3774 4153 ἐκμελὲς

530 4177 757 4248 profert.
784 4177 892 4232 Cur
915 4177 1104 4230 timebo
1142 4178 1196 4229 in
1235 4179 1323 4230 die
1353 4176 1536 4231 mala?
1575 4177 1840 4243 Iniquitas
1865 4179 2091 4233 calcauei

2203 4184 2375 4255 ἑαυτῷ
2412 4181 2662 4242 συνειδὼς
2692 4181 2829 4235 κατὰ
2855 4181 2944 4233 τὸν
2975 4180 3111 4251 βίον,
3142 4179 3314 4242 οὕτως
3354 4181 3410 4232 ἐν
3449 4177 3772 4244 πεποιθήσει

532 4272 632 4324 mei
661 4287 762 4323 non
795 4267 1139 4322 circumdabit
1170 4283 1268 4321 me.
1312 4265 1505 4320 Malam
1537 4270 1699 4332 diem,
1740 4271 1924 4338 judicii
1955 4271 2091 4325 diem

2203 4280 2433 4332 ποιεῖται
2461 4278 2585 4339 τοὺς
2607 4275 2796 4344 λόγους
2821 4276 2945 4336 τοὺς
2971 4271 3186 4341 ἐφεξῆς·
3225 4272 3348 4324 Ἵνα
3398 4269 3455 4321 τί
3479 4268 3773 4336 φοϐοῦμαι

533 4362 681 4424 dicit,
713 4361 779 4415 de
812 4375 915 4429 qua
951 4360 1154 4415 dictum
1186 4367 1307 4413 est:
1337 4357 1457 4412 Dies
1488 4357 1700 4412 Domini
1733 4363 2091 4414 immedicabi-

2203 4372 2269 4425 ἐν
2300 4369 2489 4439 ἡμέρᾳ
2522 4363 2790 4432 πονηρᾷ;
2838 4365 2907 4416 'H
2950 4361 3165 4429 ἀνομία
3205 4358 3313 4426 τῆς
3352 4356 3611 4424 πτέρνης
3656 4375 3772 4425 μου

533 4450 597 4506 lis
613 4451 656 4483 “
688 4453 741 4506 in
769 4465 953 4507 omnes
998 4459 1217 4520 gentes:
1244 4449 1294 4502 in
1325 4463 1449 4519 qua,
1480 4449 1554 4502 ait
1587 4450 1869 4518 propheta,
1901 4465 2091 4506 unum-

2204 4467 2276 4518 οὺ
2308 4459 2603 4516 κυκλώσει
2620 4476 2696 4527 με
2728 4455 2858 4526 (72).
2889 4452 3136 4523 Πονηρὰν
3170 4451 3511 4522 ἡμέραν-τὴν
3544 4451 3642 4520 τῆς
3669 4451 3770 4521 κρίο

606 4617 650 4650 ³’
678 4618 836 4672 Rom.
862 4634 918 4681 x,
953 4616 1040 4671 10.
1115 4617 1162 4648 ⁸ο
1192 4617 1358 4672 Eccli.
1385 4630 1476 4680 xx,
1506 4615 1594 4669 ‘52.
1672 4616 1714 4646 “
1738 4615 1839 4669 lsa.
1864 4633 1984 4680 xm,
2011 4618 2062 4674 9.

610 4758 722 4830 (68)
754 4760 829 4813 Ita
872 4757 1015 4830 editi
1044 4771 1165 4830 cum
1203 4756 1563 4830 Regiissexto
1601 4757 1964 4830 etusecundo.
1999 4755 2109 4830 ᾼΙίἱ

539 4825 632 4882 sex
698 4825 828 4885 inss.
871 4827 1198 4900 Ἐκκλησίαν
1247 4825 1340 4879 τοῦ
1386 4827 1614 4896 Κυρίου,
1664 4825 1953 4879 Ecclesium
1996 4825 2108 4879 Do-

538 4915 693 4951 mam.

614 4969 726 5038 (69)
784 4969 874 5022 Sic
926 4983 1061 5022 mss.
1115 4967 1376 5038 quinque.
1442 4967 1576 5033 Reg.
1611 4966 1878 5020 secundus
1938 4981 2113 5038 atpos-

543 5038 762 5111 ενέγκῃ.
789 5039 930 5111 Editi
974 5053 1101 5093 vero
1136 5037 1271 5091 cum
1304 5037 1481 5111 Regio
1537 5039 1725 5111 quinto
1756 5037 2102 5107 προενέγκει.

545 5111 693 5164 Haud
715 5107 879 5180 longe
908 5110 1040 5177 Reg.
1076 5111 1265 5180 tertius
1298 5107 1652 5180 δημοσιεύσῃ.

618 5180 730 5251 (70)
756 5174 932 5251 Editio
956 5174 1124 5251 B'asil.
1157 5193 1279 5251 cum
1309 5174 1487 5251 Regiis
1509 5174 1745 5251 secundo
1774 5186 1843 5251 et_
1863 5183 2016 5230 sexto
2055 5174 2116 5226 16

547 5247 819 5321 ἑκατέρων
852 5249 1146 5321 ὠφέλιμον,
1166 5256 1221 5300 et
1258 5249 1328 5299 ita
1376 5248 1567 5321 legiSse
1594 5247 1801 5321 videtur
1831 5247 2116 5321 interpres,

549 5323 637 5389 qui
667 5315 844 5374 vertat
869 5338 882 5374 :
905 5315 985 5372 Ad
1021 5315 1295 5389 utriusque
1325 5315 1499 5371 usum.
1537 5318 1607 5370 At
1648 5315 1813 5370 editio
1840 5315 2013 5389 Par_is.
2063 5322 2118 5366 et

548 5384 717 5445 codex
762 5389 1004 5445 Comhef.
1041 5402 1165 5441 cum
1201 5384 1330 5441 aliis
1381 5399 1612 5452 quatuor
1662 5392 1716 5438 et
1763 5398 1885 5438 cum
1917 5384 2114 5438 Catena

550 5461 778 5515 tiorder.
807 5469 865 5512 ut
892 5461 945 5513 in
970 5468 1138 5520 textu,
1171 5459 1325 5510 bene.
1354 5455 1550 5509 Statim
1592 5456 1727 5523 Reg.
1769 5455 1962 5510 tertius
1989 5469 2119 5523 καρ-

549 5530 637 5585 δία
667 5546 788 5597 μου.
810 5530 877 5582 At
901 5529 1049 5584 deest
1087 5544 1187 5597 μου
1221 5526 1456 5597 in_editis
1487 5535 1541 5580 et
1574 5527 1629 5597 in
1660 5524 1780 5577 aliis
1811 5539 1943 5578 mss.

625 5595 736 5668 (Ἡ)
764 5599 873 5654 Sic.
911 5598 1049 5654 Oliv.
1077 5595 1357 5668 liLAltgi-IC.
1393 5612 1514 5668 cum
1544 5596 1664 5668 aliis
1688 5602 1944 5668 quatuor
1988 5607 2116 5646 mss.

550 5664 782 5724 etcum
838 5669 1070 5723 editione
1124 5665 1289 5721 Basil.
1347 5669 1418 5719 At
1465 5664 1760 5719 Colhertini
1809 5664 2027 5732 quintus
2068 5671 2120 5716 et

556 5748 740 5797 sextus
779 5754 901 5794 cum
934 5738 1098 5808 Regio
1126 5737 1283 5808 tertio
1313 5746 1365 5791 ct
1392 5752 1512 5789 cum
1543 5734 1997 5808 CatguaCor‘der.
2024 5734 2117 5808 διν-

558 5809 792 5874 ιγνελῶ,
816 5803 1155 5863 annuntiabo.
1186 5806 1362 5862 Ειίἰὲἱο
1411 5814 1587 5862 nostra
1644 5805 1818 5859 Paris.
1857 5803 2120 5869 ἀναγγέλ-

2208 4760 2304 4812 λω.
2337 4757 2456 4811 Mox
2486 4752 2612 4807 editi
2646 4764 2767 4804 cum
2836 4748 2971 4814 Reg.
3013 4745 3213 4814 quinto
3247 4741 3411 4808 λέγω.
3445 4742 3515 4793 At
3551 4739 3690 4796 Oliv.
3726 4750 3775 4792 et

2209 4829 2416 4896 Anglic.
2438 4839 2571 4896 cum
2598 4821 2717 4874 aliis
2747 4825 2963 4896 septeni
2977 4813 3108 4896 mss.
3153 4813 3355 4896 λέγων.
3436 4881 3449 4896 ¹
3619 4879 3637 4896 ἵ
3670 4877 3682 4895 ο

2285 4879 2413 4969 (ἢεί)-
2433 4893 2607 4969 Editio
2637 4879 2868 4969 utraque
2925 4886 3088 4969 Basil.
3117 4891 3167 4969 et
3197 4881 3487 4969 Raris..06L
3503 4879 3773 4969 iconicum;

2263 4951 2308 5030 εξ
2362 4951 2484 5020 Non
2526 4951 2870 5014 circumdabit
2900 4972 3000 5030 me.
3169 4965 3341 5030 neque
3386 4951 3574 5015 Hebr.,
3611 4966 3776 5017 neque

2264 5023 2380 5100 XX,
2412 5047 2586 5110 neque
2617 5043 2748 5084 mss.
2792 5026 2958 5108 nostri
2990 5023 3307 5104 particulam
3335 5031 3632 5102 negantem
3674 5037 3774 5100 ρι-

2215 5091 2423 5162 hibeat.
2452 5091 2591 5155 Hinc
2627 5098 2902 5154 contentio
2935 5091 3018 5149 est
3064 5093 3208 5146 inter
3238 5091 3598 5162 peritissimos
3632 5091 3775 5162 _viros

2217 5159 2467 5230 biicieum
2494 5181 2547 5224 et
2575 5167 2976 5223 Combeiisium.
3011 5162 3108 5215 llic
3164 5160 3409 5230 voculam
3440 5161 3498 5212 οὺ
3540 5159 3765 5230 retinen-

2219 5228 2363 5306 dam,
2388 5242 2481 5296 ille
2510 5239 2786 5294 delendam
2815 5249 2933 5290 esse
2967 5232 3284 5306 existimat:
3302 5229 3690 5306 Favetpuca‘o
3709 5228 3773 5306 _li-

2219 5299 2439 5370 brorum
2471 5325 2601 5364 mss.
2639 5312 2938 5362 auctoritas
2981 5319 2995 5355 :
3058 5301 3202 5355 favet
3245 5299 3572 5370 Comheiisio
3618 5299 3776 5370 series

2219 5367 2499 5442 orationis,
2547 5394 2687 5448 quae,
2741 5386 2800 5448 u_t
2859 5381 3029 5448 patet,
3069 5371 3314 5448 voculam
3366 5369 3437 5448 ος).
3478 5367 3775 5448 necessario

2220 5435 2405 5522 exigit.
2437 5435 2544 5504 Aut
2567 5435 2733 5519 igitur
2761 5435 3143 5522 Basilius—cum
3175 5441 3288 5494 haec
3313 5435 3777 5522 scriheret,.t‘alst_ts

2225 5506 2486 5578 memoria
2521 5506 2652 5574 est:
2689 5525 2781 5569 aut
2834 5515 2886 5568 in
2939 5512 3118 5578 aliquo
3149 5507 3442 5578 exemplari
3496 5506 3558 5558 οὐ
3595 5506 3776 5578 legisse

2227 5575 2499 5664 putandus
2525 5599 2656 5664 est.
2689 5587 2880 5664 Utrum
2914 5575 3238 5664 Potiti-£30“?
3274 5575 3776 5664 dixerimtaiterpm
3820 5639 3824 5644 .

2228 5646 2377 5719 certe
2397 5659 2683 5727 contigisse
2715 5652 2965 5727 Oport‘uit-
3021 5649 3128 5727 Sed
3180 5649 3294 5702 sive
3323 5646 3554 5727 Basilius
3585 5659 3775 5727 memo-

2228 5714 2470 5803 ria-plus
2520 5714 2674 5803 ai’quo
2708 5714 3004 5803 conlidens,
3062 5719 3195 5772 falso
3215 5714 3776 5803 crediderithogloco

2229 5787 2544 5868 particulam
2570 5787 2705 5852 ὁὺίο
2737 5796 3013 5858 Scriptura
3057 5789 3300 5858 reperiri,
3347 5787 3460 5842 sive
3523 5790 3576 5842 in
3613 5790 3777 5844 Bibliis
