4016 6446
288 415 388 462 457

1382 416 1660 472 HOMILIA
1698 421 1764 474 IN
1801 421 2125 474 PSALMEM
2166 418 2392 473 XLViil.

3431 427 3528 479 458

288 546 431 590 σεως
461 529 628 596 λέγει,
663 529 792 599 περὶ
833 521 900 598 ἦς
945 526 1175 598 εἴρηται·
1210 531 1428 598 Ἡμέρα
1460 535 1680 602 Κυρίου
1706 537 1870 590 ἀνία-

1976 548 2243 603 quemque
2302 532 2714 588 circumdabunt
2747 535 2974 589 consilia
3030 536 3217 593 sua".
3250 536 3399 593 Tunc
3429 541 3532 594 ita-

289 638 395 687 τος
418 621 714 675 ἐπὶοπάντα
733 619 800 672 τὰ
830 619 975 691 ἔθνη,
1014 622 1071 678 ὲν
1097 617 1152 697 ᾖ,
1187 623 1349 693 φησὶν
1384 626 1411 677 6
1437 627 1741 698 προφήτης,
1775 629 1857 681 ὅτι

290 714 560 769 κυκλώσει
592 715 816 768 ἕκαστον
844 712 911 766 τὰ
942 713 1216 770 διαϐούλια
1246 716 1431 769 αὑτοῦ.
1465 720 1596 772 Τότε
1633 718 1744 785 οὖν,
1773 722 1859 774 διὰ

290 803 352 856 τὸ
386 804 548 875 μηδέν
585 819 671 873 μοι
712 801 1020 873 πεπρᾶχθαι
1052 806 1250 874 ἄνομον
1290 807 1347 859 ὲν
1379 810 1443 878 τῇ
1477 807 1582 876 ὁδῷ
1627 811 1691 879 τῇ
1717 810 1859 864 κατὰ

291 895 382 949 τὸν
415 895 547 965 βίον,
580 893 639 945 οὑ
680 892 950 966 φοϐοῦμαι
977 896 1075 965 τὴν
1109 895 1321 966 ἡμέραν
1357 899 1455 968 τὴν
1484 899 1740 970 πονηράν.
1782 902 1857 954 Οὑ

291 987 401 1057 γὰρ
423 986 805 1055 περιστήσεταί
831 1005 918 1059 μοι
943 988 1010 1040 τά
1043 986 1165 1056 ἴχνη
1194 990 1299 1042 τῶν
1324 991 1745 1061 ἡμαρτημένων,
1769 995 1861 1045 οὑ-

291 1081 351 1133 δὲ
407 1077 674 1132 κυκλώσει
739 1098 824 1150 με,
874 1084 930 1133 ὲν
987 1082 1053 1150 τῇ
1105 1082 1364 1154 σιωπὼσῃ
1419 1083 1717 1154 κατηγορίᾳ
1770 1084 1859 1137 τὸν

293 1168 514 1239 ἔλεγχόν
555 1186 645 1238 μοι
689 1171 977 1238 ἐπάγοντα.
1009 1169 1194 1234 Οὐδεὶς
1227 1171 1335 1239 γάρ
1381 1186 1472 1222 σου
1506 1170 1690 1240 ἕτερος
1735 1189 1868 1225 κατ-

294 1259 490 1329 ήγορος
523 1259 775 1329 στήσεται
805 1260 836 1329 ἥ
875 1257 1035 1309 αὑταὶ
1063 1262 1116 1311 αἰ
1157 1258 1384 1329 πράξεις
1427 1257 1564 1327 μετὰ
1592 1259 1692 1328 τῆς
1727 1260 1862 1322 ἰδίας

298 1351 511 1421 μορφῆς
539 1351 740 1423 ἑκάστη
773 1353 1145 1422 παρισταμένη
1169 1368 1184 1382 ⁸
1210 1355 1243 1422 ή
1275 1351 1504 1421 μοιχεία,
1540 1354 1572 1421 ή
1607 1351 1802 1421 κλοπὴ,
1833 1352 1865 1420 ή

296 1441 541 1513 πορνεία,
591 1445 726 1514 μετὰ
760 1442 860 1510 τῆς
892 1444 1101 1509 νυκτὸς,
1148 1442 1284 1514 μετὰ
1327 1442 1421 1493 τοῦ
1461 1443 1682 1512 τρόπου,
1729 1442 1866 1511 μετὰ

297 1530 404 1585 τῶν
437 1531 943 1604 χαρακτηριζόντων
969 1533 1134 1601 αὐτὴν
1180 1532 1502 1602 ἰδιωμάτων,
1548 1531 1642 1584 καὶ
1693 1529 1867 1596 ἁπαξ-

297 1621 500 1687 απλῶς,
536 1623 736 1693 ἑκάστη
774 1623 1012 1694 ἁμαρτία
1058 1623 1193 1694 μετὰ
1232 1623 1324 1677 τοῦ
1353 1623 1482 1677 ἰδίου
1523 1623 1867 1696 χαρακτῆρος

299 1715 504 1785 ἐναργῆ
533 1713 766 1784 φέρουσα
795 1715 890 1786 τὴν
923 1717 1221 1785 ὑπόμνησιν
1249 1717 1671 1785 παραστήσεται.
1733 1714 1864 1784 Ἐμὲ

1962 640 2089 693 que,
2114 625 2239 694 quia
2291 625 2428 679 nihil
2465 638 2493 676 a
2529 639 2614 677 me
2651 624 2824 695 iniqui
2877 625 2929 679 in
2981 625 3103 680 vita:
3131 627 3213 679 via
3260 637 3528 695 patratum

1962 725 2067 777 est,
2099 712 2294 768 malam
2332 732 2436 769 non
2465 713 2662 766 timebo
2708 713 2870 767 diem.
2904 711 3037 766 Nam
3071 724 3413 780 peccatorum
3438 731 3532 771 ve-

1963 806 2122 874 Stigia
2153 820 2258 858 non
2292 822 2375 860 me
2411 803 2837 867 circumsistent,
2872 819 3044 872 neque
3092 804 3528 874 circumdahunt,

1964 898 2125 951 tacita
2175 899 2520 953 accusatione
2580 910 2666 950 me
2722 894 3080 965 objurgantia.
3146 895 3332 950 Nullus
3385 898 3530 951 enim

1968 987 2107 1041 alius
2138 998 2424 1042 accusator
2455 991 2528 1043 tui
2581 987 2829 1050 sistetur,
2863 1001 3026 1056 quam
3059 987 3170 1055 ipsa
3205 986 3369 1050 facta,
3402 1002 3527 1040 cum

1968 1093 2064 1133 sua
2098 1092 2324 1147 quaeque
2376 1077 2546 1132 forma
2604 1077 2839 1133 astantia
2872 1094 2885 1129 :
2913 1077 3262 1141 adulterium,
3292 1077 3527 1143 .turtum,

1969 1181 2235 1240 stuprum,
2273 1183 2394 1222 cum
2427 1179 2606 1235 nocte,
2642 1187 2763 1226 cum
2809 1170 2994 1234 modo,
3030 1184 3152 1225 eum
3192 1168 3532 1239 proprietati-

1971 1261 2070 1315 bus
2096 1260 2149 1314 id
2189 1258 2620 1328 designanlibus,
2654 1270 2707 1314 et
2741 1264 2792 1316 in
2829 1275 3060 1325 summa,
3100 1261 3526 1329 unumquodque

1972 1359 2249 1419 peccatum
2277 1365 2398 1405 cum
2431 1349 2650 1418 pr0prio
2690 1351 3003 1407 charactere
3046 1351 3391 1421 producetur,
3419 1349 3531 1406 cla-

1970 1454 2084 1492 ram
2112 1439 2343 1494 aﬂ'erens
2373 1438 2820 1495 recordationem.
2851 1440 2930 1492 Me
2956 1443 3120 1509 igitur
3155 1439 3374 1510 vestigia
3401 1454 3526 1508 pec—

1969 1538 2213 1584 catorum
2251 1544 2354 1583 non
2399 1531 2805 1586 circumdabunt
2833 1548 2845 1582 :
2875 1531 3068 1599 quippe
3099 1534 3223 1600 quia
3269 1530 3526 1586 inclinavi

1966 1623 2019 1674 in
2056 1621 2367 1691 parabolam
2410 1636 2594 1676 aurem
2636 1636 2831 1686 meam,
2878 1630 2932 1676 et
2966 1623 3152 1690 aperui
3180 1624 3231 1676 in
3261 1621 3519 1693 psalterio

1967 1714 2390 1782 propositionem
2421 1728 2617 1769 meam.

296 1803 390 1860 οὖν
438 1806 498 1857 οὑ
543 1799 807 1860 κυκλώσει
838 1811 905 1862 τὰ
937 1810 1054 1877 ἴχνη
1098 1809 1202 1858 τῶν
1242 1810 1665 1878 ἡμαρτημένων·
1719 1809 1853 1860 διότι
1891 1807 2099 1860 ἐκλινον
2121 1809 2199 1870 εἰς
2224 1808 2532 1879 παραϐολὴν
2569 1809 2632 1860 τὸ
2670 1802 2761 1871 οὖς
2800 1827 2921 1878 μου,
2963 1807 3150 1880 ήνοιξα
3172 1810 3229 1861 ὲν
3253 1807 3529 1882 ψαλτηρίῳ

296 1899 358 1950 τὸ
386 1897 673 1968 πρόϐλημά
705 1917 823 1968 μου.

366 1990 417 2042 3.
436 1991 498 2041 Οἱ
522 1991 867 2054 πεποιθότες
897 1989 995 2043 ἐπὶ
1023 1988 1098 2059 τῇ
1124 1990 1372 2060 δυνάμει
1399 1992 1614 2054 αὑτων,
1644 1991 1738 2044 καὶ
1764 1989 1863 2044 ἐπὶ

2033 1988 2088 2042 3.
2125 1986 2287 2040 Vens.
2320 1985 2373 2038 7.
2394 1984 2495 2048 Qui
2527 1984 2792 2051 conﬁdunt
2819 1984 2869 2036 in
2897 1984 3082 2038 virtute
3100 1993 3280 2048 sumet
3311 1986 3366 2038 in
3391 1987 3530 2039 mul-

297 2080 378 2145 τῷ
412 2079 623 2149 πλήθει
649 2079 753 2134 τοῦ
779 2083 1044 2136 πλούτου
1068 2083 1265 2136 αὐτῶν
1302 2081 1690 2152 καυχώμενοι.
1718 2083 1864 2154 Πρὸς

297 2171 390 2224 δύο
414 2172 673 2242 πρόσωπα
702 2172 779 2242 τῷ
804 2173 1060 2242 Προφήτῃ
1086 2175 1113 2224 ό
1146 2173 1299 2240 λόγος
1329 2175 1442 2226 ἐστί
1461 2190 1474 2203 ⁶
1502 2174 1634 2244 πρός
1667 2191 1725 2225 τε
1764 2189 1864 2243 γη-

298 2269 474 2333 γενεῖς
502 2267 594 2319 καὶ
628 2267 761 2336 πρὸς
789 2268 913 2327 τοὺς
946 2265 1249 2328 πλουσίους.
1278 2268 1400 2329 Τοῖς
1432 2269 1526 2337 μὲν
1558 2269 1664 2339 γὰρ
1697 2266 1866 2320 διαλέ-

298 2373 473 2424 γεται,
529 2357 803 2426 καθαιρῶν
847 2357 946 2426 τὴν
976 2359 1067 2409 ἐπὶ
1091 2360 1155 2427 τῇ
1181 2356 1406 2426 δυνάμει
1451 2359 1627 2412 αὐτῶν
1667 2359 1862 2428 οἴησιν,

299 2451 410 2508 τοῖς
430 2449 485 2501 δὲ
515 2449 610 2518 τὴν
642 2449 731 2504 ἐπὶ
757 2452 821 2519 τῇ
857 2449 966 2518 (75)
1001 2449 1282 2520 περιουσίᾳ
1319 2449 1428 2501 τῶν
1459 2449 1749 2519 κτημάτων
1777 2451 1870 2501 ἒπ-

301 2558 477 2611 αρσιν.
533 2541 735 2611 Ὑμεῖς,
768 2541 950 2611 φησὶν,
999 2541 1048 2592 οἱ
1084 2540 1398 2603 πεποιθότες
1426 2541 1515 2592 ἐπὶ
1547 2544 1611 2611 τῇ
1642 2540 1867 2608 δυνάμει

301 2631 493 2684 αὑτῶν.
537 2625 694 2684 Οὗτοι
725 2632 831 2702 γάρ
859 2631 906 2684 οἰ
935 2633 1203 2701 γηγενεῖς,
1231 2631 1278 2682 οἱ
1316 2629 1457 2699 ἰσχύϊ
1498 2627 1743 2699 σώματος
1776 2631 1870 2680 ἐπ-

302 2722 627 2786 ελπίζοντες,
669 2724 760 2774 καὶ
781 2723 1010 2792 οἰόμενοι
1036 2722 1279 2792 αὐτάρκη
1305 2718 1439 2773 εἶναι
1470 2720 1567 2791 τὴν
1600 2719 1872 2791 ἀνθρωπί-

303 2829 400 2880 νην
425 2811 581 2880 φὺσιν
609 2814 744 2882 πρὸς
769 2815 826 2866 τὸ
851 2814 1087 2887 δυνατῶς
1113 2813 1376 2866 ἐπιτελεῖν
1404 2814 1438 2866 δι
1468 2813 1733 2883 βούλεται.
1764 2814 1872 2865 Καὶ

306 2903 484 2973 ὑμεῖς,
521 2904 701 2971 φησὶν,
735 2905 781 2954 οἱ
821 2903 1139 2966 πεποιθότες
1167 2905 1257 2956 ἐπὶ
1287 2905 1513 2957 πλούτου
1563 2907 1870 2976 ἀδηλότητι,

304 2994 592 3048 ἀκούσατε.
621 2993 842 3063 Λύτρων
877 2995 1003 3064 ὑμῖν
1031 2995 1187 3064 χρεία
1231 2996 1366 3066 πρὸς
1399 2996 1458 3047 τὸ
1487 2997 1564 3058 εἰς
1593 2997 1688 3066 τὴν
1723 2997 1872 3048 ἐλευ⁴

307 3087 492 3157 θερίαν
527 3086 889 3157 ἐξαιρεθῆναι,
914 3089 979 3158 ἣν
1005 3087 1314 3160 ἀφῃρέθητε
1353 3089 1660 3159 νικηθέντες
1692 3093 1754 3160 τῇ
1786 3089 1888 3160 βίᾳ,

305 3175 399 3228 τοῦ
434 3177 696 3240 διαϐόλου,
723 3177 800 3238 ὃς,
835 3180 1172 3248 ὑποχειρίους
1194 3179 1334 3248 ὑμᾶς
1360 3179 1558 3243 λαϐὼν,
1589 3181 1649 3233 οὑ
1684 3181 1875 3251 πρότε-

309 3283 401 3337 ρον
429 3266 528 3334 τῆς
567 3269 755 3320 ἑαυτοῦ
787 3269 1096 3337 τυραννίδος
1130 3269 1339 3335 ἀφίησι,
1385 3270 1513 3338 πρὶν
1549 3271 1611 3321 ἄν
1648 3289 1753 3322 τινι
1781 3271 1873 3322 λύ-

305 3375 418 3427 τρῳ
453 3356 711 3426 ἀξιολόγῳ
749 3357 989 3420 πεισθεὶς
1028 3357 1455 3423 ἀνταλλάξασθαι
1490 3360 1634 3427 ὑμᾶς
1665 3360 1871 3430 ἕληται.

307 3453 398 3501 Δεῖ
420 3445 510 3503 οὖν
544 3449 605 3501 τὸ
635 3448 826 3519 λύτρον
872 3451 942 3520 μὴ
979 3449 1233 3519 ὁμογενὲς
1258 3446 1393 3504 εἶναι
1437 3454 1548 3513 τοῖς
1581 3453 1876 3521 κατεχομέ-

307 3556 438 3604 νοις,
462 3540 595 3594 ἁλλά
619 3539 795 3608 πολλῷ
818 3540 1090 3609 διαφέρειν
1118 3539 1194 3610 τῷ
1222 3540 1422 3612 μέτρῳ,
1452 3543 1498 3592 εἰ
1528 3541 1711 3609 μέλλοι
1735 3542 1875 3593 ἑκὼν

307 3630 535 3700 ἀφήσειν
589 3631 685 3700 τῆς
737 3628 976 3691 δουλείας
1034 3630 1157 3689 τοὺς
1219 3630 1617 3698 αἰχμαλώτους.
1679 3631 1874 3700 Διόπερ

309 3719 533 3788 ἁδελφὸς
563 3721 701 3790 ὑμᾶς
727 3719 836 3790 (74)
874 3716 1249 3790 λυτρώσασθαι
1281 3719 1339 3770 οὑ
1365 3719 1599 3773 δύναται.
1637 3721 1878 3790 Ἀνθρω-

309 3828 409 3874 πος
459 3813 567 3883 γὰρ
615 3811 786 3872 οὐδεὶς
838 3810 1057 3874 δυνατός
1109 3812 1223 3863 ἐστι
1281 3813 1462 3862 πεῖσαι
1506 3810 1594 3862 τὸν
1634 3811 1875 3864 διάϐολον

309 3903 445 3975 πρὸς
491 3905 550 3956 τὸ
581 3904 670 3956 τὸν
717 3901 859 3964 ἅπαξ
894 3902 1040 3970 αὑτῷ
1075 3903 1411 3954 ὑποπεσόντα
1456 3902 1728 3965 ἐξελέσθαι
1770 3901 1876 3954 ἀπὸ

308 3996 407 4065 τῆς
439 3992 680 4056 ἐξουσίας
700 4009 713 4021 ·
744 3992 800 4054 ὅς
839 4008 900 4058 γε
939 3991 1058 4042 οὑδὲ
1091 3992 1215 4060 περὶ
1250 3991 1355 4043 τῶν
1386 3992 1527 4044 ἰδίων
1552 3994 1877 4063 ἁμαρτημά-

311 4103 417 4140 των
462 4079 570 4146 οἷός
601 4085 659 4135 τὲ
695 4087 808 4136 ἐστι
841 4082 1101 4151 ἐξίλασμα
1132 4081 1308 4134 δοῦναι
1338 4084 1414 4151 τῷ
1447 4085 1582 4154 Θεῷ.
1632 4086 1754 4148 Πῶς
1786 4081 1875 4137 οὖν

312 4175 520 4246 ἰσχύσει
548 4174 704 4226 τοῦτο
733 4175 870 4245 ὑπὲρ
904 4173 1088 4244 ἐτέρου
1124 4174 1357 4244 πρᾶξαι;
1396 4174 1458 4224 Τί
1490 4175 1532 4225 δ’
1563 4175 1626 4227 ἂν
1661 4177 1754 4228 καὶ
1788 4193 1874 4228 το-

312 4266 500 4319 σοῦτον
550 4267 805 4335 κτήσαιτο
842 4266 898 4316 ὲν
933 4263 1009 4332 τῷ
1052 4264 1206 4316 αἰῶνι
1252 4264 1442 4333 τούτῳ,
1492 4263 1566 4326 ὡς
1610 4263 1876 4334 αὔταρκες

309 4362 452 4431 ἔχειν
491 4360 587 4430 τῆς
620 4358 797 4429 ψυχῆς
825 4358 1174 4426 ἀντάλλαγμα
1198 4359 1294 4426 τῆς
1322 4356 1479 4424 φύσει
1511 4357 1716 4425 τιμίας,
1745 4357 1876 4410 διότι

310 4454 429 4506 κατ’
468 4452 647 4504 εἰκόνα
681 4451 770 4503 τοῦ
811 4452 1092 4512 κτίσαντος
1128 4448 1295 4519 αὐτὴν
1331 4450 1580 4516 ἐγένετο;
1617 4451 1772 4511 Ποῖος
1821 4449 1876 4501 δὲ

310 4546 554 4614 κάματος
593 4543 682 4595 τοῦ
709 4543 999 4604 ἐνεστῶτος
1027 4543 1215 4604 αἰῶνος
1249 4541 1516 4611 αὔταρκες
1551 4543 1758 4609 ἐφόδιον
1785 4540 1873 4593 τοῦ

313 4636 592 4707 μέλλοντος
623 4634 814 4697 αἰῶνος
845 4637 908 4703 τῇ
937 4632 1242 4703 ἀνθρωπίνῃ
1270 4633 1445 4702 ψυχῇ
1478 4633 1737 4685 Τοσοῦτον
1776 4634 1872 4704 μὲν

308 4723 401 4781 οὖν
432 4727 788 4796 ἁπλούστερον
829 4723 999 4777 ταῦτα
1044 4725 1395 4794 νενοήκαμεν.
1431 4723 1546 4777 Κᾶν
1582 4725 1690 4776 τῶν
1737 4725 1875 4794 μέγα

309 4837 395 4882 τις
419 4819 728 4890 δυναμένων
762 4819 818 4869 ὲν
847 4817 923 4885 τῷ
945 4815 1042 4885 βίῳ
1067 4814 1235 4885 τούτῳ
1259 4812 1396 4868 εἶναι
1423 4815 1572 4884 δοκῇ,
1607 4815 1708 4867 κᾶν
1737 4816 1873 4884 πλῆ-

311 4911 403 4974 θος
424 4911 664 4982 κτήσεως
691 4907 1145 4980 περιϐεϐλημένος
1171 4903 1227 4977 ᾗ,
1253 4907 1484 4960 διδάσκει
1513 4905 1754 4958 καθεῖναι
1777 4906 1876 4975 τῆς

309 5004 535 5072 οἰήσεως
572 5003 598 5053 6
617 5001 791 5066 λόγος,
821 5001 913 5052 καὶ
941 4997 1334 5066 ταπεινωθῆναι
1357 4997 1459 5048 ὑπὸ
1488 4997 1582 5066 τὴν
1613 4995 1878 5065 κραταιάν

312 5098 468 5165 χεῖρα
512 5091 606 5146 τοῦ
647 5092 802 5154 Θεοῦ,
851 5091 944 5145 καὶ
989 5091 1124 5161 μήτε
1174 5091 1264 5142 ἐπὶ
1291 5090 1618 5162 νομιζομένῃ
1651 5088 1878 5157 δυνάμει

313 5183 652 5244 πεποιθέναι,
700 5183 833 5252 μήτε
868 5183 960 5234 ἐπὶ
996 5181 1074 5251 τῷ
1107 5180 1299 5251 πλήθει
1332 5179 1424 5232 τοῦ
1460 5180 1689 5232 πλούτου
1742 5197 1876 5232 καυ-

312 5272 529 5345 χᾶσθαι.
563 5269 793 5323 Δυνατὸν
821 5270 1001 5339 μέντοι
1029 5272 1120 5322 καὶ
1159 5271 1349 5340 μικρόν
1385 5287 1434 5322 τι
1475 5270 1881 5341 προσαναϐῆναι

312 5369 378 5435 τῇ
406 5364 626 5434 διανοίᾳ,
662 5363 753 5416 καὶ
782 5364 904 5424 τοὺς
944 5360 1269 5424 πεποιθότας
1310 5359 1401 5412 ἐπὶ
1435 5363 1498 5431 τῇ
1530 5361 1752 5431 δυνάμει
1787 5362 1884 5413 αὑ-

392 5500 435 5531 “
464 5499 588 5555 Ose.
609 5515 703 5566 vn,
744 5499 798 5552 2.
875 5498 919 5529 ’⁵³
947 5497 967 5551 I
998 5497 1136 5553 Tim.
1165 5514 1236 5562 vr,
1259 5498 1346 5553 17.
1420 5498 1503 5550 “l
1538 5497 1678 5551 Pctr.
1705 5514 1756 5562 ν,
1785 5497 1836 5552 6.

316 5641 584 5693 tnendosis
616 5641 686 5692 ita
720 5637 941 5707 legerit:
977 5636 1230 5706 quoniam
1258 5645 1433 5688 tamen
1481 5635 1652 5689 oratio
1676 5633 1792 5687 sine
1815 5633 1872 5685 οὑ

316 5713 588 5763 cohaerere
642 5726 744 5763 non
792 5723 947 5774 posse
1007 5709 1237 5772 videtur,
1291 5707 1492 5762 idcirco
1525 5720 1644 5759 eam
1690 5718 1875 5757 vocem

320 5782 648 5833 retinendam
679 5776 1188 5843 cs-‘ejudicavimus.

388 5850 496 5910 (75)
529 5849 664 5904 Editi
717 5848 813 5904 τὴν
848 5851 902 5899 ἐν
936 5850 1019 5912 cii.
1056 5849 1119 5900 At
1162 5863 1288 5902 mss.
1321 5847 1469 5900 multi
1517 5846 1612 5912 τὴν
1655 5843 1745 5897 ἐπῖ
1778 5845 1861 5910 τῇ.

1966 2080 2182 2133 titudine
2210 2077 2508 2128 divitiarum
2542 2092 2758 2127 suarum
2783 2075 3098 2143 gloriantur.
3132 2078 3210 2128 Ad
3257 2077 3389 2130 duas
3419 2092 3532 2148 per-

1966 2185 2131 2226 sonas
2159 2168 2441 2237 Propheta!
2475 2181 2652 2221 sermo
2676 2178 2787 2220 est:
2833 2176 2886 2220 et
2922 2167 2985 2220 ad
3024 2167 3344 2234 terrigenas,
3382 2179 3436 2223 et
3462 2170 3531 2223 ad

1969 2264 2181 2318 divites.
2210 2260 2329 2314 illos
2355 2259 2496 2312 enim
2535 2258 2843 2326 alloquitur,
2878 2259 2954 2312 sic
2985 2268 3042 2312 ut
3071 2260 3530 2314 existimationem

1967 2371 2128 2424 quam
2163 2353 2228 2408 de
2255 2366 2313 2406 se
2347 2350 2478 2421 ipsis
2514 2349 2583 2402 ob
2625 2349 2920 2416 potentiam
2973 2359 3352 2418 conceperant,
3377 2366 3534 2406 ever-

1971 2455 2081 2500 tat:
2112 2445 2212 2500 hos
2250 2458 2399 2505 vero,
2461 2442 2541 2497 sic
2574 2448 2631 2494 ut
2672 2441 2917 2495 destruat
2969 2439 3209 2508 ipsorum
3255 2441 3325 2496 ob
3371 2455 3532 2510 opum

1970 2536 2174 2603 cepiam
2199 2534 2507 2587 elationem.
2536 2532 2663 2593 Vos,
2691 2532 2884 2600 inquit,
2921 2532 3009 2599 qui
3054 2533 3104 2584 in
3133 2540 3308 2586 vestra
3331 2533 3534 2586 virtute

1971 2625 2258 2680 conﬁditis.
2291 2624 2354 2677 Hi
2393 2623 2535 2677 enim
2566 2631 2689 2676 sunt
2733 2622 3032 2688 terrigena},
3065 2622 3155 2691 qui
3199 2622 3250 2675 in
3293 2623 3533 2692 corporis

1972 2717 2176 2771 viribus
2208 2731 2355 2784 spem
2415 2722 2640 2783 ponunt,
2676 2722 2731 2768 et
2767 2713 3051 2768 humanam
3091 2723 3336 2768 naturam
3382 2713 3534 2767 suﬁi-

1973 2809 2201 2862 cientem
2257 2820 2376 2860 esse
2418 2815 2632 2875 putant,
2688 2807 2755 2860 ad
2808 2816 3028 2860 strenue
3056 2804 3381 2874 perﬁcienda
3413 2819 3534 2873 qua:

1973 2899 2107 2953 vult.
2150 2896 2216 2951 Et
2244 2913 2358 2962 vos,
2393 2897 2588 2966 inquit,
2625 2898 2715 2965 qui
2777 2896 2830 2949 in
2899 2896 3106 2950 incerto
3155 2897 3460 2951 divitiarum
3487 2896 3532 2927 "

1975 2990 2224 3045 ﬁduciam
2257 2989 2543 3051 habuistis,
2575 2987 2776 3041 audite.
2811 2986 2992 3042 Pretio
3027 2989 3405 3056 redemptionis
3433 3003 3533 3041 vo-

1973 3081 2055 3134 bis
2079 3093 2212 3146 opus
2250 3087 2353 3141 est,
2390 3085 2447 3130 ut
2494 3075 2812 3129 asseramiui
2847 3079 2896 3129 in
2924 3077 3249 3140 libertatem,
3272 3091 3377 3145 qua
3406 3090 3531 3143 spo-

1976 3167 2087 3219 liati
2118 3167 2314 3230 fuistis,
2350 3168 2400 3220 vi
2429 3167 2627 3221 diaboli
2664 3167 2814 3228 victi,
2854 3166 2943 3233 qui
3001 3167 3243 3235 captivos
3276 3182 3369 3222 vos
3401 3168 3532 3221 reti-

1979 3272 2131 3324 nens,
2160 3272 2264 3312 non
2288 3257 2437 3326 prius
2460 3272 2488 3309 a
2520 3272 2616 3310 sua
2639 3255 2921 3324 tyrannide
2950 3257 3102 3310 abire
3134 3257 3332 3312 liberos
3366 3259 3532 3323 sinet,

1977 3364 2139 3418 quam
2182 3348 2451 3414 condigne
2487 3346 2667 3416 aliquo
2730 3346 3117 3415 redemptionis
3149 3348 3322 3416 pretio
3365 3347 3536 3400 addu-

1976 3450 2114 3505 ctus,
2153 3450 2460 3509 permutare
2497 3453 2593 3494 vos
2647 3437 2794 3496 velit.
2854 3437 3087 3494 Proinde
3156 3437 3536 3508 redemptionis

1977 3533 2206 3602 pretium
2241 3547 2346 3585 non
2395 3529 2632 3598 ejusdem
2658 3530 2872 3600 generis
2922 3544 3042 3584 esse
3079 3540 3291 3597 oportet
3316 3545 3438 3583 cum
3470 3529 3535 3583 iis

1977 3623 2067 3692 qui
2124 3622 2461 3686 detinentur,
2496 3620 2588 3674 sed
2637 3620 2797 3674 modo
2830 3633 3191 3687 mensuraque
3222 3619 3373 3688 longe
3396 3635 3534 3688 pra:-

1979 3714 2229 3778 stantius,
2257 3713 2301 3768 si
2327 3712 2564 3766 futurum
2595 3720 2679 3767 est
2708 3719 2768 3766 ut
2793 3712 2980 3767 lubens
3007 3713 3247 3782 captivos
3275 3713 3535 3766 servitute

1978 3804 2189 3858 liberet.
2222 3801 2579 3870 Quamobrem
2603 3801 2771 3857 frater
2787 3816 2878 3855 vos
2909 3816 3244 3872 nequaquam
3270 3802 3536 3856 redimere

1978 3895 2139 3950 valet.
2175 3893 2362 3948 Nullus
2393 3893 2531 3948 enim
2557 3895 2716 3946 homo
2749 3895 3072 3962 persuadere
3097 3893 3310 3948 diabolo
3341 3894 3530 3963 possit,

1979 4000 2037 4044 ut
2066 4005 2187 4044 eum
2234 3989 2324 4059 qui
2372 3986 2475 4041 sibi
2528 3986 2799 4053 subjectus
2846 3989 3009 4042 semel
3041 3996 3143 4052 est,
3173 4002 3236 4041 ex
3269 3995 3535 4055 potestate

1978 4096 2075 4135 sua
2110 4081 2318 4134 eximat
2349 4095 2361 4130 :
2395 4078 2484 4147 qui
2521 4078 2728 4131 scilicet
2761 4094 2826 4132 ne
2853 4093 2950 4147 pro
2979 4079 3091 4131 suis
3121 4081 3336 4146 quidem
3376 4078 3536 4148 180

1976 4171 2213 4240 peccatis
2270 4169 2379 4222 Deo
2412 4175 2571 4235 queat
2616 4166 2883 4235 piaculare
2934 4166 3258 4220 sacriﬁcium
3315 4164 3530 4218 oﬁ‘erre.

1978 4261 2256 4329 Quomodo
2287 4259 2450 4328 igitur
2481 4259 2674 4327 poterit
2725 4259 2777 4311 id
2820 4272 2920 4326 pro
2971 4255 3078 4309 alio
3121 4254 3366 4309 efﬁcere?
3396 4253 3533 4321 Quid

1978 4366 2164 4406 rursus
2197 4349 2328 4401 tanti
2373 4349 2527 4416 pretii
2571 4347 2623 4400 iu
2658 4348 2760 4400 hoc
2806 4345 3005 4400 saeculo
3035 4346 3353 4414 possederit,
3386 4355 3444 4397 ut
3481 4343 3533 4398 id

1978 4461 2097 4500 cum
2137 4443 2316 4496 anima
2359 4454 2477 4509 quae
2508 4438 2743 4506 pretiosa
2771 4447 2855 4492 est
2882 4446 3102 4501 natura,
3136 4436 3327 4490 idonee
3363 4435 3536 4503 possit

1985 4533 2330 4598 commutari,
2380 4531 2643 4598 siquidem
2672 4531 2736 4583 ad
2763 4529 3038 4584 Creatoris
3078 4526 3365 4593 imaginem
3391 4526 3533 4579 facta

1981 4637 2087 4682 est.
2125 4626 2308 4692 Qualis
2340 4635 2517 4679 autem
2542 4623 2690 4677 labor
2715 4621 2996 4692 praesentis
3019 4618 3333 4674 saeculiesse
3364 4618 3537 4688 possit

1982 4735 2079 4789 pro
2112 4719 2290 4773 futuro
2334 4718 2526 4772 saeculo
2557 4717 2808 4769 viaticum
2853 4712 3126 4768 suﬂiciens
3169 4713 3414 4767 humanae
3441 4727 3538 4765 na-

1987 4814 2159 4867 turae?
2191 4813 2460 4866 Hactenus
2498 4809 2716 4879 quidem
2769 4811 2882 4864 hate
2928 4810 3224 4879 simplicius
3271 4809 3538 4864 intellexi-

1987 4921 2126 4959 mus.
2164 4905 2390 4958 Etiamsi
2437 4903 2559 4972 qnis
2607 4903 2660 4955 in
2710 4902 2811 4956 hac
2836 4903 2944 4956 vita
2992 4917 3315 4972 magnopere
3345 4917 3536 4970 p0tens

1984 4998 2084 5051 sibi
2121 5011 2240 5050 esse
2270 4995 2534 5057 videatur,
2581 4993 2792 5047 etiamsi
2840 4993 3146 5047 divitiarum
3191 4993 3342 5061 copia
3373 4993 3539 5062 stipa-

1983 5098 2067 5141 tus
2102 5087 2191 5150 sit,
2221 5101 2344 5141 eum
2379 5099 2557 5139 sermo
2589 5087 2744 5140 docet
2768 5086 2903 5139 hanc
2923 5083 3061 5136 illam
3087 5081 3537 5136 existimationem

1983 5179 2273 5246 deponere,
2308 5187 2469 5246 atque
2507 5177 2846 5231 bumiliatum
2899 5187 3018 5227 esse
3061 5173 3157 5226 sub
3199 5172 3402 5240 potenti
3443 5170 3538 5225 Dei

1987 5283 2145 5321 manu
2165 5267 2230 5332 “,
2276 5277 2326 5322 et
2363 5283 2537 5337 neque
2567 5267 2618 5320 in
2650 5281 2713 5319 ea
2744 5279 2904 5332 quatn
2955 5263 3132 5316 animo
3161 5262 3397 5331 concipit
3445 5275 3542 5330 po-

1988 5359 2152 5414 tentia
2198 5359 2381 5424 ﬁdere,
2411 5371 2581 5426 neque
2621 5355 2672 5409 in
2728 5367 2885 5422 opum
2921 5352 3263 5407 multitudine
3296 5349 3538 5421 gloriari.

1985 5625 2178 5684 Statim
2213 5623 2348 5690 Reg.
2389 5620 2651 5674 secundus
2681 5618 2776 5690 επὶ
2797 5620 2861 5688 τῇ
2882 5613 3102 5690 ,ἑαυτῶν
3124 5614 3366 5690 δυνάμει.

2057 5695 2169 5765 (74)
2203 5693 2272 5765 lita
2297 5683 2464 5744 "mss.
2490 5690 2558 5765 ᾼι
2602 5688 2735 5765 _editi
2777 5683 2944 5765 ἡμᾶς.
2983 5685 3106 5765 Mox
3155 5683 3318 5765 editio
3343 5683 3536 5764 .Paris.

1986 5754 2106 5824 cuin
2138 5754 2287 5817 Coll).
2314 5770 2464 5814 sexto
2496 5754 2830 5828 Ἀνθρωπος
2847 5759 2975 5828 γάρ.
3013 5758 3168 5811 Deest
3193 5756 3301 5825 γάρ
3340 5754 3393 5809 in
3445 5769 3540 5810 sex

1980 5853 2109 5894 mss.
2147 5831 2368 5905 perinde
2406 5838 2563 5898 atque
2592 5827 2644 5883 iu
2678 5827 3104 5883 editione’Basil.
