4016 6466
563 419 628 472 '59
1857 406 1913 461 S.
1956 405 2197 460 BASILI!
2235 404 2446 459 MAGNI

3669 407 3767 458 ΗΘ

525 532 637 588 lum
672 543 954 598 possumus
999 528 1160 578 etiam
1213 533 1444 579 mentem
1476 525 1631 592 paulo
1663 524 1820 578 altius
1858 523 2082 590 erigere,

2199 521 2315 584 τῶν,
2351 520 2443 570 καὶ
2476 520 2567 571 ἐπὶ
2600 520 2674 590 τῷ
2714 517 2904 588 πλήθει
2936 515 3027 570 τοῦ
3061 519 3285 574 πλούτου
3327 522 3510 573 αυτῶν
3552 539 3773 591 καυχω·

523 635 578 676 et
599 636 694 676 eos
730 623 818 687 qui
853 620 906 672 in
938 632 1032 670 sua
1070 617 1306 684 potentia
1353 617 1648 678 conliduut,
1677 631 1740 668 ac
1776 617 1839 669 de
1863 627 2083 668 suarum

526 711 834 764 divitiarum
864 709 1016 776 copia
1044 707 1361 776 gloriantur,
1394 708 1460 761 de
1500 721 1692 760 ammte
1746 705 2088 761 facultatibus

527 803 849 872 intelligere,
893 811 1078 869 utpote
1115 814 1234 868 qua:
1261 813 1327 854 ne
1375 799 1486 868 ipsa
1523 798 1737 869 quidem
1778 814 1873 866 per
1901 812 1957 850 se
1984 796 2085 849 sibi

524 893 800 948 sullicieus
829 893 897 945 sit
935 892 1001 946 ad
1038 891 1289 945 salutem.
1328 888 1458 942 Nam
1512 889 1722 942 etiamsi
1757 889 1876 958 quis
1911 885 2089 956 perfe-

526 995 645 1035 ctus
673 983 744 1035 sit
780 982 831 1036 in
870 981 992 1035 ﬁliis
1038 981 1334 1044 hominum,
1382 979 1424 1033 si
1477 979 1568 1032 Dei
1622 980 1880 1048 sapientia
1925 977 2086 1042 absit,

529 1089 625 1142 pro
654 1073 822 1128 niltilo
865 1072 1223 1141 reputabitur.
1276 1072 1426 1138 Quod
1482 1071 1524 1125 si
1556 1072 1824 1140 quispiam
1871 1067 1972 1122 sibi
2007 1083 2092 1121 co-

527 1166 667 1232 piam
702 1163 1221 1233 conteutplatimtum
1253 1179 1317 1216 ex
1348 1163 1616 1217 mundana
1647 1161 1907 1230 sapientia
1940 1175 2089 1213 com-

527 1257 821 1326 paraverit,
863 1267 918 1310 et
959 1258 1220 1326 quasdam
1267 1255 1594 1324 cognitionis
1623 1253 1839 1308 divitias
1866 1253 2090 1307 sortitus

528 1347 619 1410 sit,
648 1363 861 1401 omnem
911 1348 1095 1401 audiat
1125 1346 1202 1399 rei
1253 1348 1533 1401 veritatem
1571 1365 1584 1400 :
1612 1359 1823 1412 nempe,
1856 1345 2088 1398 animam

527 1455 740 1493 onmem
770 1440 1061 1493 humanam
1103 1442 1452 1494 succubuisse
1485 1436 1626 1491 malo
1657 1438 1937 1492 servitutis
1963 1437 2092 1508 iugo

528 1527 830 1581 communis
860 1529 1100 1583 oumium
1133 1529 1368 1593 inimici;
1403 1534 1455 1581 et
1482 1542 1544 1581 ea
1576 1543 1736 1597 quam
1769 1544 1797 1582 a
1834 1529 2093 1584 Creatore

529 1628 814 1688 acceperat
841 1619 1091 1674 libertate
1114 1621 1396 1690 privatam,
1430 1619 1698 1689 captivam
1735 1621 1948 1675 ductam
1974 1635 2092 1674 esse

528 1726 624 1781 per
665 1722 966 1777 peccatum.
1011 1710 1128 1766 Jam
1183 1726 1310 1765 vero
1351 1715 1569 1781 captivo
1626 1710 1773 1765 omni
1823 1725 1960 1778 opus
2009 1719 2093 1763 est

528 1801 916 1871 redemptionis
961 1803 1134 1870 pretio
1175 1803 1240 1856 ad
1292 1803 1593 1857 libertatem
1641 1801 2086 1869 recuperandam.

2190 613 2382 682 μένους
2419 610 2607 678 νοῆσαι
2638 612 2732 664 ἐπὶ
2764 609 2872 664 τῶν
2903 610 3180 680 δυνάμεων
3202 614 3298 683 τῆς
3324 613 3525 681 ψυχῆς,
3561 613 3638 674 ὡς
3671 619 3773 669 οὐκ

2185 701 2502 764 αὐτοτελοῦς
2543 701 2708 772 οὔσης
2749 702 2854 755 οὐδ’
2907 703 3072 772 αὐτῆς
3118 704 3252 772 πρὸς
3299 705 3603 774 σωτηρίαν.
3661 708 3769 760 Καὶ

2187 797 2294 866 γὰρ
2318 795 2411 848 ἐὰν
2433 794 2634 856 τέλειός
2653 792 2788 866 τιςῇ
2816 798 2873 847 ἐν
2900 795 3030 856 υἱοῖς
3053 793 3367 864 ἀνθρώπων,
3399 797 3502 868 τῆς
3538 798 3654 849 ἀπὸ
3677 799 3769 850 τοῦ

2187 885 2317 938 Θεοῦ
2358 885 2548 954 σοφίας
2585 884 2850 954 ἀπούσης,
2895 889 2974 949 είς
3009 886 3159 938 οὐδὲν
3194 887 3606 961 λογισθήσεται.
3649 891 3770 942 Κᾶν

2189 979 2389 1049 πλῆθος
2529 981 3017 1049 περιπεποιημένος
3069 980 3242 1049 ἑαυτῷ
3277 983 3660 1056 θεωρημάτων
3708 987 3771 1036 ὲκ

2188 1074 2286 1142 τῆς
2336 1073 2434 1125 τοῦ
2468 1073 2668 1142 κόσμου
2701 1072 2909 1140 σοφίας,
2952 1075 3044 1127 καὶ
3073 1072 3295 1126 πλοῦτόν
3341 1093 3464 1129 τινα
3506 1078 3772 1146 γνώσεως

2191 1163 2518 1234 συνειληχὼς
2542 1164 2672 1235 (75),
2699 1163 2939 1216 ἀκουέτω
2979 1168 3158 1219 πᾶσαν
3187 1164 3278 1218 τοῦ
3305 1168 3644 1238 πράγματος
3675 1173 3772 1243 τὴν

2191 1253 2447 1324 ἀλήθειαν
2464 1273 2476 1285 ’
2507 1258 2585 1308 ὅτι
2617 1257 2763 1308 πᾶσα
2792 1255 3100 1328 ἀνθρωπίνη
3121 1259 3263 1330 ψυχὴ
3290 1258 3540 1328 ὑπέκυψε
3565 1264 3648 1333 τῷ
3673 1281 3771 1317 πο-

2190 1346 2338 1417 νηρῴ
2374 1348 2471 1415 τῆς
2502 1348 2742 1411 δουλείας
2769 1346 2916 1416 ζυγῷ
2944 1347 3035 1399 τοῦ
3063 1351 3236 1404 κοινοῦ
3271 1350 3489 1403 πάντων
3526 1355 3735 1426 ἐχθροῦ
3755 1373 3767 1383 °

2193 1440 2282 1492 καὶ
2325 1438 2421 1509 τὴν
2453 1441 2604 1510 παρὰ
2632 1441 2726 1493 τοῦ
2751 1440 3030 1500 κτίσαντος
3059 1443 3224 1513 αὐτὴν
3258 1441 3578 1512 ἐλευθερίαν
3608 1447 3773 1513 ἀφαι-

2195 1531 2429 1604 ρεθεῖσα,
2461 1533 2800 1603 αἰχμάλωτος
2826 1532 2961 1603 ἤχθη
2999 1532 3086 1586 διὰ
3122 1535 3219 1604 τῆς
3254 1536 3550 1608 ἁμαρτίας.
3596 1537 3773 1593 Παντὶ

2191 1622 2245 1675 δὲ
2286 1625 2612 1695 αἰχμαλώτῳ
2656 1625 2863 1696 λύτρων
2916 1625 3073 1695 χρεία
3123 1627 3256 1696 πρὸς
3295 1630 3394 1699 τὴν
3422 1628 3768 1699 ἐλευθερίαν.

2192 1714 2328 1768 Ούτε
2357 1713 2449 1769 οὖν
2479 1716 2705 1787 ἀδελφὸς
2728 1719 2817 1772 τὸν
2847 1716 3038 1770 ἑαυτοῦ
3063 1717 3285 1788 ἀδελφὸν
3308 1721 3534 1774 δύναται
3561 1721 3773 1792 λυτρώ-

2195 1806 2407 1873 σασθαι,
2436 1807 2558 1861 οὔτε
2591 1810 2750 1873 αὐτὸς
2772 1809 2998 1872 ἕκαστος
3029 1810 3214 1862 ἑαυτόν
3234 1827 3247 1839 ’
3283 1811 3414 1865 διότι
3438 1814 3628 1884 πολλῴ
3655 1812 3774 1882 βελ-

531 1892 712 1962 Nequc
756 1896 917 1962 igitur
945 1893 1110 1948 frater
1149 1892 1380 1949 fratrem
1419 1909 1571 1948 suum
1598 1902 1771 1960 potest
1799 1893 2086 1954 redimere,

2199 1899 2336 1951 τίονα
2369 1900 2448 1951 δεῖ
2490 1896 2626 1952 εἶναι
2671 1900 2760 1952 τὸν
2804 1900 3162 1971 λυτρούμενον
3207 1900 3301 1954 τοῦ
3348 1907 3773 1976 κεκρατημένου

531 2001 705 2052 neque
754 1985 892 2039 ullus
928 1999 992 2039 se
1034 1985 1242 2055 ipsum;
1275 1985 1416 2053 quod
1461 1984 1852 2052 redemptorem
1887 1999 1973 2049 eo,
1997 1985 2085 2052 qui

530 2076 774 2142 captivus
803 2086 906 2141 est,
942 2087 997 2131 et
1029 2077 1138 2146 jam
1164 2076 1350 2138 servit,
1375 2084 1590 2144 oportet
1625 2091 1743 2130 esse
1768 2077 1924 2146 longe
1951 2092 2091 2146 prie-

531 2167 869 2222 stantiorem.
898 2166 1003 2221 Sed
1027 2178 1080 2221 et
1119 2182 1186 2222 ne
1221 2167 1327 2221 ullo
1344 2168 1560 2236 quidem
1581 2171 1744 2223 modo
1768 2184 1887 2223 eam
1922 2168 2090 2221 facul-

533 2271 693 2315 tatem
712 2260 871 2313 habet
895 2259 1054 2312 bomo
1080 2271 1208 2329 erga
1233 2257 1426 2326 Deum,
1461 2269 1518 2314 ut
1547 2276 1644 2330 pro
1668 2270 1951 2330 peccatore
1968 2275 2088 2315 eum

529 2352 724 2421 placet,
757 2356 878 2406 c‘um
919 2361 974 2406 et
1004 2353 1116 2420 ipse
1158 2354 1362 2421 peccati
1416 2353 1487 2407 sit
1537 2368 1680 2407 reus.
1714 2350 1906 2407 0mnes
1953 2354 2091 2408 enim

529 2453 888 2512 peccaverunt,
922 2455 970 2496 et
998 2452 1145 2511 egent
1167 2444 1333 2511 gloria
1363 2443 1478 2507 Dei,
1505 2442 1789 2512 jnstiﬁcati
1809 2445 1976 2512 gratis
2004 2460 2094 2510 per

529 2534 753 2603 gratiam
782 2535 972 2601 ipsius,
1008 2550 1098 2602 per
1142 2534 1542 2604 redemptionem
1565 2550 1679 2605 quea
1707 2543 1781 2589 est
1806 2536 1864 2589 in
1883 2533 2096 2589 Christo

527 2624 656 2679 Jesu
680 2626 901 2678 Domino
931 2635 1104 2678 nostra
1129 2627 1197 2677 “.

597 2718 651 2771 4.
690 2719 846 2770 Vsus.
866 2719 919 2772 8.
953 2717 1072 2770 Non
1102 2718 1246 2769 dabit
1266 2732 1393 2785 ergo
1425 2717 1531 2770 Deo
1561 2718 2096 2785 placationemsuam,

526 2817 576 2860 et
618 2808 840 2876 pretium
884 2807 1252 2874 redemptionis
1291 2807 1484 2860 anima:
1522 2823 1651 2860 sucu.
1702 2806 1886 2877 Neque
1938 2808 2100 2878 igitur

528 2898 751 2952 fratrem
806 2899 858 2953 iu
922 2899 1341 2968 redemptionem
1417 2914 1660 2969 (ψει-ε..
1695 2901 1789 2954 sed
1866 2901 2097 2970 aliquem

529 2990 623 3060 qui
659 2999 803 3044 tuam
828 2992 1055 3044 excedat
1084 3002 1327 3044 naturam
1358 3006 1373 3046 :
1399 3006 1570 3059 neque
1593 2992 2098 3056 bominemnudum,

531 3084 626 3138 sed
659 3085 929 3138 hominem
960 3082 1125 3137 Deum
1151 3082 1335 3137 Jesuni
1375 3082 1672 3148 Christum,
1697 3083 1789 3152 qui
1824 3083 1969 3138 solus
2003 3098 2099 3152 pro

531 3173 686 3228 nobis
715 3172 964 3227 omnibus
1001 3175 1108 3228 Deo
1158 3175 1288 3229 dare
1324 3182 1498 3242 potest
1537 3175 1919 3243 placationem,
1953 3175 2096 3244 quod
2125 3209 2166 3266 C

530 3279 654 3318 eum
687 3263 966 3331 Proposuit
999 3265 1136 3319 Deus
1168 3267 1588 3334 propitiationem
1611 3283 1700 3334 per
1717 3267 1872 3334 ﬁdem
1894 3267 1948 3320 in
1979 3284 2099 3320 san-

531 3357 684 3426 guine
711 3358 874 3424 ipsius
892 3357 956 3410 “.
983 3357 1176 3411 Frater
1209 3367 1326 3410 erat
1360 3358 1521 3410 Israel
1558 3358 1802 3427 Moyses;
1841 3366 1895 3409 et
1925 3367 2097 3423 tamen

535 3449 707 3518 ipsum
761 3448 1025 3502 redimere
1057 3463 1159 3501 non
1192 3449 1384 3516 potuit.
1423 3448 1702 3513 Quomodo
1734 3449 1899 3515 igitur
1940 3449 2098 3500 homo

535 3541 733 3610 aliquis
771 3554 800 3593 e
846 3539 1002 3608 vulgo
1047 3539 1346 3593 liberabit?
1395 3539 1754 3605 Quamobrem
1797 3539 1924 3593 illud
1979 3541 2096 3608 qui-

534 3633 654 3685 dem
689 3633 998 3698 pronuntiat
1024 3645 1039 3682 :
1065 3627 1255 3683 Frater
1297 3645 1398 3682 non
1442 3629 1645 3682 redimit
1669 3642 1686 3680 :
1713 3632 1814 3683 hoc
1835 3643 1963 3683 vero
1979 3643 2098 3682 cum

533 3722 796 3790 gravitate
833 3737 927 3789 per
957 3722 1430 3792 interrogationem
1469 3721 1647 3775 subdit
1679 3738 1691 3774 :
1737 3719 1967 3774 Redimet
2004 3720 2098 3772 Ito-

535 3814 658 3867 ινιοῖ
688 3809 801 3864 Non
835 3812 975 3864 enim
1007 3827 1034 3864 a
1067 3824 1290 3879 peccato
1308 3812 1557 3881 p0pulum
1587 3811 1838 3864 liberavit
1859 3810 2094 3880 Moyses,

534 3903 628 3955 sed
672 3900 763 3953 Dei
820 3901 889 3954 ob
939 3913 1217 3968 peccatum
1272 3901 1686 3955 commotionem
1737 3901 1954 3953 avertit.
1993 3901 2101 3955 'llic

533 3994 696 4045 etiam
744 4007 811 4046 ne
857 3993 984 4045 dare
1029 3993 1244 4061 quidem
1283 3995 1456 4062 potuit
1502 3991 1862 4061 placationem
1905 4007 1998 4061 pro
2043 4007 2102 4046 se

536 4084 673 4151 ipso,
696 4098 817 4137 cum
857 4092 1001 4137 esset
1036 4083 1089 4136 iu
1143 4094 1385 4153 peccato.
1420 4083 1552 4138 Naut
1583 4092 1702 4153 post
1737 4093 1816 4137 tot
1853 4098 1914 4136 ac
1955 4094 2100 4136 tanta

536 4175 779 4244 prodigia
826 4190 889 4229 ac
939 4175 1089 4243 signa
1124 4191 1244 4245 quae
1277 4177 1499 4242 viderat,
1531 4192 1715 4231 vocem
1763 4176 1905 4230 illam
1952 4177 2105 4231 dubi-

539 4264 794 4315 tationem
829 4278 940 4329 prae.
996 4279 1055 4314 se
1104 4267 1362 4318 ferentem
1395 4267 1574 4319 emisit
1609 4282 1623 4318 :
1661 4265 1850 4319 Audite
1894 4284 1992 4330 me,
2019 4269 2103 4320 in-

537 4353 754 4404 creduli.
791 4351 1038 4420 Nunquid
1072 4370 1136 4406 ex
1165 4364 1311 4423 petra
1337 4356 1432 4408 hac
1474 4359 1752 4410 educentus
1795 4375 1982 4426 aquam
2019 4377 2103 4412 vo-

537 4442 612 4494 bis
632 4442 675 4472 "
702 4443 725 4495 ?
751 4442 1091 4512 Quapropter
1118 4456 1172 4498 et
1206 4445 1460 4501 Dominus
1490 4447 1558 4500 ob
1591 4449 1689 4500 hoc
1718 4448 1935 4500 verbum
1967 4448 2102 4500 dixit

2188 1990 2281 2043 καὶ
2310 1989 2649 2053 δουλεύοντος
2679 1991 2801 2059 ἥδη.
2844 1990 3003 2042 Ἀλλά
3039 1992 3132 2043 καὶ
3164 1993 3280 2044 οὐδὲ
3305 1994 3440 2056 ὅλως
3478 1996 3775 2065 ἄνθρωπος

2190 2079 2434 2148 ἐξουσίαν
2467 2081 2576 2152 ἔχει
2607 2081 2740 2153 πρὸς
2766 2080 2917 2148 Θεὸν,
2952 2082 3027 2143 ὡς
3051 2084 3145 2135 καὶ
3181 2083 3457 2147 ὲξιλᾶσθαι
3492 2087 3610 2154 (76)
3647 2086 3777 2156 περὶ

2188 2173 2590 2246 ἡμαρτηκότος,
2642 2174 2763 2227 ἐπεὶ
2804 2173 2897 2227 καὶ
2948 2173 3108 2238 αὐτὸς
3153 2173 3426 2244 ἁμαρτίας
3488 2175 3772 2238 ὑπόδικος.

2189 2265 2418 2331 Πάντες
2445 2266 2555 2334 γὰρ
2589 2265 2872 2333 ἥμαρτον,
2899 2267 2994 2320 καὶ
3024 2265 3412 2334 ὑστεροῦνται
3445 2265 3560 2333 τῆς
3583 2266 3778 2334 δόξης

2190 2357 2296 2410 τοῦ
2328 2357 2498 2420 Θεοῦ,
2541 2356 2937 2424 δικαιούμενοι
2983 2357 3208 2425 δωρεὰν
3233 2356 3308 2426 τῇ
3347 2356 3536 2412 αὐτοῦ
3577 2358 3777 2426 χάριτι

2190 2447 2288 2502 διὰ
2317 2448 2425 2516 τῆς
2443 2447 2902 2515 ἀπολυτρώσεως
2938 2447 3046 2514 τῆς
3074 2448 3145 2501 ἐν
3182 2450 3408 2516 Χριστῷ
3446 2450 3660 2516 Ἰησοῦ
3695 2451 3776 2512 τῷ

2193 2542 2386 2610 Κυρίῳ
2409 2539 2594 2609 ἡμῶν.

2265 2718 2317 2771 4.
2344 2720 2424 2771 Οὐ
2451 2716 2626 2770 δώσει
2654 2711 2744 2769 οὖν
2778 2716 2857 2781 τῷ
2892 2715 3012 2781 Θεῷ
3041 2716 3341 2785 ἑξίλασμα
3389 2717 3637 2780 ἑαυτοῦ,
3675 2719 3777 2772 καί

2196 2809 2310 2878 τὴν
2323 2809 2502 2879 τιμὴν
2517 2808 2627 2877 τῆς
2649 2809 2995 2878 λυτρώσεως
3011 2807 3121 2877 τῆς
3148 2809 3347 2880 ψυχῆς
3369 2811 3581 2864 αὐτοῦ.
3618 2813 3774 2881 Μήτε

2198 2898 2291 2954 οὖν
2337 2901 2429 2954 τὸν
2482 2900 2707 2970 ἀδελφὸν
2739 2900 2890 2972 ζήτει
2936 2904 3015 2965 είς
3051 2901 3445 2974 ἀπολύτρωσιν,
3491 2903 3634 2955 ἀλλὰ
3681 2905 3778 2954 τὸν

2201 2992 2596 3064 ὑπερϐαίνοντα
2631 3009 2723 3044 σου
2753 2992 2853 3062 τὴν
2875 2992 3034 3059 φύσιν
3054 3010 3066 3024 ·
3109 2995 3245 3062 μήτε
3273 2992 3558 3062 ἄνθρωπον
3593 2993 3774 3060 ψιλὸν,

2199 3083 2311 3136 ἀλλ’
2351 3082 2636 3152 ἄνθρωπον
2673 3081 2803 3133 Θεὸν
2854 3081 3059 3150 Ἰησοῦν
3109 3083 3361 3151 Χριστὸν,
3396 3083 3453 3144 ὃς
3484 3083 3579 3134 καὶ
3612 3085 3778 3153 μόνος

2198 3175 2421 3229 δύναται
2449 3173 2627 3226 δοῦναι
2655 3170 2918 3241 ὲξίλασμα
2945 3171 3021 3241 τῷ
3051 3171 3167 3241 Θεῷ
3184 3172 3323 3242 ὑπὲρ
3344 3175 3564 3225 πάντων
3589 3175 3775 3244 ἡμῶν,

2200 3265 2281 3318 ὃτι
2319 3263 2478 3318 αὐτὸν
2534 3261 2816 3330 Προέθετο
2860 3264 2890 3314 ὀ
2939 3261 3080 3326 Θεὸς
3125 3261 3476 3329 ἱλαστήριον
3514 3262 3616 3316 διὰ
3663 3263 3778 3333 τῆς

2201 3357 2458 3419 πίστεως
2497 3355 2566 3406 ἐν
2615 3351 2693 3416 τῷ
2739 3352 2923 3406 αὐτοῦ
2971 3353 3186 3420 αἵματι.
3251 3353 3502 3422 Ἀδελφὺς
3552 3351 3622 3426 ἦν
3677 3356 3772 3407 τοῦ

2213 3443 2426 3513 Ἰσραὴλ
2457 3445 2484 3495 ὁ
2514 3444 2779 3507 Μωῦσῆςο
2806 3443 2898 3496 καὶ
2919 3444 3064 3513 ὅμως
3091 3444 3467 3516 λυτρώσασθαι
3486 3449 3652 3500 αὐτὸν
3674 3451 3778 3502 οὐκ

2197 3532 2438 3602 ἠδυνήθη
2471 3532 2603 3600 (77).
2640 3532 2763 3595 Πῶς
2790 3529 2881 3586 οὖν
2910 3533 2938 3584 ὁ
2975 3532 3152 3603 τυχὼν
3194 3533 3527 3603 λυτρώσεται
3556 3534 3774 3604 ἀνθρω-

2198 3641 2297 3688 πος
2318 3641 2332 3688 ;
2355 3626 2444 3678 Διὸ
2461 3624 2522 3677 τὸ
2552 3626 2649 3696 μὲν
2675 3626 3033 3695 ἀποφαίνεται
3053 3643 3066 3654 θ
3110 3624 3395 3692 Ἀδελφὸς
3417 3628 3487 3678 οὐ
3517 3628 3778 3693 λυτροῦ-

2203 3734 2326 3770 ται·
2365 3717 2426 3770 τὸ
2458 3717 2514 3769 δὲ
2545 3715 2968 3788 ἐρωτηματικῶς
2995 3713 3130 3783 μετά
3157 3713 3457 3785 βαρύτητος
3486 3719 3771 3790 ἐπιφέρει·

2202 3809 2576 3878 Λυτρὼσεται
2605 3807 3031 3875 ἅνθρωπος;οὑ
3053 3806 3161 3878 γὰρ
3192 3806 3291 3875 τῆς
3317 3809 3591 3878 ἁμαρτίας
3609 3812 3775 3879 ἠλευ-

2203 3897 2406 3967 θέρωσε
2440 3897 2528 3949 τὸν
2552 3897 2696 3958 λαὸν,
2728 3894 2861 3947 ἀλλά
2892 3892 2985 3946 τοῦ
3016 3895 3148 3946 Θεοῦ
3175 3893 3273 3965 τὴν
3304 3898 3394 3948 ἐπὶ
3424 3901 3487 3968 τῇ
3526 3901 3777 3970 ἁμαρτία

2205 3989 2559 4059 παρῃτήσατο
2595 3987 2825 4055 κίνησιν.
2860 3982 3026 4050 Οὗτος
3071 3987 3126 4040 δὲ
3154 3991 3272 4043 οὐδὲ
3312 3991 3493 4044 δοῦναι
3526 3993 3773 4064 ἠδυνήθη

2202 4082 2469 4150 ἐξίλασμα
2519 4077 2732 4142 ἑαυτοῦ,
2777 4079 3064 4148 γενόμενος
3110 4081 3166 4132 ὲν
3209 4082 3648 4154 παραπτώματι·
3691 4087 3776 4138 ὅτι

2210 4174 2348 4246 μετὰ
2389 4171 2626 4226 τοσαῦτα
2670 4173 2762 4224 καὶ
2799 4172 3101 4241 τηλικαῦτα
3137 4175 3340 4245 τέρατα
3383 4179 3474 4228 καὶ
3507 4182 3710 4248 σημεῖα
3739 4180 3776 4231 ἃ

2204 4262 2334 4330 εἶδε,
2369 4265 2468 4336 τὴν
2492 4263 2840 4332 διστακτικὴν
2869 4264 3080 4333 ἐκείνην
3108 4265 3283 4334 ἀφῆκε
3321 4269 3522 4336 φωνήν·
3570 4270 3778 4321 Ἀκού-

2203 4357 2352 4412 σατέ
2385 4373 2520 4425 μου,
2548 4358 2601 4408 01
2626 4353 2904 4418 ἀπειθεῖς.
2944 4353 2997 4405 Μ
3007 4354 3039 4420 ἡ
3068 4354 3135 4406 ἐκ
3167 4354 3274 4421 τῆς
3305 4357 3520 4422 πέτρας
3553 4360 3778 4424 ταύτης

2205 4446 2497 4513 έξὰξομεν
2522 4444 2630 4511 (78)
2657 4443 2798 4510 ὑμῖν
2824 4442 3008 4508 ’ὕδωρ;
3035 4444 3230 4512 Διόπερ
3258 4446 3348 4496 καὶ
3380 4449 3405 4498 ὁ
3445 4447 3652 4517 Κύριος
3683 4452 3778 4502 ἐπὶ

538 4537 603 4588 ad
630 4537 780 4606 181
804 4536 1018 4608 Moysen
1038 4549 1088 4592 et
1112 4542 1290 4593 Aaron
1315 4558 1330 4592 :
1352 4541 1487 4604 Quia
1517 4558 1615 4594 non
1640 4541 1932 4594 credidistis
1951 4541 2098 4606 mihi,

2206 4536 2283 4606 τῷ
2315 4537 2517 4605 ῥήματι
2551 4534 2720 4602 τούτῳ
2758 4528 2877 4584 εἷπε
2925 4533 3058 4603 πρὸς
3103 4536 3338 4604 Μωῡσῆν
3384 4539 3476 4588 καὶ
3523 4541 3775 4611 Ἀαρών·

539 4636 593 4677 ιιι
635 4628 1038 4696 sanctiﬁcaretis
1067 4646 1144 4683 me
1194 4647 1368 4683 coram
1397 4631 1525 4698 ﬁliis
1561 4632 1748 4697 Israel,
1775 4633 1837 4685 ob
1878 4632 1972 4685 hoc
2002 4649 2104 4685 non

538 4715 879 4771 introducetis
938 4735 1023 4772 vos
1077 4721 1211 4772 lianc
1281 4723 1730 4790 congregationem
1789 4723 1845 4774 in
1912 4731 2104 4774 terram

537 4821 692 4871 quam
725 4808 844 4860 dedi
884 4808 956 4862 eis
980 4808 1044 4862 ".
1087 4809 1201 4864 Non
1251 4811 1411 4880 igitur
1444 4827 1539 4880 pro
1569 4827 1626 4864 se
1658 4812 1772 4879 ipso
1811 4811 1957 4864 dabit
1999 4811 2107 4865 ι)υο

542 4896 918 4964 placationem.
939 4899 1074 4965 Quid
1104 4904 1246 4955 enim
1279 4903 1413 4957 tanti
1446 4913 1622 4973 potest
1650 4905 1807 4956 Immo
1838 4902 2108 4968 invenire,

544 5001 601 5041 ut
629 4989 719 5043 (iet
748 5006 844 5059 pro
874 4994 1241 5060 redemptione
1289 4997 1482 5048 animae
1509 5009 1617 5048 suae
1645 4995 1666 5045 ?
1691 4994 1794 5046 Sed
1822 5009 1984 5044 unum
2024 4994 2104 5045 in-

541 5091 756 5134 ventum
788 5093 890 5148 est,
919 5100 1016 5153 pro
1036 5087 1285 5141 omnibus
1317 5086 1472 5140 simul
1501 5086 1805 5139 hominibus
1837 5084 2104 5138 suliicien-

542 5173 840 5240 tissimum,
900 5180 1041 5246 quod
1101 5182 1150 5233 itt
1204 5179 1428 5247 pretium
1468 5175 1851 5244 redemptionis
1915 5178 2105 5228 anima:

613 5305 655 5336 ‘5
688 5307 841 5363 llom.
893 5326 974 5376 ill,
1021 5311 1110 5378 9.5,
1151 5312 1239 5366 24.
1314 5313 1358 5343 ’⁸⁸
1389 5311 1519 5365 ibid.
1551 5310 1639 5364 25.
1719 5311 1761 5340 ⁸⁷
1794 5309 1954 5362 Num.
1990 5325 2083 5373 xx,
2118 5308 2203 5361 lO.

615 5468 724 5539 (75)
761 5471 850 5523 Sic
885 5471 1035 5538 Regii
1062 5474 1350 5535 secundus,
1376 5474 1582 5536 tertius,
1606 5481 1831 5538 quartus
1885 5480 1938 5523 et
1978 5486 2102 5524 sex-

548 5547 666 5600 tus;
719 5556 821 5592 ttou
851 5556 1005 5594 secus
1064 5558 1123 5595 ac
1189 5542 1477 5596 Colbertiui
1533 5545 1786 5609 quintus,
1830 5556 2012 5596 sextus
2056 5551 2108 5593 cl

548 5609 809 5681 St‘pl_ittltt_§
840 5626 958 5662 cum
995 5611 1158 5664 Coisl.
1192 5615 1258 5664 At
1292 5613 1422 5665 editi
1460 5612 1812 5681 συνειληφώς.

624 5677 904 5750 (ῗϐλίῇιίὶιί
953 5681 1348 5745 ἐξιλάσκεσθαι.
1400 5682 1548 5736 Culb.
1611 5677 1814 5750 primus
1863 5679 2108 5746 ἐξιλάσα-

551 5745 696 5799 σθαι.
717 5745 834 5800 Ἀιίἰ
866 5757 986 5802 octo
1022 5766 1148 5804 mss.
1180 5751 1477 5813 ὲξιλᾶσθαι.

619 5815 731 5886 (77)
763 5819 834 5871 lta
871 5820 1108 5888 quinque
1148 5838 1278 5877 tuSs.
1316 5822 1452 5876 Editi
1491 5836 1612 5876 vero
1648 5821 1897 5890 ἐδυνήθη.

2206 4629 2329 4681 Ὅτι
2360 4628 2469 4679 οὐκ
2495 4625 2890 4678 ἐπιστεύσατε
2913 4625 3140 4692 ὲνὲμοὶ,
3174 4627 3278 4679 τοῦ
3314 4627 3551 4696 ἁγιάσαι
3565 4649 3644 4697 με
3663 4632 3778 4698 (79)

2205 4718 2481 4772 ἐναντίον
2512 4716 2654 4769 υἱῶν
2701 4716 2957 4783 Ἰσραὴλ,
3008 4715 3104 4768 διὰ
3147 4717 3319 4770 τοῦτο
3359 4721 3470 4770 οὐκ
3499 4721 3779 4785 εἰσάξετε

2207 4808 2377 4879 ὑμεῖς
2432 4808 2545 4875 τὴν
2596 4807 2954 4876 συναγωγὴν
3000 4810 3226 4874 ταύτην
3256 4811 3342 4872 εἰς
3396 4809 3508 4876 τὴν
3552 4812 3673 4881 γῆν
3704 4815 3781 4879 ἢν

2213 4901 2407 4953 ἔδωκα
2430 4899 2650 4963 αὐτοῖς.
2680 4900 2753 4951 Ού
2786 4898 2944 4950 δώσει
2979 4894 3072 4950 οὖν
3101 4899 3178 4968 τῷ
3208 4899 3615 4977 Θεῴβξίλατμα
3648 4909 3780 4959 ἐπυ-

2209 4991 2323 5044 τοῦ.
2362 4992 2426 5042 Τί
2452 4991 2557 5061 γὰρ
2573 4990 2791 5042 δύναται
2821 4988 3102 5057 ἄνθρωπος
3123 4991 3298 5062 εὑρεῖν
3326 4992 3664 5060 τηλικοῦτον,
3696 5000 3780 5052 ἵνα

2211 5082 2288 5151 δῷ
2321 5083 2458 5152 ὑπὲρ
2491 5079 2807 5151 λυτρώσεως
2837 5080 2934 5150 τῆς
2964 5081 3139 5151 ψυχῆς
3172 5084 3370 5149 αὐτοῦς
3417 5087 3555 5138 Ἀλλ’
3578 5092 3779 5162 εὑρέθη

2212 5172 2268 5226 ἓν
2290 5172 2422 5243 ὁμοῦ
2454 5171 2669 5223 πάντων
2705 5169 3002 5240 ἀνθρώπων
3025 5173 3135 5243 (80)
3171 5175 3436 5242 ἀντάξιον,
3463 5179 3489 5230 ὃ
3514 5179 3675 5252 ἐδόθη
3704 5187 3780 5248 εἰς

2298 5309 2340 5339 ’⁵⁸
2369 5309 2497 5361 ibid.
2530 5307 2612 5360 i2.

2418 5467 2584 5545 godd.
2618 5469 2650 5521 5
2688 5468 2982 5545 ὲξᾴξωμεν.
3025 5468 3128 5522 Alii
3152 5485 3272 5545 cum
3307 5470 3464 5545 editis
3490 5469 3778 5545 ὲξαξομεν,

2284 5537 2395 5609 (79)
2427 5538 2644 5609 vulgata
2675 5540 3212 5609 quitlcutgconseutit
3256 5555 3375 5593 cum
3429 5537 3723 5597 Basilianis
3765 5565 3778 5602 ;

2215 5606 2308 5662 Sed
2339 5609 2432 5679 ab_
2458 5608 2813 5679 iisirecedunt
2839 5606 3008 5671 LXX,
3033 5609 3179 5679 apud
3216 5623 3348 5679 quos
3391 5610 3462 5662 ita
3503 5612 3777 5679 legimus:

2215 5680 2336 5731 Ὀτι
2382 5677 2481 5729 οὐκ
2530 5676 2884 5748 ἐπιστεύσατε
2919 5673 3139 5744 ἀγιάσάι
3179 5673 3265 5748 με,
3309 5678 3446 5742 Quia
3489 5673 3593 5736 non
3622 5687 3782 5736 credi-

2224 5749 2370 5802 distis
2403 5747 2733 5814 sancti/icore
2765 5764 2861 5799 me.

2292 5817 2402 5888 (80)
2435 5816 2507 5870 lla
2539 5819 2700 5869 editio
2727 5815 2895 5871 Paris.
2926 5833 3042 5870 cum
3065 5833 3196 5870 mss.
3231 5818 3523 5876 nonnullis.
3541 5820 3660 5878 Vox
3691 5822 3761 5877 ἂν
