4016 6472
263 440 361 494 HI

1346 428 1629 480 HOMILIA
1671 428 1734 477 Ii‘t
1776 427 2100 478 PbALMUM
2143 427 2370 478 XLVIII.

3380 433 3481 488 Ui

261 553 426 625 τιμὴν
459 549 773 620 λυτρώσεως
798 547 898 616 τῆς
925 545 1099 615 ψυχῆς
1135 548 1310 614 ήμῶν,
1341 541 1399 593 τὸ
1420 542 1571 609 ἆγιον
1597 542 1689 594 καὶ
1718 557 1806 593 πο·
1845 595 1847 602 ι

1921 552 2115 595 nostrze
2142 543 2321 596 datum
2361 549 2466 606 est.
2494 549 2714 597 sanctus
2743 543 2830 598 ille
2865 556 2927 599 ac
2958 547 3228 615 pretiosus
3263 563 3483 620 sangms

265 647 556 716 λυτίμητον
587 636 725 711 αἷμα
758 639 851 692 τοῦ
880 637 1083 706 Κυρίου
1115 634 1267 704 ἡμῶν
1303 633 1476 702 Ἰήσοῦ
1513 630 1768 702 Χριστοῦ,
1796 631 1825 682 δ

266 739 404 808 ὑπὲρ
448 734 603 805 ἡμῶν
651 733 830 802 ἐξέχεε
884 731 1128 784 πάντων·
1158 725 1345 794 διόπερ
1387 724 1481 776 καὶ
1505 724 1664 794 τιμῆς
1699 725 1825 791 ἠγο-

266 829 563 900 ράσθήμεν.
595 827 657 877 Εἰ
684 821 774 876 οὖν
809 822 1033 890 ἀδελφὸς
1064 820 1123 872 ού
1156 815 1462 887 λυτροῦται,
1494 814 1823 884 λυτρώσεται

263 920 587 990 ἄνθρωπος;
635 919 697 969 Εἰ
747 916 801 968 δὲ
843 914 1124 982 ἄνθρωπος
1162 906 1534 980 λυτρώσασθαι
1571 907 1714 975 ἡμᾶς
1761 907 1822 957 ού

263 1013 509 1072 δύναται,
554 1013 580 1062 6
623 1009 1036 1078 λυτρωσάμενος
1071 1006 1216 1074 ήμᾶς
1250 1003 1349 1055 οὐκ
1377 1000 1655 1070 ἄνθρωπος
1688 998 1819 1067 (81).

263 1104 353 1172 Μὴ
394 1099 505 1167 οὖν,
538 1102 624 1154 διὰ
657 1102 716 1154 τὸ
752 1104 806 1153 ἐν
840 1096 1141 1168 ὁμοιώματι
1175 1095 1373 1164 σαρκὸς
1406 1091 1673 1162 ἁμαρτίας
1705 1092 1823 1143 ἐπι-

264 1193 628 1264 δεδημηκέναι
681 1194 829 1263 ἡμῖν,
878 1187 1160 1257 ἄνθρωπον
1216 1185 1369 1256 μόνον
1416 1181 1686 1251 ὑπολάϐῃς
1731 1181 1821 1234 τὸν

268 1284 471 1354 Κύριον
503 1283 680 1353 ἡμῶν,
710 1282 806 1351 τὴν
838 1279 936 1349 τῆς
965 1278 1214 1349 Θεότητος
1249 1277 1473 1344 δύναμιν
1511 1275 1780 1343 ἀγνοήσας
1802 1287 1817 1302 ο

263 1374 322 1437 ὃς
347 1376 408 1427 ού
441 1375 626 1445 χρείαν
661 1372 784 1441 ἔσχε
807 1370 914 1443 (ὃὲ)
950 1368 1130 1422 δοῦναι
1158 1367 1234 1438 τῷ
1258 1367 1374 1436 Θεῷ
1403 1365 1662 1434 ἐξίλασμα
1698 1365 1820 1417 ἐαυ-

267 1464 384 1527 τοῦ,
433 1466 550 1518 οὐδὲ
580 1465 677 1535 τὴν
729 1463 863 1515 ἰδίαν
908 1457 1390 1530 άπολυτρώσασθαι
1437 1455 1633 1526 ψυχὴν,
1686 1455 1817 1507 διότι

275 1555 590 1622 Ἀμαρτίαν
633 1555 742 1606 οὐκ
780 1552 1086 1616 ἐποίησεν,
1136 1547 1274 1600 οὐδὲ
1303 1545 1511 1614 εὑρέθη
1551 1544 1727 1609 δόλος
1750 1543 1820 1596 ἐν

261 1646 342 1709 τῷ
377 1645 623 1711 στόματι
673 1642 878 1697 αὑτοῦ.
921 1638 1316 1708 Ἐξωνήσασθαι
1374 1637 1471 1707 μὲν
1507 1632 1598 1688 οὖν
1629 1635 1818 1688 ἐαυτὸν

258 1735 433 1799 οὐδεὶς
488 1736 688 1797 ἱκανὸς,
731 1735 821 1787 ἐὰν
865 1732 937 1802 μὴ
973 1729 1100 1802 ἔλθῃ
1138 1731 1166 1781 6
1196 1728 1292 1800 τὴν
1327 1727 1694 1798 αἰχμαλωσίαν
1721 1725 1814 1778 τοῦ

259 1827 390 1881 λαοῦ
413 1827 770 1898 ἐπιστρέφων,
790 1825 849 1877 οὐ
882 1820 1017 1892 μετὰ
1041 1821 1269 1890 λύτρων,
1297 1821 1414 1872 οὑδέ
1442 1819 1575 1890 μετὰ
1604 1815 1809 1887 δώρων,

1931 633 2139 686 Domini
2174 633 2338 687 nostri
2371 630 2496 688 Jesu
2543 631 2766 699 Christi,
2807 650 2962 705 quem
3003 652 3099 706 pro
3126 639 3280 695 nobis
3317 646 3484 713 omm-

1926 726 2024 779 bus
2059 725 2298 781 effudit:
2345 727 2690 796 quamobrem
2740 729 2914 796 pretio
2967 731 3127 785 etiam
3172 735 3338 802 empti
3390 752 3482 790 sn-

1927 832 2044 870 mus
2073 816 2136 869 ‘9.
2162 817 2342 885 Itaque
2364 817 2408 872 si
2443 817 2609 872 frater
2635 833 2738 872 non
2767 820 3000 888 redimit,
3021 824 3248 879 redimet
3281 827 3483 882 homo?

1927 905 1981 960 Si
2015 923 2141 961 vero
2177 909 2444 962 redimere
2483 923 2578 962 nos
2634 923 2735 962 non
2768 919 2942 976 potest
2988 912 3147 966 homo
3178 929 3191 977 ;
3218 917 3304 983 qui
3336 920 3482 970 rede-

1925 999 2021 1052 mit
2052 1015 2169 1062 nos,
2197 999 2356 1054 homo
2387 1014 2492 1054 non
2549 1009 2650 1056 est.
2700 1000 2777 1055 Ne
2817 1002 2998 1071 igitur,
3033 1016 3313 1074 propterea
3340 1013 3480 1077 quod

1924 1087 1976 1141 in
2024 1088 2375 1144 similitudine
2420 1091 2602 1144 carnis
2627 1093 2826 1159 peccati
2868 1094 3141 1147 nobiscum
3177 1097 3480 1156 diversatns

1922 1187 2023 1243 est,
2054 1181 2322 1234 hominem
2356 1181 2527 1235 solum
2558 1183 2833 1237 existimes
2878 1183 3162 1240 Dominum
3210 1200 3477 1256 nostrum,

1920 1268 2216 1322 divinitatis
2244 1272 2536 1337 potentiam
2591 1273 2844 1341 ignorans
2882 1294 2895 1326 :
2942 1277 3024 1328 cui
3066 1291 3198 1344 opus
3228 1295 3330 1333 non
3365 1293 3480 1335 erat

1923 1357 2027 1412 Deo
2048 1358 2175 1412 dare
2200 1360 2554 1428 placationetn
2587 1377 2765 1427 suam,
2794 1379 2964 1433 neque
3011 1371 3279 1437 propriam
3334 1374 3476 1427 redi-

1920 1466 2067 1505 mere
2093 1453 2350 1517 animam,
2370 1455 2494 1523 quia
2535 1454 2808 1510 Peccatum
2844 1474 2943 1511 non
2965 1458 3104 1526 fecit,
3133 1478 3224 1515 nec
3250 1465 3480 1520 inventus

1918 1553 1991 1595 est
2020 1543 2168 1597 dolus
2193 1545 2244 1598 in
2273 1561 2360 1599 ore
2390 1547 2502 1612 eius
2524 1547 2590 1599 ⁸ο.
2617 1548 2787 1601 Nemo
2817 1549 2976 1617 igitur
2999 1566 3055 1604 se
3079 1552 3190 1620 ipse
3219 1555 3482 1610 redimere

1918 1644 2108 1701 potest,
2144 1635 2242 1689 nisi
2269 1637 2552 1706 veniatqui
2575 1639 2940 1707 captivitatem
2968 1643 3145 1710 populi
3170 1656 3470 1713 convertat,

1917 1738 2020 1776 non
2071 1738 2192 1776 cum
2225 1726 2439 1792 pretiis,
2472 1741 2646 1795 neque
2681 1743 2802 1783 cum
2846 1731 3022 1796 donis,
3061 1733 3202 1786 sicut
3250 1733 3302 1786 in
3342 1735 3476 1788 Isaia

1914 1814 2168 1881 scriptum
2205 1825 2287 1869 est
2318 1815 2399 1881 ⁸¹,
2437 1817 2530 1871 sed
2571 1818 2622 1872 in
2671 1834 2769 1872 suo
2817 1823 3096 1888 sanguine.
3129 1822 3227 1878 Hic
3273 1831 3476 1887 autem,

259 1919 335 1983 ὡς
367 1920 423 1971 ἐν
465 1919 662 1986 Ἡσαΐᾳ
709 1916 1038 1985 γέγραπται,
1094 1911 1208 1965 ἀλλ’
1247 1914 1302 1963 ἐν
1343 1909 1419 1978 τῷ
1471 1907 1662 1962 ἑαυτοῦ
1703 1909 1811 1979 (8'5)
1846 1963 1847 1966 η

1921 1919 2036 1956 cum
2071 1919 2178 1959 non
2215 1921 2453 1962 essemus
2486 1905 2704 1975 fratres,
2731 1911 2821 1964 sed
2847 1927 3086 1968 essemus
3111 1915 3312 1970 inimici
3347 1916 3473 1971 facti

259 2009 472 2078 αἵματι.
527 1999 690 2065 Οὗτος
737 2002 795 2054 δὲ
829 2002 948 2072 οὐχὶ
991 2000 1250 2068 ἀδελφοὺς
1293 2000 1438 2068 ἡμᾶς
1478 1997 1657 2063 ὄντας,
1700 1999 1813 2051 ἀλλ’

259 2097 484 2166 ἐχθροὺς
516 2093 661 2162 ἡμᾶς
690 2090 1013 2161 γενομένους
1043 2091 1156 2150 τοῖς
1191 2085 1650 2158 παραπτώμασιν,
1695 2087 1815 2141 οὕτε

257 2189 538 2260 ἄνθρωπος
567 2184 718 2254 ψιλὸς
748 2183 842 2249 ὢν,
875 2181 1008 2237 ἀλλὰ
1032 2180 1182 2243 Θεὸς,
1221 2179 1356 2250 μετὰ
1383 2180 1481 2250 τὴν
1510 2177 1816 2250 ἐλευθερίαν

258 2282 326 2350 ἢν
356 2277 631 2349 χαρίζεται
662 2278 811 2348 ἡμῖν,
845 2275 936 2327 καὶ
984 2272 1240 2340 ἀδελφοὺς
1270 2272 1414 2342 ἡμᾶς
1438 2269 1628 2323 ἐαυτοῦ
1656 2287 1819 2341 προσ-

257 2367 529 2438 αγορεύει.
582 2365 918 2437 Ἀπαγγελῶ
964 2365 1093 2434 γὰρ,
1152 2363 1303 2434 φησι,
1338 2362 1401 2416 τὸ
1448 2362 1633 2430 ὄνομα
1701 2376 1816 2414 σου

254 2460 382 2526 τοῖς
409 2459 688 2529 ἀδελφοῖς
707 2476 845 2527 μου.
877 2457 932 2510 Ὁ
957 2455 1048 2510 οὖν
1076 2455 1486 2525 λυτρωσάμενος
1516 2453 1624 2523 (84)
1649 2453 1814 2522 ἡμᾶς,

257 2549 352 2602 ἐὰν
381 2549 477 2620 μὲν
508 2552 606 2621 τὴν
635 2548 794 2617 φύσιν
813 2545 976 2600 αὑτοῦ
1010 2547 1234 2614 σκοπῇς,
1256 2543 1376 2596 οὕτε
1408 2541 1657 2609 ἁδελφὸς,
1695 2540 1816 2594 οὔτε

257 2640 573 2712 ἅνθρωπος·
608 2641 700 2692 ἐὰν
722 2639 778 2691 δὲ
820 2637 916 2708 τὴν
947 2639 1011 2688 ἐκ
1037 2635 1254 2705 χάριτος
1301 2633 1464 2686 αὑτοῦ
1499 2634 1631 2705 πρὸς
1674 2634 1820 2703 ἡμᾶς

264 2731 696 2799 συγκατάϐασιν,
750 2729 843 2781 καὶ
889 2726 1147 2795 ἀδελφοὺς
1191 2728 1338 2796 ἡμᾶς
1390 2726 1677 2796 ὀνομάζει,
1726 2726 1821 2778 καὶ

260 2825 396 2895 πρὸς
449 2824 539 2876 τὸν
588 2821 920 2891 ἀνθρώπινον
955 2819 1292 2883 καταϐαίνει,
1335 2819 1392 2882 ὃς
1430 2821 1512 2872 Οὺ
1539 2816 1715 2870 δώσει
1744 2811 1822 2883 τῷ

262 2911 382 2976 Θεῷ
427 2911 727 2980 ἐξίλασμα
769 2909 1005 2972 ἑαυτοῦ,
1051 2909 1187 2963 ἀλλὰ
1236 2908 1329 2962 τοῦ
1362 2908 1563 2977 κόσμου
1600 2906 1816 2968 παντός.

259 3003 333 3054 Οὐ
363 3001 469 3071 γὰρ
509 2999 732 3070 ἱλασμοῦ
767 3001 957 3064 δεῖται,
986 2998 1098 3052 ἀλλ’
1124 2999 1282 3061 αὐτός
1314 3000 1460 3050 ἐστιν
1495 2997 1815 3066 ἱλαστήριον.

266 3088 533 3153 Τοιοῦτος
557 3087 666 3158 γὰρ
696 3089 838 3157 ἡμῖν
864 3088 1120 3157 ἔπρεπεν
1141 3086 1448 3155 ἀρχιερεὺς
1469 3086 1654 3149 ὅσιος,
1680 3085 1822 3137 ἅκα-

259 3197 384 3245 κος,
420 3182 724 3249 ἀμίαντος,
759 3181 1194 3250 κεχωρισμένος
1236 3177 1354 3231 ἀπὸ
1399 3176 1516 3228 τῶν
1553 3176 1816 3245 ἁμαρτω-

1919 1994 1987 2048 ob
2015 2005 2255 2065 peccata,
2287 2011 2460 2066 neque
2500 1999 2613 2068 ipse
2645 2001 2805 2054 homo
2835 2003 3032 2065 nudus,
3060 2003 3152 2057 sed
3185 2005 3483 2073 Dens,post

1920 2086 2218 2143 libertatem
2262 2103 2424 2156 quam
2484 2090 2637 2145 nobis
2675 2091 2918 2162 largitur,
2954 2094 3117 2148 etiam
3159 2111 3254 2149 nos
3289 2097 3481 2152 fratres

1919 2194 2045 2235 suos
2099 2180 2349 2248 appellat.
2401 2179 2648 2236 Narrabo
2679 2185 2837 2249 enim,
2880 2185 3072 2254 inquit,
3124 2204 3305 2242 nomen
3335 2199 3480 2242 tuum

1919 2271 2170 2339 fratribus
2191 2274 2317 2324 meis
2347 2273 2410 2325 ⁸².
2431 2274 2615 2342 Itaque
2644 2275 2732 2343 qui
2760 2275 2985 2329 redemit
3014 2291 3131 2343 nos,
3159 2279 3202 2331 si
3232 2290 3479 2335 naturam

1918 2362 2129 2430 quidem
2169 2361 2333 2426 ipsius
2368 2364 2684 2432 perpendas,
2707 2379 2878 2433 neque
2904 2365 3090 2431 frater,
3117 2385 3291 2438 neque
3318 2371 3479 2426 homo

1917 2461 1996 2505 est
2029 2473 2040 2506 :
2073 2452 2116 2505 si
2147 2467 2272 2507 vero
2317 2453 2489 2522 ipsius
2538 2454 2604 2510 ad
2645 2469 2742 2510 nos
2785 2456 3163 2513 demissionem
3199 2474 3264 2514 ex
3306 2463 3482 2530 gratia

1918 2542 2134 2611 factam,
2163 2553 2217 2599 et
2257 2559 2354 2598 nos
2385 2544 2580 2600 fratres
2606 2549 2869 2611 nominat,
2908 2558 2964 2602 et
2997 2551 3062 2602 ad
3095 2551 3482 2605 humanitatem

1920 2634 2194 2688 descendit
2221 2636 2346 2702 :qui
2376 2633 2497 2690 Non
2526 2638 2669 2690 dabit
2705 2637 2808 2692 Deo
2830 2640 3173 2708 placationem
3200 2646 3480 2709 suam,sed

1922 2726 2083 2778 totius
2122 2724 2326 2780 mundi.
2357 2724 2469 2779 Non
2499 2726 2640 2778 enim
2669 2727 2868 2796 indiget
2901 2727 3221 2797 placatione,
3246 2732 3337 2785 sed
3367 2732 3482 2800 ipse

1922 2814 2228 2882 propitiatio
2275 2823 2376 2868 est.
2424 2813 2566 2868 Talis
2619 2819 2754 2869 enim
2804 2819 3012 2871 decebat
3068 2830 3123 2871 ut
3175 2830 3303 2874 esset
3338 2821 3484 2875 nobis

1920 2904 2149 2972 pontifex
2182 2919 2199 2957 :
2228 2915 2464 2973 sanctus,
2497 2906 2740 2959 innocens
2767 2945 2782 2971 ,
2815 2907 3118 2974 impollutus
3141 2947 3156 2972 ,
3187 2923 3484 2979 segregatus

1919 3014 1951 3049 a
1996 2997 2370 3063 peccatoribus,
2406 3007 2453 3050 et
2488 2998 2741 3051 excelsior
2797 2998 2940 3052 (telis
2988 2999 3190 3068 factus;
3240 3003 3328 3070 qui
3382 3018 3484 3056 non

1921 3087 2071 3139 habet
2111 3089 2467 3140 necessitatem
2491 3086 2756 3155 quotidie,
2787 3088 3219 3157 quemadmodum
3244 3089 3487 3144 sacerdo-

1923 3180 2176 3246 tes,prius
2209 3194 2300 3242 pro
2331 3179 2440 3231 suis
2481 3179 2680 3230 delictis
2712 3180 2906 3233 hostias
2939 3180 3148 3247 offerre,
3181 3179 3368 3233 deinde
3389 3199 3485 3249 pro

256 3270 401 3338 λῶν,
431 3272 528 3324 καὶ
559 3273 931 3338 ὑψηλότερος
953 3271 1069 3323 τῶν
1092 3266 1360 3336 οὐρανῶν
1389 3269 1723 3336 γενόμενος’
1750 3267 1817 3331 ὃς
1844 3285 1847 3312 ι

1921 3267 2091 3336 populi
2128 3269 2436 3337 ignorantiis
2457 3269 2522 3321 ⁸³.
2555 3269 2743 3323 Postea
2797 3270 2922 3323 dicit
2952 3270 3122 3339 (νειιε.
3165 3272 3217 3339 9)
3247 3288 3260 3325 :
3293 3269 3361 3323 Et
3401 3274 3484 3326 la-

255 3364 368 3414 οὐκ
415 3363 536 3429 ἔχει
567 3362 690 3413 καθ’
715 3360 941 3428 ἡμέραν
982 3360 1271 3429 ἀνάγκην,
1305 3358 1506 3426 ὥσπερ
1539 3361 1592 3412 οἱ
1621 3359 1815 3427 ἀρχιε-

253 3452 400 3520 ρεῖς,
430 3453 715 3519 πρότερον
745 3451 895 3520 ὑπὲρ
922 3451 1039 3506 τῶν
1069 3451 1230 3506 ἰδίων
1250 3449 1545 3520 ἁμαρτιῶν
1563 3450 1818 3520 προσφέ-

253 3561 382 3612 ρειν
427 3545 658 3610 θυσίας,
694 3543 896 3598 ἔπειτα
943 3544 1060 3598 τῶν
1096 3544 1198 3599 τοῦ
1230 3544 1381 3599 λαοῦ
1412 3542 1814 3612 ἀγνοημάτων.

257 3637 391 3690 Εἶτά
416 3653 564 3708 φησι·
591 3638 697 3691 Καὶ
723 3639 1047 3693 ἐκοπίασεν
1063 3639 1149 3702 εὶς
1180 3637 1286 3690 τὸν
1314 3635 1518 3700 αἰῶνα,
1541 3635 1636 3688 καὶ
1660 3633 1819 3701 ζήσε-

1919 3357 2112 3410 boravit
2142 3360 2196 3412 in
2227 3369 2496 3423 utentum,
2529 3358 2699 3429 (vens.
2726 3359 2812 3431 I0)
2842 3371 2888 3413 et
2923 3362 3050 3416 vivet
3073 3363 3128 3416 in
3151 3362 3332 3431 ﬁnem.
3362 3363 3483 3434 Ipsa

1923 3465 2014 3519 per
2043 3465 2101 3506 se
2129 3451 2258 3517 vita,
2295 3451 2407 3521 ipsa
2434 3453 2604 3507 virtus
2627 3493 2641 3517 ,
2665 3461 2719 3507 et
2747 3452 3013 3508 indefessa
3051 3463 3243 3508 natura
3272 3455 3485 3509 labora-

1926 3542 2075 3595 vitin
2119 3542 2217 3596 hoc
2249 3542 2466 3608 saeculo,
2507 3545 2722 3611 quando
2752 3543 3028 3614 Fatigatus
3069 3562 3134 3600 ea:
3161 3547 3363 3611 itinere,
3405 3564 3477 3601 se-

1923 3632 2072 3686 debat
2105 3649 2262 3701 supra
2288 3633 2482 3702 fontem
2515 3633 2582 3686 ⁸⁸.

258 3745 353 3780 ται
376 3730 458 3794 είς
494 3728 685 3794 τέλος.
729 3730 792 3782 Ἦ
831 3729 1096 3798 αὑτοζωὴ,
1127 3731 1159 3797 ἠ
1223 3728 1469 3796 δύναμις,
1528 3730 1560 3796 ή
1593 3727 1871 3796 ἀκάματος
1909 3723 2088 3794 φύσις,
2126 3725 2415 3779 ἐκοπίασεν
2467 3728 2524 3778 ἐν
2551 3725 2629 3797 τῷ
2667 3725 2822 3780 αἰῶνι
2877 3727 3071 3798 τούτῳ,
3109 3729 3271 3798 ἡνίκα
3299 3732 3485 3783 Κεκο-

258 3818 483 3884 πιακὼς
506 3820 572 3871 ἐκ
599 3817 705 3886 τῆς
734 3817 1069 3884 ὁδοιπορίας
1104 3815 1402 3876 ἐκαθέζετο
1429 3816 1526 3869 ἐπὶ
1559 3815 1668 3883 τῆς
1691 3816 1909 3883 πηγῆς.

423 3913 515 3976 Ὃς
535 3913 643 3966 οὐκ
665 3913 869 3980 ὄψεται
884 3911 1276 3980 καταφθορὰν,
1306 3911 1451 3965 ὅταν
1475 3910 1571 3980 ἴδῃ
1589 3910 1816 3980 σοφοὺς

258 4003 758 4070 ἀποθνήσκοντας
792 4004 872 4072 (οὐ
916 4003 1075 4057 δώσει
1113 4003 1221 4076 γὰρ
1267 4004 1357 4056 τὸν
1401 4004 1545 4056 ὅσιον
1591 4001 1752 4056 αὑτοῦ
1789 4003 1817 4054 6

261 4091 448 4161 Πατὴρ
485 4091 613 4142 ίδεῐν
653 4091 988 4162 διαφθορὰν),
1021 4094 1147 4145 ὅταν
1177 4095 1225 4144 oi
1249 4093 1346 4162 τὴν
1371 4091 1817 4163 καταργουμένην

263 4180 450 4249 σοφίαν
497 4179 783 4250 αὐχοῦντες
821 4181 1250 4250 ἀποθνήσκωσιν.
1303 4183 1366 4234 Εἰ
1407 4183 1462 4235 δέ
1504 4183 1678 4253 βούλει
1728 4182 1818 4234 καὶ

259 4272 353 4322 ἐπὶ
381 4271 477 4323 ἀνθ
489 4271 678 4340 ρώπων
703 4269 922 4323 δικαίων
940 4269 1119 4322 λαϐεῖν
1139 4271 1204 4322 τὰ
1230 4272 1513 4341 εἰρημένα,
1548 4271 1814 4341 μνήσθητι

258 4366 354 4420 τοῦ
401 4364 519 4416 Ἰὼϐ
541 4365 803 4432 λέγοντος
833 4365 1170 4431 Ἀνθρωπος
1189 4360 1464 4431 γεννᾶται
1492 4363 1685 4424 κόπῳ·
1725 4361 1816 4412 καὶ

1989 3911 2041 3964 5.
2075 3911 2234 3965 Vens.
2273 3912 2359 3965 II.
2389 3913 2492 3977 Qui
2523 3928 2625 3966 non
2655 3912 2841 3965 videbit
2867 3913 3134 3966 interitum
3157 3952 3171 3977 ,
3202 3931 3319 3968 cum
3348 3917 3487 3970 eide-

1919 4001 1987 4054 rit
2017 4003 2274 4070 sapientes
2319 4005 2596 4055 morientes
2642 4002 2768 4072 (non
2818 4001 2963 4056 dabit
3010 4004 3152 4057 enim
3206 4003 3382 4069 Pater,
3420 4016 3480 4058 ιιι

1920 4099 2138 4144 Sanctus
2174 4103 2303 4144 suus
2332 4090 2513 4144 videat
2541 4091 2942 4159 corruptionem
2962 4092 3054 4160 ³⁵),
3075 4103 3183 4146 tum
3222 4109 3342 4148 cum
3369 4110 3485 4150 mo-

1921 4185 2128 4240 rientur
2173 4185 2264 4255 qui
2315 4183 2629 4252 sapientiam
2685 4183 3018 4237 desinentem
3059 4183 3288 4250 jactant.
3323 4186 3476 4252 Quod

1920 4278 1964 4330 si
1998 4275 2159 4331 etiam
2185 4277 2248 4329 de
2274 4276 2431 4344 justis
2460 4289 2672 4341 quoque
2705 4274 3010 4327 hominibus
3041 4275 3156 4328 haec
3193 4279 3353 4330 verba
3386 4294 3479 4333 ac-

1920 4368 2100 4435 cipere
2145 4366 2397 4425 volueris,
2451 4363 2800 4418 reminiscere
2845 4362 2946 4420 .Iob
2996 4365 3225 4420 dicentis
3262 4384 3272 4416 :
3311 4367 3482 4422 Homo

260 4458 425 4511 πάλιν
469 4457 561 4509 τοῦ
613 4456 930 4509 Ἀποστόλου
957 4495 969 4517 ,
1019 4456 1098 4509 ὅτι
1145 4456 1580 4524 Περισσότερον
1621 4452 1815 4506 αὐτῶν

1921 4459 2149 4510 nascitur
2195 4456 2263 4508 ad
2314 4455 2614 4508 laborem”
2644 4473 2657 4519 ;
2690 4465 2744 4509 et
2786 4471 2970 4509 rursus
2999 4456 3235 4524 Apostoli
3265 4474 3277 4509 :
3305 4457 3480 4511 Abun-

261 4548 500 4600 πάντων
523 4547 813 4600 ἐκοπίασα
837 4564 848 4575 ·
881 4547 972 4597 καὶ
994 4546 1073 4611 τὸ,
1110 4546 1210 4598 Ἐν
1239 4547 1446 4611 κόποις
1472 4543 1818 4611 περισσοτέ-

255 4654 396 4704 ρως.
447 4637 502 4690 '0
552 4634 643 4690 οὖν
689 4637 953 4698 κοπιάσας
997 4639 1053 4690 ἐν
1105 4637 1179 4707 τῷ
1223 4637 1378 4690 αἰῶνι
1422 4638 1615 4708 τούτῳ,
1664 4631 1818 4701 οὗτος

263 4727 484 4795 ζήσεται
516 4729 594 4789 είς
634 4729 813 4791 τέλος·
845 4730 871 4780 6
897 4727 951 4780 δὲ
987 4713 1246 4801 ἐν’τρυιρῇ
1276 4728 1368 4780 καὶ
1409 4728 1558 4799 πάσῃ
1605 4727 1818 4780 ἐκλύσει

261 4818 462 4882 διάγων
487 4856 500 4880 ,
539 4817 626 4870 διὰ
667 4822 726 4872 τὸ
767 4821 1104 4892 ἁϐροδίαιτον
1155 4819 1438 4892 πορφύραν
1482 4822 1575 4874 καὶ
1625 4819 1819 4888 βύσσον

265 4909 597 4979 ἐνδυόμενος,
612 4910 704 4961 καὶ
721 4912 1136 4983 εὐφραινόμενος
1156 4911 1275 4965 καθ’
1299 4911 1405 4982 ἡμὲ
1414 4928 1510 4984 ραν
1527 4909 1817 4981 λαμπρῶς,

264 5003 361 5055 καὶ
390 5001 601 5070 φεύγων
640 5002 762 5064 τοὺς
813 5005 951 5075 ὑπὲρ
985 5003 1083 5072 τῆς
1127 5003 1326 5072 ἀρετῆς
1355 5003 1654 5074 καμάτους,
1697 4999 1819 5053 οὔτε

265 5092 552 5145 ἐκοπίασεν
590 5094 646 5145 ἐν
677 5090 754 5162 τῷ
795 5093 947 5146 αἰῶνι
989 5093 1196 5163 τούτῳ,
1241 5091 1362 5144 οὔτε
1400 5091 1622 5163 ζήσεται
1655 5094 1712 5144 ὲν
1743 5092 1820 5162 τῷ

269 5184 531 5252 μέλλοντι,
575 5184 707 5238 ἀλλὰ
743 5183 953 5254 μακρὰν
988 5185 1175 5253 ὄψεται
1207 5185 1307 5254 τὴν
1339 5183 1501 5254 ζωὴν,
1539 5182 1822 5252 βασανιζό-

271 5293 426 5343 μενος
453 5278 507 5328 ἐν
553 5279 619 5347 τῇ
665 5276 819 5346 φλογὶ
848 5276 944 5346 τῆς
981 5279 1232 5346 καμίνου.
1281 5278 1336 5329 Ὀ
1371 5275 1424 5327 δὲ
1458 5277 1670 5344 μυρίοις
1710 5277 1822 5337 τοῖς

340 5431 381 5462 ⁵³
415 5429 579 5484 ICor.
605 5447 678 5489 vt.
711 5429 801 5484 20.
878 5431 922 5462 ⁵ο
951 5429 970 5484 I
999 5428 1141 5484 Petr.
1174 5446 1232 5491 Il,
1260 5428 1348 5483 22.
1425 5429 1467 5461 σί
1493 5426 1586 5480 lsa.
1611 5442 1700 5487 LII,
1738 5429 1789 5480 5.

267 5504 310 5533 ⁸⁸
345 5500 484 5554 Psal.
515 5517 604 5566 xv,
629 5502 878 5568 £0;Act.
903 5501 1078 5568 tt,_27.
1151 5501 1196 5530 ⁵⁸
1222 5499 1319 5553 Job
1355 5514 1406 5566 v,
1439 5499 1488 5551 7.

267 5613 508 5684 Ορὼπων
555 5613 704 5684 deest
759 5613 810 5667 in
843 5611 1047 5684 _rnajori
1088 5621 1248 5684 parte
1292 5627 1423 5664 tnss.
1467 5609 1584 5663 Mox
1618 5617 1818 5676 septem

269 5682 398 5737 mss.
428 5683 808 5752 πολυτίμητον.
842 5682 982 5735 Editi
1017 5682 1329 5749 πολύτιμον.

341 5755 449 5820 (81)
512 5748 973 5819 Οὺᾱιᾶνθρωπος,
1021 5752 1140 5804 Non
1201 5748 1373 5804 homo.
1430 5748 1539 5803 Hoc
1573 5755 1673 5811 est,
1719 5763 1819 5800 non

269 5821 417 5874 homo
448 5823 683 5891 simplex,
714 5825 802 5874 sed
830 5822 966 5876 Deus
1003 5823 1172 5875 homo.

1863 5424 1907 5455 ⁵³
1930 5418 2069 5472 Psal.
2091 5435 2201 5482 XXI,
2233 5419 2322 5473 23.
2399 5419 2443 5448 ⁵³
2473 5417 2633 5470 Hebr.
2656 5436 2749 5479 vtt.
2775 5419 2863 5477 9.6.
2895 5420 2983 5472 Ἥ.

1565 5497 1648 5548 ⁵⁷1
1693 5495 1818 5551 Cur.
1856 5508 1942 5556 xv,
1972 5489 2050 5540 10.
2131 5491 2175 5519 ³⁸
2203 5490 2244 5542 II
2272 5490 2396 5542 Cor.
2427 5503 2503 5552 x1,
2535 5489 2623 5542 25.
2703 5491 2744 5521 ⁵⁹
2777 5490 2905 5545 Luc.
2938 5506 3045 5553 XVI,
3081 5491 3163 5543 I9.

1921 4549 2128 4600 tlantius
2154 4547 2256 4599 illis
2299 4545 2535 4598 omnibus
2561 4543 2879 4606 laboravi";
2915 4545 3041 4598 item
3081 4558 3096 4597 :
3132 4544 3481 4601 Inlabort'bus

1919 4640 2272 4690 abundantius
2296 4639 2361 4690 ⁵⁸.
2389 4637 2488 4703 Qui
2526 4637 2689 4704 igitur
2733 4635 2784 4688 in
2812 4635 2914 4688 hoc
2942 4636 3138 4690 sarculo
3184 4637 3467 4701 laboravit,

1921 4727 2007 4780 Itic
2048 4728 2190 4781 vivet
2228 4728 2282 4781 in
2347 4729 2504 4779 finem
2544 4741 2556 4775 :
2589 4725 2679 4793 qui
2716 4740 2843 4782 vero
2898 4728 2947 4781 in
2990 4729 3192 4783 deliciis
3241 4743 3303 4783 ac
3332 4731 3479 4784 omni

1923 4817 2332 4883 intemperantia
2368 4815 2540 4884 degit,
2572 4817 2641 4870 ob
2692 4817 2965 4872 mollitiem
3016 4818 3238 4874 indutus
3279 4836 3481 4889 purpu-

1926 4926 2041 4966 ram
2069 4921 2120 4964 et
2166 4911 2405 4979 byssurn,
2441 4918 2495 4964 et
2538 4911 2758 4978 epulans
2795 4910 3032 4977 quotidie
3079 4910 3354 4979 splendide
3383 4912 3427 4943 ”
3459 4928 3476 4967 :

1928 4999 2243 5067 laboresque
2273 5000 2342 5053 ob
2381 4999 2633 5052 virtutem
2670 4997 3014 5067 perferendos
3054 4999 3281 5066 fugiens,
3315 4999 3360 5054 is
3389 5016 3482 5054 ne-

1925 5106 2026 5160 que
2053 5091 2102 5140 in
2137 5091 2234 5143 ltoc
2267 5091 2462 5144 saeculo
2498 5091 2779 5154 laboravit,
2804 5104 2972 5156 neque
3006 5089 3146 5142 vivet
3173 5090 3222 5142 in
3263 5090 3476 5146 futuro:

1925 5177 2016 5230 sed
2046 5175 2254 5228 eminus
2299 5176 2462 5248 vitam
2497 5177 2713 5240 videbit,
2773 5177 2823 5227 itt
2864 5177 3057 5228 camini
3099 5177 3311 5232 ﬂamma
3356 5197 3480 5233 cru-

1926 5267 2116 5320 ciatus.
2149 5265 2248 5331 Qui
2283 5282 2406 5322 vero
2460 5267 2754 5321 innumeris
2807 5271 3190 5326 certaminibus
3238 5288 3333 5340 pro
3369 5276 3476 5327 vir-

3059 5422 3104 5451 “
3135 5418 3286 5474 Joan.
3316 5438 3386 5485 tv,
3425 5428 3475 5479 6,

1998 5601 2104 5674 (82)
2135 5604 2311 5658 Editio
2356 5603 2520 5674 Basil.
2549 5619 2669 5656 cum
2715 5621 2842 5659 mss.
2872 5605 3058 5674 χρείαν
3103 5605 3277 5674 ἔσχεν.
3310 5609 3475 5664 Editiu

1928 5687 2051 5725 vero
2077 5671 2248 5727 Paris.
2281 5671 2465 5742 χρείαν
2501 5673 2656 5742 ἔχων.

1997 5742 2108 5816 (δεῇ)
2137 5744 2208 5816 Ita
2242 5759 2482 5816 quinque
2513 5760 2640 5816 mss.
2679 5744 2814 5816 Editi
2851 5759 2975 5799 vero
3003 5745 3058 5798 ἐν
3086 5745 3161 5816 τῷ
3188 5747 3368 5800 αὐτοῦ.

2002 5808 2111 5883 (84⁷)
2134 5808 2295 5868 Coisi.
2331 5808 2404 5864 '0'
2426 5808 2516 5866 οὖν
2550 5812 2925 5884 λυτρούμενος.
