4016 6450
523 377 628 432 445

1858 369 1914 424 S.
1956 368 2197 422 BASlLll
2233 367 2452 420 MAGM

3682 373 3789 427 LM

523 501 639 545 tute
667 487 959 551 desudarit,
988 487 1146 558 182
1183 487 1382 557 quique
1409 525 1424 552 ,
1459 495 1520 540 ut
1551 500 1670 541 eam
1701 494 2097 555 assequeretur,

2213 481 2342 551 ὅπερ
2389 480 2490 550 τῆς
2533 479 2733 552 ἀρετῆς
2762 481 2968 550 ἀγῶσιν
3013 483 3325 556 ὲνιδρώσας,
3362 485 3459 538 καὶ
3490 485 3642 554 ὑπὲρ
3690 489 3790 538 τοῦ

527 580 802 636 laboribus
850 579 1094 649 pluribus
1128 587 1368 634 tentatus
1418 577 1618 644 fuerit,
1649 577 1896 632 victurus
1933 586 2014 630 est
2044 576 2096 629 in

528 672 712 737 ﬁnem,
735 670 885 726 velut
927 671 1017 724 ille
1049 671 1160 736 ipse
1185 671 1278 739 qui
1325 669 1552 722 multum
1587 668 1849 721 laboravit
1879 665 1932 718 in
1969 664 2100 717 allii-

525 765 796 818 ctionibus
816 763 1058 817 Lazarus
1079 762 1158 820 °°;
1184 760 1327 814 velut
1351 760 1442 814 ille
1465 761 1580 829 ipse
1600 759 1688 825 qui
1724 760 1776 811 in
1799 759 2102 813 certamini-

529 854 628 907 bus
650 863 838 906 contra
864 850 1230 904 adversarium
1264 847 1510 903 defessus
1538 857 1618 902 est
1637 845 1821 900 Jobus.
1842 845 2101 910 Ibienim,

529 945 722 1012 inquit,
749 943 1100 1010 requievertmt
1129 941 1251 1009 fessi
1271 942 1337 997 ⁶¹.
1361 939 1698 1008 Quapropter
1725 939 1887 993 etiam
1926 937 2106 992 Domi-

532 1039 743 1104 nus;eos
764 1036 854 1104 qui
880 1034 1127 1088 laborant
1154 1049 1217 1087 ac
1248 1033 1455 1088 onerati
1499 1044 1644 1098 sunt,
1664 1033 1729 1085 ad
1759 1033 2001 1099 requiem
2025 1029 2105 1083 in-

531 1129 666 1182 vitat
695 1129 760 1182 “.
782 1127 1066 1192 Quomodo
1112 1126 1276 1194 igitur
1303 1125 1392 1193 qui
1428 1126 1479 1178 in
1505 1124 1658 1178 bouis
1675 1123 1928 1193 operibus
1958 1121 2106 1175 labo-

533 1231 677 1284 rant,
699 1221 952 1275 dicuntur
971 1219 1225 1273 onerati?
1251 1217 1384 1284 Quia
1404 1215 1600 1270 Euntes
1630 1217 1779 1268 ibant
1804 1226 1850 1269 et
1884 1215 2102 1283 ﬂebant,

541 1315 798 1384 mittentes
843 1314 1041 1365 semina
1070 1328 1168 1365 sua
1200 1311 1501 1364 :venientes
1531 1316 1705 1361 autem
1752 1308 1950 1361 venient
1989 1320 2104 1359 cum

533 1404 901 1470 exsultatione,
918 1411 1185 1470 portantes
1205 1401 1500 1471 manipulos
1517 1415 1637 1452 suos
1652 1398 1697 1429 ⁸³
1714 1397 1975 1453 fructibus
1999 1399 2106 1466 ple-

536 1511 656 1561 nos,
679 1495 771 1564 qui
813 1509 909 1563 pro
952 1495 1158 1548 ratione
1203 1508 1389 1548 eorum
1429 1505 1547 1560 quae
1594 1501 1708 1546 sata
1746 1491 1922 1553 fuere,
1965 1487 2096 1556 ipsis

537 1588 731 1644 redditi
759 1597 900 1641 sunt.
919 1587 1138 1644 Onerati
1158 1585 1337 1654 itaque
1352 1583 1625 1648 dicuntur,
1644 1581 1757 1649 qui,
1777 1579 1917 1648 quod
1937 1577 2104 1631 semi-

538 1680 800 1736 naruntin
819 1677 1304 1741 benedictionibus,
1325 1676 1390 1730 de
1415 1672 1876 1730 benedictionibus
1905 1679 1961 1723 et
1991 1681 2108 1721 me-

541 1771 809 1835 tunt“,et
828 1785 949 1824 cum
973 1768 1153 1822 laetitia
1181 1766 1500 1837 sempiterna
1531 1761 1832 1831 manipulos
1857 1758 2112 1839 spiritua-

540 1864 668 1916 lium
706 1862 978 1914 fructuum
1014 1859 1114 1914 sibi
1140 1859 1268 1928 ipsis
1295 1865 1578 1926 reponunt.
1602 1854 1705 1919 Qui
1735 1865 1864 1921 ergo
1897 1851 2108 1904 redem-

542 1963 667 2022 ptus
688 1961 770 2006 est
798 1965 896 2019 per
924 1950 1110 2014 Deum,
1137 1949 1223 2016 qui
1255 1962 1351 2017 pro
1383 1961 1448 2001 eo
1483 1945 1632 1999 dedit
1658 1942 2036 2010 placationem,
2066 1940 2112 1993 is

551 2042 766 2111 quidem
820 2042 873 2095 in
900 2041 1002 2094 boc
1033 2039 1226 2102 saeculo
1253 2036 1549 2100 laboravit,
1595 2044 1778 2102 postea
1813 2043 1940 2086 vero
1968 2029 2112 2083 vivet

552 2135 607 2189 in
633 2133 814 2188 linem.
835 2130 930 2185 Hic
961 2132 1119 2184 etiam
1148 2129 1272 2182 Non
1304 2127 1490 2179 uidebit
1522 2123 1808 2185 interitum,
1828 2136 1943 2173 cum
1967 2119 2112 2172 vide-

545 2228 613 2280 rit
634 2228 886 2293 sapientes
914 2224 1207 2277 morientes.
1237 2219 1338 2286 Qui
1384 2225 1665 2288 angustam
1692 2225 1748 2271 et
1779 2214 2108 2269 laboriosam

541 2320 708 2371 vitam
737 2331 844 2385 prae
873 2320 1030 2385 plana
1072 2327 1136 2367 ac
1177 2311 1320 2366 molli
1351 2310 1600 2380 elegerit,
1620 2307 1674 2362 iu
1709 2317 1951 2376 tempore
1983 2304 2112 2358 visi-

545 2408 762 2464 tationis
804 2407 933 2470 Dei,
963 2419 1084 2460 cum
1121 2402 1453 2458 abducentur
1481 2403 1548 2454 ad
1587 2409 1845 2454 sternam
1895 2413 2108 2468 pinnam

547 2503 584 2556 ii
617 2500 736 2570 qui,
772 2509 831 2552 ut
863 2513 967 2552 non
999 2496 1342 2552 crediderunt
1365 2493 1544 2547 verbis
1585 2491 1701 2556 Dei,
1740 2492 1811 2545 ita
1839 2499 1958 2558 post
1987 2490 2111 2542 vani

543 2594 625 2648 sui
658 2591 835 2648 cordis
865 2589 1125 2644 desideria
1171 2584 1606 2645 ambulaverunt,
1636 2580 1726 2634 hic
1777 2595 1882 2633 non
1914 2578 2116 2631 videbit

543 2694 799 2738 cternum
831 2683 1100 2735 interitum
1123 2719 1138 2740 ,
1167 2676 1506 2731 alllictionem
1540 2672 1786 2727 videlicet
1821 2670 1964 2724 illam
1994 2685 2114 2738 per-

544 2784 704 2845 petuo
725 2775 1052 2828 duraturam.
1089 2769 1372 2839 Sapientes
1407 2776 1583 2822 autem
1608 2764 1738 2819 dicit
1775 2763 1942 2817 autin
1969 2773 2114 2815 astu-

547 2868 618 2919 tia
647 2864 990 2927 exercitatos,
1019 2862 1083 2917 de
1124 2862 1320 2931 quibus
1362 2861 1438 2914 ait
1482 2857 1749 2912 Jeremias
1783 2872 1797 2908 :
1841 2855 2113 2922 Sapientes

544 2966 685 3024 sunt,
707 2965 760 3008 ut
786 2955 982 3024 faciant
1011 2953 1173 3015 mala,
1205 2952 1326 3006 bene
1359 2959 1533 3004 autem
1565 2948 1738 3018 facere
1765 2949 2000 3000 nesciunt
2025 2946 2070 2978 ⁸⁸
2094 2962 2110 3000 :

549 3059 644 3101 aut
671 3047 938 3115 sapientes
967 3044 1095 3098 dicit
1125 3043 1285 3098 ctiam
1317 3041 1654 3110 pereuntium
1681 3040 1980 3109 principum
2012 3039 2108 3092 hu-

2199 573 2484 627 ἀναλαϐεῖν
2506 573 2671 644 αὐτὴν
2709 575 2767 626 ὲν
2791 574 2978 638 κόποις
3006 576 3407 647 περισσοτέρως
3433 577 3789 644 ὲξετασθεξ,

2199 659 2353 727 οὗτός
2381 665 2528 717 ἐστιν
2563 667 2592 717 6
2630 665 2815 735 ζήσειν
2862 666 3070 735 μέλλων
3103 669 3181 730 εἰς
3207 668 3392 731 τέλος,
3433 669 3511 732 ὡς
3541 671 3574 722 6
3609 669 3791 723 πολλὰ

2199 756 2468 819 κοπιάσας
2487 758 2543 808 ὲν
2574 756 2782 826 Θλίψεσι
2815 757 3093 829 Λάζαροςο
3116 759 3192 822 ὡς
3217 761 3244 810 6
3272 760 3592 823 κατάκοπος
3627 760 3793 827 γενό-

2205 864 2362 916 μενος
2385 849 2440 900 ὲν
2471 851 2583 910 τοῖς
2614 849 2750 918 πρὸς
2779 850 2869 902 τὸν
2899 851 3137 903 ἐναντίον
3163 852 3366 919 ἀγῶσιν
3403 852 3551 906 Ἰώϐ·
3607 852 3789 911 Ἐκεῖ,

2201 938 2329 1007 τὰρ,
2357 941 2510 1008 φησί,
2537 939 2860 994 κατάκοποι
2879 943 3317 996 ἀνεπαύσαντο.
3344 943 3434 995 Διὸ
3465 946 3566 998 καὶ
3597 944 3627 995 6
3669 944 3791 997 Κύ-

2207 1046 2317 1100 ριος
2342 1031 2496 1084 καλεί
2531 1031 2638 1101 (85)
2685 1033 2820 1104 πρὸς
2848 1034 2942 1104 τὴν
2974 1037 3275 1089 ἀνάπαυσιν
3303 1037 3432 1098 τοὺς
3463 1037 3792 1098 κοπιῶντας

2205 1124 2298 1175 καὶ
2323 1125 2803 1195 πεφορτισμένους.
2833 1127 2957 1190 Πῶς
2985 1125 3075 1180 οὖν
3105 1130 3153 1180 oi
3185 1128 3486 1190 κοπιῶντες
3503 1130 3564 1179 ἐν
3598 1129 3796 1199 ἔργοις

2208 1214 2428 1282 ἀγαθοῖς
2456 1218 2871 1288 πεφορτισμένοι
2910 1218 3189 1286 λέγονται;
3225 1221 3345 1273 Ὅτι
3376 1221 3794 1287 Πορευόμενοι

2205 1306 2560 1374 ἐπορεύοντο
2589 1312 2684 1364 καὶ
2705 1312 2969 1372 ἔκλαιον,
2989 1311 3324 1377 ,βάλλοντες
3361 1313 3432 1364 τὰ
3466 1314 3797 1379 σπέρματα

2206 1397 2422 1452 αὐτῶνθ
2437 1399 2740 1469 ἐρχόμενοι
2754 1402 2822 1455 δὲ
2838 1401 3096 1470 ἥξουσιν
3109 1403 3178 1454 ἐν
3192 1401 3547 1470 ἀγαλλιάσει
3558 1439 3574 1464 ,
3593 1403 3798 1468 αἱρετι-

2208 1509 2304 1557 τες
2359 1491 2432 1544 τὰ
2486 1491 2789 1562 δράγματα
2835 1494 3033 1549 αὐτῶν
3080 1495 3486 1564 πεπληρωμένα
3525 1493 3792 1562 καρπῶν,

2208 1583 2316 1635 τῶν
2335 1582 2478 1637 κατὰ
2491 1583 2590 1655 τὴν
2611 1585 2899 1653 ἀναλογίαν
2917 1586 3275 1657 ὲσπαρμένων
3293 1587 3674 1639 ἁποδοθέντων
3698 1585 3798 1636 αὑ-

2207 1675 2336 1735 τοῖς.
2369 1674 2791 1743 Πεφορτισμένοι
2825 1671 2915 1728 οῦν
2950 1675 3195 1744 λέγονται
3226 1677 3311 1737 οἰ,
3349 1675 3436 1727 διὰ
3464 1677 3527 1729 τὸ
3560 1679 3794 1746 σπεῖραι

2210 1765 2295 1816 ἐπ’
2324 1765 2616 1834 εὐλογίαις,
2653 1767 2739 1818 ἐπ’
2763 1767 3031 1835 εὐλογίαις
3047 1770 3140 1820 καὶ
3169 1767 3477 1838 Θερίζοντες
3508 1768 3653 1837 (86),
3695 1768 3790 1819 sui

2215 1856 2329 1926 μετ’
2354 1858 2690 1928 εὐφροσύνης
2719 1858 2938 1912 αἰωνίου
2968 1859 3036 1912 τὰ
3070 1860 3177 1914 τῶν
3212 1860 3606 1930 πνευματικῶν
3658 1876 3799 1928 καρ-

2212 1948 2328 2002 πῶν
2355 1952 2564 2016 ἑαυτοῖς
2594 1951 2989 2021 ἐπαναθέμενοι
3017 1952 3322 2022 δράγματα.
3367 1953 3423 2005 '0
3447 1947 3544 2004 οῦν
3579 1951 3801 2022 λυτρω-

2212 2039 2324 2104 θεὶς
2352 2041 2438 2094 διὰ
2483 2043 2576 2096 τοῦ
2625 2043 2916 2106 δεδωκότος
2948 2042 3081 2095 Θεοῦ
3115 2043 3252 2115 ὑπὲρ
3279 2042 3442 2096 αὑτοῦ
3493 2042 3794 2110 ὲξίλασμα.

2210 2125 2365 2194 οὗτος
2401 2134 2656 2187 ἐκοπίασε
2706 2135 2803 2206 μὲν
2851 2136 2930 2198 εἰς
2961 2133 3051 2187 τὸν
3077 2134 3246 2187 αἰῶνα
3289 2136 3504 2199 τοῦτον,
3537 2134 3686 2207 μετὰ
3738 2135 3797 2186 δὲ

2211 2224 2385 2278 ταῦτα
2416 2226 2637 2295 ζήσεται
2665 2228 2744 2289 εἰς
2765 2226 2937 2290 τέλος.
2968 2221 3135 2289 Οὗτος
3169 2227 3261 2279 καί
3289 2230 3408 2280 Οὐκ
3438 2228 3660 2296 ὄψεται
3692 2243 3801 2279 κα-

2210 2317 2534 2386 ταφθορὰν,
2569 2316 2715 2370 ὅταν
2760 2317 2857 2385 ἴδῃ
2903 2317 3135 2387 σοφοὺς
3164 2316 3696 2384 ἀποθνήσκοντας.
3740 2316 3801 2369 Ὀ

2209 2410 2306 2479 τὴν
2336 2408 2525 2480 στενὴν
2546 2410 2639 2462 καὶ
2669 2408 2898 2477 ἐγκοπον
2929 2411 3045 2463 ὁδὸν
3078 2409 3183 2480 πρὸ
3205 2411 3304 2480 τῆς
3330 2408 3480 2471 λείας
3517 2410 3617 2461 καὶ
3648 2411 3800 2460 ἀνει-

2216 2503 2380 2572 μένης
2415 2500 2789 2571 ὲκλεξάμενος,
2825 2502 2883 2553 ὲν
2917 2501 2994 2571 τῷ
3026 2499 3203 2572 καιρῷ
3224 2502 3321 2571 τῆς
3349 2499 3666 2568 ἐπισκοπῆς
3696 2498 3796 2550 τοῦ

2212 2589 2368 2654 Θεοῦ,
2403 2590 2762 2660 ἀπαγομένων
2789 2592 2870 2653 εἰς
2908 2590 3004 2660 τὴν
3031 2589 3253 2644 αἰωνίαν
3281 2589 3502 2642 κόλασιν
3529 2588 3644 2640 τῶν
3674 2589 3802 2640 ἁπιο

2216 2682 2525 2749 στησάντων
2561 2683 2658 2751 μὲν
2703 2686 2816 2748 τοῖς
2863 2683 3042 2751 λόγοις
3072 2683 3164 2737 τοῦ
3199 2683 3331 2736 Θεοῦ
3354 2725 3368 2746 ,
3409 2684 3801 2755 πορευθέντων

2213 2770 2270 2822 δὲ
2296 2771 2470 2822 ὀπίσω
2495 2770 2600 2821 τῶν
2634 2770 2951 2841 Θελημάτων
2972 2773 3069 2843 τῆς
3099 2773 3324 2844 καρδίας
3344 2773 3522 2826 αὐτῶν
3554 2773 3661 2842 τῆς
3695 2791 3801 2842 μα-

2213 2863 2372 2925 ταίας
2393 2862 2528 2934 (87),
2559 2856 2714 2922 οὗτος
2727 2862 2823 2932 τὴν
2851 2863 3064 2917 αἰώνιον
3093 2865 3458 2935 καταφθορὰν,
3491 2866 3593 2934 τὴν
3622 2868 3704 2928 εἰς
3738 2866 3802 2917 τὸ

2219 2955 2468 3026 διηνεκὲς
2513 2952 2881 3006 κακοπάθειαν
2921 2953 3019 3005 οὐκ
3059 2953 3267 3021 ὄψεται.
3313 2956 3516 3020 Σοφοῦς
3548 2955 3607 3005 δὲ
3644 2955 3801 3022 λέγει

2214 3050 2332 3119 ἦτοι
2354 3049 2478 3110 τοὺς
2500 3047 2702 3109 δεινοὺς
2732 3047 2789 3098 ἐν
2821 3045 3148 3117 πανουργίᾳ,
3176 3045 3305 3116 περί
3347 3037 3422 3096 ὧν
3459 3062 3596 3115 φησι
3635 3045 3802 3117 Ἰερε-

542 3138 630 3208 jus
658 3138 832 3194 saeculi
873 3135 1186 3204 discipulos,
1209 3135 1302 3203 qui
1330 3133 1569 3187 Dicentes
1597 3148 1655 3184 se
1685 3147 1796 3184 esse
1827 3131 2107 3194 sapientes,

2217 3139 2346 3210 μίας
2372 3137 2505 3208 (88),
2537 3139 2617 3191 ὅτι
2653 3137 2838 3205 Σοφοί
2859 3138 2975 3189 εισι
3003 3134 3109 3190 τοῦ
3144 3131 3575 3200 κακοποιῆσαι,
3607 3133 3679 3186 τὸ
3730 3135 3801 3186 δὲ

546 3233 693 3286 stulti
726 3232 851 3301 [acti
882 3239 1000 3284 sunt
1017 3231 1084 3280 “.
1113 3228 1244 3280 Nam
1278 3225 1541 3294 Sapientia
1569 3226 1725 3296 hujus
1757 3225 1938 3279 mundi
1976 3225 2107 3278 stul-

549 3328 669 3378 titia
691 3335 765 3378 est
805 3323 943 3387 apud
974 3319 1138 3372 Deum
1167 3319 1231 3372 ⁸⁷.
1263 3317 1328 3371 Et
1360 3319 1483 3386 quia
1525 3320 1637 3382 haec
1673 3317 1937 3386 sapientia
1977 3316 2110 3368 stul-

550 3427 633 3469 tos
659 3414 805 3477 facit,
831 3413 950 3467 ideo
977 3410 1116 3465 Deus
1148 3412 1478 3478 perditurum
1511 3424 1571 3463 se
1596 3423 1714 3462 esse
1742 3409 1870 3460 dicit
1897 3408 2110 3475 sapien-

549 3507 676 3560 tiam
718 3503 1062 3576 sapientium,
1099 3510 1153 3556 et
1196 3500 1532 3569 prudentiam
1570 3498 1910 3566 prudentium
1937 3509 2115 3564 repro-

548 3598 794 3653 baturum
826 3596 894 3650 ‘“.
926 3593 1312 3651 Persuasiones
1340 3591 1500 3657 igitur
1525 3589 1679 3659 hujus
1716 3587 1955 3642 scientia:
1979 3585 2114 3642 falso

546 3686 856 3749 nominatae,
885 3686 972 3747 iis,
1017 3687 1106 3754 qui
1151 3698 1246 3737 eas
1290 3679 1617 3750 exceperint,
1661 3677 1850 3732 mortis
1891 3693 2110 3733 causam

549 3777 777 3832 aﬁ'erunt
803 3796 815 3831 :
842 3793 1000 3848 quam
1037 3785 1266 3830 mortem
1307 3789 1410 3827 nou
1454 3772 1657 3826 videbit
1687 3772 1776 3840 qui
1806 3771 2111 3840 redemptus

548 3878 634 3924 est
675 3869 756 3921 ab.
784 3883 871 3932 eo,
913 3869 996 3920 cui
1029 3869 1198 3921 visum
1231 3877 1316 3921 est
1345 3869 1399 3920 in
1451 3864 1850 3934 praedicationis
1884 3863 2108 3918 stultitia

548 3963 831 4015 credentes
870 3957 1097 4010 salvare.

2213 3229 2666 3297 καλὸνποιῆσαι
2692 3232 2763 3283 οὐ
2791 3227 3212 3299 γινώσκουσινο
3239 3227 3271 3297 ἢ
3307 3228 3503 3296 σοφοὺς
3524 3227 3681 3294 λέγει
3705 3230 3800 3280 καὶ

2211 3323 2339 3383 τοὺς
2375 3321 2620 3390 μαθητὰς
2651 3321 2757 3373 τῶν
2807 3322 3081 3391 ἀρχόντων
3111 3321 3202 3374 τοῦ
3239 3321 3431 3383 αἰῶνος
3459 3321 3654 3373 τούτου
3689 3322 3802 3374 τῶν

2217 3411 2693 3480 καταργουμένων,
2723 3413 2937 3476 οἵτινες,
2985 3413 3331 3478 Φάσκοντες
3379 3409 3534 3465 εἶναι
3585 3416 3797 3482 σοφοὶ,

2218 3501 2666 3570 ἐμωράνθησαν.
2696 3501 2838 3552 Διότι
2871 3501 2931 3555 Ἡ
2974 3503 3160 3568 σοφία
3184 3502 3290 3554 τοῦ
3317 3505 3550 3570 κόσμου
3577 3506 3800 3557 τούτου

2215 3592 2404 3661 μωρία
2435 3591 2592 3658 παρὰ
2625 3589 2704 3655 τῷ
2750 3589 2890 3654 Θεῷ.
2933 3591 3041 3642 Καὶ
3075 3591 3162 3642 διὰ
3196 3593 3258 3643 τὸ
3297 3588 3434 3645 εἶναι
3482 3597 3800 3666 μωροποιον

2218 3682 2315 3754 τὴν
2353 3681 2540 3752 σοφίαν
2568 3680 2789 3752 ταύτην,
2826 3681 3110 3734 ἀπολέσειν
3143 3681 3306 3749 φησὶν
3340 3684 3367 3733 6
3397 3683 3529 3747 Θεὸς
3558 3685 3673 3755 (89)
3698 3687 3800 3755 τὴν

2220 3775 2411 3842 σοφίαν
2443 3772 2550 3825 τῶν
2599 3772 2797 3842 σοφῶν,
2856 3775 2947 3824 καὶ
2985 3772 3083 3842 τὴν
3141 3770 3354 3823 σύνεσιν
3399 3771 3507 3824 τῶν
3555 3778 3800 3828 συνετῶν

2216 3865 2521 3936 ἀθετήσειν.
2553 3867 2616 3918 Δί
2647 3861 2740 3918 οὖν
2766 3863 3117 3935 πιθανότητες
3142 3865 3241 3935 τῆς
3263 3864 3618 3933 ψευδωνύμου
3650 3867 3794 3934 γνώ-

2219 3977 2372 4023 σεως,
2402 3959 2630 4014 θανάτου
2677 3960 2855 4014 αἰτίαν
2882 3963 2994 4024 τοῖς
3030 3961 3491 4032 παραδεξαμένοις
3519 3962 3797 4031 παρέχω,

547 4072 667 4109 ται·
701 4055 881 4108 ὅντινα
901 4050 1125 4104 θάνατον
1161 4049 1260 4100 οῦκ
1280 4047 1465 4116 ὄψεται
1500 4049 1527 4100 ὁ
1557 4045 1848 4116 λυτρωθείς
1881 4043 1985 4096 ὑπὸ
2039 4043 2134 4140 τοῦ
2172 4049 2559 4120 εὐδοκήσαντος
2623 4051 2679 4101 ὲν
2740 4051 2808 4117 τῇ
2860 4048 3039 4118 μωρίᾳ
3084 4048 3178 4101 τοῦ
3221 4049 3573 4120 κηρύγματος
3621 4051 3799 4102 σῶσι.

546 4149 671 4209 τοὺς
698 4144 1069 4206 πιστεύοντας.

621 4241 672 4293 6.
710 4236 876 4292 Simul
897 4237 1141 4302 insipiens
1157 4243 1204 4287 et
1232 4232 1421 4287 stultus
1445 4230 1706 4299 peribunt,
1734 4235 1784 4283 et
1823 4227 2112 4298 relinquent

552 4329 738 4383 alienis
772 4328 977 4380 divitias
1009 4341 1132 4378 suas
1162 4339 1180 4375 :
1217 4325 1385 4389 (νειιε.
1422 4323 1508 4391 12)
1553 4333 1598 4375 et
1639 4322 1872 4391 sepulcra
1910 4336 2110 4384 eorum,

2289 4230 2341 4283 6.
2393 4227 2520 4281 Ἐπὶ
2542 4226 2607 4278 τὸ
2637 4226 2782 4278 αὐτὸ
2814 4225 3017 4293 ἄφρων
3047 4228 3146 4280 καὶ
3177 4228 3360 4294 ἄνους
3389 4231 3789 4297 ἀπολουνται,

2217 4322 2317 4373 καὶ
2355 4319 2831 4384 καταλείψουσιν
2870 4317 3209 4385 ἀλλοτρίοις
3240 4319 3347 4372 τὸν
3385 4321 3658 4374 πλοῦτον
3691 4327 3798 4378 αὑ.

555 4419 737 4472 domus
781 4417 991 4470 illorum
1041 4417 1095 4468 in
1132 4426 1400 4469 wternum.
1438 4410 1792 4464 Tabernacula
1839 4428 2014 4465 eorum
2057 4412 2108 4463 in

2214 4412 2350 4466 τῶν.
2403 4411 2508 4464 Καὶ
2546 4413 2600 4463 οὶ
2633 4409 2806 4480 τάφοι
2844 4410 3043 4464 αὐτῶν
3088 4414 3265 4466 οἰκίαι
3306 4413 3503 4468 αὐτῶν
3547 4419 3637 4482 είς
3691 4421 3799 4473 τὸν

553 4507 843 4575 progeniem
880 4515 927 4559 et
969 4504 1297 4574 progeniem,
1331 4508 1638 4556 vocaverunt
1683 4499 1892 4552 nomina
1924 4516 2019 4553 sua
2055 4500 2110 4552 in

551 4601 719 4652 terris.
766 4597 822 4650 ln
852 4596 1220 4665 superioribus
1255 4609 1357 4648 uno
1397 4591 1630 4660 generali
1663 4589 1877 4644 nomine
1899 4592 2109 4659 sapien-

555 4697 634 4740 tes
673 4685 902 4748 vocavit,
941 4699 1076 4753 quos
1129 4700 1270 4740 nunc
1311 4684 1577 4748 dividens,
1611 4681 1929 4750 insipientes
1983 4681 2113 4734 dicit

552 4788 606 4831 et
627 4777 836 4833 stultos.
870 4776 1049 4831 Palam
1092 4786 1174 4830 est
1206 4777 1379 4844 ipsum
1429 4791 1522 4830 eos
1557 4775 1828 4844 sapientes
1863 4785 2108 4837 vocasse,

554 4872 655 4925 hoc
690 4869 905 4924 nomine
931 4883 995 4923 ex
1027 4881 1215 4923 eorum
1243 4867 1497 4936 opinione
1538 4881 1716 4921 usum.
1748 4863 2110 4931 Quemadmo-

553 4965 677 5014 dum
706 4967 760 5015 et
793 4960 1035 5015 nominat
1061 4961 1211 5024 deos,
1245 4959 1337 5028 qui
1385 4955 1458 5010 dii
1494 4971 1597 5010 non
1635 4967 1761 5009 sunt
1791 4967 2009 5020 natura,
2033 4969 2113 5008 er-

623 5071 669 5104 ⁸⁸
709 5069 840 5142 Luc.
867 5087 978 5134 xvt,
1005 5071 1075 5125 20
1103 5087 1254 5142 seqq.
1304 5067 1495 5142 _“‘Job
1531 5069 1736 5142 Itt,_l7.

2216 4501 2416 4555 αἰῶνα.
2452 4499 2815 4571 Σκηνώματα
2839 4501 3036 4556 αὐτῶν
3059 4504 3145 4568 είς
3170 4503 3383 4573 γενεὰν
3419 4505 3516 4557 καί
3549 4509 3792 4574 γενεάν.

2229 4589 2696 4645 Ἐπεκαλέσαντο
2725 4592 2795 4646 τὰ
2829 4593 3088 4660 ὀνόματα
3117 4593 3314 4649 αὐτῶν
3327 4594 3423 4646 ἐπὶ
3444 4594 3562 4646 τῶν
3583 4596 3793 4663 γαιῶν.

2219 4685 2362 4736 Ἀνω
2401 4683 2481 4736 ὲνί
2521 4683 2850 4754 ὀνόματιτῷ
2881 4682 3080 4751 γενικῷ
3122 4684 3532 4752 προσηγόρευσε
3568 4688 3793 4753 σοφοὺς,

2209 4773 2300 4837 οὓς
2331 4774 2424 4827 νῦν
2468 4773 2827 4844 ῦποδιαιρῶν,
2870 4773 3112 4842 ἄφρονας
3143 4773 3238 4824 καὶ
3275 4771 3436 4835 ἄνους
3463 4773 3612 4842 λέγει
3657 4779 3795 4846 (9ῡ),

2216 4866 2378 4935 Δῆλον
2402 4867 2483 4918 ὅτι
2533 4866 2730 4932 σοφοὺς
2759 4863 2857 4933 μὲν
2890 4863 3084 4925 αὐτοὺς
3113 4857 3284 4927 εἶπεν,
3305 4864 3410 4917 ἀπὸ
3439 4867 3536 4935 τῆς
3561 4868 3798 4937 οἰήσεως

2215 4958 2314 5026 τῆς
2355 4957 2578 5010 ἐκείνων
2631 4954 3078 5026 συγχρησάμενος
3127 4954 3205 5026 τῷ
3254 4957 3495 5027 ὀνόματι.
3556 4958 3645 5018 Ὠς
3701 4959 3798 5010 καί

1827 5070 1870 5100 θ’
1895 5069 2081 5122 Matth.

2229 5069 2319 5124 28.
2396 5071 2442 5102 ⁸⁸
2477 5068 2616 5122 Psal.
2647 5084 2806 5132 cxxv,
2840 5067 2892 5122 6.
2970 5068 3016 5099 “
3043 5067 3086 5122 ll
3111 5068 3234 5123 Cor.
3261 5087 3335 5135 Ix,
3365 5070 3418 5124 6.
3496 5069 3542 5099 "
3572 5068 3688 5122 Jer.
3724 5087 3796 5136 tv,

549 5141 638 5197 23.
716 5141 761 5172 “
794 5141 946 5195 Rom.
986 5157 1028 5206 ι,
1063 5143 1152 5194 22.
1181 5137 1195 5142 ⁷
1219 5137 1273 5173 ³*
1303 5140 1322 5194 l
1350 5140 1474 5195 Cor.
1502 5153 1584 5200 ιιι,
1612 5137 1699 5191 l9.
1776 5140 1819 5169 "
1854 5139 1958 5194 lsa.
1980 5155 2104 5192 XXIX

2213 5144 2261 5204 i;
2306 5141 2322 5194 Ι
2352 5141 2475 5195 Cor.
2513 5153 2551 5204 ι,
2580 5138 2660 5192 19.

629 5276 735 5342 (85)
759 5275 836 5329 lla
875 5288 1004 5330 mss.
1036 5283 1260 5341 septem.
1295 5273 1430 5327 Editi
1461 5287 1869 5342 προσκαλειται.

646 5306 715 5331 ου
759 5306 836 5329 ua
875 5306 1004 5330 ΙΙΙῦδο
1036 5306 1260 5341 δςγιῠιιιο
1296 5306 1430 5327 υυιιι
1461 5306 1869 5342 Ἠιγυυοισυιιυευυυη.

623 5306 737 5414 (86)
775 5346 865 5400 Sic
908 5344 1071 5414 Regii,
1117 5344 1327 5406 tertius,
1370 5349 2104 5414 quartus_e_t_sextus__cum

553 5409 763 5470 duobus
820 5415 936 5469 aliis
984 5409 1302 5468 Colbertinis
1328 5409 1399 5465 et,
1426 5428 1545 5465 cum
1593 5409 1759 5463 Coisl.
1789 5412 1858 5462 At
1897 5411 2022 5463 editi
2059 5421 2113 5462 et

556 5484 792 5538 nonnulli
837 5498 969 5538 mss.
996 5482 1163 5536 διὰτὸ
1198 5484 1412 5551 σπεῖραι
1448 5482 1532 5533 ἐπ’
1567 5477 1835 5546 εὐλογίαις
1856 5517 1868 5541 ,
1904 5480 1996 5531 καί
2027 5479 2113 5531 θε-

558 5555 814 5606 οίζοντεε.

614 5556 790 5617 ζοντες
801 5593 814 5606 .

557 5573 814 5626 ριςοντες.

628 5625 738 5690 (87)
766 5625 893 5688 Reg.
937 5623 1126 5676 tertius
1147 5620 1254 5673 τῶν
1305 5619 1563 5690 ματαίων.
1604 5619 1806 5673 Ibidem
1830 5617 1880 5670 in
1912 5618 2106 5686 aliqui-

558 5697 656 5747 bus
694 5689 820 5747 mss.
858 5693 1047 5761 legitur
1067 5693 1302 5752 αἰώνιον,
1326 5692 1378 5741 in
1409 5689 1526 5761 aliis
1551 5690 1805 5761 αἰωνίαν.

628 5765 735 5823 (88)
773 5757 942 5817 Ειίἱιὶἷν
969 5762 1136 5816 Paris.
1164 5765 1190 5814 6
1232 5758 1517 5827 Ἱερεμίας.
1549 5760 1707 5815 Deest
1758 5757 2016 5813 articulus
2053 5759 2104 5814 in

2221 5293 2350 5330 mss.
2377 5287 2430 5331 et
2461 5277 2511 5328 in
2543 5274 2777 5330 editione
2813 5275 2976 5329 Basil.
3012 5275 3210 5330 Statim
3258 5275 3424 5327 editio
3466 5274 3644 5330 Paris.
3694 5298 3799 5330 uno

2215 5349 2377 5400 verbo
2429 5345 2807 5416 καλοποιῆσαι.
2839 5347 3014 5399 Editio
3063 5362 3192 5399 vero
3243 5343 3405 5398 Basil.
3443 5357 3496 5400 et
3521 5362 3619 5402 sex
3661 5366 3796 5403 mss.

2214 5419 2421 5469 duabus
2444 5415 2661 5485 vocibus
2689 5416 2848 5468 καλὸν
2877 5417 3121 5485 ποιῆσαι.

2284 5486 2395 5552 (89)
2429 5485 2520 5538 Sic
2563 5483 2857 5539 Colbertini
2905 5483 3132 5552 primus,
3179 5483 3422 5552 quintus,
3488 5499 3683 5540 sextus
3742 5498 3796 5543 et

2218 5557 2482 5621 septimus
2541 5569 2662 5607 cum
2701 5556 2818 5609 aliis
2874 5557 3045 5608 tribus
3101 5554 3286 5621 Regiis
3338 5563 3391 5605 et
3459 5572 3583 5609 cum
3621 5559 3791 5615 (Ioisl.

2216 5624 2354 5677 Editi
2383 5639 2510 5677 vero
2531 5638 2651 5676 cum
2686 5641 2790 5677 uno
2823 5635 2908 5676 aut
2937 5624 3108 5676 altero
3137 5639 3235 5675 ms.
3281 5625 3413 5688 φησί
3441 5627 3534 5678 τὸν
3561 5627 3723 5685 Θεὸν.

2287 5694 2399 5765 (90)
2436 5693 2511 5748 Ita
2547 5709 2672 5750 mss.
2702 5710 2814 5750 sex.
2848 5695 2983 5749 Edili
3011 5694 3170 5755 ἄνους
3200 5691 3371 5746 καλεῖ.
