4016 6444
243 389 351 442 ιιδ

1336 380 1610 437 HOMILIA
1651 379 1722 435 IN
1757 379 2080 437 PSALMUM
2117 379 2348 436 XLVIII.

3369 381 3476 438 446

243 500 402 563 θεοὺς
434 497 687 568 ὀνομάζει
720 497 843 560 τοὺς
879 495 954 566 μὴ
986 494 1144 564 φύσει
1195 496 1372 562 ὄντας,
1428 501 1494 567 τῇ
1546 496 1801 567 συνηθείᾳ

1911 497 2144 552 rantium
2198 504 2413 552 secutus
2457 499 2950 555 consuetudinem:
2997 499 3070 555 ita
3123 513 3336 570 quoque
3390 515 3478 556 sa-

243 593 353 647 τῶν
385 591 749 661 ἠπατημένων
799 589 1061 659 ἑπόμενος
1083 629 1098 654 ,
1137 591 1275 644 οὕτω
1307 591 1399 644 καὶ
1444 592 1639 659 σοφοὺς
1683 586 1804 645 εἷπε

243 684 369 746 τοὺς
398 683 634 753 ἄφρονας
669 681 762 733 καὶ
793 681 1069 752 ἀνοήτους.
1114 682 1342 733 Δυνατὸν
1385 677 1475 734 οὖν
1502 684 1568 751 τῇ
1599 683 1808 753 ἐπινοίᾳ

241 775 435 826 διελεῖν
464 774 553 825 τὸν
577 773 782 842 ἄφρονα
811 773 919 825 ἀπὸ
947 772 1038 826 τοῦ
1062 773 1305 842 ἀνοήτου.
1330 774 1550 844 Ἀφρων
1581 773 1676 842 μὲν
1699 772 1806 840 γάρ

242 866 393 916 ἐστιν
423 865 452 916 6
482 864 840 934 ἐστερημένος
870 865 1199 934 φρονήσεως,
1227 865 1320 916 καὶ
1343 866 1370 916 6
1398 864 1533 934 πρὸς
1561 865 1626 916 τὰ
1653 863 1806 916 κοινά

245 959 340 1010 καὶ
383 956 695 1027 ἀνθρώπινα
734 954 1050 1026 διορατικῶς
1105 956 1180 1025 μὴ
1236 954 1392 1025 ἔχων.
1435 955 1589 1007 Οὕτω
1633 956 1724 1007 καὶ
1770 956 1803 1025 ή

244 1047 500 1118 συνήθεια
534 1048 823 1117 φρονίμους
856 1046 1010 1100 καλεῖ
1028 1049 1152 1110 τοὺς
1183 1049 1239 1101 ἐν
1273 1049 1384 1110 τοῖς
1411 1047 1547 1100 κατὰ
1574 1047 1662 1098 τὸν
1694 1046 1805 1114 βίον

245 1136 532 1207 πράγμασι
563 1137 622 1190 τὸ
652 1136 922 1204 ὠφέλιμον
951 1135 1046 1187 καὶ
1081 1134 1340 1205 βλαϐερὸν
1364 1135 1472 1204 (91)
1505 1135 1804 1206 διακρίνον-

244 1243 372 1289 τας·
403 1226 534 1280 καθὸ
556 1226 766 1297 εἴρηται
795 1225 888 1277 καὶ
914 1226 970 1278 ἐν
1003 1224 1080 1294 τῷ
1098 1224 1426 1294 Εὐαγγελίῳ·
1455 1224 1582 1276 ’Ὅτι
1607 1226 1658 1275 οἱ
1687 1223 1803 1276 υἱοὶ

245 1318 354 1372 τοῦ
410 1316 620 1381 αἰῶνος
674 1317 890 1368 τούτου
949 1316 1366 1386 φρονιμώτεροι
1438 1314 1589 1381 ὑπὲρ
1665 1313 1806 1380 τοὺς

245 1408 417 1474 υἱοὺς
459 1407 564 1460 τοῦ
617 1405 807 1474 φωτὸς
865 1408 952 1472 εὶς
999 1405 1114 1473 τὴν
1160 1405 1372 1475 γενεὰν
1425 1403 1540 1471 τὴν
1579 1402 1806 1457 ἑαυτῶν

245 1503 424 1553 εἰσιν.
471 1499 543 1550 Οὐ
586 1498 692 1569 γὰρ
741 1498 926 1560 ἀπλῶς
976 1496 1390 1569 φρονιμώτεροι,
1437 1497 1548 1550 ἀλλ’
1581 1497 1659 1558 είς
1706 1495 1804 1565 τὴν

245 1591 578 1660 διεξαγωγὴν
605 1591 702 1660 τῆς
741 1590 885 1659 ζωῆς
911 1591 1110 1660 ταύτης
1154 1589 1253 1658 τῆς
1297 1591 1353 1641 ἐν
1382 1591 1446 1658 τῇ
1479 1588 1637 1657 σαρκί
1672 1585 1799 1656 (92).

245 1679 407 1736 Οὗτοι
439 1683 495 1735 δὲ
527 1682 620 1735 καὶ
639 1682 906 1752 οἰκονόμοι
937 1681 1146 1744 ἀδικίας
1171 1681 1434 1750 λέγονται,
1471 1678 1557 1732 διὰ
1593 1678 1652 1730 τὸ
1681 1677 1803 1749 φρό-

244 1789 400 1843 νιμον
431 1773 530 1841 τῆς
563 1773 689 1843 περὶ
737 1772 827 1824 τὸν
874 1772 1075 1824 ἑαυτῶν
1117 1771 1230 1842 βίον
1266 1769 1591 1838 οἰκονομίας.
1646 1767 1804 1820 Κατὰ

1907 588 2146 657 pientes,
2206 588 2520 658 insipientes
2566 598 2620 643 et
2673 589 2870 644 stultos
2920 591 3073 645 dixit.
3130 591 3476 659 lnsipientem

1908 679 2072 748 igitur
2111 695 2139 733 a
2174 682 2335 735 stulto
2374 681 2700 751 cogitatione
2736 681 2861 736 licet
2910 682 3261 749 distinguere.
3295 680 3478 753 Siqui-

1907 772 2024 823 dem
2067 771 2322 838 insipiens
2356 782 2437 826 est
2492 773 2583 841 qui
2620 773 2900 840 prudentia
2933 774 3198 840 privatus,
3232 775 3284 828 in
3321 789 3475 828 com-

1907 861 2156 914 munibus
2190 877 2254 915 ac
2297 863 2547 917 humanis
2589 865 2749 917 rebus
2799 867 3082 933 perspicax
3113 883 3217 921 non
3245 878 3347 923 est.
3383 869 3476 924 Sic

1906 947 2067 1001 etiam
2099 951 2433 1005 consuetudo
2477 953 2767 1020 prudentes
2794 965 2949 1008 vocat
2987 970 3100 1021 eos,
3139 958 3228 1026 qui
3268 960 3319 1011 in
3352 959 3477 1013 vita:

1906 1041 2154 1108 negotiis,
2183 1042 2314 1095 utile
2337 1053 2389 1096 et
2422 1045 2642 1098 noxium
2679 1046 3007 1109 discernunt,
3033 1048 3186 1117 juxta
3222 1052 3361 1119 quod
3393 1051 3472 1104 di-

1907 1138 2048 1182 Clum
2080 1137 2162 1182 est
2201 1138 2252 1182 et
2291 1130 2343 1182 in
2397 1129 2727 1200 Evatigclio:
2771 1134 2907 1198 Quia
2946 1136 3046 1203 ﬁlii
3090 1138 3249 1208 hujus
3289 1146 3469 1198 δαναιίὶ

1906 1219 2264 1283 prudentiores
2281 1220 2407 1287 ﬁliis
2437 1223 2566 1276 lucis
2585 1225 2636 1275 in
2659 1228 2987 1293 generatione
3007 1245 3101 1281 sua
3129 1243 3252 1285 sunt
3277 1234 3339 1286 “.
3360 1236 3474 1292 Non

1907 1309 2051 1363 enim
2078 1312 2449 1379 prudentiores
2492 1327 2614 1369 sunt
2659 1316 2997 1384 simpliciter,
3033 1322 3126 1377 sed
3175 1325 3241 1378 ad
3272 1327 3475 1393 degen-

1907 1400 2027 1454 dam
2069 1402 2206 1457 hanc
2259 1404 2311 1457 in
2346 1420 2508 1461 carne
2547 1407 2730 1462 vitam.
2768 1409 2973 1466 Rursus
3018 1423 3072 1466 et
3115 1415 3276 1471 villici
3316 1421 3474 1491 183

1907 1491 1981 1545 illi
2024 1493 2326 1563 iniquitatis
2360 1498 2648 1565 prudentes
2683 1501 2955 1565 dicuntur,
2993 1509 3134 1569 quod
3183 1513 3477 1578 prudenter

1905 1583 2071 1637 vitam
2097 1599 2248 1639 suam
2287 1588 2590 1644 instituant.
2627 1589 2924 1648 Prudentes
2944 1609 3155 1665 quoque
3203 1612 3327 1656 sunt
3355 1619 3475 1659 sere

1905 1677 2180 1744 pentes”,
2219 1680 2512 1733 secundum
2572 1683 2713 1736 hanc
2768 1685 3236 1754 signiﬁcationem,
3280 1695 3478 1764 quippe

1905 1765 1994 1833 qui
2027 1765 2126 1818 sibi
2159 1766 2287 1834 ipsis
2311 1777 2496 1836 parent
2522 1769 2762 1836 latibula,
2785 1782 2947 1841 atque
2975 1775 3027 1828 in
3049 1777 3299 1844 periculis
3327 1781 3474 1834 omni

243 1864 399 1917 τοῦτο
429 1865 488 1916 τὸ
516 1864 928 1933 σημαινόμενον,
964 1862 1212 1934 φρόνιμοί
1240 1862 1376 1912 εἰσιν
1414 1860 1508 1912 καὶ
1543 1860 1591 1912 οἱ
1626 1859 1800 1928 ὄφεις,

1907 1859 2062 1911 modo
2098 1858 2281 1929 plagas
2321 1861 2513 1928 capitis
2556 1863 2779 1918 evitent.
2822 1864 3028 1922 Stultus
3061 1879 3238 1926 autem
3271 1872 3316 1926 is
3343 1874 3476 1929 dici-

243 1955 564 2018 καταδύσεις
587 1957 796 2019 ἑαυτοῖς
829 1952 1262 2024 εύτρεπίζοντες,
1286 1951 1378 2004 καὶ
1406 1953 1463 2006 ἐν
1490 1954 1602 2015 τοῖς
1628 1950 1806 2004 κινδύ-

243 2066 357 2111 νοις
386 2049 546 2100 παντ“ι
570 2047 750 2117 τρόπῳ
777 2045 873 2107 τὰς
907 2045 997 2096 ἐπὶ
1028 2042 1125 2113 τὴν
1166 2043 1403 2114 κεφαλὴν
1428 2044 1640 2114 πληγὰς
1669 2044 1806 2096 ἀπο-

244 2139 552 2208 φεύγοντες.
592 2139 782 2200 Ἀνους
807 2136 862 2187 δὲ
894 2134 1107 2201 λέγεται
1138 2135 1164 2186 6
1191 2135 1288 2187 οὐκ
1321 2134 1458 2204 ἔχων
1491 2136 1557 2188 τὰ
1597 2135 1691 2188 τοῦ
1721 2137 1807 2188 ἀν-

244 2229 465 2301 θρώπου
493 2228 758 2298 ἐξαίρετα.
789 2225 970 2277 Ταῦτα
997 2225 1053 2278 δέ
1084 2227 1198 2278 ἐστι
1231 2223 1363 2277 Θεοῦ
1396 2226 1607 2297 Πατρδς
1644 2245 1807 2280 κατα-

244 2322 448 2391 νόησις,
481 2321 572 2372 ita).
600 2321 632 2388 ή
669 2315 762 2369 τοῦ
785 2319 842 2369 ἐν
872 2318 1012 2388 ἀρχῇ
1036 2317 1186 2378 ὄντος
1216 2316 1349 2386 πρὸς
1364 2318 1454 2370 τὸν
1483 2316 1612 2368 Θεὸν
1633 2318 1804 2384 Λόγου

245 2411 522 2482 παραδοχή
557 2409 704 2479 (95)’
751 2410 845 2462 καὶ
891 2412 918 2461 6
969 2409 1123 2479 παρὰ
1152 2410 1244 2462 τοῦ
1285 2409 1439 2474 ἁγίου
1493 2407 1806 2478 Πνεύματος

244 2503 589 2572 ἐγγινόμενος
627 2501 930 2571 φωτισμός⁶
959 2502 1140 2554 ὅντινα
1173 2499 1294 2551 νοῦν
1321 2498 1532 2568 ἔχουσιν
1558 2500 1606 2551 οἱ
1644 2501 1805 2553 δυνά-

248 2611 398 2666 μενοι
449 2593 585 2665 μετά
633 2592 844 2646 Παύλου
894 2590 1101 2658 λέγειν’
1144 2589 1332 2658 Ἡμεῖς
1388 2590 1456 2643 δὲ
1498 2592 1646 2644 νοῦν
1678 2595 1808 2660 Χρι-

243 2689 396 2743 στοῦ
445 2688 680 2756 ἔχομεν.
739 2685 1020 2756 Κέχρηται
1079 2685 1261 2755 μέντοι
1317 2687 1413 2740 καὶ
1472 2686 1806 2758 ἐνηλλαγμέ-

241 2797 352 2843 νως
397 2782 505 2840 τοῖς
556 2778 760 2848 ῥήμασι
787 2775 1055 2848 τούτοιςή
1092 2777 1346 2848 συνήθεια
1394 2778 1494 2847 τῆς
1540 2780 1780 2850 Γραφῆς,

240 2869 335 2923 τὸν
357 2868 454 2939 μὲν
481 2867 636 2920 ἄθεον
664 2867 869 2938 ἄφρονα
899 2866 1129 2936 λέγουσα
1156 2871 1213 2921 ἐν
1247 2869 1322 2938 τῷ
1342 2908 1356 2932 ,
1395 2866 1583 2923 Εἶπεν
1609 2871 1808 2938 ἄφρων

240 2956 548 3026 ἐνκαρδίᾳ
579 2957 792 3010 αὐτοῦ·
836 2959 957 3010 Οὐκ
1003 2955 1131 3010 ἐστι
1162 2958 1305 3023 Θεός
1331 2973 1345 2987 ·
1395 2959 1488 3011 καὶ
1541 2959 1700 3010 πάλιν
1748 2957 1808 3009 τὸ

246 3054 374 3123 περὶ
427 3053 524 3122 τὴν
591 3051 733 3122 ζωὴν
802 3051 1063 3120 βλαϐερὸν
1130 3051 1355 3120 ἀνόητον
1427 3051 1764 3120 ὀνομάζουσα
1788 3069 1802 3081 ·

243 3146 321 3207 ὡς
348 3145 376 3197 6
418 3143 737 3205 Ἀπόστολος
787 3142 914 3211 περὶ
946 3140 1052 3192 τῶν
1078 3141 1458 3210 ἐμπιπτόντων
1503 3142 1582 3203 είς
1619 3141 1808 3194 ἐπιθυ-

1909 1955 2014 2011 tur,
2039 1950 2128 2018 qui
2157 1964 2262 2002 non
2300 1951 2462 2006 habet
2491 1967 2573 2016 ea,
2618 1971 2737 2024 qua:
2766 1967 2890 2011 sunt
2921 1959 3154 2014 hominis
3186 1965 3472 2032 praecipua.

1907 2036 2032 2092 Haec
2059 2049 2234 2093 autem
2287 2050 2429 2108 sunt,
2471 2041 2562 2098 Dei
2595 2043 2771 2100 Patris
2797 2050 3006 2116 notitia,
3034 2060 3089 2105 et
3118 2051 3297 2117 Verbi,
3332 2057 3475 2123 quod

1906 2138 2024 2183 erat
2055 2129 2108 2183 in
2168 2132 2433 2202 principio
2466 2137 2605 2202 apud
2641 2137 2806 2193 Deum
2829 2141 2895 2207 ⁷⁸,
2926 2141 3170 2199 doctrina
3195 2163 3222 2200 a
3251 2148 3473 2215 majori-

1907 2219 2004 2274 bus
2033 2233 2275 2290 accepta,
2298 2233 2350 2276 et
2378 2239 2407 2276 a
2449 2237 2634 2280 sancto
2662 2228 2864 2295 Spiritu
2904 2237 3197 2300 procedens
3236 2239 3470 2294 illustra-

1909 2311 1982 2363 tio
2011 2329 2023 2363 :
2055 2327 2216 2380 quam
2248 2324 2480 2369 mentem
2526 2318 2746 2385 habent,
2775 2322 2865 2390 qui
2899 2336 3121 2392 possunt
3150 2343 3271 2384 cum
3311 2330 3474 2386 Paulo

1906 2403 2085 2458 dicere
2117 2423 2130 2458 :
2175 2404 2287 2460 Nos
2317 2419 2488 2462 autem
2527 2423 2747 2467 mentem
2781 2413 2974 2470 Christi
3001 2417 3248 2474 habemus
3270 2423 3338 2476 ⁷³.
3369 2425 3471 2478 At-

1909 2502 2086 2548 tamen
2129 2495 2210 2551 his
2240 2499 2458 2554 vocibus
2495 2502 2736 2557 vicissim
2778 2519 2841 2561 ac
2876 2510 3186 2577 promiscue
3223 2515 3298 2567 uti
3339 2516 3474 2572 solet

1908 2585 2205 2655 Scriptura,
2247 2599 2432 2657 utpote
2467 2607 2586 2660 quae
2646 2595 2865 2662 impium
2910 2611 3064 2654 vocet
3105 2602 3469 2672 insipientem,

1905 2677 2152 2734 videlicet
2205 2680 2322 2736 loco
2368 2683 2490 2750 illo,
2538 2685 2684 2739 Dixit
2738 2688 2987 2758 insipiens
3019 2693 3073 2745 in
3123 2698 3278 2748 corde
3324 2713 3417 2751 suo
3454 2715 3474 2753 :

1909 2768 2032 2823 Non
2078 2782 2153 2824 est
2203 2773 2341 2827 Deus
2366 2774 2432 2828 ⁷³.
2485 2775 2550 2828 Et
2599 2777 2792 2831 iterum
2830 2780 2902 2844 id,
2934 2783 3074 2849 quod
3123 2787 3247 2839 vitae
3295 2799 3470 2854 nocet,

1907 2861 2129 2916 stultum
2183 2865 2462 2931 nominat;
2489 2868 2936 2934 quemadmodum
2988 2872 3275 2940 Apostolus
3305 2877 3369 2931 de
3405 2880 3472 2932 iis

1907 2953 1995 3022 qui
2027 2955 2080 3008 in
2122 2957 2588 3025 concupiscentias
2621 2961 2813 3015 stultas
2840 2971 2893 3015 et
2935 2967 3123 3020 noxias
3149 2967 3470 3027 incidunt“.

1907 3045 2018 3100 Iloc
2051 3047 2236 3116 utique
2269 3059 2422 3116 pacto
2459 3051 2716 3119 insipiens
2755 3059 2808 3104 et
2841 3054 3034 3108 stultus
3061 3057 3378 3112 deferuntur
3407 3062 3475 3114 ad

1909 3152 2075 3192 unum
2121 3154 2461 3194 communem
2497 3141 2656 3195 ﬁnem
2687 3183 2701 3209 ,
2733 3142 3087 3211 perditionem
3112 3147 3157 3178 ⁷⁸
3195 3149 3468 3206 videlicet.

247 3237 375 3305 μίας
407 3235 665 3302 ἀνοήτους
713 3231 806 3284 καὶ
841 3206 1126 3300 βλαϐεράς.
1183 3228 1339 3282 Οὕτω
1403 3231 1585 3300 μέντοι
1636 3231 1748 3304 (94)
1776 3235 1801 3287 6

1908 3233 2082 3287 Possit
2105 3235 2268 3288 etiam
2298 3236 2419 3304 quis
2451 3237 2660 3303 dicere,
2709 3239 3055 3310 insipientem
3111 3245 3327 3313 quidem
3381 3265 3476 3319 ap-

243 3328 433 3395 ἅφρων
475 3323 567 3375 καὶ
596 3325 625 3374 ὁ
658 3321 814 3384 ἄνους
847 3320 982 3390 πρὸς
1021 3320 1077 3372 ἓν
1118 3320 1294 3374 κοινὸν
1326 3321 1478 3386 τέλος
1525 3325 1622 3394 τὴν
1659 3324 1808 3377 ἀπώ.

241 3417 390 3468 λε-ιαν
417 3412 832 3482 καταφέρονται.
865 3411 1097 3466 Δύναται
1142 3413 1198 3466 δέ
1252 3430 1336 3476 τις
1381 3415 1552 3467 εἰπεῖν
1599 3414 1805 3482 ἄφρονα

247 3509 344 3579 μὲν
393 3503 704 3575 ὠνομάσθαι
752 3504 842 3559 τὸν
888 3503 1115 3566 ἐθνικῶς
1160 3502 1366 3567 ζῶντα,
1408 3503 1568 3556 ἄνουν
1612 3503 1668 3556 δὲ
1716 3503 1806 3559 τὸν

256 3598 556 3662 Ἰουδαϊκῶς
584 3597 724 3652 κατὰ
747 3597 844 3668 τὴν
882 3595 1042 3665 ψιλὴν
1076 3594 1168 3647 τοῦ
1196 3595 1360 3667 νόμου
1389 3596 1618 3667 τήρησιν
1653 3595 1804 3649 πολι-

240 3693 546 3762 τευόμενον.
587 3690 772 3759 Τούτῳ
810 3688 916 3759 γὰρ
949 3686 1025 3756 τῷ
1062 3685 1256 3756 ἄφρονι
1290 3684 1442 3741 εἶπεν
1484 3690 1512 3740 6
1545 3687 1675 3750 Θεὸς
1719 3689 1808 3743 διὰ

240 3787 342 3856 τὴν
407 3785 811 3853 ἐνυπάρχουσαν
881 3779 1027 3850 αὐτῷ
1097 3779 1395 3851 ἀνεότηταο
1449 3782 1686 3849 ἈερρΟν,
1739 3781 1808 3833 ἐν

240 3878 428 3944 ταύτῃ
460 3874 536 3944 τῇ
570 3873 741 3928 νυκτὶ
767 3872 880 3940 τὴν
908 3869 1120 3939 ψυχήν
1149 3884 1265 3924 σου
1293 3871 1656 3939 ἀφαιροῦσιν
1689 3871 1805 3925 ἀπὸ

238 3973 358 4027 σοῦ
401 3972 532 4042 (95).
579 3971 772 4030 Ἀνους
804 3969 859 4021 δὲ
889 3969 916 4019 6
957 3966 1098 4020 κατά
1138 3965 1317 4036 σάρκα
1350 3966 1561 4035 Ἰσραὴλ
1594 3967 1807 4036 ὠνόμα-

241 4082 365 4119 σται
401 4063 538 4116 κατά
576 4063 666 4113 τὸν
697 4060 999 4129 προφήτην,
1026 4059 1084 4120 ὃς
1116 4075 1276 4127 φησι·
1313 4057 1420 4111 Καὶ
1453 4052 1531 4126 ἦν
1564 4057 1807 4125 Ἐφραζμ

238 4159 321 4222 ὡς
353 4153 666 4222 περιστερὰ
702 4151 886 4218 ἄνους
905 4167 919 4180 ·
951 4150 1256 4219 Αἴγυπτον
1283 4149 1630 4204 ἐπεκαλεῖτο
1670 4149 1803 4221 (96),

239 4249 340 4303 καὶ
389 4249 474 4312 εὶς
515 4245 859 4314 Ἀσσυρίους
903 4242 1236 4312 ἐπορεύετο.
1269 4243 1484 4296 Τούτων
1523 4238 1614 4295 οὖν
1653 4246 1803 4315 κοινῇ

239 4341 347 4395 ὑπὸ
370 4343 469 4410 τῆς
509 4338 643 4401 ιδίας
682 4337 904 4405 ἀγνοίας
946 4334 1399 4405 συντριϐομένων,
1430 4338 1589 4404 ἡμεῖς
1621 4337 1669 4388 οἱ
1707 4336 1803 4388 ἀλ-

237 4433 438 4503 λότριοι
463 4431 639 4484 αὐτῶν
663 4428 984 4499 κληρονόμοι
1013 4427 1104 4478 τοῦ
1130 4426 1358 4479 πλούτου
1387 4426 1649 4496 γινόμεθα
1673 4427 1800 4496 (97).

1907 3324 2158 3390 pellatum
2214 3340 2335 3380 esse
2389 3343 2547 3394 eum,
2617 3331 2706 3399 qui
2772 3345 2920 3386 more
2977 3333 3108 3388 vivit
3173 3338 3471 3411 gentium;

1907 3412 2131 3468 stultum
2183 3429 2316 3470 vero
2366 3432 2510 3484 eum,
2547 3419 2637 3488 qui
2699 3434 2850 3475 more
2897 3420 3119 3478 Iudaico
3172 3429 3468 3485 secundum

1906 3503 2102 3556 nudam
2129 3503 2260 3574 legis
2292 3507 2725 3562 observationem
2767 3510 2932 3564 vitam
2957 3511 3124 3582 degit.
3163 3514 3299 3572 Huic
3327 3521 3475 3575 enim

1909 3591 2179 3661 insipienti
2245 3596 2381 3650 dixit
2438 3597 2601 3659 Deus,
2654 3600 2722 3654 ob
2769 3615 2887 3656 eam
2937 3619 3056 3672 qua:
3092 3606 3144 3660 in
3182 3608 3298 3679 ipso
3356 3624 3476 3668 erat

1905 3683 2234 3752 impietatem
2282 3705 2295 3740 :
2346 3686 2640 3756 lnsipiens,
2701 3691 2801 3745 hac
2835 3707 2980 3748 nocte
3039 3706 3182 3752 tuam
3244 3703 3475 3757 animam

1907 3774 2151 3842 auferunt
2187 3794 2220 3830 a
2263 3786 2311 3832 te
2341 3779 2408 3831 ⁷⁸.
2438 3778 2600 3835 Israel
2641 3794 2840 3851 autem,
2881 3786 2972 3856 qui
3014 3793 3307 3847 secundum
3350 3810 3474 3850 car-

1908 3881 2027 3919 nem
2083 3877 2208 3933 cst,
2259 3880 2480 3925 vocatus
2537 3883 2621 3926 est
2681 3875 2892 3939 stultus,
2953 3878 3106 3946 juxta
3157 3883 3472 3952 prophetam

1907 3957 2172 4012 dicentem
2209 3977 2223 4013 ε
2271 3958 2337 4012 Et
2377 3971 2490 4014 erat
2519 3962 2770 4031 Ephraim
2806 3970 2958 4036 quasi
2995 3972 3231 4026 columba
3258 3977 3423 4031 stulta
3453 3995 3472 4032 .'

1907 4049 2195 4120 Egyplum
2247 4054 2557 4122 inuocabat,
2611 4069 2658 4112 et
2711 4059 2778 4112 ad
2831 4063 3072 4132 Assyrios
3117 4067 3226 4119 ibat
3274 4069 3339 4125 ⁷⁷.
3378 4070 3472 4127 His

1908 4143 2068 4211 igitur
2099 4160 2195 4214 per
2225 4161 2374 4200 suam
2409 4151 2650 4217 ipsorum
2690 4153 2954 4206 inscitiam
2987 4157 3145 4209 simul
3180 4162 3428 4216 contritis
3453 4204 3469 4229 ,

1908 4235 2066 4291 alieni
2117 4252 2214 4294 nos
2265 4238 2573 4294 divitiarum
2627 4257 2844 4295 suarum
2892 4244 3132 4302 hatredes
3177 4251 3465 4307 cilicimur.

1907 4328 2096 4384 Nostra
2160 4332 2303 4386 enim
2379 4343 2508 4389 sunt
2564 4345 2872 4405 praecepta,
2940 4340 3107 4393 nostri
3162 4343 3468 4411 prophetae,

1908 4422 2075 4476 nostri
2117 4423 2470 4490 patriarchae;
2518 4425 2688 4478 nostri
2726 4436 2851 4479 sunt
2906 4428 3060 4495 quia
3096 4431 3294 4487 saeculo
3337 4432 3470 4502 justi

251 4525 437 4595 Ἦμῶν
492 4524 600 4596 γὰρ
658 4525 714 4578 αἱ
780 4519 1027 4584 ἐντολαὶ,
1091 4520 1347 4589 ἡμέτεροι
1404 4521 1453 4571 οἱ
1508 4520 1801 4589 προφῆται,

1908 4514 2077 4571 fuere.
2125 4516 2260 4571 Suas
2307 4517 2461 4571 nobis
2508 4517 2723 4573 divitias
2772 4518 3104 4589 reliquerunt
3148 4526 3239 4593 qui
3286 4525 3338 4579 in
3371 4541 3468 4581 sua

315 4689 359 4720 ⁸³
381 4686 514 4741 Luc.
584 4700 694 4747 xvi,
726 4686 778 4740 8.
857 4684 901 4714 "°
937 4681 1124 4735 Matth.
1157 4695 1209 4740 x,
1256 4677 1337 4732 16.

237 4759 332 4814 ⁷³1
384 4759 524 4815 Tim.
558 4770 632 4820 vn,
665 4756 719 4808 9.
795 4755 842 4787 "
873 4753 1001 4807 Luc.
1029 4767 1128 4816 xu,
1155 4749 1243 4805 20.
1317 4749 1361 4778 ⁷⁷
1386 4748 1510 4803 Ose.
1543 4762 1628 4810 vn,
1672 4749 1719 4800 1.

312 4896 423 4968 (91)
455 4890 682 4970 Editifto
712 4889 969 4970 βλαϐερὸν
994 4886 1399 4970 καὶ-ὠφέλιμον.
1427 4884 1648 4970 Legitur
1670 4899 1799 4970 vero

240 4971 295 5021 in
318 4953 419 5022 sex
447 4981 578 5019 mss.
606 4953 821 5018 inverso
851 4953 1041 5015 o'rdinc
1062 4960 1124 5012 τὸ
1159 4953 1432 5026 ὠφέλιμον
1463 4957 1556 5007 καὶ
1599 4953 1794 5024 βλαϐε-

240 5054 423 5174 ροῖ92)
454 5103 596 5158 Editi
624 5105 680 5155 ἐν
713 5099 1157 5174 σαρκίηΑῑΔῐηεε.
1187 5095 1338 5174 multi
1367 5097 1434 5164 τῇ
1457 5097 1535 5174 ’ἐν
1575 5095 1756 5174 ρἀρὶιίἔ

309 5105 402 5174 (9‘2
454 5105 596 5158 Editi
624 5105 680 5155 ἐν
713 5105 896 5174 σαρκί.
934 5105 1001 5152 At
1028 5113 1157 5151 mss.
1187 5105 1338 5149 multi
1367 5105 1434 5164 τῇ
1478 5105 1535 5146 εν
1577 5105 1756 5164 σαρκι.

309 5105 423 5247 (95;
457 5175 567 5237 Il‘la,
597 5174 757 5247 uati;
786 5171 880 5247 τοῦ
908 5172 963 5223 ἐν
1001 5170 1142 5247 ἀρχῇ
1187 5167 1336 5228 ὄντος
1377 5163 1512 5247 πρὺΙς
1541 5165 1795 5247 τὸνγΘειὸν

237 5232 416 5317 Λόγου
440 5232 840 5318 παραδοχή,ἐἱο
865 5232 1392 5318 vertera't'interpres
1421 5232 1434 5286 ἐ
1462 5232 1594 5315 Item
1624 5234 1794 5318 Verbi:

237 5305 378 5385 quod
407 5320 461 5370 in
487 5305 741 5387 principio
777 5322 889 5387 erat
931 5310 1076 5387 apud
1111 5307 1318 5387 Deum,’
1341 5307 1650 5387 assumptio.
1690 5305 1797 5387 Sed

239 5375 342 5440 {-ox
405 5375 691 5452 assumptio
744 5382 857 5437 visa
893 5375 994 5454 est
1039 5376 1357 5454 qombelisio
1411 5376 1684 5454 remotior,
1727 5375 1797 5454 ob

240 5459 401 5525 idque
429 5443 769 5520 interpretari
804 5450 1010 5513 maluit,
1060 5447 1215 5502 Verbi
1256 5443 1613 5525 in.principio
1654 5445 1794 5510 apud

240 5527 407 5575 Deum
447 5526 659 5575 traditio
687 5533 733 5575 et
764 5522 909 5575 ﬁdes.
950 5521 1064 5573 \‘im
1100 5516 1345 5570 vocabuli
1382 5531 1423 5569 SI
1470 5523 1792 5575 spectemus,

238 5523 407 5579 Deum
447 5526 659 5578 traditio
687 5533 733 5575 et
761 5523 909 5590 fides.
950 5523 1064 5573 \‘im
1100 5523 1345 5570 vocabuli
1382 5523 1423 5569 si
1470 5523 1792 5592 spectemus,

238 5597 522 5666 παραδοχή
570 5594 779 5661 proprie
827 5593 932 5666 crit
956 5588 1209 5666 susceptio
1260 5584 1456 5666 Kerbi:
1494 5583 1572 5635 vel
1617 5592 1795 5666 potius

239 5652 690 5731 doctriua‘fqiiam
723 5678 750 5715 ο
804 5652 1112 5731 majoribus
1145 5659 1208 5710 de
1260 5652 1423 5709 Verbi
1468 5653 1794 5720 susceptione

238 5739 565 5802 accepimus.
659 5803 667 5804 ί
1084 5800 1093 5804 _
1690 5785 1756 5804 Α,

311 5793 423 5860 (91)
449 5805 619 5859 Editio
655 5803 824 5857 Paris.
861 5818 977 5856 cum
1010 5800 1240 5865 quinque
1266 5806 1355 5849 aut
1391 5810 1481 5850 sex
1520 5809 1647 5847 mss.
1686 5793 1780 5843 Οὑ-

1435 4679 1481 4709 "
1514 4676 1669 4730 Jnan.
1706 4695 1744 4742 ι,
1775 4678 1829 4730 2.
1906 4678 1994 4730 ⁷³1
2027 4676 2152 4731 Cor.
2183 4691 2242 4740 ll,
2274 4673 2360 4728 16.

2461 4676 2508 4707 ⁷³
2536 4676 2676 4730 Psal.
2735 4693 2854 4742 xm,
2902 4680 2953 4732 1.
3029 4678 3074 4709 ⁷⁸
3111 4678 3269 4736 Rom.
3298 4698 3337 4748 ι,
3373 4682 3466 4738 51.

1903 4900 1990 4946 τος
2023 4881 2226 4952 μέντοι.
2251 4880 2410 4936 Coisl.
2444 4882 2610 4940 Ουτος
2639 4879 2736 4947 μὲν
2773 4875 2866 4932 οὖν
2889 4881 3097 4951 ἄφρων.
3131 4882 3309 4952 Editio
3339 4897 3467 4938 vero

1901 4951 2066 5006 Basil.
2106 4963 2160 5006 ct
2199 4952 2349 5020 Regii
2377 4955 2644 5004 secundus
2669 4961 2722 5002 et
2748 4961 2931 5005 sextus
2958 4968 3078 5006 cum
3110 4951 3262 5006 Colb.
3286 4955 3462 5021 primo

1901 5023 2104 5087 Οὕτως.
2137 5021 2350 5076 melius.

1965 5095 2073 5163 (95)
2113 5093 2274 5146 Voces
2301 5089 2408 5142 ἀπὸ
2441 5087 2534 5140 σοῦ
2562 5089 2754 5144 desunt
2787 5091 2836 5144 in
2869 5106 2962 5145 sex
3007 5105 3137 5146 mss.
3169 5101 3223 5146 et
3262 5091 3314 5145 in
3339 5094 3456 5148 edi-

1898 5166 2041 5221 tione
2071 5165 2228 5218 Basil.

1972 5236 2082 5304 (96)
2113 5230 2405 5304 Colbertini
2440 5229 2665 5304 primus.
2717 5241 2909 5304 sextus
2943 5240 2998 5284 et
3031 5231 3290 5304 septimus
3333 5247 3453 5286 cum

1896 5299 2102 5360 duobus
2164 5303 2341 5370 llegiis
2376 5299 2762 5353 ἐπεκαλέσατο.
2800 5301 2998 5355 Ibidem
3025 5303 3149 5356 editi
3187 5313 3240 5354 et
3288 5305 3460 5368 major

1935 5392 2021 5428 ars
2049 5389 2176 5429 mss.
2212 5371 2520 5441 ἐπορεύετο.
2557 5371 2901 5442 Aliiquidam
2938 5386 3064 5425 mss.
3113 5372 3458 5442 ἐπορεύοντο.

1923 5444 2036 5498 .XX
2061 5460 2270 5513 quoque
2313 5440 2537 5495 numero
2571 5440 2926 5495 multitudinis
2951 5443 3031 5495 usi
3055 5454 3202 5507 sunt,
3221 5440 3461 5513 Emped-

1895 5516 2240 5707 θηῗθῖἷροιι).
2270 5581 2526 5648 septimus
2557 5578 2847 5649 γενόμεθα.
2907 5578 3041 5650 Reg.
3081 5583 3345 5636 secundus
3371 5599 3458 5649 γι-

1895 5657 2036 5707 νὼιιε
2075 5673 2127 5706 α.
2173 5653 2284 5707 Hoc
2329 5653 2446 5707 ipso
2491 5653 2541 5705 in
2582 5654 2696 5704 loco
2721 5661 2925 5707 sentem
2968 5667 3098 5704 mss.
3143 5652 3299 5707 Ἡμῖν
3328 5654 3456 5707 γάρ.

1890 5652 2127 5725 νὼμεθα.
2173 5653 2284 5707 Hoc
2329 5653 2446 5719 ipso
2491 5653 2541 5705 in
2582 5654 2696 5725 loco
2721 5661 3098 5725 septemmss
3143 5652 3299 5725 ᾘμίν
3328 5654 3456 5722 γάρ.

1891 5719 2029 5781 Editi
2054 5741 2179 5779 vero
2215 5737 2333 5778 cum
2361 5736 2467 5777 uno
2498 5731 2588 5776 aut
2613 5720 2785 5776 altero
2809 5735 2908 5775 ms.
2937 5719 3093 5791 ἡμῶν
3119 5719 3247 5792 γάρ.
