4016 6438
583 361 695 417 447

1921 349 1978 404 S.
2020 349 2258 403 BASILII
2298 347 2512 402 MAGNI

3733 348 3828 402 HS

583 469 884 538 insipientia
919 468 1145 538 periere.
1171 465 1370 521 Horum
1389 473 1567 520 autem
1591 465 1800 531 domus,
1826 464 2126 530 insipientis

2247 464 2382 536 iisth
2415 465 2465 517 οἱ
2515 463 2875 535 πατριάρχαι·
2910 461 3063 535 ἡμῶν
3108 463 3157 514 οἰ
3206 462 3298 516 ἀπ’
3347 463 3553 525 αἰῶνος
3599 460 3824 514 δίκαιοι.

581 569 634 613 ct
671 558 844 623 stulti,
884 557 1132 627 sepulcra
1168 567 1293 613 sunt
1321 557 1373 611 in
1403 567 1685 611 aeternum.
1721 558 1958 622 Quorum
1988 557 2132 610 enim

581 650 691 702 vita
732 651 952 705 mortuis
984 649 1239 717 operibus
1268 663 1333 703 ex
1371 649 1518 703 omni
1571 657 1793 715 peccato
1833 647 2133 700 scaturien-

583 740 723 795 tibns
762 741 960 811 repleta
994 750 1111 804 est,
1147 741 1334 795 horum
1385 741 1575 794 domus
1627 739 1870 808 sepulcra
1915 746 2040 790 sunt
2080 738 2133 790 in

582 842 861 888 aeternum.
910 833 1010 898 Qui
1042 832 1186 886 enim
1229 840 1473 886 mortuus
1502 839 1584 883 est
1617 845 1712 898 per
1745 839 1960 900 peccatu
1982 866 1998 890 ,
2028 841 2132 879 non

583 923 798 978 domum
839 923 1078 988 habitat,
1129 923 1222 977 sed
1279 923 1616 991 sepulcrum,
1650 935 1769 975 cum
1811 918 1986 971 anima
2019 917 2135 984 ejus

584 1022 791 1066 mortua
819 1013 906 1066 sit.
939 1012 1071 1065 Nam
1102 1012 1317 1066 domum
1356 1011 1560 1067 habitat
1593 1025 1799 1066 morum
1828 1008 2035 1074 integer
2074 1023 2137 1062 ac

583 1100 809 1170 simplex
847 1100 1032 1164 Jacob,
1084 1101 1149 1156 de
1200 1117 1306 1170 quo
1351 1100 1612 1166 scriptum
1657 1107 1779 1164 est,
1827 1095 1968 1164 quod
2020 1105 2138 1150 erat

586 1190 758 1246 Homo
798 1193 1029 1246 sincerus
1073 1209 1134 1246 ac
1171 1192 1362 1254 bonus,
1395 1189 1637 1244 habitans
1681 1191 1889 1243 domum
1927 1186 1972 1217 ’⁸
2003 1203 2016 1239 :
2053 1202 2138 1241 se-

585 1279 823 1351 pulcrum
867 1296 994 1336 vero
1038 1281 1243 1335 habitat
1277 1280 1355 1343 is,
1397 1279 1488 1348 qui
1531 1279 1752 1335 omnino
1800 1275 1975 1330 malus
2017 1287 2134 1341 est,

586 1382 747 1440 atque
803 1386 869 1426 ne
922 1369 1252 1438 paenitentia:
1312 1369 1526 1438 quidem
1608 1369 2011 1422 fundamentum
2071 1367 2138 1421 de

585 1462 811 1515 mortuis
852 1460 1104 1529 operibus
1128 1459 1261 1528 jacit
1289 1473 1303 1512 :
1333 1461 1426 1514 sed
1474 1458 1664 1514 similis
1711 1456 1958 1524 sepulcro
1995 1457 2138 1513 deal-

584 1565 713 1605 nato
746 1550 987 1614 elIicitur,
1025 1550 1169 1618 quod
1201 1551 1415 1620 quidem
1462 1549 1759 1603 forinsecus
1797 1547 2137 1616 conspicuum

583 1649 687 1707 est,
721 1640 1045 1694 intrinsecus
1069 1656 1196 1696 vero
1230 1649 1560 1694 mortuorum
1586 1636 1798 1692 ossibus
1825 1639 2138 1706 cunctisque

587 1731 829 1785 sordibus
891 1729 1146 1786 refertum
1197 1741 1274 1785 est
1309 1730 1375 1782 τ’.
1435 1725 1793 1795 Quamobrem
1847 1728 1969 1783 talis
2010 1730 2134 1782 dum

2245 556 2402 625 Ἡμῖν
2452 557 2739 610 κατέλιπον
2777 553 2869 607 τὸν
2903 554 3128 609 πλοῦτον
3176 552 3381 609 ἑαυτῶν
3411 554 3465 604 οἱ
3503 556 3567 606 ἑν
3602 555 3675 622 τῇ
3717 551 3826 620 (9S)

2233 643 2508 714 ἀφροσύνῃ
2554 642 2759 698 ἑαυτῶν
2809 641 3186 712 ἀπολλύμενοι.
3249 641 3469 696 Τούτων
3530 641 3594 693 δὲ
3650 640 3708 692 αἰ
3753 641 3826 691 oi-

2235 732 2367 796 κίαι,
2412 733 2506 786 τοῦ
2561 735 2792 807 ἄφρονος
2845 733 2940 786 καὶ
2982 732 3074 784 τοῦ
3135 734 3363 806 ἀνοήτου
3389 776 3405 801 ,
3465 731 3641 800 τάφοι
3690 733 3824 785 εἰσὶν

2234 824 2312 884 εἰς
2356 823 2444 875 τὸν
2490 823 2680 878 αἰῶνα.
2712 815 2811 874 Ὧν
2852 821 2959 892 γὰρ
2992 823 3020 874 δ
3073 820 3182 891 βίος
3233 823 3447 896 νεκρῶν
3492 819 3685 894 ἔργων
3722 823 3826 873 τῶν

2234 914 2341 968 ἀπὸ
2394 914 2574 983 πάσης
2625 914 2896 987 ἁμαρτίας
2954 913 3337 984 πεπλήρωται,
3388 917 3603 969 τούτων
3660 912 3824 978 τάφοι

2235 1005 2370 1059 εἰσὶν
2399 1007 2453 1058 αἰ
2493 1007 2659 1058 οἰκίαι
2706 1008 2785 1070 εἰς
2817 1007 2904 1059 τὸν
2943 1003 3133 1057 αἰῶνα.
3174 1003 3231 1056 '0
3275 1004 3386 1074 γάρ
3420 1005 3626 1076 νεκρὸς
3663 1003 3823 1072 γενό-

2240 1113 2396 1168 μενος
2429 1099 2540 1158 τοῖς
2573 1096 3008 1168 παραπτώμασιν
3061 1096 3161 1147 ούκ
3218 1094 3397 1146 οἰκίαν
3453 1098 3636 1160 οἰκεῖ,

2235 1186 2423 1255 τάφον,
2467 1187 2564 1255 τῆς
2600 1186 2790 1238 ἑαυτοῦ
2818 1187 2994 1257 ψυχῆς
3023 1183 3452 1253 νενεκρωμένης.
3483 1187 3690 1240 Οἰκίαν
3730 1186 3826 1256 μὲν

2236 1278 2343 1349 γάρ
2372 1281 2512 1332 οἰκεῖ
2537 1281 2564 1331 ό
2602 1277 2786 1341 ἄδολος
2814 1279 2876 1330 τὸ
2903 1276 3034 1350 ἦθος
3066 1277 3159 1330 καὶ
3189 1275 3392 1337 ἁπλοῦς
3431 1276 3662 1341 Ἰακὼϐ,
3698 1279 3827 1348 περὶ

2236 1364 2296 1424 οὗ
2342 1373 2684 1444 γέγραπται,
2732 1373 2814 1423 ὅτι
2868 1366 2935 1440 ἦν
2974 1373 3303 1439 Ἀνθρωπος
3345 1367 3677 1434 ἄπλαστος
3731 1371 3826 1423 καί

2237 1463 2476 1530 ἀγαθὸς,
2527 1461 2703 1516 οἰκῶν
2754 1461 2985 1515 οἰκίαν·
3029 1464 3197 1532 τάφον
3243 1461 3301 1515 δὲ
3346 1461 3491 1511 οἰκεῖ
3527 1459 3559 1509 ὁ
3597 1463 3823 1529 παμπό-

2238 1569 2436 1623 νηρος,
2498 1553 2630 1623 μηδὲ
2692 1552 2940 1623 Θεμέλιον
2997 1554 3282 1622 μετανοίας
3332 1549 3820 1619 καταϐαλλόμενος

2238 1642 2347 1696 ἀπὸ
2378 1641 2584 1714 νεκρῶν
2613 1643 2806 1715 ἔργων,
2846 1642 2982 1696 ἀλλὰ
3021 1644 3426 1714 παροιμοιάζων
3455 1642 3624 1712 τάφῳ
3667 1660 3826 1695 κεκο-

2239 1733 2507 1805 νιαμένῳο
2540 1734 2597 1798 ὃς
2637 1733 2832 1799 ἔξωθεν
2868 1735 2962 1807 μὲν
3011 1735 3259 1804 ἐμφανὴς
3311 1733 3422 1804 (99)
3467 1733 3571 1793 ῶν,
3621 1731 3826 1785 ἔσωθεν

587 1822 844 1891 loquitur,
883 1840 985 1878 non
1021 1841 1080 1880 os
1109 1824 1279 1893 aperit
1307 1824 1470 1877 verbo
1515 1822 1606 1877 Dei
1634 1861 1649 1886 ,
1701 1823 1796 1878 sed
1825 1823 2130 1891 sepulcrum

2247 1825 2288 1877 ῑὲ
2325 1826 2510 1895 γέμων
2573 1825 2772 1879 ὀστέων
2823 1805 3029 1896 νεκρῶν
3083 1824 3177 1877 καὶ
3219 1827 3400 1897 πάσης
3446 1821 3824 1894 ἀκαθαρσίας.

586 1911 748 1968 habet
774 1924 1036 1982 apertum,
1076 1928 1227 1966 suum
1256 1913 1458 1967 scilicet
1487 1921 1688 1982 guttur.
1717 1912 1780 1967 Si
1814 1913 1939 1982 quis
1967 1913 2132 1983 igitur

589 2001 640 2056 in
668 2003 934 2058 Christum
982 2003 1229 2064 credens,
1277 2003 1514 2057 actiones
1549 2001 1659 2057 edit
1687 2000 1808 2056 ﬁdei
1843 2017 1950 2056 non
1995 2017 2131 2058 con-

587 2104 908 2158 sentaneas,
942 2095 986 2150 is
1033 2103 1316 2164 propterea
1353 2095 1494 2163 quod
1526 2109 1687 2164 prava
1717 2095 2002 2149 attenderit
2039 2095 2136 2150 do-

590 2194 792 2254 gmata,
835 2185 1233 2256 Scripturwque
1275 2185 1595 2254 perverterit
1625 2200 1867 2250 sensum,
1905 2184 1958 2239 in
1990 2196 2139 2253 petra

588 2275 690 2328 sibi
738 2275 849 2345 ipse
889 2275 1191 2344 sepulcrum
1239 2275 1444 2328 incidit.

2234 1917 2430 1988 Διόπερ
2481 1919 2509 1969 ό
2540 1917 2774 1979 τοιοῦτος
2819 1915 3184 1987 φθεγγόμενος
3227 1917 3347 1988 οὐχ).
3387 1916 3568 1986 στόμα
3618 1915 3825 1980 ἀνοίγει

2235 2006 2378 2075 λόγῳ
2407 2004 2563 2070 Θεοῦ,
2589 2006 2724 2059 ἀλλὰ
2750 2005 2918 2075 τάφον
2945 2006 3057 2076 ἑχει
3086 2008 3428 2077 ἀνεῳγμένον
3453 2006 3545 2060 τὸν
3569 2005 3829 2075 λάρυγγα

2237 2095 2422 2149 αὑτοῦ.
2447 2094 2514 2148 El
2551 2113 2634 2159 τις
2662 2092 2754 2149 οὖν
2784 2099 2862 2160 εἰς
2889 2096 3121 2166 Χριστὸν
3151 2097 3439 2161 πιστεύων,
3484 2098 3562 2166 μὴ
3601 2095 3830 2150 ἀκολού-

2247 2187 2352 2252 θως
2388 2190 2453 2259 τῇ
2487 2187 2664 2240 πίστει
2701 2187 2798 2251 τὰς
2832 2189 3054 2260 πράξεις
3083 2187 3423 2250 ἀποδίδωσιν,
3453 2181 3620 2250 οὗτος
3656 2185 3748 2238 διὰ
3774 2186 3832 2237 τδ

2251 2280 2538 2350 μοχθηροῖς
2567 2278 2797 2350 δόγμασι
2829 2280 3290 2353 προσεσχηκέναι,
3325 2278 3421 2333 καὶ
3457 2277 3552 2331 διά
3585 2277 3651 2331 τὸ
3683 2293 3826 2348 παρ-

588 2366 896 2436 εκδέχεσθαι
922 2367 982 2420 τδ
1011 2367 1253 2439 βούλημα
1281 2368 1380 2438 τῆς
1411 2368 1652 2440 Γραφῆς,
1679 2368 1900 2439 λατομεῖ
1925 2367 2103 2441 ἑαυτῷ
2141 2371 2198 2426 ἐν
2226 2375 2290 2444 τῇ
2321 2374 2500 2444 πέτρᾳ
2533 2377 2818 2445 μνημεῖον.

658 2457 710 2511 7.
739 2456 1092 2511 Tabernacula
1117 2475 1299 2512 eorum
1331 2461 1384 2511 in
1406 2461 1704 2529 progeniem
1733 2469 1784 2514 et
1813 2463 2142 2530 progeniem;

591 2550 692 2604 hoc
727 2561 808 2606 est
833 2592 848 2618 ,
890 2549 1132 2622 sepulcra
1162 2551 1354 2604 domus
1390 2566 1577 2606 eorum
1607 2562 1733 2607 sunt
1766 2553 1816 2606 in
1861 2563 2138 2608 aeternum.

590 2643 790 2698 Deinde
835 2646 1129 2714 explanans
1177 2645 1243 2699 de
1293 2644 1487 2713 quibus
1525 2644 1792 2714 intelligat
1838 2645 2098 2712 sepulcris
2125 2681 2141 2708 ,

591 2741 650 2784 ut
677 2747 733 2786 se
757 2732 822 2786 de
850 2735 1162 2801 corporibus
1201 2748 1507 2787 sermonem
1549 2735 1748 2788 habere
1779 2734 2061 2795 ostendat.
2089 2735 2140 2786 in

591 2822 784 2891 quibus
817 2823 1008 2877 animae
1055 2839 1150 2894 per
1195 2824 1492 2894 nequitiam
1531 2835 1756 2879 mortua:
1803 2825 2144 2887 inhabitant.

597 2911 756 2985 184
773 2914 1009 2983 adiunxit
1032 2915 1182 2986 ipsis,
1200 2914 1555 2970 Tabernacula
1579 2933 1754 2971 eorum
1777 2918 1828 2970 in
1856 2919 2144 2986 progeniem

591 3015 640 3058 et
697 3008 985 3076 progeniem
1019 3021 1038 3059 :
1073 3009 1267 3078 quippe
1319 3024 1384 3063 ex
1451 3010 1865 3072 consuetudine,
1916 3010 2144 3063 humana

2319 2463 2370 2516 7.
2411 2463 2773 2532 Σκηνώματα
2809 2462 3006 2517 αὐτῶν
3039 2465 3127 2527 εἰς
3164 2461 3377 2533 γενεὰν
3419 2460 3523 2514 καὶ
3567 2457 3827 2528 γενεάν

2244 2555 2538 2618 τουτέστιν,
2561 2557 2609 2607 οἱ
2633 2555 2795 2625 τάφοι
2827 2554 2990 2608 οἰκίαι
3019 2553 3198 2606 αὐτῶν
3226 2555 3361 2605 εἰσιν
3387 2555 3470 2614 είς
3499 2552 3595 2603 τὸν
3630 2550 3828 2604 αἰῶνα.

2246 2643 2378 2700 Εἶτα
2432 2645 2744 2718 ἑρμηνεύων
2781 2645 2929 2708 τίνας
2979 2642 3222 2712 βούλεται
3273 2637 3412 2694 εἶναι
3457 2641 3698 2708 τάφους,
3749 2641 3833 2692 ἵνα

2246 2737 2414 2810 δείξῃ,
2452 2739 2533 2792 ὅτι
2580 2738 2709 2810 περὶ
2734 2737 2841 2790 τῶν
2873 2735 3135 2805 σωμάτων
3164 2733 3328 2801 λέγει,
3360 2727 3442 2794 οἷς
3481 2732 3540 2783 αἰ
3593 2730 3690 2784 διά
3736 2729 3833 2800 τὴν

2248 2830 2506 2900 πονηρίαν
2537 2827 3050 2899 ἐναπονεκρωθεῖσαι
3082 2826 3249 2896 ψυχαὶ
3295 2822 3569 2879 ἐνοικοῦσι
3591 2866 3608 2890 ,
3662 2839 3833 2893 προσ⁸

2248 2921 2440 2990 έθηκεν
2484 2922 2663 2983 αὐτοῖς
2685 2938 2697 2950 ο
2742 2919 3101 2988 Σκηνώματα
3127 2917 3320 2974 αὐτῶν
3351 2921 3435 2984 εἰς
3476 2918 3704 2986 γενεὰν
3733 2913 3831 2965 καί

2248 3014 2478 3082 γενεὰν,
2512 3012 2650 3066 κατὰ
2676 3013 2775 3082 τὴν
2818 3012 3122 3083 συνήθειαν,
3168 3011 3541 3082 σκηνωμάτων
3583 3007 3699 3059 τῶν
3743 3007 3834 3057 ἀν-

594 3113 815 3169 corpora
850 3115 1062 3170 semper
1089 3099 1430 3153 tabernacula
1485 3100 1836 3169 appellantur.
1879 3100 1943 3154 Hi
1974 3113 2141 3155 autem

2253 3102 2534 3173 θρωπίνων
2589 3103 2854 3174 σωμάτων
2899 3104 2986 3156 ἀεὶ
3038 3103 3360 3171 λεγομένων.
3411 3090 3575 3150 Οὗτοι
3634 3098 3694 3150 δέ
3738 3099 3832 3149 καὶ

595 3202 786 3248 vocant
833 3207 1043 3264 quoque
1095 3193 1308 3248 nomina
1362 3206 1460 3246 sua
1505 3193 1557 3246 in
1611 3193 1794 3247 terris.
1837 3191 1954 3248 Non
2004 3194 2150 3247 enim

599 3286 742 3357 impii
773 3301 962 3341 nomen
990 3286 1243 3341 scribitur
1274 3285 1326 3339 in
1371 3284 1510 3341 libro
1558 3285 1850 3340 viventium
1887 3285 1955 3352 ⁸⁰,
1980 3301 2152 3354 neque

598 3392 907 3434 numeratur
941 3396 1061 3434 cum
1117 3379 1358 3434 Ecclesia
1412 3380 1888 3448 primogenitorum
1922 3382 2010 3448 qui
2052 3397 2153 3433 nu-

598 3480 870 3521 merantur
901 3469 951 3521 in
987 3468 1139 3523 ccﬁlis
1168 3467 1211 3498 ⁸⁸
1240 3485 1254 3522 :
1286 3469 1404 3535 sed,
1435 3469 1580 3536 quod
1613 3468 1979 3522 transitoriam
2015 3469 2152 3523 hanc

596 3569 650 3610 et
679 3557 892 3610 brevem
923 3557 1088 3609 vitam
1125 3554 1484 3610 tabernaculis
1515 3554 1734 3608 aeternis
1768 3553 2148 3621 praetulerunt,

599 3647 811 3699 nomina
849 3649 1084 3715 ipsorum
1118 3646 1169 3700 in
1198 3655 1338 3699 terra
1367 3655 1706 3714 permanent.
1741 3644 1857 3699 Non
1887 3644 2036 3698 vides
2062 3657 2154 3699 eos

597 3742 682 3806 qui
721 3738 985 3791 mdilicant
1044 3739 1096 3791 in
1145 3738 1369 3791 urbibus
1418 3736 1534 3790 {ora
1582 3752 1647 3791 ac
1700 3735 2008 3807 gymnasia,
2063 3751 2154 3788 ex-

599 3837 808 3881 struunt
850 3828 1040 3881 nitentia
1063 3865 1079 3889 ,
1108 3829 1452 3894 :iquozductus
1505 3836 1856 3890 construunt,
1889 3829 2154 3896 quomodo

604 3934 789 3972 eorum
852 3918 1063 3971 nomina
1108 3917 1193 3970 his
1241 3917 1468 3970 terrenis
1518 3916 1683 3969 indita
1729 3915 1835 3968 sint
1879 3915 2153 3968 aediliciis?

598 4009 714 4063 Jani
769 4023 892 4062 vero
937 4008 1222 4074 nonnulli,
1270 4009 1483 4062 nomine
1533 4023 1630 4061 suo
1675 4005 1936 4061 armentis
1989 4007 2150 4060 etiam

599 4116 855 4170 equorum
917 4101 1198 4167 imposito,
1253 4099 1508 4153 induxere
1556 4100 1608 4152 in
1665 4099 1934 4162 animum,
1993 4107 2052 4152 ut
2100 4098 2151 4151 in

665 4237 709 4267 ⁷³
737 4234 870 4289 Gen.
899 4249 1021 4299 xxv,
1053 4232 1141 4285 27.
1215 4231 1259 4262 "
1288 4230 1477 4284 Matth.
1508 4247 1662 4297 xxiii,
1697 4232 1791 4285 27.

671 4362 1196 4441 (9_8;_lta_l_egitur;in
1233 4362 1466 4441 editioiie
1506 4361 1677 4441 Paris.
1702 4363 1752 4412 οἱ
1788 4361 2142 4441 πατριάρχαι.

601 4431 797 4487 οιάπν
844 4435 1032 4494 αἰῶνος
1082 4431 1275 4484 δίκαιοι
1317 4433 1447 4500 ἡμῖν
1482 4431 1768 4483 κατέλιπον
1797 4431 2145 4486 τὸνπλοῦτον

603 4504 826 4566 ἑαυτῶν,
855 4505 946 4556 καὶ
995 4504 1042 4554 οἰ
1075 4505 1130 4554 ἐν
1161 4505 1245 4571 τῇ.
1289 4513 1418 4561 etc.,
1462 4501 1513 4552 in
1566 4502 1756 4571 quibus
1805 4501 1914 4550 vitii
1944 4503 2140 4568 aliquid

609 4577 777 4627 inesse
809 4582 1032 4627 constat.
1093 4569 1350 4630 Primum.
1399 4585 1554 4624 voces
1605 4569 1802 4620 δίκαιοι
1831 4571 1960 4637 ἡμῖν
1984 4573 2141 4623 simul

607 4646 1019 4712 coniunguntur,
1041 4656 1157 4712 qua:
1192 4649 1348 4712 erant
1401 4639 2140 4712 tatnenipunctouisjungen-

605 4707 730 4766 (1113':
766 4707 974 4774 deinde,
1020 4707 1321 4779 coniunctio
1349 4708 1440 4761 καί
1483 4710 1550 4760 ita
1585 4711 1761 4779 inepte
1800 4707 2138 4779 hicponitur,

607 4792 662 4833 ut
686 4783 964 4832 absurdam
984 4777 1262 4833 adiutidutn
1288 4779 1600 4832 sententiain
1623 4777 1834 4830 elliciat.
1864 4777 1969 4830 Hoc
2000 4779 2139 4830 enim

606 4853 804 4902 diceret
836 4849 1082 4914 Basilius,
1115 4860 1224 4901 tum
1249 4863 1341 4903 eos
1386 4848 1474 4916 qui
1509 4865 1536 4898 a
1571 4848 1763 4900 saeculo
1798 4848 1927 4914 justi
1973 4847 2141 4909 fuere,

607 4932 716 4970 tum
749 4935 840 4972 eos
866 4919 952 4985 qui
991 4919 1045 4972 in
1074 4934 1168 4971 sua
1197 4915 1422 4972 stultitia
1460 4919 1687 4985 periere,
1719 4932 1843 4970 suas
1875 4915 2028 4968 nobis
2062 4917 2142 4968 di-

607 4992 758 5041 vutias
807 4989 1004 5056 pariter
1060 4988 1341 5054 reliquisse
1394 5002 1406 5037 :
1460 4989 1598 5056 quod
1655 4996 1832 5039 tamen
1898 4987 1946 5037 ei
1979 4987 2139 5056 tie-in

607 5055 832 5112 mentem
861 5059 1071 5126 quidem
1103 5058 1310 5110 venisse
1354 5066 1498 5123 puto.
1549 5055 1728 5109 Basilii
1785 5055 2141 5126 igiturverha

609 5132 674 5179 ita
708 5125 1006 5195 interpungi
1029 5127 1375 5195 debentputi
1413 5127 1826 5192 interpungenda
1866 5125 2094 5176 diximus
2127 5141 2140 5175 :

606 5199 792 5250 deinde
813 5194 1053 5249 vnculam
1080 5194 1168 5247 καί
1198 5210 1228 5249 e
1276 5194 1393 5246 loco
1418 5210 1574 5261 quem
1614 5195 1749 5246 male
1777 5203 2021 5260 occupat,
2055 5209 2145 5259 pe-

608 5280 747 5318 intus
779 5268 1008 5319 amoveri
1041 5279 1214 5333 Oper-.0
1248 5264 1476 5330 pretium
1511 5274 1612 5315 est.
1645 5263 1754 5333 lluc
1807 5265 1995 5333 posito.
2026 5279 2144 5315 ver-

608 5339 670 5386 ha
707 5336 886 5388 Basilii
913 5337 988 5388 sic
1022 5331 1355 5400 iuierpretari
1384 5333 1562 5386 ticehit
1592 5349 1603 5382 :
1639 5331 1835 5383 Nostra
1858 5332 1994 5383 enim
2023 5343 2141 5384 sunt

605 5419 876 5471 prwccpta,
907 5407 1068 5456 nostri
1101 5410 1381 5470 prophetat,
1423 5403 1586 5453 nostri
1610 5401 1919 5464 patriarcha:
1940 5438 1954 5460 ,
1981 5403 2142 5452 nostri

605 5486 844 5544 quotquot
878 5492 908 5526 a
937 5490 1127 5526 swcuo
1153 5474 1283 5541 justi
1306 5473 1468 5544 fuere.
1498 5471 1643 5544 Suus
1673 5471 1816 5521 nobis
1838 5472 2044 5544 divinus
2064 5487 2142 5521 re-

604 5541 861 5612 tiquerunt
895 5546 982 5612 qui
1012 5547 1062 5595 in
1087 5560 1178 5594 sua
1209 5542 1505 5608 insipientia
1537 5541 1730 5607 periere
1769 5555 1788 5591 :
1816 5555 1964 5612 Aquae
2003 5542 2140 5591 inter

605 5608 881 5680 se’uptinie
908 5608 1174 5666 cohaerere
1203 5625 1377 5676 nemo,
1403 5612 1610 5678 opinor,
1641 5608 1872 5680 negabit.
1919 5609 1992 5660 Ex
2041 5624 2142 5680 quo

606 5678 912 5752 intelligitur
969 5684 1052 5736 hic
1095 5684 1322 5750 ellipsitn
1357 5696 1474 5734 esse
1500 5678 1849 5752 vocismubv,
1873 5679 2139 5752 a_ut_vo_c_is

606 5745 872 5820 ἡμέτεροι,
916 5755 1094 5817 sicque
1123 5745 1355 5816 suppleri
1385 5752 1596 5810 debere,
1627 5745 1780 5810 ἡμῶν
1806 5750 1854 5798 οἱ
1891 5747 1983 5799 ἀπ’
2014 5745 2134 5798 siti)-

2247 3192 2625 3248 ἐπικαλοῦνται
2652 3199 2719 3248 τὰ
2759 3196 2994 3266 ὀνόματα
3031 3193 3207 3246 αὐτῶν
3239 3191 3330 3242 ἐπὶ
3374 3189 3483 3243 τῶν
3517 3190 3718 3258 γαιῶν.
3758 3191 3830 3240 Ub

2247 3284 2354 3354 γάρ
2381 3285 2713 3355 ἐγγράφεται
2737 3283 2964 3345 ἀσεϐοῦς
2991 3282 3161 3351 ὄνομα
3185 3281 3242 3332 ἐν
3275 3279 3440 3350 βίϐλῳ
3467 3277 3548 3349 (ί)
3580 3278 3827 3343 ζώντων,

2247 3374 2364 3426 οὐδὲ
2401 3373 2711 3444 ἀριθμεῖται
2769 3371 2907 3442 μετά
2954 3372 3052 3444 τῆς
3087 3371 3410 3442 Ἐκκλησίας
3453 3371 3565 3422 τῶν
3611 3385 3832 3440 πρωτο-

2246 3466 2416 3518 τόκων
2445 3464 2549 3517 τῶν
2597 3465 3010 3536 ἀριθμουμένων
3055 3467 3112 3519 ἐν
3162 3465 3436 3535 οὐρανοῖςο
3473 3461 3616 3514 ἀλλά
3646 3465 3717 3532 τῇ
3760 3466 3827 3531 γῇ

2247 3554 2423 3608 αὐτῶν
2457 3555 2778 3627 ἑναπομένει
2815 3557 2884 3610 τά
2912 3557 3169 3627 ὀνόματα,
3210 3554 3343 3606 διότι
3380 3552 3480 3622 τὴν
3516 3552 3829 3622 παροδικὴν

2248 3647 2447 3719 ταύτην
2489 3648 2633 3718 ζωὴν
2664 3650 2757 3701 καὶ
2800 3649 3154 3719 ὀλιγοχρόνιον
3194 3646 3302 3698 τῶν
3335 3643 3577 3696 αἰωνίων
3612 3645 3830 3715 σκηνῶν

2250 3741 2638 3814 προετίμησαν.
2671 3740 2780 3809 Ούχ
2811 3741 2940 3809 δρᾷς
2987 3739 3112 3800 τοὺς
3140 3735 3558 3806 οἰκοδομοῦντας
3603 3737 3664 3788 ἐν
3711 3739 3828 3797 ταῖς

2251 3832 2468 3885 πόλεσιν
2514 3830 2717 3900 ἀγορὰς
2765 3830 2855 3881 καὶ
2900 3828 3206 3898 γυμνάσια,
3253 3829 3404 3898 τείχη
3453 3826 3826 3887 ἀνιστῶντας,

2258 3920 2599 3990 ὑδραγωγους
2631 3916 3105 3983 ἐπισκευάζοντας,
3137 3916 3253 3979 πῶς
3279 3917 3346 3968 τὰ
3376 3915 3622 3986 ὀνόματα
3649 3916 3827 3970 αὐτῶν

2256 4008 2461 4071 τούτοις
2489 4008 2840 4078 ἐπικέκληται
2869 4011 2977 4070 τοῖς
3016 4008 3224 4078 γηίνοις
3271 4007 3825 4076 κατασκευάσμασινς

2262 4101 2400 4171 Ἤδη
2434 4100 2489 4152 δέ
2515 4117 2677 4166 τινες,
2705 4102 2798 4154 καὶ
2828 4100 3044 4170 ἀγέλαις
3072 4100 3250 4154 ἵππων
3275 4098 3374 4163 τὰς
3405 4099 3618 4152 ἑαυτῶν
3663 4113 3827 4170 προσ·

1863 4231 1908 4262 ”
1940 4231 2079 4286 Psal.
2115 4249 2304 4298 vatu,
2331 4235 2421 4290 29.
2475 4236 2520 4267 ⁸⁸
2555 4235 2714 4291 llebr.
2755 4235 2964 4300 xtt,‘25.

2258 4387 2346 4433 νος
2365 4370 2579 4432 δίκαιοι,
2617 4380 2726 4433 aut,
2753 4369 3007 4440 ἡμέτεροι
3035 4367 3105 4440 οἰ,
3130 4376 3238 4423 etc.
3268 4366 3419 4440 Quod
3459 4365 3501 4420 si
3550 4366 3826 4435 quispiam

2260 4441 2386 4492 illud
2410 4441 2480 4501 oi,
2516 4439 2654 4506 quod
2686 4437 2869 4493 vocem
2899 4437 3228 4508 πατριάρχαι
3270 4437 3515 4508 proxime
3552 4441 3826 4508 sequitur,

2258 4509 2432 4576 legere
2489 4504 2636 4560 malit
2667 4523 2788 4560 cum
2825 4504 3046 4560 accentu
3079 4504 3335 4576 simulet
3372 4505 3590 4576 spiritu,
3615 4504 3692 4564 οἵ,
3729 4520 3825 4576 au-

2256 4573 2372 4628 t-tor
2398 4578 2446 4629 ei
2477 4590 2596 4626 sum
2633 4585 2690 4626 ut
2716 4577 2787 4626 ita
2820 4588 3030 4629 vertat:
3073 4573 3260 4626 Nostri
3299 4575 3647 4639 patriarcha,
3683 4575 3774 4640 qui
3797 4583 3827 4623 α

2247 4644 2437 4698 swculo
2462 4644 2592 4710 iusti
2645 4644 2872 4710 fuerunt.
2901 4642 3003 4698 Sed
3068 4643 3251 4696 nescio
3300 4646 3569 4708 quomodo
3619 4642 3830 4710 placuit

2247 4715 2374 4766 mihi
2425 4708 2597 4782 magis
2641 4708 2786 4781 prior
2817 4713 2905 4766 illa
2963 4711 3350 4782 interpretandi
3413 4711 3555 4782 ratio
3587 4708 3827 4782 {Nostri

2244 4791 2499 4852 quotquot
2522 4779 2580 4834 Va
2633 4779 2824 4852 sarculo
2858 4782 3089 4849 fuerunt.
3120 4781 3341 4852 Accedit
3367 4780 3533 4833 etiam
3558 4821 3573 4842 ,
3599 4782 3749 4846 quod
3778 4779 3831 4830 οἶ

2245 4849 2368 4906 cum
2405 4863 2636 4906 accentu
2665 4851 2825 4905 simul
2864 4861 2920 4906 et
2953 4853 3141 4920 spiritu
3204 4849 3396 4918 legisse
3431 4863 3662 4916 usquam
3719 4864 3826 4902 non

2247 4922 2487 4975 memini.
2558 4923 2844 4985 Creteruin,
2900 4936 2968 4974 ne
2994 4923 3112 4988 quis
3139 4935 3236 4974 nos
3273 4920 3582 4985 conjeCtura
3625 4920 3828 4971 ductos

2245 4992 2534 5058 quidquam
2585 4992 2775 5044 fecisse
2805 4991 3128 5059 suspicetur,
3186 5003 3405 5042 monere
3449 4988 3627 5059 juvat‘
3664 5003 3829 5042 voces

2242 5055 2437 5114 δίκαιοι
2458 5062 2595 5131 ἡμῖν
2628 5071 2824 5131 puncto
2851 5055 3169 5131 iu'editioue
3210 5055 3775 5131 Basileensidisjungi
3810 5075 3822 5109 :

2248 5135 2397 5193 item,
2421 5126 2862 5196 conjunctionem
2896 5126 2988 5179 καί
3016 5130 3068 5182 in
3121 5129 3219 5180 hac
3242 5131 3352 5195 ipsa
3383 5127 3620 5180 editione
3673 5142 3832 5194 irque

2247 5217 2308 5252 ac
2348 5201 2401 5252 in
2441 5201 2645 5252 nostris
2701 5213 2890 5252 novem
2933 5213 3062 5250 mss.
3094 5199 3301 5250 deesse.
3341 5197 3562 5264 Legitur
3589 5197 3824 5263 .quidcm

2248 5271 2402 5336 paulo
2448 5269 2604 5321 aliter
2671 5269 2720 5320 in
2768 5269 2956 5327 Coisl.,
3006 5283 3195 5334 nempe
3259 5271 3357 5318 hoc
3403 5267 3583 5336 modo,
3624 5265 3825 5336 Qi_153

2245 5332 2432 5400 αἰῶνος
2466 5337 2662 5389 δίκαιοι
2700 5337 2945 5388 πλούσιοι
2975 5339 3106 5405 ἡμῖν
3132 5332 3422 5388 κατέλιπον
3469 5334 3560 5386 τὸν
3590 5332 3826 5384 πλοῦτον

2246 5408 2470 5469 ἑαυτῶν,
2499 5409 2547 5458 οἱ
2588 5409 2644 5458 ἐν
2679 5410 2776 5477 τῇ,
2811 5418 2939 5470 etc.,
2969 5411 3078 5477 sed
3111 5408 3242 5458 nihil
3275 5408 3399 5459 inde
3421 5406 3726 5472 adiumenti
3762 5406 3825 5452 ad

2245 5478 2360 5540 ejus
2401 5478 2504 5528 luci
2534 5474 2969 5544 explanationem
3004 5474 3250 5529 aii'ertur.

2315 5545 2429 5614 (99)
2454 5547 2544 5598 Sic
2577 5541 2740 5600 editio
2786 5547 2947 5598 Basil.
2985 5558 3039 5597 et
3073 5550 3308 5613 quinque
3361 5557 3490 5614 mss.
3529 5542 3623 5614 At
3654 5541 3824 5595 editio

2244 5612 2422 5669 Paris.
2448 5631 2571 5670 cum
2609 5616 2814 5669 duobus
2849 5625 2939 5667 aut
2976 5612 3144 5667 tribus
3188 5612 3312 5666 niss.
3339 5612 3605 5683 εὑφανής.

2313 5685 2390 5755 (1)
2423 5684 2500 5740 Ita
2523 5700 2652 5740 mss.
2684 5695 2905 5754 septem.
2935 5686 3073 5740 Editi
3108 5685 3202 5736 ἐπὶ
3231 5683 3418 5753 βίϐλῳ.
