4016 6472
244 399 354 450 439

1344 401 1622 454 llOMiLIA
1665 402 1729 456 IN
1769 401 2090 458 PSALMUM
2133 400 2359 455 XLVIII.

3366 407 3468 462 4310

242 525 470 580 ηγοοιας
519 511 972 582 ἐπισημηναμενοι,
1017 514 1106 566 ἐπὶ
1155 513 1284 566 πολύ
1324 517 1801 587 συμπαραταθῆναι

1916 516 2124 586 longum
2160 517 2279 570 vita:
2317 525 2522 584 tempus
2573 531 2664 571 sua
2698 518 2934 586 ipsorum
2972 519 3230 574 memoria
3281 533 3472 573 exten-

243 601 328 670 τῷ
356 603 452 671 βίῳ
496 602 591 672 τὴν
629 605 844 673 μνήμην
889 605 1092 659 ἑαυτῶν
1123 606 1448 676 ἐπενόησαν·
1485 608 1576 660 καὶ
1621 611 1676 662 ἐν
1719 611 1813 663 τά-

247 711 371 760 φοις
410 693 464 745 δὲ
500 694 896 766 μεγαλουργίαν
929 696 1339 767 ἐπιδειξάμενοι,
1380 703 1492 762 τοῖς
1536 702 1812 770 μνήμασιν

247 785 456 835 ἑαυτῶν
505 786 776 854 ὲναφῆκαν
823 788 890 838 τὰ
937 788 1190 856 ὀνόματα.
1241 781 1396 841 Οὗτοί
1450 792 1586 842 είσιν
1643 791 1692 843 οἱ
1745 793 1812 846 τὰ

246 875 410 943 γήϊνα
456 874 793 944 φρονοῦντες,
841 879 931 928 καὶ
973 878 1068 946 τὴν
1120 878 1352 932 ἐνταῦθα
1397 877 1572 942 δόξαν,
1620 883 1710 933 καὶ
1754 882 1814 934 τὸ

247 963 400 1034 παρὰ
429 968 536 1028 τοῖς
577 965 879 1037 ἀνθρώποις
925 968 1352 1036 μνημονεύεσθαι
1381 968 1652 1040 αὔταρκες
1691 973 1814 1023 ἐαυ-

247 1060 363 1118 τοίς
397 1059 474 1119 είς
515 1059 884 1126 μακαριότητα
911 1058 1260 1130 λογιζόμενοι.
1303 1060 1420 1113 Κᾶν
1452 1062 1564 1133 ἴδῃς
1605 1062 1660 1115 δέ
1693 1080 1810 1114 τινα

247 1141 360 1193 τῶν
390 1144 481 1194 ἐπὶ
515 1143 844 1213 ψευδωνύμῳ
889 1145 1083 1212 γνώσει
1137 1148 1277 1216 μέγα
1324 1149 1661 1219 φρονούντων
1709 1150 1806 1216 (2),

251 1231 350 1282 καὶ
391 1234 796 1301 προσνεμόντων
826 1235 1049 1298 ἑαυτοὺς
1083 1236 1366 1307 μοχθηρῶν
1399 1255 1559 1291 τινων
1609 1240 1810 1310 δογμά-

246 1339 359 1374 των
391 1323 812 1390 συγκαταθέσεσι
875 1326 970 1394 (5),
1002 1329 1092 1378 καὶ
1129 1327 1248 1379 ἀντὶ
1281 1327 1372 1380 τοῦ
1416 1329 1674 1398 ὀνόματος
1705 1332 1809 1385 τῶν

246 1413 601 1484 Χριστιανῶν,
647 1413 736 1481 ἀφ’
782 1415 896 1479 ἑνός
932 1433 1069 1478 τινος
1120 1417 1225 1468 τῶν
1274 1420 1808 1490 αἱρεσιαρχησάντων

245 1506 472 1567 ἑαυτοὺς
502 1505 880 1573 ὀνομάζοντας,
911 1507 1250 1576 Μαρκίωνος,
1293 1510 1325 1579 ἣ
1363 1509 1728 1572 Οὐαλεντίνου,
1773 1513 1804 1582 ἢ

245 1595 355 1647 τῶν
382 1594 474 1646 νῦν
506 1594 935 1660 ἐπιπολαζόντων
963 1595 1123 1661 τινὸς,
1156 1597 1406 1665 γίνωσκε,
1432 1599 1511 1651 ὅτι
1543 1600 1633 1653 καὶ
1661 1593 1807 1652 οὗτοι

245 1686 644 1738 ἐπεκαλέσαντο
689 1687 757 1741 τὰ
799 1688 1035 1756 ὀνόματα
1081 1690 1259 1742 αὐτῶν
1311 1690 1403 1744 ἐπὶ
1453 1692 1560 1744 τῶν
1613 1693 1804 1760 γαιῶν,

245 1778 506 1849 φθαρτοῖς
546 1778 848 1850 ἀνθρώποις
902 1781 994 1832 καὶ
1045 1782 1105 1832 τὸ
1151 1781 1269 1835 ὅλον
1324 1784 1531 1853 γηϊνοις
1583 1786 1807 1849 ἑαυτοὺς

243 1869 692 1940 προσνείμαντες.

317 1960 366 2013 8.
409 1960 517 2014 Kal
589 1961 894 2029 ἅνθρωπος
939 1963 1008 2015 ἐν
1059 1962 1195 2031 τιμῇ
1249 1961 1352 2029 ὢν,
1409 1969 1480 2018 οὐ
1543 1966 1805 2034 συνῆκε·

239 2050 746 2121 παρασυνεὸλήθη
781 2052 903 2115 τοῖς
935 2052 1181 2117 κτήνεσι
1221 2053 1344 2116 τοῖς
1377 2054 1676 2122 ἀνοήτοις,
1709 2056 1808 2109 καὶ

240 2141 505 2210 ὡμοιώθη
547 2141 767 2204 αὐτοῖς.
801 2142 957 2206 Αὕτη
992 2143 1027 2207 ἡ
1067 2142 1203 2206 ὁδὸς
1233 2143 1428 2196 αὐτῶν
1461 2145 1810 2202 σκάνδαλον

240 2232 476 2296 αὑτοῖφ·
526 2231 622 2282 καί
664 2229 812 2297 μετὰ
856 2231 1039 2284 ταῦτα
1081 2233 1148 2285 ἐν
1193 2232 1271 2298 τῷ
1321 2237 1568 2305 στόματι
1614 2238 1809 2292 αὐτῶν

239 2321 667 2385 εὐδοκήσθυσίο
723 2322 878 2391 Μέγα
931 2323 1242 2395 ἄνθρωπος,
1293 2327 1385 2380 καὶ
1441 2329 1615 2397 τίμιον
1670 2331 1807 2400 ἀνὴρ

239 2414 512 2482 ἐλεήμων,
554 2413 613 2464 τὸ
648 2414 826 2485 τίμιον
859 2416 915 2469 ἐν
949 2419 1014 2486 τῇ
1055 2421 1253 2487 φυσικῇ
1305 2422 1610 2491 κατασκευῇ
1645 2419 1802 2490 ἔχων.

240 2504 310 2555 Τί
339 2504 444 2574 γὰρ
472 2503 578 2557 τῶν
603 2506 694 2558 ἐπὶ
733 2506 835 2574 γῆς
868 2505 993 2558 ἄλλο
1032 2507 1149 2557 κατ’
1192 2507 1372 2560 εἰκόνα
1403 2508 1492 2560 τοῦ
1525 2510 1806 2576 κτίσαντος

237 2595 468 2664 γέγονε;
505 2598 621 2650 Τίνι
656 2599 688 2667 ἡ
725 2597 862 2650 κατὰ
910 2598 1123 2649 πάντων
1157 2597 1234 2670 (4)
1279 2600 1419 2671 ἁρχὴ
1455 2602 1548 2654 καὶ
1589 2601 1803 2666 ἐξουσία

234 2688 351 2740 τῶν
393 2706 453 2742 τε
497 2690 761 2758 χερσαίων
803 2688 894 2740 καὶ
935 2688 1166 2760 ἐνύδρων
1209 2693 1302 2744 καὶ
1350 2695 1607 2765 ἐναερίων
1652 2695 1804 2759 ζώων

238 2779 586 2850 κεχάρισται;
619 2779 799 2848 Βραχύ
837 2779 931 2848 μὲν
967 2780 1271 2852 ὑποϐέϐηκε
1298 2783 1396 2854 τὴν
1426 2785 1534 2837 τῶν
1562 2788 1804 2855 ἀγγέλων

237 2869 398 2934 ἀξίαν
437 2869 520 2922 διὰ
549 2868 643 2939 τὴν
672 2870 805 2941 πρὸς
833 2870 892 2923 τὸ
923 2871 1122 2940 γεῶδες
1153 2873 1311 2943 σῶμα
1345 2876 1634 2946 συνάφειαν
1655 2896 1666 2907 ·
1713 2879 1803 2933 τὸν

241 2961 344 3030 μὲν
385 2956 476 3013 οὖν
514 2959 796 3031 ἄνθρωπον
837 2964 1088 3034 ἐποίησεν
1116 2965 1221 3017 ἀπὸ
1249 2966 1347 3036 τῆς
1379 2969 1500 3037 γῆς,
1534 2970 1628 3022 καὶ
1666 2973 1804 3038 τοὺς

234 3049 618 3118 λειτουργοὺς
653 3053 836 3106 αὐτοῦ
871 3054 1058 3122 πυρὸς
1086 3057 1312 3124 φλόγιν
1347 3057 1458 3108 ἀλλ’
1487 3059 1636 3128 ὅμως
1665 3063 1698 3131 ἧ
1741 3081 1800 3131 γε

235 3142 334 3194 τοῦ
365 3146 502 3197 νοεῖν
543 3145 635 3197 καὶ¹
664 3144 900 3198 συνιέναι
929 3145 1018 3197 τὸν
1053 3147 1257 3198 ἑαυτῶν
1305 3148 1540 3222 κτίστην
1571 3155 1663 3206 καὶ
1698 3158 1802 3226 Δη-

1914 609 2164 674 deretur,
2221 609 2349 676 quin
2414 609 2578 663 etiam
2625 609 3022 678 magniﬁcentia
3095 609 3148 662 in
3199 609 3467 677 sepulcris

1915 710 2162 764 ostensa,
2221 700 2584 754 monumentis
2629 699 2846 754 nomina
2895 713 2990 754 sua
3050 697 3468 768 insculpserunt.

1918 792 1976 845 lli
2013 802 2139 846 sunt
2165 795 2253 862 qui
2286 800 2498 847 terrena
2529 793 2765 860 sapiunt,
2801 803 2856 846 et
2884 801 3202 861 prresentem
3237 789 3458 861 gloriam

1915 898 1978 936 ac
2010 882 2282 936 hominum
2316 883 2740 937 recordationem
2769 882 2868 937 sibi
2897 883 2962 937 ad
3001 880 3308 936 felicitatem
3338 881 3468 936 satis

1913 988 2030 1028 esse
2055 975 2392 1028 existimant.
2415 973 2566 1038 Quod
2595 975 2636 1028 si
2666 990 2823 1042 quem
2846 976 3005 1028 etiam
3036 974 3232 1027 videris
3256 987 3466 1034 eorum,

1913 1065 2003 1132 qui
2029 1063 2096 1117 ob
2122 1062 2238 1117 falsi
2271 1065 2503 1118 nominis
2547 1066 2827 1119 scientiam
2867 1065 3204 1135 superbiunl,
3235 1075 3289 1120 et
3345 1081 3470 1135 pra-

1912 1157 1988 1208 vis
2046 1154 2360 1223 quibusdam
2407 1156 2744 1218 όοα.ιιιιιῑὶ)υε
2804 1158 3192 1220 assentiuntur,
3239 1173 3304 1212 ac
3349 1157 3468 1212 loco

1913 1246 2141 1299 nominis
2168 1244 2479 1310 Christiani,
2519 1245 2586 1299 ab
2617 1262 2723 1300 uno
2768 1246 2944 1314 aliquo
2977 1247 3335 1301 hmresiarcha
3363 1247 3465 1302 sibi

1911 1350 2103 1389 nomen
2133 1337 2420 1400 asciscunt,
2462 1347 2583 1405 puta
2611 1351 2641 1390 a
2673 1336 2941 1392 Marciane
2963 1379 2979 1404 ,
3014 1347 3105 1392 aut
3137 1338 3418 1392 Valentino
3441 1377 3457 1404 ,

1909 1435 2000 1478 aut
2027 1425 2094 1478 ab
2125 1426 2299 1494 aliquo
2324 1441 2507 1480 eorum
2553 1429 2642 1496 qui
2674 1443 2737 1482 ex
2773 1429 2970 1497 ignotis
3007 1444 3144 1485 nunc
3188 1431 3462 1499 conspicui

1908 1526 2067 1571 sunt:
2130 1517 2291 1572 velim
2365 1521 2580 1573 noveris
2650 1520 2746 1574 hos
2797 1534 3009 1589 quoque
3082 1536 3182 1576 sua
3247 1537 3463 1577 nomina

1907 1623 2130 1664 vocasse
2177 1609 2230 1664 in
2267 1611 2459 1673 terris,
2501 1620 2558 1664 ut
2600 1612 2692 1681 qui
2745 1611 3049 1666 hominibus
3085 1614 3356 1682 corruptis
3400 1629 3464 1668 ac

1908 1699 2064 1768 plane
2089 1703 2317 1756 terrenis
2345 1717 2462 1756 sese
2491 1702 2818 1758 addixerint.

1979 1963 2032 2017 8.
2089 1963 2252 2016 Vens.
2285 1963 2372 2024 l3,
2415 1963 2500 2018 M.
2543 1961 2611 2014 Et
2636 1964 2787 2017 homo
2825 1981 2940 2016 cum
2982 1965 3035 2017 in
3064 1964 3257 2018 honore
3292 1981 3420 2018 esset
3444 2004 3461 2030 ,

1911 2067 2012 2104 non
2033 2051 2320 2104 intellexit:
2349 2063 2678 2119 comparatus
2705 2062 2779 2106 est
2804 2052 3050 2120 iumentis
3081 2055 3463 2123 insipientibus,

1913 2154 1958 2196 et
1984 2143 2170 2196 similis
2196 2144 2364 2211 [actus
2383 2155 2455 2197 est
2490 2145 2611 2198 illis.
2637 2143 2767 2198 Han:
2801 2147 2882 2200 uia
2922 2145 3131 2199 illorum
3155 2148 3463 2202 scandalum

1909 2233 2074 2300 ipsis:
2103 2242 2150 2286 et
2190 2245 2367 2301 postea
2399 2237 2452 2287 in
2483 2251 2570 2287 ore
2597 2253 2690 2288 suo
2715 2236 3122 2305 complacebunt.
3159 2238 3344 2309 Magna
3378 2257 3463 2296 res

1908 2322 2086 2389 homo,
2109 2335 2163 2378 et
2190 2326 2478 2394 pretiosum
2517 2327 2766 2396 quiddam
2800 2330 2879 2383 vir
2916 2330 3245 2396 misericors,
3289 2333 3464 2398 digni-

1909 2420 2070 2467 tatem
2095 2415 2573 2485 excellentiamque
2601 2416 2651 2470 in
2678 2418 2908 2471 naturali
2934 2433 3030 2472 sua
3051 2423 3455 2477 constructione

1908 2505 2132 2560 habens.
2170 2506 2306 2572 Quid
2341 2508 2486 2562 enim
2522 2507 2666 2563 aliud
2691 2524 2755 2563 ex
2791 2510 2857 2565 iis
2888 2525 3005 2580 quae
3047 2512 3099 2566 in
3137 2521 3280 2569 terra
3312 2529 3458 2583 sunt,

1907 2597 1972 2650 ad
2000 2594 2304 2652 Conditoris
2345 2597 2628 2667 imaginem
2668 2598 2867 2654 factum
2898 2611 2981 2655 est
3002 2602 3087 2656 “7
3122 2603 3220 2659 Cui
3260 2607 3463 2675 princi-

1914 2696 2070 2754 patus
2101 2696 2156 2740 et
2181 2697 2416 2756 potestas
2445 2689 2496 2741 in
2528 2689 2706 2752 omnia
2746 2691 2992 2747 animalia
3019 2702 3127 2747 tum
3157 2700 3458 2765 terrestria,

1910 2786 2016 2828 tum
2038 2777 2316 2844 aquatilia,
2340 2787 2446 2831 tum
2475 2792 2630 2832 aerea
2653 2794 2905 2835 concessa
2930 2794 3013 2836 est
3029 2784 3221 2841 “lEst
3242 2789 3459 2856 quidem

1906 2866 2062 2934 paulo
2111 2865 2332 2922 inferior
2375 2869 2583 2938 angelis
2632 2871 2890 2940 dignitate
2922 2873 2988 2940 “,
3022 2875 3090 2929 ob
3131 2892 3282 2932 suam
3336 2896 3456 2933 cum

1907 2957 2150 3011 terrestri
2195 2973 2418 3026 corpore
2459 2960 2922 3028 conjunctionem:
2958 2967 3154 3036 quippe
3187 2969 3457 3025 hominem

1904 3047 2032 3103 fecit
2089 3052 2153 3101 de
2221 3059 2359 3104 terra
2421 3050 2500 3118 ",
2560 3054 2628 3106 Et
2685 3055 2946 3110 ministros
3000 3075 3121 3112 suos
3187 3062 3458 3128 flairimant

1904 3137 2035 3204 ignis
2082 3136 2148 3190 ⁸⁸.
2197 3141 2266 3192 At
2302 3148 2446 3193 certe
2492 3140 2572 3194 vis
2625 3140 2953 3212 intelligendi
3001 3154 3054 3198 et
3099 3150 3458 3216 cognoscendi

239 3237 500 3306 μιουργὺν
542 3235 765 3305 δύναμις
800 3238 889 3289 καὶ
936 3239 991 3288 ἐν
1039 3241 1148 3301 τοῖς
1194 3239 1496 3309 ἀνθρώποις
1547 3225 1798 3318 ὑπάρχει.

1902 3225 2243 3282 Conditorem
2275 3240 2329 3282 et
2357 3229 2611 3299 Opificem
2645 3248 2796 3287 suum
2837 3235 2977 3288 inest
3002 3236 3161 3290 etiam
3188 3239 3238 3290 in
3281 3238 3457 3292 homi-

250 3328 577 3396 Ἐνεφύσησε
627 3329 732 3396 γὰρ
782 3328 857 3397 (5)
903 3329 981 3390 εἰς
1036 3329 1096 3380 τὸ
1147 3332 1469 3401 πρόσωπονο
1521 3339 1795 3402 τουτέστι,

237 3420 432 3488 μοῖράν
487 3435 604 3469 τινα
658 3419 754 3487 τῆς
809 3417 940 3480 ἰδίας
988 3420 1206 3491 χάριτος
1259 3426 1548 3480 ἐναπέθετο
1591 3428 1666 3498 τῷ
1708 3430 1801 3481 ἀν-

233 3509 458 3579 Ορώπῳ,
491 3510 576 3561 ἵνα
618 3508 696 3578 τῷ
738 3508 904 3579 ὁμοίῳ
939 3513 1272 3584 ἐπιγινώσκῃ
1318 3515 1378 3567 τὸ
1423 3517 1622 3585 ὅμοιον.
1664 3517 1798 3570 Ἀλλ’

233 3602 384 3670 ὅμως
428 3602 484 3652 ἐν
517 3603 646 3670 τιμῇ
683 3599 756 3652 ῶν
790 3600 1109 3674 τηλικαύτῃ,
1154 3606 1219 3656 ἐκ
1270 3605 1360 3657 τοῦ
1408 3606 1799 3678 δεδημιουργῆ-

234 3692 359 3744 σθαι
394 3695 510 3745 κατ’
541 3691 722 3743 εἰκόνα
761 3691 851 3744 τοῦ
885 3695 1183 3758 κτίσαντος,
1220 3695 1356 3766 ὑπὲρ
1387 3698 1628 3767 οὐρανὸν,
1662 3700 1799 3770 ὐπέρ

232 3784 403 3853 ἥλιον,
436 3783 572 3851 ὑπὲρ
604 3781 698 3845 τὰς
743 3783 848 3836 τῶν
891 3785 1132 3856 ἀστέρων
1178 3788 1395 3858 χορείας
1442 3792 1798 3862 τετιμημένος

233 3875 338 3943 (τίς
367 3874 472 3944 γὰρ
517 3872 621 3924 τῶν
661 3876 902 3946 οὐρανῶν
943 3877 1020 3945 (6)
1051 3877 1210 3930 εἰκὼν
1263 3880 1476 3950 εἴρηται
1527 3882 1618 3935 τοῦ
1663 3883 1794 3936 Θεοῦ

230 3967 327 4018 τοῦ
361 3965 614 4033 ullis-sou;
648 3967 803 4020 ποίαν
829 3967 885 4018 δὲ
923 3967 1072 4036 ἥλιος
1120 3967 1301 4020 εἰκόνα
1337 3969 1495 4034 σώζει
1538 3971 1632 4022 τοῦ
1682 3973 1797 4024 κτί-

233 4070 458 4118 σαντος;
489 4053 602 4123 τίή
651 4055 874 4126 σελήνη;
910 4056 962 4108 τί
1003 4057 1050 4108 οἱ
1093 4055 1267 4108 λοιποὶ
1309 4058 1569 4129 ἅστέρες;
1616 4058 1797 4130 ἄψυχα

233 4148 334 4218 μὲν
364 4147 452 4198 καὶ
488 4144 665 4210 ὐλικὰ,
701 4147 932 4215 διαφανῆ
970 4147 1024 4199 δὲ
1059 4147 1214 4216 μόνον
1243 4150 1310 4202 τὰ
1343 4150 1570 4221 σώματα
1610 4168 1798 4222 κεκτη-

231 4240 419 4311 μένοι,
477 4241 534 4291 ἐν
583 4235 662 4303 οἷς
707 4239 938 4310 οὐδαμοῦ
1001 4239 1240 4305 διάνοια,
1289 4244 1347 4296 οὐ
1411 4246 1795 4314 προαιρετικαὶ

226 4335 488 4402 κινήσεις,
517 4333 614 4384 οὐκ
642 4332 1110 4402 αὐτεξουσιότητος
1140 4334 1443 4405 ἐλευθερία’
1473 4334 1606 4387 ἀλλὰ
1634 4334 1794 4388 δοῦλά

223 4425 346 4474 ἐστι
395 4424 494 4493 τῆς
539 4424 888 4494 ἐπικειμένης
919 4425 1180 4495 ἀνάγκης,
1223 4425 1342 4478 καθ’
1377 4427 1442 4495 ἣν
1477 4428 1791 4498 ἀπαραλλά-

226 4531 373 4575 κτως
418 4515 503 4566 ἀεὶ
555 4516 680 4584 περὶ
729 4513 798 4566 τὰ
856 4513 993 4566 αὐτὰ
1029 4514 1476 4586 ἁναστρέφεται)·
1515 4517 1654 4587 ὑπὲρ
1699 4513 1788 4569 οὖν

1900 3319 2075 3373 nibus.
2097 3319 2380 3390 Insuﬁlavit
2400 3323 2534 3375 enim
2557 3325 2610 3375 in
2632 3323 2817 3392 [aciem
2841 3324 2920 3392 '7;
2950 3326 3048 3381 hoc
3081 3335 3184 3391 est,
3219 3328 3454 3399 aliquam

1900 3413 2083 3481 gratia:
2121 3416 2346 3482 propriae
2380 3413 2534 3484 185
2566 3427 2769 3484 partem
2808 3417 2861 3471 in
2893 3420 3162 3475 hominem
3203 3423 3455 3486 immisit.

1902 3514 1960 3558 ut
2000 3505 2172 3558 simile
2210 3521 2304 3573 per
2343 3507 2517 3560 simile
2554 3521 2868 3576 cognoscat.
2922 3511 3172 3566 Attamen
3227 3529 3346 3568 cum
3402 3519 3455 3571 in

1900 3604 2050 3650 tanto
2084 3605 2227 3650 esset
2251 3597 2490 3661 honore,
2525 3613 2590 3652 ex
2624 3614 2688 3654 eo
2716 3600 2855 3668 quod
2897 3602 2962 3654 ad
2989 3599 3296 3659 Conditoris
3324 3606 3456 3659 ima-

1900 3686 2079 3754 ginem
2127 3685 2376 3742 conditus
2431 3699 2607 3752 esset,
2653 3691 2824 3760 magis
2875 3692 3049 3758 cmlo,
3095 3695 3264 3762 magis
3320 3699 3454 3756 sole.

1903 3778 2072 3847 magis
2124 3778 2398 3833 stellarum
2445 3779 2654 3832 choreis
2694 3780 2988 3838 honoratus
3040 3783 3267 3853 (ecquod
3313 3789 3454 3842 enim

1900 3869 2156 3923 caelorum
2211 3870 2383 3939 imago
2415 3870 2504 3923 Dei
2557 3869 2799 3925 altissimi
2847 3874 3046 3927 dictum
3096 3877 3214 3930 est?
3243 3879 3454 3946 qualem

1899 3960 2058 4012 etiam
2108 3959 2392 4027 imaginem
2447 3961 2742 4015 conditoris
2799 3963 2881 4017 sui
2933 3974 3111 4020 servat
3157 3969 3277 4023 sol?
3327 3972 3455 4038 quid

1899 4050 2064 4104 luna?
2133 4051 2259 4118 quid
2325 4052 2540 4122 reliquae
2609 4053 2814 4108 stellae?
2867 4070 3089 4125 corpora
3163 4059 3454 4116 inanimata

1896 4140 2112 4209 quidem
2142 4137 2196 4191 et
2225 4154 2293 4193 ex
2324 4141 2545 4194 materia
2573 4142 2872 4195 constantia
2908 4157 2971 4198 ac
2993 4145 3162 4198 solum
3190 4147 3454 4216 pellucida

1897 4230 2098 4283 sortita:
2120 4269 2132 4292 ,
2174 4232 2227 4283 in
2261 4231 2454 4300 quibus
2497 4243 2760 4300 nusquam
2795 4247 2945 4287 mens
2983 4242 3099 4296 est,
3128 4251 3232 4291 non
3269 4239 3456 4292 volun-

1896 4323 2013 4375 tarii
2056 4334 2260 4387 motus,
2307 4337 2410 4376 non
2444 4321 2670 4377 liberum
2705 4325 3030 4393 arbitrium;
3077 4327 3171 4382 sed
3213 4333 3454 4384 serviunt

1895 4413 2216 4468 ineumbenti
2266 4415 2614 4480 necessitati,
2670 4430 2762 4484 per
2822 4430 2978 4485 quam
3025 4433 3236 4486 semper
3281 4423 3452 4475 modis

1895 4504 2316 4558 immulabilibus
2375 4506 2517 4559 circa
2578 4507 2764 4560 eadem
2825 4512 3182 4577 versantur):
3250 4512 3448 4575 homo,

223 4603 399 4658 ταῦτα
425 4609 543 4666 ταῖς
587 4609 770 4673 τιμαῖς
816 4605 1154 4674 προηγμένος
1181 4610 1209 4660 ό
1237 4606 1541 4677 ἄνθρωπος,
1573 4609 1632 4659 οὐ
1677 4625 1792 4659 συν-

1902 4597 2141 4664 inquam,
2175 4597 2345 4663 magis
2375 4597 2456 4650 his
2490 4599 2783 4652 honoratus
2805 4637 2818 4660 ,
2857 4614 2958 4651 non
2988 4599 3282 4668 intellexit,
3321 4607 3448 4668 δραι,

221 4698 380 4766 ¹ἧκεν,
407 4695 539 4746 ἀλλὰ
579 4695 890 4746 καταλιπὼν
929 4697 988 4747 τὸ
1019 4697 1241 4751 ἕπεσθαι
1283 4698 1419 4768 Θεῷ,
1448 4699 1539 4750 κα.)⁵
1573 4697 1792 4767 ὁμοιοῦ⁶

224 4786 352 4840 σθαι
380 4782 456 4852 τῷ
496 4785 759 4848 κτίσαντι,
788 4784 968 4848 δοῦλος
997 4787 1281 4858 γενόμενος
1319 4788 1425 4842 τῶν
1460 4788 1650 4840 παθῶν
1693 4791 1791 4858 τῆς

224 4875 448 4948 σαρκὸς,
484 4877 990 4946 Πιιρασυνεϐλήθη
1020 4878 1141 4945 τοῖς
1173 4880 1418 4946 κτήνεσι
1451 4879 1572 4944 τοῖς
1611 4880 1792 4946 ἀνοή-

297 5016 340 5046 ⁸’
367 5017 500 5070 Gen.
541 5033 578 5081 ι,
616 5017 704 5083 27,
779 5020 825 5052 ⁸³
855 5023 981 5078 ibid.
1028 5023 1114 5077 28.

1215 5022 1419 5077 "Psal.
1455 5039 1569 5088 vm,
1615 5023 1667 5076 6.

296 5158 374 5228 (2)
409 5160 546 5214 Editi
582 5177 698 5216 cum
739 5160 869 5235 Reg.
895 5174 1087 5232 quarto
1116 5162 1679 5235 μεγαλοφρονούντων.
1712 5166 1778 5215 At

217 5242 359 5301 mSS_._
385 5241 506 5285 octo
532 5233 1028 5301 μεγαφρονούντων.

292 5299 370 5365 (3)
402 5301 489 5354 Sic
532 5299 658 5356 mss.
694 5299 832 5370 ueto,
875 5319 902 5353 a
951 5306 1144 5370 quibus
1187 5317 1289 5356 non
1322 5302 1574 5356 tlilTerunt
1619 5305 1771 5367 editi,

217 5369 321 5442 nisi
369 5373 510 5438 quod
563 5386 656 5440 pro
689 5369 979 5441 μοχθηρῶν
1029 5373 1256 5426 habeant
1300 5371 1566 5442 πονηρῶν.
1603 5374 1668 5424 Αι
1723 5376 1771 5426 in

219 5441 351 5514 lifg.
383 5442 654 5514 tertio_sic
680 5444 891 5514 legitur.
930 5444 1337 5514 προσνεμόντων
1366 5441 1572 5503 ἑαυτοῖς
1604 5459 1771 5514 πονη-

215 5508 328 5577 ρῶν
352 5524 512 5579 τινων
538 5508 818 5579 δογμάτων
848 5508 1287 5579 συγκαταθέσεις.

289 5579 362 5649 (Δ)
395 5578 533 5635 Edjti
557 5578 750 5634 πάντα.
784 5583 916 5637 Octo
966 5597 1090 5634 vero
1121 5599 1247 5636 mss.
1288 5583 1522 5635 πάντων.
1565 5579 1672 5634 Nec
1709 5584 1778 5636 ita

214 5651 382 5723 sttuite
412 5650 675 5723 postumi
698 5669 824 5703 mss.
862 5653 993 5723 πρὸς
1022 5653 1079 5703 τὺ
1101 5652 1353 5719 γαιῶδες.

289 5717 365 5786 (5)
410 5719 548 5775 Editi
614 5719 720 5789 γάρ
767 5717 949 5793 φησιν.
1000 5717 1156 5776 Deest
1220 5723 1384 5794 φησίν
1436 5724 1486 5776 in
1546 5721 1780 5790 quinque

222 5801 355 5842 mss.

469 5882 736 5943 PATROL.
779 5884 892 5945 Gn.
945 5884 1180 5944 XXIX.

1744 5025 1786 5054 es
1816 5020 1951 5076 Gen.
1995 5037 2053 5083 ιιἱ
2090 5019 2136 5070 7,
2214 5019 2258 5049 ⁸⁸
2292 5017 2448 5070 “ultr.
2498 5030 2538 5080 1,
2571 5015 2622 5071 7.

1894 4689 2036 4757 quod
2061 4702 2181 4741 eum
2207 4690 2378 4756 sequi,
2419 4697 2474 4742 et
2499 4689 2771 4742 Conditori
2808 4690 3005 4746 similis
3036 4692 3150 4746 ﬁeri
3185 4695 3446 4765 neglexit,

1894 4797 2080 4836 servus
2119 4779 2342 4834 eﬂ‘ectus
2373 4781 2722 4849 cupiditatum
2755 4782 2966 4848 carnis,
3003 4783 3346 4853 Comparatus
3373 4798 3448 4837 est

1889 4874 2138 4944 iumentis
2188 4873 2574 4940 insipientibus,
2627 4881 2677 4924 et
2732 4874 2916 4927 similis
2968 4874 3137 4942 [actus
3189 4885 3262 4929 est
3319 4876 3446 4929 illis.

2699 5016 2742 5048 ⁸⁷
2773 5017 2905 5072 Gen.
2945 5033 3002 5078 tt,
3043 5017 3090 5069 7.

1958 5163 2032 5232 (ϐ)
2072 5158 2493 5232 SicColbertini
2547 5159 2798 5228 quintus,
2851 5169 3037 5232 sextus
3081 5169 3135 5232 et
3188 5161 3449 5232 septimus

1884 5227 2024 5288 cuin
2066 5230 2270 5281 duobus
2328 5227 2514 5295 Regiis
2541 5227 2602 5282 et
2652 5243 2770 5280 cum
2803 5230 3037 5283 editione
3078 5227 3451 5286 Basil.il'.'ditto

1886 5317 2008 5356 vero
2036 5299 2208 5352 Paris.
2261 5299 2324 5350 Τί
2354 5299 2460 5368 γὰρ
2508 5299 2613 5350 τῶν
2667 5298 2953 5370 οὐρανίων,
2986 5299 3185 5368 Ecquid
3221 5302 3356 5354 enim
3386 5318 3451 5354 ea:

1883 5370 2193 5433 caelestibus,
2225 5382 2328 5422 etc.
2365 5375 2402 5421 Α
2439 5371 2630 5435 quibus
2650 5371 2900 5423 omnibus
2934 5384 3036 5422 non
3070 5384 3253 5437 parum
3285 5371 3450 5422 dissi-

1883 5444 1973 5493 det
2003 5441 2427 5509 Cnlbﬁluintus.
2455 5443 2504 5488 in
2530 5453 2633 5504 quo
2657 5439 2735 5492 sic
2762 5437 2973 5508 legitur,
3000 5437 3095 5502 Τίς
3117 5440 3224 5509 γὰρ
3255 5437 3362 5491 τῶν
3391 5442 3450 5494 ὲν

1887 5510 2120 5580 οὐρανῷ,
2152 5507 2512 5580 Ecqttisdenim
2536 5523 2714 5580 eorum
2739 5507 2828 5577 qui
2863 5511 2914 5561 in
2945 5512 3069 5562 caelo
3103 5507 3245 5572 sunt,
3276 5511 3448 5563 dictus

1889 5577 1965 5633 est
1993 5577 2186 5647 5mg...
2212 5590 2312 5630 etc.
2341 5577 2509 5629 Verha
2536 5577 2620 5629 illa
2645 5594 2762 5645 qua:
2789 5595 2904 5632 mox
2935 5589 3252 5646 sequuntur,
3289 5581 3451 5633 ποίαν

1888 5650 1967 5712 δέ,
1997 5661 2128 5713 etc.,
2169 5665 2230 5701 eo
2255 5648 2441 5699 ordine
2475 5647 2722 5716 leguntur
2759 5649 2811 5701 in
2849 5665 2976 5703 mss.
3002 5663 3108 5717 quo
3136 5649 3446 5704 edidimus:

1891 5721 1985 5774 sed
2018 5719 2170 5772 aliter
2202 5720 2253 5770 in
2274 5718 2430 5770 editis
2462 5719 3103 5785 disponuntur,videlicet
3129 5721 3229 5773 hoc
3255 5724 3446 5776 modo:

1891 5791 2048 5843 ποίαν
2079 5789 2134 5842 δὲ
2163 5788 2343 5841 εἰκόνα
2377 5787 2536 5850 σώζει
2566 5789 2592 5839 ὀ
2617 5788 2765 5857 ἥλιος
2801 5789 2892 5842 τοῦ
2919 5789 3217 5851 κτίσαντος.

3109 5882 3178 5941 15
