4016 6464
629 364 725 418 451

1960 362 2016 416 S.
2059 362 2300 419 BASILII
2341 365 2555 420 MAGNI

3771 373 3866 428 452

631 487 782 540 Nunc
827 485 1036 554 quidem
1073 491 1327 553 tanquam
1362 497 1530 551 equus
1577 497 1756 536 amore
1807 483 1991 537 furens
2032 485 2167 540 femi-

2287 504 2429 552 τοις,
2462 489 2558 540 καὶ
2604 487 2863 555 ὡμοιώθη
2899 489 3131 555 αὐτοῖς·
3170 491 3275 543 νῦν.
3312 493 3407 562 μὲν
3436 493 3516 556 ὡς
3560 494 3740 556 ἵππος
3779 494 3868 563 θη-

628 595 817 633 narum
842 619 857 641 ,
891 578 1138 632 adbinnit
1164 577 1394 647 proximi
1437 578 1517 630 sui
1553 577 1708 629 uxori
1739 575 1783 607 ⁸⁸
1818 594 1831 629 :
1869 592 2015 631 nunc
2060 592 2189 632 vero

627 683 880 738 tanquam
913 669 1068 736 lupus
1097 682 1258 736 rapax
1277 666 1466 722 alienis
1496 666 1717 720 insidias
1747 666 1963 721 struit”
1984 685 1996 720 :
2019 667 2186 721 inter-

625 766 749 816 dum
790 771 861 816 ob
908 760 1209 814 adhibitum
1263 759 1519 812 adversus
1565 757 1784 812 fratrem
1821 760 2033 823 dolum,
2061 773 2185 812 ver-

625 857 783 908 sutia:
845 853 1023 920 vulpis
1089 851 1420 907 assimilatur
1453 850 1525 903 ’°.
1559 849 1654 903 Est
1707 859 1884 903 autem
1939 850 2186 905 cumulus

627 946 871 1000 stultitiae
895 956 949 999 et
971 945 1255 999 dementia:
1284 943 1440 1011 plane
1471 942 1743 1006 belluinte,
1781 956 1905 996 eum
1933 941 2022 1010 qui
2059 956 2187 994 con-

623 1042 767 1094 ditus
815 1050 897 1094 est
936 1041 1001 1093 ad
1049 1037 1324 1093 Creatoris
1369 1036 1702 1105 imaginem,
1739 1047 1913 1103 neque
1959 1034 2185 1102 primam

621 1146 772 1185 suam
812 1128 1248 1184 constitutionem
1277 1129 1583 1196 percipere,
1623 1139 1795 1194 neque
1822 1133 1897 1177 tot
1931 1139 1994 1178 ac
2040 1132 2185 1178 tanta

621 1238 719 1291 pro
755 1237 812 1276 se
837 1223 1142 1289 dispensata
1183 1220 1437 1288 mysteria
1483 1218 1778 1288 intelligere
1820 1216 1955 1270 velle
1978 1255 1994 1281 ,
2028 1225 2084 1270 et
2119 1230 2184 1270 ne

619 1331 685 1369 ex
724 1315 828 1368 illis
869 1313 1085 1380 quidem
1125 1311 1437 1377 dignitatem
1482 1325 1634 1365 suam
1684 1322 2013 1378 cognoscere
2045 1325 2057 1362 :
2089 1309 2180 1363 sed

623 1408 989 1459 immemorem
1029 1418 1172 1468 esse,
1211 1406 1349 1472 quod
1397 1401 1604 1472 abjecta
1646 1401 1721 1454 rei
1771 1399 2007 1455 cmlestis
2041 1398 2180 1451 ima-

620 1499 777 1565 gine,
834 1497 908 1550 rei
959 1504 1187 1550 terrente
1234 1494 1522 1563 imaginem
1570 1493 1882 1560 sumpserit.
1913 1493 2088 1559 Atque
2123 1496 2181 1540 ut

627 1605 692 1641 ne
722 1589 771 1641 in
806 1597 1026 1657 peccato
1049 1595 1378 1656 permaneat,
1415 1592 1766 1653 proptereum
1811 1581 2028 1636 Verbum
2055 1598 2179 1635 caro

620 1682 816 1746 factum
849 1688 947 1741 est,
1001 1689 1048 1731 et
1084 1677 1334 1730 habitavit
1361 1677 1414 1728 in
1457 1673 1604 1726 nobis
1637 1674 1704 1738 9‘,
1740 1684 1795 1726 et
1836 1688 2003 1740 usque
2046 1673 2179 1727 adeo

618 1787 676 1824 se
707 1771 878 1837 ipsum
911 1768 1198 1837 depressit,
1233 1777 1290 1820 ut
1320 1766 1496 1821 factus
1525 1766 1594 1819 sit
1624 1762 1882 1817 Obediens
1910 1780 2071 1832 usque
2107 1766 2176 1817 ad

2293 577 2536 648 λυμανὴς
2579 579 2913 648 χρεμετίζων
2949 580 3041 632 ἐπὶ
3077 580 3173 651 τὴν
3211 585 3441 648 γυναῖκα
3490 583 3590 635 τοῦ
3643 585 3870 653 πλησίον

2294 670 2457 724 αὐτοῦ
2478 687 2490 700 ·
2523 669 2616 724 νῦν
2648 669 2702 722 δὲ
2733 670 2806 732 ὼς
2834 670 2996 734 λύκος
3038 671 3218 742 ἅρπαξ
3273 673 3587 744 ἐφεδρεύων
3620 677 3740 737 τοῖς
3781 676 3866 728 ἁλ-

2293 761 2549 832 λοτρίοις·
2595 761 2781 815 ἄλλοτε
2813 761 2870 814 δὲ.
2917 762 2995 832 (7)
3037 762 3125 816 διά
3166 762 3260 815 τοῦ
3309 765 3444 834 πρὸς
3493 764 3590 817 τὸν
3641 764 3865 832 ἀδελφὸν

2289 853 2440 906 δόλου
2498 856 2553 923 τῇ
2608 853 2912 924 πανουργίᾳ
2982 853 3082 923 τῆς
3139 853 3417 916 ἀλώπεκος
3482 855 3861 924 εἰκαζόμενος.

2304 942 2602 1013 Ὑπερὸολὴ
2626 942 2682 995 δὲ
2711 943 2812 1011 τῆς
2840 942 3023 1006 ἀνοίας
3050 943 3261 1012 καὶτῆς
3285 942 3599 1012 κτηνώδους
3647 945 3863 1013 ἀλογίας

2290 1032 2367 1102 τῷ
2394 1032 2507 1085 ῦντι
2541 1035 2677 1104 μήτε
2709 1034 2807 1104 τῆς
2835 1033 2893 1098 ἐξ
2923 1034 3092 1104 ἀρχῆς
3117 1032 3308 1087 ἑαυτοῦ
3340 1034 3700 1100 κατασκευῆς
3722 1036 3863 1087 ἀπαι-

2293 1123 2600 1191 σθάνεσθαι,
2631 1125 3102 1195 δημιουργηθέντα
3142 1125 3258 1177 κατ’
3286 1125 3470 1177 εἰκόνα
3504 1124 3606 1176 τοῦ
3647 1126 3862 1178 κτίσαν-

2289 1231 2401 1277 τος,
2447 1215 2583 1285 μήτε
2628 1215 2726 1278 τάς
2770 1215 3102 1287 τηλικαύτας
3151 1217 3289 1288 ὑπὲρ
3339 1216 3506 1269 αὑτοῦ
3560 1218 3861 1285 γενομένας

2288 1307 2594 1377 οἰκονομίας
2647 1310 2787 1362 νοεῖν
2837 1307 3119 1378 βούλεσθαι
3169 1308 3281 1376 (8),
3327 1310 3421 1362 καὶ
3471 1310 3570 1361 ἀπ’
3640 1310 3862 1361 ἐκείνων

2287 1399 2417 1467 γοῦν
2459 1399 2652 1454 ἑαυτοῦ
2685 1401 2968 1472 γνωρίζειν
3001 1402 3060 1454 τὸ
3101 1401 3310 1470 τίμιονο
3344 1403 3456 1454 ἀλλ’
3498 1403 3858 1472 ἀμνημονεῖν,

2284 1492 2365 1544 ὅτι
2419 1490 2708 1545 ἀποὸαλὼν
2747 1492 2845 1563 τὴν
2883 1494 3063 1546 εἰκόνα
3105 1491 3198 1544 τοῦ
3240 1493 3593 1562 ἐπουρανίου,
3639 1493 3859 1546 avt-52.36:

2283 1583 2382 1654 τὴν
2420 1583 2602 1636 εἰκόνα
2643 1582 2738 1635 τοῦ
2773 1582 2976 1652 χοϊκοῦ.
3022 1586 3130 1638 Καὶ
3171 1585 3254 1636 ἵνα
3292 1584 3368 1654 μὴ
3411 1586 3760 1656 ὲναπομείνῃ
3801 1590 3857 1654 τῇ

2285 1677 2554 1748 ἁμαρτίᾳ,
2593 1676 2661 1729 δι’
2710 1676 2870 1729 αὑτὸν
2903 1676 2966 1728 '0
3017 1678 3200 1745 Λόγος
3237 1675 3392 1744 σὰρξ
3439 1676 3721 1744 ἐγένετο,
3770 1682 3859 1731 καί

2282 1767 2634 1833 ἐσκήνωσεν
2661 1769 2731 1822 ἐν
2767 1767 2933 1838 ἡμῖν,
2969 1770 3065 1821 καὶ
3101 1770 3194 1821 ἐπὶ
3228 1769 3484 1822 τοσοῦτον
3511 1771 3722 1824 ἑαυτὸν
3750 1775 3862 1824 ἑτα-

615 1871 865 1925 mortem,
901 1866 1117 1910 mortem
1160 1867 1332 1910 autem
1375 1855 1545 1908 crucis
1581 1855 1647 1906 θ’.
1703 1854 1891 1907 Primae
1932 1863 2033 1906 tua:
2064 1853 2167 1905 ori-

2277 1860 2561 1926 πείνωσεν,
2582 1858 2723 1912 ὥστε
2753 1857 3006 1927 γενέσθαι
3035 1857 3328 1924 ’Υπήκοος
3360 1860 3542 1927 μέχρι
3573 1861 3858 1924 θανάτου,

616 1956 753 2021 ginis
783 1955 825 2007 si
865 1966 1072 2005 memor
1105 1965 1210 2004 non
1241 1965 1335 2011 es,
1367 1963 1432 2003 ex
1462 1946 1736 2017 persoluto
1776 1959 1872 2012 pro
1909 1951 1960 1996 te
2005 1944 2176 2012 pretio

614 2048 1036 2117 qualemcunque
1077 2044 1356 2113 dignitatis
1405 2051 1507 2095 tute
1556 2040 1827 2093 notionem
1857 2038 2076 2103 accipe;
2111 2036 2176 2088 ad

614 2139 845 2208 pretium
900 2135 1024 2190 illud
1059 2150 1166 2205 quo
1198 2139 1564 2188 commutatus
1601 2143 1661 2182 es
1707 2127 1950 2194 respice,
2006 2135 2176 2179 tuam-

615 2247 719 2301 que
772 2243 1001 2302 agnosce
1043 2227 1375 2298 dignitatem.
1419 2223 1637 2290 Emptus
1688 2234 1744 2275 es
1787 2217 2175 2288 pretiosissimo

613 2324 815 2378 Christi
864 2321 1156 2390 sanguine,
1191 2315 1391 2387 peccati
1435 2330 1501 2368 ne
1543 2313 1640 2366 ﬁas
1682 2326 1891 2366 servus.
1937 2309 2174 2380 lntellige

614 2427 759 2468 tuam
813 2413 1215 2483 praestantiam,
1267 2417 1325 2460 ut
1382 2421 1448 2459 ne
1485 2404 1744 2472 iumentis
1797 2403 2173 2470 insipientibus

611 2505 946 2560 assimileris.
988 2501 1148 2556 Vens.
1202 2499 1287 2552 M.
1337 2497 1464 2552 llwc
1500 2497 1582 2551 via
1614 2512 1790 2549 eorum
1814 2536 1828 2560 ,
1863 2493 2173 2547 scandalum

610 2597 757 2664 ipsis.
812 2595 912 2660 Qui
961 2607 1050 2646 res
1104 2597 1316 2644 nostras
1363 2589 1673 2641 moderatur
1732 2583 1908 2647 Deus,
1959 2581 2172 2636 obsistit

613 2690 766 2743 nobis
793 2701 890 2758 per
920 2685 1135 2740 malitiae
1167 2686 1307 2739 viam
1344 2680 1737 2743 incedentibus,
1767 2677 2089 2734 offendicula
2117 2687 2171 2732 et

610 2779 989 2849 impedimenta
1018 2777 1279 2847 objiciens
1305 2817 1321 2843 ,
1371 2785 1428 2827 ut
1461 2788 1490 2826 a
1529 2772 1636 2825 vita
1678 2771 1905 2826 rationis
1950 2780 2171 2839 experte

611 2872 933 2932 resilientes,
992 2878 1177 2935 postea
1228 2869 1280 2920 in
1330 2876 1516 2920 nostro
1563 2878 1656 2918 ore
1703 2862 2168 2930 complaceamus,

610 2964 696 3017 ubi
730 2962 892 3017 corde
941 2959 1158 3029 quidem
1203 2956 1588 3013 crediderimus
1634 2955 1700 3008 ad
1743 2953 2047 3022 justitiam,
2077 2968 2170 3008 ore

605 3069 734 3107 vero
759 3052 987 3123 confessi
1017 3049 1281 3104 fuerimus
1307 3050 1372 3102 ad
1397 3048 1626 3104 salutem
1641 3045 1708 3098 ”.
1736 3043 2170 3114 Persequebatur

607 3144 827 3208 Paulus,
861 3143 1175 3197 devastabat
1220 3139 1515 3194 Ecclesiam
1561 3137 1764 3193 Christi
1793 3137 1861 3201 ⁸⁸,
1903 3152 2055 3190 suum
2100 3137 2164 3189 ad

609 3234 899 3304 nequitiam
930 3246 1148 3287 cursum
1194 3230 1514 3287 acceleravit
1547 3248 1560 3284 :
1605 3230 1797 3284 deinde
1838 3230 1890 3283 itt
1937 3243 2030 3283 ore
2068 3242 2163 3281 suo

608 3328 969 3394 complacuit,
1022 3340 1142 3379 cum
1181 3323 1526 3377 annuntiaret
1567 3324 1622 3377 in
1669 3323 1974 3392 synagogis,
2013 3322 2163 3385 Quod

603 3422 688 3474 hic
722 3431 795 3474 est
827 3418 1068 3474 Lhristua
1094 3416 1159 3470 °'.

673 3681 722 3733 9.
764 3678 930 3734 Vens.
966 3678 1049 3732 15.
1093 3676 1242 3732 Sicut
1293 3692 1408 3730 oves
1448 3677 1503 3728 in
1551 3676 1753 3744 inferno
1795 3677 1983 3744 posuit,
2021 3692 2160 3730 mors

601 3773 840 3838 depascet
883 3787 989 3826 eos.
1040 3769 1357 3836 Quicunque
1408 3777 1590 3821 autem
1653 3765 1869 3819 belluini
1920 3776 2042 3820 sunt
2098 3784 2163 3824 ac

603 3863 895 3932 comparati
959 3862 1109 3916 fuere
1181 3860 1392 3915 stolidis
1447 3858 1770 3928 pecoribus,
1821 3857 1965 3909 velut
2033 3871 2160 3914 oves

605 3971 778 4024 neque
818 3954 1148 4009 intellectum
1197 3966 1370 4017 neque
1404 3952 1723 4007 defendendi
1761 3965 1819 4005 se
1851 3947 2159 4005 facultatem

602 4048 881 4110 habentes,
915 4047 960 4099 is
990 4045 1079 4114 qui
1113 4045 1178 4097 ad
1223 4044 1591 4113 captivitatem
1621 4043 1790 4111 rapit,
1827 4057 1947 4098 cum
1979 4041 2161 4095 inimi-

605 4153 700 4191 cus
731 4136 1151 4206 sit,'186jam
1193 4135 1244 4190 in
1287 4150 1440 4190 suam
1495 4134 1664 4203 ipsius
1690 4149 1866 4187 arcem
1894 4133 2157 4202 coniecit,

604 4243 667 4283 ac
698 4229 856 4282 morti
885 4229 1105 4282 tradidit
1131 4228 1448 4297 pascendos.
1477 4226 1808 4295 Depascebat
1836 4225 1977 4280 enim
2014 4242 2160 4282 mors

606 4323 674 4374 ab
720 4321 888 4374 Adam
933 4320 1000 4374 ad
1051 4334 1218 4388 usque
1263 4319 1466 4389 Moysis
1518 4319 2039 4375 administrationem
2090 4321 2155 4383 ",

598 4413 767 4465 donec
800 4412 946 4466 venit
982 4426 1142 4466 verus
1186 4421 1388 4479 pastor,
1437 4412 1528 4480 qui
1585 4426 1735 4466 suam
1782 4413 2014 4465 animam
2063 4427 2158 4482 pro

2277 1954 2531 2008 θανάτου
2573 1953 2641 2007 δὲ
2682 1949 2970 2022 σταυροῦ.
3011 1952 3072 2004 Ei
3124 1952 3196 2022 μὴ
3229 1952 3326 2020 τῆς
3362 1953 3594 2022 πρώτης
3633 1955 3857 2006 σεαυτοῦ

2276 2045 2538 2114 γενέσεως
2575 2044 2870 2114 μέμνησαι,
2898 2044 2962 2096 ὲκ
2989 2043 3088 2114 τῆς
3111 2041 3550 2112 καταϐληθείσης
3587 2044 3741 2114 ὑπὲρ
3773 2045 3858 2098 σοῦ

2272 2139 2438 2209 τιμῆς
2479 2137 2609 2190 λάϐε
2639 2137 2731 2190 τοῦ
2770 2137 3078 2208 ἀξιώματος
3128 2137 3371 2190 ἔννοιαν
3405 2137 3733 2207 ἀπόϐλεψὸν
3773 2158 3858 2193 σου

2275 2229 2411 2300 πρὸς
2443 2229 2503 2280 τὸ
2531 2227 2903 2298 ἀντάλλαγμα,
2939 2231 3032 2282 καὶ
3068 2228 3232 2298 γνῶθι
3269 2229 3501 2282 σεαυτοῦ
3539 2229 3648 2299 τὴν
3681 2232 3858 2296 ἀξίαν.

2273 2316 2363 2387 Τῷ
2410 2316 2759 2386 πολυτιμήτω
2811 2316 3000 2385 αἵματι
3052 2317 3144 2370 τοῦ
3197 2317 3434 2388 Χριστοῦ
3491 2319 3856 2389 ἠγοράσθης·

2277 2408 2349 2478 μὴ
2377 2409 2525 2475 γίνου
2558 2406 2632 2478 (9)
2679 2406 2864 2470 δοῦλος
2913 2406 3012 2476 τῆς
3059 2409 3346 2478 ἁμαρτιας.
3394 2409 3566 2474 Σύνες
3622 2411 3858 2464 σεαυτοῦ

2275 2497 2374 2566 τῆς
2403 2497 2588 2565 τιμῆς,
2632 2498 2719 2550 ἵνα
2766 2497 2839 2567 μὴ
2883 2496 3254 2567 παρεικασθῇς
3284 2500 3395 2559 τοῖς
3425 2500 3690 2570 ἀνοήτοις
3731 2503 3859 2571 κτή-

2273 2603 2433 2638 νεσιν.
2466 2586 2626 2650 Αῧτη
2659 2587 2696 2651 ἠ
2726 2587 2863 2650 ὁδὸς
2903 2585 3100 2639 αὐτῶν
3127 2585 3478 2640 σκάνδαλον
3519 2591 3762 2657 αὐτοῖς.
3804 2593 3858 2643 '0

2270 2677 2567 2748 οἰκονομῶν
2601 2676 2668 2729 τὰ
2700 2677 2941 2747 ἡμέτερα
2973 2678 3101 2740 Θεὸς
3139 2676 3418 2749 ἐμποδίζει
3445 2681 3585 2750 ἡμῖν
3629 2683 3721 2734 διὰ
3761 2683 3856 2753 τῆς

2270 2770 2466 2832 κακίας
2512 2768 2834 2840 βαδίζουσιν,
2885 2766 3285 2836 προσκόμματα
3329 2771 3459 2840 ἡμῖν
3519 2773 3621 2825 καὶ
3677 2775 3856 2828 κωλύ-

2272 2881 2417 2933 ματα
2468 2859 2672 2922 τιθεὶς,
2721 2859 2827 2921 ἵνα,
2881 2856 3216 2918 ἀποστάντες
3264 2859 3360 2926 τῆς
3426 2864 3571 2914 κατὰ
3626 2865 3854 2932 ἀλογίαν

2269 2953 2433 3023 ζωῆς,
2472 2953 2608 3023 μετά
2647 2951 2819 3004 ταῦτα
2863 2953 2920 3004 ὲν
2960 2946 3038 3018 τῷ
3078 2948 3309 3018 στόματι
3341 2951 3500 3020 ἡμῶν
3541 2955 3854 3024 εὑδοκήσω-

2272 3063 2390 3117 μεν,
2448 3044 2646 3115 καρδίᾳ
2709 3044 2806 3114 μὲν
2864 3041 3272 3097 πιστευσάντων
3334 3043 3414 3104 είς
3465 3043 3848 3116 δικαιοσύνην,

2269 3137 2494 3207 στόματι
2543 3136 2600 3189 δὲ
2638 3136 3084 3205 ὁμολογησάντων
3137 3135 3217 3197 είς
3279 3133 3578 3204 σωτηρίαν.
3627 3135 3850 3189 Ἐδίωκε

2265 3229 2498 3292 Παῦλος,
2540 3228 2760 3299 ἐπόρθει
2805 3228 2904 3298 τὴν
2949 3226 3271 3296 Ἐκκλησίαν
3316 3225 3410 3280 τοῦ
3456 3227 3731 3297 Χριστοῦ,
3769 3231 3850 3281 ἑν-

2262 3321 2392 3389 ῆκεν
2418 3320 2580 3372 αὑτοῦ
2613 3320 2703 3371 τὸν
2745 3318 2941 3388 δρόμον
2982 3317 3072 3369 τὸν
3117 3318 3211 3370 ἐπὶ
3241 3318 3340 3387 τὴν
3376 3319 3649 3389 πονηρίαν
3701 3322 3846 3389 (10)·

2267 3411 2403 3480 μετά
2429 3410 2600 3462 ταῦτα
2633 3411 2690 3461 ὲν
2721 3408 2796 3478 τῷ
2829 3408 3054 3479 στόματι
3101 3408 3263 3462 αὑτοῦ
3305 3409 3590 3480 εὐδόκησε,
3637 3429 3848 3480 καταγ-

2262 3501 2464 3569 γέλλων
2502 3503 2559 3556 ἐν
2603 3503 2722 3564 ταῖς
2775 3503 3132 3571 συναγωγαῖς,
3185 3503 3304 3555 Ὅτι
3348 3498 3530 3569 οὗτός
3584 3505 3766 3559 ἐστιν
3816 3509 3847 3560 ό

2260 3595 2532 3662 Χριστός.

2328 3685 2383 3739 9.
2435 3685 2528 3749 Ὠς
2579 3685 2840 3750 πρόϐατα
2883 3683 2953 3734 ἐν
3001 3680 3115 3749 ᾄδῃ
3165 3681 3329 3736 ἔθετο
3383 3684 3523 3753 (Hi,
3577 3687 3844 3752 θάνατσς

2260 3775 2539 3843 ποιμανεῖ
2564 3775 2803 3838 αὐτούς.
2836 3774 2974 3835 Τοὺς
3010 3773 3066 3825 δὲ
3096 3772 3390 3841 κτηνώδεις
3415 3776 3512 3827 καὶ
3543 3793 3845 3848 παρασυμ-

2261 3866 2553 3936 ϐληθέντας
2599 3869 2711 3928 τοῖς
2737 3867 2978 3937 ικτήνεσι
3025 3866 3136 3926 τοῖς
3167 3865 3432 3934 ἀνοήτοις,
3464 3868 3544 3928 ὡς
3587 3871 3843 3939 πρόϐατα

2259 3959 2381 4012 οῦτε
2418 3959 2631 4013 σύνεσιν
2687 3958 2897 4028 ἔχοντα,
2936 3955 3060 4010 οὔτε
3107 3955 3206 4027 τὴν
3251 3956 3388 4026 πρὸς
3418 3955 3480 4008 τὸ
3523 3959 3842 4028 ἀμύνασθαι

2258 4051 2504 4120 δύναμιν,
2530 4052 2559 4102 ὁ
2598 4050 2910 4120 διαρπάζων
2951 4051 3030 4111 είς
3063 4047 3160 4120 τὴν
3203 4047 3611 4118 αἰχμαλωσίαν,
3644 4053 3842 4125 ἐχθρὸς

2260 4142 2353 4204 ὣν,
2398 4144 2496 4215 ἤδη
2548 4141 2843 4195 κατέϐαλεν
2895 4144 2974 4206 εἰς
3029 4142 3090 4195 τὸ
3133 4142 3262 4193 ἴδιον
3309 4141 3476 4193 αὑτοῦ
3527 4143 3838 4215 ὀχύρωμα,

2259 4235 2353 4287 καὶ
2399 4237 2680 4306 παρέδωκε
2720 4233 2797 4304 τῷ
2836 4234 3047 4302 Θανάτῳ
3095 4233 3406 4302 ποιμαίνειν
3455 4235 3593 4297 (l2).
3653 4237 3841 4289 Ἐποί-

2263 4341 2419 4392 μαινε
2466 4324 2572 4394 γὰρ
2615 4325 2642 4375 ὁ
2677 4323 2903 4385 θάνατος
2949 4320 3058 4374 ἀπὸ
3108 4321 3276 4389 Ἀδὰμ
3327 4322 3489 4389 μέχρι
3535 4324 3637 4390 τῆς
3697 4327 3842 4378 κατά

2258 4416 2493 4468 Μωῦσέα
2524 4415 2815 4479 πολιτείας,
2841 4415 2946 4478 ἕως
2971 4405 3030 4467 οὗ
3061 4408 3220 4483 ἦλθεν
3247 4412 3275 4462 ὁ
3303 4411 3561 4481 ἀληθινὸς
3606 4418 3837 4486 ποιμὴν,

597 4501 786 4555 ovibus
805 4501 984 4569 posuit
1008 4502 1076 4567 ⁸⁷,
1112 4501 1296 4570 sicque
1329 4515 1422 4554 eas
1452 4515 1637 4555 secum
1673 4503 1962 4567 excitatas,
1997 4513 2048 4558 et
2086 4519 2151 4558 ex

2271 4507 2425 4567 5051;
2455 4507 2553 4576 τὴν
2594 4509 2788 4560 ἑαυτοῦ
2819 4508 2996 4579 ψυχὴν
3041 4505 3181 4576 ὑπὲρ
3230 4502 3337 4557 τῶν
3378 4505 3698 4576 προϐάτων,
3747 4515 3839 4563 καὶ

595 4593 790 4648 inferni
832 4608 1052 4649 carcere
1095 4595 1161 4648 ad
1194 4594 1607 4650 resurrectionis
1647 4596 1968 4649 matutinum
2017 4597 2148 4650 edu.

2256 4598 2428 4664 οὕτως
2473 4600 2649 4670 ἐαυτῷ
2696 4602 3102 4668 συναναστήσας
3149 4599 3242 4652 καὶ
3286 4598 3570 4666 ἐξαγαγὼν
3627 4602 3696 4655 ὲκ
3740 4605 3838 4671 τῆς

661 4727 708 4798 1⁸
733 4726 930 4780 Jerem.
967 4743 1017 4790 v,
1054 4726 1138 4798 8.“
1182 4727 1227 4759 ”
1252 4725 1717 4798 Ezccb.xx1t,727.
1794 4724 1839 4756 ⁹⁰
1868 4727 2064 4798 Ezt’f‘h.
2089 4743 2160 4780 XII

2271 4731 2324 4790 l;
2365 4729 2492 4783 Lut'.
2528 4748 2645 4788 xm.
2686 4731 2776 4786 5‘2.
2851 4732 2894 4761 9‘
2924 4728 3076 4782 Joan.
3111 4745 3152 4795 ι,
3187 4731 3272 4786 Η.
3355 4731 3401 4761 "
3441 4728 3647 4798 Philip.
3683 4749 3744 4796 ll,
3781 4735 3833 4786 8.

588 4797 636 4830 ”
663 4797 812 4850 ltom.
852 4813 904 4855 Χ,
943 4798 1029 4848 ω.
1103 4796 1149 4827 ⁸⁸
1179 4799 1295 4849 Act.
1326 4811 1454 4860 vm,
1485 4797 1538 4849 5.
1614 4797 1659 4826 ³⁸
1696 4797 1809 4848 Act.
1847 4812 1931 4860 Ix,
1961 4796 2051 4850 ἓξ.
2125 4799 2167 4829 9'

2271 4818 2356 4853 im.
2395 4816 2443 4862 v,
2477 4802 2561 4854 H.
2634 4801 2676 4832 ⁸⁷
2710 4800 2864 4855 Joan.
2901 4799 3081 4864 x,15.

660 4931 736 5001 (7)
768 4931 922 4985 Deest
953 4930 1009 4983 δέ
1049 4931 1100 4983 ἰη
1127 4944 1256 4984 mss.
1294 4946 1395 4983 non
1421 4930 1626 5001 paucis.

660 4999 736 5069 (8)
772 5001 845 5053 Ita
873 5001 998 5054 editi
1035 5016 1156 5054 cum
1184 5001 1301 5054 solo
1336 5000 1486 5054 Colb.
1511 4999 1757 5066 septimo.
1794 5001 1864 5055 At
1909 5002 1997 5056 alii
2053 5003 2143 5058 de-

589 5083 706 5141 cem_
735 5085 862 5141 mss.
886 5071 1024 5124 νοεῖν
1062 5069 1358 5141 βουληθείς.

663 5139 744 5213 (9)⁵
765 5139 962 5213 Itasex
999 5156 1128 5213 mss.
1159 5139 1297 5213 Editi
1331 5153 1453 5194 vero
1484 5141 1558 5213 μὴ
1592 5142 1739 5213 γίνῃ.

663 5161 735 5205 μη
765 5161 838 5191 lla
871 5161 962 5193 εει
999 5161 1128 5194 mss.
1159 5161 1297 5194 LUIII
1331 5161 1453 5194 VCI'O
1592 5161 1700 5212 γιν,
1725 5182 1739 5196 ι

660 5209 772 5278 (t0)
822 5210 1109 5282 Colbertini
1167 5211 1370 5275 primus
1395 5220 1449 5262 et
1489 5161 1913 5282 δεκιυετδρόμον,
1958 5213 2016 5266 ὃν
2046 5213 2138 5266 ἐπὶ

586 5280 682 5352 τὴν
717 5277 977 5353 πονηρίαν
1025 5280 1214 5350 ἔτρεχε
1243 5297 1255 5333 :
1288 5282 1430 5353 quod
1465 5283 1592 5352 quin
1616 5298 1680 5336 ex
1728 5277 1907 5352 aliquo
1937 5284 2144 5353 glosse-

588 5351 729 5403 litate
761 5351 812 5402 in
838 5359 1038 5401 textum
1072 5352 1384 5416 irrepserit:
1409 5351 1512 5406 non
1550 5353 1752 5406 dubito.

657 5422 770 5488 (11)
802 5421 952 5488 Apud
977 5418 1118 5473 LXX
1148 5435 1241 5487 pro
1271 5419 1449 5485 ἔθετο,
1476 5425 1666 5486 posuit,
1699 5422 1891 5490 legitur
1932 5423 2134 5487 ἔθεντο,

584 5491 739 5564 positi
767 5499 922 5564 sunt,
943 5493 1157 5564 αεσξη)Δ
1186 5490 1270 5564 eis
1304 5491 1564 5564 _di_ssetttit
1597 5491 1841 5564 Vulgata.
1899 5493 2140 5564 Symma-

586 5563 739 5621 chus,
789 5561 832 5613 si
883 5558 1092 5612 Nobilio
1130 5559 1260 5611 ﬁdes
1304 5561 1582 5622 habeatur,
1636 5558 1722 5613 ita“
1754 5558 2137 5628 interpretatus

583 5641 683 5690 est,
712 5630 784 5690 ὡς
807 5629 1119 5698 βοσκήματα
1148 5629 1273 5699 ᾅδου
1305 5628 1485 5692 ἔταξεν
1518 5631 1730 5694 αὐτούς,
1769 5630 1914 5684 Sicut
1949 5648 2132 5699 pecora

582 5701 773 5755 inferni
824 5701 1084 5750 constituit
1137 5717 1241 5754 eos.
1285 5701 1386 5751 Sed
1454 5701 1607 5754 facile
1653 5701 1971 5754 crediderim
2008 5717 2126 5754 eum

583 5772 712 5833 t.dli,
742 5779 895 5837 atque
923 5785 1015 5836 pro
1048 5769 1231 5832 ἔταξεν
1255 5769 1444 5830 αὐτούς
1481 5772 1755 5839 legendum
1788 5787 1904 5824 esse
1932 5770 2125 5833 ἔταξαν

2250 4939 2495 5006 εαυτους,
2527 4940 2917 4990 constituerunt
2949 4953 3002 4989 se
3049 4937 3213 5005 ipsos.
3259 4933 3389 4986 Nam
3431 4935 3504 4988 ita
3537 4939 3835 5006 SCI‘ipSisGP.

2254 5004 2640 5073 Symmachum
2715 5004 3118 5073 locupletissimi
3203 5015 3366 5058 testes
3429 5004 3706 5063 Eusebius
3780 5025 3833 5062 et

2252 5075 2622 5131 Theodoretus
2653 5074 2847 5128 litteris
2877 5077 3248 5144 prodiderunt.

2322 5145 2432 5214 (12)
2468 5148 2523 5200 In
2556 5146 2790 5218 editione
2810 5144 2990 5218 Raris.
3009 5146 3078 5196 ita
3102 5144 3302 5218 editum
3329 5144 3604 5196 invenitur
3628 5147 3710 5218 τῷ
3730 5147 3830 5201 θα-

2245 5214 2387 5286 νάτῳ
2418 5213 2758 5286 ποιμαίνειν.
2780 5216 2918 5286 -Καὶ
2975 5213 3495 5286 κατακυριεύσουσιν
3548 5213 3739 5268 αὐτῶν
3782 5221 3830 5270 oi

2245 5284 2420 5347 εὐθεῖς
2452 5283 2839 5356 τὸ’πρωῒ,νΕι
2872 5283 3288 5337 dominabuntur
3331 5299 3515 5356 eorum
3576 5292 3710 5338 reeti
3775 5290 3830 5339 in

2249 5358 2526 5409 matutino.
2573 5353 2676 5409 Sed
2737 5355 2846 5416 illa,
2879 5356 2974 5406 καὶ
3026 5353 3575 5422 κατακυριεύσουσιν,
3602 5368 3743 5419 etc.,
3778 5359 3827 5408 in

2253 5439 2380 5475 tuss.
2416 5426 2809 5478 desiderantur.
2853 5425 2962 5476 Nec
2998 5426 3148 5476 valde
3172 5427 3455 5475 admodum
3481 5425 3827 5485 dubitamus,

2247 5496 2375 5560 quin
2409 5497 2542 5556 haec,
2577 5505 2630 5548 et
2661 5493 2760 5546 alia
2799 5493 2984 5563 multa,
3020 5509 3049 5545 e
3083 5493 3266 5546 Bibhis
3297 5503 3550 5546 contextu
3613 5509 3644 5546 a
3708 5513 3828 5563 qui-

2250 5564 2470 5615 busdam
2509 5565 2745 5617 Iibrariis
2793 5562 2997 5628 adjecta
3035 5565 3166 5624 sint,
3219 5577 3389 5630 ecque
3433 5565 3647 5630 magis,
3683 5562 3828 5630 quod

2247 5635 2442 5686 seriem
2493 5636 2754 5688 orationis
2785 5634 3111 5685 intercidere
3139 5634 3435 5684 videantur.
3493 5634 3681 5695 Quare
3713 5639 3825 5698 ipta

2241 5702 2416 5755 delere
2451 5704 2619 5756 satius
2639 5706 2904 5756 duximus.
2947 5704 3058 5753 Hoc
3095 5703 3207 5766 ipso
3240 5705 3290 5754 in
3327 5704 3442 5757 loco
3469 5703 3604 5756 editi
3640 5705 3825 5756 Ἐποέ-

2239 5789 2371 5841 μανε
2401 5774 2527 5842 γάρ.
2563 5776 2625 5825 At
2665 5789 2791 5825 mss.
2837 5771 3174 5839 Ἐποίμαινε.
