4016 6456
259 400 366 454 4ῗῶ

1347 399 1626 454 IIOMILIA
1670 400 1730 453 IN
1775 399 2102 454 PS.\LMUM
2144 400 2372 458 XLVI”.

3393 404 3498 459 45$

257 511 508 580 φυλακῆς
543 511 635 564 τοῦ
673 511 795 582 ᾤου
827 512 904 573 εἰς
948 511 1041 580 τὴν
1074 512 1168 582 τῆς
1211 513 1555 576 ἀναστάσεως
1593 515 1810 584 πρωῖανη

1930 525 2062 578 etas,
2100 517 2264 569 rectis
2304 514 2543 580 tradidit,
2588 514 2689 568 hoc
2717 521 2834 579 est,
2875 515 3079 569 sanctis
3108 515 3222 570 suis
3255 517 3499 590 angelis,

257 602 546 672 παρέδωκε
584 606 694 665 τοῖς
741 603 940 664 εὐθέσι,
973 607 1244 669 τουτέστι,
1285 608 1396 669 τοῖς
1440 607 1614 673 ἁγίοις
1658 607 1821 660 αὑτοῦ

256 695 529 763 ἀγγέλοις,
549 699 628 757 εἰς
647 695 709 746 τὸ
737 697 1044 765 ποιμαίνειν
1070 697 1282 759 αὐτούς.
1309 698 1416 750 Καὶ
1451 698 1826 765 κατακυριεύ-

257 798 482 839 σουσιν
503 783 700 838 αὐτῶν
718 789 772 839 οἱ
797 785 988 852 εὐθεῖς
1016 789 1081 840 τὸ
1108 788 1263 854 πρωΐ
1284 788 1412 858 (15).
1447 788 1690 858 Ἐκάστῳ
1715 790 1824 859 γὰρ

256 876 369 928 τῶν
408 875 612 928 πιστῶν
661 878 808 929 ἐστιν
863 878 1090 946 ἄγγελος
1138 878 1613 950 παρεξευγμένος,
1674 881 1824 945 ἄξιος

255 967 352 1018 τοῦ
380 967 592 1035 βλέπειν
627 969 716 1022 τὸν
751 969 964 1041 Πατέρα
991 972 1081 1024 τὸν
1119 972 1177 1022 ἐν
1214 973 1327 1034 τοῖς
1359 971 1628 1042 οὐρανοῖς.
1661 969 1822 1028 Οὗτοι

256 1052 352 1108 οῦν
381 1057 428 1107 οἱ
455 1056 628 1121 εὐθεῖς
661 1061 1179 1131 κατακυριεύσουσιν
1205 1061 1382 1115 αὐτῶν
1413 1065 1477 1115 ὲκ
1501 1064 1598 1132 τῆς
1625 1082 1820 1134 πικρο-

254 1151 426 1219 τάτης
467 1152 706 1214 δουλείας
760 1152 1250 1225 ἐλευθερωθέντων,
1309 1155 1404 1209 καὶ
1463 1157 1823 1226 κατακυριεύ-

255 1254 411 1293 σουσι
457 1243 564 1294 τῶν
612 1244 915 1313 γενομένων
970 1244 1079 1314 (11)
1114 1247 1172 1299 ὲν
1209 1251 1273 1319 τῇ
1314 1249 1516 1320 πρωῒᾳ,
1554 1247 1820 1312 τουτέστι,

248 1331 365 1384 τῶν
418 1333 751 1387 ὑπελθόντων
796 1337 892 1407 τὴν
938 1337 1197 1409 ἀνατολὴν
1229 1341 1322 1393 τοῦ
1374 1340 1570 1410 φωτός.
1621 1339 1822 1392 Θέασαι

252 1425 434 1477 πάντα
462 1426 550 1478 τὸν
581 1429 770 1499 εἱρμὸν
799 1432 907 1484 τῶν
937 1433 1221 1500 γραφικῶν
1250 1436 1526 1504 ῥημάτων.
1574 1436 1821 1502 Ἀνθρω-

250 1531 388 1580 πος,
417 1518 483 1568 ἐν
512 1521 646 1590 τιμῇ
667 1523 768 1586 ὢν,
797 1526 868 1576 οὺ
896 1523 1145 1592 συνῆκε·
1170 1524 1671 1594 παρασυνεϐλήθη
1701 1527 1823 1592 τοῖς

249 1608 501 1675 κτήνεσι
531 1614 653 1680 τοῖς
679 1615 976 1681 ἀνοήτοις.
1022 1617 1081 1670 '0
1108 1617 1192 1670 διὰ
1227 1617 1324 1686 μὲν
1349 1616 1445 1688 τὴν
1476 1619 1819 1690 κατασκευὴν

247 1698 393 1770 ἔχων
418 1704 476 1755 τὸ
502 1706 698 1774 τίμιον,
730 1705 815 1757 διὰ
837 1706 893 1758 δὲ
923 1709 1018 1780 τὴν
1046 1708 1357 1763 ἐνοικοῦσαν
1385 1711 1442 1762 ὲν
1470 1711 1617 1782 αὑτῷ
1643 1714 1821 1782 ἁμαρ-

247 1792 375 1844 τίαν
403 1795 502 1846 οὐκ
531 1795 915 1866 αἰσθανόμενος
939 1800 1153 1863 ἑαυτοῦ,
1180 1792 1332 1863 οῦτος
1365 1803 1818 1874 παρασυνεϐλήθη

247 1886 366 1944 τοῖς
411 1885 677 1942 κτήνεσιν.
721 1885 850 1941 Εἶτα
896 1890 982 1942 διὰ
1016 1891 1075 1943 τὸ
1111 1890 1467 1963 ἀλλοτριῶσαι
1503 1894 1692 1947 ἑαυτὸν
1726 1895 1818 1946 τοῦ

247 1973 387 2024 Θεοῦ
437 1975 593 2041 λόγου
637 1979 766 2047 (15),
820 1981 1108 2052 γενόμενον
1159 1984 1370 2053 ἄλογον,
1424 1985 1498 2046 ὡς
1547 1984 1818 2053 πρόϐατον

249 2063 585 2132 ἀποίμαντον
611 2069 638 2119 ὁ
662 2069 850 2140 ἐχθρὸς
873 2072 1176 2144 διαρπάσας
1206 2079 1262 2129 ὲν
1290 2075 1368 2144 τῷ
1399 2075 1498 2148 ᾄδῃ
1528 2076 1698 2134 ἔθετο.
1725 2080 1817 2130 καὶ

248 2155 532 2224 παρέδωκε
565 2159 641 2230 τῷ
671 2161 881 2234 Θανάτῳ
909 2168 1235 2236 ποιμαίνειν.
1266 2166 1364 2219 Διὰ
1387 2168 1542 2222 τοῦτο
1566 2173 1594 2223 ὁ
1614 2170 1820 2222 ἐκεῖθεν

249 2248 489 2315 ῥυσθεὶς,
527 2253 737 2305 καὶτοῦ
777 2258 1012 2327 πονηροῦ
1048 2258 1304 2328 ποιμένος
1341 2260 1694 2331 ἀπαλλαγεὶς,
1725 2261 1817 2314 λέ-

245 2355 340 2405 γει
376 2341 453 2406 τὸ,
484 2346 698 2411 Κύριος
728 2348 1021 2415 ποιμαίνει
1056 2366 1151 2417 με.
1185 2351 1293 2403 Καὶ
1341 2352 1519 2406 οὐκέτι
1567 2355 1812 2417 θάνατος,

244 2430 386 2483 ἀλλὰ
420 2432 527 2503 ζωή
551 2450 564 2463 ·
597 2436 780 2489 οὐκέτι
807 2439 1030 2502 πτῶσις,
1055 2439 1168 2492 ἀλλ’
1191 2442 1482 2506 ἀνάστασις
1503 2459 1516 2472 ·
1547 2445 1727 2496 οὐκέτι
1756 2445 1817 2496 τὸ

244 2521 464 2588 ψεῦδος,
500 2525 611 2576 ἀλλ’
643 2528 676 2597 ἡ
712 2528 956 2600 ἀλήθεια.
997 2532 1108 2584 Καὶ
1142 2534 1181 2601 τ)
1209 2534 1458 2599 βοήθεια
1487 2533 1682 2585 αὐτῶν
1707 2550 1818 2585 πα-

244 2617 638 2682 λαιωθήσεται
669 2621 739 2674 ἐν
782 2621 860 2687 τῷ
900 2623 1032 2693 ᾄδῃ.
1069 2626 1223 2678 Ἤτοι
1271 2626 1399 2695 περ).
1451 2623 1545 2677 τοῦ
1585 2624 1814 2679 θανάτου

245 2709 417 2776 λέγει,
462 2712 555 2764 τοῦ
606 2715 679 2784 μὴ
720 2715 1034 2786 δυνηθέντος
1091 2718 1229 2786 μετὰ
1271 2717 1451 2786 πάσης
1498 2717 1661 2770 αὐτοὗ
1717 2719 1815 2790 τῆς

245 2799 501 2870 βοηθείας
538 2805 883 2875 ἁντισχέσθαι
916 2809 1021 2860 τῶν
1055 2811 1143 2862 ὑπ’
1178 2807 1343 2861 αὐτοῦ
1385 2810 1814 2879 ποιμαινομένων

241 2893 337 2946 διὰ
366 2896 456 2946 τὸν
485 2896 820 2950 καταλύοντα
849 2900 937 2950 τὸν
975 2900 1034 2951 τὸ
1073 2901 1272 2970 κράτος
1300 2900 1490 2969 ἔχοντα
1523 2901 1615 2953 τοῦ
1650 2901 1814 2954 θανά-

240 3002 340 3037 του
367 3003 378 3016 ’
427 2981 501 3040 ὧν
543 2989 690 3041 πᾶσα
721 2993 752 3059 ἡ
790 2990 1009 3061 βοήθεια
1055 2993 1257 3047 παλαιὰ
1299 2995 1391 3046 καὶ
1419 2994 1670 3066 ἀσθενής.
1704 2996 1813 3048 Καὶ

240 3078 366 3131 τότε
409 3080 850 3152 ἐξελεγχθήσεται
884 3085 916 3154 ἡ
966 3082 1183 3154 βοήθεια
1219 3084 1325 3138 τῶν
1364 3085 1665 3155 ἀνθρώπων
1706 3084 1813 3139 τῶν

1938 618 2030 657 eas
2049 615 2104 658 ut
2130 615 2434 672 pascerent.
2455 605 2522 658 Et
2539 604 2950 659 dominabuntur
2962 621 3140 658 eorum
3161 605 3284 658 recti
3307 606 3361 658 in
3383 623 3501 658 ma-

1929 694 2119 747 tutino.
2142 693 2374 749 Cuilihet
2395 696 2537 748 enim
2567 695 2802 750 ﬁdelium
2825 703 2906 750 est
2936 695 3154 762 angelus
3189 695 3496 764 adjunctus.

1927 786 2016 852 qui
2050 786 2244 858 dignus
2280 797 2366 842 est
2416 787 2506 856 qui
2559 789 2923 844 diversantcm
2975 788 3026 840 in
3088 787 3244 841 caelis
3281 787 3496 841 Patrem

1930 876 2123 931 videat.
2167 876 2228 931 lli
2273 877 2439 945 igitur
2474 877 2605 930 recti
2633 879 2712 932 eis
2751 894 2818 934 ex
2852 875 3190 932 amarissima
3237 879 3500 933 servitute

1930 967 2170 1024 liberatis
2198 968 2640 1034 dominabuntur,
2671 978 2725 1023 ct
2751 971 3182 1025 dominabuntur
3214 970 3344 1038 ipsis
3370 988 3498 1025 con-

1930 1059 2135 1112 stitutis
2167 1059 2220 1111 in
2254 1062 2556 1128 matutino,
2590 1062 2693 1116 hoc
2718 1071 2820 1125 est,
2848 1065 2913 1116 ad
2951 1063 3086 1118 lucis
3115 1072 3366 1117 exortum
3405 1079 3497 1116 ac-

1927 1152 2269 1206 cedentibus.
2302 1152 2596 1208 Considera
2631 1168 2846 1210 omnem
2878 1155 3164 1209 verborum
3199 1151 3497 1223 Scriptura:

1929 1245 2126 1298 seriem
2158 1261 2170 1296 :
2209 1243 2378 1296 Homo
2415 1260 2529 1296 cum
2558 1248 2609 1297 in
2644 1249 2840 1301 honore
2870 1256 3022 1307 esset,
3060 1263 3163 1299 non
3203 1247 3493 1311 intellexit;

1928 1344 2263 1404 comparatus
2303 1345 2379 1388 est
2402 1336 2657 1404 jumentis
2698 1337 3085 1406 insipientibus.
3135 1336 3237 1402 Qui
3283 1353 3349 1392 ex
3399 1355 3494 1392 sua

1928 1428 2234 1482 conditione
2275 1427 2438 1481 habet
2465 1427 2808 1496 dignitatem,
2848 1442 2895 1482 et
2941 1440 3158 1498 propter
3189 1426 3498 1482 inhabitans

1930 1522 1978 1572 in
2010 1522 2125 1589 ipso
2160 1530 2444 1590 peccatum
2467 1561 2481 1586 ,
2517 1536 2622 1574 non
2666 1523 2941 1590 cognoscit
2981 1537 3040 1576 se
3082 1524 3295 1592 ipsum,
3329 1521 3376 1576 is
3405 1520 3495 1590 ju-

1929 1615 2125 1667 mentis
2159 1624 2504 1684 comparatus
2537 1623 2641 1669 est.
2687 1614 2890 1668 Deinde
2931 1616 3076 1682 quod
3121 1633 3149 1666 a
3191 1615 3355 1671 verbo
3399 1614 3495 1670 Dei

1926 1718 2046 1756 sese
2084 1705 2434 1768 abalienavit,
2471 1704 2721 1760 eﬂ‘ectum
2752 1706 2995 1769 brutum,
3033 1705 3180 1760 velut
3207 1723 3362 1763 ovem
3399 1725 3495 1778 pa-

1927 1805 2074 1850 store
2119 1797 2431 1850 destitutam
2476 1799 2731 1852 inimicus
2777 1799 3038 1867 abripuit,
3093 1798 3382 1869 posuitque
3436 1801 3492 1854 in

1925 1889 2156 1955 inferno,
2200 1899 2254 1942 et
2282 1890 2442 1944 morti
2479 1890 2700 1943 tradidit
2745 1894 3095 1958 pascendmn.
3146 1892 3494 1960 QuaprOpter

1925 1985 2050 2038 inde
2070 1993 2382 2053 exemptus,
2409 1990 2463 2036 et
2491 1999 2519 2035 a
2547 1981 2784 2051 maligno
2815 1991 3031 2049 pastore
3056 1983 3339 2047 liberatus,
3372 1983 3448 2036 ait
3474 2001 3488 2035 :

1925 2075 2178 2128 Dominus
2223 2077 2384 2143 pascit
2425 2091 2503 2127 me
2527 2075 2594 2137 ⁵⁵⁸,
2645 2085 2699 2127 et
2734 2089 2836 2128 non
2892 2075 3126 2144 amplius
3177 2090 3341 2138 mors,
3394 2075 3494 2129 sed

1921 2167 2030 2219 vita
2064 2184 2076 2218 :
2111 2180 2215 2219 non
2244 2165 2474 2234 amplius
2503 2181 2683 2228 casus,
2717 2167 2812 2219 sed
2838 2167 3166 2220 resurrectio
3198 2186 3210 2220 :
3243 2183 3348 2219 non
3375 2182 3492 2219 am-

1923 2259 2061 2329 plius
2095 2259 2458 2323 mendacium,
2502 2259 2595 2313 sed
2632 2259 2856 2313 veritas.
2893 2258 2962 2310 Et
3003 2258 3270 2311 auxilium
3308 2273 3490 2311 eorum

1919 2365 2197 2407 veterascet
2241 2355 2294 2406 in
2338 2353 2569 2419 inferno.
2602 2354 2707 2406 Aut
2745 2351 2987 2420 loquitur
3014 2353 3080 2405 de
3112 2361 3318 2416 morte,
3368 2366 3493 2420 quae

1921 2460 2040 2497 cum
2075 2444 2220 2497 omni
2253 2458 2350 2497 suo
2400 2443 2653 2512 prmsidio
2684 2457 2812 2510 eos,
2846 2458 2984 2512 quos
3015 2444 3301 2513 pascebat,
3345 2443 3490 2499 deti-

1922 2549 2051 2590 nere
2085 2550 2190 2589 non
2218 2535 2410 2604 potuit,
2442 2545 2662 2606 pr0pter
2699 2536 2846 2589 illum
2877 2551 2905 2589 a
2930 2550 3038 2603 quo
3061 2536 3376 2589 destructus
3407 2543 3493 2589 est

1923 2628 1966 2680 is
2000 2630 2090 2694 qui
2125 2628 2317 2680 mortis
2365 2628 2598 2680 habebat
2630 2627 2916 2693 imperium
2943 2627 3024 2690 9°;
3065 2642 3294 2695 quorum
3325 2640 3491 2681 omne

1919 2715 2178 2768 auxilium
2211 2725 2368 2768 vetus
2389 2725 2444 2768 et
2477 2716 2746 2768 inﬁrmum
2772 2725 2876 2769 est.
2912 2715 3174 2786 Tuncque
3197 2717 3489 2787 redargue-

1921 2818 2004 2861 tur
2040 2807 2298 2862 auxilium
2328 2808 2605 2862 hominum
2638 2822 2848 2872 eorum,
2893 2809 2987 2878 qui
3026 2820 3207 2863 mente
3245 2809 3486 2878 decepti,

1916 2901 1986 2953 ob
2015 2900 2228 2954 divitias
2270 2899 2609 2968 gloriamque
2653 2909 2708 2953 et
2741 2912 3068 2968 potestatem
3102 2916 3163 2955 se
3208 2901 3308 2969 ipsi
3342 2900 3489 2955 mul-

1921 3004 2027 3043 tum
2061 2989 2313 3044 cli‘erunt.
2351 2992 2414 3043 In
2447 2993 2651 3058 inferno
2680 3003 2958 3045 veterascet
2991 3005 3125 3054 tum,
3157 3010 3280 3046 cum
3321 2993 3487 3046 fuerit

1916 3097 2103 3136 eorum
2137 3082 2482 3136 imbecillitas
2518 3084 2873 3151 deprehensa.
2910 3083 3014 3136 Aut
3051 3084 3188 3136 forte
3220 3083 3482 3136 auxilium

240 3171 610 3239 ἠπατημένων
653 3171 762 3234 (16)
791 3176 858 3243 τῇ
885 3173 1112 3244 διανοίᾳ,
1155 3174 1231 3245 τῷ
1266 3175 1500 3245 πλούτῳ,
1534 3178 1626 3228 καὶ
1660 3173 1810 3246 δόξῃ,

1918 3171 2178 3242 iustorum
2225 3187 2362 3240 quos
2399 3175 2627 3226 redemit
2675 3173 2956 3237 Dominus,
3001 3176 3051 3227 in
3091 3173 3304 3228 inferno
3353 3188 3482 3242 pro—

241 3260 340 3310 καὶ
388 3260 670 3330 δυναστείᾳ
709 3263 850 3330 μέγα
896 3265 1252 3332 φρονούντων.
1295 3268 1387 3317 Ἐν
1421 3267 1500 3332 τῷ
1544 3268 1656 3336 ᾅδῃ
1701 3283 1813 3322 πα-

239 3352 654 3418 λαιωθήσεται,
720 3355 1077 3426 ὲλεγχομένης
1126 3358 1303 3411 αὐτῶν
1361 3359 1459 3427 τῆς
1504 3362 1807 3422 ἀσθενείας.

246 3447 318 3498 Ἢ
357 3447 561 3516 μήποτε
590 3449 622 3519 ὴ
655 3447 873 3519 βοήθεια
906 3450 1013 3502 τῶν
1044 3450 1265 3504 δικαίων
1295 3451 1400 3503 τῶν
1429 3452 1808 3522 λυτρωθέντων

239 3537 395 3601 παρὰ
425 3538 628 3608 Κυρίου
662 3540 1103 3610 παραταθήσεται
1139 3543 1195 3594 ὲν
1231 3541 1306 3611 τῷ
1338 3543 1459 3615 ᾅδῃ.
1502 3541 1665 3594 Οὔπω
1696 3543 1805 3612 γὰρ

240 3627 566 3694 ἐκομίσαντο
591 3629 688 3691 τὰς
714 3631 1061 3697 ἐπαγγελίας,
1085 3631 1178 3683 τοῦ
1201 3631 1333 3684 Θεοῦ
1365 3651 1431 3684 πε
1442 3634 1491 3704 ρί
1515 3634 1667 3703 ἡμῶν
1693 3632 1804 3702 (17)

240 3720 485 3784 κρεῖττόν
512 3738 561 3772 τι
597 3722 1065 3794 προϐλεψαμένου,
1096 3726 1183 3778 ἵνα
1225 3725 1298 3796 μὴ
1329 3727 1494 3794 χωρὶς
1533 3725 1688 3794 ἡμῶν
1716 3743 1806 3777 τε-

237 3807 532 3861 λειωθῶσιν
561 3815 610 3863 οἱ
640 3815 1043 3884 προειληφότες.
1075 3815 1245 3884 Πλὴν
1275 3819 1306 3869 ό
1331 3817 1472 3880 Θεὸς
1509 3814 1806 3883 λυτρώσε-

236 3918 336 3953 ται
380 3903 479 3970 τὴν
536 3906 746 3974 ιριυχήν
783 3925 900 3975 μου
930 3909 998 3961 ἐκ
1042 3909 1237 3976 χειρὸς
1270 3909 1439 3975 ᾅδου,
1472 3907 1614 3960 ὅταν
1651 3911 1802 3976 λαμ-

1923 3266 2190 3320 tendetur.
2223 3262 2474 3318 Nondum
2510 3264 2655 3317 enim
2693 3273 3018 3332 acceperant
3053 3264 3484 3334 promissiones,

1918 3357 2059 3422 quod
2093 3358 2234 3410 Deus
2261 3356 2328 3410 de
2367 3354 2528 3408 nobis
2555 3353 2747 3408 melius
2776 3355 2904 3421 quid
2937 3355 3245 3420 providerat
3280 3353 3320 3419 ¹;
3347 3367 3416 3406 ηε
3447 3353 3485 3406 ii

1917 3449 2007 3517 qui
2036 3449 2383 3514 prmiverant,
2416 3448 2535 3503 sine
2566 3446 2720 3500 nobis
2751 3455 3281 3500 consummarentur.
3317 3444 3483 3500 Vsus.

1917 3538 2005 3592 16.
2070 3537 2442 3592 Verumtamen
2496 3537 2639 3592 Deus
2675 3539 2891 3591 redimet
2934 3541 3167 3591 animum
3215 3554 3385 3591 meam
3417 3539 3482 3590 de

1916 3646 2075 3682 manu
2107 3628 2289 3697 inferi,
2318 3645 2433 3681 cum
2468 3629 2725 3698 acceperit
2755 3643 2854 3682 me.
2882 3627 3064 3680 Palam
3093 3627 3341 3695 praedicit
3377 3626 3482 3681 Do-

1916 3722 2043 3774 mini
2070 3722 2136 3776 ad
2170 3721 2373 3776 inferos
2396 3722 2739 3786 descensum,
2760 3720 2850 3788 qui
2884 3735 2988 3772 una
3013 3733 3136 3773 curn
3165 3719 3285 3772 aliis
3310 3720 3482 3788 ipsius

1916 3817 2078 3870 etiam
2118 3815 2402 3887 Prophetae
2434 3817 2673 3869 animam
2712 3814 2991 3878 liberabit,
3037 3825 3095 3868 ut
3133 3830 3201 3870 ne
3238 3815 3350 3868 illic
3388 3828 3479 3867 re-

1913 3918 2147 3962 maneat.

235 3997 391 4068 εάνῃ
425 4017 519 4070 με.
557 4003 750 4071 Σαφῶς
784 4005 1110 4074 προφητεύει
1145 4005 1241 4076 τὴν
1267 4005 1360 4058 τοῦ
1406 4004 1606 4075 Κυρίου
1635 4003 1858 4058 κάθοδον
1892 4003 2001 4074 (18)
2041 4005 2120 4068 είς
2153 4004 2300 4075 ᾅδου,
2330 4004 2389 4067 ὃς
2414 4004 2551 4072 μετὰ
2618 4004 2726 4057 τῶν
2793 4003 2966 4058 ἄλλων
3029 4005 3123 4056 καὶ
3185 4002 3351 4058 αὑτοῦ
3386 4001 3481 4054 λυ-

234 4094 504 4165 τρώσεται
530 4099 619 4151 τοῦ
656 4101 937 4171 Προφήτου
962 4103 1058 4172 τὴν
1089 4102 1280 4173 ψυχὴν,
1304 4103 1378 4164 ὡς
1406 4102 1478 4172 μὴ
1509 4103 1854 4171 ἐναπομεῖναι
1887 4101 2017 4152 ἐκεῖ.

319 4189 402 4241 10.
445 4191 540 4258 Μὴ
585 4193 799 4260 φοϐοῦ,
835 4195 980 4248 ὅταν
1027 4195 1340 4264 πλουτήσῃ
1389 4195 1717 4262 ἅνθρωπος,
1761 4195 1799 4262 ἣ

230 4281 384 4335 ὅταν
406 4286 725 4353 πληθυνθῇ
757 4289 794 4355 ἡ
823 4287 972 4350 δόξα
1004 4286 1106 4339 τοῦ
1135 4288 1302 4340 οἴκου
1331 4288 1535 4340 αὐτοῦ.
1568 4285 1664 4354 Μὴ
1697 4304 1801 4354 φο-

227 4373 365 4436 ϐοῦ,
391 4375 571 4444 φησιν,
596 4376 740 4429 ὅταν
764 4377 1078 4446 τελευτήσῃ
1113 4377 1418 4445 ἅνθρωπος
1448 4377 1577 4444 (19).
1614 4377 1800 4444 ’Λναγ-

227 4465 389 4518 καῖον
418 4466 510 4516 καὶ
533 4464 688 4518 τοῦτο
715 4465 774 4518 τὸ
803 4469 1059 4538 κήρυγμα
1089 4469 1198 4528 τοῖς
1212 4465 1308 4536 τὴν
1323 4466 1644 4536 οἰκουμένην
1671 4483 1798 4518 κατ-

223 4554 463 4616 οικοῦσι,
488 4557 599 4617 τοῖς
624 4573 684 4608 τε
719 4556 972 4626 γηγενέσι
1027 4558 1120 4609 καὶ
1148 4560 1259 4620 τοῖς
1286 4559 1418 4620 υίοῖς
1447 4555 1554 4610 τῶν
1587 4555 1795 4628 ἀνθρώ-

229 4662 376 4708 πων,
425 4645 697 4709 πλουσίοις
733 4664 792 4699 τε
843 4646 977 4717 ὁμοῦ
1034 4648 1125 4702 καὶ
1172 4648 1382 4716 πένησι.
1439 4647 1538 4715 Μὴ
1587 4647 1795 4716 φοϐοῦ,

229 4735 382 4789 ὅταν
402 4735 717 4804 πλουτήσῃ
753 4737 1077 4804 ἅνθρωπος.
1109 4737 1270 4790 Ὅταν
1306 4739 1441 4807 ἴδῃς,
1478 4739 1660 4808 φησιν,
1689 4737 1798 4790 ἄδι-

228 4844 328 4878 κον
362 4829 459 4896 μὲν
485 4827 834 4894 πλουτοῦντα,
867 4828 1070 4881 δίκαιον
1101 4828 1155 4880 δὲ
1188 4829 1497 4896 πενόμενον,
1533 4828 1603 4898 μὴ
1634 4829 1799 4899 φοϐη-

225 4919 330 4987 Θῇς
369 4920 508 4973 κατὰ
547 4921 800 4974 σεαυτόν⁶
845 4922 918 4991 μὴ
959 4921 1196 4992 πτοηθῇς
1238 4924 1305 4992 τῇ
1335 4922 1557 4992 διανοίᾳ,
1587 4922 1659 4984 ὼς
1683 4923 1788 4992 ἄρα

303 5084 346 5115 ⁸³
385 5082 524 5139 Psal.
556 5101 689 5152 xxii,
722 5087 775 5143 1.
848 5087 892 5120 θ’
929 5087 1088 5143 Hebr.
1118 5104 1178 5153 ιι,
1207 5089 1291 5142 14.

306 5265 411 5352 (ἰῇ)
439 5265 528 5318 Sic
550 5281 681 5320 mss.
713 5277 961 5334 quatuor.
1001 5268 1137 5322 Editi
1169 5283 1289 5322 cum
1329 5269 1458 5333 Ileg.
1514 5279 1666 5322 sexto
1711 5267 1786 5338 τῷ

223 5353 392 5388 ποωι.

276 5353 411 5473 τῇ.)
453 5406 740 5478 Colbertini
795 5407 999 5470 primus
1043 5417 1095 5456 et
1135 5419 1318 5478 sextus
1347 5423 1465 5460 cum
1511 5408 1640 5478 Reg.
1675 5420 1785 5461 ler-

223 5476 301 5528 tio
334 5477 457 5536 τοὺς
491 5475 876 5546 γενομένους...
911 5478 1034 5539 τοὺς
1058 5477 1403 5540 ὑπελθόντας.
1448 5479 1512 5530 At
1538 5475 1623 5532 alii
1648 5493 1775 5531 mss.

223 5562 329 5596 mm
364 5549 513 5609 pauci
543 5561 664 5598 cum
695 5548 850 5599 editis
874 5558 930 5597 ιιι
961 5549 1011 5598 in
1049 5558 1214 5601 textu.

297 5613 406 5680 (15)
435 5613 564 5684 Reg.
600 5617 787 5668 tertius
814 5617 958 5669 θείου
991 5617 1171 5684 λόγου,
1205 5638 1232 5669 α
1257 5618 1403 5670 verba
1423 5618 1616 5670 divino.

293 5685 402 5751 (16)
441 5685 512 5734 Ita
568 5684 858 5739 Colhertini
915 5690 1156 5753 primus,
1204 5688 1441 5754 quintus,
1504 5699 1688 5740 sextus
1729 5695 1779 5739 et

219 5755 500 5814 septimus,
540 5755 758 5825 perinde
797 5767 957 5824 atque
1015 5757 1162 5825 Regii
1207 5759 1394 5809 tertius
1441 5767 1493 5808 et
1526 5768 1769 5824 quartus.

222 5825 363 5876 Editi
387 5838 504 5876 cum
539 5823 715 5892 Regiis
743 5823 975 5882 secundo
1013 5837 1065 5882 et
1098 5823 1249 5883 Sexto
1277 5823 1619 5897 ἠπατημένῃ.

1374 5088 1386 5116 ¹
1429 5087 1590 5144 Hebr.
1632 5104 1703 5152 χι,
1740 5088 1828 5142 40.

1981 4195 2067 4248 10.
2110 4193 2273 4249 Vens.
2304 4195 2392 4248 17.
2433 4194 2518 4248 Ne
2539 4196 2795 4259 timueris,
2836 4212 2955 4248 cum
2988 4195 3130 4247 dives
3161 4195 3331 4261 factus
3361 4193 3476 4261 fue-

1909 4286 1975 4335 rit
2009 4283 2187 4348 homo,
2225 4285 2301 4337 vel
2331 4301 2450 4338 cum
2485 4285 2831 4353 multiplicata
2866 4285 3028 4354 fuerit
3069 4284 3240 4352 gloria
3286 4285 3474 4336 domus

1907 4375 2039 4440 ejus.
2088 4374 2171 4429 Ne
2211 4377 2475 4441 timuerit,
2521 4377 2716 4444 inquit,
2762 4393 2880 4430 cum
2911 4377 3052 4429 dives
3090 4375 3266 4444 factus
3308 4376 3471 4441 fuerit

1906 4464 2079 4520 homo.
2109 4467 2424 4523 Necessaria
2458 4481 2541 4522 est
2576 4480 2629 4523 et
2665 4471 2777 4522 luec
2805 4468 3123 4537 przedicatio
3147 4468 3214 4520 iis
3247 4468 3336 4534 qui
3378 4480 3471 4520 or-

1907 4561 2023 4613 bern
2053 4561 2320 4625 habitant,
2367 4564 2765 4631 terrigenisque
2789 4578 2853 4617 ac
2886 4562 3013 4616 ﬁliis
3049 4561 3351 4618 hominum.
3392 4559 3470 4612 di-

1909 4653 2209 4721 vitibusque
2245 4654 2405 4708 simul
2440 4665 2495 4709 et
2545 4654 2889 4723 pauperibus.
2929 4654 3011 4706 Ne
3041 4654 3276 4705 timueris
3299 4691 3314 4714 ,
3353 4667 3470 4703 cun:

1906 4746 2046 4797 dives
2077 4745 2247 4813 {actus
2279 4747 2437 4814 fuerit
2464 4749 2638 4799 homo.
2673 4745 2810 4799 Cum
2853 4744 3075 4808 videris,
3108 4745 3298 4812 inquit,
3328 4742 3469 4808 injuo

1905 4847 2047 4891 stum
2079 4840 2454 4904 ditescentem,
2478 4840 2680 4908 justum
2712 4853 2843 4893 vero
2871 4847 3138 4906 egentem,
3177 4852 3244 4897 ne
3276 4837 3467 4888 timeas

1907 4931 2046 4998 apud
2081 4929 2457 5000 temetipsum;
2489 4946 2555 4986 ne
2582 4931 2950 4985 consterneris
2973 4929 3174 4994 animo,
3207 4936 3462 4979 tanouam

1967 5269 2077 5334 (17)
2108 5268 2259 5330 Illud,
2287 5269 2415 5338 περὶ
2441 5267 2618 5338 ἡμῶν,
2651 5267 2803 5320 abest
2826 5281 2854 5318 a
2882 5274 3117 5338 quatuor
3149 5280 3277 5338 mss:

1968 5338 2074 5404 (18)
2100 5337 2235 5408 Reg.
2281 5333 2606 5408 tertius'roﬁ
2673 5335 2927 5408 Xptm05_
2959 5335 3201 5408 κάθοδον.
3255 5333 3456 5408 Ibidem

1898 5411 2060 5463 editio
2093 5405 2381 5476 Paris.ri;v
2407 5408 2484 5470 εἰς
2511 5407 2655 5478 ᾅδου.
2687 5405 2972 5478 l)eest_':ﬁ_v_
3011 5408 3060 5458 in
3112 5406 3176 5459 iis
3210 5419 3347 5472 quos
3381 5405 3460 5454 vi-

1887 5479 2061 5532 dimus
2109 5474 2380 5530 COllit'iIHiS
2415 5487 2468 5529 et
2500 5474 2548 5528 in
2578 5477 2809 5530 editione
2833 5474 2995 5528 Basil.

1958 5548 2067 5616 (19)
2105 5548 2213 5604 Illa.
2243 5549 2332 5615 Μὴ
2382 5546 2568 5614 φοϐοῦ,
2629 5545 3011 5616 φησ¹ινηότανί
3043 5545 3322 5616 πλουτήσῃ
3356 5545 3454 5597 ἄν·

1888 5614 2123 5685 θρωπος,
2155 5614 2343 5670 desunt
2395 5618 2608 5684 quidcm
2637 5614 2698 5669 ἱιι
2715 5615 2878 5669 editis
2910 5623 2964 5666 et
3002 5615 3055 5664 in
3091 5614 3246 5667 Coll).
3289 5617 3455 5681 septi-

1890 5704 1976 5741 mo
2006 5705 2017 5735 :
2062 5687 2152 5739 sed
2179 5687 2428 5752 leguntur
2454 5686 2506 5738 in
2538 5686 2719 5755 Regiis
2744 5685 2939 5753 primo,
2964 5685 3218 5743 secundo,
3257 5685 3452 5755 ter-tiu,

1889 5767 2084 5823 quarto
2117 5765 2170 5809 et
2197 5766 2370 5819 sexto,
2400 5757 2560 5823 inque
2582 5754 2907 5809 Golbertinis
2949 5755 3143 5821 primo.
3175 5754 3362 5817 quitth
3402 5761 3456 5805 et

1887 5842 2056 5884 sexto.
2099 5827 2288 5882 Statim
2322 5825 2450 5896 Reg.
2487 5828 2675 5882 tertius
2702 5824 2780 5877 ἔτι
2813 5825 2905 5879 καὶ
2934 5826 3044 5887 τοῖς
3095 5824 3251 5891 υἱοῖς.
