4016 6432
572 367 673 421 ιὸὕ

1910 364 1968 420 S.
2005 364 2087 420 BA
2098 362 2249 420 SlLll
2289 362 2500 418 MAGNI

3705 354 3808 417 456

571 482 614 533 si
654 492 914 546 nusquam
957 475 1400 544 sitprovidentia
1432 476 1546 542 Dei,
1591 490 1710 545 quae
1745 493 1831 533 res
1864 478 2129 532 humanas

2236 479 2469 550 οὐδαμοῦ
2506 479 2617 533 ἔστι
2661 478 2886 551 πρόνοια
2917 477 3053 532 Θεοῦ
3088 476 3459 533 ἐπισκοποῦσα
3498 478 3566 531 τὰ
3602 478 3812 549 ἀνθρὼ-

572 570 859 642 inspiciat;
889 581 982 624 aut
1007 571 1075 624 sit
1105 569 1321 639 quidem
1355 567 1605 626 fortassis
1634 570 1900 637 inspectio
1930 570 2130 636 divina,

568 665 664 718 sed
701 678 763 718 ea
793 675 1134 732 nequaquam
1166 661 1234 716 ad
1273 670 1590 715 terrestrem
1635 661 1812 717 locum
1841 662 2130 732 pertingat,

570 759 706 811 adeo
733 766 792 810 ut
819 770 906 810 res
931 768 1144 824 quoque
1177 765 1392 809 nostras
1416 755 1575 824 187
1605 755 2133 821 intueatur;etentm

569 849 615 904 si
644 857 791 903 esset
812 849 1169 916 providentia,
1197 848 1488 916 unicuique
1517 847 1864 902 distribueret
1888 846 2129 918 propria,

572 941 650 995 sic
680 949 740 994 ut
781 939 976 995 divites
1007 940 1220 1007 quidem
1261 949 1444 995 essent
1477 939 1631 1006 justi.
1682 939 1774 1008 qui
1811 938 2015 994 divitiis
2056 941 2132 993 uti

573 1034 818 1089 scirent:
851 1047 1114 1102 pauperes
1140 1047 1269 1088 vero
1296 1043 1481 1086 essent
1509 1031 1656 1094 mali,
1703 1032 1900 1102 quibus
1933 1029 2134 1085 divitia:

572 1128 992 1180 instrumentum
1020 1122 1194 1178 forent
1228 1137 1341 1178 suae
1365 1124 1606 1191 ipsorum
1642 1120 1967 1191 iniquitatis.
1996 1118 2130 1173 Cum

572 1218 737 1286 igitur
776 1215 929 1270 multi
962 1217 1070 1270 sint
1097 1216 1238 1269 inter
1266 1223 1458 1284 gentes
1491 1225 1656 1284 atque
1684 1213 2007 1280 terrigenas,
2042 1212 2131 1278 qui

573 1308 700 1361 talia
723 1308 985 1369 sentiunt,
1014 1306 1213 1376 quique
1247 1317 1467 1376 propter
1501 1313 1850 1376 apparentem
1895 1303 2136 1371 inthua—

572 1400 777 1455 Iitatem
807 1398 1203 1453 distributionis
1230 1414 1406 1452 rerum
1439 1401 1504 1452 ad
1530 1401 1692 1453 vitam
1717 1395 2132 1462 pertinentium,

570 1490 826 1543 nmndmu
869 1490 1000 1542 citra
1035 1488 1428 1556 providentiam
1461 1488 1572 1554 regi
1617 1486 1996 1553 suspicantur;
2031 1483 2128 1537 hos

570 1579 856 1648 compellat
886 1593 1083 1638 sermo,
1113 1579 1441 1631 ineruditum
1473 1579 1708 1646 ipsorum
1741 1585 1942 1630 motum
1975 1590 2132 1631 coer-

569 1688 696 1728 cens
723 1691 737 1727 :
767 1687 898 1741 quos
939 1671 1057 1738 ipso
1096 1672 1255 1722 etiam
1287 1669 1440 1722 initio
1470 1669 1536 1720 ad
1578 1669 1839 1721 audienda
1872 1668 2127 1736 dogmata

571 1765 849 1820 invitabat.
891 1763 998 1816 Ant
1043 1763 1203 1816 etiam
1247 1762 1499 1830 privatim
1549 1762 1612 1815 ad
1655 1761 1822 1816 solam
1873 1764 2128 1829 pauperis

2242 591 2369 627 πινα
2390 588 2402 601 °
2435 575 2468 644 ἦ
2497 576 2610 627 ἐστι
2643 573 2740 643 μέν
2763 589 2864 626 που
2888 572 3030 643 τάχα
3059 575 3093 644 ὴ
3135 571 3252 624 θεία
3284 571 3575 642 ὲπισκοπὴ,
3607 574 3668 625 οὐ
3704 573 3809 642 μὴν

2241 663 2498 734 καὶπρὸς
2532 664 2621 716 τὸν
2662 663 2936 734 περίγειον
2980 663 3144 717 τόπον
3177 660 3389 731 φθάνει,
3430 660 3569 715 ὥστε
3609 662 3699 714 καὶ
3743 660 3808 713 τὰ

2240 755 2483 828 ἡμέτερα
2519 755 2740 828 ὲφορᾷν.
2783 756 2846 809 Et
2889 755 2996 825 γὰρ
3036 758 3258 826 πρόνοια
3287 748 3376 824 ἦν,
3408 753 3622 822 ἑκάστῳ
3651 753 3808 822 μερί-

2241 850 2407 913 ζουσα
2449 850 2518 903 τά
2554 852 2750 914 οίκεῖα,
2779 849 2918 904 ὥστε
2960 850 3208 904 πλουτεῖν
3241 850 3338 920 μὲν
3382 849 3506 913 τοὺς
3543 846 3806 908 δικαίους,

2239 944 2365 1004 τοὺς
2400 941 2790 1012 ἐπισταμένους
2825 943 2904 1013 τῷ
2941 940 3155 1011 πλούτῳ
3188 939 3513 1012 χρήσασθαι,
3549 937 3809 994 πένεσθαι

2239 1033 2293 1086 δὲ
2327 1034 2453 1098 τοὺς
2486 1033 2752 1106 πονηροὺς
2778 1036 2903 1098 τοὺς
2935 1031 3154 1105 ἔχοντας
3195 1033 3305 1104 (20)
3329 1035 3557 1105 ὄργανον
3596 1033 3696 1102 τῆς
3727 1032 3809 1084 οἱ⁹

2241 1122 2392 1186 κείας
2417 1125 2678 1196 πονηρίας
2714 1124 2806 1177 τὸν
2847 1125 3096 1180 πλοῦτον.
3144 1123 3294 1175 Ἐπεὶ
3325 1121 3416 1178 οὖν
3447 1121 3629 1175 πολλοί
3671 1124 3809 1176 είσιν

2241 1219 2298 1270 ὲν
2323 1220 2432 1280 τοῖς
2458 1217 2632 1271 ἔθνεσι
2662 1217 2754 1271 καὶ
2782 1219 2896 1281 τοῖς
2922 1217 3209 1288 γηγενέσιν
3234 1217 3282 1269 οἱ
3323 1217 3390 1271 τά
3421 1212 3644 1270 τοιαῦτα
3675 1231 3808 1283 φρο-

2241 1310 2474 1373 νοῦντες,
2517 1311 2610 1363 καὶ
2644 1309 2728 1363 διὰ
2752 1309 2848 1380 τὴν
2877 1310 3206 1380 φαινομένην
3230 1309 3544 1378 ἀνωμαλίαν
3571 1305 3664 1360 τοῦ
3691 1305 3812 1355 ἑπι-

2244 1401 2509 1473 μερισμοῦ
2544 1403 2652 1454 τῶν
2689 1399 2955 1472 βιωτικῶν
2988 1401 3326 1472 πραγμάτων
3358 1400 3694 1470 ἀπρονόητον
3729 1393 3808 1449 εἷ-

2240 1511 2326 1546 ναι
2359 1493 2448 1546 τὸν
2491 1494 2692 1564 κόσμον
2723 1492 3192 1563 ὑπολαμϐάνοντες
3211 1511 3223 1522 ·
3261 1490 3469 1554 τούτοις
3500 1490 3807 1558 διαλέγεται

2239 1587 2266 1637 ό
2292 1585 2468 1652 λόγος,
2501 1586 2876 1638 καταστέλλων
2897 1583 3076 1636 αὐτῶν
3098 1585 3196 1654 τὴν
3223 1582 3544 1638 ἀπαίδευτον
3571 1582 3804 1652 κίνησιν·

2239 1677 2330 1740 οὓς
2357 1678 2448 1730 καὶ
2476 1678 2532 1729 tv
2561 1680 2862 1749 προοιμίοις
2887 1677 2977 1730 ὲπ).
2996 1674 3094 1746 τὴν
3120 1676 3380 1746 ἀκρόασιν
3406 1675 3514 1727 τῶν
3542 1673 3806 1742 διδαγμάο

2239 1786 2345 1822 των
2376 1770 2576 1823 ἐκάλει.
2613 1771 2684 1822 Ἤ
2713 1787 2814 1822 που
2866 1769 2959 1845 κα).
3011 1767 3146 1838 πρὸς
3193 1767 3350 1836 μόνον
3379 1767 3523 1830 ἰδίως
3549 1763 3611 1817 τὸ
3639 1765 3811 1835 πρόσ-

570 1872 855 1929 personam
882 1855 1185 1909 orationem
1217 1856 1504 1915 convertit,
1539 1855 1726 1906 dicens
1757 1871 1768 1904 :
1808 1851 1888 1905 Ne
1921 1851 2124 1916 timeas,

2236 1878 2374 1914 ωπον
2392 1862 2483 1916 τοῦ
2510 1862 2732 1933 πένητος
2755 1862 3091 1914 ἀποτείνεται
3111 1859 3304 1928 λέγων·
3321 1858 3416 1924 Μὴ
3434 1855 3638 1926 φοϐσῦ,
3665 1853 3810 1907 ὅταν

569 1967 682 2003 cum
711 1950 852 2002 dives
892 1948 1062 2013 factus
1093 1949 1247 2018 fuerit
1287 1949 1459 2000 homo.
1497 1944 1557 1996 Ili
1606 1945 1748 1997 enim
1775 1944 1859 1997 vel
1894 1942 2129 1996 maxime

569 2037 802 2108 indigent
835 2038 1203 2092 c0nsolatione
1227 2077 1240 2096 .
1273 2051 1340 2090 ne
1377 2035 1707 2104 potentiores
1743 2034 2125 2089 reformident.

568 2129 719 2182 Nulla
753 2130 919 2191 enim,
956 2130 1149 2197 inquit,
1175 2127 1377 2181 utilitas
1406 2137 1488 2182 est
1512 2127 1664 2181 diviti
1696 2128 1970 2189 morienti,
2005 2142 2127 2181 cum

569 2237 676 2277 non
725 2229 887 2289 queat
928 2233 1111 2272 secum
1150 2219 1360 2272 auferre
1389 2219 1639 2284 divitias;
1683 2218 1772 2285 qui
1807 2217 2022 2272 scilicet
2076 2219 2126 2271 id

567 2330 634 2368 ex
696 2327 880 2366 earmn
937 2311 1277 2378 possessione
1332 2309 1570 2364 lucratus
1617 2309 1688 2364 sit
1741 2308 1935 2372 solum,
1987 2310 2130 2378 quod

568 2404 736 2472 ipsius
767 2405 945 2457 anima
976 2403 1027 2455 in
1053 2403 1153 2455 hac
1180 2401 1282 2453 vita
1312 2403 1377 2453 ab
1406 2401 1779 2455 adulatoribus
1804 2400 1960 2454 beata
1993 2416 2131 2470 prte-

567 2494 740 2548 dicata
783 2495 871 2548 sit.
908 2489 1108 2546 Verum
1157 2505 1278 2544 cum
1313 2491 1567 2552 moritur,
1613 2505 1719 2544 non
1753 2498 2011 2555 assumat,
2045 2492 2129 2544 in-

566 2585 704 2654 quit,
755 2599 970 2639 omnem
1017 2583 1156 2637 hanc
1197 2581 1571 2650 opulentiam:
1615 2582 1706 2634 vix
1756 2580 2128 2636 indumentum

567 2675 835 2744 accipiet,
879 2689 986 2743 quo
1018 2670 1264 2740 pudenda
1305 2669 1424 2736 ejus
1465 2679 1731 2740 tegantur,
1758 2671 1940 2738 idque,
1974 2670 2019 2724 si
2051 2669 2132 2722 vi-

567 2781 685 2820 sum
721 2765 882 2820 fuerit
925 2763 1142 2818 famulis
1175 2763 1347 2830 ipsum
1391 2762 1790 2815 amicientibus.
1825 2761 1969 2815 Bene
2003 2775 2126 2815 cura

565 2872 631 2912 eo
654 2865 832 2910 actum
865 2854 1046 2917 fuerit,
1070 2853 1115 2908 si
1140 2854 1387 2922 exiguam
1429 2861 1628 2906 terram
1664 2852 1944 2918 sortiatur,
1974 2867 2117 2906 eam-

568 2960 674 3016 que
705 2946 803 3010 ipsi
849 2959 880 2998 a
915 2943 1119 2998 funeris
1146 2941 1488 2997 curatoribus
1519 2942 1701 2996 datam
1739 2943 1808 2996 ob
1838 2947 2130 3000 commise-

570 3039 888 3093 rationem:
926 3038 1015 3109 qui
1064 3039 1110 3091 ei
1155 3037 1344 3092 isthzrc
1393 3045 1672 3107 pr:estant,
1712 3039 1781 3092 ob
1827 3040 2132 3095 communis

569 3132 818 3184 humanae
844 3140 1050 3183 natura:
1075 3123 1456 3195 reverentiam,
1484 3143 1587 3183 non
1606 3129 1652 3182 ei
1680 3131 1792 3183 lucc
1821 3129 2126 3198 largientes,

569 3218 664 3275 sed
690 3219 980 3273 humanam
1026 3229 1272 3271 naturam
1308 3219 1511 3272 honore
1540 3216 1856 3271 allicientes.
1897 3216 2131 3271 Proinde

571 3325 638 3365 ne
667 3310 742 3364 sis
769 3308 961 3379 pusillo
993 3310 1172 3363 animo
1217 3307 1361 3362 circa
1394 3308 1681 3378 pnes-entia
1713 3325 1726 3362 :
1758 3308 1849 3362 sed
1873 3320 2132 3376 exspecta

571 3399 785 3452 beatam
825 3395 970 3450 illam
1013 3406 1064 3447 et
1094 3405 1404 3464 perpetuam
1439 3397 1624 3449 vitam.
1677 3394 1828 3450 Tunc
1864 3396 2007 3450 enim
2038 3398 2135 3450 vi-

571 3491 727 3547 debis
763 3498 1151 3561 paupertatem,
1184 3498 1239 3544 et
1282 3490 1652 3558 ignominiam,
1700 3499 1755 3545 et
1811 3490 2131 3546 deliciarum

571 3583 932 3653 privationem
972 3583 1022 3636 ei
1058 3584 1148 3652 qui
1193 3582 1370 3650 justus
1405 3595 1492 3637 εει
1533 3584 1671 3637 bene
1705 3584 1920 3639 cedere.
1967 3584 2035 3638 Et
2067 3600 2134 3640 ne

570 3676 910 3731 conturberis
957 3691 1102 3730 nunc
1150 3687 1366 3744 propter
1397 3690 1458 3729 ea
1504 3689 1624 3744 qua:
1663 3687 1922 3746 putantur
1969 3679 2130 3744 bona,

575 3781 824 3836 tanquam
858 3765 1054 3834 injuste
1082 3768 1196 3819 sint
1224 3767 1416 3822 divisa.
1449 3767 1650 3822 Audies
1689 3771 1828 3823 enim
1865 3769 2133 3838 quomodo

572 3860 782 3914 dicetur
812 3857 961 3911 diviti
999 3857 1212 3926 quidem
1250 3870 1263 3907 :
1303 3856 1561 3924 Recepisti
1604 3860 1737 3911 bona
1787 3868 1878 3910 tua
1925 3861 1979 3910 in
2029 3862 2132 3912 vita

571 3963 662 4004 tua
687 3952 706 3981 ²
729 3968 743 4016 ;
771 3951 992 4020 pauperi
1019 3966 1148 4006 vero
1168 3952 1312 4020 quod
1337 3952 1604 4021 acceperit
1628 3952 1768 4006 mala
1794 3952 1848 4005 in
1876 3952 1982 4005 vita
2012 3967 2127 4008 sua.

570 4044 910 4112 Quapropter
956 4052 1014 4096 ut
1057 4043 1146 4096 hic
1168 4043 1295 4110 jurc
1329 4057 1395 4098 ac
1427 4046 1620 4099 merito
1658 4045 1856 4112 reperit
1885 4043 2131 4098 consola-

573 4138 794 4199 tionem,
827 4135 898 4189 ita
921 4134 1009 4190 ille
1038 4134 1224 4190 dolore
1245 4138 1534 4190 cruciatur.
1569 4136 1734 4191 Vens.
1773 4136 1862 4191 l9.
1897 4134 2134 4204 Conﬁte-

573 4229 666 4281 bor
706 4229 836 4294 tibi,
879 4244 996 4282 cum
1040 4228 1352 4296 benefaceris
1390 4231 1461 4281 ei.
1504 4230 1769 4299 Loquitur
1819 4230 1884 4284 de
1919 4230 2136 4285 homine

575 4332 811 4385 terreno,
836 4330 891 4376 et
918 4321 1010 4390 qui
1057 4321 1196 4375 bona
1225 4335 1344 4375 esse
1383 4321 1661 4375 existimat
1693 4321 1837 4377 solas
1877 4323 2004 4377 vitae
2035 4322 2134 4376 hu.

567 4413 655 4478 jus
685 4411 1092 4480 praerogativas,
1128 4425 1270 4479 spes,
1297 4413 1692 4479 sanitatemque
1722 4421 1776 4464 et
1803 4414 2126 4481 potentiam.

576 4503 648 4556 De
678 4502 779 4557 lioc
807 4502 910 4557 isto
937 4501 1088 4567 dicit,
1115 4502 1256 4571 quod
1284 4503 1391 4556 Deo
1417 4502 1781 4569 confitebitur,
1809 4518 1932 4556 cum
1967 4502 2132 4557 fuerit
2167 4532 2207 4585 υ

573 4593 800 4651 affectus
839 4594 1142 4661 beneficiis;
1177 4595 1230 4648 in
1262 4595 1502 4650 adversis
1550 4604 1729 4648 autem
1762 4608 1978 4650 omnem
2009 4607 2133 4661 pro-

577 4686 1137 4755 t'eratblasphemiam.
1167 4685 1300 4741 Nam
1332 4687 1522 4741 relicto
1545 4701 1796 4757 paupere,
1827 4686 1993 4741 Deum
2024 4685 2135 4752 jam

575 4777 896 4846 alloquitur:
932 4779 984 4831 in
1014 4779 1401 4846 redarguendis
1425 4779 1629 4834 divitiis
1659 4781 1819 4833 etiam
1853 4780 1956 4834 hoc
1981 4780 2133 4833 adlti-

575 4868 726 4932 bens,
752 4868 895 4937 quod
919 4866 1072 4921 dives
1096 4867 1150 4920 in
1179 4867 1292 4920 sola
1323 4867 1594 4935 epulentia
1619 4869 1728 4923 Deo
1757 4881 1879 4936 agat
1906 4871 2129 4937 gratias,

647 5010 666 5040 ³
707 5006 834 5061 Luc.
869 5022 977 5074 xvr,
1015 5007 1105 5062 ‘25.

648 5209 759 5280 (ΞΟ)
795 5209 886 5264 Sic
913 5210 1065 5281 Regii
1091 5210 1319 5281 primus,
1353 5211 1641 5271 secundus,
1664 5210 1872 5281 tertius
1913 5221 1966 5264 et
2004 5224 2125 5264 sex-

577 5291 681 5344 tus,
731 5296 835 5334 non
893 5279 1052 5334 sectis
1084 5279 1149 5334 ac
1201 5279 1492 5334 Colbertini
1553 5279 1762 5342 tertius,
1814 5281 2047 5350 quintus
2075 5289 2127 5333 et

577 5351 836 5419 septimus
869 5364 988 5403 cum
1020 5351 1258 5404 editione
1291 5350 1604 5403 Basileensi.
1657 5349 1845 5404 Editio’
1863 5365 1987 5404 vero
2026 5349 2127 5402 Pa-

581 5422 672 5475 ris.
695 5435 816 5473 cum
862 5419 1014 5475 Colb.
1063 5431 1216 5476 sexto
1243 5421 1368 5482 τοὺς
1399 5419 1474 5490 μὴ
1502 5420 1720 5490 ἔχοντας
1745 5461 1760 5484 ,
1805 5438 1908 5477 nou
1959 5436 2142 5474 emcn-

580 5491 760 5631 d‘ig‘l)
796 5558 927 5631 ﬁeg.
972 5561 1160 5614 tertius
1193 5564 1248 5614 ὲν
1282 5564 1345 5631 τῇ
1383 5561 1492 5628 ζωῇ
1529 5559 1710 5631 αὐτοῦ.

676 5629 760 5698 22)
793 5627 882 5682 Sic
908 5633 1142 5699 quinque
1169 5648 1296 5688 mss.
1321 5627 1502 5684 "Deest
1533 5630 1623 5681 καί
1658 5635 1707 5682 in
1739 5631 1916 5684 editis.

649 5641 762 5768 (25)
807 5699 898 5753 Sic
931 5717 1057 5754 mss.
1085 5713 1207 5755 octo
1255 5718 1374 5755 cunt
1425 5701 1662 5753 editione
1706 5699 1964 5754 Romana.
2000 5701 2134 5755 Editi

673 5699 762 5768 25)
807 5699 898 5753 Sic
931 5717 1057 5754 mss.
1085 5713 1207 5755 octo
1255 5718 1374 5755 cunt
1425 5701 1662 5753 editione
1706 5699 1964 5754 Romana.
2000 5701 2135 5755 Editi

582 5783 706 5822 vero
739 5778 791 5823 et
829 5770 978 5824 Colb.
1014 5783 1192 5826 sextus
1240 5770 1511 5841 ἁγαθύνῃς
1545 5771 1722 5824 αὐτόν.
1759 5769 1878 5824 Mox
1925 5774 2140 5828 Colber-

2230 1952 2547 2020 πλουτήσῃ
2576 1953 2902 2021 ἅνθρωπος.
2936 1945 3096 2005 Οὗτοι
3121 1952 3227 2022 γὰρ
3257 1951 3350 2004 καὶ
3378 1950 3609 2021 μάλιστα
3641 1963 3811 2018 παραυ

2233 2042 2435 2112 μυθίας
2475 2043 2686 2097 δέονται
2731 2043 2865 2114 πρὸς
2891 2042 2953 2094 τὸ
2991 2043 3062 2112 μὴ
3094 2043 3456 2112 ὑποπτήσσειν
3485 2042 3611 2101 τοὺς
3638 2041 3809 2108 ὑπερο

2229 2132 2471 2202 έχοντας.
2503 2133 2667 2187 Οὐδὲν
2696 2134 2823 2206 γὰρ,
2861 2133 3043 2205 φησὶν,
3078 2132 3267 2202 δφελος
3293 2131 3370 2202 τῷ
3403 2131 3639 2201 πλουσίῳ
3677 2132 3810 2183 ἀπο-

2230 2225 2534 2294 θνήσκοντι,
2589 2226 2661 2295 μὴ
2713 2226 2992 2296 δυναμένῳ
3049 2223 3234 2278 λαϐεῖν
3277 2222 3368 2276 τὸν
3424 2221 3650 2274 πλοῦτον
3713 2219 3809 2272 σὺν

2230 2315 2438 2386 ἑαυτῷ·
2487 2317 2545 2378 ὅς
2575 2333 2638 2383 γε
2671 2317 2924 2370 τοσοῦτον
2973 2318 3080 2371 ἀπὸ
3126 2316 3227 2387 τῆς
3268 2312 3620 2376 ἀπολαύσεως
3651 2312 3810 2382 ἐκέρ-

2229 2408 2376 2462 δαινε
2425 2408 2606 2478 μόνον,
2671 2408 2794 2460 ὅσον
2845 2408 2941 2479 τὴν
2992 2408 3167 2480 ψυχὴν
3226 2407 3392 2461 αὑτοῦ
3453 2408 3512 2460 tv
3550 2407 3634 2476 -τῇ
3696 2402 3808 2472 ζωῇ

2229 2499 2400 2571 ταύτῃ
2451 2499 2562 2571 (21)
2607 2497 2757 2570 παρά
2807 2498 2915 2550 τῶν
2955 2498 3200 2552 κολάκων
3243 2496 3668 2567 μακαρισθῆναι.
3720 2494 3808 2546 Ἐν

2228 2591 2284 2644 δὲ
2309 2591 2386 2660 τῷ
2411 2591 2795 2660 ἀποθνήσκειν,
2823 2589 2884 2641 ού
2919 2590 3167 2660 λήψεται,
3197 2589 3354 2658 φησὶ,
3395 2589 3574 2640 πᾶσαν
3601 2584 3810 2653 ταύτην

2229 2681 2326 2751 τὴν
2359 2680 2679 2751 περιϐολήνο
2719 2679 2871 2750 μόλις
2910 2679 3111 2749 ἔνδυμα
3138 2679 3362 2750 λήψεται
3398 2675 3674 2732 καλῦπτον
3706 2675 3808 2729 αὑ-

2228 2771 2322 2825 τοῦ
2352 2771 2420 2824 τά
2452 2773 2739 2842 ἀσχήμονα
2762 2787 2774 2799 ο
2804 2773 2900 2824 καὶ
2931 2770 3123 2834 τοῦτο,
3156 2769 3248 2822 ὲάν
3281 2769 3406 2840 δόξῃ
3439 2767 3547 2824 τῶν
3581 2768 3810 2822 οἰκετῶν

2229 2869 2341 2924 τοῖς
2397 2863 2858 2935 περιστέλλουσιν.
2931 2863 3236 2934 Ἀγαπητὸν
3279 2862 3428 2932 αὐτῷ
3472 2862 3576 2931 γῆς
3620 2850 3809 2932 όλίγης

2230 2957 2415 3028 λαχεῖν
2434 2971 2445 2984 ·
2487 2957 2581 3009 καὶ
2609 2955 2812 3026 ταύτης
2840 2956 2906 3010 δι’
2940 2951 3119 3009 οἶκτον
3161 2955 3441 3025 διδομένης
3477 2953 3626 3022 αὐτῷ
3657 2951 3808 3025 παρὰ

2232 3049 2337 3101 τῶν
2368 3047 2725 3118 κηδευόντων,
2762 3047 2957 3108 οἵτινες
2985 3044 3134 3113 αὐτῷ
3168 3047 3494 3113 παρέχονται
3527 3043 3700 3096 ταῦτα
3727 3044 3808 3095 ai-

2234 3140 2313 3192 δοῖ
2357 3139 2455 3206 τῆς
2503 3137 2688 3206 κοινῆς
2727 3138 2820 3189 καὶ
2869 3135 2979 3203 (‘22)
3021 3134 3369 3205 ἀνθρωπίνης
3420 3134 3654 3202 φύσεως,
3709 3132 3808 3186 οὐκ

2235 3227 2381 3299 αὐτῷ
2417 3227 2783 3299 χαριζόμενοι,
2809 3226 2945 3280 ἀλλά
2967 3225 3236 3296 τιμῶντες
3264 3226 3361 3296 τὴν
3392 3225 3806 3296 ἀνθρωπότητα.

2233 3321 2323 3392 Μὴ
2361 3320 2684 3390 μικροψύχει
2713 3316 2804 3373 οὖν
2845 3319 2974 3390 περὶ
3011 3319 3075 3371 τὰ
3108 3318 3368 3389 παρόντα,
3398 3318 3535 3372 ἀλλά
3572 3318 3807 3388 ἀνάμενε

2231 3413 2328 3483 τὴν
2377 3413 2651 3483 μακαρίαν
2697 3412 2911 3480 ἐκείνην
2961 3409 3106 3482 ζωὴν
3149 3409 3240 3463 καὶ
3287 3411 3608 3481 ἀπέραντον.
3648 3409 3808 3477 Ὀψει

2233 3505 2342 3575 γάρ
2371 3505 2512 3565 τότε,
2541 3504 2622 3556 ὅτι
2649 3503 2784 3577 πρὸς
2809 3501 2971 3556 καλοῦ
3003 3502 3209 3570 γίνεται
3235 3500 3311 3568 τῷ
3337 3499 3528 3568 δικαίῳ
3558 3499 3591 3569 ἡ
3626 3499 3808 3562 πενία,

2233 3597 2328 3651 καὶ
2369 3599 2402 3666 ἡ
2439 3595 2642 3663 ἀδοξία,
2684 3596 2778 3650 καὶ
2816 3598 2848 3665 ἡ
2893 3594 3146 3665 στέρησις
3177 3594 3275 3660 τῆς
3311 3589 3541 3660 τρυφῆς.
3574 3590 3686 3642 Καὶ
3735 3590 3809 3660 μὴ

2233 3689 2508 3760 ταραχοῇς
2533 3688 2626 3740 νῦν
2658 3689 2750 3740 ἐπὶ
2784 3691 2894 3748 τοῖς
2916 3682 3286 3753 νομιζομένοις
3317 3679 3558 3748 ἀγαθοῖς,
3590 3680 3667 3742 ὡς
3705 3680 3808 3732 ἀδί-

2235 3797 2344 3841 κως
2389 3777 2787 3848 μεριζομένοις.
2837 3772 3067 3843 Ἀκούσῃ
3098 3769 3206 3840 γάρ
3241 3768 3358 3831 πῶς
3389 3768 3464 3838 τῷ
3509 3769 3607 3839 μὲν
3642 3769 3807 3822 πλου-

2237 3873 2335 3941 σίῳ
2371 3871 2714 3941 λεχθήσεται⁹
2761 3867 3071 3930 Ἀπέλαὸες
3103 3862 3175 3915 τὰ
3223 3861 3412 3930 ἀγαθά
3453 3878 3568 3915 σου
3618 3863 3689 3915 ἐν
3733 3861 3808 3928 τῇ

2233 3955 2345 4023 ζωῇ
2374 3969 2521 4008 σου⁶
2557 3955 2635 4026 τῷ
2662 3955 2718 4006 δὲ
2759 3953 2969 4023 πένητι,
3004 3954 3084 4004 ὅτι
3127 3951 3323 4019 ἀπέχει
3366 3949 3435 4002 τὰ
3475 3955 3620 4003 κακά
3653 3953 3710 4003 tv
3741 3954 3807 4020 τῇ

2234 4045 2346 4118 ζωῇ
2382 4044 2565 4100 αὐτοῦ.
2610 4045 2809 4114 Διόπερ
2845 4042 3152 4104 ἀκολούθως
3188 4043 3217 4093 ὁ
3253 4041 3349 4110 μὲν
3385 4040 3805 4110 παρακαλεῖται.

2234 4140 2262 4192 ὁ
2296 4139 2352 4192 δὲ
2388 4138 2657 4191 όδυνᾶται.
2701 4135 3229 4205 Ἐξομολογήσεταί
3273 4150 3390 4199 σοι,
3423 4133 3569 4186 ὅταν
3597 4134 3808 4200 ἁγαθύ-

2235 4246 2347 4296 νῃς
2369 4228 2526 4294 αὺτῷ
2554 4229 2686 4300 (25).
2714 4229 2850 4301 Περὶ
2869 4227 2961 4281 τοῦ
2991 4226 3174 4298 χοϊκοῦ
3202 4224 3486 4297 ἀνθρώπου
3513 4225 3606 4277 κα).
3630 4224 3810 4292 ἀγαθά

2236 4320 2543 4390 νομίζοντος
2571 4317 2708 4374 εἶναι
2752 4321 2888 4390 μόνα
2928 4319 2995 4372 τὰ
3039 4317 3128 4371 τοῦ
3161 4316 3275 4388 βίου
3319 4313 3507 4369 τούτου
3539 4318 3810 4386 προτερή-

2241 4431 2404 4483 ματα,
2457 4412 2704 4476 πλοῦτον,
2745 4413 2839 4466 κα)⁸
2888 4411 3118 4478 ὑγίειαν,
3157 4409 3251 4462 καὶ
3296 4408 3635 4472 δυναστείαν,
3680 4408 3810 4475 περὶ

2236 4503 2421 4555 τούτου
2451 4505 2635 4572 φησὶν,
2662 4505 2741 4555 ὅτι
2776 4501 3224 4571 ἐξομολογήσεται
3255 4500 3334 4567 τῷ
3357 4497 3493 4566 Θεῷ,
3526 4498 3651 4550 ὅταν
3683 4497 3809 4564 ἀγαο

2241 4590 2498 4662 θύνηται·
2552 4593 2608 4643 tv
2659 4592 2714 4643 δὲ
2771 4593 2881 4654 τοῖς
2937 4590 3339 4659 περιστατικοῖς
3397 4587 3576 4638 πᾶσαν
3616 4585 3810 4655 ἀφίησι

2239 4686 2568 4757 δυσφημίαν.
2605 4685 2934 4740 Καταλιπὼν
2977 4686 3085 4757 γὰρ
3122 4685 3213 4739 τὸν
3254 4683 3497 4752 πένητα,
3541 4679 3678 4751 πρὸς
3721 4680 3809 4732 τὸν

2241 4778 2371 4831 Θεὸν
2407 4778 2506 4850 ἥδη
2551 4781 2781 4832 ποιεῖται
2813 4777 2902 4832 τὸν
2940 4777 3128 4846 λόγον·
3171 4779 3228 4829 tv
3270 4773 3574 4845 κατηγορίᾳ
3615 4775 3680 4844 τῇ
3717 4771 3808 4824 τοῦ

2240 4871 2468 4923 πλούτου
2499 4870 2611 4941 (24)
2655 4869 3098 4940 παραλαμϐάνων
3144 4870 3238 4922 καὶ
3280 4868 3342 4921 τὸ
3379 4869 3436 4920 tv
3480 4868 3548 4937 τῇ
3588 4865 3808 4936 εύθηνίᾳ

2235 5208 2330 5262 tini
2371 5217 2556 5264 sextus
2587 5217 2641 5263 et
2675 5208 2938 5274 septimus
2971 5223 3094 5263 cum
3118 5207 3250 5277 Reg.
3284 5207 3445 5262 tertio
3477 5205 3809 5274 ἐξομολογή-

2236 5295 2409 5331 σεται.

2309 5348 2433 5429 (24)
2464 5347 2604 5429 [ξάίίὶ
2649 5362 2768 5429 cum
2802 5363 2943 5429 mss:
2974 5364 3077 5429 non
3111 5347 3296 5415 paucis
3330 5349 3386 5429 ἐν
3410 5345 3720 5429 κατηγορία
3748 5343 3808 5425 τὰ

2247 5399 2340 5471 τοὺ
2377 5399 2626 5470 πλούτου.
2684 5418 2751 5470 At
2800 5416 2966 5472 Cuisl.
3010 5420 3067 5470 tv
3103 5399 3401 5488 κατηγορίᾳ
3435 5419 3497 5485 τῇ
3529 5399 3799 5488 τοῖπλούζ

2247 5507 2363 5542 του.
2391 5489 2748 5541 Combefisius
2771 5503 2835 5540 ex
2867 5489 3064 5541 Catena
3102 5484 3386 5557 legendum
3415 5496 3608 5557 censet
3646 5484 3704 5535 tv
3732 5485 3808 5557 τῇ

2249 5557 2554 5630 κατηγορίᾳ
2598 5558 2710 5630 τοῦλ
2743 5558 2970 5630 πλούτου
3025 5576 3053 5630 ξ)
3095 5555 3274 5630 a_'qua
3308 5556 3614 5630 conjectura
3644 5555 3810 5606 codex

2247 5625 2413 5683 Coisl.
2453 5625 2554 5681 non
2609 5628 2830 5680 multmn
2881 5629 3102 5680 abludit.
3139 5627 3339 5680 lbiilcm
3392 5625 3518 5677 editi
3579 5633 3633 5676 et
3682 5639 3807 5676 mss.

2249 5699 2483 5751 nonnulli
2528 5698 2621 5749 καὶ
2645 5698 2702 5749 τὸ
2730 5700 2785 5749 tv
2817 5701 2904 5767 τῇ.
2958 5697 3060 5750 Alii
3095 5698 3314 5767 quidam
3351 5711 3479 5746 mss.
3517 5695 3610 5746 καὶ
3657 5694 3810 5746 τοῦτο

2249 5772 2304 5820 ὲν
2329 5772 2418 5839 τῇ.
2453 5769 2583 5839 Reg.
2611 5779 2832 5835 quartus
2860 5766 2958 5819 καὶ
2993 5768 3147 5818 τοῦτο
3177 5766 3236 5819 τὸ
3277 5769 3331 5818 tv
3365 5768 3451 5835 τῇ.
