4016 6436
230 391 332 447 457

1334 386 1617 441 llO-lllLlA
1659 386 1723 442 IN
1762 386 2093 443 PSALMUM
2136 388 2365 448 XLVIII.

3357 397 3458 448 458

233 503 370 575 μόνῃ
401 502 738 575 εὐχαριστεῖν
770 499 847 571 τῷ
877 501 1013 569 Θεῷ,
1059 501 1519 572 σκυθρωποτέρων
1548 502 1603 555 δέ
1639 521 1798 556 τινων

1905 517 2000 556 nec
2046 504 2274 572 amplius
2314 509 2451 561 idem
2491 515 2839 577 permaneat,
2877 508 2962 561 ubi
3003 523 3088 562 res
3133 509 3325 577 aliqua:
3362 511 3458 559 tri-

231 597 626 667 περιστάντων,
674 595 869 664 μηκέτι
911 593 1000 646 τὸν
1035 596 1192 648 αὑτὸν
1223 595 1514 664 διαμένειν.
1551 599 1798 652 Τοιοῦτον

229 690 337 756 γάρ
362 691 476 743 ἐστι
508 690 600 742 καὶ
624 687 685 738 τὸ
712 686 806 738 τοῦ
829 686 1073 740 διαϐόλου
1100 690 1178 749 εἰς
1205 689 1539 758 κατηγορίαν
1566 708 1802 760 προσφε-

237 784 460 855 ρόμενον
501 781 577 851 τῷ
606 781 716 851 (25)
763 781 902 846 Ἰὼὸ,
938 784 1018 836 ὅτι
1073 783 1132 834 οὐ
1186 781 1394 852 δωρεὰν
1433 782 1648 836 σέϐεται
1682 785 1800 837 Ἰὼϐ

233 878 322 931 τὸν
349 876 574 945 Κύριον,
601 872 737 928 ἀλλὰ
771 874 956 943 μισθὸν
979 875 1088 944 ἔχει
1108 875 1205 943 τῆς
1234 875 1510 937 εὐσεῦείας
1528 876 1619 928 τὸν
1641 876 1803 929 πλοῦ-

231 986 322 1020 τον
342 1008 356 1030 ,
389 964 576 1017 καὶτὰ
597 965 777 1023 λοιπά.
805 969 894 1022 Διὸ
924 969 1015 1021 καὶ
1048 970 1126 1030 εἰς
1149 969 1419 1035 ἀπόδειξιν
1451 970 1549 1040 τῆς
1583 970 1675 1023 τοῦ
1709 973 1801 1025 ἁν-

233 1057 356 1126 δρὸς
400 1056 598 1126 ἀρετῆς
632 1055 945 1127 ἐγύμνωσεν
980 1055 1140 1110 αὑτὸν
1174 1061 1202 1112 6
1235 1059 1364 1125 Θεὸς
1406 1053 1480 1112 ὧν
1514 1054 1678 1130 εἶχεν,
1716 1061 1800 1114 ἵνα

232 1146 320 1199 διὰ
361 1146 579 1199 πάντων
620 1146 854 1218 διαφανῇ
892 1148 954 1200 τὸ
1000 1148 1134 1217 πρὸς
1172 1151 1301 1204 Θεὸν
1343 1149 1684 1220 εὐχάριστον,
1708 1151 1799 1204 τοῦ

232 1237 330 1291 ἀνθ
338 1237 542 1309 ρώπου.

304 1339 393 1392 ll.
430 1341 768 1407 Εἱσελεύσῃ
795 1340 905 1410 (26)
933 1341 1041 1409 ἓως
1073 1344 1278 1412 γενεᾶς
1301 1342 1568 1412 ,πατέρων⁵
1592 1344 1796 1399 αὑτοῦ.

233 1425 400 1502 Οἶμαι
434 1432 611 1503 λέγειν
643 1434 769 1503 περὶ
801 1433 894 1486 τοῦ
923 1437 1267 1508 ἀμαρτωλοῦ,
1295 1439 1377 1489 ὅτι
1406 1438 1653 1492 τοσοῦτον
1683 1441 1802 1492 ἐπι-

231 1523 487 1592 γινώσκει
515 1525 646 1577 Θεὸν
671 1525 803 1596 (27),
832 1528 956 1581 ὅσον
985 1531 1015 1598 ἡ
1041 1529 1147 1580 τῶν
1175 1529 1424 1598 πατέρων
1467 1531 1630 1584 αὑτοῦ
1681 1550 1802 1586 συν-

233 1615 390 1686 ήθεια
413 1617 780 1687 παραδέδωκε·
810 1622 874 1690 τῇ
906 1621 961 1671 δὲ
995 1620 1171 1691 οἰκείᾳ
1202 1620 1295 1672 τοῦ
1329 1625 1544 1692 φρονεῖν
1576 1624 1801 1698 δυνάμει

231 1707 382 1760 οὐδὲν
418 1708 576 1762 πλέον
612 1713 968 1781 προσκτᾶται,
995 1711 1114 1763 οὐδὲ
1140 1713 1489 1786 προστίθησιν
1515 1720 1688 1791 ἑαυτῷ
1722 1724 1801 1786 είς

232 1799 329 1869 τὴν
362 1799 463 1868 τῆς
497 1800 750 1870 ἀληθείας
799 1801 1111 1867 ἐπίγνωσιν.
1163 1805 1428 1861 Τοσοῦτον
1472 1805 1598 1875 οῦν,
1636 1813 1797 1881 φησὶ,

233 1890 509 1958 παραγίνῃ
547 1890 631 1953 σὺ,
666 1891 693 1940 6
725 1890 875 1954 Θεὸς,
919 1892 1012 1946 καὶ
1039 1895 1274 1967 τοσαύτη
1309 1899 1456 1951 ἐστὶν
1495 1901 1552 1952 ὲν
1584 1903 1730 1970 αὑτῷ
1771 1905 1802 1971 ἡ

234 1978 361 2046 περὶ
391 1977 484 2031 σοῦ
514 1978 711 2045 ἔννοια,
743 1981 840 2053 ὅση
869 1984 926 2036 ἐν
949 1987 1015 2055 τῇ
1039 1988 1201 2055 γενεᾷ
1225 1988 1332 2038 τῶν
1363 1989 1613 2057 πατέρων
1640 1993 1802 2044 αὐτοῦ

234 2067 468 2140 ὑπῆρχε.
517 2072 628 2124 Καὶ
669 2074 899 2129 ἐνταῦθα
945 2077 1006 2127 τὸ
1053 2076 1219 2145 ἀργὸν
1265 2076 1400 2130 πολὺ
1440 2078 1538 2148 τῆς
1570 2079 1806 2146 διανοίας

231 2160 327 2212 καὶ
360 2160 480 2215 ὅλον
516 2164 701 2232 γήϊνον
735 2167 827 2217 καὶ
866 2165 1191 2235 φιλόσαρκον
1224 2166 1314 2219 τοῦ
1363 2169 1421 2221 έν
1465 2170 1678 2243 πλούτῳ
1712 2173 1804 2228 καὶ

229 2256 409 2323 τρυφῇ
446 2255 764 2325 κυλιομένου
793 2258 1112 2328 παρίστησι,
1142 2261 1235 2313 καὶ
1261 2260 1354 2315 τοῦ
1385 2263 1522 2336 ὑπὲρ
1547 2266 1652 2319 τῶν
1679 2266 1804 2336 βιω⁶

229 2344 397 2396 τικῶν
436 2346 712 2415 μεριμνῶν
742 2351 1249 2422 καταπεπνιγμένον
1282 2354 1372 2407 τὸν
1413 2356 1534 2408 νοῦν
1569 2358 1800 2425 ἔχοντος.

229 2437 334 2490 Διὰ
365 2438 537 2493 τοῦτο
562 2439 672 2504 ἕως
699 2440 914 2509 αἰῶνος
934 2447 1045 2501 οὐκ
1073 2447 1279 2516 ὄψεται
1308 2449 1452 2517 φῶς.
1484 2451 1545 2502 Ol
1576 2452 1682 2522 γὰρ
1711 2469 1804 2504 τυ-

231 2528 385 2597 φλοῖς
417 2527 754 2597 διδασκάλοις
788 2535 886 2606 τὴν
919 2536 1139 2606 ὁδηγίαν
1168 2539 1376 2591 ἑαυτῶν
1414 2541 1804 2612 ἐπιτρέψαντες

229 2621 533 2693 ἐστέρησαν
589 2626 813 2690 ἑαυτοὺς
874 2628 972 2696 τῆς
1029 2628 1122 2680 τοῦ
1185 2631 1362 2699 φωτὸς
1429 2633 1798 2700 ἀπολαύσεως.

234 2708 388 2779 Ἔχει
411 2711 467 2763 δὲ
499 2711 610 2782 (9.8)
642 2714 734 2767 καί
761 2716 887 2766 ’τινα
919 2716 1157 2772 τοιοῦτον
1190 2721 1311 2773 νοῦν
1349 2723 1433 2787 τὸ,
1463 2725 1802 2797 Εἱσελεύσῃ

228 2802 343 2866 ἕως
371 2802 575 2873 γενεᾶς
602 2805 870 2874 πατέρων
903 2810 1109 2867 αὐτοῦ.
1145 2812 1420 2880 Τουτέστι,
1456 2816 1583 2880 τοὺς
1609 2821 1666 2871 ὲν
1707 2837 1804 2874 πο-

230 2892 384 2964 νηρῷ
425 2893 521 2964 βίῳ
559 2895 652 2948 καὶ
681 2896 910 2968 δόγμασι
948 2900 1196 2973 πατρίοις
1237 2904 1363 2973 μὲν,
1409 2906 1702 2980 ἀλλοτρίως
1745 2910 1802 2964 δὲ

231 2983 415 3052 ἔχουσι
439 2985 574 3054 πρὸς
606 2986 702 3058 τὴν
737 2989 1038 3056 εὐσέϐειαν,
1072 2995 1515 3066 καταληφθέντας
1547 3000 1676 3072 (29),
1704 3003 1804 3058 οὐκ

232 3073 432 3160 αὐτοὺς
464 3075 702 3160 ἐκδικεῖς
737 3079 915 3147 μόνον,
944 3082 1078 3135 ἀλλὰ
1107 3086 1201 3136 καὶ
1232 3086 1359 3149 τοὺς
1389 3088 1666 3160 ἀρχηγοὺς
1694 3094 1801 3146 τῶν

235 3156 528 3228 μοχθηρῶν
557 3161 898 3233 διδαγμάτων
932 3167 1229 3239 ἐπιζητεῖς.
1275 3175 1384 3227 Καὶ
1601 3183 1715 3232 ἐστι
1742 3183 1802 3235 τὸ

232 3249 523 3319 λεγόμενον
556 3253 666 3322 (50)
689 3271 703 3284 ·
745 3259 1081 3330 Εἱσελεύσῃ
1129 3262 1239 3330 ἕως
1283 3266 1491 3334 γενεᾶς
1537 3272 1804 3342 πατέρων

233 3344 442 3398 αὑτοῦ.
477 3347 549 3398 Οὺ
579 3348 686 3419 γὰρ
714 3349 874 3420 μόνον
905 3352 932 3405 6
959 3354 1199 3426 πονηρὰς
1230 3356 1367 3427 ἔχων
1397 3362 1522 3433 περὶ
1550 3363 1683 3418 Θεοῦ
1716 3368 1802 3419 ὲν-

233 3433 386 3497 νοίας
407 3436 670 3502 ὑπαίτιος,
698 3440 832 3494 ἀλλὰ
849 3443 943 3496 καὶ
969 3445 995 3496 6
1020 3444 1223 3499 τούτων
1247 3449 1381 3518 πρὸς
1408 3449 1505 3520 τὴν
1529 3452 1803 3508 ἀπώλειαν

234 3524 438 3618 ταύτην
466 3527 934 3601 καθηγησάμενος.
979 3535 1220 3590 Τοιοῦτοι
1255 3538 1312 3592 δὲ
1349 3541 1398 3592 οί
1433 3543 1525 3595 καὶ
1547 3544 1644 3616 τὴν
1673 3564 1802 3618 προ-

237 3615 410 3682 γόνων
440 3620 635 3674 κακίαν
663 3621 1051 3694 διαδεξάμενοι,
1075 3631 1166 3682 καὶ
1194 3631 1542 3688 δυσέκνιπτον
1565 3615 1797 3707 ἔχοντες,

236 3705 326 3758 διὰ.
363 3708 424 3760 τὸ
464 3711 660 3781 χρονίῳ
701 3712 811 3766 ἔθει
843 3714 1223 3788 βεϐαιωθῆναι.
1256 3723 1407 3789 "Eme;
1449 3705 1660 3794 αἰῶνος
1691 3705 1800 3785 οὐκ

238 3796 446 3865 ὄψεται
470 3801 612 3868 φῶς.
643 3804 953 3874 Πέμπονται
977 3809 1084 3881 γὰρ
1109 3815 1211 3879 Εἰς
1235 3813 1299 3866 τὸ
1327 3819 1545 3885 σκότος
1575 3822 1636 3875 τὸ
1663 3824 1804 3888 ἐξώ-

239 3904 412 3955 τερον
431 3906 443 3918 ·
473 3889 600 3944 ἐκεῖ
620 3891 788 3947 ἔσται
820 3899 852 3948 ό
891 3899 1195 3967 κλαυθμὸς
1226 3903 1319 3954 καὶ
1346 3907 1377 3956 ό
1392 3905 1662 3975 βρυγμὸς
1686 3911 1804 3964 τῶν

240 3980 532 4034 ὀδόντωνσ
584 3986 678 4037 καὶ
723 3985 879 4038 τοῦτο
911 3989 1051 4042 κατὰ
1083 3989 1179 4060 τὴν
1213 3991 1427 4048 δικαίαν
1475 3997 1653 4068 κρίσιν
1701 4001 1794 4054 τοῦ

239 4071 375 4124 Θεοῦ
404 4073 779 4143 ὑπομένουσιν,
814 4080 996 4152 ἐπειδὴ
1033 4084 1089 4134 ὲν
1119 4082 1196 4153 τῷ
1233 4084 1330 4156 βίῳ
1362 4087 1553 4160 τούτῳ,
1587 4091 1672 4145 διὰ
1706 4093 1797 4146 τοῦ

239 4160 310 4214 τὰ
339 4163 515 4230 φαῦλα
548 4166 655 4234 (51)
685 4169 967 4237 πράσσειν,
1016 4173 1240 4243 ἐμίσουν
1274 4177 1333 4228 τὸ
1368 4180 1500 4247 φῶς.
1553 4183 1798 4252 Ἄνθρω-

241 4269 374 4318 πος,
400 4255 468 4308 ἐν
490 4257 625 4326 τιμῇ
650 4256 752 4322 ὢν,
774 4264 844 4314 οὐ
877 4264 1126 4332 συνῆκε·
1155 4273 1653 4342 παρασυνεϐλήθη
1680 4278 1803 4344 τοῖς

243 4345 490 4412 κτήνεσι
524 4350 644 4416 τοῖς
668 4351 962 4421 ἀνοήτοις,
991 4357 1087 4409 καὶ
1114 4358 1375 4429 ὡμοιώθη
1405 4365 1625 4430 αὐτοῖς.
1668 4368 1800 4438 Σχε-

239 4439 522 4512 τλιαστικὴ
552 4443 584 4512 ἡ
613 4445 779 4515 φωνή.
816 4446 1151 4518 Ἀνθρωπος,
1189 4452 1216 4502 6
1249 4451 1421 4523 βραχύ
1453 4471 1503 4505 τι
1541 4458 1669 4526 παρ’
1700 4459 1799 4527 ἀγ-

1904 597 2100 651 Stiores
2124 599 2438 654 acciderim.
2461 601 2589 657 Tale
2613 601 2756 658 enim
2787 610 2868 655 est
2887 603 3050 655 etiam
3078 601 3206 655 illud
3229 601 3454 664 diaboli,

1904 688 1956 743 iu
1989 693 2230 746 criminis
2259 693 2377 746 loco
2407 695 2672 761 ohjectum
2709 692 2865 759 Jobo,
2899 697 3040 764 quod
3067 693 3165 749 Job
3196 709 3298 747 non
3333 708 3454 761 gra-

1903 784 1972 837 tis
2000 784 2139 838 colat
2163 784 2448 839 Dominum
2475 786 2516 850 ³,
2548 789 2640 842 sed
2667 786 2882 844 divitias
2910 786 3211 840 mercedem
3241 784 3462 854 pietatis

1903 875 2168 941 obtineat,
2204 886 2259 931 et
2297 877 2522 947 reliqua.
2553 878 2756 937 Idcirco
2782 881 2944 938 etiam
2979 880 3042 931 ad
3077 876 3462 933 ostendendam

1903 967 2006 1020 viri
2038 969 2312 1034 virtutem,
2334 984 2455 1022 eum
2487 969 2553 1023 iis
2583 983 2699 1038 qua:
2728 969 3278 1040 possidehatprivavit
3301 968 3461 1031 Deus,

1905 1071 1960 1115 ut
1987 1062 2041 1115 in
2077 1061 2327 1117 omnibus
2356 1072 2540 1134 gratus
2575 1063 2811 1119 hominis
2843 1067 2893 1120 in
2929 1065 3096 1120 Deum
3132 1063 3346 1116 animus
3378 1061 3462 1115 in-

1904 1161 2229 1210 notesceret.

1975 1337 2059 1393 ll.
2104 1337 2267 1392 Vsus.
2300 1335 2388 1390 20.
2414 1335 2662 1392 Introibis
2687 1353 2847 1408 usque
2871 1338 2924 1391 in
2959 1342 3227 1407 progenies
3251 1349 3463 1408 patrum

1904 1428 2083 1496 ipsius.
2122 1430 2283 1500 188
2309 1431 2556 1487 Arbitror
2582 1447 2703 1486 eum
2735 1431 2835 1486 hoc
2861 1433 2925 1486 de
2959 1439 3238 1500 peccatore
3264 1433 3460 1494 dicere,

1905 1522 2043 1590 quod
2064 1531 2266 1576 tantum
2282 1525 2554 1592 cognoscit
2575 1524 2766 1587 Deum,
2785 1531 3044 1593 quantum
3071 1531 3278 1590 patrum
3298 1522 3462 1589 ipsius

1904 1613 2236 1665 consuetudo
2273 1614 2522 1680 tradidit;
2578 1616 2790 1684 pmpria
2829 1629 2958 1669 vero
2998 1612 3241 1682 sapieudi
3290 1610 3462 1664 facul-

1905 1715 2015 1760 tate
2049 1706 2180 1760 nihil
2219 1707 2449 1777 amplius
2483 1709 2749 1775 acquirit,
2782 1723 2951 1776 neque
2980 1715 3136 1777 parat
3177 1705 3280 1759 sibi
3311 1705 3467 1774 quid-

1903 1813 2066 1869 quam
2119 1798 2184 1852 ad
2218 1799 2461 1853 veritatis
2501 1798 2850 1866 agnitionem.
2889 1797 3116 1851 Tantum
3163 1798 3343 1867 igitur,
3381 1797 3465 1850 in-

1841 1874 1880 1927 Β
1906 1891 2043 1960 quit,
2077 1890 2288 1946 accedis
2317 1900 2392 1955 tu,
2431 1889 2590 1955 Deus,
2627 1899 2680 1943 et
2708 1898 2853 1944 tanta
2879 1888 2928 1944 ei
2962 1888 3029 1944 de
3068 1898 3117 1941 te
3142 1891 3280 1943 inest
3309 1886 3467 1942 intel-

1908 1981 2163 2049 ligentia,
2232 1993 2432 2048 quanta
2493 1983 2544 2034 in
2601 1980 2950 2050 generatione
3016 1988 3229 2046 patrum
3296 1979 3464 2046 ipsius

1906 2073 2134 2129 exstitit.
2189 2072 2255 2126 Et
2298 2073 2387 2128 hic
2438 2073 2676 2127 animum
2730 2071 2881 2126 valde
2923 2072 3150 2125 inertem
3197 2078 3251 2124 et
3295 2079 3462 2123 totum

1909 2176 2182 2222 terrenum
2228 2182 2291 2222 ac
2325 2165 2474 2222 carni
2521 2166 2794 2220 addictum
2841 2163 3057 2218 exhibet
3085 2163 3225 2230 ejus,
3272 2163 3362 2232 qui
3412 2163 3464 2216 in

1905 2259 2107 2313 divitiis
2145 2259 2462 2328 deliciisque
2487 2258 2781 2321 volutatur,
2815 2272 2878 2311 ac
2906 2266 3141 2310 mentem
3174 2256 3334 2310 habet
3366 2255 3467 2308 hu-

1901 2349 1988 2418 jus
2011 2352 2131 2403 vitae
2158 2349 2301 2403 curis
2330 2347 2667 2404 sull'ocatam.
2700 2347 3033 2418 Quapropter
3055 2364 3218 2418 usque
3240 2348 3294 2400 in
3320 2356 3469 2400 teter—

1906 2453 2029 2490 num
2069 2454 2170 2492 non
2201 2440 2386 2492 videbit
2416 2441 2607 2493 lumen.
2639 2439 2740 2504 Qui
2766 2441 2907 2494 enim
2943 2455 3002 2493 se
3037 2442 3194 2494 caecis
3227 2439 3465 2493 doctori-

1905 2529 2004 2586 bus
2056 2529 2330 2584 ducendos
2369 2530 2771 2594 commiserint,
2818 2529 3140 2600 semetipsos
3182 2529 3316 2583 lucis
3367 2544 3465 2582 usu

1905 2622 2270 2691 privaverunt.
2307 2621 2447 2689 Quin
2472 2630 2527 2678 et
2553 2621 2713 2676 talem
2747 2622 3031 2691 quemdam
3057 2636 3273 2675 sensum
3300 2620 3463 2675 habet

1903 2719 2067 2783 illud,
2115 2717 2365 2774 Introibis
2406 2735 2566 2790 usque
2606 2720 2661 2773 in
2697 2719 2966 2788 progenies
3021 2730 3230 2782 patrum
3275 2719 3462 2788 ipsius.

1908 2809 2017 2864 Hoc
2061 2819 2164 2874 est,
2197 2825 2311 2874 eos,
2344 2812 2434 2878 qui
2481 2811 2537 2864 in
2582 2809 2717 2863 mala
2749 2810 2855 2862 vita
2889 2821 2942 2863 et
2988 2811 3328 2878 dogmatibus
3360 2824 3457 2875 pa-

1905 2901 2072 2955 ternis
2121 2900 2371 2970 quidem,
2429 2899 2524 2954 sed
2573 2913 2601 2951 a
2641 2899 2839 2968 pietate
2885 2900 3093 2965 alienis,
3142 2901 3465 2969 deprehensi

1903 3001 2046 3058 sunt,
2079 3006 2186 3048 non
2220 2991 2501 3048 ulcisceris
2531 2991 2710 3058 modo,
2744 2993 2837 3046 sed
2870 3000 3116 3046 auctores
3144 2992 3308 3045 etiam
3341 3006 3466 3060 pra-

1901 3101 2093 3142 vorum
2121 3085 2430 3152 dogmatum
2468 3084 2722 3152 inquiris.
2757 3084 2932 3153 Atque
2968 3085 3070 3140 hoc
3097 3095 3180 3140 est
3207 3087 3350 3155 quod
3383 3087 3465 3138 di-

1905 3179 2044 3234 citur
2080 3196 2093 3232 :
2130 3178 2380 3232 Introibis
2429 3193 2590 3246 usque
2627 3177 2682 3231 in
2716 3179 2987 3248 progenies
3017 3189 3228 3248 patrum
3275 3181 3463 3249 ipsius.

1907 3267 2021 3322 Non
2050 3270 2190 3322 enim
2220 3271 2391 3324 solum
2421 3272 2510 3341 qui
2541 3286 2704 3342 prave
2734 3271 2800 3326 de
2832 3270 2941 3324 Deo
2970 3272 3155 3333 sentit,
3188 3287 3312 3326 reus
3335 3281 3419 3325 est
3448 3291 3461 3325 :

1906 3358 1999 3413 sed
2035 3359 2196 3412 etiam
2225 3362 2315 3429 qui
2359 3363 2480 3418 aliis
2521 3364 2588 3416 ad
2635 3363 2777 3416 hanc
2818 3361 3178 3431 perditionem
3231 3363 3460 3431 praaivit.

1906 3451 2179 3522 Ejusmodi
2204 3463 2384 3508 autem
2422 3463 2547 3508 sunt
2574 3463 2628 3508 et
2656 3455 2747 3524 qui
2779 3453 3041 3522 majorum
3071 3455 3462 3525 malignitatem

1905 3558 2231 3614 suscepere:
2273 3561 2414 3614 quae,
2445 3547 2588 3617 quod
2617 3547 2822 3601 diutina
2855 3546 3244 3602 consuetudine
3283 3563 3466 3603 corro-

1905 3637 2092 3691 borata
2125 3646 2228 3702 est,
2269 3635 2372 3692 elui
2408 3637 2493 3691 vix
2528 3647 2722 3708 potest.
2777 3636 2948 3708 Usque
2991 3639 3043 3690 in
3079 3648 3330 3692 azternum
3364 3655 3467 3692 non

1903 3731 2087 3786 videbit
2107 3729 2301 3785 lumen.
2331 3730 2616 3785 Mittuntur
2642 3730 2785 3785 enim
2812 3729 2879 3784 In
2902 3731 3136 3784 tenebras
3163 3731 3463 3792 exteriores,

1901 3825 1989 3876 ubi
2026 3825 2120 3878 erit
2149 3825 2304 3894 ﬂetus
2342 3836 2390 3877 et
2426 3824 2623 3878 stridor
2650 3822 2955 3886 dentium‘;
2991 3823 3150 3891 idque
3179 3821 3325 3889 justo
3372 3822 3465 3876 Dei

1899 3915 2100 3984 judicio
2130 3918 2423 3985 patiuntur,
2460 3931 2581 3968 cum
2614 3916 2665 3968 in
2701 3915 2800 3968 hac
2836 3916 2940 3968 vita
2986 3915 3129 3969 inter
3173 3914 3312 3968 mala
3366 3931 3464 3984 pa-

1903 4007 2088 4061 tranda
2121 4006 2333 4061 oderint
2360 4006 2559 4059 lumen.
2590 4006 2751 4061 Vsus.
2798 4007 2888 4063 21.
2920 4007 3094 4061 Homo
3123 4025 3240 4060 eum
3278 4010 3330 4062 in
3371 4009 3464 4060 Ito-

1905 4115 2030 4152 nore
2070 4109 2221 4164 esset,
2265 4114 2366 4152 non
2406 4100 2695 4165 intellexit;
2739 4111 3074 4168 comparatus
3110 4112 3181 4154 est
3206 4102 3465 4170 jumeutis

1901 4191 2284 4259 insipientibus,
2331 4202 2378 4245 et
2409 4193 2597 4246 similis
2630 4195 2802 4261 factus
2845 4202 2921 4247 est
2977 4195 3101 4247 illis.
3143 4195 3465 4249 Miserabilis

1903 4299 2025 4338 vox.
2066 4284 2256 4348 Homo,
2285 4285 2442 4355 paulo
2461 4287 2663 4356 angelis
2693 4287 2971 4350 inferior',
3010 4289 3073 4341 de
3106 4303 3212 4357 quo
3235 4299 3290 4342 et
3313 4288 3464 4341 Salo-

1907 4395 2029 4434 mon
2063 4379 2138 4433 ait
2172 4397 2184 4433 :
2223 4379 2470 4450 Magnum
2505 4383 2756 4450 quiddam
2789 4393 2871 4437 est
2913 4384 3092 4443 homo,
3131 4392 3187 4436 et
3226 4398 3312 4436 res
3340 4398 3464 4450 pre-

1909 4472 2041 4528 tiosa
2077 4473 2159 4527 vir
2187 4473 2492 4528 misericors
2513 4474 2534 4505 ⁸
2568 4493 2580 4526 :
2611 4475 2698 4529 hic
2729 4475 2845 4544 ipse
2867 4513 2883 4538 ,
2915 4491 2980 4529 eo
3022 4475 3163 4543 quod
3195 4473 3462 4544 propriam

314 4592 337 4624 ³
374 4593 473 4650 Job
517 4611 550 4656 l,
599 4596 652 4651 9.
733 4602 753 4629 ⁸
793 4597 980 4656 Matth.
1013 4618 1128 4666 vm,
1182 4605 1268 4658 l2.
1343 4607 1363 4637 '
1406 4606 1567 4664 llebr.
1595 4627 1656 4678 Il,
1689 4613 1739 4678 7,
1768 4615 1820 4670 9.
1896 4617 2096 4672 “Prov.
2125 4636 2218 4683 xx,
2249 4619 2302 4671 6.

289 4710 644 4793 _(25_')__Code_x
699 4709 941 4793 Contllel.
989 4729 1106 4793 cum
1159 4718 1322 4793 Coisl.
1354 4724 1796 4793 Δπροφερόμενον

245 4781 344 4850 τῷ.
379 4781 663 4851 aliquanto
689 4793 810 4850 post
831 4783 981 4837 Colb.
1010 4786 1212 4851 primus
1235 4788 1323 4839 τὸν
1345 4781 1495 4842 Θεᾶν.

319 4850 429 4921 (26)
461 4851 606 4921 Regii
659 4855 948 4916 secundus,
984 4850 1171 4910 tertius
1202 4867 1256 4910 et
1301 4871 1485 4913 sextus
1525 4873 1578 4915 et
1633 4864 1797 4920 editio

248 4920 412 4974 Basil.
448 4920 746 4996 εἰσελεύσῃ,
782 4923 1025 4996 introibis
1051 4941 1069 4978 :
1102 4941 1257 4990 quam
1291 4932 1612 4996 scripturam
1640 4943 1694 4986 et
1745 4937 1796 4988 hi

250 5001 362 5044 tres
423 4989 636 5045 codices
686 4989 739 5046 et
796 4994 956 5049 editio
992 4989 1149 5049 Basil.
1201 4998 1253 5050 in
1303 4989 1510 5054 duobus
1549 5004 1680 5056 locis
1714 5020 1797 5058 se-

249 5061 548 5140 quentibus
575 5073 904 5140 constan_ter_
938 5065 1212 5140 exhibent.
1272 5067 1337 5120 Et
1387 5070 1456 5121 ita
1513 5075 1800 5140 scripsisse

249 5129 646 5204 Basiliunt__tota
674 5134 937 5204 orationis
979 5137 1147 5190 series
1191 5148 1373 5204 aperte
1407 5129 1664 5197 ostendil.
1724 5145 1795 5197 lla

249 5215 461 5274 quoque
476 5199 602 5254 olim
634 5199 908 5274 legebatur
924 5206 1062 5271 apud
1083 5214 1191 5260 tres
1215 5199 1553 5274 interpretes,
1577 5223 1798 5268 auctore

251 5270 608 5346 Theodoreto.
642 5270 710 5323 At
757 5270 1047 5346 Colbertiui
1104 5287 1295 5346 sextus
1326 5270 1378 5329 et
1412 5270 1670 5346 septi—mus
1694 5324 1707 5344 ,
1746 5293 1798 5336 et

254 5341 382 5409 Reg.
430 5350 680 5407 quartus,
727 5351 780 5394 et
817 5340 953 5394 Oliv.
1005 5353 1058 5396 et
1100 5345 1237 5398 LXX
1299 5357 1353 5400 et
1402 5340 1567 5402 editio
1629 5340 1798 5406 Paris.

250 5410 904 5486 εἰσελεύσεται,ίηινοὶὺὶι.
939 5412 1034 5486 Ubi
1087 5417 1402 5478 notandum,
1469 5419 1552 5470 hic
1588 5423 1801 5486 quidem

249 5479 540 5554 in‘ultimis
582 5481 750 5554 tribus
783 5483 1056 5554 codicibus
1117 5487 1214 5554 legi
1271 5479 1634 5540 εἰσελεύσεται
1666 5507 1676 5540 :
1710 5494 1802 5545 sed

247 5548 486 5630 inl'r‘amin.
508 5550 693 5630 iisdem
714 5552 892 5630 semel
918 5559 1008 5630 aut
1039 5548 1230 5630 i_te_ru'I_n
1265 5557 1362 5624 legi
1397 5558 1696 5630 εἰσελεύσῃ.

319 5619 430 5691 (eg)
460 5619 546 5671 Ait
578 5620 930 5691 Cmttbelisilts
967 5622 1066 5691 legi
1102 5625 1239 5678 ίωιΙο
1274 5617 1458 5680 errore
1494 5629 1546 5681 iu
1577 5617 1800 5691 Ca‘t'ena,

246 5689 496 5762 τοσοῦτον
550 5689 897 5762 ἐπιγινώσκει
929 5693 955 5744 6
985 5690 1136 5754 Θεός,
1175 5695 1224 5748 id
1271 5702 1408 5762 quod
1463 5700 1533 5751 ita
1580 5689 1804 5752 reddidit

249 5756 554 5826 Curtlet'ius,
607 5761 743 5825 quod
781 5771 983 5814 tantum
1037 5756 1308 5830 cognoscat
1349 5783 1462 5820 eum
1505 5768 1662 5833 Deus,
1693 5783 1794 5824 ctr.

1907 4729 2018 4785 lloc
2045 4731 2184 4787 idem
2234 4745 2517 4802 peccaturo
2568 4747 2621 4791 et
2653 4738 2705 4791 in
2737 4738 2969 4792 editione
3007 4737 3167 4790 Basil.
3191 4746 3245 4791 et
3276 4739 3326 4790 in
3356 4738 3462 4791 Re-

1905 4802 2007 4922 giis
2067 4803 2320 4867 secundo,
2359 4807 2518 4859 tertio
2575 4817 2628 4862 et
2675 4818 2867 4877 quarto
2927 4808 3130 4874 pariter
3175 4811 3460 4875 reperitur.

1948 4871 2010 4922 ed
2043 4881 2218 4922 tamen
2242 4875 2563 4922 scrinlnram
2601 4893 2803 4922 verum-
2838 4876 3086 4922 τοσοῦτον
3112 4878 3460 4922 ὲπιγινιῖισκει

1948 4871 2010 4944 ed
2043 4881 2218 4926 tamen
2242 4875 2563 4941 scripturam
2601 4871 2804 4940 verum,
2838 4871 3086 4931 τοσοῦτον
3112 4871 3462 4944 ἐπιγινώσκει

1905 4938 2056 5001 Θεόν,
2097 4951 2315 4996 tuentur
2349 4938 2458 4998 tum
2487 4948 2652 5002 editio
2679 4938 3019 5010 Parisiensis,
3055 4958 3164 5000 tum
3201 4938 3462 5001 Colberti-

1903 5010 1956 5062 ni
1983 5011 2225 5084 quintus,
2249 5022 2431 5068 sextus
2461 5025 2516 5067 et
2554 5018 2832 5084 septimus.
2866 5018 3060 5072 Ibidem
3094 5017 3258 5070 editio
3299 5017 3456 5070 Busil.

1903 5089 1956 5161 et
1983 5081 2130 5161 Regii
2167 5084 2461 5161 secundus,
2491 5081 2679 5161 tertius
2706 5099 2761 5161 et
2793 5097 3020 5161 quartus
3042 5103 3165 5161 cum
3195 5086 3352 5141 Coisl.
3379 5089 3460 5140 ὅτι

1894 5151 1956 5219 τῇ
1977 5151 2093 5226 ,τῶν
2109 5154 2377 5226 ’πατέρων
2403 5156 2568 5208 αὑτοῦ
2603 5151 2859 5226 συνηθείᾳ
2887 5157 3263 5226 παραδέδοται.

1967 5221 2078 5295 (ἓξ)
2106 5220 2195 5295 Sic
2227 5220 2358 5295 mss.
2393 5239 2621 5294 septem.
2659 5220 2904 5281 Abest-Ss
2929 5220 2996 5280 ab
3028 5229 3204 5282 editis.

1965 5289 2084 5365 (291
2112 5292 2289 5365 Editio
2338 5289 2496 5365 Basili.
2531 5307 2587 5348 et
2629 5307 2859 5365 quatuor
2891 5312 3017 5351 mss.
3071 5296 3459 5363 καταλειφθέν-

1899 5376 2013 5436 τας.
2050 5361 2222 5416 Editio
2277 5379 2402 5436 vero
2440 5364 2612 5436 Paris.
2647 5361 2776 5420 cum
2828 5367 2982 5423 Colb.
3015 5372 3202 5436 quinto
3251 5361 3454 5420 etcum

1903 5429 2223 5504 Reg.__se_xto
2249 5434 2709 5504 καταληφθέντας.

1925 5570 1934 5578 .
1969 5499 2081 5578 (.30)
2114 5500 2256 5571 Regii
2289 5499 2569 5578 tertiuset
2602 5519 2823 5578 quartus
2859 5506 3146 5577 λεγόμενον
3202 5509 3304 5561 ὅτι.
3339 5504 3460 5578 Sta?

1903 5570 1993 5621 tim
2046 5569 2402 5654 llegftertitls
2425 5575 2585 5628 ’ἀλλὰ
2610 5569 2703 5629 καὶ
2741 5577 2767 5628 ὁ
2792 5569 3003 5634 τούτὸυξ
3039 5579 3177 5632 Editi
3211 5589 3264 5632 cl
3303 5573 3460 5631 multi

1901 5655 2028 5691 lllSS.
2051 5657 2255 5695 τουτων
2268 5685 2277 5694 .

1971 5710 2081 5777 (51)
2113 5712 2240 5783 Reg.
2269 5715 2456 5771 tertius
2480 5716 2565 5769 διὰ
2599 5717 2655 5768 τὸ
2686 5717 2751 5770 τὰ
2789 5717 2983 5786 φαῦλα.
