4016 6444
235 373 333 429 461

1362 372 1637 427 llOMlLIA
1677 372 1742 425 IN
1784 371 2109 426 PSALMUM
2150 371 2277 426 LIX.

3342 377 3443 429 462

232 496 338 549 τὸν
363 494 605 562 ἅρματα.
664 493 768 544 Καὶ
810 493 944 560 μετὰ
989 492 1192 561 βραχέα
1224 491 1397 557 λέγει·
1439 491 1546 544 Καὶ
1588 490 1788 543 ἐϐασί-

1895 500 1938 541 ει
1974 500 2083 542 erat
2113 490 2277 544 David
2323 488 2518 556 faciens
2562 489 2811 554 iudicium
2834 499 2882 542 et
2919 491 3197 558 justitiam,
3236 502 3282 545 et
3310 492 3445 548 Joab

235 592 422 640 λευσε
448 586 555 654 (57)
580 583 751 636 Δαϐὶδ
769 583 869 635 ἐπὶ
907 583 1171 651 Ἰσραὴλ,
1190 583 1285 635 καὶ
1312 578 1390 650 ἦν
1411 581 1582 633 Δαϐὶδ
1608 580 1793 633 ποιῶν

236 678 411 743 κρίμα
436 675 531 727 καὶ
561 674 968 740 δικαιοσύνην,
1012 675 1107 725 καὶ
1151 674 1318 724 Ἰωὰϐ
1346 671 1473 737 υἱὸς
1506 672 1793 737 Σαρουτας

235 763 332 814 ἐπὶ
358 760 466 828 τῆς
491 760 787 828 στρατιᾶς.
813 763 920 814 Καὶ
948 760 1060 830 μετ’
1082 760 1235 824 ὀλίγα
1253 776 1266 788 ·
1300 761 1406 812 Kal
1432 759 1794 813 ἀπέστειλαν

236 854 291 905 οἱ
342 851 455 904 υἱοὶ
522 850 759 920 Ἀμμὼν,
803 850 897 903 καὶ
954 850 1357 917 ἐμισθώσαντο
1406 848 1519 916 τὴν
1576 850 1795 915 Συρίαν

249 942 423 997 Ῥοὼὸ
446 942 576 1013 (58),
606 944 701 996 καὶ
732 942 844 1009 τὴν
867 942 1087 1008 Συρίαν
1116 939 1279 994 Σωϐίὶ
1305 941 1497 993 εἴκοσι
1524 940 1795 1009 χιλιάδας

238 1034 472 1102 ἀνδρῶν
491 1053 503 1065 ’
529 1036 624 1087 καὶ
641 1032 796 1087 εἶδεν
834 1034 989 1087 Ἰωὰό
1001 1073 1014 1097 ,
1042 1034 1128 1085 ὅτι
1156 1031 1404 1100 ἐγενήθη
1440 1032 1586 1098 πρὸς
1612 1032 1796 1085 αὑτὸν

238 1128 689 1193 ἀντιπρόσωπον
710 1125 812 1177 τοῦ
838 1125 1120 1191 πολέμου,
1151 1125 1248 1177 καὶ
1278 1124 1563 1188 ἐπέλεξεν
1585 1124 1693 1193 (59)
1727 1124 1794 1176 ἐκ

240 1218 477 1270 πάντων
508 1216 623 1268 τῶν
640 1215 784 1268 υἱῶν
822 1215 1076 1282 Ἰσραὴλ,
1110 1215 1207 1268 καὶ
1244 1215 1645 1283 παρετάξαντο
1684 1214 1793 1285 (40)

238 1308 576 1372 ἐξεναντίας
619 1308 851 1373 Συρίας.
918 1306 1026 1361 Καὶ
1070 1304 1231 1361 εἶδον
1272 1312 1324 1361 οὶ
1362 1308 1565 1361 δοῦλοι
1604 1308 1794 1375 Ἄδρα-

240 1397 357 1465 ᾆὶρ,
396 1395 484 1448 ὅτι
523 1396 810 1449 ἔπταισαν
844 1397 1127 1450 ἀπέναντι
1167 1397 1422 1465 Ἰσραὴλ,
1479 1399 1573 1450 καὶ
1617 1400 1785 1463 ηὐτο-

233 1492 514 1556 μόλησαν
565 1488 659 1540 ἐπὶ
735 1487 985 1554 Ἰσραὴλ,
1025 1490 1119 1540 καὶ
1158 1488 1529 1542 ἐδούλευσαν
1571 1488 1789 1552 αὐτοῖς.

239 1578 420 1649 Ταύτῃ
470 1582 535 1648 τῇ
582 1582 848 1648 περικοπῇ
896 1578 1004 1647 (41)
1051 1578 1147 1648 τῆς
1196 1579 1432 1648 ἱστορίας
1473 1578 1794 1648 εὑρίσκομεν

237 1671 335 1740 τὴν
368 1672 673 1741 ἐπιγραφὴν
706 1670 797 1723 τοῦ
835 1671 1048 1740 ψαλμοῦ
1092 1671 1517 1740 συμϐαίνουσαν·
1559 1670 1697 1740 πλήν
1731 1688 1794 1739 γε

237 1765 317 1815 ὅτι
345 1766 373 1815 6
402 1764 585 1833 χρόνος
613 1764 728 1815 ἐστὶ
758 1763 857 1831 τῆς
887 1762 1283 1833 στηλογραφίας
1316 1763 1535 1833 ταύτης,
1589 1764 1710 1816 καθ’
1738 1764 1795 1817 ὃν

238 1856 612 1926 λαμπρότατος
649 1856 837 1908 ἑαυτοῦ
879 1855 969 1908 καὶ
1017 1855 1468 1925 περιφανέστατος
1489 1854 1565 1927 ’ἦν
1607 1858 1663 1909 έν
1687 1862 1795 1920 τοῖς

239 1948 381 2001 κατὰ
416 1948 643 2018 πόλεμον
676 1947 1151 2016 ἀνδραγαθήμασιν
1180 1947 1208 1997 6
1234 1947 1412 1999 Δαϐίδ.
1450 1949 1607 1999 Ὥστε
1634 1947 1796 2019 ζητή-

241 2057 379 2102 σεως
415 2040 580 2104 ἄξιον,
618 2038 732 2101 πῶς
767 2039 872 2091 ἀπὸ
910 2038 1154 2108 ὀδυρμῶν
1197 2040 1288 2091 καὶ
1314 2038 1525 2109 θρήνων
1551 2040 1793 2109 ἄρχεται,

236 2132 353 2182 δέον
384 2130 648 2199 περιχαρῆ
682 2126 820 2182 εἶναι
852 2131 944 2182 καὶ
982 2129 1210 2200 εθθυμον
1252 2131 1341 2183 ὲπὶ
1393 2134 1499 2194 τοῖς
1525 2130 1796 2201 κατορθώ-

241 2237 424 2288 μασιν.
461 2219 647 2271 Ἀλλαι
694 2220 801 2290 γὰρ
851 2221 1210 2290 ἑορταζόντων
1256 2223 1446 2288 φωναὶ,
1504 2223 1593 2273 καὶ
1638 2222 1794 2274 ἄλλαι

238 2309 751 2381 σκυθρωπαζόντων.
790 2312 1054 2365 Ἐπινίκια
1079 2312 1133 2363 δὲ
1158 2313 1346 2381 ἑορτῆς
1376 2313 1625 2376 ὑπόθεσις
1658 2330 1794 2367 παν-

235 2401 427 2471 δήμου,
480 2402 539 2454 οὐ
587 2402 940 2472 στρατιώταις
984 2402 1161 2469 μόνον,
1207 2401 1341 2454 ἀλλὰ
1390 2404 1481 2455 καὶ
1510 2408 1792 2475 γεωργοῖς,

237 2494 334 2545 καὶ
367 2492 645 2563 ἐμπόροις,
673 2494 763 2545 καὶ
794 2492 1177 2561 χειροτέχναις,
1214 2493 1306 2545 καὶ
1340 2495 1473 2546 πᾶσι
1514 2496 1624 2559 τοῖς
1665 2514 1795 2565 μετ-

237 2585 423 2652 έχουσι
476 2582 582 2634 τῶν
627 2583 843 2650 ἀγαθῶν
890 2584 988 2651 τῆς
1010 2585 1247 2654 εἰρήνης.
1294 2586 1417 2648 Πῶς
1457 2583 1548 2640 οὖν
1577 2587 1706 2659 (42),
1744 2590 1797 2640 Ὀ

239 2672 404 2739 Θεὸς,
438 2673 654 2727 ἀπώσω
678 2671 852 2742 ἡμᾶς,
883 2673 981 2726 καὶ
1012 2674 1279 2741 καθεῖλες
1314 2676 1504 2743 ripae;
1540 2680 1647 2730 Καὶ
1690 2679 1796 2747 μὴν

238 2766 599 2835 προσελάϐετο
626 2766 749 2829 τοὺς
776 2765 1139 2835 νενικηκότας.
1174 2766 1295 2829 Πῶς
1338 2768 1393 2819 δὲ
1423 2769 1665 2820 καθεῖλεν
1705 2769 1796 2832 οὓς

235 2858 488 2910 τοσοῦτον
513 2859 732 2928 ηῡξησε,
757 2857 1010 2928 προσθεὶς
1038 2859 1217 2920 αὐτοῖς
1242 2859 1400 2921 ὅπλα,
1432 2862 1524 2911 καὶ
1554 2859 1793 2929 ἅρματα,

236 2950 333 3000 καὶ
371 2947 588 3011 ἵππους,
624 2949 714 3001 καὶ
746 2949 1018 3017 ὑπηκόους
1056 2951 1146 3002 καὶ
1174 2948 1352 3017 χώραν
1385 2949 1673 3019 ὐπόφορον,
1700 2952 1795 3023 τὴν

250 3038 507 3109 Ἀραϐίαν
544 3040 740 3101 πᾶσαν,
774 3038 869 3107 τὴν
893 3040 1140 3107 Φοινικὴν
1174 3037 1302 3106 (45),
1335 3037 1431 3107 τὴν
1462 3039 1648 3111 Μέσην
1691 3040 1796 3093 τῶν

1894 580 2037 647 ﬁlius
2065 580 2267 634 Sarvia:
2288 597 2441 644 super
2464 583 2743 635 exercitum
2770 594 2876 635 erat
2894 584 2935 639 ⁸.
2964 582 3071 637 Nec
3098 584 3262 637 multo
3288 598 3445 653 post:

1896 668 1962 721 Et
2000 670 2253 722 miserunt
2301 670 2399 737 ﬁlii
2450 672 2689 732 Ammon,
2737 681 2782 723 et
2828 674 3056 725 mercede
3089 677 3449 730 conduxerunt

1900 758 2109 828 Syriam
2142 757 2340 821 thoob,
2366 770 2413 812 et
2445 759 2654 829 Syriam
2687 760 2829 814 Soba
2864 761 3044 829 viginti
3076 762 3241 815 millia
3276 765 3444 817 homi-

1896 867 2015 903 num
2045 867 2063 903 :
2086 861 2131 903 et
2160 851 2288 903 vidit
2316 850 2471 915 Joab,
2498 852 2633 920 quod
2660 860 2788 904 esset
2818 854 2885 904 ad
2914 870 2966 906 se
2998 856 3259 906 contraria
3284 855 3445 921 [acies

1896 942 2095 1010 prwlii;
2122 954 2168 995 et
2208 944 2357 1010 elegit
2393 958 2456 995 ex
2488 943 2722 995 omnibus
2761 941 2887 1008 ﬁliis
2932 942 3121 1006 Israel,
3152 954 3197 997 et
3235 954 3444 997 struxe-

1898 1042 2015 1084 runt
2039 1034 2199 1084 aciem
2224 1047 2287 1085 ex
2315 1032 2534 1085 adverso
2558 1030 2743 1099 Syriae.
2775 1029 2843 1083 Et
2870 1032 3104 1085 viderunt
3125 1034 3258 1086 servi
3277 1033 3445 1085 Adra-

1898 1142 2008 1187 zar,
2035 1128 2170 1191 quod
2199 1126 2489 1177 ceciderunt
2521 1134 2639 1176 ante
2666 1123 2854 1188 Israel,
2881 1133 2929 1175 et
2958 1126 3346 1193 transfugerunt
3378 1128 3443 1177 ad

1897 1214 2089 1280 Israel,
2118 1225 2163 1267 et
2184 1215 2465 1268 servierunt
2491 1215 2563 1265 eis
2591 1214 2630 1266 ⁹.
2657 1213 3058 1281 lnscriptiouem
3093 1215 3280 1281 psalmi
3324 1214 3448 1267 huic

1894 1306 2191 1375 fragmento
2237 1304 2471 1358 liistorize
2508 1305 2802 1371 reperimus
2836 1305 3140 1366 convenire,
3179 1304 3278 1357 nisi
3308 1306 3447 1373 quod

1895 1396 2031 1449 tituli
2058 1394 2214 1460 hujus
2238 1394 2512 1464 inscriptio
2532 1396 2579 1448 id
2606 1404 2810 1462 tempus
2830 1406 3054 1463 speetat,
3073 1410 3177 1463 quo
3200 1396 3361 1448 David
3382 1398 3448 1448 ob

1895 1501 1981 1539 res
2010 1486 2146 1538 bello
2181 1484 2387 1539 fortiter
2418 1495 2613 1553 gestas,
2649 1486 2815 1539 multo
2849 1486 3176 1541 clarissimus
3221 1497 3337 1541 erat
3386 1503 3447 1539 ac

1896 1574 2307 1628 illustrissimus.
2329 1575 2503 1637 Quare
2524 1589 2620 1640 par
2644 1573 2803 1627 fuerit
2823 1588 3081 1641 quaerere,
3108 1589 3210 1640 qua
3245 1574 3449 1627 ratione

1896 1680 1924 1718 a
1952 1666 2097 1719 luctu
2125 1675 2177 1718 et
2207 1664 2451 1718 lamentis
2471 1665 2731 1725 ordiatur,
2757 1680 2876 1716 cum
2910 1665 3079 1733 ipsum
3103 1665 3171 1717 ob
3195 1665 3448 1731 praeclara

1897 1757 2130 1810 facinora
2163 1757 2432 1824 perlaetum
2468 1772 2587 1811 esse
2628 1766 2896 1823 oporteret
2924 1771 2988 1809 ac
3018 1754 3172 1810 valde
3200 1756 3444 1810 hilarem.

1830 1822 1868 1875 Β
1897 1848 2026 1902 Aliae
2058 1848 2199 1902 enim
2228 1858 2353 1901 sunt
2388 1849 2580 1902 festum
2626 1848 2765 1901 diem
2812 1849 3080 1917 agentium
3126 1863 3301 1911 voces,
3336 1847 3450 1901 aliae

1899 1941 2154 1995 tristium.
2188 1941 2426 2009 Epinicia
2456 1950 2633 1994 autem
2664 1949 3032 2009 argumentum
3062 1950 3183 1994 sunt
3210 1955 3451 1994 cornutu-

1896 2035 1979 2088 nis
2035 2032 2402 2097 celebritatis,
2453 2048 2559 2087 non
2604 2032 2861 2086 militibus
2907 2032 3114 2095 solum,
3159 2032 3251 2086 sed
3290 2033 3449 2085 etiam

1895 2122 2144 2191 agricolis
2172 2133 2226 2175 et
2257 2122 2645 2176 mercatoribus
2680 2132 2734 2175 et
2772 2122 3091 2185 artificibus,
3120 2132 3174 2175 et
3205 2121 3453 2175 omnibus

1894 2215 1983 2282 qui
2032 2216 2293 2268 bonorum
2343 2214 2492 2280 pacis
2535 2214 2823 2280 participes
2859 2214 3011 2264 fiunt.
3047 2213 3324 2277 Quomodo
3357 2213 3454 2281 igi-

1894 2316 2002 2369 tur,
2034 2303 2196 2367 Deus,
2233 2303 2468 2370 repulisti
2521 2319 2630 2367 nos,
2663 2312 2707 2355 et
2767 2303 3069 2356 destruxisti
3115 2305 3248 2355 nos?
3290 2301 3450 2369 Atqui

1896 2412 1990 2451 eos
2038 2396 2295 2451 effecerat
2336 2396 2587 2449 victores.
2629 2393 2905 2461 Quomodo
2955 2403 3131 2448 autem
3168 2393 3450 2457 destruxit,

1901 2504 2036 2559 quos
2063 2489 2200 2542 adeo
2231 2485 2591 2553 locupletavit,
2623 2488 2834 2541 tradens
2870 2486 2997 2554 ipsis
3026 2501 3196 2549 arma,
3230 2495 3285 2539 et
3326 2501 3451 2539 cur-

1896 2595 2008 2643 rus,
2041 2589 2095 2633 et
2129 2592 2316 2645 equos,
2344 2585 2396 2632 et
2426 2576 2687 2639 subditos,
2720 2589 2782 2629 ac
2818 2577 3083 2645 regionem
3112 2576 3449 2642 vectigalem,

1896 2670 2148 2722 Arabiam
2184 2682 2421 2733 omnem,
2454 2666 2785 2730 Pltmnicmu,
2819 2667 3288 2733 Mesopotamiam?
3317 2666 3451 2719 Nunt

1894 2759 2085 2813 vitium
2139 2758 2352 2822 aliquod
2404 2758 2594 2825 ingrati
2648 2758 2813 2810 animi
2858 2759 3019 2811 verba
3074 2758 3257 2810 istbzec
3297 2756 3456 2825 190

1896 2867 2006 2921 pra:
2054 2865 2113 2903 se
2157 2848 2354 2913 ferant,
2384 2850 2524 2903 scire
2569 2863 2743 2916 operze
2784 2848 3011 2917 pretium
3046 2858 3145 2901 est.
3177 2848 3276 2913 Qut
3309 2849 3451 2900 enim

1899 2945 2045 3010 prius
2086 2942 2325 2993 Adrazar
2377 2954 2555 3010 regem
2612 2940 2750 2994 Soba
2799 2942 3019 3004 evertit,
3057 2941 3213 3007 eique
3266 2956 3455 2994 currus

1901 3034 2044 3088 mille
2076 3034 2289 3101 eripuit,
2324 3042 2377 3086 et
2422 3042 2629 3101 septem
2679 3030 2842 3083 millia
2890 3031 3151 3098 equitum,
3185 3043 3237 3083 et
3266 3031 3452 3099 viginti

237 3129 530 3195 ποταμῶν;
560 3128 739 3190 Ἀξιον
762 3127 1064 3194 ἐπιστῆσαι,
1094 3128 1165 3196 μή
1195 3144 1313 3179 τινα
1343 3130 1659 3199 ἀχαριστίαν
1686 3130 1794 3199 ἔχει

1901 3124 2060 3176 millia
2103 3123 2358 3189 peditum,
2390 3126 2589 3191 quique
2634 3138 2818 3176 rursus
2861 3122 3031 3190 Syriae
3083 3137 3261 3191 regem
3309 3120 3456 3189 lapso

235 3217 306 3269 τὰ
331 3218 565 3287 ῥήματα.
604 3216 661 3268 Ὀ
686 3215 792 3285 γὰρ
828 3216 1028 3269 ἀνελὼν
1063 3218 1159 3287 μὲν
1192 3221 1449 3292 πρότερον
1482 3224 1569 3275 τὸν
1610 3224 1795 3295 Ἀδρα-

237 3307 344 3376 ζ’ὰρ
378 3305 593 3375 βασιλέα
616 3306 791 3369 Σωϐἄ,
825 3306 1004 3359 λαϐὼν
1030 3307 1084 3359 δὲ
1110 3310 1236 3378 παρ’
1265 3309 1426 3361 αὑτοῦ
1448 3311 1587 3379 χίλια
1620 3312 1795 3381 ἆρμαη

236 3413 326 3456 τα,
354 3396 445 3447 καὶ
480 3395 616 3447 ἑπτὰ
659 3396 898 3465 χιλιάδας
947 3397 1171 3458 ἱππέων,
1218 3398 1309 3447 καὶ
1348 3398 1516 3449 εἴκοσι
1556 3401 1795 3467 χιλιάδας

237 3490 441 3553 πεζῶν,
494 3489 653 3540 πάλιν
696 3488 750 3539 δὲ
786 3488 875 3537 τὸν
915 3487 1111 3556 Συρίας
1151 3487 1369 3555 βασιλέα
1408 3489 1795 3559 ὲπιϐοηθοῦντα

235 3582 316 3650 τῷ
347 3580 621 3632 ὲπταικότι
656 3580 1075 3648 δουλωσάμενος,
1112 3580 1202 3632 καὶ
1232 3581 1496 3652 ὑπόφορον
1530 3582 1794 3651 καταστή-

240 3689 358 3735 σας,
403 3672 494 3723 καὶ
531 3672 587 3723 ὲν
631 3672 726 3741 μιᾷ
768 3670 956 3740 καιροῦ
1004 3674 1139 3743 ῥοπῇ
1171 3671 1341 3724 εἴκοσι
1382 3674 1474 3725 καὶ
1504 3673 1603 3743 δύο,
1628 3674 1796 3743 χιλιά-

235 3765 332 3826 δας
365 3762 474 3832 (Η)
504 3763 664 3817 αὐτοῦ
700 3766 1119 3831 καταφονεύσας,
1154 3766 1246 3816 καὶ
1274 3765 1461 3835 τρίτην
1493 3765 1645 3833 νίκην
1673 3768 1796 3829 τοὺς

238 3856 388 3918 υἱοὺς
442 3854 662 3924 Ἀμμὼν
708 3856 932 3922 νικήσας
984 3856 1466 3925 παραταξαμένους
1510 3856 1660 3926 παρὰ
1698 3857 1796 3928 τὴν

239 3944 407 4013 θύραν
438 3944 533 4011 τῆς
568 3944 766 4004 πόλεως
800 3942 885 3994 διὰ
926 3944 1078 3995 ἰωὰϐ
1112 3943 1204 3995 τοῦ
1231 3947 1684 4016 ἀρχιστρατήγου,
1738 3948 1796 4009 ὃς

235 4031 427 4086 διελὼν
482 4032 600 4103 δίχα
649 4033 747 4102 τὴν
798 4032 1041 4102 δύναμιν,
1090 4037 1201 4096 τοῖς
1256 4036 1350 4104 μὲν
1402 4036 1614 4107 ἀπήντα
1655 4036 1795 4088 κατὰ

240 4120 550 4190 πρόσωπον,
606 4122 730 4184 τοὺς
786 4121 839 4173 δὲ
866 4122 1000 4175 κατὰ
1048 4124 1197 4177 νότου
1244 4124 1540 4195 περιελθὼν
1576 4125 1795 4197 ἐχειρώ-

240 4230 372 4280 σατο
390 4230 403 4241 ·
439 4212 551 4274 πῶς
580 4213 670 4265 ἐπὶ
702 4216 811 4276 τοῖς
849 4214 1104 4277 τοιούτοις
1126 4215 1570 4287 ἀνδραγαθήμασι
1598 4219 1795 4286 στυγνὰ

236 4303 379 4356 οὕτω
417 4305 506 4356 καὶ
538 4304 754 4373 κατηφῆ
806 4303 1117 4372 φθέγγεται,
1142 4304 1311 4373 λέγων
1333 4324 1345 4336 ο
1399 4309 1457 4359 '0
1492 4308 1653 4374 Θεὸς,
1681 4311 1793 4363 ἀπα

236 4393 373 4446 ώσω
432 4394 604 4463 ἡμᾶς,
661 4396 756 4447 καὶ
804 4394 1077 4459 ,καθεῖλες
1126 4396 1315 4463 ἡμᾶς’
1356 4397 1667 4467 ὠργίσθης,
1695 4404 1791 4455 καὶ

1896 3215 2166 3283 suppetias
2199 3212 2457 3267 ferentem
2503 3213 2707 3281 redegit
2751 3213 2803 3265 in
2846 3212 3184 3275 servitutem,
3222 3213 3455 3282 fecitque

1898 3306 2233 3375 vectigalem,
2261 3321 2324 3360 ac
2351 3307 2401 3359 iu
2426 3320 2533 3360 uno
2561 3304 2816 3372 temporis
2843 3314 3112 3358 momento
3135 3305 3319 3373 viginti
3349 3305 3455 3358 duo

1897 3398 2061 3449 millia
2117 3397 2287 3463 ipsius
2333 3398 2549 3461 occidit,
2581 3408 2636 3452 et
2686 3398 2843 3451 tertia
2887 3398 3111 3451 victoria
3156 3398 3294 3451 ﬁlios
3325 3398 3454 3450 Am-

1897 3504 2041 3549 tnou,
2067 3487 2158 3555 qui
2186 3488 2357 3541 aciem
2389 3490 2757 3542 instruxerant
2778 3487 2929 3555 juxta
2958 3490 3192 3544 civitatis
3221 3499 3450 3559 portam,

1895 3596 1990 3649 per
2011 3578 2143 3634 Joab
2174 3580 2443 3634 exercitus
2483 3582 2671 3633 ducem
2708 3581 2930 3645 devicit,
2961 3582 3051 3649 qui
3097 3581 3301 3635 viribus
3342 3581 3455 3635 suis

1896 3673 1949 3726 in
1976 3673 2107 3726 duas
2136 3684 2317 3741 partes
2342 3673 2546 3735 divisis,
2566 3672 2686 3726 aliis
2707 3673 2919 3740 quidem
2944 3672 3181 3725 occurrit
3201 3688 3227 3722 a
3252 3670 3449 3738 fronte,

1895 3766 2027 3819 alios
2061 3780 2186 3817 vero
2228 3780 2258 3817 a
2308 3775 2457 3832 tergo
2492 3765 2707 3817 adortus
2750 3764 2957 3830 subegit
2993 3780 3006 3816 :
3039 3764 3306 3831 quomodo
3334 3776 3452 3831 post

1895 3858 2153 3925 ejusmodi
2188 3866 2407 3909 strenua
2447 3854 2611 3918 facta,
2644 3854 2783 3907 adeo
2813 3855 2986 3909 tristia
3019 3871 3080 3909 ac
3111 3865 3298 3911 moesta
3330 3874 3450 3927 pro-

1896 3951 2017 4009 fert,
2043 3948 2225 3999 dicens
2254 3962 2268 3999 :
2297 3946 2461 4009 Deus,
2504 3946 2742 4013 repulisti
2776 3962 2889 4011 nos,
2912 3955 2958 3998 et
2986 3946 3293 4000 destruxisti
3320 3964 3410 4002 nos
3434 3964 3450 3999 :

1894 4038 2058 4089 iratus
2096 4053 2169 4100 es,
2205 4047 2251 4090 et
2286 4039 2532 4089 misertus
2569 4053 2620 4088 es
2655 4038 2860 4089 nostri?
2892 4037 3057 4092 Porro
3092 4050 3297 4108 tempus
3330 4044 3452 4109 qui-

1895 4128 2014 4181 dem
2066 4127 2434 4195 inscriptiOuis
2464 4126 2627 4190 tituli,
2659 4126 2784 4180 illud
2815 4138 2951 4192 erat,
2993 4145 3098 4198 quo
3127 4133 3342 4201 egregia
3376 4132 3451 4186 fa-

1896 4220 2077 4272 cinora
2130 4217 2454 4289 perpetravit
2502 4220 2629 4273 :vis
2678 4235 2805 4273 vero
2854 4236 3039 4275 eorum
3086 4238 3203 4291 quae
3251 4225 3449 4289 scripta

1894 4322 2055 4374 sunt,
2130 4311 2194 4363 ad
2281 4310 2437 4363 liuent
2502 4309 2768 4375 refertur;
2846 4326 2966 4364 eum
3038 4324 3215 4366 autem
3293 4317 3449 4370 liuent

1893 4402 2041 4466 dicit,
2094 4401 2182 4468 qui
2241 4400 2297 4454 in
2352 4402 2663 4455 saeculorum
2713 4404 3176 4458 consummatione
3230 4416 3449 4459 eventu-

236 4486 602 4551 ᾠκτείρησας
638 4485 824 4554 ἡμᾶς
862 4485 997 4536 Ἀλλ’
1030 4487 1056 4536 6
1094 4488 1189 4556 μὲν
1234 4490 1418 4558 καιρὸς
1466 4492 1563 4558 τῆς
1607 4493 1791 4563 στηλο-

1899 4507 1985 4547 rus
2040 4506 2142 4546 est.
2200 4492 2531 4560 Quapropter
2581 4504 2636 4546 et
2692 4494 2789 4558 iis,
2851 4496 2942 4564 qui
3009 4497 3448 4563 iunnutabuntur,

238 4571 473 4643 γραφίας
503 4568 652 4636 οὗτος
682 4570 747 4643 ἦν
773 4576 799 4627 6
817 4573 921 4625 τῶν
944 4576 1371 4647 κατορθωμάτων
1389 4594 1401 4606 ·
1429 4579 1461 4647 ή
1491 4577 1543 4629 δὲ
1572 4580 1793 4650 δύναμις

239 4663 347 4715 τῶν
393 4664 784 4731 γεγραμμένων
815 4666 892 4727 εἰς
924 4664 983 4716 τὸ
1014 4666 1161 4728 τέλος
1199 4667 1308 4737 ἔχει
1349 4668 1447 4738 τὴν
1485 4669 1787 4740 ἀναφοράνο

307 4776 329 4807 ⁸
359 4774 397 4829 ll
428 4773 556 4843 Reg.
584 4790 698 4840 vttt,
733 4779 926 4842 15,16.
1008 4781 1027 4810 ⁵
1058 4777 1102 4830 11
1134 4778 1268 4849 Reg.
1304 4798 1357 4846 ι,
1388 4782 1441 4845 6,
1471 4783 1638 4846 9,19.

312 4887 525 4958 (37)lta
586 4903 711 4941 mss.
784 4903 1009 4958 septem.
1057 4894 1192 4946 Editi
1250 4895 1552 4949 ἐϐασίλευε.
1594 4897 1789 4951 Ibidem

241 4958 406 5034 Editio
436 4957 609 5034 Paris.
643 4959 733 5012 ἐπὶ
758 4957 932 5034 πάντα
975 4964 1204 5034 Ἰσραήλ.
1247 4962 1347 5016 Sed
1383 4970 1511 5033 quin
1545 4968 1701 5021 fuerit
1726 4984 1793 5022 ex

246 5028 431 5081 Bibliis
484 5028 689 5095 adjecta
737 5046 837 5104 vox
863 5028 1319 5104 adv-caLdubitari
1346 5028 1429 5087 viii
1465 5053 1620 5104 posse
1649 5038 1793 5091 arbi—

247 5109 472 5161 tramur,
505 5112 625 5150 cum
654 5112 705 5153 et
736 5102 785 5155 in
812 5102 1045 5156 editione
1076 5103 1236 5159 Basil.
1267 5113 1321 5159 ct
1363 5105 1415 5156 in
1463 5102 1658 5160 nostris
1699 5124 1796 5160 uu-

247 5167 417 5219 decim
454 5182 580 5220 mss.
610 5172 812 5235 pariter
836 5171 992 5223 desit.

256 5235 432 5356 Ἰ)ἓὲῗέ
475 5236 649 5293 Editio
678 5240 848 5295 Paris.
891 5240 1079 5296 Ῥαὰϐ.
1110 5243 1175 5296 At
1200 5259 1327 5298 mss.
1364 5252 1473 5296 tres
1506 5262 1626 5299 cum
1660 5247 1798 5301 LXX

318 5321 425 5354 οωο
434 5343 446 5354 .

317 5373 430 5451 (ᾆθ)
465 5373 831 5451 Editiopasil.
866 5389 917 5431 et
941 5395 1068 5433 mss.
1098 5395 1299 5447 septem
1328 5384 1594 5451 ἐπέλεξεν.
1628 5386 1801 5439 Editio

250 5443 418 5576 geris.
447 5458 568 5498 Cum
605 5447 785 5501 Bibliis
826 5450 1131 5517 ἐπελέξατο.
1158 5443 1287 5521 Reg.
1333 5443 1596 5509 secundus
1625 5457 1801 5508 ἐπέλε-

280 5530 364 5570 αν.

321 5583 842 5653 (40)(Ξοττίεεηιιιιῐη
910 5604 1032 5643 εεςθ
1064 5592 1202 5645 hunc
1248 5594 1420 5646 locum
1482 5610 1543 5645 ex
1574 5593 1709 5647 Oliv.
1744 5606 1798 5647 et

250 5653 461 5733 Anglic.
516 5664 661 5721 putat
720 5658 959 5733 Due-aius,
993 5660 1171 5733 aitque
1198 5679 1294 5731 pro
1332 5665 1697 5733 παρετάξαντο
1725 5664 1796 5717 le-

252 5724 478 5785 gendum
512 5738 629 5777 esse
658 5727 1011 5803 παρετάξατο.
1040 5724 1153 5803 Sed!
1177 5724 1295 5803 cum
1328 5724 1586 5803 vulgatatit
1619 5736 1794 5787 lectio-

255 5806 375 5845 uetu
407 5802 458 5847 et
488 5810 613 5849 mss.
654 5798 819 5851 noslri
853 5815 1033 5855 omnes
1058 5811 1106 5854 et
1137 5801 1274 5858 LXX
1303 5820 1364 5859 ex
1400 5798 1550 5874 ecquo
1603 5816 1787 5859 lucan-

1898 4582 2152 4648 scriptum
2210 4582 2465 4648 psalmum
2532 4597 2651 4637 esse
2707 4585 2853 4639 dicit.
2909 4584 3092 4641 Potest
3158 4600 3333 4641 autem
3400 4590 3451 4642 id

1899 4672 2116 4742 intelligi
2166 4673 2231 4727 de
2288 4673 2432 4728 omni
2480 4677 2698 4729 omnino
2746 4677 3016 4731 hominum
3066 4693 3278 4745 genere,
3309 4680 3450 4748 quod

1903 4910 2011 4962 tur,
2044 4903 2169 4955 nihil
2204 4902 2557 4955 innovandum
2592 4905 2917 4957 censuimus.

1974 4971 2091 5039 (41)
2123 4972 2261 5043 Editi
2318 4974 2384 5041 τῇ
2438 4977 2709 5043 προκοπῇ.
2742 4977 2807 5027 At
2847 4974 2983 5029 Oliv.
3012 4986 3063 5027 et
3090 4976 3292 5042 Anglic.
3328 4994 3450 5032 cum

1906 5042 2102 5114 nostris
2127 5041 2402 5114 duodecim
2434 5041 2976 5114 ιιξς5.τῇ“περικοπῇ,
3004 5045 3156 5114 bene.

1975 5109 2085 5179 (42)
2125 5109 2213 5179 Sic
2270 5111 2434 5179 editio
2469 5109 2787 5165 Basil."Ctitit
2817 5126 2908 5165 sex
2928 5109 3084 5165 "mss.
3119 5112 3292 5170 Editio
3322 5133 3450 5170 vero

1902 5175 2076 5262 Paris.
2101 5178 2222 5241 Πῶς
2242 5175 2334 5231 οὖν
2392 5198 2573 5259 φησιν.
2608 5182 2728 5234 Mox
2757 5182 2883 5235 editi
2912 5181 3028 5245 πῶς
3057 5183 3113 5235 δὲ
3150 5184 3261 5238 καί.
3294 5188 3451 5239 Dei-st

1902 5265 1991 5299 και
2023 5267 2071 5301 Ill
2112 5264 2235 5302 IIISS.
2262 5266 2363 5302 11011
2390 5264 2590 5316 μηυειε.

1975 5319 2086 5386 (45)
2134 5322 2253 5391 Alia
2302 5328 2385 5391 est
2446 5319 2805 5391 interpunctio
2850 5322 2903 5391 in
2974 5321 3135 5375 Coisl.
3171 5323 3447 5391 Ἀραϐίαν,

1908 5390 2084 5457 πᾶσαν
2106 5387 2202 5457 τὴν
2225 5388 2493 5457 Φοινίκην,
2530 5389 2801 5449 Arabiam,
2834 5390 3105 5444 Pliwnicen
3138 5387 3360 5447 omncm,

1978 5456 2088 5523 (44)
2143 5456 2360 5513 Videtur
2399 5456 2586 5522 legisse
2646 5462 2906 5530 interpres
2963 5460 3133 5512 εἴκοσι
3186 5463 3445 5530 χιλιάδας.

1910 5543 2027 5581 cum
2056 5537 2247 5589 vertat,
2284 5530 2457 5597 viginti
2490 5531 2672 5581 millia.
2711 5529 2812 5581 Sed
2840 5540 2890 5582 et
2933 5533 2982 5581 iu
3011 5530 3147 5585 Oliv.
3179 5529 3229 5582 et.
3256 5534 3304 5582 iu
3330 5534 3450 5586 aliis

1911 5614 2037 5649 mss.
2070 5612 2173 5669 non
2205 5602 2389 5669 paucis-
2438 5597 2626 5669 legitur
2677 5600 2845 5651 εἴκοσι
2901 5604 2992 5652 καὶ
3049 5600 3139 5652 δύο
3187 5600 3444 5669 χιλιάδας,

1906 5666 2081 5761 eigintri
2104 5668 2201 5716 duo
2240 5668 2425 5732 mil/iu,
2458 5677 2505 5721 cl
2542 5668 2608 5721 itu
2647 5672 2844 5723 editum
2892 5666 3196 5725 invenimus
3233 5671 3268 5722 ll
3318 5674 3439 5742 Heg.

1904 5751 2013 5801 \‘Ill,
2052 5751 2098 5789 ε).
