4016 6478
512 363 619 418 όῦδ

1889 362 1944 413 S.
1983 361 2222 414 BASILII
2254 360 2466 415 MAGNI

3644 363 3751 417 464

515 481 582 534 ad
608 492 795 533 omnes
825 477 981 546 hujus
1013 477 1202 546 psalmi
1235 477 1435 532 utilitas
1466 477 1768 547 perveniat.
1803 478 1901 543 Qui
1933 479 2073 531 enim

2201 478 2324 543 τέλος
2353 480 2407 532 δὲ
2448 479 2592 546 λέγει
2625 478 2680 530 τὸ
2704 477 2794 530 ἐπὶ
2826 477 3101 548 συντελείᾳ
3136 477 3242 530 τῶν
3278 478 3485 531 αἰώνων
3522 477 3754 548 ἐκϐήσε-

515 571 890 632 immutantur,
925 578 981 622 et
1018 569 1107 637 qui
1145 567 1590 634 immutabuntur,
1628 569 1664 621 ii
1701 577 1828 622 sunt
1860 569 1949 637 qui
1986 585 2076 622 ne-

513 677 619 727 que
664 661 910 715 eumdem
960 659 1208 728 corporis
1257 659 1494 714 habitum
1538 667 1780 726 servant,
1815 674 1988 729 neque
2028 661 2079 714 in

515 753 705 806 eadem
734 764 952 820 semper
974 751 1264 819 persiswnt
1295 751 1558 804 sententia
1593 767 1608 804 :
1636 752 1727 806 sed
1755 751 1844 820 qui
1871 761 1928 805 ut
1955 767 2081 807 cor-

515 859 650 914 pore
680 843 768 896 alii
793 841 1103 896 elliciuntur
1124 842 1277 910 juxta
1308 852 1528 896 relatum
1559 843 1980 911 vicissitudines,
2010 846 2081 898 ita

517 945 699 990 mente
741 951 838 1004 pro
888 950 1106 988 casuum
1155 935 1510 989 varietatibus
1561 947 1946 1006 permutantur.
1979 938 2081 992 Alii

521 1042 753 1095 namque
800 1042 986 1080 smnus
1033 1026 1206 1095 pueri,
1252 1026 1340 1080 alii
1400 1027 1644 1096 puberes,
1696 1029 1784 1083 alii
1831 1029 1930 1082 viri
1973 1029 2082 1097 jam

518 1115 672 1180 lacti,
713 1131 776 1169 ac
826 1125 1282 1170 consenescentes
1324 1117 1515 1171 iterum
1567 1119 1784 1173 omnino
1833 1120 2082 1173 immuta-

519 1221 662 1260 llllll‘.
693 1206 758 1260 Et
789 1206 875 1259 alii
903 1207 1120 1275 quidem
1155 1222 1341 1261 smnus
1375 1209 1424 1262 in
1456 1207 1657 1263 laztiorc
1687 1225 1864 1264 rerum
1902 1220 2042 1264 statu
2071 1228 2083 1262 :

521 1297 608 1349 alii
659 1312 788 1352 vero
845 1312 910 1351 ex
963 1297 1085 1352 aliis
1137 1299 1414 1362 ellieimur,
1456 1302 1730 1369 asperiore
1787 1311 2085 1370 temporum

521 1402 649 1440 casu
691 1389 815 1442 usi:
850 1387 940 1441 alii
983 1389 1107 1442 dum
1157 1401 1502 1458 mgrotamus,
1533 1391 1622 1444 alii
1658 1392 1782 1444 dum
1821 1391 2087 1444 valemus:

523 1477 614 1532 alii
666 1479 718 1532 in
766 1479 988 1549 nuptiis,
1031 1481 1118 1533 alii
1171 1482 1220 1533 iu
1260 1481 1424 1535 luctu.
1459 1483 1566 1536 Aut
1604 1483 1854 1548 quoniam
1890 1482 2090 1536 dictum

524 1584 628 1622 non
666 1579 767 1634 est,
801 1567 871 1624 lis
904 1571 994 1638 qui
1028 1571 1401 1637 immutantur,
1435 1573 1550 1636 sed,
1587 1569 1663 1626 Iis
1708 1572 1797 1641 qui
1843 1571 2092 1624 immuta-

524 1665 736 1726 buntur,
786 1677 998 1731 voxque
1057 1665 1288 1731 speciem
1337 1665 1632 1734 praphetia:
1691 1679 1800 1734 prae
1851 1677 1910 1718 se
1969 1662 2091 1730 fert,

520 1754 664 1820 quod
704 1751 869 1807 futuri
925 1754 996 1809 sit
1047 1757 1340 1823 temporis;
1375 1757 1785 1812 convenientius
1820 1757 2004 1825 fuerit,
2039 1767 2096 1811 ut

2184 567 2303 619 σθαι
2325 567 2534 637 μέλλον.
2560 567 2649 619 Διὸ
2671 567 2759 620 καὶ
2781 570 2892 630 τοῖς
2913 565 3426 638 ἀλλοιωθησομένοις
3445 567 3759 637 γεγράφθαι

2184 663 2316 732 φησι
2357 662 2446 715 τὸν
2483 662 2712 732 ψαλμόν.
2749 661 2901 712 Ἔστι
2929 658 2984 710 δὲ
3017 658 3343 723 ἁπαξαπλῶς
3383 659 3513 728 περὶ
3555 660 3759 721 παντὸς

2183 747 2277 799 τοῦ
2313 747 2500 815 γένους
2527 748 2633 800 τῶν
2661 747 2960 818 ἀνθρώπων
2990 748 3193 817 νοῆσαι,
3222 747 3295 811 ὡς
3325 751 3402 812 εἰς
3423 749 3632 811 πάντας
3657 749 3760 818 τῆς

2187 839 2293 891 ἀπὸ
2319 838 2410 891 τοῦ
2433 838 2645 908 ψαλμοῦ
2672 840 3047 911 διαϐαινούσης
3085 839 3370 910 ὠφελείας.
3416 840 3761 910 Ἀλλοιούμε-

2187 949 2265 983 νοι
2297 931 2404 1001 γὰρ
2440 932 2532 984 καὶ
2561 931 3042 1002 ἀλλοιωθησὸμενοι
3071 936 3119 985 οἱ
3151 934 3286 1004 μήτε
3325 933 3421 1004 τὴν
3447 933 3539 986 τοῦ
3572 933 3760 1004 σώμα-

2186 1040 2276 1086 τος
2308 1023 2419 1086 ἕξιν
2449 1023 2543 1093 τὴν
2578 1023 2745 1093 αὐτὴν
2777 1022 3144 1090 διασώζοντες,
3195 1027 3326 1097 μήτε
3368 1026 3460 1078 ἐπὶ
3498 1026 3596 1094 τῆς
3624 1026 3764 1094 γνώ-

2192 1132 2297 1185 μης
2328 1114 2412 1167 ἀεὶ
2433 1114 2533 1183 τῆς
2557 1115 2726 1184 αὐτῆς
2760 1114 3068 1185 βεϐηκότες,
3095 1116 3226 1170 ἀλλά
3255 1116 3313 1169 τὸ
3343 1118 3437 1187 μὲν
3469 1117 3629 1188 σῶμα
3664 1135 3761 1170 κα-

2188 1205 2254 1258 τὰ
2293 1204 2390 1268 τὰς
2417 1205 2522 1258 τῶν
2549 1205 2773 1276 ἡλικιῶν
2811 1205 3110 1275 μεταϐολὰς
3153 1208 3539 1278 ἀλλοιοῦμενοι,
3578 1209 3677 1279 τὴν
3708 1209 3766 1261 δὲ

2190 1296 2428 1349 διάνοιαν
2461 1295 2596 1366 πρὸς
2633 1296 2728 1358 τὰς
2760 1295 3030 1357 ποικιλίας
3073 1295 3181 1349 τῶν
3213 1299 3630 1368 συμπτωμάτων
3666 1315 3765 1367 με-

2189 1388 2552 1457 τατιθέμενοι.
2593 1387 2774 1440 Ἀλλοι
2806 1389 2903 1458 μὲν
2925 1388 3032 1459 γάρ
3061 1390 3228 1459 ἐσμεν
3263 1390 3463 1452 παῖδες,
3491 1390 3586 1442 καὶ
3615 1390 3767 1442 ἄλλοι

2193 1478 2403 1548 ἔφηϐοι,
2435 1481 2527 1531 καὶ
2556 1479 2918 1550 ἀνδρωθέντες
2943 1481 3140 1550 ἕτεροι,
3177 1482 3268 1534 καὶ
3309 1482 3768 1551 ἀπογηράσαντες

2195 1571 2355 1623 πάλιν
2380 1570 2657 1633 παντελῶς
2690 1571 3042 1641 ἀλλοιούμεθα
3071 1574 3202 1644 (45).
3237 1575 3344 1627 Καὶ
3385 1573 3532 1627 ἄλλοι
3572 1574 3669 1643 μὲν
3710 1575 3769 1624 ἐν

2195 1665 2312 1724 ταῖς
2345 1661 2719 1732 φαιδροτέραις
2760 1662 2924 1731 ἐσμὲν
2972 1665 3334 1718 καταστάσεσι
3372 1665 3477 1716 τῶν
3511 1665 3771 1735 πραγμά-

2196 1768 2303 1802 των
2325 1767 2337 1780 ·
2374 1751 2518 1828 άὶτλοι
2550 1751 2606 1804 δὲ
2645 1750 2702 1814 ἐξ
2730 1750 2900 1812 ἄλλων
2939 1752 3199 1822 γινόμεθα
3235 1756 3545 1826 τραχυτέρᾳ
3574 1773 3750 1807 συντυη

523 1844 888 1900 immutandos
948 1847 1311 1917 intelligamus
1366 1866 1482 1916 eos,
1538 1850 1650 1918 qui,
1707 1851 1891 1904 relicta
1954 1865 2091 1903 vana

2201 1842 2288 1912 χίᾳ
2340 1843 2543 1913 καιρῶν
2584 1843 2946 1913 κεχρημένοι·
2987 1842 3132 1895 ἀλλοι
3181 1845 3475 1908 νοσοῦντες,
3523 1848 3616 1898 καὶ
3671 1846 3770 1898 ἄλ-

522 1946 738 2005 patrum
793 1953 1010 1992 suorum
1064 1943 1473 2007 consuetudine,
1504 1957 1570 1994 ex
1620 1941 1888 2010 Evangelii
1937 1941 2096 1995 disci-

520 2027 668 2098 plina
702 2029 866 2084 vitam
901 2045 1053 2084 suam
1082 2041 1238 2084 erant
1267 2032 1582 2086 instituturi.
1610 2031 1793 2099 itaque
1824 2048 1928 2086 non
1955 2033 2096 2087 illius

522 2122 700 2176 artatis
738 2119 940 2176 .ludaais
980 2124 1064 2177 hic
1101 2123 1340 2192 psalmus
1387 2125 1618 2194 scriptus
1658 2134 1759 2188 est,
1800 2127 1891 2179 sed
1943 2124 2096 2181 nobis

527 2211 902 2276 immutandis,
937 2215 1028 2286 qui
1061 2217 1278 2270 deorum
1310 2216 1703 2271 multitudinem
1733 2218 1784 2270 in
1817 2218 2090 2286 pietatem,

525 2318 590 2359 ac
626 2303 890 2360 idolorum
934 2323 1172 2362 errorem
1219 2308 1269 2361 in
1298 2309 1605 2364 Conditoris
1636 2311 1801 2364 nostri
1832 2311 2097 2378 cognitio-

524 2410 649 2451 nem
679 2399 1005 2452 mutavimus
1032 2414 1045 2451 :
1071 2403 1160 2467 qui
1190 2417 1286 2469 pro
1313 2410 1643 2469 repugnante
1673 2401 1772 2471 legi
1804 2401 2095 2470 voluptate,

525 2489 960 2543 consentientem
1023 2491 1120 2560 legi
1177 2493 1586 2560 temperantiam
1638 2493 1898 2563 elegimus
1946 2512 1960 2549 :
2009 2495 2096 2563 qui

525 2592 628 2647 pro
662 2577 806 2632 tibiis
836 2589 889 2632 et
920 2579 1107 2634 choris
1136 2597 1196 2636 ac
1222 2582 1486 2638 ebrietate
1515 2583 1777 2654 psalmum
1803 2584 2098 2654 jejunium-

524 2683 631 2737 quo
673 2679 727 2725 et
779 2673 1144 2740 precationem
1196 2677 1354 2730 nobis
1401 2676 1810 2732 vindicarimus.
1867 2678 2099 2733 Proinde

524 2761 618 2829 qui
663 2763 809 2818 hunc
857 2763 1123 2833 psalmum
1170 2766 1368 2820 dixerit
1411 2769 1668 2835 scriptum
1708 2770 1862 2822 nobis
1895 2783 2032 2834 csse,
2069 2786 2098 2821 a

529 2853 782 2910 veritatis
815 2869 980 2924 scopo
1008 2855 1150 2910 haud
1187 2857 1480 2911 aberrabit.
1512 2857 1636 2910 ldeo
1671 2868 1723 2912 et
1764 2870 1945 2913 nostra
1977 2870 2102 2914 sunt

524 2943 744 2998 oracula
778 2945 980 3013 divina,
1014 2957 1066 3001 et
1115 2949 1181 3002 ab
1231 2948 1468 3004 Ecclesia
1519 2950 1634 3016 Dei,
1674 2959 1924 3020 tanquam
1960 2953 2099 3006 dona

528 3033 787 3090 divinitus
835 3037 1024 3100 missa,
1055 3038 1106 3092 in
1159 3040 1385 3110 singulis
1431 3045 1784 3099 conventibus
1833 3045 2096 3115 leguntur,

2196 1934 2278 1986 λοι
2341 1936 2731 1999 εὐπαθοῦντες·
2793 1935 2939 1989 ἄλλοι
2992 1939 3047 1990 ὲν
3108 1937 3323 2006 γάμοις,
3377 1938 3469 1988 καὶ
3516 1938 3663 1990 ἄλλοι
3714 1941 3772 1990 ὲν

2197 2026 2470 2080 πένθεσιν.
2521 2029 2589 2080 ’Ἡ
2629 2029 2716 2081 διὰ
2758 2029 2819 2081 τὸ
2867 2028 2939 2098 μὴ
2984 2029 3252 2098 εἰρῆσθαι,
3297 2025 3420 2090 Τοῖς
3457 2027 3774 2098 ἀλλοιουμέ-

2197 2136 2326 2181 νοις,
2363 2118 2516 2182 ἀλλὰ,
2555 2118 2682 2184 Τοῖς
2709 2117 3308 2187 ἁλλοιωθησομένοις,
3345 2118 3437 2171 καὶ
3460 2118 3558 2189 τὴν
3587 2119 3774 2188 φωνὴν

2195 2208 2417 2273 ἔνδειξιν
2451 2209 2593 2278 ἔχειν
2621 2210 2971 2279 προφητείας,
3004 2206 3082 2275 τῷ
3116 2210 3194 2269 εἰς
3225 2208 3284 2260 τὸ
3319 2208 3507 2277 μέλλον
3533 2209 3645 2279 (46)
3681 2211 3772 2261 ὲκ-

2198 2303 2480 2355 κεκλὶσθαι
2515 2305 2606 2355 τὸν
2635 2302 2846 2373 χρόνον,
2873 2298 3289 2369 ἀκολουθότερον
3308 2301 3506 2353 ἐννοεῖν
3535 2303 3660 2364 τοὺς
3688 2302 3777 2354 ἀλ-

2197 2390 2655 2460 λοιωθησομένους
2687 2391 2813 2452 τοὺς
2843 2389 3150 2458 μέλλοντας,
3185 2389 3281 2459 τὴν
3317 2390 3450 2460 πρὸς
3469 2389 3538 2441 τὰ
3568 2391 3776 2460 μάταια

2199 2481 2306 2534 τῶν
2341 2481 2590 2549 πατέρων
2623 2481 2906 2551 συνήθειαν
2951 2481 3063 2550 (47)
3114 2480 3368 2550 ἀφέντας,
3427 2483 3493 2551 τῇ
3527 2481 3668 2533 κατά
3714 2483 3775 2534 τὸ

2199 2575 2528 2644 Εὐαγγέλιον
2573 2575 2826 2647 ἀκριϐείᾳ
2865 2574 3163 2640 κανονίζειν
3214 2577 3311 2648 τὴν
3357 2576 3652 2630 πολιτείαν.
3699 2579 3774 2630 Οὐ

2198 2648 2375 2722 τοίνυν
2407 2671 2518 2732 τοῖς
2552 2669 2672 2722 τότε
2714 2668 2981 2731 Ἰουδαίοις
3002 2671 3030 2721 ό
3058 2669 3268 2738 ψαλμὸς
3292 2670 3624 2740 γέγραπται,
3660 2669 3774 2721 ἀλλ’

2199 2764 2331 2830 ἡμῖν
2373 2765 2482 2822 τοῖς
2513 2760 3052 2830 ἀλλοιωθησομένοις,
3086 2763 3197 2823 τοῖς
3235 2762 3333 2831 τὴν
3368 2762 3657 2814 πολυθεῖαν
3698 2764 3779 2823 είς

2202 2852 2482 2905 εὐσέϐειαν
2527 2851 2885 2921 διαμείϐουσι,
2940 2855 3038 2922 τὴν
3093 2852 3222 2922 περὶ
3260 2852 3327 2904 τά
3383 2852 3577 2905 εἴδωλα
3637 2852 3776 2906 πλά-

2203 2963 2299 3016 νην
2326 2944 2436 3015 (48)
2480 2945 2559 3006 εἰς
2607 2944 2706 3014 τὴν
2752 2943 2846 2996 τοῦ
2896 2945 3219 3014 ποιήσαντος
3257 2944 3402 3014 ἡμᾶς
3451 2944 3772 3012 ἐπίγνωσιν·

2201 3039 2313 3101 τοῖς
2343 3037 2461 3089 ἀντὶ
2488 3035 2676 3106 ἡδονῆς
2703 3034 3016 3107 παρανόμου
3047 3034 3401 3106 σωφροσύνην
3435 3035 3660 3106 ἔννομον
3690 3039 3778 3089 αί-

526 3122 677 3176 velut
707 3123 1020 3179 alimentum
1068 3133 1334 3196 quoddam
1384 3135 1706 3202 animarum,
1742 3139 1884 3205 quod
1917 3155 1944 3190 a
1981 3139 2096 3206 Spi-

2206 3131 2484 3203 ρουμένοις
2508 3147 2520 3160 ·
2553 3131 2673 3184 ἀντὶ
2710 3128 2916 3193 αὐλῶν,
2947 3128 3040 3181 καὶ
3073 3128 3268 3199 χορῶν,
3300 3129 3393 3182 καὶ
3426 3129 3614 3200 μέθης,
3645 3129 3779 3198 ψαλ-

525 3212 638 3267 ritu
666 3215 1126 3270 subministretur.
1159 3219 1263 3275 Sed
1296 3236 1344 3276 et
1373 3224 1460 3278 hic
1493 3226 1730 3294 psalmus
1755 3229 1987 3298 scriptus
2015 3242 2096 3284 est

525 3307 675 3360 utin
725 3305 978 3362 columna
1012 3309 1367 3377 inscribatur;
1411 3315 1511 3370 hoc
1545 3327 1645 3383 est,
1684 3334 1787 3372 non
1829 3321 2093 3391 negligen-

527 3408 614 3454 ter
656 3410 712 3456 et
755 3401 1122 3468 perfunctorie
1173 3405 1451 3472 audiatur;
1506 3425 1700 3477 neque,
1743 3414 2097 3479 quemadmo-

529 3490 657 3543 dum
694 3491 802 3545 cito
847 3493 1097 3548 delentur
1135 3510 1254 3564 qum
1298 3496 1350 3551 in
1397 3501 1620 3552 materia
1671 3515 1727 3554 se
1766 3502 1917 3570 191
1949 3501 2102 3555 facile

528 3591 915 3653 corrumpenle
957 3585 1312 3643 scribuntur:
1345 3591 1427 3644 sic
1460 3592 1511 3645 in
1557 3601 1648 3647 tuo
1688 3594 1869 3647 animo
1917 3594 2102 3648 isthaec

528 3670 596 3726 ad
630 3673 796 3728 breve
832 3685 1044 3746 tempus
1086 3682 1362 3736 memoria:
1409 3683 1702 3754 insculpas,
1739 3686 1932 3740 deinde
1985 3686 2098 3756 ipsa

529 3762 784 3816 confundi
820 3781 881 3819 ac
908 3769 1212 3826 oblitterari
1237 3773 1418 3840 sinas;
1460 3777 1554 3831 sed
1587 3778 1637 3830 in
1675 3789 1760 3832 tua
1797 3780 1973 3833 anima
2002 3796 2098 3836 ceu

529 3852 586 3908 in
637 3852 891 3909 columna
945 3855 1113 3911 incisa
1158 3861 1300 3925 sint;
1350 3863 1402 3915 id
1455 3877 1556 3930 est,
1593 3867 2000 3922 immutabiliter
2038 3884 2102 3924 ac

529 3947 764 4002 ﬁrmiter
811 3964 910 4019 per
952 3965 1117 4006 omne
1158 3960 1367 4024 tempus
1409 3955 1460 4008 in
1508 3961 1762 4011 memoria
1814 3963 2097 4016 insideant.

530 4039 684 4106 Quod
716 4044 758 4096 si
801 4059 898 4098 nos
930 4047 1190 4114 repulerit
1220 4045 1458 4112 Judaeus,
1495 4048 1638 4102 velut
1667 4066 1696 4103 a
1720 4053 1936 4118 scriptis
1965 4053 2101 4107 alie-

530 4149 666 4200 nos;
712 4150 806 4204 per
839 4136 956 4190 haec
1005 4153 1125 4204 quae
1170 4141 1369 4208 scripta
1419 4151 1562 4207 sunt,
1599 4142 1770 4211 ipsum
1811 4143 2104 4196 alliciamus

529 4225 792 4294 pudore:
835 4228 915 4282 sic
965 4238 1020 4281 ut
1077 4230 1424 4286 ostendamus
1484 4234 1705 4288 mixtam
1768 4237 2101 4291 vocationem

532 4329 676 4373 esse.
704 4329 822 4384 qua:
845 4319 1101 4373 distantia
1129 4321 1351 4391 colligit,
1381 4332 1435 4376 et
1460 4337 1521 4376 ea
1551 4340 1668 4392 quae
1699 4329 1881 4395 procul
1909 4328 2102 4383 absunt

533 4416 817 4469 convocat,
845 4422 909 4461 ac
958 4423 1054 4479 per
1096 4409 1253 4464 ﬁdem
1301 4413 1352 4464 in
1398 4410 1675 4467 Christum
1716 4416 1874 4468 ellicit
1910 4419 2104 4474 multos

2211 3223 2329 3293 μὸν,
2367 3223 2458 3275 καὶ
2489 3221 2759 3291 νηστείαν,
2789 3221 2880 3273 καὶ
2911 3221 3215 3292 προσευχὴν
3253 3220 3774 3291 μεταλαμϐάνουσιν.

2216 3316 2375 3386 Ἡμῖν
2401 3310 2492 3367 οῦν
2521 3313 2826 3384 γεγράφθαι
2865 3313 2954 3366 τὸν
2991 3313 3203 3384 ψαλμὸν
3233 3313 3399 3366 εἰπών
3441 3331 3542 3377 τις,
3577 3315 3679 3366 οὐκ
3714 3313 3778 3368 ἂν

2205 3409 2439 3477 ἁμάρτοι
2472 3407 2570 3475 τῆς
2603 3406 2876 3477 ἀληθείας.
2910 3407 3001 3459 Διὸ
3029 3407 3139 3474 (49)
3174 3407 3266 3459 καὶ
3291 3406 3532 3477 ἡμέτερά
3560 3409 3676 3459 ἐστι
3711 3406 3779 3459 τὶ

2208 3497 2326 3550 θεῖα
2366 3497 2542 3564 λόγια,
2600 3499 2694 3548 καὶ
2737 3501 2802 3568 τῇ
2844 3498 2937 3550 τοῦ
2979 3497 3114 3549 Θεοῦ
3162 3497 3476 3568 Ἐκκλησία,
3528 3498 3603 3560 ὡς
3659 3496 3778 3550 θεό-

2210 3603 2433 3656 πεμπτα
2475 3585 2643 3656 δῶρα,
2686 3586 2807 3637 καθ’
2858 3585 3086 3638 ἕκαστον
3130 3586 3384 3653 σύλλογον
3439 3586 3780 3654 ὑπαναγινὼο

2210 3696 2418 3741 σκεται,
2465 3672 2574 3730 οἷόν
2614 3694 2695 3739 τις
2731 3678 2903 3747 τροφὴ
2937 3675 3121 3746 ψυχῶν
3161 3679 3535 3749 χορηγουμένη
3571 3680 3658 3732 διά
3684 3679 3777 3731 τοῦ

2211 3769 2540 3839 Πνεῦματσς.
2585 3765 2744 3819 Ἀλλά
2776 3765 2866 3818 καὶ
2906 3767 2984 3829 είς
3018 3765 3417 3837 στηλογραφίαν
3467 3767 3778 3838 γέγραπται

2209 3867 2236 3917 ὁ
2281 3863 2530 3934 ψαλμός·
2587 3861 2849 3926 τουτέστι,
2900 3862 2972 3934 μὴ
3029 3861 3305 3932 πάρεργος
3350 3861 3488 3914 ἔστω
3532 3860 3696 3913 αὑτοῦ
3747 3863 3776 3933 ή

2208 3957 2496 4028 ἀκρόασις·
2530 3955 2683 4026 μηδὲ,
2714 3954 2900 4024 ῶσπερ
2929 3954 2996 4007 τά
3030 3957 3085 4007 ἐν
3104 3958 3168 4025 τῇ
3205 3953 3490 4025 εὑφθάρτῳ
3525 3953 3624 4026 ὕλῃ
3647 3971 3779 4024 γρα-

2211 4049 2418 4118 φόμενα
2461 4048 2628 4116 ταχὺν
2663 4047 2772 4115 (50)
2807 4046 3069 4114 λαμϐάνει
3111 4046 3199 4097 τὸν
3232 4047 3554 4115 ἀφανισμὸν,
3607 4047 3778 4109 οῦτως

2211 4143 2267 4191 ὲν
2293 4141 2358 4208 τῇ
2387 4137 2609 4189 σεαυτοῦ
2635 4134 2840 4202 διανοίᾳ
2865 4134 2998 4204 πρὸς
3027 4133 3202 4201 ὀλίγον
3225 4133 3529 4205 ἐγχαράξας
3555 4138 3617 4203 τῇ
3649 4141 3778 4206 pm;-

2215 4247 2308 4300 μῃ,
2365 4224 2481 4280 εἶτα
2531 4225 2888 4297 συγχωρήσῃς
2945 4224 3081 4278 αὐτὰ
3137 4225 3465 4296 συγχυθῆναι
3527 4225 3636 4291 (51)
3687 4226 3771 4277 καὶ

2211 4319 2599 4390 ἀφανισθῆναι·
2638 4316 2749 4370 ἀλλ’
2774 4317 2859 4387 ἔχε
2885 4317 3360 4390 ἐνεστηλιτευμένα
3388 4335 3478 4370 σου
3510 4319 3573 4385 τῇ
3600 4315 3770 4387 ψυχῇ·

2211 4412 2480 4466 τουτέστιν
2511 4411 2739 4482 ἀκίνητα
2783 4412 2874 4463 καὶ
2908 4411 3077 4478 πάγια
3119 4411 3197 4474 είς
3237 4410 3409 4462 πάντα
3452 4408 3541 4458 τὸν
3593 4410 3777 4477 χρόνον

533 4507 722 4547 unum.
765 4493 927 4550 Vens.
969 4497 1024 4549 7.
1069 4497 1216 4553 Meus
1251 4511 1346 4566 est,
1380 4504 1573 4572 inquit,
1615 4501 1843 4568 Galaad,
1875 4515 1923 4557 et
1962 4524 2096 4562 metu

2212 4503 2533 4576 ἐνιδρυμένα
2577 4506 2642 4573 τῇ
2683 4505 2887 4573 μνήμῃ.
2939 4502 3061 4554 Ἐάν
3106 4503 3162 4554 δὲ
3209 4501 3524 4572 παρωθῆται
3567 4505 3717 4573 ἡμᾶς
3751 4505 3777 4556 ὁ

534 4593 609 4638 est
636 4584 928 4642 Meuanas.
949 4589 1012 4642 Et
1041 4588 1295 4657 Ephraim
1321 4595 1475 4659 dixit,
1493 4608 1545 4649 et
1578 4595 1766 4651 Judam
1792 4600 2106 4668 assumpsit,

534 4684 590 4727 et
616 4682 992 4735 annumeravit
1015 4681 1193 4739 Moab.
1219 4682 1359 4750 Quin
1387 4697 1441 4740 et
1469 4688 1517 4740 in
1542 4687 1826 4743 [doma-am
1855 4705 2111 4745 ascensu-

538 4781 659 4820 rum
684 4783 742 4822 se
771 4772 1024 4840 minatur,
1046 4791 1108 4829 ac
1133 4776 1375 4828 omnium
1417 4779 1573 4831 simul
1601 4781 1986 4848 subjectionem
2017 4799 2112 4835 an-

540 4860 751 4913 nuntiat
784 4879 797 4914 :
830 4861 993 4918 Vnus.
1033 4865 1116 4919 10.
1151 4865 1284 4918 Milli
1312 4867 1615 4935 alienigena:
1639 4871 1831 4923 subditi
1860 4885 2000 4926 sunt.

2227 4599 2473 4661 Ἰουδαῖος
2507 4598 2580 4659 ὼς
2612 4595 2920 4664 ἀλλοτρίους
2958 4595 3065 4647 τῶν
3107 4593 3521 4663 γεγραμμένων,
3581 4597 3642 4646 ἐκ
3675 4595 3776 4645 τῶν

2209 4688 2606 4759 γεγραμμένων
2661 4685 2819 4738 αὑτὸν
2869 4685 3305 4753 δυσωπήσωμεν·
3373 4684 3655 4754 δηλοῦντες
3723 4685 3777 4735 τὸ

2212 4780 2513 4850 σύμμικτον
2541 4777 2637 4847 τῆς
2662 4777 2930 4847 κλήσεως·
2965 4777 3111 4837 ὅπως
3156 4775 3222 4827 τά
3249 4776 3507 4828 διεστῶτα
3537 4774 3774 4842 συνάγει,

2209 4872 2278 4925 τὰ
2302 4869 2514 4941 μακρὰν
2547 4867 2826 4938 συγκαλεῖ,
2856 4869 2950 4917 ἕνα
2982 4869 3123 4917 ποιεῖ
3159 4869 3283 4929 τοὺς
3318 4864 3540 4928 πολλοὺς
3572 4863 3658 4916 διὰ
3686 4868 3777 4936 τῆς

538 4955 618 5018 είς
666 4955 897 5026 Χριστὸν
957 4957 1189 5021 πίστεως
1234 4958 1365 5028 (52).
1429 4959 1593 5024 Ἐαός
1631 4961 1777 5024 ἐστι,
1840 4965 1994 5034 φησὶ,
2048 4964 2316 5019 Γαλαὰδ·
2376 4961 2473 5014 καὶ
2516 4961 2654 5029 ἐμός
2686 4961 2814 5013 ἐστι
2861 4957 3216 5027 Μανασσῆς.
3267 4957 3374 5008 Καὶ
3411 4956 3501 5010 τὸν
3545 4957 3776 5028 Ἐφραίμ

613 5159 724 5229 (45)
759 5161 887 5230 Reg.
923 5161 1116 5215 tertius
1147 5160 1535 5231 ἀλλοιούμενοι.

616 5232 726 5304 146)
762 5233 938 5304 Nostri
975 5231 1222 5304 undecim
1282 5249 1409 5304 mss.
1450 5233 1646 5286 habent
1676 5235 1751 5296 εἰς
1808 5237 1866 5288 τὸ
1898 5236 2107 5304 μέλλον.

544 5300 686 5373 Editi
729 5305 809 5373 εἰς
840 5303 930 5355 τὸν
981 5301 1261 5372 μέλλοντα.
1299 5301 1498 5356 Ibidem
1542 5315 1648 5354 tres
1688 5320 1814 5358 mss.
1864 5300 2109 5373 ἐγκεκλί-

545 5370 687 5425 σθαι.
721 5371 913 5426 Statim
951 5370 1190 5440 quinque
1223 5389 1349 5425 mss.
1392 5373 1811 5440 ἀκολουθότερον
1846 5370 2005 5432 νοεῖν.

616 5443 730 5510 (Π)
762 5443 835 5494 lla
879 5442 1016 5498 Oliv.
1052 5452 1106 5493 et
1156 5441 1397 5496 Comhel'.
1437 5460 1559 5497 cuin
1615 5444 1732 5497 aliis
1758 5463 1848 5500 sex
1883 5465 2008 5502 mss.
2047 5451 2115 5501 At

543 5513 920 5586 etil‘l‘iAfBIJ-‘CB.
956 5523 1138 5586 sextus
1158 5513 1276 5586 frti»;
1300 5513 1601 5584 ἀνθρώπων
1633 5517 1934 5586 συνήθειαν.

619 5581 730 5652 (l8)
763 5582 1065 5656 Colhert‘ini‘
1090 5583 1294 5656 primus
1320 5595 1368 5636 et
1400 5581 1584 5638 sextus
1610 5600 1728 5656 cum
1750 5581 1886 5656 'lleg.
1924 5597 2114 5654 quarto

543 5651 645 5724 τῂν
679 5651 896 5724 περὶτὰ
927 5651 1120 5705 εἴδωλα
1149 5655 1355 5714 πτοίαν,
1383 5656 1588 5707 inanem
1610 5651 1865 5709 idolorum
1898 5651 2110 5711 metum.

549 5719 820 5794 Mllilihavill
848 5738 979 5776 mss.
1023 5739 1143 5776 cum
1179 5725 1334 5778 editis
1366 5725 1463 5794 τὴν
1505 5727 1630 5794 περὶ
1667 5726 1734 5778 τὰ
1763 5729 1953 5781 εἴδωλα
1979 5729 2115 5780 πλά-

551 5807 647 5864 νην
706 5792 812 5848 Nec
857 5795 930 5850 ita
960 5795 1128 5848 multo
1175 5804 1293 5864 post
1350 5792 1534 5851 nostra
1565 5792 1727 5853 editio
1758 5799 1928 5855 Paris.
1959 5801 2112 5872 αἱρη-

2216 5167 2416 5234 μένοις.
2465 5168 2707 5221 Secnnda
2755 5166 2920 5221 editio
2968 5166 3138 5220 Paris.
3172 5165 3486 5234 ᾑρημένοιςο
3537 5164 3603 5215 At
3647 5180 3771 5217 mss-

2213 5240 2570 5313 αἱρουμένοις.
3315 5306 3348 5313 n
3420 5304 3451 5313 __
3531 5306 3543 5313 _

2286 5304 2395 5376 (49)
2429 5309 2503 5362 Ita
2543 5323 2635 5361 sex
2678 5322 2806 5362 mss.
2862 5323 2984 5363 cum
3025 5307 3259 5361 editione
3315 5304 3474 5359 Basil.
3520 5306 3587 5358 At
3614 5305 3774 5358 editio

2214 5378 2383 5434 Puris.
2413 5379 2562 5430 διότι.

2284 5449 2394 5518 (50)
2425 5449 2650 5502 Codices
2673 5449 2877 5515 aliquot
2907 5447 3065 5518 ταχύ,
3096 5448 3352 5500 celeriter.

2284 5449 2372 5514 (50
2425 5449 2650 5502 Codices
2673 5449 2877 5515 aliquot
2907 5449 3065 5518 ταχύ,
3096 5449 3352 5500 celeriter.
3728 5512 3748 5522 δ

2284 5449 2394 5588 (fili
2429 5519 2563 5572 Editi
2595 5519 2941 5587 συγχεθῆναι.
2975 5521 3043 5572 At
3075 5533 3200 5571 mss.
3260 5525 3472 5588 septem
3519 5513 3776 5588 συγχυῡη-

2216 5583 2320 5641 ναί·
2356 5590 2464 5642 "oc
2494 5589 2608 5655 ipso
2640 5583 2849 5642 inuoco
2878 5590 3040 5641 editio
3071 5588 3239 5642 Paris.
3297 5583 3766 5653 ὲνστηλιτευμένα.

2212 5661 2277 5711 At
2337 5668 2569 5726 quatuor
2637 5676 2764 5714 mss.
2845 5655 3341 5730 ἐνεστηλιτευμένα.
3395 5657 3546 5709 Coll).
3597 5667 3773 5708 sextus

2212 5730 2652 5799 ἐστηλιτευμένα.

2284 5798 2392 5872 (εἰνὶ)
2432 5801 2721 5858 Colbcrtini
2764 5801 2987 5869 ιιτὶῐηυε,
3015 5807 3260 5869 ‘l‘mrlust
3312 5798 3552 5866 qmmus’
3592 5805 3768 5847 semis
