4016 6438
253 392 356 445 465

1396 388 1670 443 IIOMILIA
1712 390 1772 442 IN
1814 389 2134 444 PSALMUM
2172 389 2304 447 LIX.

3354 393 3456 447 466

253 502 394 569 εἷπε,
428 506 519 558 καὶ
549 507 637 557 τὸν
672 504 863 555 Ἰούδαν
902 502 1287 572 προσελάϐετοο
1338 504 1431 555 καὶ
1490 503 1852 574 συνηρίθμησε
1888 502 1976 553 τὸν
2004 504 2192 556 Μωάϐ.
2230 505 2336 556 Καὶ
2365 503 2464 573 τῆς
2511 503 2805 575 Ἰδουμαίας
2831 505 3179 577 ἐπιϐήσεσθαι
3212 509 3454 564 ἀπειλεῖ⁹

254 597 348 651 καὶ
370 596 584 648 πάντων
628 592 761 662 ὁμοῦ
817 593 911 663 τὴν
943 594 1212 663 ὑποταγὴν
1238 593 1668 660 εὐαγγελίζεται·
1714 593 1863 659 Ἐμοὶ
1903 593 2239 661 ἀλλόφυλοι
2278 594 2680 663 ὑπετάγησαν.

322 687 375 740 3.
418 687 479 737 '0
520 682 661 748 Θεὸς
707 678 798 735 οὖν
834 682 1048 735 ἀπώσω
1081 681 1252 749 ἡμᾶς.
1273 682 1409 746 Τοὺς
1442 682 1808 753 μακρύνοντας

1981 683 2032 736 5.
2081 683 2215 736 Deus
2258 684 2415 753 igitur
2449 685 2680 753 repulisti
2724 702 2835 737 nos.
2875 685 2973 737 Eos
3007 685 3096 753 qui
3144 688 3460 757 semetipsos

256 778 477 841 ἑαυτοὺς
519 775 625 828 ἀπὸ
668 774 760 827 σοῦ
794 774 931 828 κατὰ
962 774 1057 843 τὴν
1084 773 1369 840 ἀναλογίαν
1412 774 1521 826 τῶν
1561 776 1804 843 ἁμαρτη-

258 867 444 940 μάτων
474 864 694 918 ἀπώσω.
738 865 818 917 Τά
856 866 1169 934 συστήματα
1214 865 1310 934 τῆς
1350 865 1607 935 πονηρίας
1655 864 1807 933 ήμῶν

255 955 517 1019 καθεῖλες,
552 954 869 1027 [εὐεργετῶν
901 955 1045 1023 ἡμᾶς
1080 953 1166 1006 διὰ
1195 954 1295 1022 τῆς
1320 953 1641 1025 ἀσθενείας.]
1695 956 1810 1025 Ὡρ-

256 1048 464 1117 γίσθης,
493 1049 578 1099 ὅτε
608 1043 745 1117 ἦμεν
770 1045 924 1113 φύσει
951 1046 1112 1098 τέκνα
1140 1047 1325 1115 ὀργῆς,
1355 1046 1537 1098 ἐλπίδα
1571 1045 1642 1116 μὴ
1665 1046 1809 1116 ἕχον-

256 1155 365 1199 τες,
403 1137 494 1189 καὶ
528 1136 673 1189 ἄθεοι
702 1138 757 1186 ἐν
784 1134 861 1203 τῷ
888 1134 1092 1203 κόσμῳ.
1142 1135 1487 1205 ’ῼκτείρησας
1521 1138 1686 1205 ἡμᾶς,
1722 1139 1805 1190 ὅτε

254 1230 342 1281 τὸν
411 1228 681 1295 Μονογενῆ
743 1243 831 1277 σου
895 1226 1117 1296 προέθου
1172 1226 1474 1297 ἱλαστήριον
1518 1228 1656 1297 ὑπὲρ
1702 1230 1807 1280 τῶν

253 1320 533 1395 ἁμαρτιῶν
571 1318 745 1388 ἡμῶν,
782 1319 866 1369 ἵνα
896 1319 950 1370 ὲν
976 1318 1050 1387 τῷ
1074 1320 1258 1386 αἵματι
1284 1318 1445 1370 αὑτοῦ
1478 1318 1571 1388 τὴν
1606 1309 1804 1372 ἀπολύ-

254 1429 452 1482 τρωσιν
494 1410 754 1481 εὕρωμεν.
789 1412 852 1461 "A
874 1410 971 1461 οὐκ
997 1410 1058 1462 ἂν
1094 1410 1463 1478 ἐγνωρίσαμεν
1496 1411 1808 1481 εὐεργετού-

255 1522 423 1573 μενοι,
473 1504 520 1554 ei
570 1502 642 1571 μὴ
699 1502 950 1563 ὲπότισας
1001 1502 1141 1569 ἡμᾶς
1192 1498 1358 1553 Οἶνον
1408 1503 1800 1566 κατανύξεως.

251 1588 405 1644 υἷνον
426 1590 568 1657 λέγει
610 1591 699 1642 τὸν
726 1589 879 1657 λόγον
904 1590 989 1641 τὸν
1018 1588 1110 1657 τὴν
1144 1590 1551 1659 πεπωρωμένην
1586 1589 1805 1658 καρδίαν

250 1682 329 1741 είς
399 1679 741 1749 συναίσθησιν
805 1679 1019 1744 ἄγοντα.
1097 1676 1352 1741 Ἔδωκας
1417 1676 1538 1741 τοῖς
1595 1680 1805 1743 φοϐου-

245 1771 450 1840 μένοις
476 1788 547 1823 σε
575 1771 917 1840 σημείωσιν,
952 1768 1055 1821 τοῦ
1096 1769 1305 1837 φυγεῖν
1338 1768 1453 1821 ἀπὸ
1487 1768 1805 1836 προσώπου

247 1862 446 1926 τόξου.
518 1863 754 1931 Μωῦσῆς
816 1862 911 1930 μὲν
976 1859 1073 1924 τὰς
1143 1861 1300 1929 φλιάς
1366 1860 1471 1913 τῶν
1548 1862 1806 1933 Ἰσραηλι-

248 1955 354 2007 τῶν
398 1955 506 2023 (55)
546 1954 621 2024 τῷ
671 1954 855 2022 αἵματι
911 1952 1001 2003 τοῦ
1050 1953 1317 2023 προϐάτου
1361 1958 1800 2023 κατεσημήνατο’

249 2048 314 2099 σὺ
366 2047 423 2099 δὲ
469 2047 671 2107 ἔδωκας
716 2046 842 2113 ήμῖν
884 2046 1195 2114 σημείωσιν,
1247 2044 1375 2097 αὐτὸ
1425 2045 1482 2097 τὸ
1537 2040 1673 2115 αἷμα
1710 2046 1802 2097 τοῦ

247 2137 481 2206 ἀμώμου
534 2135 702 2206 ἀμνοῦ
737 2134 829 2187 τοῦ
872 2136 1291 2203 σφαγιασθέντος
1316 2137 1451 2207 ὑπὲρ
1487 2137 1582 2206 τῆς
1632 2139 1807 2205 ἀμαρ-

246 2228 367 2291 τίας
410 2228 501 2281 τοῦ
562 2229 786 2297 κόσμου.
844 2228 953 2280 Καὶ⁸
1014 2225 1270 2296 Ἱεζεκιὴλ
1324 2229 1414 2279 ἐπὶ
1472 2227 1538 2278 τὰ
1585 2227 1807 2294 μέτωπα

246 2317 357 2369 τῶν
399 2316 697 2387 προσώπων
736 2315 969 2368 δίδοσθαι
1007 2316 1150 2382 λέγει
1198 2316 1257 2366 τὸ
1291 2316 1526 2382 σημεῖον.
1562 2316 1807 2381 Πορεύε-

250 2414 361 2463 σθε
411 2408 537 2477 γὰρ,
596 2409 777 2477 φησὶν,
816 2410 1003 2460 ὀπίσω
1038 2404 1241 2461 αὺτοῦ.
1290 2404 1385 2457 καὶ
1418 2407 1689 2459 κόπτετε·
1722 2407 1805 2475 μὴ

250 2499 544 2567 φείσησθε
574 2498 683 2569 (54)
706 2517 717 2528 ο
749 2498 901 2566 μηδὲ
922 2494 1225 2562 ἐλεήσητε.
1256 2497 1679 2565 Πρεσϐύτερον,
1712 2499 1809 2552 καί

248 2590 590 2652 νεανίσκον,
625 2589 721 2640 καὶ
742 2586 978 2651 νήπιον,
1006 2586 1103 2637 καὶ
1142 2585 1454 2654 παρθένον,
1486 2588 1580 2640 καὶ
1612 2587 1810 2656 γυναῖ-

250 2696 363 2744 κας
402 2678 783 2731 ἀποκτείνατε
823 2680 907 2741 είς
946 2676 1288 2745 ἐξάλειψιν’
1335 2668 1429 2730 ἐπὶ
1462 2677 1530 2730 δὲ
1562 2678 1805 2744 πάντας,

250 2770 345 2839 ἐφ’
391 2770 495 2835 οὕς
537 2770 668 2823 ἐστι
711 2768 774 2821 τὸ
816 2769 1085 2838 σημεῖον,
1126 2768 1209 2837 μὴ
1242 2770 1533 2839 ἐγγίσητε.
1576 2771 1628 2821 '0
1670 2770 1809 2833 Θεὸς

250 2860 556 2927 ἐλάλησεν
594 2859 663 2913 ἐν
699 2858 778 2924 τῷ
805 2861 947 2928 ἁγίῳ
973 2858 1175 2925 αὑτοῦ,
1206 2860 1667 2928 Ἀγαλλιάσομαι,
1712 2858 1806 2911 καὶ

252 2950 528 3019 διαμεριῶ
554 2950 760 3019 Σίκιμα
794 2950 923 3019 (55),
969 2950 1165 3019 Σίκιμα
1210 2949 1268 3000 τὸ
1301 2948 1571 3017 ἐξαίρετον
1592 2950 1808 3019 χωρίον,

253 3042 334 3112 τῷ
376 3042 570 3113 Ἰωσὴφ
604 3042 753 3112 παρὰ
791 3041 883 3093 τοῦ
945 3040 1133 3093 Ἰακὼϐ
1177 3039 1476 3109 δεδομένον,
1518 3041 1684 3105 τύπος
1714 3044 1812 3113 τῆς

253 3134 519 3204 διαθήκης
555 3134 653 3203 τῆς
687 3134 829 3202 μόνῳ
853 3130 1108 3198 δοκούσης
1129 3129 1232 3199 τῷ¹
1248 3132 1445 3203 Ισραὴλ
1465 3133 1808 3205 δεδωρῆσθαι.

256 3224 369 3294 Τὴν
402 3224 576 3276 τοίνυν
615 3224 882 3291 ἐξαίρετον
913 3220 1171 3291 διαθήκην
1202 3224 1294 3275 καὶ
1326 3224 1682 3295 κληρονομίαν
1720 3226 1811 3278 τοῦ

1910 786 1937 822 a
1992 780 2040 822 te
2083 772 2360 840 elongant,
2410 788 2505 840 prn
2552 775 2755 828 ratione
2822 774 3132 828 delictorum
3193 778 3453 844 repulisti.

1911 860 2223 915 Destruxisti
2254 864 2549 931 iniquitatis
2571 874 2763 919 nostra?
2790 866 3115 933 congeriem,
3140 866 3209 920 ob
3236 868 3458 921 inﬁrmi-

1911 963 2070 1006 tatem
2126 955 2280 1008 nobis
2337 956 2698 1010 benefaciens.
2754 956 2924 1009 Iratus
2972 972 3048 1019 es,
3093 973 3210 1011 cum
3270 972 3457 1013 natura

1908 1062 2148 1101 essemus
2178 1049 2267 1100 ira:
2293 1046 2385 1101 filii
2416 1048 2477 1113 ¹⁰,
2513 1062 2658 1117 spem
2690 1064 2792 1101 non
2822 1048 3096 1111 habentes,
3122 1060 3172 1103 et
3203 1065 3267 1104 ne
3297 1053 3455 1106 Deum

1909 1138 2124 1207 quidem
2154 1138 2206 1191 in
2236 1139 2432 1192 mundo
2460 1148 2806 1207 agnoscentes
2839 1137 2902 1191 “.
2934 1137 3178 1191 Misertus
3206 1153 3264 1193 es
3294 1142 3457 1194 nostri

1910 1240 2040 1291 tum,
2075 1244 2193 1283 cum
2243 1228 2578 1298 Unigenitum
2631 1240 2777 1281 tuum
2832 1243 2926 1295 pro
2978 1228 3170 1281 nostris
3227 1232 3459 1296 peccatis

1909 1322 2340 1387 pr0pitiationem
2372 1319 2717 1387 proposuisti,
2743 1328 2800 1371 ut
2844 1320 2894 1371 in
2935 1317 3049 1386 ejus
3088 1320 3344 1387 sanguine
3373 1320 3459 1372 iu-

1908 1412 2211 1463 veniremus
2241 1411 2681 1478 redemptionem.
2714 1410 2841 1474 Qttze
2869 1411 3050 1476 utique
3082 1425 3186 1461 non
3216 1411 3457 1477 agnovis-

1904 1511 2084 1552 semus
2142 1498 2397 1551 beneﬁcio
2456 1510 2544 1551 tuo
2599 1499 2753 1551 nobis
2814 1498 3132 1566 contigisse,
3204 1499 3302 1551 nisi
3364 1514 3458 1551 nos

1910 1588 2093 1659 (Vens.
2129 1589 2183 1658 5)
2230 1587 2360 1640 Vino
2393 1589 2795 1657 compunctionis
2838 1598 3093 1655 potasses.
3142 1588 3331 1642 Vinum
3365 1606 3461 1641 au-

1909 1692 2013 1735 tem
2075 1681 2302 1750 appellat
2364 1696 2683 1740 sermonem,
2724 1694 2829 1749 quo
2880 1680 3196 1732 obduratum
3253 1695 3345 1732 cor
3395 1684 3459 1734 ad

1907 1788 2122 1828 sensum
2157 1772 2459 1826 deducitur.
2496 1772 2655 1825 Vens.
2695 1773 2747 1825 ti.
2794 1770 2990 1824 Dedisti
3029 1770 3366 1823 metuentibus
3410 1782 3459 1823 te

1907 1866 2360 1935 signiﬁcationem,
2380 1874 2433 1914 ιιι
2453 1864 2655 1932 fugiunt
2686 1881 2714 1915 a
2744 1863 2876 1929 facie
2907 1880 3081 1917 arcus.
3115 1862 3319 1931 Moyses
3346 1864 3458 1931 qui-

1908 1959 2025 2011 dem
2074 1957 2425 2009 Israelitarum
2472 1964 2651 2023 postes
2699 1955 2859 2006 ovillo
2902 1956 3161 2021 sanguine
3207 1955 3461 2023 obsigna-

1909 2051 1985 2104 vit
2012 2052 2088 2115 “;
2138 2060 2190 2103 tu
2230 2062 2355 2101 vero
2404 2046 2555 2099 nobis
2608 2045 2795 2097 dedisti
2832 2044 3298 2113 signiﬁcationem,
3339 2060 3463 2097 san-

1907 2141 2119 2208 guinem
2172 2139 2344 2204 ipsum
2391 2131 2789 2187 incontaminati
2838 2133 2978 2200 agni,
3012 2132 3099 2200 qui
3148 2146 3243 2198 pro
3279 2130 3457 2183 mundi

1906 2238 2125 2297 peccato
2160 2226 2463 2279 immolatus
2492 2232 2592 2277 est.
2624 2222 2687 2274 Et
2721 2222 2965 2277 Ezechiel
3022 2221 3072 2273 in
3126 2220 3332 2274 frontes
3378 2220 3460 2272 fa-

1908 2317 2106 2371 cierum
2133 2316 2541 2383 signumdatum
2581 2329 2699 2369 esse
2733 2314 2925 2367 dicit”
2957 2331 2967 2366 ε
2999 2313 3273 2367 Ambulate
3300 2320 3456 2381 enim,

1910 2410 2099 2479 inquit,
2136 2422 2248 2477 post
2294 2409 2481 2475 ipsum,
2507 2418 2551 2459 et
2586 2407 2851 2472 percutite,
2895 2422 2955 2457 ne
2990 2405 3336 2472 peperceritis,
3376 2423 3461 2458 ne-

1907 2517 2005 2571 que
2036 2499 2403 2552 misereamini.
2436 2497 2717 2561 Seniorem,
2745 2507 2790 2550 et
2811 2495 3071 2563 juvenem,
3102 2508 3145 2547 et
3181 2495 3459 2561 infantem,

1908 2604 1954 2645 et
1976 2593 2247 2660 uirginem,
2274 2601 2318 2642 et
2345 2590 2583 2641 mulieres
2608 2588 2883 2653 interﬁcite
2920 2588 2987 2639 ad
3021 2588 3419 2639 internecionem
3441 2600 3460 2639 :

1910 2687 1975 2737 ad
2006 2698 2179 2737 omnes
2212 2696 2345 2740 vero,
2378 2681 2431 2731 in
2469 2680 2653 2747 quibus
2701 2688 2773 2730 est
2822 2678 3041 2745 signum,
3074 2692 3134 2729 ne
3178 2678 3463 2745 appropin-

1908 2776 2091 2842 quetis.
2129 2770 2286 2826 Vens.
2319 2768 2371 2824 8.
2407 2769 2544 2823 Deus
2578 2768 2777 2821 locutus
2804 2777 2877 2821 est
2910 2766 2961 2820 in
2994 2776 3170 2819 sancto
3202 2784 3313 2828 suo,
3349 2766 3464 2819 Lc-

1910 2865 2079 2927 tabor,
2119 2873 2167 2915 et
2198 2862 2431 2931 partibor
2465 2860 2739 2915 Sicimam.
2789 2859 2985 2912 Sicima
3020 2858 3286 2925 peculiare
3326 2872 3463 2925 pree-

1913 2956 2078 3019 dium.
2104 2954 2337 3022 Josepho
2359 2968 2386 3005 a
2411 2951 2607 3004 Iacobo
2629 2952 2807 3003 datum
2834 2949 2897 3015 ιδ,
2927 2951 3092 3017 ﬁgura
3120 2964 3182 3001 ac
3206 2959 3360 3018 typus
3382 2959 3464 3003 est

1914 3045 2244 3108 testamenti,
2276 3043 2417 3110 quod
2448 3040 2626 3094 Israeli
2668 3040 2763 3094 soli
2796 3039 3048 3093 traditum
3079 3054 3197 3093 esse
3234 3039 3460 3094 videtur.

1912 3139 2093 3205 Itaque
2126 3134 2391 3204 peculiare
2425 3131 2548 3184 illud
2586 3140 2958 3185 testamentum
2992 3129 3465 3197 hereditatemque

1915 3228 2091 3299 populi
2153 3229 2410 3280 adducam
2469 3225 2519 3276 in
2574 3223 2925 3285 divisionem,
2975 3236 3037 3274 ac
3088 3236 3208 3273 cum
3257 3220 3466 3273 exteris

256 3315 388 3367 λαοῦ
434 3313 631 3383 ταύτην
674 3316 753 3375 είς
799 3314 1059 3384 μερισμὸν
1093 3312 1223 3378 ἄξω,
1268 3316 1362 3367 καὶ
1392 3316 1573 3384 κοινὴν
1608 3320 1812 3389 ποιήσω

1917 3320 2344 3379 communicabo.
2381 3317 2669 3384 Postquam
2721 3328 2847 3383 ergo
2902 3320 3273 3367 testamentum
3328 3311 3467 3365 inter

260 3408 396 3479 πρὸς
425 3409 549 3470 τοὺς
567 3406 803 3470 λοιπούς.
832 3406 1273 3477 Διαμερισθείσης
1310 3403 1399 3458 οὖν
1429 3408 1526 3476 τῆς
1557 3410 1817 3479 διαθήκης

263 3502 344 3563 είς
376 3500 598 3563 πάντας,
627 3502 720 3554 καὶ
748 3500 839 3552 τοῦ
879 3500 970 3551 ἀπ’
1000 3498 1169 3565 αὐτῆς
1205 3497 1478 3567 ὠφελίμου
1507 3500 1683 3552 κοινοῦ
1716 3504 1818 3554 πᾶ-

262 3610 317 3645 σι
353 3596 465 3656 τοῖς
500 3591 963 3662 εὐεργετουμένοις
1006 3588 1152 3660 παρά
1186 3588 1319 3642 Θεοῦ
1362 3593 1663 3662 γινομένου,
1697 3595 1816 3648 τότε

262 3686 357 3738 καὶ
391 3686 423 3755 ἡ
460 3683 640 3746 κοιλὰς
692 3684 796 3735 τῶν
846 3681 1053 3753 σκηνῶν
1099 3681 1619 3753 διαμετρηθήσεται·
1663 3703 1817 3739 τουτ-

264 3774 446 3839 έστιν,
482 3774 824 3846 ήοίκουμένη
876 3777 1021 3828 πᾶσα
1042 3816 1055 3837 ,
1091 3774 1251 3827 οἱονεὶ
1290 3774 1508 3845 κλήροις
1540 3778 1667 3840 τισὶ,
1702 3782 1820 3842 ταῖς

263 3866 383 3919 καθ’
426 3866 648 3919 ἕκαστον
677 3867 836 3919 τόπον
882 3867 1188 3936 παροικίαις
1216 3868 1633 3937 διαιρεθήσεται.
1686 3872 1818 3924 Τότε

263 3958 356 4009 καὶ
389 3957 457 4009 τὰ
488 3958 743 4010 διεστῶτα
790 3956 1042 4025 συνάψει,
1074 3958 1132 4009 '0
1167 3958 1550 4025 εἰρηνοποιῶν
1587 3962 1703 4013 εἴτε
1750 3963 1820 4015 τὰ

262 4049 360 4100 ἐπὶ
408 4046 519 4114 τῆς
567 4046 693 4117 τῆς,
725 4048 843 4101 εἴτε
891 4050 963 4105 τὰ
1002 4050 1069 4101 ἐν
1117 4049 1239 4114 τοῖς
1268 4049 1569 4117 οὐρανοῖς·
1612 4052 1719 4105 Καὶ
1752 4052 1818 4105 τὸ

261 4140 617 4209 μεσότοιχον
650 4139 754 4193 τοῦ
795 4141 1059 4211 φραγμοῦ
1106 4141 1215 4213 (56)
1274 4143 1488 4207 λύσας,
1538 4142 1609 4197 τὰ
1637 4145 1820 4213 ἀμφό-

265 4248 404 4300 τερα
426 4230 659 4296 ποιήσει
684 4232 770 4286 ἕν.

334 4322 389 4375 4.
443 4323 614 4390 Ἐμός
656 4323 786 4377 ἐστι
818 4324 1089 4389 Γαλαὰδ,
1122 4326 1219 4379 καὶ
1257 4327 1397 4395 ἐμός
1422 4328 1548 4381 ἐστι
1580 4333 1821 4383 Μανασ-

265 4412 405 4480 σῆς.
443 4416 699 4482 Ἔγγονος
753 4415 845 4467 τοῦ
896 4418 1156 4488 Μανασσῆ
1207 4420 1233 4470 ὁ
1275 4419 1506 4472 Γαλαὰδ·
1550 4422 1636 4474 ἵνα
1677 4423 1819 4493 δείξῃ

265 4502 363 4571 τὴν
396 4504 501 4555 τῶν
530 4505 879 4575 πατριαρχῶν
920 4508 1235 4561 ἀκολουθίαν
1278 4511 1424 4579 παρὰ
1470 4511 1600 4563 Θεοῦ
1652 4512 1820 4581 καθή-

268 4610 487 4657 κουσαν,
513 4595 569 4659 ἐξ
596 4593 668 4647 ὧν
691 4599 719 4649 ό
739 4599 966 4668 Χριστὸς
985 4600 1043 4650 τὸ
1068 4599 1205 4651 κατὰ
1229 4600 1421 4669 σάρκα.
1445 4602 1549 4653 Καὶ
1579 4603 1821 4670 Ἐφριιῒμ

1915 3430 2102 3472 omnes
2160 3412 2499 3467 distributum
2563 3409 2739 3473 fuerit,
2780 3416 2834 3461 et
2892 3406 3036 3459 illius
3087 3406 3290 3458 utilitas
3344 3419 3463 3457 om-

1916 3508 2069 3561 nibus
2118 3503 2378 3558 beneﬁcio
2427 3518 2455 3554 a
2508 3502 2614 3554 Deo
2661 3498 2866 3552 aliectis
2912 3495 3050 3549 facta
3111 3496 3269 3547 fuerit
3317 3509 3466 3548 com-

1918 3600 2118 3659 munis,
2149 3606 2273 3651 tunc
2297 3596 2455 3650 etiam
2485 3591 2740 3645 convallis
2783 3587 3243 3643 tabernaculorum
3281 3586 3465 3640 metie-

1920 3701 2006 3746 tur
2044 3704 2060 3744 :
2088 3690 2191 3744 hoc
2218 3696 2320 3749 est,
2355 3695 2498 3739 totus
2526 3694 2787 3735 terrarum
2821 3681 2968 3735 orbis
3015 3678 3336 3732 habitaculis
3371 3693 3468 3746 per

1918 3781 2125 3851 singula
2164 3780 2276 3831 loca
2312 3777 2464 3846 quasi
2504 3774 2820 3842 quibusdam
2879 3771 3118 3825 sortibus
3170 3769 3462 3822 dividetur.

1919 3876 2068 3931 Tunc
2119 3873 2329 3927 demum
2360 3865 2610 3922 distantia
2637 3864 2924 3932 conjunget
2955 3864 2999 3915 is
3023 3904 3036 3928 ,
3074 3862 3177 3927 Qui
3222 3860 3464 3926 paci/ient

1918 3970 2023 4022 sive
2059 3981 2175 4035 qua:
2196 3966 2249 4015 in
2276 3961 2447 4025 terris,
2479 3960 2581 4012 sive
2605 3974 2719 4027 qua?
2749 3957 2798 4007 in
2835 3956 2974 4008 caelis
3004 3965 3119 4006 sunt
3146 3954 3188 3984 ¹³
3220 3972 3231 4004 :
3264 3950 3329 4003 Et
3361 3967 3466 4003 nte-

1918 4058 2061 4110 dium
2110 4057 2356 4125 parietem
2415 4053 2655 4105 maceria'
2697 4050 2916 4111 solvens,
2951 4057 3171 4114 utraque
3196 4060 3352 4097 unum
3386 4042 3466 4111 fu-

1917 4151 2014 4204 ciet
2052 4150 2114 4204 ”.

1991 4331 2045 4386 4.
2081 4328 2225 4382 Meus
2267 4336 2339 4380 est
2388 4323 2616 4385 Guluad,
2646 4331 2693 4373 et
2728 4337 2871 4372 meus
2922 4328 2993 4371 est
3044 4316 3333 4369 Manasses.
3364 4312 3469 4365 Ga-

1920 4423 2037 4476 Iaad
2071 4420 2226 4489 192
2263 4419 2520 4471 Manassa:
2543 4428 2622 4469 est
2654 4411 2897 4475 soboles;
2936 4420 2992 4461 ut
3039 4408 3467 4476 patriarcharum

1922 4515 2121 4569 seriem
2156 4511 2404 4564 ostendat
2436 4523 2500 4561 ex
2546 4507 2655 4558 Deo
2690 4504 3124 4563 descendentem,
3158 4516 3223 4553 ex
3279 4497 3471 4566 quibus

1924 4604 2170 4657 Christus
2206 4612 2289 4652 est
2317 4596 2606 4650 secundum
2632 4608 2871 4646 carnem.
2912 4591 2976 4644 Et
3009 4591 3257 4659 Epln'nim
3298 4600 3470 4638 susce-

266 4686 587 4755 ἀντίληψις
623 4687 731 4754 τῆς
768 4692 1035 4759 κεφαλῆς
1078 4710 1222 4760 μου·
1278 4693 1506 4759 Ἰούδας
1528 4695 1812 4761 ,βασιλεύς

1926 4697 2032 4763 ptio
2063 4691 2245 4760 capitis
2280 4688 2421 4751 mei;
2470 4685 2610 4739 Judu
2648 4702 2737 4738 rex
2762 4701 2924 4737 meus.
2979 4682 3257 4735 Abscissas
3292 4688 3472 4745 partes

263 4798 402 4848 μου.
435 4781 514 4833 Τά
546 4780 922 4851 ἀπορραγέντα
955 4785 1092 4854 μέρη
1140 4784 1393 4837 συνάπτει
1436 4785 1520 4837 διὰ
1560 4787 1657 4856 τῆς
1697 4789 1823 4857 ὁμο-

342 4918 383 4949 ¹⁰
412 4917 605 4985 Ephes.
642 4935 699 4978 tt,
724 4919 776 4975 5.

273 4988 316 5017 ¹⁶
350 4988 544 5057 Ephes.
589 5004 647 5054 ιι,
680 4989 764 5043 14.

272 5110 326 5155 et
371 5102 628 5177 septimus
681 5119 800 5157 cum
837 5102 979 5177 ἷξες..
1025 5104 1190 5177 tertio
1214 5104 1310 5177 τῆς
1341 5105 1420 5166 εἰς
1455 5106 1685 5175 Χριστὸν
1714 5108 1834 5177 κλή-

275 5189 442 5250 σεως,
478 5173 618 5225 haud
648 5185 807 5229 recte.
842 5171 981 5226 Editi
1008 5187 1125 5225 cum
1160 5172 1340 5244 Regiis
1364 5171 1553 5241 quarto
1582 5188 1632 5231 et
1662 5171 1831 5244 sexto,

278 5253 335 5295 ιιι
361 5257 412 5292 ιιι
450 5251 618 5295 textu.

349 5308 460 5375 (55)
492 5310 641 5365 Colb.
678 5322 899 5388 quart_us
924 5312 1079 5388 φλιάς
1105 5313 1209 5364 τῶν
1245 5313 1830 5388 ξισραηλιτῶν-θυρῶν,

279 5391 445 5457 postes
500 5390 767 5457 portarum
819 5382 1202 5457 Israelitnrum.
1244 5381 1346 5437 Sed
1397 5381 1547 5438 abest
1600 5381 1829 5457 θυρῶνα

281 5450 459 5505 liinltis
500 5452 619 5506 aliis
650 5466 777 5505 mss.
811 5462 864 5506 et
897 5454 962 5504 ah
986 5453 1160 5506 editis.

376 5520 630 5592 Billieg.
663 5532 884 5589 quartus
912 5533 964 5574 et
991 5523 1139 5576 Colb.
1181 5533 1364 5577 sextus
1396 5540 1548 5592 teque
1580 5541 1643 5579 ac
1686 5524 1827 5581 LXX

279 5589 548 5664 φείδεσθε.
576 5589 848 5664 Editicum
883 5593 1122 5664 plurimis
1148 5607 1273 5645 mss.
1306 5589 1581 5664 φείσησθε.

353 5660 462 5731 (55)
497 5660 585 5731 Sic
610 5658 894 5714 Colbertini
926 5662 1145 5731 primus,
1176 5658 1396 5729 quartus
1421 5658 1471 5716 et
1506 5677 1687 5719 sextus
1708 5682 1827 5719 cum

284 5729 415 5798 Reg.
447 5729 632 5801 tertio.
675 5731 779 5785 Vox
830 5729 1027 5799 Σίκιμα
1058 5734 1218 5784 semel
1252 5734 1509 5787 duntaxat
1568 5737 1830 5801 reperitur

292 5801 344 5854 in
378 5800 643 5871 aliquibus
698 5817 824 5856 mss.
859 5809 908 5855 ct
946 5804 994 5855 in
1055 5804 1228 5856 editis.
1276 5803 1423 5867 Illud,
1469 5805 1527 5855 τὸ
1555 5800 1829 5876 ἐξαίρετον

855 4920 895 4949 ¹¹
930 4924 1055 4975 ibid.
1090 4924 1173 4976 12.
1253 4926 1292 4956 ¹¹
1325 4925 1486 4979 Exod.
1522 4940 1619 4989 xtl,
1650 4927 1701 4981 7.

1780 4928 1823 4959 ¹³
1858 4929 2052 4983 Ezech.
2079 4944 2154 4992 Ix,
2183 4926 2235 4989 5,
2268 4922 2319 4975 6.

1929 4786 2201 4843 connectit
2238 4799 2331 4852 per
2362 4782 2720 4836 concordiam.
2753 4777 2909 4831 Vens.
2945 4776 3028 4827 10.
3076 4771 3230 4825 Moab
3270 4772 3375 4840 spei
3401 4770 3474 4822 le-

2398 4920 2439 4949 “
2469 4918 2600 4973 Gen.
2636 4931 2818 4979 XLVIII,
2848 4913 2936 4967 22.
3016 4912 3053 4943 ¹⁵
3080 4911 3281 4966 Coloss.
3312 4926 3349 4972 ι,
3380 4908 3468 4963 ‘20.

1932 5107 2147 5177 χωρίον,
2178 5106 2254 5158 sic
2283 5114 2518 5177 verterat
2549 5104 2840 5177 interpres,
2869 5097 3470 5177 prwcipunnttraditam:

1929 5165 2045 5239 sed,
2087 5165 2202 5229 meo
2228 5178 2438 5241 quidem
2469 5165 2907 5242 judiciopmelius
2941 5168 3171 5242 reddidit
3205 5165 3471 5242 Combe-li-

1928 5236 2063 5310 sius,
2097 5236 2358 5309 peculiare
2400 5236 2676 5309 prlvdium.
2730 5238 2974 5310 Iacobus,
3008 5236 3150 5310 enim
3193 5251 3377 5310 agrum
3413 5238 3474 5287 il-

1928 5304 2061 5370 lum'
2090 5304 2322 5384 .Iosepho
2351 5304 2499 5367 citra
2552 5321 2749 5365 sortem
2788 5308 3067 5363 tradidisse
3104 5307 3295 5359 dicitur
3336 5304 3470 5358 Gen.

1929 5403 2111 5447 λωνιιι,
2144 5385 2230 5437 ‘29..

2001 5445 2113 5525 (56)
2154 5454 2224 5506 Ita
2285 5451 2638 5525 editioBasiI:
2684 5460 2737 5525 et
2770 5464 2897 5525 mss.
2937 5462 3039 5500 non
3081 5446 3255 5513 pauci.
3315 5445 3475 5525 Abest

1934 5516 2191 5579 articulus
2250 5525 2313 5577 ab
2345 5523 2575 5577 editione
2610 5522 2777 5573 Paris.
2818 5520 3101 5586 Aliquanto
3149 5524 3264 5583 post
3315 5516 3481 5586 editio

1936 5596 2097 5649 Basil.
2136 5602 2185 5647 et
2210 5594 2314 5647 duo
2352 5607 2479 5645 mss.
2509 5591 2749 5658 ἔγγονος.
2780 5589 2834 5641 In
2868 5585 2952 5641 illo
2975 5588 3263 5658 quodmox
3300 5585 3476 5649 sequi-

1939 5676 2045 5730 tur,
2072 5666 2155 5717 ἵνα
2178 5663 2347 5735 δείξῃ,
2378 5656 2610 5735 οΙΙίρεὶιιι
2631 5664 2801 5735 inesse
2828 5660 3026 5719 vident,
3047 5656 3473 5735 9tllttlll‘,(.)lllllt!s.

1940 5725 2047 5789 IIoc
2085 5747 2167 5788 est
2202 5753 2214 5788 :
2254 5725 2378 5785 Ηάτ
2433 5725 2545 5784 ideo
2579 5732 2737 5791 dicit,
2786 5740 2837 5780 ιιι
2889 5730 3119 5781 ostendat
3155 5725 3471 5793 patriarcha:

1940 5823 2050 5859 rum
2081 5805 2449 5859 successionem
2480 5818 2543 5858 ex
2580 5801 2683 5854 υεο
2708 5799 2953 5854 ιίικςεινιιιίε
