4016 6472
519 371 617 426 467

1848 371 1904 426 S.
1945 371 2181 427 BASILII
2218 370 2427 425 MAGNI

3616 372 3722 426 468

522 486 626 536 bes.
657 483 782 548 Aut,
818 482 978 540 Lebes
1009 483 1232 549 lavacri,
1264 485 1343 538 ait
1367 484 1502 539 alius
1530 487 1742 554 quidam
1773 487 2066 553 interpres:

2193 484 2338 547 νοίας.
2400 485 2452 535 Ὁ
2476 482 2652 536 Μωὰϐ
2671 481 2779 549 τῆς
2827 481 3071 546 ἐλπίδος
3129 479 3327 548 λέϐης.
3374 483 3463 542 Ἥ,
3509 483 3722 548 xit-5611c,

523 582 637 633 aut,
671 571 832 625 Lebes
879 573 1217 635 securitatis;
1274 571 1379 626 hoc
1427 581 1529 637 est,
1581 573 1701 627 vilis
1733 582 1787 626 et
1836 573 2073 641 abiectus

2193 576 2305 648 ρησί
2324 614 2337 636 ,
2369 574 2620 641 λουτροῦ
2651 574 2781 643 (57),
2810 572 2966 634 ἄλλος
3009 589 3091 634 τις
3119 571 3222 624 τῶν
3245 574 3722 643 ἐρμηνευσάντωνηο

527 664 705 728 homo,
728 663 813 716 cui
845 679 968 718 cum
1002 663 1164 717 minis
1191 663 1535 718 interdictum
1570 675 1671 729 est,
1700 681 1765 719 ne
1793 667 1844 717 in
1867 665 2071 718 Domini

2193 666 2228 736 ᾖ,
2267 665 2455 731 Λέϐης
2478 664 2852 732 ἀμεριμνίαςο
2892 661 3183 723 τουτέστιν,
3222 662 3250 712 ὁ
3281 662 3579 732 ἀπόϐλητος
3633 663 3726 716 ἄν-

526 754 819 808 Ecclesiam
861 754 1213 820 ingrediatur.
1248 754 1363 807 Non
1399 755 1542 809 enim
1569 755 1788 808 intrabit
1822 755 2076 809 Moahilcs

523 854 579 899 et
615 845 958 899 Ammonites
987 859 1156 913 usque
1185 846 1248 898 ad
1277 845 1515 908 tertiam,
1559 856 1612 899 et
1641 860 1810 914 usque
1841 847 1907 899 ad
1936 847 2079 898 deci-

527 949 669 987 mam
697 934 1122 1001 generationem,
1149 947 1202 988 et
1249 948 1418 1002 usque
1463 936 1527 987 ad
1559 944 1818 988 aeternum
1850 945 2075 1003 tempus.

529 1026 794 1091 Quoniam
828 1036 1006 1078 tamen
1049 1027 1311 1093 baptisma
1349 1026 1719 1079 remissionem
1762 1025 1925 1079 habet
1956 1041 2081 1095 pec-

527 1123 791 1178 catorum,
822 1129 886 1166 ac
903 1115 1236 1169 debitoribus
1269 1113 1425 1168 all‘ert
1446 1116 1818 1178 securitatem;
1856 1114 2077 1179 idcirco,

527 1205 721 1259 iactam
757 1219 850 1273 per
873 1206 1196 1272 baptismum
1229 1207 1644 1273 redemptionem
1669 1215 1721 1259 et
1746 1205 2080 1268 conjunctio-

528 1311 652 1350 nem
701 1313 822 1350 cum
878 1298 987 1350 Deo
1044 1299 1354 1360 ostendens,
1394 1297 1569 1362 Moab,
1602 1298 1792 1365 inquit,
1820 1297 1956 1351 lebes
2003 1312 2078 1352 est

530 1389 727 1440 lavacri
746 1428 760 1450 ,
781 1399 872 1440 aut
901 1387 1060 1441 Lebes
1091 1389 1406 1441 securitatis.
1435 1387 1624 1441 Omnes
1644 1389 1803 1456 igitur
1832 1390 2079 1459 alienige-

533 1494 614 1531 nae
660 1478 854 1531 subditi
883 1489 1022 1544 sunt,
1048 1491 1230 1548 utpote
1261 1481 1424 1547 quise
1447 1478 1645 1533 Christi
1667 1480 1793 1550 jugo
1817 1481 2080 1536 submise-

532 1569 670 1622 rint:
704 1585 868 1638 quare
894 1571 942 1623 in
975 1569 1259 1624 ldumaram
1285 1585 1438 1624 sumn
1471 1573 1722 1627 extendet
1751 1571 2084 1626 Calceamen-

535 1669 668 1713 tum.
724 1660 1029 1716 Divinitatis
1080 1671 1259 1715 autem
1325 1662 1752 1716 calceamentum
1818 1677 1945 1716 caro
2003 1672 2084 1716 est

537 1751 626 1804 Dei
684 1753 982 1820 gestatrix,
1052 1768 1146 1820 per
1201 1768 1358 1821 quam
1400 1755 1465 1807 ad
1523 1755 1768 1807 homines
1834 1756 2079 1808 accessit.

531 1844 612 1898 0b
663 1845 805 1899 hanc
861 1861 1006 1913 spem
1051 1845 1312 1915 Propheta
1361 1848 1574 1901 beatum
1623 1847 1919 1914 prtedicans
1953 1857 2086 1900 tem-

534 1950 632 2001 pus
688 1938 943 1990 adventus
999 1939 1251 2004 Domini,
1311 1938 1385 1990 ait
1423 1935 1626 2006 (Vens.
1669 1936 1754 2004 Η)
1787 1955 1799 1990 :
1840 1937 1969 2001 Quis
1998 1938 2087 1989 de-

532 2027 682 2080 ducet
709 2043 789 2080 me
819 2030 873 2079 in
903 2029 1163 2080 ciuitatem
1199 2029 1509 2080 munitionis
1536 2029 1559 2080 ?
1591 2027 1863 2080 Fortassis
1902 2025 2088 2080 Eccle-

531 2116 668 2168 siam
692 2116 844 2181 dicit,
887 2133 1004 2185 qua:
1035 2118 1249 2186 quidem
1274 2118 1467 2172 civitas
1496 2127 1600 2182 est,
1630 2119 1770 2186 quod
1816 2118 1888 2171 sit
1913 2128 2087 2172 costus

533 2207 625 2273 qui
673 2207 877 2276 legibus
927 2210 1128 2278 regitur
1174 2223 1189 2263 :
1245 2210 1428 2264 civitas
1465 2225 1594 2264 vero
1638 2209 1969 2274 munitionis,
2017 2212 2085 2264 oh

534 2297 655 2352 lidei
677 2298 1084 2352 munimentum.
1103 2297 1252 2352 Unde
1269 2299 1530 2366 interpres
1546 2298 1763 2366 quidam
1779 2299 2087 2365 signiﬁcan-

535 2391 741 2444 tissime
771 2391 997 2444 reddidit
1023 2409 1035 2444 :
1065 2389 1130 2443 In
1165 2391 1421 2444 civitatem
1449 2390 1927 2442 circummunitum.
1959 2388 2089 2453 Quis

536 2481 698 2548 igitur
747 2482 894 2534 dabit
926 2481 1079 2544 mihi,
1136 2490 1196 2534 ut
1248 2496 1500 2549 magnum
1547 2480 1676 2532 illud
1723 2479 2086 2547 spectaculum

534 2573 884 2641 conspiciam,
913 2573 1076 2626 Deum
1103 2572 1244 2626 inter
1269 2572 1514 2626 homines
1538 2571 1936 2625 diversantem?
1959 2570 2088 2625 lllutl

535 2673 639 2726 est,
669 2665 810 2733 quod
838 2678 866 2715 a
899 2662 1121 2718 Domino
1144 2662 1346 2718 dictum
1387 2662 1525 2716 fuit:
1563 2660 1721 2715 Multi
1741 2665 2002 2730 prophetae
2039 2671 2089 2717 et

534 2753 662 2822 iusti
690 2754 963 2822 cupierunt
993 2755 1167 2808 videre
1185 2771 1301 2822 qua:
1328 2754 1535 2816 videtis,
1553 2765 1598 2805 et
1623 2771 1722 2806 non
1757 2754 1993 2807 viderunt
2024 2755 2086 2807 ".

607 2933 661 2988 5.
696 2933 777 2987 Da
811 2934 957 2987 nobis
1013 2934 1274 2988 auxilium
1314 2934 1376 2988 de
1413 2935 1773 2990 tribulatione.
1818 2934 2089 2988 Auxilium

539 3041 608 3079 ne
633 3040 934 3093 quaeramus
959 3040 987 3078 a
1013 3027 1228 3092 robore,
1280 3040 1348 3078 ne
1383 3040 1410 3078 a
1445 3025 1581 3078 bona
1619 3025 1859 3092 corporis
1890 3023 2093 3078 habitu-

2175 757 2410 826 Ορωπος.
2439 756 2467 806 ὁ
2501 754 2725 822 ἀπειλὴν
2765 754 2900 824 ἔχων
2939 753 3012 823 μὴ
3058 751 3448 806 εἰσελεύσεσθαι
3478 756 3557 816 εἰς
3599 755 3722 806 Ἐκ-

2176 846 2399 914 κλησίαν
2419 844 2642 914 Κυρίου.
2673 844 2783 896 Οὐκ
2806 842 3161 896 εἰσελεύσεται
3187 842 3291 913 γὰρ
3318 844 3606 912 Μωαϐἰτης
3634 845 3728 896 καὶ

2191 937 2526 1006 Ἀμμανίτης
2556 937 2659 999 ἕως
2684 935 2868 1005 τρίτης
2899 935 2990 988 καὶ
3017 933 3122 996 ἕως
3150 933 3377 1004 δεκάτης
3395 936 3605 1000 γενεᾶς,
3635 938 3730 987 καὶ

2180 1029 2257 1090 εἰς
2287 1028 2375 1081 τὸν
2423 1028 2592 1080 αἰῶνα
2649 1028 2857 1096 χρόνον.
2902 1027 3086 1096 Ὅμως
3136 1025 3318 1095 ἐπειδὴ
3355 1025 3414 1077 τὸ
3447 1025 3728 1094 βάπτισμα

2181 1120 2371 1186 ἄφεσιν
2405 1117 2515 1188 ἔχει
2544 1117 2969 1188 ἁμαρτημάτων,
3007 1117 3099 1168 καὶ
3121 1115 3445 1186 ἀμεριμνίας
3473 1116 3729 1184 πρόξενον

2182 1211 2385 1278 γίνεται
2423 1214 2530 1274 τοῖς
2567 1211 2913 1280 καταχρέοις,
2947 1209 3043 1279 τὴν
3084 1209 3170 1264 διὰ
3213 1209 3306 1262 τοῦ
3362 1209 3729 1278 βαπτίσματος

2182 1301 2549 1372 ἀπολύτρωσιν
2581 1301 2672 1353 καὶ
2700 1301 2834 1370 πρὸς
2861 1300 2988 1352 Θεὸν
3019 1301 3284 1353 οἰκείωσιν
3305 1300 3729 1368 ἐνδεικνύμενος,

2183 1393 2377 1454 Μωὰϐ,
2405 1395 2556 1461 φησὶ,
2591 1393 2769 1459 λέϐης
2796 1393 2925 1444 ἐστὶ
2945 1393 3219 1459 λουτροῦ,
3244 1394 3299 1462 ἢ,
3323 1393 3509 1459 Λέϐης
3535 1394 3730 1460 ἀμερι-

2177 1487 2373 1554 μνίας.
2405 1483 2624 1548 Πάντες
2651 1481 2739 1536 οὖν
2763 1484 3095 1551 ἀλλόφυλοι
3123 1484 3507 1552 ὑπετάγησαν
3529 1483 3607 1553 τῷ
3634 1483 3730 1547 ζυ-

2182 1575 2262 1645 γῷ
2308 1575 2400 1627 τοῦ
2458 1575 2687 1644 Χριστοῦ
2732 1575 3131 1644 ὑποκύψαντες·
3184 1575 3268 1628 διὰ
3319 1576 3475 1628 τοῦτο
3501 1576 3594 1627 ἐπὶ
3633 1575 3733 1644 τὴν

2196 1663 2494 1734 Ἰδουμαίαν
2535 1663 2777 1715 ἐπιϐαλεῖ
2811 1664 2871 1716 τὸ
2903 1663 3091 1716 ἑαυτοῦ
3139 1664 3404 1731 ὑπόδημα.
3451 1662 3732 1732 Ὑπόδημα

2185 1757 2239 1809 δὲ
2263 1756 2360 1826 τῆς
2384 1756 2682 1826 θεότητοςή
2712 1755 2844 1824 σὰρξ
2875 1757 2983 1825 (58)
3005 1760 3037 1826 ἡ
3070 1756 3343 1825 Θεοφάρος,
3373 1755 3439 1807 δι’
3463 1752 3531 1826 ἧς
3561 1756 3734 1825 ἐπέϐη

2186 1848 2294 1907 τοῖς
2323 1845 2648 1915 ἀνθρώποις.
2669 1845 2786 1896 Ἐπὶ
2815 1845 2982 1916 ταύτῃ
3002 1850 3066 1916 τῇ
3095 1846 3264 1898 ἐλπίδι
3303 1847 3615 1915 μακαρίζων
3643 1846 3735 1898 τὸν

2186 1937 2371 2006 καιρὸν
2391 1937 2488 2006 τῆς
2507 1936 2598 1989 τοῦ
2624 1935 2828 2006 Κυρίου
2855 1936 3154 2006 ἀποδημίας
3187 1938 3214 1988 ὁ
3241 1937 3527 2006 Προφήτης
3565 1936 3696 2004 φησί
3719 1953 3730 1962 ·

2193 2030 2284 2092 Τίς
2309 2029 2520 2092 ἀπάξει
2545 2045 2618 2096 με
2643 2030 2730 2093 εἰς
2762 2028 2941 2080 πόλιν
2966 2028 3274 2096 περιοχῆς;
3305 2028 3455 2096 Τάχα
3487 2027 3583 2096 τὴν
3617 2027 3739 2078 Ἐκο

2186 2118 2410 2188 κλησίαν
2454 2118 2626 2181 λέγει·
2664 2118 2814 2173 πόλιν
2850 2117 2948 2187 μὲν
2968 2156 2981 2180 ,
3014 2118 3099 2170 διὰ
3123 2119 3182 2170 τὸ
3210 2119 3459 2188 σύστημα
3484 2113 3622 2169 εἶναι
3650 2133 3737 2167 νο-

2189 2209 2368 2280 μίμως
2397 2210 2708 2279 οἰκούμενον
2743 2210 2850 2281 (59)
2875 2228 2887 2240 ’
2921 2210 3200 2277 περιοχῆς
3225 2211 3280 2262 δὲ
3300 2211 3386 2264 διὰ
3406 2213 3503 2281 τὴν
3532 2210 3631 2280 τῆς
3658 2208 3742 2259 πί-

2189 2318 2355 2364 στεως
2388 2301 2694 2372 περιϐολήν.
2733 2302 2890 2355 Ὅθεν
2931 2300 3272 2371 εύσημότατά
3312 2319 3393 2363 τις
3434 2302 3541 2354 τῶν
3567 2303 3742 2370 ἑρμη-

2186 2393 2483 2444 νευσάντων
2502 2393 2811 2455 ἐκδέδωκεν,
2837 2395 2936 2458 Εἰς
2964 2393 3142 2446 πόλιν
3169 2392 3736 2459 περιπεφρατμένην.

2189 2479 2281 2540 Τίς
2302 2476 2391 2531 οὖν
2419 2481 2574 2533 δώσει
2613 2500 2701 2552 μοι
2734 2483 2793 2535 τὸ
2825 2483 2963 2552 μέγα
3003 2482 3156 2535 τοῦτο
3193 2482 3367 2551 Θέαμα
3417 2482 3570 2545 ἰδεῖν,
3608 2481 3741 2533 Θεὸν

2187 2566 2490 2638 ἀνθρώποις
2520 2571 2629 2636 (60)
2664 2572 3057 2643 ἐπιδημοῦντα;
3097 2570 3263 2625 Τοῦτό
3287 2572 3400 2623 ἐστι
3425 2572 3486 2623 τὸ
3518 2571 3743 2642 εἰρημέ-

2186 2676 2276 2712 νον
2307 2659 2456 2729 παρά
2499 2658 2592 2710 τοῦ
2641 2662 2877 2730 Κυρίου⁶
2911 2665 2991 2715 ὅτι
3031 2663 3252 2717 Πολλοὶ
3303 2662 3598 2730 προφῆται
3644 2663 3744 2714 καὶ

2187 2748 2399 2801 δίκαιοι
2455 2747 2838 2815 ἐπεθύμησαν
2885 2749 3028 2802 ἰδεῖν
3086 2750 3124 2804 d
3165 2750 3452 2815 βλέπετε,
3503 2752 3598 2804 καί
3633 2753 3744 2804 οὐκ

2187 2835 2366 2893 εἶδον.

2257 2930 2311 2983 5.
2341 2929 2452 2994 Δὸς
2496 2929 2638 2998 ἡμῖν
2689 2926 2980 2993 ,βοήθειαν
3024 2927 3092 2979 ἐκ
3153 2929 3426 2995 θλίψεως.
3496 2929 3586 2997 Μὴ
3639 2929 3747 2981 ἀπὸ

2193 3019 2367 3089 ἰσχύος
2419 3019 2735 3090 ζητήσωμεν
2769 3020 2866 3090 τὴν
2936 3018 3217 3090 βοήθειανο
3286 3017 3359 3088 μὴ
3417 3018 3523 3069 ἀπὸ
3575 3019 3744 3071 εὐπα-

538 3114 661 3168 dine
693 3132 707 3167 :
749 3130 815 3168 ne
859 3116 926 3169 ab
986 3115 1093 3168 ullo
1127 3128 1310 3168 eorum
1344 3116 1433 3184 qui
1465 3115 1596 3169 clari
1634 3126 1687 3168 et
1727 3114 1958 3168 illustres
1997 3113 2090 3166 ho-

2193 3111 2340 3174 Θείας
2381 3112 2609 3182 σαρκός’
2654 3111 2761 3164 ἀπὸ
2802 3112 3024 3182 μηδενὸς
3057 3111 3164 3182 (61)
3208 3110 3314 3164 τῶν
3351 3110 3500 3181 παρὰ
3537 3111 3746 3180 ἀνθρώ-

541 3205 773 3259 minibus
805 3205 1095 3270 habentur,
1128 3221 1282 3274 opem
1314 3206 1569 3274 consequi
1607 3206 1856 3258 velimus.
1899 3203 2014 3256 Non
2040 3203 2092 3256 in

542 3297 897 3363 pecuniarum
931 3297 1308 3362 exsuperantia
1338 3335 1352 3360 ,
1391 3310 1492 3348 non
1537 3297 1588 3348 in
1639 3295 1889 3361 potentia:
1929 3292 2092 3358 fastu,

543 3400 648 3438 non
686 3385 737 3437 in
764 3385 948 3454 gloriae
977 3385 1306 3440 sublimitate
1331 3387 1430 3440 sita
1463 3385 1683 3440 victoria
1715 3393 1797 3438 est
1827 3399 1841 3436 :
1873 3383 1966 3438 sed
2019 3398 2088 3436 ex

543 3491 754 3528 summa
787 3475 1135 3530 tribulatione
1158 3475 1384 3543 largitur
1408 3475 1667 3531 Dominus
1717 3474 1976 3529 auxilium
2029 3474 2096 3528 iis

543 3567 634 3635 qui
687 3567 859 3634 ipsum
897 3567 1192 3634 inquirunt.
1238 3565 1385 3620 Talis
1435 3576 1549 3621 crat
1585 3578 1638 3620 ct
1665 3566 1875 3632 Paulus,
1905 3567 1994 3635 qui
2038 3565 2092 3619 in

545 3656 658 3712 suis
694 3656 1026 3726 gloriabatur
1056 3655 1572 3709 tribulationibus“.
1591 3659 1766 3722 Quare
1792 3658 1970 3711 dicere
1999 3671 2093 3725 po-

546 3757 708 3815 terat,
739 3748 869 3803 Cum
899 3749 1157 3816 inﬁrmor,
1185 3758 1305 3801 tunc
1340 3755 1520 3816 potens
1543 3763 1656 3801 sum
1696 3749 1760 3798 ¹⁹.
1799 3747 1966 3801 Vens.
2004 3749 2093 3802 15.

547 3839 631 3894 Da
659 3842 804 3892 nobis
830 3841 1011 3908 igitur,
1047 3840 1288 3905 Domine,
1320 3840 1575 3911 auxilium
1615 3838 1678 3893 de
1706 3838 2050 3893 tribulatione
2078 3856 2097 3902 ;

548 3949 669 3986 cum
702 3931 977 3986 tribulatio
1009 3931 1320 3999 patientiam
1357 3941 1630 3999 operetur,
1667 3930 1926 3999 patientia
1973 3946 2098 4000 pro-

548 4025 841 4089 bationem,
877 4023 1119 4092 probatio
1153 4037 1339 4089 spem:
1381 4037 1503 4091 spes
1529 4031 1705 4074 autem
1738 4037 1841 4074 non
1870 4023 2098 4076 confun-

549 4117 641 4168 dat
670 4117 735 4166 '°.
769 4114 929 4167 Vides
975 4130 1080 4180 quo
1127 4115 1402 4168 tribulatio
1435 4125 1484 4167 te
1514 4111 1814 4166 subvehat?
1844 4112 1920 4163 Ad
1948 4128 2099 4178 spem

549 4220 670 4274 quae
703 4223 804 4260 non
838 4205 1140 4261 confundit.
1175 4205 1469 4273 .‘Egrotas?
1503 4205 1708 4268 Gaude,
1738 4202 1863 4273 quia
1886 4243 1901 4267 ,
1938 4201 2100 4266 Quem

550 4297 723 4366 diligit
771 4297 1027 4350 Dominus
1048 4337 1063 4363 ,
1116 4298 1334 4366 castigat
1362 4301 1428 4349 ιι.
1465 4296 1671 4364 Pauper
1703 4294 1802 4348 es?
1852 4294 2056 4347 Laetare
2082 4329 2098 4357 ,

2196 3220 2318 3264 ποις
2343 3204 2736 3273 νενομισμένων
2769 3205 3078 3275 περιφανῶν
3103 3204 3417 3273 ἀξιώσωμεν
3447 3207 3626 3274 τυχεῖν
3651 3204 3746 3272 τῆς

2196 3293 2544 3364 ἀντιλήψεως.
2596 3296 2708 3348 Οὐκ
2760 3298 2816 3347 ὲν
2868 3295 3122 3367 περιϐολῇ
3180 3297 3508 3366 χρημάτων,
3545 3297 3645 3349 οὐκ
3690 3298 3746 3347 ὲν

2197 3377 2469 3447 δυνάμεως
2515 3380 2693 3449 ὄγκῳ,
2732 3383 2832 3434 οὐκ
2875 3384 2932 3434 ἐν
2963 3383 3210 3452 ὑψώματι
3247 3383 3402 3455 δόξης
3428 3385 3486 3437 τὸ
3531 3388 3747 3455 κρατεῖν

2199 3468 2562 3537 περιγίνεται,
2609 3471 2722 3522 ἀλλ’
2767 3473 2829 3524 ἐκ
2861 3474 2956 3543 τῆς
3003 3475 3123 3527 καθ’
3176 3475 3477 3546 ὑπερϐολὴν
3520 3475 3748 3544 Θλίψεως

2199 3560 2476 3631 χαρίζεται
2496 3560 2696 3631 Κύριος
2711 3565 2821 3624 τοῖς
2845 3565 3158 3633 ἐκζητοῦσιν
3182 3567 3340 3618 αὐτὸν
3361 3567 3455 3636 τὴν
3477 3567 3746 3637 βοήθειαν.

2199 3650 2446 3712 Τοιοῦτος
2471 3645 2538 3720 ἦν
2589 3651 2680 3703 καί
2711 3653 2738 3703 ὁ
2782 3651 3016 3715 Παῦλος,
3051 3656 3371 3724 καυχήματα
3417 3655 3610 3709 ἑαυτοῦ
3653 3658 3750 3719 τὰς

2200 3743 2406 3813 θλίψεις
2438 3742 2769 3814 ποιούμενος.
2798 3742 2895 3795 Διὰ
2915 3742 3070 3797 τοῦτο
3094 3745 3320 3812 ἠδύνατο
3342 3746 3516 3812 λέγειν
3533 3764 3544 3775 ·
3571 3749 3752 3799 ’Ὀταν

2200 3835 2454 3898 ἀσθενῶ,
2482 3837 2613 3889 τότε
2652 3834 2906 3900 δυνατός
2927 3837 3059 3904 εἰμι.
3095 3835 3205 3901 Δὸς
3230 3832 3320 3888 οὖν
3348 3836 3509 3904 ἡμῖν,
3555 3839 3748 3903 Κύριε,

2197 3925 2481 3992 ,βοήθειαν
2523 3927 2588 3978 ἐκ
2658 3928 2942 3994 θλίψεως·
2980 3929 3161 4000 ἐπειδὴ
3201 3931 3232 3999 ἠ
3271 3929 3442 3997 θλίψις
3481 3929 3755 3999 ὑπομονὴν

2204 4017 2614 4089 κατεργάζεται,
2639 4021 2670 4088 ή
2701 4019 2757 4071 δὲ
2782 4019 3020 4089 ὑπομονὴ
3041 4020 3284 4089 δοκιμὴν,
3318 4021 3429 4090 ἠ·δὲ
3456 4021 3648 4091 δοκιμὴ
3672 4021 3754 4072 ἐλ-

2205 4111 2351 4176 πίδα,
2382 4113 2414 4180 ἡ
2443 4111 2500 4164 δὲ
2523 4110 2678 4173 ἐλπὶς
2715 4112 2772 4162 οὐ
2807 4111 3168 4178 καταισχύνει.
3217 4112 3374 4180 Ὁρᾷς
3415 4113 3516 4164 ποῦ
3561 4113 3753 4179 ἀνάγει

2206 4217 2265 4251 σε
2296 4202 2328 4270 ὴ
2355 4201 2564 4269 θλίψις;
2597 4203 2688 4262 Εἰς
2719 4201 2815 4269 τὴν
2837 4200 3258 4269 άκαταίσχυντον
3283 4201 3489 4254 ἐλπίδα.
3529 4202 3751 4268 Νοσεϊς;

2205 4289 2424 4360 εύθύμει
2448 4330 2465 4356 ,
2503 4293 2582 4344 ὅτι
2636 4294 2742 4344 Ὃν
2783 4289 2980 4360 ἀγαπᾷ
3014 4293 3242 4359 Κύριος,
3281 4291 3560 4347 παιδεύει.
3599 4294 3751 4346 Πτω-

623 4500 667 4533 ¹⁷
706 4498 894 4554 Matth.
938 4515 1054 4566 xm,
1079 4501 1162 4554 17.
1241 4501 1284 4531 ¹⁸
1322 4499 1475 4554 Rom.
1517 4514 1567 4562 v,
1596 4499 1648 4553 ’5.
1729 4497 1771 4529 "
1797 4497 1835 4552 ll
1858 4498 1982 4552 Cor.
2013 4511 2088 4550 ιιι

2193 4495 2232 4549 l.
2311 4492 2356 4523 ²⁰
2386 4490 2542 4547 Rom.
2568 4506 2620 4559 v,
2648 4491 2761 4547 5-5.
2837 4494 2879 4524 "
2911 4493 3072 4547 Hebr.
3104 4509 3201 4546 χιι.
3227 4491 3279 4544 6.

622 4705 734 4774 (57)
791 4703 963 4756 Editio
1009 4701 1328 4774 Earismttm
1392 4703 1540 4757 Colb.
1591 4700 1817 4774 septimo
1842 4696 2090 4774 tabuimu-

2209 4695 2625 4774 Theodoretum,
2650 4693 3289 4774 pro_nsptnaapazpamv
3317 4693 3414 4774 legi
3445 4695 3752 4774 simpliciter

550 4763 728 4844 τρὸῦ.’
758 4774 916 4827 Deest
959 4772 1052 4826 τοῦ
1111 4774 1163 4826 in
1226 4771 1470 4841 plurimis
1505 4763 1731 4826 mssfet
1785 4771 1838 4823 in
1881 4767 2090 4822 editioni

2214 4767 2627 4844 πεφραγμένην.
2665 4764 2768 4817 Sed
2793 4763 3035 4842 suspicor
3066 4763 3211 4829 illud,
3242 4763 3387 4834 περί,
3409 4835 3419 4844 _
3440 4782 3467 4818 a
3521 4764 3752 4819 librariis

552 4845 722 4898 Basil.

2212 4833 2520 4902 utro'que'in
2559 4833 2674 4903 loco
2700 4833 2956 4903 omissum
2979 4847 3117 4898 esse,
3143 4845 3250 4888 tum
3279 4833 3421 4903 quod
3455 4851 3554 4887 vox
3587 4850 3750 4903 ίπερι-

624 4914 733 5034 ἳ58)
766 4913 855 4966 Sic
894 4910 1041 4979 Regii
1101 4909 1288 4965 tertius
1325 4920 1378 4963 et
1439 4921 1661 4975 quartus
1691 4922 1842 4976 aeque
1888 4920 1952 4960 ac
2002 4913 2112 4960 tres
2213 4904 2603 4974 πεφραγμένην
2634 4902 3019 4981 signiticantior
3056 4905 3156 4983 sit,_
3179 4902 3459 4970 tum'quod
3489 4905 3541 4958 in
3573 4902 3749 4955 Hexa—

624 4983 870 5034 .bertini.
921 4981 1061 5033 Editi
1115 4995 1241 5034 vero
1281 4994 1400 5033 cum
1432 4979 1566 5034 Rea.
1613 4991 1767 5033 sexto
1791 4979 1823 5034 ἡ
1855 4974 2110 5034 θεοφόρος
2211 4975 2310 5034 plis
2341 4978 2409 5026 ita
2441 4991 2503 5027 ex
2527 4987 2656 5025 mss.
2684 4971 2887 5024 editum
2917 4971 3082 5028 fuisse
3110 4977 3401 5027 videamus.

552 4971 870 5039 Cnlbertini.
921 4971 1061 5033 EJiti
1115 4995 1241 5035 vero
1281 4994 1400 5033 cum
1432 4971 1566 5046 Reg.
1613 4971 1824 5048 εεκιόὴ
1855 4974 2110 5048 θεοφόρος
2211 4971 2417 5048 plislta
2441 4971 2656 5048 exmss.
2684 4971 2887 5024 editum
2917 4971 3082 5048 fuisse
3110 4974 3401 5048 videamus.

555 5053 712 5122 σάρξ.
738 5051 862 5106 Haec
885 5050 1067 5122 Basilii
1099 5052 1259 5105 verba
1291 5050 1422 5103 citat
1458 5046 1824 5103 Thcodoretus
1855 5059 1982 5103 tom.
2013 5046 2102 5111 ιν,

553 5120 697 5178 Dial.
727 5140 763 5187 ι,
797 5137 915 5188 pag.
940 5120 1027 5175 40.

625 5183 1231 5261 (59)'KitComhelisius
1271 5204 1368 5244 suo
1395 5188 1648 5261 periculo
1704 5204 1800 5256 pro
1846 5183 2107 5261 οἰκούμε-

2281 5044 2394 5108 (60)
2436 5043 2584 5097 Colh.
2653 5051 2877 5113 quartth
2938 5042 3068 5095 Θεὸν
3124 5045 3182 5094 ἐν
3237 5042 3558 5113 ἀνθρώποις.
3602 5040 3750 5094 [laud

2208 5112 2360 5180 longe
2380 5107 2497 5165 duo
2531 5107 2781 5182 msssAb;
2805 5107 2895 5163 οὖν
2918 5113 3064 5182 ἡμῖν.

2283 5182 2607 5251 (bl)Totum
2656 5181 2805 5246 illud,
2837 5180 3219 5250 ἀπδμηδενός,
3251 5192 3380 5243 etc.,
3437 5181 3511 5234 sic
3566 5180 3752 5234 Latine

554 5251 643 5313 νον
677 5251 957 5329 legendum
982 5273 1099 5313 esse
1129 5251 1574 5329 οἰκονομούμενον
1603 5276 1618 5314 :
1651 5251 1739 5312 sed
1769 5259 1902 5329 quid
1925 5251 2090 5309 neces

2213 5254 2480 5329 redditum
2529 5251 2579 5303 in
2637 5251 3091 5329 editione__Paris.
3121 5253 3425 5329 invenimus
3462 5266 3474 5300 :
3512 5251 3550 5302 Α
3587 5252 3749 5328 nulla.

557 5348 616 5386 se
643 5333 710 5385 sit
733 5326 812 5384 ita
841 5329 940 5398 legi
977 5338 1162 5383 contra
1189 5326 1556 5382 auctoritatem
1580 5329 1816 5383 omnium
1852 5326 2106 5398 librorum

559 5411 668 5454 tum
704 5415 856 5458 mss..
895 5393 1023 5451 'tum
1058 5412 1400 5458 excusorum,
1429 5412 1525 5458 ego
1564 5414 1668 5451 non
1695 5399 1825 5450 satis
1858 5393 2117 5456 intelligo.

2214 5323 2445 5388 inquam,
2483 5336 2536 5372 re
2556 5337 2670 5387 qua:
2688 5321 2968 5389 quamlibet
2994 5324 3128 5389 apud
3151 5321 3382 5373 homines
3414 5331 3665 5386 prazslans
3690 5324 3750 5369 sit

2218 5403 2264 5444 et
2301 5393 2515 5451 eximia,
2551 5391 2763 5459 dignum
2806 5401 2879 5443 est
2913 5401 2967 5442 ut
2997 5398 3058 5443 ab
3082 5408 3140 5444 ea
3175 5391 3417 5454 deposcas
3443 5391 3532 5442 tibi
3563 5393 3754 5453 impar-

559 5470 691 5522 Nam
751 5469 1029 5536 utriusque
1083 5469 1230 5522 verbi
1282 5459 1546 5520 οἰκεῖσῦαι
1613 5477 1665 5521 et
1725 5463 2090 5536 olxovopaiolia

2218 5459 2495 5536 tiri_veluti
2527 5459 3301 5536 redemptio_neut_._Sed_Basilii
3337 5461 3495 5513 verba
3520 5460 3590 5536 _d_e
3633 5472 3746 5536 per-

557 5539 802 5592 enmdetn
859 5528 998 5605 saepe
1023 5537 1472 5605 signiﬁcationem
1497 5551 1637 5598 esse,
1695 5537 1775 5605 vel
1823 5528 2121 5605 ex'lexicis
2216 5532 2361 5583 sonis
2386 5545 2486 5605 non
2520 5529 2584 5581 de
2617 5531 2774 5582 rebus
2803 5530 3139 5605 intelligenda
3169 5543 3288 5582 esse
3322 5540 3467 5605 puto.
3519 5528 3750 5605 Hocigi-

558 5616 796 5660 constat.
836 5602 1185 5674 Interprelem
1217 5606 1360 5658 illum
1384 5607 1472 5675 qui
1509 5621 1625 5658 mm
1652 5621 1678 5656 a
1710 5602 2118 5675 Basiliolauda-

564 5684 670 5734 tur.
691 5673 1073 5746 Symmachum
1097 5692 1215 5730 esse
1249 5673 1440 5729 docent
1498 5675 1758 5746 Eusebius
1787 5685 1839 5727 et
1871 5673 2118 5746 Theodof

2221 5609 2305 5653 tur
2371 5599 2521 5660 dicit,
2579 5615 2750 5666 neque
2795 5613 2822 5649 a
2895 5601 3073 5659 rebus,
3123 5613 3292 5666 neque
3323 5595 3406 5651 'ab
3457 5595 3754 5666 hominibus

2219 5669 2512 5736 quamlibet
2575 5670 2736 5722 claris
2793 5668 2953 5720 ullum
3025 5665 3279 5720 auxilium
3341 5665 3756 5733 exspectandum

562 5737 749 5802 retus.’
774 5745 1069 5800 Notandum
1131 5757 1308 5800 tamen
1371 5748 1522 5815 apml-
1562 5745 1843 5800 l’ntsebimn
1877 5753 1922 5794 el
1985 5743 2117 5808 apud
2219 5737 2504 5794 esseNam
2541 5739 2718 5791 omnia
2750 5738 3000 5804 excludit,
3038 5747 3088 5791 et
3124 5755 3206 5792 res
3232 5747 3280 5792 et
3311 5751 3582 5804 personas.
