4016 6438
286 387 390 438 469

287 497 464 566 χεύεις
498 495 606 566 (62)
633 512 647 559 ;

287 586 602 650 διαδέξεται.
653 583 914 654 Ἀτιμάζῃ
971 583 1056 636 διὰ
1101 584 1160 636 τὸ
1205 582 1375 652 ὄνομα
1424 581 1518 636 τοῦ
1572 584 1840 653 Χριστοῦς

287 678 569 749 Μακάριος
598 675 667 739 εί,
707 677 789 728 ὅτι
820 691 913 727 σου
947 675 1054 747 (63)
1087 679 1120 747 ἡ
1143 673 1368 744 αἰσχύνη
1405 678 1484 737 εἰς
1513 675 1739 743 ἀγγέλου
1762 675 1845 728 δό-

288 769 382 833 ξαν
419 769 900 840 μεταϐληθήσεται.
933 770 1212 837 Πείσωμεν
1235 767 1456 830 ἑαυτοὺς
1474 806 1488 829 ,
1520 766 1761 835 ἀδελφοὶ,
1787 769 1845 819 ὲν

287 861 459 931 καιρῷ
481 859 806 930 πειρασμοῦ,
840 861 913 932 μὴ
943 861 1075 930 πρὸς
1098 860 1438 930 ἀνθρωπίνας
1468 857 1685 921 ἐλπίδας
1712 862 1844 912 ἁπο-

285 954 516 1023 τρέχειν,
552 952 683 1021 μηδὲ
712 953 917 1006 ἐκεῖθεν
941 953 1150 1014 ἑαυτοῖς
1169 951 1266 1015 τὰς
1288 951 1536 1021 βοηθείας
1557 949 1838 1020 θηρᾶσθαι,

284 1042 398 1096 ἀλλ’
428 1043 486 1094 ἐν
513 1041 740 1114 δάκρυσι
770 1046 861 1096 καὶ
894 1045 1232 1112 στεναγμοῖς,
1267 1041 1360 1093 καὶ
1379 1039 1644 1112 φιλοπόνῳ
1678 1058 1837 1112 προσ-

285 1137 417 1204 ευχῇ
442 1173 456 1196 ,
493 1136 584 1188 καὶ
611 1135 885 1207 ἀγρυπνίᾳ
945 1134 1144 1204 εύτόνῳ
1183 1134 1280 1195 τάς
1313 1133 1526 1202 δεήσεις
1552 1133 1839 1186 ποιεῖσθαι.

281 1216 451 1287 Οὗτος
476 1225 582 1296 γὰρ
604 1227 864 1297 λαμϐάνει
890 1224 1137 1294 βοήθειαν
1171 1225 1235 1276 ἐκ
1255 1223 1482 1293 θλίψεως
1502 1267 1516 1290 ,
1558 1228 1586 1276 ὁ
1617 1224 1713 1291 τῆς
1745 1223 1838 1274 ἀν-

282 1315 556 1387 θρωπίνης
581 1317 830 1389 βοηθείας
869 1315 943 1378 ὡς
975 1314 1205 1384 ματαίας
1229 1316 1576 1387 καταφρονῶν
1597 1353 1610 1373 .
1651 1313 1743 1365 καὶ
1775 1314 1836 1382 τῇ

279 1404 373 1455 ἐπὶ
399 1404 490 1458 τὸν
520 1407 710 1472 σώζειν
740 1406 1034 1474 δυνάμενον
1062 1407 1206 1477 ἡμᾶς
1228 1408 1399 1460 ἑλπίδι
1432 1405 1834 1475 στηριζόμενος,

278 1494 338 1546 ὲν
356 1495 573 1568 Χριστῷ
611 1497 782 1566 Ἰησοῦ
807 1496 884 1565 τῷ
922 1498 1312 1569 Κυρίῳήμῶν,
1356 1490 1398 1562 ᾧ
1423 1498 1455 1566 ἡ
1484 1495 1607 1560 δόξα
1649 1497 1740 1548 καὶ
1778 1493 1836 1547 τὸ

279 1588 476 1657 κράτος
502 1591 581 1650 είς
612 1589 737 1651 τοὺς
757 1588 954 1653 αἰῶνας
977 1591 1083 1643 τῶν
1103 1590 1331 1643 αἰώνων.
1377 1588 1566 1659 Ἀμήν.

678 1763 784 1814 ΕΙΣ
819 1763 954 1814 TON
981 1761 1077 1812 ΞΛ⁹
1113 1761 1428 1814 ΨΑΛΜΟΝ.

312 1851 415 1913 Εἰς
443 1849 507 1902 τὸ
531 1851 705 1915 τέλος
730 1850 880 1916 ὑπὲρ
923 1849 1195 1918 Ἰδιθοὺμ,
1231 1848 1467 1920 ψαλμὸς
1492 1849 1571 1914 τῷ
1605 1848 1798 1902 Δαϐίδ.

347 1941 396 1992 1.
433 1939 543 2009 (64)
595 1939 696 1991 Δύο
750 1939 993 2010 ψαλμοὺς
1047 1938 1288 2010 ἔγνωμεν
1348 1939 1525 2005 ’Υπὲρ
1581 1939 1836 2008 Ἰδιθοὺμ

269 2031 492 2100 ἔχοντας
531 2031 629 2102 τὴν
675 2032 1016 2102 ἐπιγραφήν·
1057 2031 1144 2083 τόν
1188 2048 1245 2083 τε
1295 2029 1610 2100 τριακοστὸν
1657 2030 1834 2096 ὃγδοον

270 2123 489 2179 καὶτὸν
521 2126 578 2176 ὲν
625 2125 801 2195 χερσί.
847 2126 953 2175 Καὶ
1001 2122 1321 2189 λογιζόμεθα
1369 2122 1463 2189 μὲν
1512 2120 1672 2171 Jama
1724 2122 1832 2189 (65)

269 2212 410 2270 εἶναι
436 2217 533 2287 τὴν
561 2215 805 2278 σύνταξιν
829 2215 925 2283 τῆς
958 2212 1362 2282 πραγματείας·
1396 2212 1473 2282 τῷ
1500 2215 1680 2282 μέντοι
1723 2213 1834 2266 Ἰδι-

267 2307 410 2376 Θοὺμ
451 2306 690 2358 δεδόσθαι
735 2307 813 2366 είς
870 2302 1131 2370 ὠφέλειαν
1179 2304 1376 2368 αὐτοῦ,
1418 2307 1507 2357 ἐπὶ
1554 2304 1832 2375 διορθώσει

265 2397 378 2450 τῶν
416 2399 473 2448 ἐν
512 2399 578 2466 τῇ
619 2396 762 2465 ψυχῇ
810 2395 1180 2464 παθημάτων,
1220 2399 1310 2448 καὶ
1342 2399 1418 2458 είς
1445 2397 1705 2465 μελῳδίαν
1736 2397 1831 2466 τὴν

264 2490 361 2542 ἐπὶ
392 2487 486 2541 τοῦ
516 2487 641 2541 λαοῦ
662 2506 674 2518 ·
732 2487 796 2540 δι’
822 2482 889 2558 ἦς
916 2489 1009 2540 καὶ
1049 2490 1076 2538 ὁ
1125 2487 1254 2547 Θεὸς
1298 2487 1571 2551 ἐδοξάζετο
1595 2526 1608 2546 ,
1645 2486 1737 2538 καὶ
1782 2490 1828 2539 οἱ

263 2582 556 2644 ἀκούοντες
593 2582 692 2650 τῆς
732 2579 997 2649 ἁρμονίας
1032 2578 1435 2648 ὲπανωρθοῦντο
1468 2577 1535 2630 τὰ
1569 2578 1691 2648 ἤθη.
1727 2574 1831 2630 Ἶιν

261 2673 373 2743 γὰρ
395 2674 488 2725 καὶ
528 2677 556 2727 ὁ
602 2672 829 2738 Ἰδιθοὺμ
877 2669 1191 2740 ίεροψάλτης
1213 2712 1226 2733 ,
1255 2671 1329 2734 ὡς
1356 2674 1766 2742 μαρτυρεΗγμῖν
1798 2674 1828 2742 η

265 2763 477 2833 ἱστορία
497 2764 603 2815 τῶν
627 2762 1134 2834 Παραλειπομένων,
1165 2760 1418 2826 λέγουσα·
1450 2761 1553 2813 Καὶ
1573 2761 1698 2828 μετ’
1727 2762 1830 2814 αὐ-

261 2852 383 2906 τῶν
418 2851 529 2921 (66)
578 2852 769 2919 Αἱμὰν
812 2852 908 2904 καὶ
954 2849 1231 2917 Ἰδιθοὺμ,
1274 2848 1601 2917 σάλπιγγες
1633 2866 1694 2900 τε
1733 2851 1827 2903 καὶ

260 2946 534 3013 κύμϐαλα
575 2942 682 2995 τοῦ
720 2941 1085 3011 ἀναφωνεῖν,
1133 2940 1230 2992 καὶ
1261 2939 1480 3007 ὄργανα
1522 2940 1636 2992 τῶν
1665 2939 1830 3004 ᾠδῶν

260 3034 370 3086 τοῦ
431 3033 598 3088 Θεοῦ.
670 3033 780 3087 Καὶ
840 3033 956 3102 μετ’
1006 3030 1158 3098 ὀλίγα
1217 3030 1383 3100 φησί·
1440 3030 1549 3081 Καὶ
1607 3030 1829 3095 ἔστησε

261 3125 440 3178 Δαϐὶὸ
472 3129 504 3177 ό
527 3123 825 3188 βασιλεὺς
857 3122 954 3176 καὶ
983 3125 1037 3175 οἱ
1065 3121 1349 3190 ἄρχοντες
1383 3119 1492 3187 τῆς
1526 3120 1829 3189 δυνάμεως

259 3219 348 3280 είς
375 3215 447 3268 τὰ
470 3216 611 3283 ἔργα
635 3216 775 3278 τοὺς
798 3215 964 3279 υἱοὺς
999 3215 1198 3280 Ἀσάφ,
1235 3215 1329 3266 καὶ
1360 3217 1547 3282 Αιμὰν
1576 3215 1704 3284 (67),
1730 3213 1828 3266 καὶ

274 3305 554 3374 Ἰδιθοὺμ,
586 3304 724 3369 τοὺς
743 3303 1297 3372 ἀποφθεγγομένους
1329 3304 1395 3354 ἐν
1422 3306 1703 3370 χινύραις,
1731 3304 1827 3356 καί

258 3399 330 3450 ἐν
352 3395 619 3460 νάϐλαις,
651 3395 749 3448 καὶ
779 3395 847 3447 ἐν
873 3393 1221 3462 τυμπάνοις.
1247 3393 1380 3463 Περὶ
1409 3395 1686 3462 ὑπομονῆς
1717 3396 1826 3446 τοί-

258 3507 353 3542 νυν
379 3488 635 3559 ἑκάτερος
662 3486 871 3556 ψαλμὸς
896 3488 994 3557 τὴν
1018 3486 1270 3556 πλείστην
1295 3490 1527 3539 ποιεῖται
1548 3488 1657 3555 (68)
1686 3505 1826 3557 πρα-

258 3577 562 3647 γματείαν,
594 3577 659 3630 δι’
691 3573 757 3648 ἦς
804 3575 1218 3628 καταστέλλεται
1272 3577 1368 3646 μὲν
1408 3578 1506 3646 τῆς
1545 3576 1721 3645 ψυχῆς
1766 3577 1826 3628 τὸ

259 3669 616 3740 θυμούμενον,
670 3669 1040 3738 ὑπερηφανίας
1098 3668 1151 3720 δὲ
1207 3670 1384 3740 πάσης
1434 3669 1820 3739 ὲξορισθείσης,

259 3758 617 3828 κατορθοῦται
646 3758 989 3820 ταπείνωσις.
1039 3760 1337 3827 Ἀμήχανον
1368 3759 1475 3826 γὰρ
1504 3760 1590 3811 τὸν
1622 3759 1694 3829 μὴ
1727 3777 1825 3811 κα-

258 3851 620 3920 ταδεξάμενον
646 3851 705 3903 τὸ
730 3851 863 3921 πρὸς
888 3852 1090 3913 πάντας
1113 3851 1330 3913 ὑποδεὲς
1349 3852 1442 3903 καὶ
1464 3852 1682 3920 ἔσχατον
1713 3852 1822 3920 (69)

258 3941 549 4012 δυνηθῆναί
584 3957 712 3992 ποτε
754 3941 785 4010 ἢ
831 3940 1231 4010 λοιδορούμενον
1259 3937 1429 4009 θυμοῦ
1464 3941 1753 4012 κρατῆσαι,
1789 3940 1819 4010 ἢ

259 4032 572 4102 θλιϐόμενον
605 4031 692 4084 διὰ
728 4031 1100 4099 μακροθυμίας
1149 4032 1525 4100 περιγενέσθαι
1568 4034 1673 4084 τῶν
1714 4050 1824 4084 πει-

265 4125 506 4194 ρασμῶν.
552 4125 607 4176 Ὀ
663 4124 768 4192 γὰρ
835 4123 930 4192 τὴν
979 4123 1152 4192 ἄκραν
1184 4124 1508 4175 ταπείνωσιν
1558 4125 1820 4196 κατορθώ-

263 4231 381 4275 σας,
411 4216 468 4265 ὲν
503 4213 597 4282 μὲν
631 4215 746 4274 ταῖς
778 4212 1059 4282 λοιδορίαις
1086 4211 1302 4265 πλείονα
1329 4214 1520 4265 ἑαυτοῦ
1559 4231 1824 4283 προκατα-

261 4306 422 4372 γνοῦς
458 4305 554 4374 τὴν
589 4304 878 4368 εὐτέλειαν,
906 4304 966 4356 ού
996 4304 1344 4375 κινηθήσεται
1369 4306 1464 4375 τὴν
1514 4306 1687 4376 ψυχὴν
1720 4305 1823 4358 ὑπὸ

1456 378 1734 434 HOMILIA
1774 378 1841 432 IN
1881 378 2207 434 PSALMUM
2246 379 2378 432 LXI.

684 492 972 562 εὐφραίνου
998 533 1010 552 ,
1046 493 1124 544 ὅτι
1157 491 1404 561 Λαζάρου
1453 509 1511 544 σε
1562 491 1631 544 τὰ
1673 493 1827 561 ἀγαθέ

1955 496 2078 561 quia
2114 495 2302 549 Lazari
2329 497 2466 550 bona
2503 501 2551 550 te
2578 494 2934 564 excipient".
2984 493 3274 563 Ignominia
3316 495 3492 552 silice-

3387 382 3490 436 470

1955 589 2026 640 ris
2065 597 2284 658 propter
2305 585 2505 642 Christi
2538 587 2766 643 nomen?
2805 586 3002 642 Beatus
3048 601 3139 649 es,
3169 590 3294 654 quia
3342 600 3492 645 tttttm

1950 680 2182 735 dedecus
2211 680 2262 732 in
2301 679 2475 749 angeli
2497 678 2718 748 gloriam
2749 687 3012 733 vertetur.
3051 676 3235 742 Nobis,
3276 680 3491 745 fratres,

1950 772 2266 827 tentationis
2295 780 2534 841 tempore
2563 770 3000 839 persuadeamus,
3030 781 3088 823 ut
3115 786 3180 825 ne
3211 771 3277 825 ad
3299 772 3487 826 huma-

1951 877 2045 915 nas
2078 879 2201 932 spes
2241 861 2630 930 coniugiamus,
2665 875 2764 915 nec
2796 861 2950 932 193
2980 863 3101 916 inde
3140 863 3292 917 nobis
3346 877 3491 931 qum-

1952 964 2131 1004 ramus
2163 951 2359 1005 auxilia
2394 964 2408 1000 :
2441 952 2530 1005 sed
2562 951 2612 1005 in
2646 949 2899 1020 laerymis
2931 960 2984 1005 et
3023 952 3292 1020 suspiriis,
3321 962 3376 1006 et
3405 967 3492 1006 se-

1945 1040 2068 1094 dula
2112 1042 2504 1106 obsecratione,
2532 1053 2588 1098 et
2630 1043 2850 1097 intentis
2905 1043 3100 1112 vigiliis
3145 1059 3328 1112 preces
3366 1060 3491 1114 pcr-

1945 1147 2188 1201 agamus.
2216 1133 2311 1188 llic
2332 1134 2477 1188 enim
2502 1146 2531 1185 e
2559 1135 2904 1190 tribulatione
2931 1134 3233 1203 praesidium
3275 1136 3489 1203 accipit,

1943 1225 2030 1292 qui
2072 1239 2227 1293 opem
2264 1226 2551 1280 humanam
2595 1237 2652 1279 nt
2680 1243 2874 1283 vanam
2923 1238 3263 1295 aspernatur,
3300 1241 3364 1280 ac
3396 1241 3492 1294 spe

1946 1318 2134 1371 nititur
2164 1316 2325 1380 illius,
2357 1321 2445 1385 qui
2492 1333 2591 1374 nos
2619 1320 2794 1374 salvos
2816 1323 2994 1376 facere
3021 1327 3216 1388 potest,
3247 1320 3300 1372 in
3329 1317 3488 1372 Chri-

1941 1418 2025 1461 sto
2054 1408 2178 1462 Jesu
2215 1407 2439 1462 Domino
2467 1421 2672 1476 nostro,
2714 1412 2798 1462 cui
2830 1412 2996 1479 gloria
3031 1417 3086 1464 et
3122 1409 3403 1478 imperium
3432 1407 3486 1462 in

1941 1500 2137 1553 satcula
2159 1497 2496 1554 sa'culorum.
2528 1501 2713 1556 Amen.

2420 1756 2486 1810 IN
2519 1755 2842 1812 PSALMUM
2871 1756 3002 1813 LXI.

2135 1847 2198 1902 1η
2230 1847 2386 1916 ﬁnem
2423 1865 2515 1916 pro
2543 1847 2800 1912 Iditltum,
2828 1848 3060 1914 psalmus
3100 1848 3310 1902 Davidi.

2007 1940 2057 1993 1.
2091 1938 2331 1994 Psalmos
2359 1940 2493 1994 duos
2527 1939 2799 2005 novimus,
2831 1939 3027 2007 quibus
3070 1939 3350 2007 inscriptio
3380 1950 3464 1995 est

1939 2029 2044 2082 Pro
2075 2029 2329 2091 [dit/ium,
2377 2029 2704 2083 tricesimum
2747 2039 2994 2084 octavum
3025 2067 3039 2088 ,
3073 2037 3127 2082 et
3160 2029 3299 2084 hunc
3325 2044 3485 2098 quem

1935 2123 2194 2176 habemus
2232 2121 2284 2174 in
2314 2119 2582 2174 manibus.
2613 2121 2677 2172 Et
2709 2121 3034 2176 arbitrantur
3069 2120 3356 2190 quidem—a
3381 2119 3484 2174 Da-

1935 2215 2054 2268 vide
2111 2211 2468 2280 compositum
2527 2225 2660 2279 opus
2688 2226 2828 2274 esse,
2878 2213 3057 2266 datum
3098 2227 3226 2267 vero
3253 2197 3485 2264 lditliunt

1934 2320 2031 2373 pro
2062 2304 2295 2358 utilitate
2327 2302 2515 2372 ipsius,
2551 2301 2616 2354 ad
2640 2301 2986 2371 corrigendos
3016 2303 3203 2357 anima:
3245 2301 3484 2356 aﬂ'ectio-

1934 2413 2050 2460 nes,
2081 2406 2134 2448 et
2162 2397 2227 2448 ad
2263 2394 2692 2450 concinnandam
2720 2408 2902 2446 coram
2946 2394 3140 2462 populo
3173 2394 3480 2459 melodiam,

1933 2502 2025 2553 per
2058 2500 2216 2553 quam
2266 2497 2320 2537 et
2364 2487 2500 2538 Deus
2530 2483 2865 2538 aﬂieiebatur
2889 2484 3081 2554 gloria,
3107 2497 3162 2538 et
3187 2500 3362 2539 mores
3390 2499 3482 2537 eo-

1933 2595 2047 2631 rum
2079 2578 2167 2647 qui
2192 2577 2523 2630 harmoniam
2555 2577 2844 2630 audiebant
2879 2578 3320 2630 emendabantur.
3356 2576 3484 2629 Erat

1931 2672 2074 2723 enim
2115 2679 2166 2723 et
2202 2669 2430 2723 ldithum
2459 2669 2571 2738 ipse
2600 2683 2876 2723 sacrorum
2907 2667 3229 2735 psalmorum
3271 2678 3480 2732 cantor,

1931 2775 1985 2818 ιιι
2013 2763 2166 2816 nobis
2220 2772 2444 2814 testatur
2489 2759 2930 2827 Paralipomenon
2973 2759 3216 2824 historia,
3248 2759 3432 2812 dicens
3465 2776 3479 2812 :

1933 2859 1996 2909 lt‘t
2023 2872 2139 2908 cum
2175 2855 2301 2922 ipsis
2347 2850 2546 2904 /Eman
2600 2860 2648 2903 et
2691 2849 2947 2915 1dithum,
2988 2863 3033 2904 et
3081 2852 3218 2905 tuba:
3257 2860 3304 2904 et
3340 2866 3483 2920 cym-

1930 2949 2047 3000 bula
2081 2950 2146 2998 ad
2198 2944 2568 3008 resouandum,
2601 2951 2651 2994 et
2691 2958 2887 3010 organa
2927 2945 3251 2995 canticorum
3291 2943 3381 2996 Dei
3409 2943 3477 2994 ⁸³.

1932 3039 1996 3092 Ει
2032 3037 2191 3108 paulo
2236 3045 2355 3103 post
2386 3035 2460 3087 ait
2491 3051 2504 3088 :
2549 3033 2746 3087 Statuit
2777 3032 2943 3085 David
2994 3048 3082 3084 rex
3119 3041 3166 3084 et
3222 3033 3479 3100 principes

1929 3130 2182 3183 exercitus
2206 3129 2273 3180 ad
2302 3144 2457 3192 opera
2477 3126 2614 3194 ﬁlios
2643 3125 2818 3193 Asaph
2837 3134 2882 3177 et
2915 3122 3113 3176 zEmau
3151 3133 3198 3176 et
3227 3123 3477 3184 ldithum,

1929 3239 2083 3275 sonos
2108 3220 2313 3273 edentes
2354 3221 2407 3271 in
2436 3220 2676 3282 cit/utris,
2705 3229 2750 3270 et
2776 3219 2827 3268 in
2859 3217 3052 3278 nablis,
3091 3223 3139 3268 et
3180 3216 3234 3266 in
3279 3225 3478 3284 tympa-

1929 3314 2008 3365 nis
2039 3311 2104 3365 “.
2135 3309 2322 3378 itaque
2365 3309 2430 3362 de
2471 3300 2730 3377 patientia
2778 3306 3015 3373 psalmus
3058 3315 3282 3373 uterque
3317 3305 3481 3374 pluri-

1927 3422 2071 3458 mum
2106 3412 2324 3465 tractat,
2359 3417 2454 3471 per
2483 3414 2644 3468 quam
2671 3408 2727 3451 ut
2759 3398 2977 3451 sedatur
3033 3397 3196 3449 animi
3235 3397 3479 3464 indigna-

1928 3497 2033 3560 tio,
2093 3498 2162 3547 ita
2221 3495 2364 3547 omni
2438 3491 2688 3558 superbia
2747 3490 3144 3550 exterminata,
3201 3485 3480 3540 humilitas

1925 3586 2242 3653 acquiritur.
2272 3583 2411 3637 Fieri
2444 3583 2585 3635 enint
2612 3595 2718 3633 non
2753 3587 2944 3648 potest,
2971 3589 3028 3630 ιιι
3061 3579 3104 3631 is
3154 3577 3242 3646 qui
3295 3576 3478 3630 inﬁmo

1926 3679 2220 3746 ultimoque
2251 3677 2368 3729 loco
2394 3689 2520 3743 erga
2554 3687 2741 3727 omnes
2788 3671 2970 3724 haberi
3004 3688 3106 3725 non
3150 3672 3280 3734 vult,
3316 3681 3479 3740 queat

1926 3786 2159 3840 unquam
2190 3779 2278 3821 aut
2313 3768 2438 3820 dum
2469 3764 2724 3820 conviciis
2747 3764 3041 3831 impetitur,
3076 3763 3164 3813 ira:
3190 3762 3476 3824 dominari,

1925 3861 2161 3915 autdum
2188 3858 2501 3922 atllictatur,
2547 3869 2642 3924 per
2677 3854 2989 3921 patientiam
3031 3852 3357 3904 tentationes
3390 3865 3480 3904 su-

1923 3967 2136 4020 per-are.
2165 3949 2264 4013 Qui
2297 3947 2439 3999 enim
2477 3947 2542 3998 ad
2584 3956 2845 3995 summam
2899 3940 3255 3993 humilitatem
3292 3955 3478 4008 perve-

1923 4044 2020 4106 nit,
2055 4043 2099 4095 is
2131 4054 2250 4092 cum
2312 4038 2361 4090 in
2409 4035 2666 4088 conviciis
2711 4048 2860 4086 suam
2910 4033 3168 4084 vilitatem
3219 4031 3476 4100 majorem

1923 4138 2068 4203 prior
2113 4143 2396 4199 agnoscat,
2430 4127 2500 4182 ob
2553 4127 2716 4178 verba
2759 4125 3109 4192 ignominiosa
3139 4122 3320 4177 animo
3372 4139 3475 4176 non

1923 4224 2396 4279 commovebitur:
2433 4219 2524 4272 sed
2564 4219 2608 4270 si
2651 4216 2948 4284 appelletur
2979 4231 3197 4285 pauper,
3235 4216 3385 4269 novit
3417 4231 3476 4269 se

1924 4316 2094 4383 ipsunt
2123 4326 2409 4382 pauperem
2447 4323 2591 4370 esse,
2616 4317 2668 4360 et
2688 4307 2927 4360 omnium
2961 4307 3218 4375 indigum,
3261 4320 3322 4356 ac
3345 4319 3474 4371 quo-

259 4398 369 4449 τῶν
437 4398 691 4467 ῥημάτων
737 4397 832 4465 τῆς
868 4396 1116 4464 ἀτιμίας·
1169 4397 1281 4450 ἀλλ’
1326 4397 1420 4449 ἐὰν
1471 4398 1569 4466 μὲν
1614 4400 1820 4468 ἀκούσῃ

1932 4408 2125 4458 tidiano
2161 4402 2362 4457 Domini
2395 4397 2664 4467 stipendio
2687 4413 2818 4464 OpUS
2850 4397 3048 4450 habere
3077 4414 3089 4460 ;
3133 4396 3176 4449 si
3227 4411 3355 4448 vero
3379 4411 3474 4448 vo-

260 4489 450 4559 wév‘qq,
484 4486 623 4540 οἶδεν
652 4487 839 4540 ἑαυτὸν
870 4489 1077 4558 πτωχὸν
1104 4491 1249 4554 ὄντα,
1278 4492 1370 4544 καὶ
1398 4492 1609 4544 πάντων
1644 4492 1817 4560 ἐνδεῆ,

259 4583 354 4634 καὶ
378 4581 475 4650 τῆς
504 4580 623 4633 καθ’
644 4580 854 4649 ἡμέραν
880 4581 1026 4651 παρά
1051 4581 1142 4633 τοῦ
1173 4584 1374 4651 Κυρίου
1406 4585 1664 4653 χορηγίας
1700 4587 1817 4635 ὲπι-

256 4673 542 4744 δεόμενον
577 4672 670 4725 ἐὰν
704 4673 759 4724 δὲ
797 4672 1003 4743 ἀκούσῃ
1039 4673 1300 4745 δυσγενὴς
1339 4675 1429 4726 καὶ
1474 4675 1532 4739 ἐξ
1580 4676 1818 4744 ἀφανῶν,

331 4785 520 4841 "Luc.
548 4801 660 4852 XVI,
685 4786 775 4840 29..
851 4787 893 4818 ’³
932 4785 1147 4842 lParal.
1183 4803 1287 4852 xw,
1319 4789 1407 4841 42.
1485 4790 1527 4821 ³³
1561 4789 1574 4842 Ι
1607 4790 1779 4842 Paral.
1817 4805 1938 4856 xxv,
1975 4792 2020 4843 l.

330 4951 438 5021 (6'2)
468 4951 560 5021 Sic
590 4950 753 5004 editio
781 4951 944 5006 Basil.
965 4965 1082 5003 cum
1115 4950 1347 5017 quinque
1375 4965 1520 5021 mss.
1541 4951 1605 5002 At
1631 4964 1807 5004 nostra

255 5020 423 5074 editio
446 5020 635 5091 _Paris.
662 5021 1011 5091 πτωχεύσεις.
1046 5035 1171 5091 non
1207 5021 1475 5091 ilarecte.
1512 5020 1629 5073 Mox
1675 5023 1802 5091 lteg.

257 5089 527 5146 secundus
553 5103 672 5141 cum
706 5092 937 5144 editione
971 5089 1125 5143 Basil.
1155 5089 1503 5151 διαδέξονται.

332 5157 667 5229 (65)]3ι1ᾖιῑο
715 5160 874 5212 Basil.
934 5175 1053 5214 cum
1112 5169 1354 5229 quatuor
1386 5176 1509 5210 ntss.
1554 5159 1635 5211 ὅτι
1693 5177 1810 5214 σου.

258 5227 434 5285 Editio
462 5227 636 5280 Paris.
668 5243 787 5280 cum
840 5245 966 5282 mss.
1002 5244 1103 5297 non
1137 5231 1320 5297 paucis
1343 5228 1424 5280 ὅτι
1482 5245 1584 5282 σοι.
1618 5232 1810 5283 Statim

258 5302 412 5356 Colb.
444 5297 645 5368 primus
674 5298 954 5368 Πείσωμεν
980 5294 1090 5351 οὖν.

332 5366 460 5439 (64)-
503 5366 1052 5439 lnitium_Basilianz_e
1119 5367 1507 5439 explanationis
1561 5369 1810 5421 tribuitur

260 5436 545 5495 Theodoro
604 5437 654 5489 itt
726 5436 924 5491 Catena
995 5437 1337 5490 Corderiana.
1407 5438 1533 5489 Illud
1597 5455 1811 5505 quoque

260 5513 618 5578 fragmentum
653 5509 791 5574 quod
815 5507 1053 5578 proxime
1078 5508 1126 5558 in
1151 5521 1211 5559 ea
1239 5507 1500 5578 Anonymi
1536 5507 1808 5572 cujusdam

262 5575 476 5631 nomine
510 5575 707 5628 editum
744 5587 845 5641 est,
874 5576 937 5628 ad
989 5587 1228 5630 nostrum
1277 5576 1526 5631 Basilium
1567 5578 1814 5631 similiter

262 5651 511 5715 pertinet.

473 5717 559 5773 Sic
594 5731 720 5771 mss.
754 5725 804 5772 ct
832 5715 991 5770 editio
1028 5714 1184 5768 Basil.
1229 5715 1295 5767 At
1325 5715 1487 5770 editio
1519 5714 1688 5770 Paris.
1722 5717 1810 5767 τοῦ

340 5805 421 5827 ..-.

265 5788 440 5840 Δαίὶἶδ.

1928 4507 2078 4549 cetur
2107 4492 2354 4562 ignobilis
2380 4501 2433 4543 et
2462 4491 2750 4550 obscurus,
2783 4487 2930 4555 prius
2953 4486 3054 4539 sibi
3097 4488 3147 4538 in
3186 4500 3285 4539 suo
3315 4485 3474 4538 corde

1927 4583 2176 4639 conscius
2214 4593 2318 4643 est,
2369 4587 2708 4648 procreatum
2746 4591 2864 4630 esse
2891 4590 2949 4628 se
2981 4590 3046 4628 ex
3079 4575 3206 4629 luto.
3237 4575 3476 4643 Quapro-

1931 4684 2046 4744 pter
2073 4675 2178 4726 illic
2207 4671 2417 4740 quidem
2446 4670 2542 4732 ait,
2575 4667 2699 4721 Dixi
2722 4683 2740 4720 :
2769 4664 3068 4719 Custodiam
3099 4665 3204 4718 vias
3238 4681 3376 4717 meas
3405 4664 3471 4726 “,

2094 4789 2140 4821 "
2159 4785 2298 4841 Psal.
2326 4797 2549 4847 xxxvm,
2579 4780 2634 4832 2.

1988 4949 2098 5016 (66)
2125 4948 2272 5001 Colb.
2301 4955 2523 5014 quartus
2546 4944 2639 4997 καὶ
2666 4944 2779 5016 μετ’
2802 4941 2988 5001 αὐτοῦ,
3008 4955 3104 4993 nec
3133 4938 3284 4990 aliter
3313 4936 3394 4990 LX
3407 4937 3470 5016 Χ,

1915 5019 1930 5070 Ι
1973 5010 2207 5084 Paralip.
2246 5010 2354 5082 xvi,
2391 5015 2480 5068 41.
2532 5017 2600 5068 At
2645 5010 2771 5067 editi
2802 5028 2922 5065 cum
2957 5020 3187 5079 quatuor
3215 5024 3342 5061 tnss.
3382 5010 3472 5060 καὶ

1915 5090 2028 5157 μετ’
2051 5086 2252 5141 αὐτῶν.

1990 5157 2102 5226 (67)
2134 5158 2184 5209 In
2239 5155 2449 5230 Anglic.
2511 5153 2678 5230 Αίθάν
2717 5152 3069 5230 _legittt_r,_pro
3113 5147 3302 5230 Λίμάνε
3369 5148 3470 5230 Sed

1920 5218 2180 5295 vulgatam
2249 5218 2525 5278 lectionem
2589 5222 2766 5295 aitagit;
2800 5218 3069 5295 exhibent
3118 5226 3172 5270 et
3222 5218 3357 5270 Uliv.
3420 5229 3468 5295 et

1920 5287 2086 5348 ιιοεῖτὶ
2132 5312 2258 5350 mss.
2288 5312 2388 5348 una
2442 5310 2562 5348 cum
2603 5287 2766 5346 LXX.
2798 5291 2913 5343 Mox
2956 5287 3104 5342 Colb.
3157 5297 3381 5354 quartus
3416 5289 3471 5337 ὲν

1918 5383 2129 5418 κινυοα.

1988 5383 2196 5502 (ξὲῗῖιο
2235 5449 2326 5487 sex
2355 5448 2481 5486 mss.
2506 5433 2570 5484 At
2599 5431 2725 5502 editi
2748 5432 2913 5502 armet.

1989 5492 2101 5572 (69)
2139 5504 2267 5572 lteg.
2300 5505 2565 5557 secundus
2586 5500 2802 5572 tantast;
2831 5500 2920 5550 καὶ
2948 5497 3193 5572 ἔσχατον.
3233 5492 3348 5572 Nec
3393 5493 3469 5572 _it:t

1919 5562 2094 5626 multo
2121 5562 2243 5642 post
2267 5573 2429 5642 editio
2478 5571 2642 5642 Basil.
2681 5585 2798 5622 cum
2824 5562 3050 5642 duobus
3110 5580 3242 5642 mss.
3293 5562 3474 5642 nisime

1917 5633 2134 5696 ἑαυτοῧῖ
2169 5644 2339 5697 Editio
2373 5641 2539 5694 Paris.
2576 5655 2693 5695 cum
2730 5638 2908 5694 multis
2943 5651 3069 5692 mss.
3101 5634 3314 5687 πλείονα
3353 5633 3467 5685 ἑαυ-

1918 5731 2029 5767 του.
