4026 6446
551 343 650 399 {7|

552 555 890 622 patientiam.
925 555 1054 608 Cum
1083 557 1218 610 enim
1242 597 1257 621 ,
1293 557 1485 626 inquit,
1537 561 1840 614 consisteret
1869 577 2111 630 peccator

553 644 826 697 adversum
865 660 968 706 me,
1009 645 1242 698 obmutui
1281 657 1328 700 et
1370 648 1678 704 humiliatus
1721 667 1856 715 sum,
1901 661 1950 704 et
1985 655 2110 708 silui

552 752 583 785 α
629 735 776 788 bonis
816 736 879 787 ⁸⁸.
931 735 1119 790 Postea
1182 741 1526 808 progrediens
1584 743 1697 796 ait:
1747 741 2109 798 Verumtamen

553 825 727 876 omnia
767 824 989 888 vanitas,
1031 829 1199 881 omnis
1221 828 1372 882 homo
1413 830 1582 885 tinens
1621 834 1700 897 '7;
1730 831 1940 897 deinde,
1981 835 2110 889 Tlte-

551 914 810 978 saurizat,
847 923 896 968 et
927 917 1129 986 ignorat
1166 919 1250 971 cui
1276 924 1606 992 congregabit
1630 940 1689 975 ea
1712 923 1778 976 ’⁸.
1805 926 1874 976 At
1900 926 1950 979 in
1976 943 2108 996 pra:-

551 1005 696 1059 seuti
721 1008 929 1075 psalmo
963 1009 1276 1066 dubitanter
1317 1018 1547 1080 orditur,
1580 1016 1725 1069 velut
1759 1017 1824 1071 ad
1873 1021 2106 1073 animam

551 1111 706 1150 suam
757 1098 1000 1167 loquens,
1060 1110 1315 1171 tanquam
1347 1108 1390 1162 si
1435 1107 1617 1160 istbmc
1645 1122 1706 1161 ex
1744 1109 1894 1175 prius
1949 1109 2106 1166 dictis

552 1199 1031 1255 consequerentur.
1051 1191 1258 1249 Etenim
1284 1210 1347 1249 ne
1364 1196 1540 1250 anima
1569 1199 1746 1252 sensui
1776 1202 1955 1255 carnis
1985 1201 2108 1253 sub-

553 1277 686 1338 dita,
719 1278 785 1330 ad
814 1278 922 1334 iras
952 1290 1005 1335 et
1039 1283 1288 1338 tristitias
1315 1298 1632 1355 provocetur
1665 1307 1678 1343 :
1733 1292 1861 1356 Cur,
1912 1292 2104 1362 inquit,

552 1367 890 1424 aﬂ‘ectionuin
945 1375 1207 1429 malarum
1261 1393 1471 1433 servam
1508 1379 1647 1436 facio
1682 1385 1912 1438 animam
1943 1423 1958 1446 ,
2019 1386 2104 1438 cui

553 1461 795 1526 corporis
853 1463 1309 1537 aﬂ‘ectionumquc
1357 1471 1471 1537 ejus
1507 1473 1665 1546 194
1711 1475 2044 1544 principatus
2076 1491 2104 1527 a

555 1550 685 1616 Deo,
716 1553 806 1621 qui
839 1569 957 1608 eam
1005 1559 1270 1623 condidit,
1319 1568 1664 1620 concreditus
1711 1566 1834 1620 est?
1884 1567 2106 1638 Oportet

553 1640 733 1710 itaque
765 1644 1033 1715 imperare
1071 1650 1372 1718 aﬂ'ectibus,
1418 1664 1471 1710 et
1527 1657 1733 1711 servire
1787 1658 1914 1714 Deo.
1965 1659 2106 1714 Fieri

551 1732 693 1786 enim
735 1750 838 1788 non
870 1750 1064 1805 potest,
1100 1754 1159 1794 ut
1186 1741 1301 1812 ipsa
1342 1758 1396 1800 et
1430 1763 1458 1800 a
1485 1757 1702 1815 peccato
1738 1759 1791 1804 et
1819 1765 1850 1805 a
1883 1751 1990 1806 Deo
2019 1767 2103 1805 re—

1877 354 1933 408 S.
1977 355 2220 411 B.\SlLll
2259 356 2468 409 MAGNI
3668 369 3734 420 47

552 462 962 534 peccatorisque
994 463 1420 530 coniurationem
1462 474 1670 528 narrat,
1731 477 1785 521 et
1838 472 2100 539 propriam

2217 470 2647 541 προειλημμένον
2678 471 2787 542 ἔχει
2817 475 2872 525 ἐν
2901 477 2964 544 τῇ
2995 475 3183 529 ἑαυτοῦ
3221 476 3412 548 καρδίᾳ
3437 480 3495 531 τὸ
3517 483 3579 533 ἐκ
3604 483 3736 552 πηλο

3739 373 3769 423 '2

3741 484 3767 534 ῦ

2212 563 2551 632 γεγενῆσθαι.
2580 565 2677 618 Διὰ
2702 565 2854 618 τοῦτο
2879 568 2991 618 ἐκεῖ
3010 568 3106 635 μέν
3128 586 3308 640 φησιν,
3324 564 3497 631 Εἴπα,
3523 575 3773 635 ψυλάξω

2212 657 2317 719 τὰς
2359 655 2536 724 ὁδούς
2581 674 2718 724 μου,
2752 659 2842 711 καὶ
2889 658 3151 728 διηγεῖται
3196 663 3287 715 τοῦ
3316 662 3637 733 άμαρτωλοῦ
3679 669 3773 734 τὴν

2211 749 2583 812 ἐπισύστασιν,
2626 751 2717 801 καὶ
2750 750 2844 821 τὴν
2887 752 3091 804 οίκείαν
3131 755 3538 825 μακροθυμίαν·
3568 756 3662 807 Ἐν
3695 757 3773 821 τῷ

2211 840 2513 907 συστῆναι
2535 844 2662 910 γὰρ,
2682 860 2752 913 φη
2762 845 2831 906 oi,
2855 842 2958 896 τὸν
2981 843 3324 912 ἁμαρτωλὸν
3340 847 3617 902 ἐναντίον
3632 865 3770 914 μου,

2209 931 2527 1000 ἑκωρώθην
2548 933 2646 985 καὶ
2674 934 3092 1001 ἑταπεινὼθην,
3125 934 3221 987 καὶ
3251 935 3507 1006 ἑσίτησα
3539 939 3605 1004 ἐξ
3635 939 3771 1007 ἁγα-

2211 1023 2329 1079 θῶν
2348 1041 2360 1054 ·
2395 1019 2514 1078 εἶτα
2546 1024 2748 1096 προῖὼν
2789 1027 2967 1096 λέγει·
3007 1027 3180 1095 Πλὴν
3212 1029 3282 1080 τὰ
3314 1031 3633 1098 σύμπαντα
3658 1048 3770 1102 μα-

2211 1115 2464 1182 ταιότης,
2517 1114 2634 1181 πᾶς
2688 1115 2994 1184 ἄνθρωπος
3035 1115 3172 1178 ζῶν·
3220 1113 3355 1179 εἶτα,
3404 1121 3769 1189 Θησαυρίζει,

2209 1207 2305 1259 καὶ
2333 1209 2402 1261 οὺ
2447 1206 2719 1275 γινώσκει
2770 1209 2887 1261 τίνι
2925 1209 3172 1273 συνάξει
3226 1208 3391 1262 αὑτά.
3449 1212 3534 1262 Ἑν
3589 1214 3644 1266 δὲ
3695 1214 3772 1283 τῷ

2211 1299 2552 1368 προκειμένῳ
2582 1296 2778 1367 ψαλμῷ
2807 1299 3030 1368 ἄρχεται
3066 1301 3483 1372 διαπρητικῶς,
3518 1305 3681 1357 οἱονεὶ
3704 1310 3768 1374 τῇ

2210 1389 2399 1442 ἑαυτοῦ
2446 1391 2588 1462 ψυχῇ
2651 1391 3048 1460 διαλεγόμενος,
3079 1394 3150 1458 ὡς
3195 1391 3253 1457 ἐξ
3299 1393 3618 1456 ἀκολουθίας
3663 1399 3770 1448 τῶν

2181 1482 2632 1550 προειρημένων.
2691 1483 2804 1534 Ἵνα
2863 1481 2968 1550 γάρ
3038 1485 3110 1555 μὴ
3169 1484 3242 1556 τῷ
3317 1486 3620 1555 φρονήματι
3670 1487 3770 1556 τῆς

2211 1569 2410 1641 σαρκὸς
2446 1574 2477 1641 ή
2524 1572 2666 1643 ψυχὴ
2714 1574 3062 1639 ὑποταγεῖάα,
3101 1576 3234 1646 πρὸς
3265 1575 3428 1648 ὀργὰς
3464 1576 3556 1628 καὶ
3594 1575 3766 1638 λύπας

2206 1661 2601 1732 διερεθίςηται,
2665 1665 2750 1717 ἵνα
2794 1665 2866 1726 τί,
2905 1665 3055 1732 φησὶ,
3111 1665 3299 1737 δούλην
3352 1666 3606 1737 ποιοῦμαι
3655 1667 3768 1735 (70)

2210 1754 2456 1826 πονηρῶν
2490 1754 2676 1806 παθῶν
2722 1757 2821 1826 τὴν
2847 1755 3042 1826 ψυχὴν,
3075 1756 3222 1826 παρὰ
3249 1759 3338 1811 τοῦ
3366 1760 3647 1822 κτίσαντος
3673 1760 3770 1811 αὑ-

551 1833 745 1890 gatur:
787 1829 878 1881 sed
932 1837 989 1882 ut
1021 1832 1239 1888 malitiae
1283 1813 1496 1904 oportet
1543 1853 1659 1892 eam
1708 1841 1994 1906 dominari,
2034 1844 2100 1896 ita

2209 1847 2305 1918 τὴν
2343 1846 2475 1900 Θεοῦ
2519 1846 2616 1916 τὴν
2660 1848 2952 1916 ἡγεμονίαν
3001 1846 3094 1900 τοῦ
3131 1847 3378 1918 σώματος
3425 1853 3515 1904 καὶ
3567 1851 3674 1905 τῶν
3710 1851 3767 1903 ὲν

553 1915 777 1972 Domino
830 1919 1205 1978 universorum
1251 1928 1548 1995 subjectam
1594 1944 1734 1986 esse.
1769 1933 1944 1998 Quare
1974 1933 2102 1987 Pro-

552 2006 709 2074 pheta
758 2010 1040 2083 insurgens
1073 2015 1123 2067 in
1177 2029 1320 2080 eum,
1353 2019 1443 2086 qui
1496 2022 1818 2076 tentationes
1853 2024 2058 2076 inducit
2087 2063 2100 2086 ,

551 2101 884 2173 multamque
926 2107 1187 2160 malorum
1242 2110 1454 2164 turbam
1499 2127 1547 2167 ei
1583 2116 1807 2176 excitat,
1845 2124 1898 2166 et
1946 2129 2100 2167 suum

551 2193 785 2247 studimn
819 2195 870 2247 in
900 2195 951 2249 id
979 2197 1210 2264 confert,
1241 2212 1297 2254 ut
1328 2203 1550 2271 spiritus
1574 2204 1869 2259 celsitatem
1901 2208 2106 2276 redigat

551 2279 604 2334 in
632 2285 947 2340 servitutem
978 2290 1049 2354 ²⁹,
1074 2305 1137 2344 ac
1161 2291 1332 2361 ipsum
1357 2296 1507 2349 carni
1537 2296 1807 2366 subjiciat,
1845 2298 1988 2353 velut
2021 2316 2103 2354 re-

550 2371 821 2442 darguens
843 2393 1031 2432 vanam
1062 2381 1207 2436 illius
1229 2385 1514 2440 adversum
1555 2401 1614 2443 se
1640 2389 1953 2454 versutiam,
1994 2392 2104 2447 haec

549 2463 678 2520 dicit
709 2482 724 2521 :
758 2467 894 2534 Quid
917 2486 1001 2526 me
1031 2474 1234 2529 servire
1251 2477 1399 2546 cogis
1428 2477 1496 2535 iis
1522 2480 1716 2548 quibus
1740 2481 1820 2534 fas
1851 2498 1952 2534 non
1973 2484 2100 2537 est?

549 2552 680 2612 Mihi
710 2559 962 2618 Dominus
1001 2575 1102 2629 est,
1137 2581 1371 2636 agnosco
1400 2586 1580 2624 verum
1619 2574 1837 2642 Regem.

2209 1939 2356 2007 αὐτῷ
2386 1937 2717 2008 παθημάτων
2747 1941 3218 2009 πεπιστευμένην;
3250 1943 3343 1993 Δεῖ
3372 1945 3552 1996 τοίνυν
3581 1947 3767 2016 ἄρχειν

2213 2029 2307 2098 μὲν
2332 2029 2437 2082 τῶν
2464 2028 2666 2094 παθῶν,
2689 2026 2952 2081 δουλεύειν
2971 2029 3026 2080 δὲ
3048 2028 3124 2098 τῷ
3150 2029 3285 2099 Θεῷ.
3328 2032 3628 2101 Ἀμήχανον
3661 2034 3767 2101 γὰρ

2208 2115 2374 2186 αὐτὴν
2407 2119 2499 2169 καὶ
2537 2117 2641 2168 ὑπὸ
2669 2115 2769 2185 τῆς
2807 2117 3076 2186 ἁμαρτίας
3111 2115 3504 2185 βασιλεύεσθαι,
3537 2121 3628 2170 καὶ
3663 2120 3768 2170 ὑπὸ

2210 2205 2300 2258 τοῦ
2329 2205 2494 2257 Θεοῦ·
2529 2207 2663 2261 ἀλλὰ
2705 2207 2785 2260 δεῖ
2833 2207 3028 2270 κακίας
3076 2207 3172 2276 μὲν
3205 2209 3535 2278 ἐπικρατεῖν,
3572 2208 3648 2278 τῷ
3675 2212 3768 2261 Δε-

2213 2297 2380 2367 σπότῃ
2402 2297 2457 2350 δὲ
2486 2298 2594 2352 τῶν
2621 2298 2754 2351 ὅλων
2797 2299 3174 2366 ὑποτετάχθαι.
3217 2299 3316 2352 Διὰ
3349 2300 3504 2354 τοῦτο
3546 2302 3766 2355 ἀποτει-

2209 2390 2477 2459 νόμενοςὸ
2515 2390 2799 2460 Προφήτης
2841 2388 2916 2458 τῷ
2948 2389 3201 2457 ἐπάγοντι
3243 2393 3368 2455 τοὺς
3407 2395 3762 2463 πειρασμους,

2208 2478 2299 2530 καὶ
2322 2476 2409 2528 τὸν
2439 2475 2601 2529 πολὺν
2639 2475 2792 2543 ὄχλον
2829 2476 2975 2546 αὐτῷ
3019 2477 3124 2531 τῶν
3171 2479 3354 2532 κακῶν
3398 2481 3508 2549 (71)
3551 2482 3768 2547 ἐπεγεί-

2213 2583 2374 2640 ροντι,
2404 2566 2496 2618 καὶ
2523 2565 2752 2636 σπουδὴν
2783 2567 2956 2636 ἔχοντι
2982 2566 3384 2638 δουλαγωγῆσαι
3423 2570 3482 2621 τὸ
3511 2571 3765 2639 φρόνημα

545 2646 638 2699 τοῦ
669 2650 1001 2720 πνεύματος,
1041 2658 1132 2709 καὶ
1179 2659 1477 2730 ὑπορρῖψαι
1519 2664 1650 2717 αὐτὸ
1715 2669 1778 2735 τῇ
1837 2668 2031 2738 σαρκὶ,
2063 2659 2170 2717 οἷον
2211 2661 2446 2731 ἐλέγχων
2496 2657 2660 2711 αὐτοῦ
2696 2660 2928 2729 ματαίαν
2959 2657 3120 2712 οὖσαν
3163 2661 3260 2730 τὴν
3296 2663 3412 2713 κατ’
3450 2663 3614 2715 αὑτοῦ
3648 2665 3766 2716 ἐπί·

545 2753 714 2803 νοιιιν,
744 2744 915 2799 ταῦτά
942 2763 1099 2817 φησιο
1127 2750 1189 2802 Τί
1227 2769 1292 2822 με
1325 2752 1484 2826 βιάζῃ
1512 2756 1776 2812 δουλεύειν
1808 2755 1887 2822 οἷς
1911 2761 1984 2831 μὴ
2015 2759 2203 2827 θέμις;
2240 2756 2390 2823 ’Έχω
2412 2750 2708 2822 Δεσπὸτηνν
2738 2748 2986 2822 γνωρίζω
3013 2751 3102 2803 τὸν
3131 2751 3343 2821 ἀληθῶς
3367 2752 3615 2807 Βασιλέα-

613 2831 668 2885 2.
696 2832 883 2888 Nonne
909 2839 1015 2894 Deo
1039 2841 1273 2912 subjeaa
1313 2848 1409 2898 erit
1458 2850 1634 2901 animo
1665 2853 1822 2907 mea?
1871 2852 1933 2903 ub
1987 2853 2097 2918 ipso

543 2925 679 2978 enim
719 2928 950 2984 salutare
984 2948 1175 2988 meum.
1216 2935 1444 2991 Causam
1473 2941 1608 2994 dixit
1638 2957 1732 2996 cur
1764 2944 1955 3013 subjici
1984 2956 2097 2998 stu-

2272 2845 2324 2897 2.
2361 2846 2504 2912 Οὐχὶ
2547 2844 2626 2910 τῷ
2680 2843 2800 2909 Θεῷ
2852 2842 3284 2913 ὑποταγήσεται
3329 2845 3366 2912 ἡ
3400 2847 3570 2915 ’ψυχή
3607 2863 3762 2914 μου;

2202 2935 2332 3002 παρ’
2367 2934 2550 2987 αὑτοῦ
2586 2937 2696 3002 γὰρ
2729 2935 2796 2986 τὸ
2832 2933 3123 3002 σωτήριόν
3145 2953 3282 3005 μου.
3315 2936 3421 3007 Τὴν
3447 2937 3620 2989 αἰτίαν
3642 2933 3759 2987 εἷπε

544 3017 670 3072 deat
698 3037 713 3073 :
745 3022 1000 3090 quoniam
1033 3039 1063 3078 a
1090 3024 1199 3082 Deo
1234 3029 1474 3085 salutare
1500 3041 1601 3086 est.
1649 3032 1930 3105 Proprium
1954 3036 2096 3091 enim

2205 3027 2300 3098 τῆς
2333 3023 2459 3095 περὶ
2488 3023 2586 3095 τὴν
2630 3025 2906 3093 ὑποταγὴν
2955 3027 3213 3096 σπουδῆς·
3262 3027 3342 3078 ὅτι
3391 3026 3450 3078 τὺ
3497 3029 3762 3096 σωτήριον

546 3107 768 3179 Opiﬁcis
792 3123 893 3179 est,
925 3116 1260 3185 opiﬁciorum
1294 3136 1511 3178 suorum
1558 3125 1980 3184 incolumitatem
2009 3144 2102 3182 cu-

546 3214 691 3254 rare.
746 3202 861 3269 Vel,
892 3206 966 3259 Ab
1009 3209 1121 3276 ipso
1152 3210 1386 3267 salutare
1418 3223 1534 3281 est;
1587 3217 1843 3286 quoniam
1870 3220 2102 3288 prophe-

545 3290 650 3344 tice
674 3295 974 3360 praevidens
1002 3297 1238 3354 futuram
1268 3317 1389 3356 esse
1431 3307 1659 3373 gratiam
1708 3307 2101 3365 incarnationis

544 3385 776 3454 Domini,
807 3390 918 3445 haec
952 3391 1122 3448 dicit:
1157 3394 1409 3450 nimirum
1448 3399 1552 3453 Deo
1593 3403 1797 3457 servire
1829 3414 2099 3471 oportere,

543 3488 600 3533 et
629 3480 804 3548 ipsum
831 3483 1074 3554 diligere,
1095 3485 1186 3556 qui
1208 3487 1525 3544 beneﬁcium
1563 3502 1766 3548 tantum
1801 3495 1951 3563 prior
1975 3511 2101 3551 con-

545 3568 732 3624 tulerit
763 3573 815 3624 in
855 3574 1130 3630 hominum
1185 3594 1377 3649 genus,
1410 3591 1467 3636 ut
1521 3599 1587 3639 ne
1638 3587 1854 3656 proprio
1888 3590 2100 3657 quidem

546 3658 686 3714 Filio
713 3668 1038 3731 pepercerit,
1083 3670 1173 3723 sed
1204 3686 1301 3740 pro
1331 3673 1485 3728 nobis
1517 3677 1767 3733 omnibus
1813 3680 1960 3734 illum
1995 3690 2102 3737 tra-

542 3751 740 3807 diderit
786 3755 851 3809 ⁸⁸.
883 3756 995 3812 Mos
1035 3769 1121 3813 est
1169 3763 1311 3814 enim
1356 3765 1668 3831 Scripturre,
1727 3780 1781 3821 ut
1826 3769 2100 3825 Christum

547 3842 663 3909 Dei,
687 3845 924 3902 salutare
955 3851 1220 3917 appellet;
1254 3853 1395 3906 sicut
1433 3852 1628 3909 alicubi
1681 3857 1846 3911 etiam
1882 3860 2097 3915 Simeon

545 3937 620 3990 ait
654 3957 669 3993 :
701 3939 858 3995 Nunc
897 3943 1118 3998 dimittis
1146 3962 1350 4000 servum
1384 3959 1553 4014 tuum,
1588 3949 1804 4005 Domine
1824 3942 1847 4016 ,’
1879 3954 2001 4023 quia
2023 3954 2099 4007 vi-

544 4030 731 4082 derunt
755 4035 893 4085 oculi
923 4037 1021 4088 mei
1049 4037 1282 4092 mlutare
1327 4049 1476 4094 tuum
1502 4042 1566 4094 ³¹.
1604 4042 1962 4114 Subjiciamur
2003 4047 2100 4116 igi-

543 4127 629 4173 tur
670 4123 797 4188 Deo,
837 4126 977 4193 quod
1027 4129 1263 4183 salutare
1298 4132 1364 4185 ab
1396 4132 1516 4200 ipso
1566 4145 1668 4190 est.
1726 4138 1862 4203 Quid
1920 4150 2096 4195 autem

541 4209 610 4261 sit
642 4212 898 4280 salutare,
960 4217 1208 4286 explicat.
1259 4218 1374 4274 Non
1417 4221 1555 4275 nuda
1591 4227 1834 4293 qumdam
1862 4240 2097 4299 estope-

543 4301 685 4356 ratio
712 4345 726 4367 ,
780 4304 1011 4373 aliquam
1049 4309 1204 4363 nobis
1251 4309 1662 4366 beneﬁcentiam
1711 4316 1961 4381 aﬂerens,
1994 4337 2096 4390 qua

2201 3119 2347 3193 παρὰ
2376 3118 2465 3171 τοῦ
2485 3115 2637 3171 Θεοῦ.
2665 3116 2822 3176 Ἰδιον
2850 3114 2957 3185 γὰρ
2985 3115 3323 3187 Δημιουργοῦ
3351 3117 3409 3168 τὸ
3438 3116 3542 3169 τῶν
3569 3118 3760 3170 ἑαυτοῦ

2202 3215 2520 3282 ποιημάτων
2547 3210 2660 3279 (72)
2699 3210 2796 3279 τῆς
2823 3206 3117 3275 ἀσφαλείας
3139 3207 3461 3278 φροντίζειν.
3492 3208 3582 3274 Ἢ,
3617 3211 3760 3275 IIap‘

2199 3302 2382 3356 αὑτοῦ
2409 3303 2475 3356 τὸ
2506 3301 2796 3369 σωτήριον
2816 3319 2827 3330 ·
2851 3299 3035 3371 ἐπειδὴ
3063 3302 3411 3372 προφητικῶς
3441 3302 3758 3373 προορώμε-

2199 3409 2287 3454 νος
2307 3392 2403 3461 τὴν
2429 3392 2721 3461 μέλλουσαν
2741 3391 2957 3445 ἔσεσθαι
2995 3393 3154 3464 χάριν
3179 3394 3275 3463 τῆς
3302 3394 3758 3462 ὲνανθρωπήσεως

2199 3483 2291 3536 τοῦ
2315 3483 2538 3554 Κυρίου,
2563 3481 2736 3537 ταῦτά
2764 3501 2954 3555 φησιν·
2980 3485 3060 3537 ὅτι
3086 3484 3351 3537 δουλεύειν
3383 3484 3460 3534 δεῖ
3501 3483 3578 3552 τῷ
3616 3482 3755 3552 Θεῷ,

2201 3576 2295 3630 καὶ
2319 3577 2533 3647 ἀγαπᾷν
2559 3577 2739 3639 αὑτὸν,
2778 3577 2836 3638 ὃς
2876 3576 3202 3645 τηλικαύτην
3241 3573 3552 3644 εὐεργεσίαν
3592 3577 3671 3637 είς
3697 3576 3757 3626 τὸ

2201 3667 2354 3738 γένος
2395 3667 2500 3720 τῶν
2541 3667 2836 3738 ἀνθρώπων
2885 3665 3345 3734 προκατεϐάλετο,
3395 3663 3469 3726 ὡς
3505 3665 3639 3734 μηδὲ
3661 3665 3756 3717 τοῦ

2206 3759 2331 3811 ίδίου
2366 3757 2494 3810 Υἱοῦ
2521 3758 2823 3825 φείσασθαι,
2847 3755 2956 3807 ἀλλ’
2981 3753 3118 3823 ὑπὲρ
3155 3753 3368 3806 πάντων
3398 3756 3430 3824 ἡ
3441 3753 3554 3824 μῶν
3581 3772 3756 3826 παρα-

2198 3869 2395 3922 δοῦναι.
2433 3869 2696 3938 Σωτήριον
2728 3869 2835 3939 γὰρ
2884 3868 3000 3931 ἔθος
3035 3868 3315 3938 ὀνομάζειν
3356 3871 3419 3939 τῇ
3445 3869 3632 3939 Γραφῇ
3664 3871 3754 3922 τὸν

2197 3958 2428 4027 Χριστὸν
2471 3957 2561 4010 τοῦ
2598 3957 2731 4010 Θεοῦ
2754 3975 2766 3988 ·
2801 3957 2875 4021 ὦς
2910 3975 3010 4010 που
3046 3959 3137 4010 καὶ
3177 3957 3397 4027 Συμεών
3429 3976 3560 4026 φησι
3583 3977 3594 3988 ·
3627 3960 3756 4012 Νῦν

2198 4049 2478 4114 ἀπολύεις
2504 4048 2610 4100 τὸν
2629 4048 2850 4103 δοῦλόν
2871 4064 3007 4113 σου,
3030 4048 3295 4102 Δέσποτα
3313 4049 3421 4118 (75)
3440 4066 3452 4078 ο
3479 4048 3564 4101 ὅτι
3591 4051 3754 4103 εἶδον

2200 4142 2252 4192 οἱ
2296 4141 2589 4208 ὀφθαλμοί
2625 4158 2741 4209 μου
2777 4140 2839 4193 τὸ
2875 4141 3166 4209 σωτήριόν
3200 4157 3332 4194 σου.
3372 4141 3752 4212 ’Υποταγησώ-

2205 4226 2338 4297 μεθα
2387 4223 2477 4281 οὖν
2524 4229 2602 4299 τῷ
2648 4230 2785 4299 Θεῷ,
2815 4230 2944 4282 διότι
2977 4231 3106 4301 παρ’
3149 4228 3309 4282 αὑτοῦ
3364 4229 3424 4281 τὸ
3467 4233 3750 4300 σωτήριον.

2202 4316 2266 4370 Τί
2315 4319 2371 4371 δέ
2415 4322 2526 4372 ἐστι
2579 4321 2641 4372 τὸ
2693 4323 2973 4391 σωτήριον,
3015 4322 3320 4391 ἑρμηνεύει.
3369 4321 3480 4374 Οὐκ
3508 4322 3753 4393 ἐνέργειά

543 4391 612 4445 ab
666 4394 979 4452 inﬁrmitate
1024 4398 1331 4466 liberemur,
1384 4402 1628 4471 bonaque
1663 4407 1906 4474 corporis
1941 4411 2096 4464 habi-

2205 4423 2280 4468 τις
2335 4407 2481 4477 ψιλὴ,
2534 4409 2690 4478 χάριν
2749 4409 2868 4461 τινὰ
2912 4411 3039 4479 ἡμῖν
3094 4412 3436 4482 παρεχομένη
3475 4418 3552 4476 είς
3580 4391 3751 4468 άπαλ-

546 4483 731 4538 tudine
751 4495 982 4545 utamur.
1011 4492 1113 4546 Sed
1144 4493 1270 4561 quid
1296 4501 1380 4548 est
1423 4494 1698 4549 salutare?
1727 4495 1884 4552 Vsus.
1917 4499 1969 4554 5.
2004 4499 2094 4553 Et-

543 4575 679 4626 enim
725 4576 831 4640 ipse
885 4579 1024 4633 Deus
1072 4598 1213 4635 meus
1246 4593 1295 4635 et
1343 4582 1587 4637 Salvator
1622 4602 1784 4650 meus,
1831 4601 2092 4658 susceptor

543 4680 716 4729 meus;
751 4684 853 4720 non
888 4673 1124 4725 movebar
1151 4673 1393 4727 multum.
1422 4675 1608 4742 Filius,
1635 4679 1722 4746 qui
1758 4694 1821 4734 ex
1856 4681 1964 4736 Deo
1991 4693 2093 4746 est,

2202 4502 2370 4571 λαγὴν
2423 4503 2720 4566 ἀσθενείας,
2761 4504 2852 4554 καὶ
2898 4503 3142 4573 σώματος
3192 4505 3418 4569 εὐεξίαν.
3490 4510 3647 4562 Ἀλλά
3701 4513 3751 4563 τί

2196 4593 2310 4645 ἐστι
2375 4592 2435 4643 τὸ
2507 4593 2798 4663 σωτήριον;
2866 4593 2973 4646 Καὶ
3025 4595 3132 4662 γὰρ
3188 4597 3366 4661 αὐτὸς
3430 4600 3572 4664 Θεός
3633 4619 3750 4669 μου

2193 4682 2290 4735 καὶ
2343 4681 2540 4750 Σωτήρ
2595 4700 2734 4752 μου,
2783 4683 3152 4752 ἀντιλ-ήπτωρ
3194 4705 3310 4754 μου
3385 4691 3456 4742 οὐ
3505 4689 3590 4758 μὴ
3645 4707 3751 4744 σα-

544 4753 685 4810 Deus
718 4769 899 4814 noster
945 4773 1048 4817 est.
1101 4763 1242 4818 idem
1273 4766 1436 4820 etiam
1493 4768 1740 4823 Salvator
1769 4780 1846 4823 est
1887 4774 2098 4840 generis

2205 4776 2383 4829 Ζευοῶ
2424 4776 2519 4828 ἐπὶ
2564 4776 2772 4830 πλεῖον
2817 4778 2947 4846 (74).
2981 4777 3109 4840 Θεὸς
3149 4753 3303 4848 ἡμῶν
3339 4753 3534 4834 ὲστινδ
3656 4785 3748 4836 τοῦ

540 4846 786 4920 humani,
831 4855 1160 4912 debilitatem
1209 4869 1444 4912 nostram
1491 4859 1736 4928 fulciens,
1761 4878 1822 4916 ac
1856 4879 2098 4919 commo-

2196 4869 2328 4922 Θεοῦ
2380 4871 2520 4933 Υίὸς.
2579 4871 2637 4922 '0
2692 4871 2850 4933 αὐτὸς
2893 4871 2983 4923 καὶ
3033 4872 3219 4944 Σωτὴρ
3260 4873 3352 4925 τοῦ
3401 4875 3588 4941 γένους
3643 4877 3749 4929 τῶν

607 4961 653 4992 ¹⁶
681 4961 823 5018 Psal.
871 4981 1096 5034 XXXVIII,
1123 4969 1176 5023 5.
1251 4971 1294 5001 ’⁷
1322 4971 1450 5025 ibid.
1488 4961 1537 5024 6.
1612 4973 1656 5004 ’⁸
1676 4973 1799 5031 ibid.
1837 4976 1888 5028 7.
1944 4977 2025 5030 "l
2063 4977 2100 5032 C

2217 4994 2292 5045 ix,
2317 4978 2409 5033 27.
2484 4981 2526 5011 ³ο
2546 4980 2698 5034 Rom.
2734 4997 2844 5047 vui,
2868 4983 2956 5038 δὲ.
3030 4985 3071 5015 ³¹
3113 4983 3241 5039 Luc.
3267 5002 3324 5049 tl,
3351 4986 3437 5048 ‘39,
3471 4989 3556 5042 30.

753 5095 904 5170 ςυιι).
925 5100 1374 5170 ιιιιτιτιιιενδούλην
1402 5103 1682 5170 ποιοῦμεν.

611 5163 721 5234 (7i)
753 5165 885 5237 Reg.
930 5163 1117 5224 tertius
1143 5169 1296 5239 ὄχλον
1319 5163 1425 5223 τῶν
1449 5163 1650 5237 παθῶν,
1684 5177 1884 5228 turbam
1920 5178 2109 5245 cupidi-

541 5242 1298 5384 tati???COlb-ﬂPaEE'MGW
1329 5310 1519 5364 ἑαυτοῦ
1557 5311 2070 5384 δημιουργημάτων.

611 5373 724 5442 (75)
760 5373 830 5425 Ita
861 5375 1026 5430 editio
1058 5376 1222 5433 Basil.
1252 5390 1302 5432 ct
1352 5393 1475 5435 orto
1508 5373 1640 5434 mss.
1670 5373 1818 5436 Δι’ἱὴ
1851 5373 2100 5439 ’ὲάὶιίοιιε

542 5439 713 5517 Daris.
748 5453 867 5509 post
893 5460 1074 5517 vocent
1104 5448 1349 5502 Δέσποτα
1380 5451 1556 5504 addita
1589 5461 1706 5505 sunt
1736 5454 1843 5517 illa,
1879 5455 2016 5508 κατὰ
2045 5457 2103 5508 τὸ

541 5511 815 5591 ῥῆμά-σου
854 5517 910 5591 εν
941 5515 1130 5591 εἰρήνῃ
1163 5550 1175 5570 ι
1215 5520 1305 5572 sed
1363 5522 1488 5586 quin
1533 5537 1595 5573 ex
1656 5511 1943 5591 Evangelio
2000 5526 2100 5578 huc

543 5582 801 5634 translata
830 5584 956 5647 sint,
990 5582 1209 5640 dubium
1235 5604 1338 5642 non
1376 5582 1566 5644 habeo.

611 5651 723 5728 (η)
767 5651 1009 5728 Verterat
1037 5657 1302 5724 interpres
1327 5676 1392 5712 ex
1434 5659 1672 5728 Vulgata.
1706 5659 1827 5714 Non
1861 5664 2096 5716 movebar

545 5721 788 5790 amplius.
846 5723 947 5780 Sed
998 5742 1117 5782 cum
1147 5721 1247 5782 vos
1305 5721 1962 5798 ampliusvaccommodari
2005 5735 2088 5786 vix

2205 5110 2640 5183 possenvideatur
2673 5112 2737 5166 ad
2784 5113 3099 5166 Basilianam
3132 5116 3588 5183 explanationem,
3653 5138 3749 5171 nos

2205 5195 2325 5231 cum
2358 5179 2681 5233 Combeiisio
2710 5183 2924 5233 multum
2957 5179 3297 5252 interpret-ari
3329 5179 3632 5240 maluimus.
3665 5192 3747 5239 At-

2205 5264 2306 5315 que
2364 5250 2500 5302 hanc
2532 5263 2768 5304 nostram
2801 5250 3182 5320 interpretandi
3224 5256 3483 5307 rationem
3521 5273 3548 5308 a
3597 5258 3745 5309 Scri—

2206 5329 2374 5385 ptura:
2406 5333 2563 5392 sensu
2620 5337 2719 5392 non
2770 5321 3041 5392 aberrare,
3082 5337 3145 5375 ex
3202 5322 3451 5390 Hea-ortis
3494 5330 3744 5392 cognosci

2208 5399 2395 5452 potest.
2433 5387 2485 5439 In
2521 5389 2585 5443 iis
2615 5391 2751 5442 enim
2784 5402 2848 5443 ex
2884 5389 3103 5445 Hebraeo
3132 5393 3207 5446 sic
3236 5387 3477 5455 vertitur,
3509 5387 3628 5446 Non
3669 5395 3744 5447 la-

2209 5455 2577 5528 Abarqmultum.
2642 5458 2747 5511 Hoc
2779 5461 2913 5511 idem
2948 5464 3179 5513 ostendit
3226 5472 3277 5515 et
3324 5465 3562 5528 Aquilas,
3619 5469 3742 5516 dum

2208 5525 2276 5602 illa
2317 5526 2819 5602 iiitet'pretattts_esl
2869 5531 2927 5580 ού
2979 5532 3314 5602 σφαλήσομαι
3355 5525 3567 5601 πολλὴν,
3623 5533 3741 5585 Non

2207 5593 2356 5670 labor
2409 5597 2646 5648 multam.
2680 5597 2799 5670 Mox
2839 5593 3477 5670 Operarum'ue'gligentia
3507 5593 3607 5663 pro
3641 5605 3737 5655 ὑπ-

2203 5664 2417 5733 ερείδων
2446 5668 2640 5720 editum
2672 5669 2843 5722 fuerat
2863 5664 2912 5723 in
2942 5672 3174 5726 editione
3198 5664 3361 5725 Paris.
3401 5671 3685 5744 ὑπεριδών.
