4026 6440
266 389 371 442 475

1421 381 1702 438 IIOMILIA
1742 379 1808 435 IN
1849 375 2180 433 PSALMUM
2220 376 2356 434 LXI.

3397 378 3502 433 ΓΗ

266 504 592 576 ἀνθρώπων,
651 502 678 553 6
726 502 786 556 1:6
841 500 1065 564 ἀσθενὲς
1112 500 1267 572 ἡμῶν
1322 499 1642 569 ὑπερείδων,
1676 499 1704 549 6
1747 498 1835 552 τὸν

1942 496 2137 551 tionem
2177 511 2241 550 ex
2281 493 2672 550 tentationibus
2725 493 2919 550 animis
2966 494 3168 550 nostris
3214 495 3506 554 advenien-

264 601 326 652 ὲκ
359 599 468 651 τῶν
505 594 829 670 πειρασμῶν
868 595 1217 667 ἐγγινόμενον
1280 593 1399 654 ταῖς
1444 591 1643 662 ψυχαῖς
1675 590 1833 662 ἡμῶν

263 692 424 746 σάλον
453 687 1037 763 ἐπανορθούμενος.οῠ
1057 687 1143 757 μὴ
1165 683 1442 741 σαλευθῶ
1468 684 1567 738 ἐπὶ
1602 684 1830 738 πλεῖον·

263 783 623 857 ἀνθρωπίνως
688 779 941 850 ὁμολογεῖ
1001 779 1092 832 τὸν
1159 777 1340 831 σάλον.
1415 775 1546 829 Ἐπὶ
1601 774 1834 835 πλεῖον,

277 877 330 929 Ἀ
344 880 581 948 μήχανον
615 871 721 943 γὰρ
758 872 815 925 ἐν
846 871 1134 942 ἀνθρώπου
1166 868 1280 939 (75)
1310 868 1452 940 ψυχῇ
1488 867 1562 940 μὴ
1585 865 1835 933 γενέσθαι

263 971 386 1023 τινὰ
419 969 578 1021 σάλον
621 965 728 1018 ἀπὸ
773 966 880 1020 τῶν
915 962 1258 1035 πειρασμῶν.
1297 962 1440 1026 Ἕως
1486 961 1585 1031 μὲν
1612 954 1704 1012 οὖν
1743 979 1834 1030 μι-

263 1064 371 1134 κρά
410 1058 795 1130 ἁμαρτάνομεν
839 1059 930 1112 καὶ
973 1057 1148 1122 ὀλίγα,
1201 1053 1388 1127 ὥσπερ
1433 1054 1504 1106 τὰ
1549 1052 1690 1122 φυτὰ
1732 1051 1836 1104 ὑπὸ

263 1151 497 1222 πραείας
526 1149 698 1222 αὖρας
734 1146 1174 1220 περιδονούμενοι
1221 1145 1351 1218 (76),
1383 1145 1566 1215 ἡρέμα
1596 1161 1712 1208 πως
1742 1160 1836 1197 σα-

263 1243 532 1312 λευόμεθα
552 1261 565 1274 ·
601 1243 818 1297 ἐπειδὰν
847 1240 903 1293 δὲ
930 1240 1099 1292 πλείω
1128 1238 1220 1291 καὶ
1252 1238 1470 1311 μείζονα
1567 1236 1638 1288 τὰ
1667 1235 1832 1296 κακά,

261 1336 404 1388 κατὰ
434 1336 531 1406 τὴν
551 1333 840 1401 ἀναλογίαν
863 1332 964 1402 τῆς
992 1331 1100 1384 τῶν
1126 1330 1539 1404 ἁμαρτημάτων
1559 1330 1835 1400 αὐξήσεως

262 1427 358 1480 καὶ
401 1428 429 1479 6
469 1431 626 1490 σάλος
659 1424 1026 1479 ἐπιτείνεσθαι
1077 1424 1309 1494 πέφυκε.
1361 1422 1469 1475 Καὶ
1519 1424 1567 1474 οἱ
1612 1422 1708 1492 μὲν
1743 1419 1836 1474 ἐπὶ

261 1520 447 1572 πλεῖον
481 1517 795 1572 σαλεύονται
821 1534 834 1547 °
864 1518 912 1569 οἱ
943 1517 997 1568 δὲ
1044 1518 1203 1589 μέχρι
1245 1516 1339 1568 τοῦ
1383 1513 1478 1566 καὶ
1524 1513 1834 1586 αὑτόρῤιζοι

259 1610 666 1683 ἀνατραπέντες
707 1607 1131 1678 καταϐληθῆναι,
1183 1609 1309 1660 ὅταν
1343 1605 1606 1668 λαίλαπος
1654 1606 1837 1673 πάσης

260 1701 567 1774 βιαιότερον
615 1701 682 1754 τὰ
730 1701 1075 1770 πνευματικὰ
1113 1701 1211 1768 τῆς
1237 1696 1501 1768 πονηρίας
1529 1698 1625 1758 τας
1673 1695 1837 1748 οἱονεὶ

261 1796 420 1866 ῥίζας
445 1796 546 1865 τῆς
567 1795 762 1866 ψυχῆς,
815 1787 900 1856 αἷς
927 1794 1286 1863 ἐπεστήρικτο
1324 1785 1432 1860 (77)
1463 1792 1527 1860 τῇ
1557 1788 1733 1841 πίστει
1768 1790 1831 1858 τῇ

1942 598 2047 642 tem
2073 588 2373 659 corrigens.
2413 588 2537 644 Non
2565 585 2806 643 movebar
2844 587 3086 642 multum.
3119 587 3362 644 Humano
3390 606 3504 644 mo-

1940 697 1999 736 re
2057 681 2344 735 conlltetur
2382 683 2820 737 commotionem.
2878 680 3127 736 Multum.
3161 679 3304 736 Fieri
3358 684 3500 738 enim

1940 789 2044 828 non
2088 783 2261 844 potest
2311 783 2369 827 ιιι
2401 774 2452 828 ίιι
2504 775 2736 832 hominis
2787 786 2978 830 natura
3028 777 3322 833 commotio
3357 777 3499 831 nulla

1939 867 2204 920 excitetur
2236 880 2266 919 a
2295 865 2698 922 tentationibus.
2735 872 2868 924 Dum
2901 868 3064 939 igitur
3091 886 3251 938 parva
3283 883 3336 927 et
3365 887 3500 941 pau-

1937 971 1999 1012 ca
2031 968 2251 1024 peccata
2284 957 2694 1022 committimus,
2714 961 2910 1017 leniter
2935 961 3332 1032 quodammodo
3354 981 3502 1021 com-

1939 1065 2240 1117 movemur,
2271 1052 2419 1106 velut
2453 1050 2648 1120 planta:
2674 1068 2792 1122 qua:
2821 1070 2848 1107 a
2883 1057 2984 1110 leni
3021 1070 3152 1110 aura
3189 1055 3498 1126 agitantur:

1938 1145 2027 1198 ubi
2064 1160 2191 1198 vero
2220 1146 2371 1213 plura
2397 1145 2708 1214 maioraque
2737 1146 2935 1201 fuerint
2965 1151 3100 1203 mala
3123 1194 3138 1218 ,
3167 1165 3264 1221 pro
3290 1150 3500 1205 ratione

1939 1237 2260 1290 incrementi
2295 1247 2664 1304 peccatorut..,
2695 1237 2858 1292 etiam
2884 1244 3173 1295 commotio
3200 1245 3382 1312 augeri
3407 1259 3499 1298 so-

1939 1329 2030 1384 let.
2059 1329 2121 1382 Ει
2155 1329 2242 1382 alii
2271 1331 2485 1398 quidem
2517 1332 2743 1386 multum
2782 1342 3194 1387 commoventur
3218 1336 3340 1389 :alii
3371 1352 3499 1393 vero

1939 1438 2110 1493 usque
2141 1421 2295 1482 adeo.
2323 1433 2378 1476 ut
2409 1424 2572 1476 etiam
2620 1425 2879 1481 radicitus
2918 1425 3093 1480 cversi
3150 1425 3495 1495 dejiciantur,

1937 1532 2058 1572 Cum
2103 1516 2415 1587 spirituales
2440 1517 2693 1586 nequitia.-
2721 1519 2873 1588 quasi
2906 1519 3116 1574 radices
3148 1520 3362 1586 animae,
3388 1523 3501 1589 qui-

1939 1608 2035 1664 bus
2069 1624 2166 1678 per
2188 1608 2346 1661 ﬁdem
2393 1609 2444 1660 in
2485 1609 2648 1663 Deum
2681 1612 2908 1665 subnixa
2931 1622 3065 1672 erat,
3097 1611 3247 1666 omni
3283 1611 3498 1668 turbine

1937 1702 2226 1757 violentius
2246 1702 2583 1771 abruperint.
2605 1703 2716 1774 Ego
2743 1705 2944 1774 itaque,
2969 1706 3164 1775 inquit,
3195 1716 3499 1764 commotus

1937 1797 2153 1861 quidem
2177 1809 2297 1849 sum
2334 1803 2390 1849 ut
2414 1795 2602 1861 homo;
2634 1796 2726 1850 sed
2771 1796 2992 1851 multum
3033 1814 3136 1852 non
3185 1813 3498 1855 commove—

258 1890 404 1943 κατὰ
418 1890 571 1951 Θεὸν,
597 1887 905 1958 ἀπορρήξῃ.
933 1887 1072 1954 Ἐγὼ
1105 1886 1304 1947 τοίνυν,
1329 1886 1508 1953 φησιν,
1534 1883 1832 1956 ἐσαλεύθην

1936 1888 2050 1952 bor,
2084 1886 2338 1955 quoniam
2385 1883 2662 1942 suﬁ‘ulcior
2714 1887 2934 1943 dextera
2979 1903 3136 1942 manu
3177 1889 3495 1947 Salvatoris.

259 1981 361 2051 μὲν
375 1981 450 2043 ὼς
489 1979 773 2050 ἄνθρωπος
793 1995 804 2006 ·
837 1979 927 2029 ἐπὶ
962 1977 1142 2031 πλεῖον
1165 1978 1218 2030 δὲ
1249 1976 1308 2029 ού
1337 1976 1411 2046 μὴ
1446 1977 1712 2042 σαλευθῶ,
1747 1977 1837 2031 διὰ

253 2072 320 2124 τὸ
351 2071 828 2144 ἀντιστηρίζεσθαι
856 2074 921 2144 τῇ
953 2071 1103 2142 δεξιᾷ
1125 2071 1267 2142 χειρὶ
1289 2069 1382 2122 τοῦ
1427 2071 1696 2142 Σωτῆρος.

330 2161 384 2216 5.
404 2161 556 2229 Ἕως
572 2164 716 2217 πότε
736 2164 1072 2218 ἐπιτίθεσθε
1089 2163 1178 2215 ἐπ’
1193 2162 1505 2230 ἄνθρωπον
1524 2161 1838 2230 φονεύετε

254 2254 482 2322 πάντες
522 2257 710 2326 ὑμεῖς,
743 2256 822 2321 ὠς
866 2257 1044 2322 τοίχῳ
1083 2253 1410 2322 κεκλιμένῳ
1461 2254 1559 2306 καὶ
1593 2251 1838 2322 φραγ·μῷ

252 2345 535 2416 ὠσμένῳ;
569 2346 738 2400 Πάλιν
787 2347 898 2407 τοῖς
945 2347 1200 2417 πονηροῖς
1246 2345 1544 2414 ὑπηρέταις
1584 2344 1676 2398 τοῦ
1704 2344 1835 2397 -δια-

253 2437 412 2490 δόλου
446 2438 700 2508 μάχεται,
741 2437 838 2508 τὴν
869 2437 1136 2509 ἀμετρίαν
1159 2436 1480 2507 αἰτιώμενος
1503 2437 1530 2488 6
1556 2437 1712 2505 λόγος
1736 2436 1835 2505 τῆς

254 2533 388 2600 παρ’
415 2530 594 2584 αὐτῶν
624 2531 972 2602 ἐπαγομένης
1002 2531 1314 2602 ἐπιδουλῆς.
1350 2530 1470 2584 Ὅτι
1510 2533 1558 2584 οἱ
1605 2529 1702 2600 μὲν
1739 2528 1834 2582 ἄν-

255 2622 468 2694 θρωποί
495 2626 600 2677 είσι
631 2623 770 2689 ζῶον
793 2623 1017 2688 ἀσθενές
1041 2641 1054 2654 ο
1095 2625 1251 2694 ὑμεῖς
1285 2622 1341 2676 δὲ
1370 2620 1674 2676 ἐπιτίθεσθε
1694 2661 1707 2684 ,
1736 2620 1836 2673 οὐκ

253 2715 592 2787 ἀρκούμενοι
622 2719 687 2788 τῇ
714 2715 907 2789 πρώτῃ
936 2716 1210 2788 προσϐολῇ
1241 2731 1254 2744 °
1287 2715 1422 2768 ἀλλὰ
1464 2715 1557 2768 καὶ
1579 2712 1837 2784 δευτέραν

253 2808 351 2860 καὶ
374 2808 562 2888 τρίτην
584 2809 838 2875 ἐπάγετε,
867 2809 971 2872 ἕως
1002 2809 1067 2862 ἂν
1097 2808 1238 2861 οὕτω
1266 2808 1366 2879 τὴν
1394 2807 1572 2878 ψυχὴν
1597 2807 1690 2859 τοῦ
1732 2825 1835 2860 πα-

257 2899 591 2968 ραπεσόντος
617 2900 747 2970 ὑμῖν
776 2901 1191 2971 καταστρέψητε
1220 2900 1365 2969 (78),
1396 2899 1535 2952 ὥστε
1583 2898 1834 2967 γενέσθαι

255 2999 650 3071 παραπλησίαν
679 3001 844 3071 τοίχῳ
874 3000 1110 3054 κλιθέντι
1129 3001 1222 3053 καὶ
1240 2999 1480 3072 φραγμῷ
1500 3000 1836 3070 ἀνατραπέν-

251 3109 329 3146 τι.
351 3091 538 3163 Τοῖχο;
564 3091 642 3158 δὲ,
670 3092 776 3156 ἕως
798 3093 894 3164 μὲν
918 3094 1006 3146 ὅτε
1035 3093 1134 3163 τὴν
1151 3091 1316 3163 ὀρθὴν
1340 3090 1691 3160 διαφυλάσσει
1717 3090 1837 3141 στά-

256 3200 363 3249 σιν,
415 3184 612 3253 πάγιος
647 3185 828 3255 μένει·
869 3185 1087 3238 ἐπειδὰν
1126 3185 1182 3236 δὲ
1209 3183 1390 3252 κλιθῇ,
1439 3181 1653 3249 ἀνάγκη
1685 3181 1834 3232 πᾶσα

253 3233 1659 3344 αι’ἑδνὲὶὲιᾶιζοὲᾆοῖ’πεςὲέὲῖίῖιὲἀᾖενγᾰέἠνωιὶένά
1693 3269 1833 3341 βάρη
1863 3233 1905 3293 (³

258 3369 400 3439 μετά
425 3370 523 3442 τὴν
573 3369 747 3422 κλίσιν
796 3369 1049 3441 ὀρθοῦται
1099 3367 1232 3437 (79),
1281 3366 1349 3419 τὰ
1400 3365 1547 3418 δὲέκ
1576 3365 1833 3418 πλειόνων

256 3463 613 3532 συγκείμενα,
652 3462 865 3515 ἐπειδὰν
891 3464 976 3532 ἐφ’
1013 3462 1069 3514 ἓν
1096 3462 1193 3534 τὴν
1218 3460 1390 3532 ῥοπὴν
1419 3458 1567 3533 πάθῃ
1587 3500 1601 3522 ,
1649 3459 1834 3512 οὐκέτι

255 3553 470 3622 δέχεται
496 3553 596 3622 τὴν
622 3552 1010 3625 ἐπανόρθωσιν.
1040 3550 1633 3604 Ἐνδείκνυταιτοίνυνὸ
1655 3549 1831 3616 λόγος,

254 3646 338 3698 ὅτι
360 3647 392 3714 ἡ
418 3645 576 3711 φύσις
594 3647 626 3715 ἠ
644 3644 734 3697 τοῦ
757 3642 1068 3716 ἀνθρώπου,
1090 3643 1342 3707 σύνθετος
1356 3639 1509 3708 οὖσα,
1528 3641 1716 3710 ἐκλίθη
1739 3642 1835 3711 μὲν

257 3736 366 3788 ὑπὸ
382 3737 477 3804 τῆς
499 3737 788 3807 ἁμαρτίας,
804 3736 1030 3805 λυθῆναι
1044 3735 1100 3788 δὲ
1115 3734 1330 3797 πάντως
1349 3734 1516 3804 αὐτὴν
1531 3734 1656 3804 χρή·
1673 3731 1834 3796 ὥστε,

259 3828 366 3881 ὑπὸ
398 3826 491 3879 τοῦ
524 3828 580 3892 ἐξ
598 3829 772 3897 ἀρχῆς
800 3828 1250 3898 οἰκοδομήσαντος
1282 3825 1448 3898 αὐτὴν
1475 3824 1715 3894 τεχνίτου
1734 3823 1837 3876 πά-

256 3922 341 3974 λιν
366 3921 884 3986 ἀνασκευασθεῖσαν,
917 3921 976 3972 τὸ
993 3919 1228 3988 ἀσφαλὲς
1263 3920 1356 3972 καὶ
1383 3919 1716 3972 ἁκατάλυτον
1743 3918 1836 3970 καὶ

260 4024 398 4094 πρὸς
444 4023 704 4093 δευτέραν
754 4021 961 4074 πτῶσιν
1020 4019 1471 4073 ἀνεπιϐούλευτον
1521 4016 1834 4071 ἀπολαϐεῖν.

263 4114 412 4167 Θεοῦ
441 4113 739 4183 γεώργιον,
793 4113 948 4185 φησὶ,
1004 4113 1151 4167 Θεοῦ
1187 4111 1465 4179 οἰκοδομή
1513 4111 1671 4164 ἐστε.
1726 4109 1836 4180 Τὴν

259 4211 550 4281 οἰκοδομὴν
577 4213 779 4281 ταύτην
809 4213 1121 4265 κατέσεισεν
1158 4213 1186 4263 ὁ
1215 4209 1406 4280 ἐχθρός
1427 4227 1439 4240 ο
1475 4211 1542 4263 τα
1574 4209 1836 4279 γενόμενα

261 4304 320 4355 ἐν
371 4304 508 4372 αὐτῇ
566 4306 822 4374 ῥήγματα
870 4305 1230 4357 ἀνεσκεύασεν
1278 4307 1305 4358 6
1345 4303 1699 4374 Δημιουργός.
1735 4302 1838 4355 Οὖ-

260 4411 370 4457 τως
401 4395 675 4462 ἀναγκαία
717 4397 814 4465 μὲν
860 4397 893 4467 ἡ
931 4395 1136 4459 πτῶσις
1165 4395 1251 4449 διὰ
1281 4395 1377 4465 τὴν
1406 4395 1699 4465 ἁμαρτίαν,
1738 4411 1835 4464 με-

263 4487 404 4558 γάλη
433 4487 490 4540 δὲ
521 4490 554 4558 ή
577 4489 871 4552 ἀνάστασις
896 4489 982 4542 διὰ
1013 4488 1110 4560 τὴν
1141 4487 1460 4542 ἀθανασίαν.
1507 4486 1679 4554 Πλὴν
1723 4485 1837 4553 τὴν

2007 2162 2059 2218 5.
2105 2164 2266 2220 Vsus.
2291 2164 2344 2218 4.
2387 2162 2666 2235 Quousque
2692 2165 2894 2221 irruitis
2925 2166 2978 2219 in
3006 2166 3308 2222 hominem?
3331 2168 3499 2224 inter-

1935 2257 2090 2325 ﬁcilis
2120 2258 2276 2329 195
2301 2259 2526 2314 universi
2548 2274 2635 2313 vos
2658 2267 2904 2329 tanquam
2942 2259 3127 2326 parieti
3169 2259 3422 2316 inclinato
3447 2272 3496 2316 et

1936 2353 2177 2403 maceria:
2202 2351 2468 2420 deputare?
2504 2351 2714 2408 Rursus
2751 2353 3012 2408 adversus
3054 2368 3252 2423 pravos
3292 2354 3495 2410 diaboli

1939 2439 2216 2495 ministros
2259 2451 2459 2511 pugnat
2509 2442 2598 2496 hic
2642 2459 2842 2508 sermo,
2903 2444 3219 2502 immodicas
3254 2461 3374 2516 quae
3428 2447 3498 2501 ab

1937 2530 2070 2599 ipsis
2099 2544 2386 2589 struuntur
2436 2534 2660 2589 insidias
2689 2551 2972 2592 accusans.
3010 2537 3277 2594 Nimirum
3316 2540 3494 2595 homi-

1938 2647 2034 2686 nes
2074 2628 2274 2683 animal
2305 2626 2478 2681 debile
2514 2637 2673 2694 sunt;
2711 2643 2806 2682 vos
2835 2637 3013 2682 autem
3059 2631 3288 2698 irruitis,
3320 2632 3496 2700 primo

1937 2721 2140 2776 assultu
2175 2736 2278 2774 non
2313 2719 2551 2775 contenti
2582 2738 2598 2774 :
2630 2719 2724 2774 sed
2755 2729 2808 2774 et
2842 2720 3139 2774 secundum
3190 2730 3245 2775 et
3274 2722 3492 2776 tertium

1936 2816 2170 2878 infertis,
2202 2815 2374 2868 donec
2401 2813 2478 2868 sic
2514 2815 2751 2868 animam
2805 2813 2924 2884 ejus
2953 2813 3043 2882 qui
3076 2813 3130 2867 in
3173 2828 3265 2869 vos
3292 2812 3497 2870 incide-

1937 2910 2025 2968 rit,
2055 2905 2400 2966 subvertatis,
2435 2906 2508 2958 ita
2538 2913 2594 2956 ut
2624 2907 2816 2973 parieti
2855 2905 3116 2961 inclinato
3152 2915 3207 2960 et
3246 2909 3497 2961 maceria:

1937 3000 2127 3050 diruta:
2164 2998 2254 3050 ﬁat
2287 2997 2606 3050 consimilis.
2640 2995 2824 3051 Paries
2861 3009 3040 3052 autem
3088 2998 3323 3066 quandiu
3374 3000 3497 3066 qui-

1937 3090 2056 3143 dem
2103 3089 2267 3144 situm
2316 3101 2520 3144 rectum
2567 3100 2870 3150 conservat,
2923 3088 3112 3144 ﬁrmus
3165 3097 3371 3155 manet;
3404 3091 3495 3144 ubi

1939 3199 2066 3238 vero
2114 3184 2404 3239 inclinatus
2461 3183 2646 3248 fuerit,
2695 3183 2869 3254 ipsum
2916 3182 3236 3238 dissolutum
3293 3182 3492 3238 cadere

1935 3279 2155 3332 omnino
2186 3292 2402 3331 necesse
2435 3287 2532 3329 est.
2569 3275 2699 3329 Nam
2738 3277 2968 3344 pondera
3007 3291 3069 3330 ex
3109 3290 3214 3329 uno
3238 3284 3495 3330 constan-

1937 3373 2007 3425 tia
2055 3381 2177 3439 post
2214 3370 2618 3424 inclinationem
2660 3368 2978 3437 eriguntur:
3016 3369 3108 3422 sed
3157 3384 3218 3423 ea
3268 3382 3385 3438 quas
3426 3382 3490 3421 ex

1935 3463 2179 3531 pluribus
2229 3469 2647 3528 componuntur,
2675 3470 2955 3530 postquam
2995 3459 3394 3515 inclinationem
3426 3460 3491 3513 ad

1937 3569 2094 3607 unam
2128 3563 2333 3623 partem
2391 3567 2646 3621 perpessa
2698 3553 2920 3614 fuerint,
2977 3553 3155 3606 denuo
3198 3552 3330 3622 erigi
3385 3567 3491 3605 non

1934 3657 2179 3716 possunt.
2206 3647 2452 3701 Ostendit
2501 3647 2664 3715 igitur
2706 3659 2907 3710 sermo,
2962 3653 3208 3697 naturam
3260 3643 3493 3698 hominis

1935 3755 2055 3795 cum
2096 3741 2391 3808 composita
2419 3739 2509 3800 sit,
2540 3737 2852 3791 inclinatam
2881 3736 3095 3805 quidem
3121 3736 3287 3790 fuisse
3311 3753 3338 3789 a
3369 3751 3494 3804 pec-

1937 3843 2079 3896 cato,
2105 3833 2198 3887 sed
2226 3833 2393 3901 ipsam
2426 3829 2640 3900 penitus
2672 3827 2803 3882 solvi
2834 3839 3103 3896 oportere,
3131 3826 3267 3878 utah
3288 3825 3494 3879 artiﬁce

1936 3925 2025 3992 qui
2054 3940 2172 3979 eam
2197 3922 2265 3978 ab
2291 3923 2442 3978 initio
2465 3919 2752 3977 aediﬁcavit
2783 3933 2968 3973 rursus
3001 3927 3267 3986 reparata,
3297 3925 3493 3972 statum

1937 4017 2167 4087 accipiat
2193 4026 2387 4079 tutum,
2418 4012 2982 4080 indissolubilemque,
3014 4023 3068 4066 et
3113 4011 3320 4065 insidiis
3361 4009 3496 4065 alte-

1936 4112 2047 4165 rius
2074 4125 2232 4165 casus
2261 4110 2615 4163 inaccessum.
2667 4105 2762 4158 Dei
2809 4102 3152 4174 agricultura,
3184 4102 3374 4171 inquit,
3401 4099 3495 4153 Dei

1935 4202 2218 4268 aediﬁcatio
2263 4199 2390 4254 estis
2409 4199 2476 4252 ".
2523 4195 2960 4251 Ediﬁcationem
3015 4195 3172 4248 istam
3220 4191 3496 4247 concuSsit

1937 4293 2214 4356 inimicus,
2245 4301 2300 4346 at
2323 4290 2590 4345 fracturas
2630 4289 2683 4341 in
2712 4302 2774 4341 ea
2810 4287 2985 4341 factas
3004 4285 3190 4355 Opifex
3221 4284 3493 4338 instaura-

1936 4386 2033 4439 vit.
2067 4384 2157 4439 Sic
2180 4383 2520 4439 necessarius
2541 4381 2756 4451 quidem
2777 4389 2859 4436 est
2897 4395 3077 4440 casus,
3115 4385 3338 4446 propter
3364 4388 3492 4444 pec-

1939 4489 2119 4534 catum
2153 4478 2284 4532 :sed
2322 4491 2512 4545 magna
2548 4483 2631 4529 est
2676 4471 3022 4534 resurrectio,
3069 4471 3138 4523 ob
3178 4467 3495 4522 immortali-

261 4581 441 4648 τιμήν
458 4599 577 4650 μου
597 4581 1034 4635 ἐϐουλεύσαντο
1063 4581 1432 4635 ἀπώσασθαι·
1454 4579 1710 4646 ἔδραμον
1726 4577 1835 4649 (80)

1943 4581 2123 4628 tatem.
2149 4569 2310 4624 Vens.
2334 4568 2387 4622 5.
2419 4568 2782 4622 Verumtamen
2803 4565 3024 4619 nretium
3048 4577 3214 4617 nteum
3242 4561 3496 4630 cogitat-e-

338 4695 383 4726 ³¹
423 4695 438 4748 l
469 4695 594 4749 Cor.
635 4711 716 4759 ιιι,
751 4695 804 4750 9.

339 4784 454 4854 (75)
487 4785 639 4840 Coll).
709 4795 935 4855 quartus
984 4783 1411 4855 ἐπ’ἀνθρώπου.
1471 4783 1678 4838 Ibidem
1730 4790 1840 4834 tres

267 4870 402 4909 mss.
430 4856 696 4922 γίνεσθαι.

341 4919 455 4997 (76)
488 4927 664 4997 Editio
686 4923 848 4978 Basil.
885 4925 1330 4997 περιδονούμενα.
1370 4922 1548 4977 Editio
1576 4935 1705 4976 vero
1742 4919 1842 4974 Pa--

267 4995 370 5065 ris.
400 4995 454 5065 et
480 4995 692 5065 Anglic.
729 5007 782 5050 et
810 4997 951 5049 Oliv.
986 5007 1041 5050 et
1071 4996 1240 5049 nostri
1283 5009 1479 5050 novem
1517 5007 1647 5048 mss.
1681 5007 1839 5061 περι-

264 5063 418 5118 δονού
429 5063 601 5132 μενοι.

345 5129 457 5206 (77)
481 5136 632 5206 Colb.
663 5146 886 5204 quartus
910 5137 1294 5206 ἀπεστήρικτο.
1327 5133 1516 5206 Statim
1538 5132 1664 5186 editi
1698 5129 1837 5206 Ἐγὼ

267 5203 449 5258 τοίνυν
477 5203 791 5276 ἐσαλεύθην,
822 5207 1004 5277 φησὶν,
1034 5203 1135 5269 ὡς.
1161 5208 1231 5258 Αι
1260 5220 1387 5260 ntss.
1428 5205 1662 5272 quinque
1703 5213 1761 5254 ut
1780 5203 1834 5254 itt

268 5285 545 5330 contextu.

342 5345 455 5410 (78)
493 5346 567 5399 Ita
613 5345 910 5400 Colbertini
955 5347 1195 5415 quintus.
1250 5355 1434 5398 sextus
1478 5342 1832 5415 ethseptimus

267 5431 392 5469 cum
426 5415 559 5485 Reg.
587 5416 744 5469 tertio
787 5427 841 5470 et
868 5411 990 5469 cum
1018 5418 1251 5469 editione
1284 5412 1577 5485 B.t_sil._A|ii
1610 5411 1827 5481 quidam

271 5499 419 5556 mss;
438 5482 561 5556 cuin
590 5486 823 5539 editione
853 5485 1022 5556 Paris.
1053 5482 1519 5556 καταστρέψησθε.

477 5555 604 5623 Reg.
641 5556 907 5626 secundus
928 5555 1232 5626 ὀρθοῦνται.

343 5621 453 5695 (80)
487 5621 637 5690 Illud,
668 5624 920 5695 ἔδραμον,
957 5621 1024 5678 ita
1059 5629 1107 5677 in
1148 5624 1367 5691 Vulgata
1401 5632 1453 5676 et
1487 5622 1626 5695 apud
1669 5621 1820 5695 Lati-

270 5691 370 5747 nos
424 5694 609 5747 Patres
637 5691 947 5762 etpreSSttut
1005 5697 1292 5755 invenitur,
1323 5693 1529 5746 cucurri
1576 5710 1619 5762 .f!
1643 5704 1699 5744 et
1745 5691 1818 5744 ita

271 5779 508 5832 quoque,
568 5760 729 5818 invito
778 5765 995 5828 Ba<ilio,
1055 5768 1432 5831 interpretatus
1469 5771 1553 5815 est
1582 5760 1820 5813 Tilman—

275 5850 398 5888 tius.
439 5833 648 5888 Etenim
696 5837 784 5902 qui
827 5851 929 5891 non
966 5835 1126 5900 videt,
1161 5836 1259 5889 nisi
1302 5845 1537 5887 vertatur
1574 5846 1820 5885 cucurre-

387 5875 398 5885 ι
439 5875 648 5888 “CVIII...
696 5875 784 5900 I‘ul
827 5875 929 5891 ιινιι
973 5875 1126 5900 Ιιυνυρ

1943 4783 2084 4836 runt,
2105 4769 2426 4826 ἀκολουθίαν
2455 4768 2718 4822 orationis
2748 4774 3001 4836 constare
3031 4779 3132 4818 non
3176 4777 3352 4832 posse,
3387 4777 3494 4816 οεο-

1941 4835 2113 4900 cutiat
2163 4854 2381 4895 necesse
2404 4850 2505 4892 est.
2540 4837 2667 4890 Bent
2696 4846 2914 4907 gratam
2947 4835 3213 4890 facturum
3253 4847 3338 4885 me
3382 4845 3494 4884 stn-

1940 4914 2109 4968 diosis
2139 4908 2468 4971 existimavi,
2506 4908 2550 4963 si
2589 4909 2688 4961 hoc
2711 4906 2833 4961 loco
2856 4906 3058 4961 edenda
3090 4917 3340 4957 curarem
3369 4918 3490 4971 quze

1941 4983 2068 5038 olim
2094 4983 2145 5034 in
2192 4981 2332 5034 hunc
2356 4976 2532 5032 locum
2569 4978 2845 5031 annotavit
2881 4973 3291 5043 antiquissimus
3322 4971 3494 5026 inter~

1943 5069 2066 5123 pres
2089 5049 2367 5123 Eusebius.
2400 5048 2529 5123 Ejus
2561 5048 2720 5117 igitur
2752 5049 2863 5123 haec
2891 5054 3035 5123 sunt:
3059 5044 3318 5123 psalmum
3343 5057 3494 5123 seta-

1942 5111 2202 5192 Igesimum
2223 5111 2470 5192 primuttii
2492 5111 2902 5192 nterpretaittis:
2927 5113 3219 5192 :E6Qapor
3332 5111 3492 5192 δίψει

1934 5181 2048 5261 ἷὴν
2062 5181 2540 5261 ὲμὴνάπῴλειᾳν
2574 5181 2902 5261 θεάσασθαι
2924 5184 3235 5261 {Sigismerem
3436 5181 3491 5233 δὲ

1929 5251 2043 5326 τοῧ,
2067 5251 2136 5315 ἐν
2151 5251 2331 5328 (Siti-st.
2360 5261 2428 5312 ἐν
2452 5259 2850 5328 ὄιαψεύσματι
2867 5259 2894 5308 6
2931 5251 3236 5328 ’ᾼκύλαςομδ
3255 5252 3310 5304 δὲ
3423 5270 3490 5328 μ-

1927 5322 2120 5415 μαχος.
2138 5322 2532 5415 ἐ·›·ψεύσμαςι·
2603 5330 2657 5382 δὲ
2675 5322 2952 5415 είὲπδοσις,
2968 5323 3270 5415 “uegon-
3291 5323 3384 5409 καὶ
3397 5322 3493 5415 πά(

1928 5389 2190 5471 λικῗὲτέρα
2209 5389 2435 5462 ἐκδοσίς,
2455 5400 2524 5452 ἐν
2539 5389 2719 5471 δὸτιῳ,
2740 5389 3272 5471 ἢρμήᾼνευσανΕίκδς
3293 5389 3383 5445 οὖν
3399 5393 3494 5471 καὶ

1926 5476 1983 5526 ἐν
2007 5477 2069 5544 τῇ
2101 5464 2221 5544 καθ’
2244 5469 2724 5544 ἡμᾶς-ἀναγνιὶξσει
2753 5464 2966 5544 κεῖσθαι
2991 5466 3088 5536 μὲν
3119 5464 3380 5544 πρότερον
3392 5464 3491 5544 κτὸ,

1925 5545 1992 5596 ἐν
2009 5532 2217 5612 ψεύδει
2237 5559 2248 5571 ο
2265 5532 2362 5613 ’ἵνα
2381 5537 2489 5613 ᾗτὸ
2514 5532 2835 5613 λεγόμενονῖ
2859 5532 3247 5613 ’βδραιξονξέιῒ
3259 5532 3489 5611 Ψεύδευ

1925 5602 2219 5673 τουτέστιν,
2273 5613 2323 5664 οἱ
2352 5602 2534 5680 ἐὶθροί
2574 5602 2715 5680 μουζ
2744 5607 2837 5680 και
2870 5609 2917 5659 οἱ
2966 5602 3400 5680 ἐπιϐουλεύοντες
3433 5605 3493 5679 οξ

1929 5687 2024 5737 σὺν
2057 5672 2301 5751 ἀληθεία.
2327 5672 2416 5732 τὸν
2449 5672 2722 5751 κατδὲμοιῖΔ
2748 5677 2945 5751 δρομον
2969 5678 3062 5751 κα]
3083 5676 3323 5751 τῃὴνχατ*
3359 5672 3490 5742 ἐμοῦ

1929 5744 2161 5823 σπουδὴν
2187 5744 2481 5823 ἐποιοῦντο,
2510 5744 2661 5811 ὅλους
2682 5748 2737 5823 δέ
2772 5744 3068 5823 αὐτοὺςιτῷ
3094 5744 3291 5823 ψεύδει*
3313 5759 3486 5823 παρακ-

1925 5809 2130 5886 δόντες²
2163 5821 2382 5890 σφάλμα
2422 5809 2477 5873 δέ
2514 5809 2776 5879 γοαςέικον
2803 5809 3082 5885 γεγονέναι
3109 5809 3172 5869 ’ὲν
3209 5819 3319 5869 τοῖς
3359 5809 3494 5869 ιὶετά
