4026 6474
517 391 622 446 1.73

1820 380 1875 434 S.
1918 375 2159 430 liASlLll
2196 373 2406 430 MAGM

3627 372 3730 426 476

517 515 640 560 runt
664 501 934 571 repellere;
960 505 1301 553 cucurrerunt
1341 498 1394 551 in
1422 499 1531 564 siti,
1561 514 1647 550 ore
1685 514 1777 552 suo
1803 495 2066 550 benedice-

2183 492 2233 543 ἓν
2244 491 2423 558 δίψει,
2443 487 2521 553 τῷ
2536 491 2780 558 στόματι
2792 490 3305 559 αὐτῶνεὺλόγουν,
3323 487 3416 541 καί
3435 486 3509 554 τῇ
3523 487 3734 554 καρδίᾳ

517 600 660 658 bant,
681 606 726 648 et
751 593 904 646 corde
924 609 1016 645 suo
1038 592 1434 644 maledicebant.
1461 591 1700 645 Pretium
1738 588 1971 646 hominis
1987 599 2071 642 est

518 686 735 756 sanguis
776 685 976 739 Christi
1017 702 1029 737 :
1065 683 1243 737 Pretio
1277 684 1439 742 enim,
1486 682 1679 751 inquit,
1717 681 1871 748 empti
1915 681 2070 740 estis;

518 779 675 832 nolite
701 777 814 844 ﬁeri
843 778 975 830 servi
999 775 1262 828 hominum
1281 774 1346 827 ³³.
1385 773 1496 828 Hoc
1539 775 1704 844 igitur
1733 772 1962 844 pretium
1991 773 2070 824 iu-

524 870 652 924 utile
682 868 834 922 nobis
861 867 1084 921 reddere
1102 866 1473 935 cogitaverunt
1501 867 1701 922 milites
1733 863 1888 930 liujus
1920 862 2073 916 mali—

521 963 632 1030 gni,
667 960 831 1014 semel
862 959 1115 1013 liberatos
1147 973 1333 1011 rursus
1369 958 1420 1011 in
1455 961 1770 1014 servitutem
1797 956 2072 1009 adducen-

524 1061 621 1102 tes.
651 1047 1002 1102 Cucurrerunt
1030 1049 1082 1100 in
1113 1049 1223 1102 siti.
1249 1049 1676 1104 Concitationem
1701 1063 1763 1100 ac
1787 1046 2076 1100 vehemen-

524 1143 650 1195 tiam
682 1141 997 1194 insidiarum
1023 1140 1322 1193 daemonum
1351 1144 1628 1194 enuntiat:
1655 1139 1854 1207 quippe
1882 1139 2074 1191 adver-

522 1246 639 1284 sum
669 1244 766 1283 nos
814 1238 1058 1290 currunt,
1092 1229 1371 1282 interitmn
1404 1241 1646 1284 nostrum
1677 1229 1939 1282 sitientes.
1973 1226 2076 1280 Ore

520 1338 614 1374 suo
661 1321 1040 1385 benedicebant,
1081 1331 1127 1372 et
1161 1323 1315 1375 corde
1363 1338 1457 1374 suo
1497 1320 1894 1374 maledicebant.
1927 1317 2076 1371 Multi

524 1421 648 1464 sunt
674 1412 764 1479 qui
801 1426 993 1479 pravas
1042 1414 1392 1482 comprobant
1448 1412 1722 1477 actiones;
1757 1422 1811 1465 et
1840 1410 2076 1465 dicacem

523 1503 734 1571 quidem
761 1501 999 1571 lepidum
1025 1504 1226 1566 dicunt,
1261 1517 1383 1556 eum
1425 1517 1551 1558 vero
1575 1506 1662 1574 qui
1691 1506 1920 1558 obscena
1952 1516 2077 1555 ver-

523 1591 588 1645 ba
629 1589 854 1658 profert,
889 1592 1159 1660 politicum
1194 1604 1208 1642 :
1241 1592 1633 1647 amarulentum
1661 1601 1713 1646 et
1735 1590 2075 1654 iracundum,

525 1698 630 1737 non
660 1682 1108 1737 contemnendum
1137 1683 1321 1737 dicunt
1347 1703 1358 1736 :
1389 1685 1610 1739 laudant
1646 1696 1864 1750 parcum
1890 1691 1943 1737 et
1975 1680 2078 1734 illi-

526 1774 758 1828 beralem
787 1783 844 1826 ut
879 1774 1297 1839 oeconomicum,
1344 1775 1622 1843 prodigum
1659 1782 1910 1841 tanquam
1940 1771 2075 1826 libe-

529 1865 715 1926 ralem,
755 1860 1109 1920 scortatorem
1143 1877 1197 1921 et
1231 1865 1509 1930 lascivum,
1540 1865 1788 1917 utvirum
1820 1864 1975 1932 genio
2001 1863 2053 1918 in

526 1959 851 2028 dulgentem,
870 1970 922 2012 et
943 1960 1104 2013 animi
1129 1958 1404 2012 solutioris
1427 1980 1437 2012 :
1463 1959 1692 2027 denique
1719 1957 1902 2009 vitium
1924 1970 2082 2011 omne

529 2052 772 2118 specioso
800 2050 1016 2103 nomine
1036 2049 1248 2102 virtutis
1282 2049 1577 2117 adjacentis
1595 2047 1889 2115 appellant.
1927 2044 2084 2101 Tales

531 2157 627 2195 ore
662 2141 873 2209 quidem
920 2139 1266 2206 benedicunt,
1298 2140 1458 2194 corde
1493 2153 1622 2194 vero
1663 2137 1990 2193 maledicunt
2015 2137 2081 2190 ³⁸.

532 2232 662 2284 Nam
693 2233 870 2285 verbis
917 2232 1054 2286 bene
1089 2233 1342 2286 ominatis
1388 2246 1600 2286 onmem
1656 2231 2081 2286 exsecrationem

531 2324 653 2378 vitae
680 2324 889 2377 illorum
920 2324 1185 2393 ingerunt,
1213 2325 1462 2392 ipsosque
1485 2333 1699 2377 aeternae
1721 2321 2083 2376 damnationis

535 2428 653 2467 reos
680 2426 770 2480 per
791 2427 852 2465 ea
881 2427 998 2480 qua:
1018 2413 1337 2481 approbant,
1364 2415 1715 2469 constituunt.
1737 2413 1942 2468 Rursus
1954 2412 2086 2467 allo-

532 2503 715 2572 quitur
743 2503 1001 2566 animam,
1030 2505 1143 2572 ejus
1173 2519 1300 2572 erga
1343 2504 1509 2558 Deum
1550 2503 1907 2560 obedientiam
1930 2505 2086 2574 196

535 2595 822 2665 adaugens.
866 2593 1027 2650 Vens.
1067 2595 1120 2650 6.
1167 2594 1550 2659 Verumtamen,
1596 2597 1791 2667 inquit,
1824 2597 1931 2651 Deo
1965 2597 2082 2650 sub-

527 2684 669 2752 jecta
691 2698 819 2751 esto,
838 2687 1013 2739 anima
1037 2703 1170 2752 mea,
1194 2689 1437 2757 quoniam
1463 2688 1524 2739 ab
1547 2689 1659 2755 ipso
1679 2690 1930 2755 patientia
1949 2704 2080 2741 mea.

538 2776 736 2830 Iudicat
784 2779 1134 2830 tentationum
1182 2779 1621 2848 magnitudinem,
1677 2789 1730 2832 ct
1763 2780 1889 2832 illud
1940 2784 2081 2849 Apo-

535 2866 657 2920 stoli
679 2865 827 2931 dicit,
856 2869 996 2935 quod
1027 2883 1129 2920 non
1160 2868 1302 2921 sinet
1332 2867 1528 2921 tentari
1556 2883 1653 2922 nos
1685 2882 1843 2937 supra
1863 2868 1914 2922 id
1945 2870 2084 2939 quod

537 2959 798 3014 sustinere
831 2974 1113 3027 possumus
1131 2961 1197 3014 ³³.
1223 2959 1298 3013 Ab
1326 2961 1439 3030 ipso
1458 2961 1599 3016 enim
1627 2963 1884 3031 patientia
1915 2978 2049 3016 mea.

605 3229 658 3285 4.
700 3229 862 3284 VERS.
900 3233 952 3286 8.
996 3230 1059 3299 In
1124 3232 1227 3286 Deo
1272 3233 1503 3287 salutare
1568 3251 1771 3301 meum,
1814 3248 1859 3290 et
1917 3240 2086 3306 gloria

541 3340 653 3376 mea
686 3323 862 3379 :Deus
885 3326 1072 3378 auxilii
1112 3328 1230 3389 mei,
1259 3337 1303 3380 et
1333 3344 1445 3394 spes
1473 3344 1586 3381 mea
1611 3330 1665 3381 in
1691 3327 1799 3382 Deo
1831 3341 1924 3382 est.
1957 3329 2089 3384 Bea-

543 3427 626 3469 tus
654 3419 743 3484 qui
781 3419 848 3470 ob
895 3418 1094 3471 nulla‘m
1124 3419 1243 3471 vita:
1275 3433 1386 3472 rem
1421 3421 1764 3488 quantumvis
1805 3420 2085 3475 sublimem

541 3510 789 3571 exsultat,
822 3510 914 3562 sed
966 3524 1117 3561 suam
1178 3510 1402 3578 gloriam
1450 3513 1615 3566 Deum
1674 3514 1988 3582 liabet:qui
2036 3513 2087 3568 in

539 3596 753 3650 Christo
787 3597 1070 3666 gloriatur,
1097 3612 1155 3651 ac
1195 3600 1493 3652 secundum
1544 3603 1860 3670 Apostolum
1909 3603 2088 3657 dicere

542 3698 719 3756 potest
766 3705 780 3742 :
830 3688 963 3742 Mihi
1021 3702 1190 3743 autem
1230 3690 1366 3743 absit
1409 3691 1652 3758 gloriari,
1708 3695 1809 3746 nisi
1846 3696 1898 3746 in
1941 3711 2094 3748 cruce

542 3781 736 3832 Christi
762 3780 824 3833 “.
856 3779 1005 3833 Nunc
1044 3795 1171 3835 vero
1218 3782 1370 3834 multi
1398 3782 1461 3835 de
1498 3797 1722 3849 corpore
1769 3786 2091 3852 gloriantur,

541 3871 630 3939 qui
678 3885 794 3925 sese
837 3871 886 3924 in
939 3872 1201 3941 gymnicis
1243 3887 1538 3927 exercuere
1567 3875 1969 3938 certaminibus,
2003 3885 2095 3929 aut

543 3963 762 4017 omnino
787 3965 854 4017 ob
887 3966 1060 4018 aetatis
1106 3962 1292 4018 florem
1319 3965 1537 4035 vigent:
1571 3965 1719 4018 multi
1747 3965 1926 4019 itidem
1959 3965 2089 4020 clie-

548 4064 738 4106 runtur
769 4055 833 4106 de
879 4055 1070 4108 bellica
1121 4054 1450 4116 fortitudine.
1487 4057 1573 4125 qui
1603 4057 1762 4110 etiam
1809 4056 2088 4110 tribulium

544 4143 738 4195 tea-dein
787 4144 1036 4197 virtutem
1085 4160 1209 4200 esse
1262 4147 1485 4200 ducunt.
1517 4148 1800 4202 Enimvero
1831 4163 2004 4203 rerum
2039 4151 2089 4202 in

545 4232 693 4286 bellis
720 4232 853 4286 bene
903 4244 1172 4302 gestarum
1212 4239 1450 4303 praemia,
1481 4254 1543 4292 ac
1569 4241 1800 4308 trophaeo
1825 4242 1890 4294 ab
1926 4242 2096 4309 impe-

547 4333 725 4378 ralore
770 4333 876 4377 eta
901 4324 1208 4379 civitatibus
1238 4338 1441 4388 erecta,
1480 4343 1578 4394 pro
1619 4332 1778 4384 caudis
1831 4334 2094 4399 magnitu-

546 4417 666 4468 dine
687 4416 838 4468 liunt.
867 4415 966 4468 Alii
1003 4416 1300 4483 gloriantur
1319 4422 1386 4469 ob
1409 4418 1596 4472 ductos
1620 4420 1821 4472 circum
1851 4423 2096 4477 civitates

2169 583 2364 637 αὐτῶν
2395 582 2748 649 κατηρῶντο.
2797 582 2941 652 Τιμὴ
2997 583 3278 655 ἀνθρώπου
3337 581 3397 632 τὸ
3443 574 3582 649 αἷμα
3635 580 3731 631 τοῦ

2168 675 2436 748 Χριστοῦ·
2495 675 2671 744 Τιμῆς
2705 677 2836 745 γὰρ,
2872 675 3056 744 φησὶν,
3104 672 3504 746 ἠγοράσθητε·
3526 671 3612 742 μὴ
3648 671 3736 738 γί-

2170 773 2347 823 νεσθε
2395 768 2601 822 δοῦλοι
2657 770 2997 836 ἀνθρώπων.
3035 767 3247 840 Ταύτην
3285 763 3376 822 οὖν
3419 767 3517 836 τὴν
3570 766 3736 836 τιμὴν

2170 861 2552 914 ἐδουλεύσαντο
2624 862 2893 934 ἄχρηστον
2955 862 3085 928 ἡμῖν
3159 860 3493 931 καταστῆσαι
3523 897 3536 920 ,
3607 859 3734 920 τοὺς

2173 953 2319 1017 ana:
2351 952 2808 1023 ἐλευθερωθέντας
2831 951 2991 1005 πάλιν
3023 953 3101 1014 είς
3138 951 3380 1007 δουλείαν
3429 949 3734 1017 ἐνάγοντες,

2171 1042 2220 1092 οἱ
2259 1041 2580 1112 στρατιῶται
2607 1044 2700 1094 τοῦ
2727 1039 2982 1113 πονηροῦ.
3020 1040 3316 1110 Ἕὸραμον
3354 1044 3422 1096 ἐν
3449 1042 3630 1110 δίψει.
3661 1036 3738 1091 Τὸ

2175 1133 2421 1188 σύντονον
2467 1135 2614 1201 λέγει
2665 1136 2765 1205 τῆς
2819 1136 2926 1189 τῶν
2969 1134 3234 1204 δαιμόνων
3292 1135 3603 1205 ἐπιϐουλῆς,
3653 1131 3736 1183 ὅτι

2173 1226 2427 1297 τρέχουσι
2452 1226 2572 1280 καθ’
2603 1226 2780 1296 ἡμῶν,
2829 1228 3086 1297 διψῶντες
3117 1225 3272 1295 ἡμῶν
3309 1225 3406 1294 τὴν
3441 1227 3737 1279 ἀπώλειαν.

2181 1317 2262 1382 Τῷ
2284 1319 2530 1385 στόματι
2555 1315 2751 1370 αὐτῶν
2777 1321 3088 1388 εὐλόγουν,
3109 1317 3203 1370 καὶ
3223 1315 3296 1383 τῇ
3315 1318 3526 1385 καρδίᾳ
3541 1313 3741 1373 αὐτῶν

2175 1407 2531 1474 κατηρῶντο.
2577 1407 2765 1461 Πολλοί
2817 1410 2923 1461 εἱσι
2959 1410 3068 1480 (81)
3097 1408 3195 1470 τὰς
3229 1406 3472 1475 πονηρὰς
3512 1409 3740 1480 πράξεις

2176 1499 2578 1568 ἀποδεχόμενοι,
2607 1499 2700 1552 καὶ
2731 1498 2989 1567 χαρίεντα
3032 1499 3127 1569 μὲν
3156 1496 3245 1548 τὸν
3279 1494 3613 1566 εὐτράπελον
3643 1496 3737 1550 λέ-

2177 1574 2390 1661 γοντεςξ
2437 1592 2527 1644 τὸν
2567 1591 2624 1644 δὲ
2661 1589 3011 1661 αἱσχρολόγον
3057 1588 3328 1644 πολιτικόν
3355 1603 3370 1618 ο
3411 1585 3503 1639 τὸν
3544 1589 3744 1659 πικρὸν

2179 1686 2269 1738 καὶ
2290 1682 2498 1753 ὀργίλον
2530 1681 2970 1752 ἀκαταφρόνητον
3003 1681 3328 1754 ὀνομάζουσι
3351 1696 3365 1710 ·
3416 1677 3507 1732 τὸν
3543 1683 3741 1747 φειδω-

2179 1778 2266 1829 λὸν
2304 1777 2396 1828 καὶ
2435 1776 2790 1846 ἀκοινώνητον
2826 1774 2900 1837 ὼς
2943 1773 3279 1845 οἰκονομικὸν
3321 1771 3620 1831 ἐπαινοῦσι,
3651 1772 3743 1824 τὸν

2181 1870 2384 1923 ἄσωτον
2439 1868 2513 1930 ὡς
2568 1867 2871 1938 ἐλευθέριον
2904 1905 2918 1928 ,
2993 1867 3081 1919 τὸν
3133 1866 3327 1937 πόρνον
3381 1863 3475 1916 καὶ
3539 1863 3744 1931 ἀσελγῆ

2180 1960 2573 2015 ἀπολαυστικόν
2613 1977 2731 2013 τινα
2763 1957 2855 2010 καὶ¹
2895 1958 3174 2028 ἀνειμένον
3199 1975 3212 1987 °
3266 1956 3361 2010 καὶ
3411 1953 3747 2022 ἁπαξαπλῶς

2181 2055 2358 2106 πᾶσαν
2392 2052 2586 2105 κακίαν
2613 2055 2676 2106 ἐκ
2705 2051 2804 2118 τῆς
2845 2050 3262 2122 παρακειμένης
3293 2047 3495 2119 ἀρετῆς
3541 2048 3746 2099 ὑποκο-

2185 2145 2436 2216 ρίζονται.
2476 2145 2538 2196 Οἱ
2562 2144 2789 2198 τοιοῦτοι
2823 2141 2900 2210 τῷ
2941 2141 3166 2210 στόματι
3204 2140 3300 2209 μὲν
3341 2138 3647 2206 εὑλογοῦσι,
3675 2139 3745 2205 τῇ

2181 2236 2234 2289 δὲ
2279 2235 2473 2309 καρδίᾳ
2515 2234 2877 2306 καταρῶνται.
2934 2233 3022 2306 Ἐν
3057 2231 3166 2303 γὰρ
3218 2233 3283 2301 τῇ
3327 2231 3436 2281 τῶν
3484 2230 3749 2299 ῥημάτων

2181 2329 2424 2400 εὐφημία
2451 2329 2628 2381 πᾶσαν
2659 2327 2903 2397 κατάραν
2951 2325 3244 2392 ἐπάγουσιν
3287 2320 3467 2375 αὐτῶν
3502 2322 3568 2389 τῇ
3609 2319 3746 2388 ζωῇ,

2183 2423 2462 2483 ὑποδίκους
2503 2423 2698 2484 αὑτοὺς
2736 2423 2802 2491 τῇ
2834 2420 3028 2490 αἱωνίᾳ
3078 2417 3400 2488 κατακρίσει
3436 2414 3547 2487 (89.)
3577 2413 3646 2467 δι’
3673 2407 3750 2466 ὧν

2183 2515 2528 2583 ἀποδέχονται
2579 2512 2960 2572 καθιστῶντες.
3018 2506 3184 2563 Πάλιν
3237 2511 3302 2580 τῇ
3362 2509 3507 2577 ψυχῇ
3568 2504 3752 2558 διαλέ-

2182 2623 2354 2674 γεται,
2389 2603 2485 2673 τὴν
2520 2603 2797 2672 ὑποταγὴν
2832 2603 3001 2670 αὑτῆς
3034 2599 3130 2670 τὴν
3173 2601 3308 2670 πρὸς
3339 2599 3429 2650 τὸν
3451 2598 3581 2650 Θεὸν
3631 2598 3752 2647 ἐπι-

2182 2699 2386 2751 τείνων.
2423 2694 2595 2763 Πλὴν
2626 2693 2706 2758 τῷ
2740 2692 2879 2757 Θεῷ,
2916 2691 3099 2762 φησὶν,
3134 2689 3477 2758 ὑποτάγηθι,
3508 2690 3546 2754 ἡ
3577 2687 3748 2754 ψυχή

2177 2805 2318 2855 μου.
2367 2787 2455 2840 ὅτι
2503 2783 2636 2851 παρ’
2661 2782 2845 2836 αὑτοῦ
2871 2781 2982 2849 (85)
3007 2782 3044 2846 ἡ
3078 2776 3349 2847 ὑπομονὴ
3373 2793 3512 2845 μου.
3554 2773 3751 2825 Ἐνδεί-

2183 2897 2373 2931 κνυται
2398 2879 2458 2930 τὸ
2489 2874 2713 2946 μέγεθος
2743 2873 2850 2925 τῶν
2877 2869 3216 2942 πειρασμῶν,
3251 2869 3342 2922 καὶ
3367 2868 3426 2920 τὸ
3453 2865 3543 2919 τοῦ
3591 2865 3752 2917 Ἀπο-

2185 2971 2370 3024 στόλου
2429 2969 2621 3036 λέγει·
2683 2968 2764 3018 ὅτι
2821 2965 2920 3017 οὑκ
2983 2964 3131 3016 ἐάσει
3182 2963 3327 3032 ἡμᾶς
3385 2958 3749 3030 πειρασθῆναι

2184 3062 2319 3130 ὑπὲρ
2361 3059 2388 3111 ὃ
2435 3057 2709 3126 δυνάμεθα
2763 3056 3102 3123 ὑπενεγκεῖν.
3148 3053 3287 3119 Hap’
3331 3050 3518 3104 αὑτοῦ
3562 3049 3669 3118 γὰρ
3711 3050 3749 3115 ἠ

2185 3149 2451 3221 ὑπομοντῇ
2482 3167 2598 3218 μου

2259 3246 2310 3298 4.
2343 3243 2470 3297 Ἐπὶ
2492 3240 2570 3306 τῷ
2599 3236 2718 3305 Θεῷ
2738 3237 2800 3291 τὸ
2823 3234 3119 3303 σωτήριόν
3143 3253 3260 3304 μου
3279 3233 3374 3286 καὶ
3389 3233 3426 3298 ἠ
3444 3230 3594 3295 δόξα
3609 3247 3747 3299 μου·

2189 3339 2222 3388 o’
2253 3334 2394 3399 Θεὸς
2425 3332 2533 3400 τῆς
2547 3330 2830 3398 ,βοηθείας
2843 3345 2984 3397 μου,
3013 3325 3113 3378 καί
3141 3327 3178 3394 ἠ
3213 3325 3386 3389 ἐλπίς
3410 3340 3527 3392 μου
3551 3321 3650 3374 ἐπὶ
3674 3316 3753 3384 τῷ

2189 3425 2329 3490 Θεῷ.
2358 3424 2639 3494 Μακάριος
2678 3425 2706 3474 6
2733 3419 2919 3490 μηδενὶ
2947 3419 3053 3489 (84)
3078 3417 3184 3470 τῶν
3207 3417 3349 3471 κατὰ
3369 3417 3458 3468 τὸν
3486 3414 3600 3484 βίον
3622 3413 3753 3482 ὑψη-

2187 3518 2293 3570 λῶν
2338 3514 2797 3583 ὲπαγαλλόμενος,
2849 3510 2985 3565 ἀλλὰ
3036 3510 3169 3563 Θεὸν
3224 3509 3361 3578 ἔχων
3411 3509 3509 3578 τὴν
3558 3504 3753 3560 ἑαυτοῦ

2188 3609 2342 3676 δόξαν
2363 3625 2378 3639 ⁸
2411 3610 2439 3662 6
2471 3607 2730 3677 καύχημα
2770 3603 2905 3674 ἔχων
2957 3601 3150 3656 ἑαυτοῦ
3180 3601 3270 3654 τὸν
3303 3600 3532 3668 Χριστόν
3558 3615 3570 3627 ν
3601 3598 3629 3647 6
3668 3597 3755 3648 δυ-

2191 3699 2417 3768 νάμενος
2440 3696 2616 3764 λέγειν
2639 3691 2780 3746 κατὰ
2803 3693 2892 3743 τὸν
2922 3689 3260 3742 Ἀπόστολον·
3290 3686 3442 3754 Ἐμοὶ
3473 3685 3540 3737 δὲ
3556 3685 3641 3753 μὴ
3663 3686 3752 3752 γέ-

2191 3809 2351 3844 νοιτο
2373 3788 2705 3858 καυχᾶσθαι
2726 3787 2774 3837 εί
2793 3782 2876 3851 μὴ
2902 3782 2969 3832 ἐν
2989 3779 3066 3843 τῷ
3094 3777 3330 3845 σταταῬῷ
3346 3778 3450 3829 τοῦ
3469 3776 3748 3844 Χριστοῦ.

2191 3882 2303 3933 Νῦν
2332 3881 2389 3932 δὲ
2422 3879 2603 3931 πολλοὶ
2635 3876 2734 3945 μὲν
2756 3870 3119 3934 ὲνδοξάζονται
3151 3868 3380 3940 σώματι,
3401 3872 3447 3922 οἱ
3477 3870 3604 3939 περὶ
3630 3870 3756 3932 τοὺς

2191 3971 2489 4040 γυμνικοὺς
2535 3965 2887 4036 ἐσχολακὸτες
2926 3962 3164 4030 ἀγῶνας,
3206 3963 3236 4031 ἢ
3281 3962 3416 4026 ὅλως
3469 3964 3515 4014 οἱ
3563 3963 3654 4015 ἐπὶ
3685 3965 3751 4032 τῇ

2192 4064 2340 4132 ἀκμῇ
2355 4061 2451 4130 τῆς
2480 4058 2692 4128 ἡλικίας
2711 4053 3045 4126 σφριγῶντες
3071 4053 3201 4122 (8ἲ))·
3235 4053 3416 4105 πολλοὶ
3435 4053 3492 4105 δὲ
3520 4056 3586 4123 τῇ
3613 4055 3754 4107 κατὰ

2191 4156 2313 4216 τοὺς
2346 4151 2612 4221 πολέμους
2643 4148 2852 4218 ἀνδρίᾳ,
2888 4147 2937 4198 οἱ
2971 4146 3065 4198 καὶ
3094 4144 3151 4196 τὸ
3197 4147 3438 4212 φονεύειν
3471 4144 3595 4204 τοὺς
3628 4144 3754 4209 ὀμο-

2194 4246 2389 4315 φύλους
2419 4241 2617 4313 ἀρετὴν
2668 4238 2958 4307 τιθέμενοι.
2997 4235 3061 4288 Ἠ
3088 4235 3194 4306 γὰρ
3229 4236 3285 4286 ἐν
3331 4237 3439 4298 τοῖς
3494 4231 3750 4302 πολέμοις

2195 4338 2438 4411 ἀριστεία
2465 4335 2559 4388 καὶ
2584 4333 2653 4386 τά
2680 4332 2915 4404 τρόπαια
2953 4328 3059 4383 ὑπὸ
3092 4328 3397 4399 στρατηγοῦ
3422 4328 3514 4380 καὶ
3544 4327 3753 4380 πόλεων

2199 4429 2516 4499 ἐγειρόμενα
2554 4425 2694 4477 κατὰ
2742 4424 2841 4493 τὴν
2869 4421 2959 4474 τοῦ
2993 4422 3236 4490 φονεύειν
3265 4420 3576 4490 περιουσίαν
3606 4420 3752 4486 γίνε-

547 4519 725 4558 muros
755 4521 768 4557 ε
802 4504 892 4558 alii
923 4506 989 4559 ob
1011 4506 1415 4574 aquaeduclunm
1441 4517 1761 4574 structuras,
1796 4520 1849 4563 ct
1876 4527 2081 4580 magno

2199 4537 2308 4571 ται.
2351 4515 2530 4568 ’Ἄλλοι
2559 4513 2888 4574 δοξάζονται,
2917 4511 3068 4578 τείχη
3097 4510 3281 4561 πόλεσι
3315 4507 3751 4577 περιϐάλλοντες

615 4664 660 4695 ³³
685 4663 705 4718 l
732 4663 855 4717 Cor.
893 4679 986 4731 vn,
1015 4665 1105 4720 25.
1181 4669 1226 4701 “
1251 4668 1393 4725 Psal.
1435 4687 1545 4731 ut.
1581 4671 1635 4724 5.

545 4861 712 4915 ταῦτα
736 4860 926 4930 συνέϐη
961 4861 1190 4930 χρόνοις,
1217 4861 1356 4913 ὥστε
1384 4861 1502 4914 ἀντὶ
1525 4861 1640 4923 τοῦ,
1671 4861 1738 4913 ἐν
1765 4861 1994 4928 ψεύδει,
2017 4861 2086 4915 ἐν

543 4931 701 4997 δίψει
728 4933 1021 4998 γραφῆναι.
1048 4949 1066 4979 ‹
1099 4930 1449 4998 Cucurrerunt
1477 4934 1528 4982 in
1552 4933 1660 4993 siti,
1686 4948 1852 4982 nteant
1879 4947 2086 4984 cernere

541 4997 818 5068 perniciem
845 4997 1088 5051 sitientes.
1127 4997 1232 5050 Pro
1264 5001 1353 5050 illo
1385 5009 1575 5063 autent,
1611 5020 1628 5050 ι
1663 5002 1711 5051 in
1736 5001 1847 5064 siti,
1874 5001 2085 5067 Aquila,

545 5072 596 5121 in
627 5068 864 5134 fallacia;
903 5068 1240 5136 Symmachus
1287 5084 1420 5128 vero,
1455 5070 1504 5120 in
1550 5069 1861 5131 mendacio;
1897 5071 2084 5136 quinta

542 5140 723 5199 editio.
751 5140 801 5192 in
833 5139 998 5206 falso;
1039 5148 1084 5189 et
1121 5137 1229 5188 alia
1250 5137 1369 5188 item
1391 5138 1567 5199 editio,
1593 5139 1644 5190 in
1671 5139 1810 5203 dolo,
1830 5141 2085 5206 interpre-

543 5209 640 5257 tati
675 5217 812 5261 sunt.
856 5205 1146 5259 Verisimile
1172 5209 1348 5274 itaque
1378 5215 1450 5258 est
1492 5209 1546 5258 in
1577 5217 1754 5259 nostra
1785 5225 1983 5276 quoque
2014 5209 2085 5259 le-

542 5277 710 5327 ctione
738 5278 960 5341 positum
995 5277 1160 5342 primo
1182 5277 1362 5343 fuisse,
1395 5277 1445 5327 in
1487 5277 1788 5342 mendacio,
1814 5282 1887 5328 ita
1916 5289 1968 5328 ut
2006 5277 2086 5329 di-

542 5355 759 5405 ceretur,
799 5355 1149 5397 cucurrerunt
1177 5347 1226 5396 in
1267 5347 1562 5408 mendacio,
1589 5347 1640 5397 id
1679 5357 1776 5410 est,
1809 5349 2010 5399 inimici
2037 5357 2081 5398 et

543 5413 879 5467 insidiatores
910 5415 1027 5476 mei,
1061 5430 1161 5466 non
1188 5416 1315 5467 duce
1349 5415 1584 5478 veritate,
1623 5417 1711 5467 sed
1734 5432 1849 5467 cum
1881 5433 1988 5468 sese
2017 5427 2089 5467 to-

541 5494 621 5534 tos
660 5486 930 5536 mendacio
967 5485 1323 5546 tradidissent,
1360 5501 1567 5536 cursum
1590 5497 1633 5537 et
1666 5487 1896 5537 studium
1937 5501 2086 5536 suum

542 5563 725 5603 contra
764 5569 842 5605 me
879 5554 1179 5606 direxerant
1219 5567 1238 5605 .'
1276 5557 1364 5605 sed
1413 5554 1738 5621 sequentibus
1774 5557 2088 5622 temporibus

542 5625 695 5685 l7psu
722 5625 962 5688 graphice
989 5639 1081 5689 pro
1113 5624 1226 5684 illo,
1254 5624 1310 5673 ὲν
1342 5622 1545 5690 ψεύδει,
1600 5625 1651 5676 in
1693 5626 1994 5688 mendacio,
2034 5626 2090 5675 ὲν

541 5691 702 5758 iiber,
734 5693 783 5742 in
818 5693 924 5751 siti,
956 5697 1180 5754 positum
1212 5693 1389 5758 fuisse.

615 5761 723 5822 irit)
762 5761 928 5812 Editiu
954 5761 1123 5815 Paris.
1161 5763 1337 5813 πολλοί
1363 5766 1496 5816 εἰσιν
1525 5765 1596 5819 οἱ.
1635 5763 1790 5818 Deest
1827 5765 1874 5815 oi
1913 5765 1961 5816 in
1987 5764 2094 5817 edi-

1714 4670 1758 4701 ³⁸
1797 4671 1813 4724 Ι
1841 4671 1964 4726 Cor.
1999 4671 2172 4733 3,13.

2249 4671 2292 4703 ³⁸
2325 4669 2502 4724 Gulat.
2547 4682 2620 4730 γι,
2656 4665 2743 4717 14.

2194 4860 2337 4912 tione
2368 4858 2528 4912 Basil.
2563 4868 2615 4913 et
2642 4861 2693 4913 in
2721 4859 2957 4928 quinque
2994 4873 3122 4914 mss.
3154 4857 3346 4913 Statim
3385 4860 3517 4930 Reg.
3561 4861 3749 4916 tertius

2193 4929 2504 4998 άκαταπόνη
2513 4947 2620 4981 τον.

2266 5001 2375 5065 (82)
2413 4996 2644 5051 Ita'mss.
2680 4999 2919 5069 plerique
2959 5012 3166 5052 omnes.
3198 4996 3338 5051 Editi
3368 4999 3567 5068 κρίσει.

2263 5069 2370 5138 (85)
2402 5069 2490 5120 Sic
2519 5069 2644 5120 editi
2678 5087 2797 5122 cum
2832 5069 2964 5138 Reg.
2998 5080 3150 5122 sexto
3181 5079 3235 5122 et
3257 5085 3376 5121 cum
3401 5069 3552 5121 Colb.
3572 5070 3750 5122 tertio.

2191 5140 2259 5190 At
2291 5138 2441 5209 multi
2467 5153 2595 5209 mss.
2630 5149 2683 5192 et
2717 5142 2802 5192 hic
2841 5150 2895 5192 et
2927 5139 3082 5205 paulo
3106 5148 3217 5203 post
3245 5139 3372 5208 παρ’
3404 5138 3574 5209 αὐτῷ,
3609 5140 3753 5193 Sub-

2192 5210 2314 5261 inde
2363 5208 2526 5260 e.litio
2589 5209 2753 5264 liasil.
2778 5219 2832 5262 et
2863 5222 3089 5276 quatuor
3116 5225 3242 5260 mss.
3275 5209 3368 5260 καὶ
3397 5209 3456 5259 τὸ
3480 5208 3594 5259 τοῦ.
3630 5209 3754 5262 Edi-

2194 5288 2267 5330 lto
2309 5278 2478 5329 Paris.
2510 5293 2628 5329 cum
2654 5296 2759 5332 uno
2797 5289 2888 5329 aut
2913 5279 3080 5329 altero
3117 5294 3212 5328 ms.
3245 5279 3339 5328 καὶ
3364 5279 3431 5329 τὰ
3460 5277 3574 5329 τοῦ.

2261 5347 2373 5414 ι84)
2399 5347 2488 5398 Sic
2525 5361 2714 5400 novem
2739 5364 2866 5401 mss.
2895 5362 3015 5400 cum
3043 5349 3277 5400 editione
3305 5348 3463 5401 Basd.
3493 5347 3562 5399 At
3590 5347 3755 5399 editio

2191 5414 2365 5469 Paris.
2397 5415 2486 5465 ἐπὶ
2525 5415 2728 5485 μηδενί.

2265 5488 2374 5553 (85)
2409 5486 2626 5557 βοώσας
2660 5498 2770 5540 tres
2797 5502 2892 5556 pro
2914 5487 3251 5557 σφριγῶντες
3282 5488 3478 5539 habent
3506 5485 3756 5555 φρονοῦν-

2193 5572 2302 5617 τες.
2336 5555 2486 5626 (ᾇυιι).
2518 5565 2739 5626 quartus
2765 5555 3247 5626 μεγαφρονοῦντες.
3287 5558 3398 5610 Vox
3428 5573 3544 5621 quae
3573 5570 3756 5620 sequi-

2199 5636 2302 5681 tur.
2341 5624 2607 5694 ἀριστεία,
2642 5624 3045 5694 fere-significat
3074 5626 3462 5686 fortitudinem,
3489 5634 3579 5676 aut
3617 5642 3753 5690 νηυ-

2197 5695 2398 5746 clarum
2427 5693 2688 5766 facinus;
2713 5697 2802 5748 sed
2827 5693 2899 5747 ita
2921 5695 3260 5766 interpretati
3295 5712 3505 5761 sumus,
3538 5706 3594 5746 ut
3624 5711 3746 5746 scu-

2197 5779 2288 5816 sus
2310 5762 2577 5832 postulare
2605 5765 2902 5819 videbatur.
