4026 6452
275 373 378 427 477
1427 375 1702 436 HOMILIA
1745 379 1812 434 IN
1851 380 2182 438 PSALMUM
2223 382 2355 438 LXI.
3389 383 3492 439 478

275 490 370 542 καὶ
393 488 542 543 ἄλλοι
569 490 626 543 ἐν
655 487 982 562 ὑδραγωγῶν
999 499 1376 558 κατασκευαῖς.
1403 499 1495 551 καὶ
1520 503 1832 569 γυμνασίων
1861 551 1865 562 ,

1900 550 1906 560 _
1937 515 2052 553 rum
2080 501 2482 570 gymnasiorum
2509 498 2757 554 :cdiiicia.
2791 498 2882 554 llle
2914 513 3045 568 opes
3060 514 3259 555 suasm
3290 501 3490 557 bestia-

277 581 529 650 μεγάλων
559 581 1007 653 οίκοδομήμασιν.
1063 586 1119 637 '0
1163 586 1310 639 δεῖνα
1351 587 1408 640 δέ
1456 590 1547 642 τὸν
1603 589 1832 646 πλοῦτον

1936 589 2044 643 rios
2074 589 2371 652 insumens,
2397 598 2451 643 ct
2481 590 2636 643 vanis
2658 589 2974 659 populorum
3013 590 3491 650 acclamationibus

273 671 468 724 ἑαυτοῦ
486 672 550 741 θη
557 673 836 742 ριομάχοις
850 677 1312 745 προσαναλίσκων,
1327 681 1419 733 καὶ
1437 684 1555 745 ταῖς
1579 684 1834 752 ματαίαις

1933 681 2228 745 exsultans,
2255 681 2501 736 laudibus
2533 679 2767 746 inﬂatur,
2804 696 2865 736 ac
2897 683 3177 751 magniﬁce
3198 686 3264 737 de
3286 699 3345 738 se
3373 700 3492 740 sen-

272 762 380 814 τῶν
399 763 584 832 δήμων
601 766 802 830 φωναῖς
829 766 1277 836 ἐπαγαλλόμενος,
1302 773 1532 838 φυσᾶται
1548 776 1658 836 τοῖς
1678 775 1783 826 ἐπα
1792 774 1834 826 ί-

1935 775 2000 827 tit
2030 783 2163 835 tum.
2183 788 2302 827 cum
2327 773 2549 841 gloriam
2579 773 2630 826 in
2663 788 2758 827 sua
2789 774 3120 842 turpitudine
3153 775 3379 830 collocat
3400 777 3446 809 ⁸⁷
3472 789 3489 833 :

273 869 404 915 νοις,
439 853 532 904 καὶ
569 853 708 922 μέγα
728 858 931 924 φρονεῖ,
954 855 1052 925 τὴν
1081 857 1236 923 δόξαν
1270 859 1408 930 ἔχων
1429 864 1487 914 ἐν
1509 867 1574 934 τῇ
1601 865 1828 936 αίσχύνῃ

1931 868 2025 935 qui
2057 866 2217 918 etiam
2252 865 2305 918 in
2351 865 2658 932 patentibus
2686 865 2836 919 urbis
2864 865 2997 920 locis
3027 881 3180 920 suum
3210 875 3486 934 peccatum

273 943 438 996 αὑτοῦ
462 960 474 970 '
503 944 560 1006 ὃς
588 960 649 1011 γε
681 945 771 997 καὶ
803 946 1075 1016 ἔγγραφον
1124 952 1180 1003 ἐν
1222 955 1332 1016 τοῖς
1363 957 1685 1025 περιφανέσι
1732 959 1831 1028 τῆς

1934 957 2131 1011 tabulis
2160 956 2475 1023 inscriptum
2510 963 2762 1010 ostentat.
2799 954 3034 1010 Eﬂertur
3072 958 3210 1012 alius
3253 961 3322 1013 ob
3348 960 3486 1012 divi-

273 1035 480 1097 πόλεως
505 1035 600 1106 τὴν
625 1036 813 1089 ἑαυτοῦ
832 1039 1102 1110 ἁμαρτίαν
1121 1042 1214 1095 ἐπὶ
1235 1044 1344 1098 τῶν
1366 1049 1607 1102 πινάκων
1625 1050 1829 1102 δείκνυ-

1933 1049 2034 1102 tias
2062 1067 2074 1102 :
2099 1049 2256 1113 alius,
2283 1047 2424 1117 quod
2471 1048 2654 1103 rhetor
2682 1048 2751 1101 sit
2785 1048 3029 1111 callidus,
3061 1060 3115 1103 et
3143 1051 3485 1115 invincibilis,

275 1144 377 1179 σιν.
413 1127 604 1191 Ἀλλος
638 1130 727 1180 ἐπὶ
760 1128 971 1199 πλούτῳ
1015 1133 1127 1202 (86)
1178 1134 1456 1201 δοξάζεται
1482 1155 1496 1169 ο
1533 1141 1625 1192 καὶ
1651 1141 1826 1208 ἄλλος,

1931 1151 2023 1193 aut
2057 1141 2341 1194 mundana:
2388 1141 2666 1209 sapientia:
2715 1142 2938 1210 peritus.
2973 1142 3212 1208 Quorum
3246 1148 3485 1198 omnium

270 1219 353 1270 ὃτι
381 1219 562 1290 ῥήτωρ
585 1221 700 1270 ἐστὶ
729 1219 898 1284 δεινός
929 1239 1012 1285 τις
1031 1224 1123 1276 καὶ
1150 1225 1386 1296 ἄμαχος,
1410 1230 1441 1299 ἢ
1473 1230 1569 1300 τῆς
1585 1232 1722 1284 κατὰ
1740 1233 1829 1286 τὸν

1931 1229 2113 1296 gloriae
2139 1231 2384 1284 misereri
2409 1247 2505 1300 par
2543 1232 2723 1296 fuerit,
2760 1243 2814 1286 et
2838 1234 3022 1287 beatos
3055 1233 3349 1300 praedicare
3371 1250 3485 1300 eos,

271 1310 475 1381 κόσμον
529 1311 718 1379 σοφίας
767 1312 1046 1386 ἔμπειρος.
1091 1313 1190 1369 Ὧν
1248 1320 1462 1374 πάντων
1515 1323 1684 1377 ἐλεεῖν
1729 1327 1828 1396 τὴν

1930 1321 2019 1388 qui
2050 1322 2212 1374 Deum
2261 1336 2412 1375 suam
2451 1321 2690 1391 ipsorum
2727 1323 2953 1390 gloriam
3007 1325 3355 1382 constituunt.
3394 1327 3485 1381 El-

267 1401 425 1466 δόξαν
455 1403 696 1473 προσῆκε
717 1419 730 1433 ⁸
770 1407 1095 1477 μακαρίζειν
1125 1409 1181 1460 δὲ
1197 1412 1321 1474 τοὺς
1350 1413 1439 1465 τὸν
1467 1415 1598 1468 Θεὸν
1620 1417 1830 1471 ἑαυτῶν

1933 1414 2075 1466 enim
2108 1414 2152 1467 si
2187 1413 2309 1482 quis
2332 1428 2452 1467 sese
2485 1413 3010 1482 ntagnuperejactat,
3030 1417 3169 1484 quod
3200 1430 3388 1472 servus
3414 1419 3487 1472 sit

266 1492 428 1559 δόξαν
460 1494 830 1563 ποιουμένους.
865 1499 925 1549 El
957 1497 1064 1568 γὰρ
1095 1501 1123 1551 ό
1155 1501 1300 1554 δεῖνα
1342 1504 1482 1572 μέγα
1509 1512 1713 1577 φρονεῖ,
1748 1509 1830 1562 ὅτι

1933 1505 2093 1575 regis,
2124 1514 2283 1574 atque
2307 1506 2359 1560 in
2398 1521 2592 1577 magno
2634 1507 2833 1560 honore
2859 1508 2998 1574 apud
3033 1524 3156 1561 eum
3196 1510 3481 1566 habeatur:

263 1577 450 1640 δοῦλός
470 1580 583 1630 ἐστι
612 1579 890 1649 βασιλέως,
928 1585 1236 1656 τιμώμενος
1265 1593 1394 1662 παρ’
1425 1595 1590 1647 αὐτοῦ
1635 1597 1702 1650 τὰ
1736 1615 1831 1667 με·

1932 1607 2186 1664 quantum
2245 1598 2496 1651 convenit
2542 1596 2756 1666 gloriari
2818 1605 2870 1652 te
2921 1598 3059 1665 apud
3116 1602 3485 1669 temetipsum,

265 1669 405 1736 γάλα
424 1685 437 1697 ·
470 1670 633 1723 πόσον
659 1689 740 1724 σοι
769 1675 1039 1744 προσῆκεν
1069 1678 1161 1731 ἐπὶ
1198 1683 1381 1752 σαυτῷ
1413 1687 1827 1755 μεγαλύνεσθαι,

1932 1689 2071 1757 quod
2091 1689 2249 1757 Regis
2287 1689 2462 1756 magni
2494 1703 2680 1743 servus
2703 1704 2781 1752 es,
2811 1690 2877 1743 ab
2899 1689 3012 1756 ipso
3029 1690 3233 1744 accitus
3255 1693 3319 1745 ad
3343 1709 3490 1748 sum-

262 1761 347 1812 ὅτι
369 1760 550 1851 δοῦλος
567 1758 617 1815 εἴ
632 1764 724 1816 τοῦ
754 1767 986 1834 μεγάλου
1012 1770 1302 1836 Βασιλέως,
1323 1775 1683 1847 προσκληθεὶς
1700 1783 1828 1851 παρ’

1936 1793 2074 1831 mam
2106 1777 2553 1841 familiaritatem,
2593 1776 2966 1846 promissionis
2996 1777 3196 1846 Spiritu
3225 1791 3484 1850 accepto:

262 1849 430 1906 αὐτοῦ
456 1857 534 1916 εἰς
563 1855 659 1927 τὴν
693 1858 865 1928 ἄκραν
896 1861 1186 1924 οίκείωσιν,
1207 1864 1385 1917 λαϐὼν
1405 1867 1464 1919 τὸ
1487 1869 1705 1937 Πνεῦμα
1729 1871 1826 1940 τῆς

1894 1852 1898 1893 ⁵
1928 1880 1985 1921 ut
2014 1871 2064 1921 in
2094 1869 2209 1936 ipso
2231 1870 2559 1939 obsignatus,
2585 1844 2672 1923 ὑεῖ
2704 1844 3128 1924 ﬁliuseﬂiciare‘!
3148 1869 3277 1925 Cum
3309 1844 3484 1928 autem

261 1946 614 2016 ἐπαγγελίας,
655 1949 793 2002 ὥστε
829 1953 1181 2022 σφραγισθεὶς
1203 1957 1260 2006 ἐν
1281 1957 1427 2026 αὐτῷ
1457 1959 1569 2022 υίὸς
1607 1961 1823 2013 ἀποδει-

1925 1958 2153 2011 sincera:
2183 1960 2232 2010 in
2269 1958 2433 2011 Deum
2469 1961 2583 2029 spei
2614 1959 2902 2015 utilitatem
2923 1961 2975 2014 in
3007 1962 3298 2032 semetipso
3322 1978 3484 2028 agno-

261 2041 458 2113 χθῆναι
470 2044 623 2111 Θεοῦ;
643 2045 920 2115 Ἐνέαυτῷ
933 2047 987 2098 δὲ
1004 2046 1161 2113 γνοὺς
1180 2046 1287 2115 (87)
1307 2047 1366 2100 τὸ
1387 2048 1575 2116 ὄφελος
1588 2049 1684 2118 τῆς
1701 2068 1826 2123 γνη-

1924 2058 2098 2103 sceret
2122 2047 2411 2117 PrOpheta,
2438 2047 2691 2118 populum
2721 2050 2788 2103 ad
2829 2063 3010 2119 parem
3044 2065 3228 2105 secum
3262 2053 3485 2105 aemula-

262 2135 386 2198 σίας
402 2137 491 2189 ἐπὶ
515 2138 646 2189 Θεὸν
659 2138 889 2200 ἐλπίδος,
909 2139 999 2190 ἐπὶ
1017 2138 1106 2192 τὸν
1128 2140 1239 2192 ἴσον
1261 2141 1452 2194 ἑαυτοῦ
1470 2141 1630 2211 ζῆλον
1647 2162 1824 2214 παρα-

1927 2142 2123 2196 tionem
2151 2142 2341 2195 invitat
2365 2140 2549 2194 dicens
2579 2158 2593 2193 :
2626 2139 2788 2194 Vens.
2821 2139 2873 2195 9.
2894 2138 3114 2209 Sperate
3137 2143 3189 2192 in
3209 2157 3290 2207 eo,
3312 2144 3484 2197 omnis

262 2226 417 2279 καλεῖ
443 2227 531 2280 τὸν
556 2227 701 2289 λαὸν,
734 2226 924 2295 λέγων·
953 2229 1271 2284 Ἐλπίσατε
1296 2233 1387 2284 ἐπ’
1417 2233 1618 2297 αὐτὸν,
1659 2233 1826 2288 πᾶσα

1924 2237 2252 2303 congregatio
2266 2233 2598 2302 papulorum,
2622 2233 2874 2301 effundite
2893 2249 3069 2286 coram
3094 2233 3185 2286 illo
3203 2235 3361 2287 corda
3396 2251 3482 2289 uec

259 2318 582 2386 συναγωγὴ
616 2318 800 2384 λαῶν,
830 2320 1073 2390 ἐκχέατε
1094 2321 1203 2393 (88)
1230 2323 1482 2378 ἐνώπιον
1507 2327 1690 2380 αὐτοῦ
1721 2326 1824 2391 τὰς

1921 2336 2049 2378 atra.
2086 2324 2225 2378 Fieri
2277 2340 2382 2376 non
2431 2334 2634 2392 potest,
2682 2335 2740 2378 ut
2788 2326 2983 2378 divinae
3029 2327 3214 2394 gratia:
3258 2340 3484 2395 capaces

259 2410 506 2478 καρδίας
511 2412 703 2482 1ὑμῶν.
723 2415 1022 2488 Ἀμήχανόν
1034 2420 1148 2472 ἐστι
1164 2422 1498 2491 χωρητικοὺς
1514 2423 1656 2492 ἡμᾶς
1673 2423 1823 2491 γενέ-

1923 2415 2230 2480 reddamur,
2262 2413 2362 2467 nisi
2397 2412 2615 2467 malitite
2645 2412 2980 2481 aﬂ'ectiones,
3011 2429 3131 2482 quae
3152 2417 3363 2469 animas
3387 2431 3483 2469 n0-

261 2502 386 2556 σθαι
410 2508 508 2576 τῆς
539 2506 688 2571 θείας
713 2510 930 2580 χάριτος
949 2511 1023 2582 μὴ
1057 2513 1124 2565 τὰ
1150 2513 1256 2565 ἀπὸ
1293 2512 1489 2574 κακίας
1520 2514 1665 2584 πάθη
1693 2533 1822 2585 προ-

1923 2515 2062 2560 stras
2107 2511 2525 2573 occupaverant,
2573 2501 2959 2572 expulerimus.
3005 2503 3142 2557 Novi
3172 2519 3273 2573 ego
3309 2507 3479 2559 medi-

259 2598 602 2669 κατασχόντα
643 2601 737 2662 τὰς
793 2601 969 2669 ψυχὰς
1018 2603 1174 2672 ἡμῶν
1229 2604 1606 2669 ἐξελάσαντας.
1667 2603 1821 2662 Εἶδον

1923 2612 2036 2662 cos,
2069 2597 2160 2665 qui
2185 2611 2292 2649 non
2319 2596 2472 2664 prius
2487 2592 2742 2648 salutaria
2765 2593 3153 2648 medicamenta
3175 2594 3481 2660 tradebant,

260 2691 481 2760 ίατροὺς
501 2689 610 2756 ἐγὼ
645 2690 717 2760 μὴ
746 2692 1006 2761 πρότερον
1045 2693 1282 2758 διδόντας
1319 2696 1387 2750 τὰ
1426 2700 1664 2770 σωτήρια
1693 2700 1823 2770 φάρ-

1923 2704 2080 2756 quam
2124 2687 2405 2742 materiam
2460 2686 2757 2740 morbidam
2790 2701 2885 2755 per
2930 2687 3190 2741 vomitum
3222 2703 3482 2741 evacuas-

259 2796 433 2847 μακα,
476 2781 604 2848 πρὶν
629 2783 844 2852 ἐμετοῖς
875 2785 1216 2840 ἀποκενῶσαι
1249 2789 1345 2860 τὴν
1371 2793 1643 2846 νοσοποιὸν
1669 2793 1818 2862 ὕλην,

1921 2790 2060 2844 scut,
2115 2794 2274 2847 quam
2315 2778 2738 2844 intemperantes
2784 2777 2856 2829 illi
2900 2791 2965 2830 ex
3009 2781 3149 2832 malo
3191 2779 3332 2831 victu
3378 2779 3478 2832 sibi

256 2868 328 2936 ἣν
357 2869 422 2919 ἐκ
461 2871 700 2940 πονηρᾶς
728 2870 934 2943 διαίτης
966 2875 1178 2940 ἑαυτοῖς
1219 2879 1266 2931 ol
1307 2879 1594 2934 ἀκόλαστοι
1654 2884 1820 2934 ἐναπ-

1921 2877 2261 2938 pepererant.
2297 2866 2406 2921 Sed
2437 2875 2489 2921 et
2536 2866 2588 2919 in
2617 2881 2713 2921 vas
2754 2868 3082 2936 graveolenti
3117 2869 3370 2938 quopiam
3417 2869 3484 2921 li-

258 2958 463 3011 ἐθεντο.
519 2960 675 3014 Ἀλλά
702 2963 794 3015 καὶ
849 2963 1067 3032 ἀγγεῖον
1125 2969 1663 3040 προκατειλημμένον
1719 2972 1821 3024 ὑπό

1921 2974 2091 3030 quore
2124 2960 2415 3022 imbutum,
2446 2957 2546 3012 nisi
2575 2957 2980 3024 fueritelotnm,
3013 2971 3344 3030 unguentum
3374 2976 3479 3014 non

255 3066 402 3113 τινος
429 3050 692 3116 δυσώδους
726 3055 912 3125 ὑγροῦ,
947 3055 1018 3125 μὴ
1043 3055 1358 3121 ἐκπλυνθέν,
1400 3059 1462 3113 οὐ
1493 3059 1565 3131 μὴ
1606 3061 1821 3132 δέξηται

1922 3051 2241 3106 infunditur.
2298 3051 2370 3104 Ea
2425 3063 2553 3119 ergo
2609 3065 2729 3118 quae
2799 3050 2951 3119 prius
3004 3051 3236 3116 inerant,
3281 3050 3477 3107 eﬁ'undi

255 3140 352 3193 τοῦ
388 3140 557 3210 μύρου
604 3143 703 3214 τὴν
750 3147 1028 3214 ἐπιρροήν.
1076 3148 1166 3199 Δεῖ
1211 3150 1388 3204 τοίνυν
1426 3151 1719 3224 ἐκχυθῆναι
1755 3156 1821 3209 τὰ

1921 3150 2151 3210 Oportet,
2190 3152 2250 3196 ut
2275 3155 2394 3209 quae
2438 3140 2822 3204 immittuntur,
2853 3141 3015 3211 recipi
3053 3143 3278 3211 possint.
3319 3141 3478 3197 Vens.

255 3195 698 3316 προῦπάρχοντά,
737 3195 1073 3309 ἴναῦδυνιηθῇ
1132 3243 1446 3314 χωρηθῆναι
1494 3195 1569 3298 2a

1926 3195 2011 3287 li).
2061 3195 2423 3285 Verumta'men
2463 3232 2582 3283 uani
2639 3231 2736 3290 ﬁlii
2800 3195 3085 3285 Itomt'n‘um'.
3158 3230 3316 3286 Novit
3373 3249 3481 3288 non

259 3338 416 3390 μενα.
441 3311 612 3388 Πλὴν
628 3323 859 3389 μάταιοι
876 3330 928 3380 οἱ
945 3329 1060 3381 υἱοὶ
1079 3330 1197 3384 τῶν
1217 3311 1561 3402 ακθρώπων.
1591 3333 1710 3390 Είδε

1922 3337 2108 3379 omnes
2139 3337 2294 3375 suum
2332 3323 2482 3390 sequi
2511 3325 2794 3386 monitum,
2827 3337 2998 3389 neque
3043 3337 3192 3389 spem
3229 3323 3280 3377 in
3315 3323 3480 3378 Deum

256 3412 465 3474 πάντας
489 3413 910 3484 ἀκολουθοῦντας
946 3422 1108 3475 αὑτοῦ
1144 3424 1218 3495 τῷ
1244 3427 1654 3497 παραγγέλματι
1683 3427 1814 3498 (89),

1922 3417 2212 3483 suscipere,
2241 3415 2335 3468 sed
2365 3429 2515 3484 spem
2555 3428 2816 3483 reponere.
2842 3413 2897 3467 in
2927 3413 3089 3481 hujus
3116 3414 3242 3468 vita:
3272 3414 3481 3469 vanita-

253 3501 398 3570 μηδὲ
440 3504 898 3578 καταδεχομένους
951 3512 1188 3578 ἐλπίζειν
1235 3515 1328 3566 ἐπὶ
1363 3515 1451 3567 τὸν
1492 3514 1646 3580 Θεὸν,
1701 3517 1816 3571 ἀλλ’

1925 3509 2084 3563 tibus.
2116 3507 2322 3561 Idcirco
2345 3507 2421 3559 ait
2455 3522 2468 3557 :
2511 3503 2874 3559 Verumtamen
2902 3508 3018 3559 vani
3055 3507 3158 3572 ﬁlii
3189 3507 3480 3573 hominum,

255 3594 478 3663 ἔχοντας
527 3597 624 3670 τὴν
663 3601 852 3655 ἐλπίδα
894 3605 986 3655 ἐπὶ
1027 3605 1094 3658 τὰ
1132 3607 1332 3675 μάταια
1381 3606 1473 3659 τοῦ
1529 3607 1665 3678 βίου.
1720 3609 1817 3664 Διὰ

1921 3603 2193 3656 mendaces
2221 3600 2320 3668 ﬁlii
2358 3599 2642 3651 hominum.
2671 3597 2778 3651 Cur
2806 3597 2966 3650 vani?
3003 3597 3138 3662 Quia
3173 3599 3478 3654 mendaces.

253 3685 412 3738 τοῦτό
439 3705 590 3758 φησι·
644 3691 819 3757 Πλὴν
842 3692 1077 3760 μάταιοι
1110 3698 1164 3747 οι
1193 3697 1308 3748 υἱοί
1333 3695 1451 3749 τῶν
1472 3699 1815 3766 ἀνθρώπων,

1925 3692 2151 3746 Ubinam
2185 3690 2416 3742 maxime
2442 3687 2777 3741 mendacium
2798 3703 2986 3743 eorum
3009 3691 3472 3759 deprehenditur?

254 3776 502 3844 ψευδεῖς
547 3783 601 3832 οἱ
639 3783 753 3835 υἱοὶ
801 3784 918 3835 τῶν
962 3784 1304 3853 ἀνθρώπων.
1333 3790 1429 3843 Διά
1470 3791 1523 3843 τί
1553 3792 1814 3862 μάταιοι;

1924 3784 1987 3836 In
2016 3783 2244 3846 stateris,
2277 3779 2471 3849 inquit,
2507 3779 2574 3832 ad
2613 3780 2971 3846 fraudandum
3000 3783 3174 3851 factis.
3206 3785 3280 3837 De
3304 3783 3481 3853 quali—

269 3867 485 3939 Ἐπειδὴ
538 3871 767 3938 ψευδεῖς.
823 3875 932 3927 Ποῦ
985 3876 1215 3946 μάλιστα
1268 3882 1446 3935 αὐτῶν
1497 3884 1558 3936 τὺ
1625 3883 1816 3952 ψεῦδος

1923 3876 2019 3929 hus
2053 3873 2269 3927 stateris
2314 3871 2587 3941 loquitur?
2618 3870 2867 3941 Nunquid
2906 3873 3050 3926 enim
3103 3889 3291 3930 omnes
3320 3877 3477 3946 197

253 3959 568 4031 ὲλέγχεται;
611 3963 710 4016 Ἐν
736 3964 947 4035 ζυγοῖς,
976 3972 1126 4041 φησὶ,
1160 3973 1265 4026 τοῦ
1297 3973 1596 4041 ἀδικῆσαι.
1637 3977 1816 4041 Ποίοις

1923 3963 2163 4018 homines
2192 3969 2417 4015 utuntur
2442 3961 2705 4016 stateris?
2739 3976 2866 4015 num
2906 3977 3094 4018 omnes
3130 3965 3263 4019 lance
3287 3969 3478 4022 'vendi-

256 4051 390 4118 φησὶ
417 4050 597 4119 ζυγοῖς
614 4069 627 4116 ἓ
655 4053 743 4123 Μὴ
781 4056 888 4127 γὰρ
939 4061 1136 4122 πάντες
1157 4061 1429 4128 ἄνθρωποι
1457 4064 1816 4132 ζυγοστατοῦ-

1923 4066 2065 4110 tores
2091 4061 2236 4116 sunt,
2267 4060 2358 4106 aut
2391 4051 2712 4117 macellarii;
2737 4061 2828 4106 aut
2854 4067 3044 4107 aurum
3078 4066 3168 4107 aut
3197 4065 3475 4124 argentum

259 4158 346 4205 σι;
402 4144 474 4213 μὴ
511 4145 710 4208 πάντες
743 4147 1057 4216 ἐριοπῶλαι,
1105 4151 1136 4221 ἢ
1171 4153 1515 4223 κρεωπῶλαι,
1551 4156 1582 4227 ἢ
1619 4159 1813 4229 χρυσὸν

1923 4154 2174 4210 tractant,
2218 4152 2309 4196 aut
2344 4142 2566 4196 omnino
2594 4143 2645 4195 in
2693 4143 2839 4195 hisce
2876 4144 3118 4197 materiis
3158 4159 3374 4214 operam
3421 4157 3476 4200 et

253 4233 287 4302 ἦ
311 4233 549 4304 ἄργυρον
576 4236 917 4303 διατίθενται,
946 4240 978 4311 ἢ
1011 4240 1146 4305 ὅλως
1183 4245 1310 4314 περ).
1330 4245 1530 4309 ταύτας
1551 4247 1649 4310 τὰς
1683 4248 1813 4312 ὔλας

1919 4237 2152 4293 studium
2199 4247 2425 4308 ponunt,
2452 4251 2587 4305 quas
2623 4245 2953 4290 mercatores
2994 4253 3112 4291 cum
3148 4239 3365 4295 stateris
3409 4256 3475 4297 ac

253 4324 353 4393 τὴν
388 4325 617 4397 σπουδὴν
647 4327 876 4396 ἔχουσιν,
904 4330 969 4394 ἃς
1007 4331 1188 4401 ζυγοῖς
1224 4335 1316 4387 κα).
1358 4336 1614 4407 σταθμοῖς
1640 4338 1812 4406 mw-

1921 4332 2242 4401 ponJerihns
2293 4329 2464 4382 solent
2532 4328 2858 4382 divendere?
2911 4330 3072 4400 Atqui
3124 4331 3288 4386 multa
3347 4343 3477 4387 sunt

253 4431 413 4467 κασιν
467 4418 516 4469 οἱ
563 4419 790 4491 ἔμποροι
848 4423 1179 4493 διαμείὸεινς
1229 4427 1386 4480 Ἀλλὰ
1432 4429 1565 4483 πολὺ
1611 4431 1706 4500 μὲν
1749 4429 1811 4482 τὸ

1918 4439 2111 4494 genera
2156 4421 2552 4491 operariorum,
2602 4421 2692 4489 qui
2731 4421 2796 4473 ad
2833 4435 3027 4488 operas
3078 4436 3204 4475 snas
3253 4425 3475 4479 stateris

250 4508 359 4562 τῶν
385 4508 667 4578 βαναύσων
693 4516 866 4582 γένος,
904 4517 1079 4586 ζυγῶν
1111 4519 1260 4570 οὐδὲν
1296 4520 1372 4581 είς
1403 4521 1501 4589 τὴν
1551 4521 1809 4591 ἐργασίαν

1921 4517 2045 4570 nihil
2101 4530 2234 4584 opus
2267 4513 2490 4571 habent.
2531 4512 2680 4566 Multi
2719 4512 2860 4564 enim
2912 4511 3185 4566 nauticam
3218 4525 3475 4569 exercent

250 4599 430 4652 αὐτῶν
463 4603 851 4673 προσδεόμενον
870 4607 998 4678 (90)·
1019 4608 1200 4660 πολλοὶ
1236 4608 1291 4660 δὲ
1321 4611 1365 4660 οἱ
1387 4610 1809 4680 ναυτιλλόμενον

1918 4618 2084 4661 artem
2125 4623 2138 4671 ;
2175 4607 2323 4660 multi
2364 4607 2524 4660 etiam
2553 4605 2698 4659 circa
2728 4602 2902 4656 forum
2932 4612 2986 4658 et
3016 4605 3358 4675 magistratus
3382 4622 3474 4661 oc-

250 4691 439 4745 πολλοὶ
466 4692 522 4744 δὲ
543 4693 594 4745 οἱ
624 4695 749 4765 περ).
780 4698 847 4750 τὰ
871 4699 1192 4770 δικαστήρια
1229 4700 1320 4752 καὶ
1350 4700 1409 4751 τὸ
1435 4701 1626 4771 ἄρχειν
1652 4720 1812 4773 στρε-

1916 4708 2201 4767 cupantur,
2230 4698 2366 4768 apud
2411 4709 2547 4766 quos
2584 4695 2799 4763 quidem
2848 4704 2932 4750 est
2986 4695 3345 4760 mendacium,
3376 4712 3474 4752 nec

250 4785 499 4854 φάμενοι,
533 4788 662 4857 παρ’
695 4781 774 4848 οἷς
809 4788 907 4855 μὲν
934 4791 993 4842 τὸ
1016 4791 1206 4859 ψεῦδός
1238 4794 1402 4853 ἐστιν,
1429 4792 1457 4842 ὁ
1488 4792 1544 4845 δὲ
1580 4793 1667 4847 διὰ
1699 4795 1806 4846 τῶν

1922 4802 2096 4844 tamen
2128 4805 2223 4858 per
2244 4799 2472 4844 stateras
2497 4787 2648 4841 dolus
2682 4789 2976 4856 perﬁcitur.
3009 4787 3146 4852 Quid
3189 4787 3354 4859 igitur
3390 4800 3473 4845 est

250 4875 431 4942 ζυγῶν
458 4877 604 4940 δόλος
631 4879 731 4930 οὐκ
759 4879 1149 4948 ἐπιτηδεύεται.
1186 4883 1248 4935 Τί
1271 4880 1362 4936 οῦν
1394 4884 1536 4936 ἐστιν
1565 4885 1593 4936 ὃ
1621 4885 1802 4952 λέγεις

1915 4881 2055 4949 quod
2082 4877 2411 4944 dieit?Quod
2431 4877 2480 4929 in
2505 4892 2824 4945 unoquoque
2849 4886 3087 4931 nostrum
3109 4879 3248 4934 intus
3266 4891 3472 4934 statera

252 4967 375 5018 Ὀτι
399 4966 627 5019 ἑκάστου
657 4969 816 5040 ἡμῶν
841 4967 950 5040 (9|)
975 4972 1031 5023 ἐν
1052 4973 1130 5044 τῷ
1151 4973 1374 5046 κρυπτῷ
1401 4973 1556 5042 ζυγὸς
1573 4992 1656 5039 τις
1691 4977 1805 5028 ἐστὶ

1915 4973 2155 5041 quaedam
2202 4986 2231 5023 a
2267 4979 2455 5025 nostro
2493 4969 2786 5025 Conditore
2819 4979 3129 5026 constructa
3171 4972 3337 5039 sit,in
3365 4989 3470 5043 qua

359 5125 402 5157 ³⁷
432 5125 661 5197 Philipp.
693 5128 898 5193 "1,19.

321 5287 434 5360 (δεῖ)
462 5288 593 5360 [ξος.
625 5289 889 5360 secundus
919 5289 976 5341 ἐν
1015 5284 1244 5355 πλούτῳ.
1279 5359 1328 5360 ,Γ
1415 5359 1425 5360 7
1549 5355 1573 5360 _
1721 5355 1732 5360 _

1982 5285 2091 5354 (89)
2122 5284 2346 5354 Legitur
2386 5287 2438 5341 in
2488 5285 2690 5343 Catena
2737 5287 2959 5343 Corder.
2987 5287 3153 5341 αὐτοῦ
3188 5288 3266 5358 τῷ
3299 5291 3472 5360 κηρύ-

324 5357 436 5427 (87)
471 5355 644 5412 Editio
684 5358 843 5411 Basil.
883 5369 938 5412 et
970 5374 1058 5412 sex
1110 5372 1236 5410 mss.
1276 5359 1364 5409 Ἐν
1408 5355 1584 5425 ἐαυτῷ
1609 5355 1794 5427 γνούς.
1911 5370 2098 5427 γματι.

247 5425 505 5498 Atcdjtio
552 5428 722 5482 Paris.
747 5439 800 5480 et
845 5427 970 5497 Reg.
1008 5438 1192 5482 sextus
1236 5429 1490 5481 secundis
1543 5426 1690 5481 euris
1738 5427 1795 5477 ἐν

1983 5425 2264 5498 (9οχΒΘε.
2306 5427 2998 5498 (ιιιιιι-ιιιεπροσδεομένων.
3046 5427 3125 5481 Ad
3174 5430 3467 5497 marginem

247 5496 428 5562 ἑαυτῷ
454 5497 530 5551 δέ.
898 5567 901 5568 ν
930 5495 947 5497 “
1211 5566 1219 5568 _
1401 5566 1409 5568 ξ
1437 5567 1443 5568 ί

1917 5508 2053 5568 ξιξειό⁸
2097 5495 2225 5568 Reg.
2274 5499 2409 5550 sexti
2446 5495 2701 5567 scriptum
2736 5495 3017 5568 invenitur
3060 5495 3465 5568 προσδεόμενοι.

321 5570 434 5636 (88)
471 5568 619 5638 Editi
635 5577 687 5622 et
709 5582 835 5620 mss.
863 5566 1343 5638 θὶίψιοιέκχέατε.
1384 5566 1488 5621 Alii
1525 5575 1631 5638 tres
1661 5579 1789 5638 mss.

1920 5563 2110 5638 Statim
2148 5563 2276 5638 Reg.
2306 5563 2678 5638 quartnscum
2721 5567 2872 5622 Colh.
2912 5563 3116 5634 quarto'
3145 5563 3464 5638 δικαστήρια

248 5633 488 5707 ruam.
515 5637 710 5690 Ibidem
753 5633 1122 5690 nostra—editio
1151 5633 1316 5691 l‘aris.
1362 5636 1637 5706 ἀμήχανόν
1679 5637 1792 5688 ἐστι

1901 5633 1994 5707 καὶ
2032 5634 2100 5685 τὰ
2152 5635 2366 5703 ἀρχεῖα.
2412 5636 2548 5690 Editi
2581 5651 2705 5690 vero
2737 5653 2857 5692 cum
2902 5633 3082 5690 multis
3113 5653 3244 5692 mss.
3284 5633 3389 5690 καῖ’
3410 5640 3469 5691 τὸ

248 5703 658 5777 τδάωρητικοὺς
693 5708 852 5776 ὑμᾶς.
880 5707 1052 5762 Editio
1087 5719 1211 5760 vero
1259 5703 1418 5764 Basil.
1461 5703 1582 5762 eam
1612 5707 1793 5760 multis

513 5708 658 5768 ικοὺς
693 5708 852 5776 ὑμᾶς.
880 5707 1052 5762 Editio
1087 5719 1211 5760 vero
1259 5703 1418 5764 Basil.
1461 5703 1582 5762 eam
1612 5707 1793 5760 multis
1900 5703 2103 5777 ἄοχξξγ-

252 5773 382 5830 iiiss.
409 5773 830 5831 'ut'incontestu.
1970 5774 2079 5844 (9|)
2117 5773 2408 5831 Culbertini
2436 5787 2659 5846 quartus
2683 5785 2736 5832 et
2777 5776 2997 5845 quintus
3025 5777 3240 5847 ἑκάστῳ
3275 5777 3458 5848 ἡμῶν.
