4026 6438
535 356 640 411 Ηε)

1843 353 1898 405 S.
1937 352 2182 408 BASILll
2224 353 2436 409 MAGNI

3681 354 3785 411 480

536 484 713 522 rerum
735 477 981 521 naturam
1014 468 1325 525 discernere
1357 482 1419 522 ac
1452 467 1701 537 judicare
1718 477 1901 535 queat.
1942 467 2092 523 l’osu.

2208 470 2359 541 παρά
2406 469 2500 522 τοῦ
2548 467 2826 530 κτίσαντος
2857 468 3002 539 ἡμᾶς
3030 466 3581 535 ἑγκατασκευασθεὶς,
3618 469 3705 538 ἐφ’
3727 468 3789 527 οὗ

535 570 653 615 ante
687 572 831 614 tuam
873 560 1061 628 [aciem
1103 564 1267 615 vitam
1319 571 1364 613 et
1410 570 1647 626 mortem,
1683 560 1871 614 bonum
1910 572 1958 616 et
1996 578 2106 615 mn-

555 654 726 713 um",
773 653 909 706 duas
952 664 1176 707 naturas
1235 653 1335 706 sibi
1385 652 1615 708 invicem
1662 655 1977 721 oppositas:
2009 669 2107 707 ex-

534 746 707 811 pende
746 743 891 812 ipsas
934 746 985 798 in
1035 754 1125 797 tuo
1164 744 1332 813 ipsius
1379 745 1635 799 tribunali
1668 763 1680 797 :
1712 748 1951 813 pondera
1987 747 2108 801 dili-

532 845 721 905 genter
764 839 891 907 quid
940 838 1013 890 sit
1050 837 1143 889 tibi
1196 836 1614 902 conducibilius,
1654 848 1832 893 utrum
1895 849 2105 905 tempo-

534 928 729 981 rariam
776 929 975 997 eligere
1019 928 1377 994 voluptatein,
1432 936 1485 981 et
1548 943 1643 996 per
1683 941 1801 982 eam
1860 928 2107 997 accipere

529 1028 786 1073 mternam
820 1030 1169 1073 mortemzan
1211 1022 1262 1074 in
1300 1021 1516 1074 virtutis
1560 1021 1820 1075 exercitio
1856 1018 2104 1075 alliictio-

532 1126 649 1165 nem
692 1111 909 1179 eligere,
949 1120 1004 1164 et
1038 1112 1181 1167 illius
1222 1126 1326 1179 cpe
1376 1111 1599 1167 delicias
1644 1124 1877 1167 aeternas
1915 1127 2106 1166 conse-

528 1202 965 1271 qui?.‘tleudaces
998 1205 1162 1275 igitur
1208 1214 1336 1257 sunt
1388 1204 1660 1266 humines.
1717 1212 1971 1271 corrupta
2011 1203 2105 1256 ha-

530 1294 718 1348 bentes
774 1296 969 1351 anima:
1012 1296 1218 1363 judicia
1265 1309 1279 1347 :
1318 1309 1545 1363 quorum
1594 1298 1757 1351 etiam
1806 1289 2103 1350 'tuiseretut'

530 1385 791 1456 Propheta
832 1390 1011 1443 dicens
1043 1407 1054 1441 :
1096 1386 1205 1451 Vw,
1237 1388 1327 1457 qui
1360 1390 1539 1443 dicunt
1565 1388 1802 1442 tenebras
1838 1388 2026 1451 lucem,
2056 1398 2104 1443 et

525 1480 689 1534 lucem
730 1486 963 1536 tenebras
997 1498 1014 1533 :
1043 1484 1131 1549 qui
1169 1482 1349 1536 dicunt
1385 1498 1627 1537 amarum
1658 1483 1828 1547 dulce,
1861 1490 1911 1534 et
1954 1482 2105 1535 dulce

524 1574 854 1627 amarum”.
908 1572 1053 1637 Mihi,
1096 1575 1291 1641 inquit,
1336 1584 1534 1643 prmsto
1574 1582 1703 1628 sunt
1757 1571 2045 1641 przesentia
2086 1589 2102 1633 ;

524 1665 646 1734 quis
688 1680 811 1718 vero
843 1665 991 1720 novit
1040 1665 1219 1720 futura
1250 1669 1273 1720 ?
1311 1667 1446 1720 Male
1491 1666 1783 1736 ponderas,
1808 1681 1928 1719 cum
1966 1665 2103 1719 mala

523 1756 678 1809 bouis
702 1756 977 1824 pra'l‘eras,
1010 1776 1144 1814 vana
1183 1758 1325 1812 veris
1368 1758 1535 1813 ducas
1567 1760 1798 1827 potiora,
1828 1768 2101 1825 tempora-

521 1846 590 1899 lia
643 1848 861 1902 aeternis
896 1859 1215 1918 anteponas,
1247 1850 1572 1918 voluptatem
1604 1847 1802 1901 ﬂuxam
1836 1863 1933 1918 pro
1967 1848 2101 1902 heli-

520 1940 594 1992 tia
635 1950 888 2009 perpetua
935 1956 996 1993 ac
1046 1940 1251 2009 perpeti
1292 1940 1479 2008 eligas.
1519 1938 1797 1994 Mendaces
1840 1958 1963 2013 ergo
1999 1941 2098 2009 ﬁlii

517 2032 784 2087 hominum
812 2035 863 2086 in
897 2034 1109 2087 stateris
1146 2033 1215 2086 ad
1255 2032 1616 2101 fraudanduni
1648 2034 1921 2090 adhibitis.
1958 2035 2098 2106 Inju-

520 2125 599 2179 ria
628 2126 864 2181 alliciunt
896 2126 1128 2179 maxime
1169 2126 1385 2194 quidem
1430 2140 1488 2179 se
1538 2124 1706 2194 ipsos,
1740 2126 1935 2180 deinde
1969 2140 2097 2181 vero

517 2219 791 2286 proximos
814 2218 1045 2288 :quippe
1079 2218 1172 2287 qui
1196 2230 1247 2271 et
1285 2217 1386 2271 sibi
1410 2218 1539 2286 ipsis
1573 2218 1625 2272 in
1661 2218 1774 2272 suis
1789 2216 2096 2271 actionibus

518 2309 656 2364 male
687 2310 993 2375 consulunt,
1027 2319 1082 2366 et
1116 2310 1238 2365 aliis
1290 2319 1416 2364 sunt
1460 2310 1710 2380 exemplo
1766 2310 1927 2367 malo.
1979 2309 2095 2364 Non

517 2400 700 2457 licebit
729 2402 824 2457 tibi
870 2404 1053 2459 dicere
1083 2406 1134 2459 in
1168 2405 1255 2459 die
1292 2404 1480 2473 iudicii
1514 2423 1527 2459 :
1563 2404 1680 2459 Non
1713 2418 1970 2459 noveram
2003 2403 2098 2457 bo-

518 2510 664 2550 num.
699 2494 1079 2565 Proponuntur
1113 2496 1205 2550 tibi
1234 2506 1339 2553 tua
1368 2498 1536 2567 ipsius
1561 2498 1766 2563 lances,
1801 2497 2001 2551 bonum
2034 2510 2097 2548 ac

517 2589 715 2642 malum
741 2587 1068 2645 suﬂieienter
1093 2589 1493 2646 discernentes.
1525 2588 1660 2644 Nam
1692 2587 1939 2660 corporis
1960 2602 2097 2657 pou-

516 2682 643 2733 dera
677 2696 743 2733 ex
779 2683 994 2735 trutinae.
1026 2685 1314 2738 momentis
1345 2686 1714 2737 aestimamus:
1754 2683 1848 2738 sed
1890 2697 2007 2752 qua:
2044 2680 2095 2735 in

517 2770 622 2823 vita
663 2770 905 2839 eligenda
948 2782 1093 2837 sunt,
1138 2772 1309 2829 libero
1342 2774 1536 2828 animte
1587 2775 1815 2829 arbitrio
1853 2774 2096 2828 secerni-

518 2878 635 2916 mus
678 2878 693 2915 :
742 2865 884 2933 quod
925 2874 980 2918 et
1038 2875 1296 2921 stateram
1350 2867 1686 2932 nominavit,
1723 2868 1920 2939 quippe
1969 2868 2096 2937 quia

514 2957 773 3024 aequalem
800 2957 863 3010 ad
884 2966 1170 3028 utrumque
1196 2960 1599 3016 inclinationem
1632 2963 1871 3030 recipere
1897 2970 2095 3033 potest.

2207 561 2305 631 τὴν
2337 560 2496 628 φύσιν
2538 558 2645 612 τῶν
2690 558 3029 629 πραγμάτων
3070 556 3293 611 δυνατόν
3348 559 3464 610 ἐστι
3514 558 3791 628 διακρίνε-

2210 649 2352 703 σθαι.
2373 652 2599 717 Ἐθηκα
2628 648 2741 716 πρὸ
2763 648 3086 715 προσ-(ἕκτου
3104 664 3221 704 σου
3240 647 3356 714 τὴν
3377 646 3529 716 ζωὴν
3558 651 3657 704 καί
3685 652 3791 705 τὸν

2207 741 2486 806 θάνατον,
2528 741 2595 795 τὸ
2614 740 2837 810 ἀγαθὸν
2872 739 2970 793 καὶ
3000 740 3064 791 τὸ
3099 741 3307 795 κακόνο
3326 739 3420 793 δύο
3446 741 3636 810 φύσεις
3651 743 3790 796 ἀντι-

2207 834 2466 904 κειμένας
2516 833 2807 904 ἀλλήλαις·
2856 830 3291 905 άντιστάθμησον
3336 833 3507 899 αὐτάς
3554 836 3652 888 ἐπὶ
3692 836 3786 889 τοῦ

2204 925 2406 978 οἰκείου
2455 924 2682 979 σεαυτοῦ
2716 924 3032 997 κριτηρίου’
3066 925 3470 997 ζυγοστάτησον
3516 928 3784 997 άκριῦῶς,

2203 1019 2257 1071 τί
2303 1036 2383 1072 σοι
2428 1018 2883 1089 λυσιτελέστερον,
2922 1016 3021 1088 τὴν
3048 1017 3380 1089 πρόσκαιρον
3409 1018 3629 1073 ἑλέσθαι
3666 1019 3787 1089 ἠδο-

2205 1109 2321 1181 νὴν,
2379 1111 2473 1163 καὶ
2520 1110 2586 1163 δι’
2622 1111 2788 1181 αὐτῆς
2831 1109 2923 1163 τὸν
2974 1107 3189 1162 αἰώνιον
3236 1108 3419 1161 λαϐεῖν
3464 1110 3715 1174 θάνατον,
3750 1109 3785 1182 ἦ

2204 1202 2303 1271 τὴν
2356 1203 2414 1255 ὲν
2464 1206 2528 1273 τῇ
2585 1204 2813 1273 ἀσκήσει
2852 1202 2951 1272 τῆς
2993 1202 3194 1273 ἀρετῆς
3241 1201 3496 1272 ἑλόμενον
3538 1204 3788 1257 κακοπὰς⁸

2205 1294 2374 1357 θειαν,
2409 1296 2580 1368 ταύτῃ
2624 1296 2869 1367 προξένῳ
2902 1294 3208 1366 χρήσασθαι
3256 1298 3355 1365 τῆς
3392 1296 3613 1348 αίωνίου
3658 1314 3788 1367 τρυ-

2206 1391 2312 1456 φῆς
2329 1389 2459 1458 (92).
2480 1391 2533 1442 Ψ
2535 1390 2705 1453 ευδεῖς
2729 1384 2821 1443 οὖν
2846 1389 2895 1442 οἱ
2912 1386 3208 1459 ἄνθρωποι,
3238 1387 3607 1459 διεφθαρμένα
3634 1388 3785 1459 έχον-

2204 1499 2293 1545 τες
2335 1482 2435 1552 τῆς
2476 1483 2656 1553 ψυχῆς
2698 1484 2765 1538 τὰ
2803 1484 3094 1555 κριτήρια’
3149 1482 3242 1545 οὓς
3289 1482 3386 1536 καὶ
3438 1481 3718 1547 ταλανίζει
3760 1486 3790 1537 ὁ

2204 1579 2495 1648 Προφήτης
2520 1577 2713 1645 λέγων’
2739 1576 2884 1629 Οὐαὶ
2915 1579 2969 1629 οι
2990 1574 3272 1643 λέγοντες
3286 1574 3353 1628 τὸ
3386 1575 3611 1641 σκότος
3637 1573 3784 1644 φῶς,

2204 1670 2389 1723 καὶτὸ
2423 1668 2546 1739 φῶς
2568 1670 2819 1732 σκότος’
2853 1671 2905 1721 οἱ
2925 1668 3205 1737 λέγοντες
3231 1667 3295 1721 τὸ
3327 1668 3541 1734 πικρὸν
3566 1666 3783 1738 γλυκὺ,

2205 1762 2302 1815 καί
2340 1760 2407 1813 τὸ
2459 1758 2652 1829 γλυκὺ
2688 1760 2924 1827 πικρόν.
2983 1759 3157 1830 Ἐμοὶ,
3208 1759 3362 1830 φησὶ,
3398 1757 3468 1811 τὰ
3501 1759 3747 1830 παρόντα
3769 1774 3783 1787 ⁸

2199 1853 2281 1917 τίς
2304 1853 2361 1905 δὲ
2393 1847 2501 1905 οἶδε
2528 1851 2596 1905 τὰ
2626 1851 2918 1922 μέλλοντα;
2952 1850 3153 1914 Κακῶς
3176 1848 3544 1918 ζυγοστατεῖς,
3574 1850 3786 1921 πονηρά

2198 1945 2305 1997 τῶν
2348 1943 2567 2013 ἀγαθῶν
2607 1943 3054 2015 ἀνθαιρούμενος,
3100 1943 3169 1997 τά
3205 1943 3408 2013 μάταια
3450 1941 3557 2009 τῶν
3599 1941 3788 2014 ἀληθι-

2199 2036 2305 2089 νῶν
2336 2034 2445 2107 (95)
2477 2033 2782 2106 προτιμῶν,
2807 2033 2876 2087 τὰ
2902 2034 3209 2104 πρόσκαιρα
3246 2033 3355 2086 τῶν
3386 2032 3623 2086 αἰωνίων
3654 2050 3789 2104 προ-

2199 2128 2433 2189 τάσσων,
2461 2128 2561 2198 τὴν
2616 2124 3030 2199 παρερχομένην
3057 2124 3249 2196 ἡδονὴν
3293 2124 3412 2177 ἀντὶ
3458 2124 3557 2195 τῆς
3608 2125 3788 2179 ἀπαύ-

2202 2238 2324 2274 στου
2361 2218 2701 2292 εὐφροσύνης
2746 2218 2841 2271 καὶ
2890 2216 3172 2289 διηνεκοῦς
3214 2216 3593 2286 ἐκλεγόμενος.
3627 2219 3783 2271 Ψευ-

2197 2312 2323 2379 δεῖς
2372 2308 2487 2366 οὖν
2524 2315 2578 2365 οἱ
2627 2310 2747 2368 υιοί
2792 2309 2910 2365 τῶν
2948 2309 3275 2379 ἀνθρώπων
3326 2309 3397 2363 ἐν
3442 2307 3640 2378 ζυγοῖς
3678 2310 3787 2366 τοῦ

2199 2404 2501 2474 ἀδικῆσαι.
2547 2404 2813 2456 Ἀδικοῦσι
2852 2405 2909 2456 δὲ
2946 2401 3371 2474 προηγουμένως
3403 2403 3501 2474 μὲν
3530 2403 3781 2467 ἑαυτοὺς,

2200 2496 2389 2551 ἔπειτα
2418 2496 2475 2549 δὲ
2508 2496 2601 2549 καὶ
2626 2496 2751 2558 τοὺς
2780 2495 3199 2566 πλησιάζοντας,
3226 2497 3274 2547 oi
3302 2496 3396 2548 καὶ
3433 2497 3647 2558 ἑαυτοῖς
3670 2497 3783 2565 (9ου

2203 2589 2429 2660 πονηροὶ
2454 2586 2745 2658 σύμϐουλοι
2785 2586 2879 2639 ἐπὶ
2917 2585 3027 2639 τῶν
3067 2584 3320 2656 πράξεων
3366 2584 3662 2654 γινόμενοι,
3691 2585 3785 2637 καὶ

2203 2681 2410 2753 ἑτέροις
2447 2678 2718 2751 μοχθηρὸν
2754 2677 2906 2740 ὄντες
2937 2676 3264 2747 ὑπόδειγμα.
3298 2675 3411 2729 Οὐκ
3445 2674 3561 2728 ἐστι
3592 2692 3676 2728 σοι
3708 2677 3785 2727 εί-

2200 2778 2323 2829 πεῖν
2348 2776 2405 2827 ἑν
2430 2776 2495 2845 τῇ
2530 2772 2716 2844 ἡμέρᾳ
2747 2770 2846 2841 τῆς
2875 2769 3126 2840 κρίσεως·
3163 2769 3277 2823 Οὐκ
3301 2768 3445 2838 ᾔδειν
3466 2767 3526 2820 τὸ
3554 2768 3779 2837 ἀγαθόν.

2198 2865 2539 2935 Προφέρεταί
2567 2865 2676 2933 (95)
2721 2880 2803 2916 σοι
2841 2862 2908 2916 τὰ
2942 2860 3049 2915 ῐδιά
3089 2877 3183 2914 σου
3244 2859 3384 2928 ζυγά
3414 2859 3604 2930 ίκανὴν
3639 2876 3782 2930 παρ-

2197 2956 2430 3027 εχόμενα
2457 2953 2725 3023 διάκρισιν
2750 2950 2954 3018 ἀγαθοῦ
2970 2951 3065 3004 καὶ
3089 2948 3283 3003 κακοῦ.
3315 2948 3396 3002 Τά
3427 2949 3525 3019 μὲν
3552 2947 3663 3019 γὰρ
3685 2945 3778 2999 τοῦ

517 3045 765 3116 σώματος
800 3047 940 3120 βάρη
968 3054 1087 3115 ταῖς
1112 3051 1202 3104 ἐπὶ
1251 3053 1352 3125 τῆς
1406 3056 1674 3127 τρυτάνης
1708 3056 1901 3125 ῥοπαῖς
1966 3042 2364 3123 δοκιμάζομεν,
2403 3046 2471 3099 τά
2517 3045 2574 3098 δὲ
2619 3042 2714 3096 τοῦ
2762 3042 2876 3113 βίου
2922 3040 3155 3095 ὲκλεκτὰ
3193 3040 3273 3109 τῷ
3320 3040 3655 3110 αὐτεξουσίῳ
3679 3036 3777 3106 τῆς

513 3143 689 3214 Ῥυγῆς
712 3143 1088 3216 διακρίνομεν·
1140 3147 1168 3199 ὃ
1196 3150 1285 3201 καὶ
1340 3148 1501 3218 ζυγὸν
1558 3152 1807 3223 ὠνόμασε
1848 3150 1983 3221 (96),
2023 3148 2111 3202 διὰ
2149 3147 2211 3201 τὸ
2248 3146 2369 3216 ίσην
2399 3139 2656 3196 δύνασθαι
2684 3137 2983 3209 λαμϐάνειν
3032 3135 3130 3207 τὴν
3172 3136 3342 3209 ῥοπὴν
3375 3135 3461 3207 ἐφ’
3487 3136 3744 3207 ἑκάτερα.

584 3234 637 3287 5.
678 3233 839 3288 Vens.
870 3236 949 3289 ll.
988 3234 1167 3291 Nolite
1201 3255 1414 3309 sperare
1450 3244 1503 3296 in
1535 3243 1838 3313 iniquitate,
1874 3254 1921 3298 et
1948 3245 2095 3310 rapi-

516 3343 609 3379 nas
642 3326 801 3381 nolite
838 3330 1220 3397 concupiscere.
1264 3331 1528 3401 Superius
1568 3336 1703 3389 dixit
1735 3355 1749 3390 :
1779 3335 1997 3404 Sperate
2035 3338 2091 3391 in

513 3435 594 3487 eo,
628 3422 793 3473 omnis
822 3426 1153 3491 congregatio
1182 3425 1512 3492 populorum.
1555 3429 1698 3483 Vidit
1737 3446 1938 3483 morem
1976 3430 2090 3499 geri

518 3513 669 3565 tarde
718 3514 1093 3583 segniterque,
1139 3526 1195 3569 et
1249 3518 1616 3586 pronuntiavit
1663 3539 1676 3574 :
1725 3518 2091 3576 Verumtamen

514 3604 634 3656 vani
689 3604 788 3673 ﬁlii
836 3603 1123 3662 hominum.
1156 3606 1364 3663 Rursus
1399 3619 1546 3664 vetat
1587 3626 1655 3665 ne
1708 3628 1986 3681 speremus
2035 3614 2088 3666 in

515 3698 819 3765 iniquitate.
866 3698 967 3765 Qui
1010 3711 1229 3755 coactus
1261 3716 1327 3754 ex
1363 3703 1650 3770 iniquitate
1683 3705 1900 3761 divitias
1944 3707 2090 3761 sulli-

513 3787 663 3842 eieus
703 3788 805 3841 sibi
852 3789 1219 3856 adjumentum
1252 3792 1318 3845 ad
1356 3793 1519 3846 robur
1552 3802 1607 3847 et
1636 3798 1929 3863 potentiam
1968 3811 2089 3851 esse

510 3876 735 3944 iudicat,
790 3880 1041 3933 assimilis
1087 3892 1170 3934 est
1204 3892 1426 3949 aegroto,
1478 3887 1566 3951 qui
1610 3886 1660 3938 iu
1700 3888 1868 3941 morbi
1915 3889 2090 3955 gravi-

518 3978 625 4023 tate.
671 3972 1039 4025 habitudinem
1093 3974 1283 4028 bonam
1326 3978 1624 4031 constituit.
1658 3978 1837 4033 Nolite
1875 3996 2089 4049 sperare

514 4060 568 4111 in
600 4059 891 4129 iniquitate.
913 4062 1033 4116 llaec
1060 4064 1445 4133 impedimento
1471 4066 1562 4122 tibi
1587 4068 1652 4119 ad
1680 4082 1892 4122 omnem
1923 4070 2090 4124 actio-

514 4164 657 4204 nem.
695 4151 758 4202 Et
785 4167 939 4219 super
962 4155 1201 4219 rapinam
1227 4156 1384 4210 nolite
1400 4159 1779 4224 concupiscere.
1800 4158 1985 4213 Aliena
2021 4175 2086 4213 ne

515 4245 980 4314 concupiscamus.
1013 4247 1284 4301 admonet.
1315 4248 1524 4305 Divitiaz
1556 4253 1600 4305 si
1643 4250 1853 4321 aﬂlttant
1877 4292 1891 4315 ,
1929 4254 2086 4307 nolite

513 4354 605 4391 cor
637 4356 911 4407 apponere.
950 4342 1005 4394 Si
1054 4341 1252 4397 videris
1295 4345 1600 4413 quempiam
1652 4346 2086 4421 prmdivitemme

513 4429 678 4482 vitam
705 4430 870 4498 ipsius
901 4430 1061 4501 198
1090 4435 1300 4486 beatam
1337 4436 1739 4502 prmdicavcris.
1776 4434 1830 4490 Si
1880 4437 2083 4489 undeli-

2263 3236 2317 3291 5.
2351 3233 2446 3303 Μὴ
2474 3232 2738 3292 ἐλπίζετε
2761 3232 2853 3284 ἐπ’
2883 3229 3122 3285 ἀδικίαν
3144 3229 3243 3283 καὶ
3267 3229 3366 3283 ἐπὶ
3386 3229 3667 3301 ἅρπαγμα
3689 3230 3775 3300 μὴ

2189 3328 2542 3383 ἐπιποθεῖτε.
2592 3328 2738 3379 Ἀνω
2795 3320 2979 3377 εἶπεν·
3036 3324 3355 3377 Ἑλπίσατε
3408 3324 3499 3376 ἐπ’
3565 3324 3774 3384 αὐτὸν.

2190 3420 2357 3477 πᾶσα
2399 3417 2721 3488 συναγωγὴ
2769 3416 2954 3470 λαῶν.
3024 3410 3146 3467 Εἷδε
3185 3414 3244 3467 τὸ
3275 3413 3507 3486 ὀκνηρὸν
3546 3414 3648 3484 τῆς
3673 3415 3774 3467 ὐπ-

2190 3516 2380 3585 ακοῆς,
2406 3512 2500 3567 καὶ
2518 3512 2852 3583 ἀπεφήνατο.
2886 3509 2967 3561 ὅτι
2983 3508 3073 3561 Πλ
3084 3507 3159 3576 ὴν
3169 3506 3406 3577 μάταιοι
3430 3508 3485 3561 οι
3506 3508 3622 3562 υἱοί
3658 3506 3775 3561 τῶν

2188 3606 2534 3674 ἀνθρώπων.
2568 3601 2737 3657 Πάλιν
2787 3598 3121 3672 ἀπαγορεύει
3169 3599 3521 3671 μὴ’ἑλπίζειν
3548 3601 3636 3653 ἐπ’
3667 3600 3775 3652 ἀδι-

2188 3700 2333 3757 κίαν.
2369 3698 2426 3751 Ὀ
2456 3696 2547 3751 τὸν
2584 3695 2642 3760 ἐξ
2680 3694 2891 3758 ἀδικίας
2927 3693 3285 3766 ἠθροισμένον
3319 3692 3549 3746 πλοῦτον
3580 3695 3773 3765 ἱκανὴν

2188 3792 2365 3864 ἑαυτῷ
2399 3790 2533 3863 πρὸς
2571 3789 2632 3843 τὸ
2686 3789 2890 3859 ἰσχύειν
2936 3790 3030 3841 καὶ
3070 3790 3293 3859 κρατεῖν
3334 3786 3586 3857 ἀφορμὴν
3632 3782 3771 3841 εἶναι

2188 3888 2389 3959 κρίνων
2440 3883 2623 3954 ὅμοιός
2652 3886 2797 3936 ἐστιν
2830 3879 3095 3951 ἀρρώστῳ
3129 3881 3186 3932 ἑν
3233 3880 3299 3950 τῇ
3336 3879 3620 3951 περιουσίᾳ
3669 3881 3769 3950 τῆς

2186 3978 2343 4031 νόσου
2382 3977 2480 4046 τὴν
2511 3973 2721 4038 εὐεξίαν
2755 3972 3045 4042 τιθεμένῳ.
3079 3971 3177 4039 Μὴ
3209 3969 3476 4031 ἐλπίζετε
3500 3971 3594 4023 ἐπ’
3643 3971 3769 4025 ἀδι-

2187 4069 2343 4121 κίαν.
2394 4065 2539 4135 Αὕτη
2583 4081 2665 4117 σοι
2716 4061 2994 4136 ἐμποδίζει
3047 4062 3183 4135 πρὸς
3229 4063 3408 4116 πᾶσαν
3461 4063 3765 4134 ἐνέργειαν.

2186 4160 2294 4214 Kal
2342 4158 2441 4211 ἐπὶ
2482 4158 2760 4227 ἅρπαγμα
2791 4156 2899 4228 (97)
2945 4154 3032 4224 μὴ
3080 4154 3431 4209 ἐπιποθεῖτε.
3489 4154 3580 4226 Μὴ
3628 4150 3765 4208 εἶναι

2185 4253 2293 4305 τῶν
2326 4251 2619 4322 ἀλλοτρίων
2659 4247 3003 4321 ἐπιθυμητὰς
3042 4248 3319 4319 παραινεῖ.
3355 4237 3624 4312 Πλοῦτος
3655 4246 3765 4300 ἐὰν

2177 4343 2309 4411 ῥέῃ,
2336 4341 2422 4411 μὴ
2462 4342 2857 4409 προστίθεσοε
2887 4338 3097 4408 καρδίᾳ
3134 4339 3267 4409 (98).
3310 4338 3434 4391 Ἐάν
3475 4336 3592 4409 ἴδῃς
3639 4338 3761 4392 τινα

2183 4438 2291 4491 τῶν
2348 4436 2883 4509 ὑπερπλουτοῦντων,
2943 4435 3017 4506 μὴ
3074 4433 3386 4505 μακαρίσῃς
3438 4431 3603 4484 αὑτοῦ
3662 4433 3759 4501 τὴν

514 4519 623 4583 bet,
659 4530 712 4575 et
744 4538 809 4575 ex
838 4524 1093 4579 uberibus
1122 4522 1359 4579 fontibus
1390 4526 1482 4578 tibi
1518 4526 1737 4581 aﬂluaut
1765 4527 1987 4590 divitiae.
2017 4544 2079 4582 ne

2197 4531 2348 4601 ζωήν.
2411 4530 2533 4583 Ἐάν
2569 4547 2651 4582 σοι
2700 4527 3028 4597 πολλαχόθεν
3066 4525 3160 4579 καὶ
3194 4523 3251 4590 ἑξ
3281 4523 3524 4593 ἀφθόνων
3567 4523 3762 4594 πηγῶν

518 4610 567 4661 iu
604 4625 786 4664 earum
818 4615 970 4680 copia
1021 4615 1354 4683 acquiescas.
1407 4615 1612 4670 Diritite
1644 4618 1689 4669 si
1716 4619 1948 4688 aﬂiuant.
1974 4620 2079 4669 Ad—

515 4700 713 4753 mirare
769 4717 973 4757 vocem.
1032 4704 1197 4760 Fluxa
1243 4718 1328 4761 est
1375 4706 1682 4761 divitiarum
1721 4720 1929 4771 natura,
1971 4720 2080 4762 tor-

517 4801 667 4845 rente
701 4792 859 4845 citius
906 4795 1302 4861 praeterlabitur
1344 4812 1702 4865 possessores,
1744 4798 1876 4852 alios
1922 4802 2079 4855 aliter

514 4884 649 4937 solet
699 4894 927 4939 mutare.
950 4885 1408 4951 Quemadmodum
1438 4888 1627 4944 ﬂuvius
1652 4892 1718 4945 ab
1748 4892 1854 4945 altu
1886 4892 2075 4948 labens

586 5023 629 5053 ³⁸
649 5025 800 5079 Deut.
844 5043 973 5089 xxx,
1022 5026 1107 5080 lii.
1182 5026 1226 5057 ³⁵
1254 5026 1353 5080 lsa.
1396 5042 1447 5091 v,
1476 5028 1566 5082 ΞΟ.

583 5188 693 5255 (99.)
728 5188 804 5242 lta
831 5192 995 5245 editio
1022 5190 1183 5245 Basil.
1216 5200 1269 5244 et
1302 5192 1440 5249 Oliv.
1470 5200 1523 5244 et
1554 5191 1764 5258 Anglic.
1797 5204 1918 5242 cum
1948 5190 2070 5242 aliis

514 5262 747 5325 quinque
783 5278 910 5317 mss.
937 5266 1004 5316 At
1024 5262 1187 5314 editio
1213 5261 1380 5316 Paris.
1413 5277 1535 5315 cum
1561 5263 1744 5327 paucis
1776 5276 1901 5313 mss.
1928 5262 2068 5311 αἰω-

514 5327 628 5390 νίας
667 5327 834 5400 ζωῆς,
876 5334 1033 5385 vitam
1065 5342 1326 5385 teternam.
1360 5332 1509 5385 Colh.
1559 5332 1816 5400 septimus
1845 5329 2061 5381 αἰωνίου

503 5400 748 5477 πεδινῆς.
772 5396 996 5477 ibidem.
1028 5402 1177 5456 Colb.
1221 5410 1441 5469 quartus
1468 5400 1694 5462 Ψευδεῖς
1738 5396 1829 5453 οὖν
1878 5401 1927 5451 οἱ
1963 5400 2069 5451 υἱοί

511 5470 621 5542 τῶν
641 5470 754 5542 -άνθ
764 5472 956 5542 ρώπων
966 5514 976 5525 .

523 5539 691 5659 .λ(90’5)
730 5538 801 5595 Ita
855 5560 945 5597 sex
991 5556 1120 5595 mss.
1151 5543 1218 5594 At
1262 5541 1390 5595 editi
1430 5551 1484 5595 et
1528 5556 1654 5595 mss.
1692 5540 1928 5595 nonnulli
1965 5538 2072 5593 τῶν

523 5619 546 5655 7.
584 5626 612 5659 Τ,
653 5628 747 5659 ων.

512 5610 747 5677 ἀληθῶν.

584 5678 693 5744 (94)
724 5682 811 5732 Sic
844 5698 970 5733 mss.
1002 5691 1248 5749 quatuor.
1295 5680 1433 5733 Editi
1480 5681 1528 5732 οί
1572 5682 1666 5733 καὶ
1700 5682 1902 5745 αὐτοῖς.
1956 5681 2074 5734 Cul-

517 5744 704 5801 bertiui
732 5764 952 5820 quartus
980 5744 1030 5802 at
1052 5763 1235 5805 sextus
1261 5754 1307 5803 οἱ
1344 5752 1434 5801 καὶ
1456 5750 1630 5803 αὐτοί.

2188 4622 2451 4695 περιρρέῃ
2488 4623 2555 4676 τὰ
2586 4623 2867 4692 χρήματα,
2913 4619 2986 4690 μὴ
3024 4617 3290 4690 προσδέξῃ
3315 4617 3491 4669 αὐτῶν
3526 4618 3623 4689 τὴν
3659 4636 3761 4671 πε-

2188 4715 2447 4784 ριουσίαν.
2481 4714 2752 4778 Πλοῦτος
2783 4712 2890 4765 ἐὰν
2917 4711 3048 4778 ῥέῃ.
3088 4708 3379 4779 Θαύμασον
3425 4708 3522 4780 τὴν
3550 4712 3755 4780 φωνήν.

2196 4805 2479 4876 Ῥευστὴή
2518 4805 2677 4875 φύσις
2702 4804 2794 4858 τοῦ
2843 4802 3071 4865 πλούτου
3096 4818 3110 4831 °
3156 4800 3458 4871 χειμάρρου
3503 4798 3760 4870 ὀξύτερον

2180 4898 2305 4960 τοὺς
2331 4897 2548 4967 ἔχοντας
2582 4896 2916 4968 παρατρέχει
2940 4912 2954 4927 ο
2994 4892 3180 4947 ἄλλοτε
3213 4892 3369 4946 ἄλλον
3412 4890 3623 4944 πέφυκε
3656 4922 3759 4958 πα..

2252 5191 2365 5256 (95)
2398 5190 2487 5244 Sic
2511 5190 2648 5245 Oliv.
2683 5199 2735 5244 et
2762 5190 2973 5255 Anglic.
3009 5199 3065 5244 et
3086 5190 3330 5246 Combel‘.
3363 5206 3483 5245 cum
3506 5190 3628 5246 aliis
3659 5206 3753 5245 srx

2178 5276 2308 5314 mss.
2342 5261 2556 5314 Atediti
2592 5260 2981 5331 προσφέρεται.

2250 5332 2360 5399 (96)
2391 5331 2533 5385 (1011).
2589 5330 2811 5402 quartus
2854 5331 3136 5400 ὠνόμασεν
3181 5330 3208 5382 ό
3256 5330 3571 5402 Προφήτης.
3630 5333 3751 5388 Mox

2178 5401 2317 5453 idem
2352 5402 2519 5454 codex
2543 5402 2633 5453 ἐπὶ
2662 5399 2727 5453 τὰ
2751 5399 3111 5470 ἁρπάγματα.

2249 5471 2359 5539 (9'7)
2395 5471 2597 5525 Rursus
2627 5471 2753 5536 Reg.
2778 5484 3003 5537 quartus
3027 5470 3388 5539 ἁρπάγματα.

2249 5544 2359 5611 (με)
2399 5542 2489 5591 Sit:
2518 5552 2719 5608 septem
2757 5556 2884 5611 mss.
2919 5540 3171 5611 tumhoc
3197 5542 3310 5611 loco
3340 5553 3452 5611 turn
3471 5540 3753 5608 aliquanto

2176 5622 2315 5679 post.
2344 5609 2497 5663 Editi
2529 5626 2653 5681 vero
2678 5620 2730 5662 et
2765 5609 2903 5663 LXX
2934 5610 3183 5681 καρδίαν.
3210 5610 3373 5681 113υύ
3417 5610 3573 5681 longe
3613 5628 3747 5664 mss.

2176 5693 2378 5751 septem
2406 5680 2569 5735 αὐτοῦ
2595 5683 2712 5752 τήν.
2758 5682 2894 5736 Editi
2925 5697 3050 5736 vero
3080 5680 3279 5733 αὐτῶν.
