4026 6442
272 365 370 418 181

1431 363 1708 418 IIOMILIA
1747 363 1812 417 IN
1851 362 2177 420 PSALHUM
2218 364 2349 423 LXI.

3385 365 3490 422 482

271 480 642 552 ραμείὸεσθαι.
690 482 898 552 Ὠσπερ
944 482 1183 550 ποταμὸς
1227 483 1316 551 ἀφ’
1368 483 1568 553 ὑψηλοῦ
1602 484 1804 554 φερόμε

1935 484 2000 538 iis
2031 483 2246 552 quidem
2274 482 2365 552 qui
2411 482 2476 538 ad
2508 483 2678 552 ripam
2733 489 2913 538 astant
2957 481 3369 552 appropinquat,
3393 483 3488 536 sed

269 589 356 635 νος
384 571 590 640 ἐγγίζει
644 572 743 641 μὲν
769 576 877 632 τοῖς.
907 573 1214 643 παρεστῶσι
1263 577 1328 644 τῇ
1373 574 1526 647 ὄχθῃ,
1585 574 1718 643 ὁμοῦ
1774 575 1830 626 δὲ

266 662 461 730 ἥψατο,
498 665 590 715 καὶ
611 663 769 726 εὐθὺς
805 664 1176 736 ἀνεχώρησενο
1203 665 1342 717 οὕτω
1365 667 1454 718 καὶ
1481 668 1513 736 ἡ
1545 667 1637 718 τοῦ
1667 666 1828 718 πλού-

267 771 361 805 του
391 752 606 805 εὐκολία
643 752 905 824 ὀξυτάτην
927 756 1036 826 ἕχει
1067 758 1158 808 καὶ
1189 755 1476 826 ὀλισθηρὰν
1505 757 1598 826 τὴν
1625 775 1828 829 παρου-

269 842 410 903 σίαν,
472 840 661 904 ἄλλους
719 842 775 907 ἐξ
823 843 994 896 ἄλλων
1056 845 1485 914 παραμείόεσθαι
1536 848 1824 914 πεφυκυῖα.

275 932 522 1001 Σήμερον
567 932 719 984 τοῦδε
761 933 788 983 ὀ
843 933 1008 1006 ἀγρὸς
1067 933 1197 1002 (99),
1255 934 1348 985 καὶ
1381 933 1567 1004 αὔριον
1617 935 1822 1007 ἑτέρου.

265 1022 360 1074 καὶ
435 1023 549 1090 μετ’
604 1021 780 1078 ὀλίγον
857 1023 1035 1078 ἄλλον.
1118 1024 1442 1094 Ἀπόὁλεψον
1522 1025 1656 1097 πρὸς
1728 1027 1828 1092 τὰς

276 1117 336 1166 ἐν
399 1116 464 1184 τῇ
535 1114 683 1166 πόλει
747 1115 940 1176 οἰκίας,
1008 1115 1148 1169 πόσα
1197 1117 1318 1188 ἤδη,
1363 1118 1454 1185 ἀφ’
1495 1114 1554 1172 οὑ
1603 1119 1825 1186 γεγόνα-

268 1220 373 1267 σιν,
431 1204 668 1274 ὀνόματα
715 1203 1117 1274 μετειλήφασιν,
1161 1206 1344 1260 ἄλλοτε
1392 1210 1489 1262 ἀπ’
1521 1210 1675 1262 ἄλλου
1715 1210 1822 1263 τῶν

265 1294 619 1363 κεκτημένων
658 1293 1072 1364 ὀνομαζόμεναι.
1103 1298 1210 1350 Καὶ
1246 1299 1441 1368 χρυσὸς
1483 1300 1568 1352 ἀεὶ⁸
1601 1301 1696 1363 τὰς
1727 1301 1819 1354 τοῦ

259 1381 474 1452 ἔχοντος
500 1387 681 1455 χεῖρας
724 1384 1008 1456 διαρρέων,
1044 1387 1128 1455 ἐφ’
1157 1387 1338 1459 ἕτερον
1369 1391 1692 1458 μεταϐαίνει,
1730 1394 1820 1444 καὶ

258 1476 355 1528 ἀπ’
387 1477 590 1527 ἐκείνου
633 1476 768 1546 πρὸς
816 1477 992 1530 ἄλλον.
1041 1477 1255 1531 Μᾶλλον
1311 1479 1533 1534 δύνασαι
1569 1481 1708 1553 ὓδωρ
1753 1486 1816 1554 τῇ

257 1567 401 1636 χειρὶ
429 1565 734 1638 περιλαϐὼν
763 1571 1070 1637 κατασχεῖν,
1108 1569 1138 1639 ἦ
1174 1569 1400 1623 πλοῦτον
1433 1571 1640 1641 σεαυτῷ
1671 1573 1819 1646 διαρ-

255 1657 371 1720 κῶς
411 1659 762 1731 συντηρῆσαι.
818 1661 1010 1724 Καλῶς
1060 1659 1153 1718 οὖν
1203 1664 1415 1736 εἴρηται
1444 1665 1524 1727 τὸ,
1556 1666 1819 1730 Πλοῦτος

253 1747 509 1816 ἐὰνρἐῃ,
533 1748 615 1816 μὴ
640 1751 1030 1817 προστέθεισθε
1051 1751 1283 1821 καρδίᾳ.
1320 1755 1410 1823 Μὴ
1438 1757 1502 1824 τῇ
1542 1756 1682 1824 ψυχῇ
1724 1773 1816 1807 σου

1929 574 2086 629 simul
2137 583 2196 628 ut
2243 575 2483 643 contigit,
2520 575 2703 629 statim
2736 574 2942 628 secedit
2982 595 2994 628 :
3040 574 3109 626 ita
3161 574 3324 628 etiam
3356 573 3490 627 divi-

1929 664 2123 717 tiarum
2166 664 2483 718 instabilitas
2532 663 2923 718 velocissunam
2956 664 3325 732 lubricamque
3353 679 3488 731 prai-

1926 755 2152 808 sentiam
2182 755 2357 814 habet.
2378 753 2512 808 alios
2538 769 2601 808 ex
2634 755 2752 808 aliis
2778 764 3086 822 permutare
3127 755 3303 809 solita.
3322 754 3488 810 Hodie

1927 843 2086 911 liuius
2136 854 2219 899 est
2256 859 2402 914 ager,
2447 860 2569 900 cras
2609 846 2849 911 alterius,
2882 857 2935 899 et
2971 846 3129 914 paulo
3163 856 3284 915 post
3329 846 3483 906 alius.

1926 934 2154 1004 Respice
2194 935 2259 988 ad
2305 935 2538 988 civitatis
2581 935 2767 990 domos
2792 952 2809 1001 ;
2839 941 2969 1005 quot
3005 933 3116 1001 jam
3153 935 3485 1000 nomina,“

1925 1042 2032 1096 quo
2060 1036 2352 1082 exstructa:
2381 1036 2528 1088 sunt,
2561 1039 2838 1096 accepere,
2864 1025 3019 1080 aliter
3052 1026 3118 1080 ab
3144 1025 3249 1080 alio
3275 1041 3488 1095 posses-

1923 1133 2045 1173 sore
2070 1117 2363 1187 appellatae.
2384 1117 2520 1183 Quin
2550 1118 2711 1172 etiam
2738 1133 2926 1171 aurum
2949 1133 3160 1184 semper
3184 1132 3215 1173 e
3241 1107 3486 1174 manilius

1920 1205 2060 1276 ejus,
2086 1221 2246 1275 quem
2278 1220 2443 1275 penes
2473 1216 2578 1270 est,
2615 1207 2855 1274 elabens,
2888 1209 2958 1262 ad
2998 1206 3224 1262 alterum
3266 1211 3480 1273 transit,

1919 1307 1972 1350 et
2003 1296 2070 1351 ab
2114 1296 2202 1352 illo
2237 1297 2303 1350 ad
2351 1297 2536 1352 alium.
2569 1295 3026 1366 Comprehensam
3071 1313 3232 1353 manu
3285 1313 3479 1368 aquam

1921 1385 2130 1442 facilius
2157 1386 2328 1456 possis
2361 1386 2655 1450 continere,
2673 1403 2834 1456 quam
2866 1387 3081 1443 divitias
3115 1389 3208 1444 tibi
3228 1399 3485 1448 constano

1922 1488 2000 1530 ter
2029 1493 2264 1532 servare.
2295 1476 2473 1544 Quare
2498 1487 2638 1532 recte
2669 1479 2870 1533 dictum
2911 1489 2994 1533 est
3027 1499 3041 1532 :
3067 1480 3278 1536 Diuitia:
3316 1485 3362 1538 si
3401 1470 3483 1551 dr-

1917 1569 2103 1636 ﬂuant,
2135 1567 2292 1621 nolite
2319 1584 2411 1620 cor
2430 1585 2703 1636 apponere.
2722 1568 2796 1623 Ne
2830 1569 2894 1624 iis
2915 1570 2988 1626 sis
3016 1571 3197 1626 animo
3232 1573 3478 1629 deditus:

1917 1661 2008 1714 sed
2039 1659 2104 1713 de
2136 1659 2267 1728 ipsis
2300 1659 2639 1714 commodum
2668 1673 2821 1728 cape,
2853 1675 2958 1714 non
2983 1661 3103 1716 illas
3132 1661 3276 1717 velut
3309 1679 3474 1718 unum

1918 1751 2203 1820 quodpiam
2229 1753 2425 1805 bonum
2465 1751 2759 1820 impensius
2789 1751 3034 1821 diligens,
3063 1761 3155 1806 aut
3183 1753 3475 1820 admirans,

254 1839 578 1913 προσπάθῃς
597 1859 610 1870 ·
648 1840 780 1893 ἀλλὰ
815 1842 877 1894 τὸ
908 1843 1000 1895 ἀπ’
1027 1844 1188 1896 αὑτοῦ
1209 1846 1472 1914 χρήσιμον
1496 1847 1808 1917 καταδέχου,

1913 1843 2004 1896 sed
2029 1857 2212 1895 earum
2235 1840 2551 1896 famulatum
2586 1850 2834 1910 tanquam
2859 1843 3272 1898 instrumentum
3309 1848 3476 1914 quod-

254 1932 334 2002 μὴ
362 1930 438 1994 ὡς
469 1932 526 1983 ’έν
568 1950 618 1985 τι
657 1933 763 1985 τῶν
801 1933 1018 2001 ἀγαθῶν
1066 1935 1428 2004 ὑπεραγαπῶν
1473 1936 1565 1987 καὶ
1600 1935 1809 2006 θαυμά-

251 2024 385 2087 ζων,
426 2023 538 2076 ἀλλ’
566 2024 639 2088 ὡς
672 2025 962 2096 ὀργανικὴν
991 2025 1154 2078 αὑτοῦ
1188 2027 1284 2096 τὴν
1308 2027 1606 2096 ὑπηρεσίαν
1637 2029 1811 2100 αἱρού-

253 2132 434 2184 μενος.
476 2111 606 2166 Εἶτα
639 2117 833 2182 ἐπάγει
860 2117 990 2168 πᾶσι
1031 2120 1142 2180 τοῖς
1175 2119 1480 2189 εἰρημένοις
1519 2122 1809 2190 ἀπόφασιν,

248 2205 432 2258 οὐκέτι
479 2206 621 2258 ίδίων
649 2209 928 2277 ρημάτων,
972 2208 1084 2262 ἀλλ’
1120 2209 1186 2280 ἢν
1237 2213 1363 2281 παρ’
1408 2214 1569 2266 αὑτοῦ
1611 2216 1808 2284 1ἤκουσε

254 2296 345 2348 τοῦ
393 2297 545 2350 Θεοῦ.
595 2299 780 2364 ’Λπιιξ
834 2301 964 2370 γὰρ,
1016 2303 1197 2374 φησὶν,
1246 2303 1549 2371 ἐλάλησεν
1586 2308 1615 2358 ὁ
1644 2307 1806 2373 Θεὸς,

249 2387 359 2440 δύο
384 2388 566 2442 ταῦτα
584 2389 836 2459 ἥκουσα.
873 2394 980 2445 Καὶ
1021 2393 1218 2463 μηδένα
1248 2396 1567 2466 ταρασσέτω
1597 2397 1672 2457 ὡς
1703 2415 1805 2450 πα-

252 2480 472 2550 ράδοξον
511 2483 572 2534 τὸ
602 2485 906 2555 εἰρημένον,
944 2485 1058 2548 πῶς
1091 2489 1119 2538 6
1152 2487 1248 2556 μὲν
1285 2487 1412 2548 Θεὸς
1446 2487 1588 2552 ἅπαξ
1619 2489 1807 2560 ὲλάλη-

250 2588 362 2634 σεν,
397 2575 423 2625 6
454 2573 509 2625 δὲ
540 2576 829 2645 Προφήτης
871 2576 961 2627 δύο
995 2577 1211 2645 ἤκουσε.
1248 2577 1478 2628 Δυνατδν
1515 2578 1620 2649 γὰρ
1664 2580 1806 2647 ἅπαξ

250 2663 352 2732 μέν
377 2681 495 2715 τινα
529 2663 772 2734 λαλῆσαι,
809 2669 863 2716 ἐν
888 2666 942 2717 δὲ
977 2665 1052 2736 τῷ
1086 2666 1230 2730 ἆπαξ
1256 2667 1422 2722 πολλὰ
1446 2665 1581 2722 εἶναι
1613 2670 1680 2722 τι
1713 2675 1806 2725 λα-

248 2753 500 2824 ληθέντα.
539 2755 853 2825 Ἀνθρωπος
886 2758 991 2828 γάρ
1040 2778 1140 2823 τις,
1194 2760 1463 2830 συντυχὼν
1495 2779 1595 2814 τινι
1639 2761 1803 2826 ἅπαξ,

249 2846 380 2915 περὶ
411 2845 618 2898 πολλῶν
644 2847 886 2921 διελέχθη
909 2869 921 2880 ·
958 2853 1050 2904 καὶ
1078 2852 1294 2905 δύναται
1319 2854 1347 2904 ὁ
1374 2854 1607 2915 ἀκούσας
1642 2853 1801 2905 αὖτοῦ

246 2934 357 2987 τῶν
385 2939 640 3008 ῥημάτων
682 2942 853 2993 εἰπεῖν
879 2943 981 3008 ὅτι,
1008 2943 1185 3005 ’Ἂπαξ
1233 2944 1330 3013 μέν
1367 2961 1455 3012 μοι
1487 2944 1800 3011 ἐφθέγξατο,

246 3029 379 3100 περὶ
419 3030 624 3082 πολλῶν
674 3032 728 3084 δὲ
773 3033 1016 3101 ὲλάλησε.
1053 3034 1220 3086 Τοῦτό
1249 3035 1468 3089 ὲστιτδ
1520 3037 1805 3107 είρημένον

246 3119 342 3172 νῦν
367 3139 379 3150 -
417 3120 476 3174 ’11
504 3123 601 3191 μὲν
634 3123 765 3175 Θεοῦ
798 3127 1079 3192 ἐπιφάνεια
1115 3126 1259 3193 ἅπαξ
1295 3145 1382 3196 μοι
1403 3128 1608 3198 γέγονε,
1637 3129 1728 3183 δύο
1748 3131 1804 3183 δὲ

246 3209 548 3278 πράγματα
569 3212 711 3262 ἐστιν
749 3210 783 3264 ἃ
815 3213 1086 3282 ἐλάλησεν.
1120 3217 1231 3269 Οὑκ
1274 3215 1450 3270 εἶπεν*
1494 3221 1588 3271 Ἓν
1618 3219 1806 3289 ἐλάλη-

247 3317 339 3352 σεν
372 3301 399 3350 ὁ
423 3300 572 3365 Θεὸς,
605 3301 697 3354 δύο
728 3302 782 3355 δὲ
806 3305 975 3358 ταῦτα
1003 3309 1209 3377 ἥκουσα
1229 3325 1240 3338 °
1273 3310 1412 3362 οὕτω
1446 3311 1552 3383 γὰρ
1579 3312 1641 3364 ἂν
1663 3311 1804 3376 ἔδοξέ

243 3406 364 3441 τινα
387 3388 528 3459 ἔχειν
556 3393 584 3444 6
615 3391 768 3460 λόγος
797 3395 930 3465 πρὸς
963 3398 1150 3450 ἑαυτὸν
1180 3399 1510 3455 ἐναντίωσιν.
1552 3401 1683 3453 Τίνα
1714 3397 1806 3454 οὖν

242 3475 311 3548 ἦν
339 3480 407 3533 τὰ
433 3481 525 3534 δύο
546 3482 580 3536 ἀ
599 3483 672 3553 (1)
701 3486 959 3554 ἧκουσενς
993 3489 1130 3554 Ὅτι,
1163 3489 1231 3540 Τὸ
1264 3488 1476 3556 κράτος
1507 3491 1610 3542 τοῦ
1638 3491 1802 3554 Θεοῦ,

244 3572 343 3624 καί
392 3573 532 3636 σοῦ,
562 3576 757 3641 Κύριε,
800 3576 865 3628 τὸ
912 3579 1100 3642 ἕλεος.
1133 3579 1251 3629 ’Ότι
1281 3578 1518 3643 δυνατὸς,
1555 3581 1736 3650 φησὶν,
1777 3582 1806 3634 ὀ

244 3662 378 3728 Θεὸς
405 3667 462 3718 ὲν
504 3667 569 3734 τῇ
601 3669 797 3736 κρίσει,
834 3669 924 3720 καὶ
954 3671 982 3720 6
1010 3669 1166 3733 αὑτὸς
1209 3670 1468 3741 ἐλεήμων.
1515 3673 1666 3745 Μήτε
1713 3671 1804 3728 οὖν

245 3754 490 3819 ἐλπίζετε
518 3755 602 3805 ἐπ’
631 3757 860 3822 ἀδικίαν,
887 3761 1022 3832 μήτε
1055 3760 1266 3833 πλούτῳ
1302 3765 1674 3834 προστίθεσθε,
1711 3769 1806 3838 μή·

243 3863 302 3898 τε
345 3845 578 3916 αἱρεῖσθε
608 3850 957 3918 ματαιότητα,
1005 3853 1142 3921 μήτε
1179 3854 1237 3905 τὸ
1268 3854 1364 3922 τῆς
1409 3855 1586 3924 ψυχῆς
1618 3860 1804 3928 κριτη-

250 3953 363 4008 ριον
397 3935 781 4006 διεφθαρμένον
813 3942 1150 4011 περιφέρετε.
1184 3943 1392 4007 Εὶδὸτες
1426 3945 1523 4014 (2),
1560 3947 1640 3998 ὅτι
1675 3965 1805 4016 κρα-

243 4030 394 4091 ταιὸς
419 4029 574 4099 ἡμῶν
601 4032 628 4082 6
663 4031 953 4102 Δεσπότης,
992 4031 1260 4104 φοϐήθητε
1288 4035 1450 4088 αὑτοῦ
1473 4036 1532 4088 τὸ
1565 4038 1800 4108 ίσχυρόν,

244 4121 337 4174 καὶ
385 4119 459 4190 μὴ
513 4121 792 4190 ἀπογνῶτε
837 4123 998 4176 αὑτοῦ
1044 4125 1141 4196 τῆς
1183 4126 1601 4197 φιλανθρωπίας.
1663 4129 1801 4202 Πρὸς

247 4213 346 4283 μὲν
373 4208 465 4266 οὖν
494 4213 553 4266 τὸ
594 4215 666 4286 μὴ
702 4215 925 4278 ἀδικεῖν,
957 4215 1158 4283 ἀγαθὸς
1179 4218 1205 4268 6
1235 4218 1397 4285 φόὕος
1416 4235 1428 4248 ·
1468 4221 1601 4291 πρὸς
1625 4220 1679 4273 δὲ
1714 4222 1801 4276 τὸν

244 4306 393 4373 ἅπαξ
417 4308 495 4369 εἰς
524 4307 794 4377 ἁμαρτίαν
831 4306 1186 4379 ὀλισθήσαντα
1218 4309 1291 4380 μὴ
1331 4309 1516 4362 ἑαυτὸν
1544 4311 1800 4382 προέσθαι

240 4397 330 4450 διὰ
361 4397 457 4466 τῆς
481 4396 845 4461 ἀνελπιστίας,
887 4396 1060 4468 ἀγαθὴ
1099 4399 1129 4468 ή
1169 4398 1319 4462 ἐλπὶς
1352 4398 1443 4451 τοῦ
1490 4399 1686 4464 ἐλέους.
1731 4402 1802 4455 Τὸ

1913 1935 2032 1988 dam
2086 1935 2395 1990 admittens.
2425 1933 2625 1987 Deinde
2661 1933 2746 1988 his
2779 1932 2936 1996 dictis
2986 1935 3236 1992 omnibus
3261 1946 3478 1994 senten-

1913 2025 2037 2077 tiam
2053 2023 2252 2088 subdit,
2281 2039 2382 2078 non
2402 2038 2467 2077 ex
2502 2023 2615 2078 suis
2645 2023 2812 2093 ipsius
2837 2023 3012 2078 verbis
3034 2025 3368 2094 adornatam,
3383 2030 3474 2083 sed

1911 2131 2068 2186 quam
2100 2117 2165 2170 ab
2200 2116 2312 2184 ipso
2348 2115 2455 2170 Deo
2488 2115 2703 2168 audivit.
2723 2112 2883 2170 Vsus.
2905 2116 2990 2170 12.
3015 2113 3183 2171 Semel
3206 2119 3363 2186 enim,
3392 2119 3474 2172 in-

1910 2210 2043 2277 quit,
2063 2209 2262 2261 locutus
2280 2217 2350 2261 est
2375 2206 2533 2270 Deus,
2554 2206 2656 2259 duo
2680 2207 2788 2259 hac
2813 2206 3004 2259 audivi.
3024 2205 3132 2260 Nec
3153 2221 3472 2276 quemquam

1912 2299 2012 2352 hoc
2044 2298 2246 2352 dictum
2298 2297 2450 2366 quasi
2499 2290 2827 2361 paradoxum
2871 2298 3164 2365 perturbet,
3204 2299 3474 2366 quomodo

1911 2389 2049 2441 Deus
2063 2389 2273 2456 quidem
2294 2388 2459 2443 semel
2479 2389 2681 2443 locutus
2698 2385 3053 2455 sit,Pr0pneta
3069 2402 3193 2443 vero
3206 2388 3473 2442 duoaudi-

1910 2477 2065 2532 verit.
2092 2477 2233 2530 Fieri
2265 2479 2406 2531 enim
2441 2487 2615 2545 potest
2643 2487 2694 2529 ut
2725 2477 2845 2544 quis
2872 2477 3036 2530 semel
3065 2476 3272 2531 locutus
3296 2478 3388 2538 sit.
3409 2490 3470 2533 et

1908 2567 2045 2622 inter
2075 2568 2239 2622 semel
2266 2569 2585 2638 loquendum
2616 2568 2757 2623 dicta
2779 2568 2886 2623 sint
2919 2568 3106 2622 multa.
3149 2567 3280 2622 Nam
3308 2569 3467 2624 homo

1907 2661 2194 2730 quispiam,
2225 2659 2391 2714 semel
2438 2675 2558 2713 cum
2595 2659 2774 2728 aliquo
2818 2674 3162 2730 congressus,
3190 2662 3256 2716 de
3287 2663 3467 2716 multis

1907 2729 2159 2806 disseruit
2181 2767 2194 2815 ;
2214 2753 2284 2803 ita
2315 2751 2407 2820 qui
2435 2750 2600 2819 ipsius
2628 2749 2786 2803 verba
2817 2729 3038 2816 audivit,
3065 2761 3238 2820 potest
3259 2754 3466 2808 dicere:

1907 2841 2084 2896 Semel
2119 2844 2334 2910 quidem
2366 2857 2449 2896 me
2482 2841 2745 2895 allocutus
2773 2850 2876 2905 est,
2903 2842 2997 2895 sed
3041 2844 3107 2897 de
3140 2842 3320 2898 multis
3362 2860 3471 2899 ser.

1907 2948 2117 2988 monem
2175 2934 2382 2987 habuit.
2423 2931 2532 2987 lloc
2557 2943 2660 2998 est,
2711 2933 2852 3002 quod
2898 2934 3053 2989 modo
3085 2935 3283 2990 dictum
3317 2935 3414 2990 fuit
3449 2957 3466 2995 :

1906 3024 2034 3080 Mahi
2083 3025 2296 3094 quidem
2350 3022 2514 3078 semel
2567 3024 2810 3090 apparuit
2866 3023 3023 3088 Deus,
3073 3028 3168 3080 sed
3221 3040 3306 3082 res
3349 3031 3466 3083 dua:

1905 3125 2048 3180 sunt,
2077 3130 2213 3183 quas
2249 3114 2404 3168 dixit.
2435 3112 2547 3167 Non
2578 3116 2653 3165 ait
2693 3126 2707 3163 :
2745 3111 2918 3166 Unum
2950 3113 3156 3168 locutus
3188 3125 3271 3170 est
3299 3115 3464 3181 Deus,

1907 3217 1960 3262 et
1989 3215 2163 3259 tamen
2195 3205 2311 3258 haec
2339 3204 2443 3257 duo
2476 3201 2652 3256 audivi
2684 3219 2699 3270 ;
2728 3203 2808 3257 sic
2839 3204 2980 3258 enim
3011 3219 3187 3260 sermo
3213 3210 3469 3274 quodam-

1908 3296 2066 3350 modo
2095 3310 2272 3350 secum
2289 3307 2523 3363 pugnare
2543 3293 2832 3346 videretur.
2849 3291 2976 3359 Qua:
2999 3294 3158 3363 igitur
3178 3306 3331 3350 erant
3357 3300 3464 3352 duo

1908 3385 2022 3438 haec
2043 3398 2162 3453 quae
2190 3382 2430 3436 audivit?
2455 3379 2696 3436 Potestas
2721 3380 2817 3434 Dei
2845 3392 2943 3448 εει,
2973 3383 3324 3457 (vus.15)et
3352 3399 3464 3451 tua,

1906 3479 2165 3545 Domine,
2198 3477 2574 3532 misericordia.
2616 3474 2786 3537 Deus,
2825 3477 3018 3545 inquit,
3057 3488 3246 3546 potens
3289 3480 3339 3534 itt
3381 3481 3470 3549 ju-

1907 3569 2071 3632 dicio,
2126 3576 2179 3622 et
2225 3567 2363 3620 idem
2395 3564 2720 3619 misericors.
2754 3565 2938 3635 Neque
2969 3567 3130 3635 igitur
3171 3579 3382 3637 sperate
3414 3573 3467 3624 in

1907 3662 2208 3730 iniquitate,
2248 3672 2423 3728 neque
2458 3655 2660 3712 divitiis
2693 3660 2890 3714 addicti
2932 3670 3124 3725 estote,
3152 3675 3325 3731 neque
3346 3677 3466 3716 ant-

1909 3749 2214 3821 plectamini
2256 3749 2568 3813 vanitatem,
2603 3763 2773 3817 neque
2794 3749 2960 3802 animi
2983 3749 3243 3819 judicium
3277 3767 3468 3807 corru-

1905 3857 2051 3914 ptum
2085 3842 2444 3896 circumfertc.
2466 3840 2750 3894 Dominum
2781 3851 3022 3895 nostrum
3055 3851 3322 3910 potentem
3349 3857 3467 3898 esse

1904 3949 2026 3989 cum
2073 3947 2176 3986 non
2231 3930 2508 4001 ignoretis,
2545 3931 2727 3984 timete
2780 3928 2897 3999 eius
2947 3928 3334 3998 fortitudinem,
3367 3949 3466 3988 nec

1905 4031 2085 4078 tamen
2111 4023 2408 4092 desperetis
2436 4022 2502 4076 de
2545 4021 2710 4091 ipsius
2749 4019 3100 4090 benignitate.
3139 4022 3206 4077 Et
3249 4023 3462 4092 quidem

1906 4121 2074 4172 bonus
2106 4125 2188 4171 est
2239 4116 2418 4178 timor.
2469 4123 2526 4168 ut
2567 4131 2633 4168 ne
2665 4113 2793 4183 quid
2845 4113 3192 4169 admittamus
3244 4116 3408 4185 iniqui
3445 4135 3459 4170 :

1903 4221 2026 4276 spes
2057 4219 2185 4261 vero
2233 4204 2610 4260 misericordia
2656 4204 2793 4257 bona
2824 4212 2927 4270 est,
2959 4213 3018 4258 ut
3059 4219 3125 4259 ne
3175 4205 3266 4274 qui
3298 4207 3466 4262 semel

1904 4300 1957 4355 in
1998 4308 2276 4368 peccatum
2326 4296 2602 4365 prolapsus
2632 4304 2733 4359 est,
2781 4309 2840 4350 se
2869 4281 2980 4364 ipse
3006 4309 3100 4364 per
3133 4297 3466 4365 desperatio-

1903 4407 2024 4447 nem
2075 4390 2281 4459 perdat.
2323 4386 2458 4442 Nam
2505 4386 2597 4442 Dei
2644 4399 2726 4441 est
2763 4395 3018 4456 potestas,
3047 4396 3102 4440 et
3132 4387 3198 4442 ab
3233 4388 3348 4456 ipso
3383 4400 3465 4444 est

242 4487 351 4556 γὰρ
393 4486 590 4556 κράτος
617 4485 707 4536 τοῦ
739 4485 892 4547 Θεοῦ,
931 4486 1022 4538 καὶ
1065 4486 1190 4556 παρ’
1224 4485 1386 4538 αὑτοῦ
1424 4488 1496 4556 (5)
1532 4488 1591 4540 τὸ
1633 4487 1795 4552 ἕλεος.

1910 4480 2298 4538 misericordia.
2325 4477 2463 4546 Quia
2493 4489 2548 4532 tu
2582 4480 2759 4532 reddes
2794 4479 3074 4552 unicuique
3115 4478 3267 4544 iuxta
3309 4493 3463 4548 opera

245 4579 366 4629 Ὅτι
405 4576 484 4630 σὺ
527 4574 853 4642 ἀποδώσεις
884 4576 1116 4642 ἑκάστῳ
1148 4577 1292 4630 κατὰ
1326 4579 1396 4632 τὰ
1422 4579 1565 4648 ἔργα
1593 4579 1798 4634 αὐτοῦ.

241 4664 316 4736 ’ᾮ
355 4668 463 4736 γὰρ
497 4668 688 4736 μέτρῳ
719 4669 997 4736 μετρεῖτε,
1042 4669 1597 4738 ἀντιμετρηθήσεται
1639 4672 1796 4740 ὑμῖν.

245 4756 504 4824 Ἐθλιψας
539 4759 631 4811 τὸν
670 4757 930 4826 ἀδελφόν;
976 4759 1191 4830 ἐκδέχου
1248 4760 1307 4812 τὸ
1342 4760 1470 4814 ἴσον.
1511 4761 1800 4833 Ἥρπασας

240 4847 312 4900 τά
341 4846 446 4898 τῶν
497 4847 914 4920 ὑποδεεστέρων,
961 4851 1401 4904 κατεκονδύλισαε
1437 4851 1674 4924 πένητας
1700 4852 1797 4924 (4),

242 4939 587 5010 κατῄσχυνας
611 4942 666 4993 ὲν
703 4941 1006 5013 λοιδορίαις,
1042 4943 1501 5015 ἐσυκοφάντησας.
1534 4945 1799 5014 κατεψεύ-

245 5049 344 5093 σω,
399 5029 694 5100 ἀλλοτρίοις
747 5031 1136 5094 ἐπεϐούλευσας
1183 5034 1399 5103 γάμοις,
1430 5033 1797 5105 ὲπιώρκησας,

242 5123 367 5190 ὅρια
431 5120 678 5192 πατέρων
735 5123 1035 5192 μετέθηκας
1076 5122 1174 5190 (5),
1228 5125 1496 5193 κτήμασιν
1555 5125 1802 5194 ὀρφανῶν

241 5213 497 5280 ἐπῆλθες,
527 5213 697 5283 χήρας
724 5211 1022 5283 essene“,
1051 5214 1146 5282 τὴν
1176 5213 1452 5286 παροῦσαν
1482 5214 1672 5285 ἡδονὴν
1697 5215 1802 5267 τῶν

240 5302 299 5353 ὲν
339 5303 688 5372 ἐπαγγελίαις
719 5301 936 5370 ἀγαθῶν
975 5305 1378 5375 προετίμησας;
1428 5306 1644 5376 ὲκδέχου
1688 5310 1806 5360 τού-

312 5395 357 5426 “
387 5397 568 5451 Matth.
601 5415 693 5464 vn,
723 5401 779 5453 ιι.

314 5493 426 5555 (99)
455 5492 529 5546 Ita
565 5496 726 5550 editio
762 5493 922 5550 Basil.
952 5505 1005 5549 et
1034 5511 1163 5550 mss.
1197 5496 1366 5550 multi.
1414 5490 1591 5547 Editin
1622 5487 1792 5545 Paris.

236 5563 391 5617 τοῦδε
416 5563 601 5634 ἀγρός.

313 5634 388 5704 (1)
427 5629 503 5684 Ιιει
525 5643 733 5704 septem
770 5650 896 5689 mss.
941 5636 1008 5687 At
1042 5635 1170 5688 editi
1224 5635 1315 5688 δύο
1359 5631 1530 5686 ταῦτα
1582 5629 1794 5704 ciuilio:

239 5699 368 5756 mss.
401 5703 429 5754 ὁ
477 5702 637 5774 αὑτὸς
671 5703 934 5774 ἐλεήμων.
979 5705 1120 5758 Editi
1157 5707 1370 5760 inverso
1411 5704 1596 5758 ordine
1641 5699 1793 5772 ἐλεή-

241 5791 360 5845 μων
383 5775 410 5826 ὀ
436 5772 614 5834 αὑτός.

556 5866 824 5927 Ριτιιοι.
859 5867 974 5928 Gn.
1016 5868 1242 5929 XXIX.

1899 4591 2016 4631 sua.
2047 4572 2248 4628 Etenim
2288 4589 2389 4644 qua
2417 4588 2659 4626 mensura
2701 4572 2861 4625 menti
2905 4571 3130 4638 fueritis.
3171 4576 3466 4626 remetiatur

1898 4666 2116 4721 vobis".
2137 4664 2383 4719 Amixisti
2409 4664 2665 4718 fratrem?
2685 4679 2781 4733 par
2807 4672 3079 4732 exspecta.
3109 4663 3347 4730 llapuisti
3383 4665 3464 4717 in-

1899 4759 2154 4813 feriorum
2178 4757 2464 4812 facultates
2499 4773 2513 4822 ;
2547 4757 2737 4826 pugnis
2778 4769 3039 4824 pauperes
3083 4754 3242 4825 199
3266 4756 3463 4812 cecidi-

1897 4851 1997 4915 sti;
2018 4866 2112 4919 per
2131 4851 2372 4904 convicia
2397 4847 2664 4903 incussisti
2699 4846 2972 4915 pudorem,
2998 4848 3354 4903 calumniatus
3380 4863 3457 4912 es,

1898 4942 2150 4998 mentitus
2176 4956 2257 5008 es,
2286 4941 2476 4996 alienis
2507 4940 2703 5008 nuptiis
2736 4942 2942 5009 paraSti
2973 4941 3214 5002 insidias,
3246 4939 3456 5008 peiera-

1900 5034 1992 5098 sti,
2021 5034 2281 5088 terminos
2306 5043 2514 5102 patrum
2546 5033 2947 5101 transposuisti,
2980 5032 3342 5098 orplianorum
3377 5033 3462 5086 in-

1900 5123 2086 5178 vasisti
2124 5125 2523 5195 possessiones,
2562 5122 2752 5178 viduas
2787 5121 3127 5190 Oppressisti,
3159 5123 3309 5177 bonis
3331 5137 3460 5191 pro-

1904 5215 2079 5269 missis
2111 5214 2391 5284 praetulisti
2437 5225 2750 5282 praesentem
2784 5212 3145 5280 voluptatem?
3168 5211 3346 5266 Vicem
3379 5216 3462 5268 liis

1903 5307 2113 5376 dignam
2157 5316 2428 5375 exspecta.
2475 5305 2659 5374 Qualia
2696 5304 2836 5358 enim
2886 5305 3247 5372 unusquisque
3284 5307 3454 5360 semi-

1975 5488 2051 5560 (2)
2087 5487 2178 5544 Sic
2205 5501 2408 5559 septem
2449 5507 2573 5546 mss.
2607 5493 2669 5545 At
2696 5493 2821 5548 editi
2851 5492 2967 5553 ἀλλ’
2996 5492 3217 5558 εἰδότες.

1976 5559 2052 5634 (5)
2081 5561 2307 5634 _Cudices
2349 5573 2453 5634 tres
2477 5563 2602 5634 παρ’
2627 5562 2791 5634 αὑτῷ.

1974 5632 2048 5702 (ι)
2080 5631 2205 5702 lleg.
2234 5633 2498 5685 secundus
2522 5631 2746 5702 πένητα.

1975 5700 2050 5768 (5)
2081 5699 2391 5752 Tilmannus
2412 5705 2586 5756 verbis
2611 5699 3018 5758 l’t'ovet‘biorum
3042 5720 3173 5767 χχιι,
3191 5702 3281 5765 ‘28,
3307 5704 3454 5767 ιιςιιὲι,

1907 5769 2016 5833 illa,
2062 5771 2184 5841 ὅρια
2222 5773 2499 5841 πατέρων,
2530 5787 2663 5839 etc.,
2689 5774 2764 5829 sic
2793 5777 3182 5844 ittlcrprcmtlls
3219 5771 3296 5829 ,I'u.
3320 5785 3406 5828 tat
3440 5789 3455 5827 :

3106 5866 3176 5924 16
