4026 6438
539 344 646 401 683

1880 341 1940 399 S.
1982 340 2231 400 BASlLll
2270 345 2487 403 MAGNI

3676 356 3777 410 εει

541 469 656 524 nat,
685 459 812 512 talia
850 466 905 514 et
949 466 1117 514 metet
1135 457 1204 515 δ’.
1232 456 1498 514 Caeterum
1530 458 1572 514 si
1605 457 1733 528 quid
1779 459 1943 515 etiam
1990 461 2094 515 bon

2216 482 2324 519 των
2355 466 2453 538 τὴν
2480 465 2886 540 ἀντιμέτρησιν.
2913 464 3014 523 υἷα
3040 470 3147 544 γὰρ
3175 471 3386 544 σπείρει
3412 471 3659 537 ἕκαστος,
3682 492 3783 529 τοι·

543 554 642 605 abs
673 560 725 607 te
753 557 1116 622 perpetratum
1143 551 1770 619 est,gremunerationem
1799 551 2110 621 prmstolare

542 643 631 699 illo
664 643 821 714 longe
855 642 1134 713 majorem.
1169 641 1306 708 Quia
1333 651 1389 696 tu
1415 641 1596 696 reddes
1640 643 1916 712 unicuique
1946 643 2106 712 juxta

538 752 698 806 opera
727 751 846 788 sua.
888 731 1059 802 Hujus
1106 736 1388 789 sententiae
1421 733 1466 788 si
1491 748 1587 804 per
1612 748 1823 789 omnem
1854 743 1998 789 tuam
2027 735 2108 788 vi-

540 837 650 881 tam
706 827 1037 892 memineris,
1074 825 1237 880 multa
1284 825 1486 896 poteris
1531 825 1706 880 vitare
1751 833 1972 895 peccata
2005 840 2018 878 :
2053 826 2103 880 in

537 920 755 976 Christo
776 917 902 975 Jesu
927 919 1153 973 Domino
1183 925 1389 984 nostro,
1417 916 1503 973 cui
1527 915 1697 988 gloria
1731 927 1789 973 et
1821 917 2105 989 imperium

539 1011 593 1066 in
627 1013 818 1069 szecula
845 1012 1184 1068 smeulorum.
1220 1012 1410 1066 Amen.

2214 555 2354 609 αὔτα
2404 556 2496 608 καὶ
2537 557 2762 626 θερίσει.
2815 559 2925 611 Καὶ
2959 560 3137 628 μέντοι
3189 561 3285 614 καὶ
3315 561 3369 614 εί
3409 579 3464 613 τι
3499 562 3609 614 τῶν
3641 565 3781 632 ἁγα-

2214 643 2322 697 θῶν
2341 646 2651 718 πέπρακταί
2684 665 2788 712 σοι,
2814 649 3078 704 κάκείνων
3108 651 3324 722 ἐκδέχου
3350 651 3783 716 πολλαπλασίους

2211 733 2310 800 τὰς
2347 738 2665 802 ἀντιδόσεις.
2722 739 2849 793 Ὅτι
2875 741 2956 794 σὺ
2985 741 3316 808 ἀποδώσεις
3357 742 3592 806 ἑκάστῳ
3635 750 3783 796 κατὰ

2212 828 2285 880 τὰ
2322 828 2463 898 ἔργα
2500 829 2706 884 αὐτοῦ.
2744 831 2959 903 Ταύτης
3009 833 3350 905 μεμνημένος
3404 835 3556 908 παρὰ
3607 837 3785 889 πάντα

2213 934 2308 971 σου
2355 919 2434 990 (6)
2463 921 2553 974 τὸν
2586 921 2700 991 βίον
2728 923 2827 994 τῆς
2866 924 3216 993 ἀποφάσεως,
3249 927 3452 999 δυνήσῃ
3499 927 3568 981 τὰ
3615 928 3785 980 πολλὰ

2216 1009 2328 1064 τῶν
2365 1012 2772 1085 ἁμαρτημάτων
2805 1017 3104 1088 διαφυγεῖν,
3147 1019 3205 1073 ὲν
3235 1019 3454 1092 Χριστῷ
3494 1019 3668 1091 Ἰησοῦ
3707 1019 3785 1090 τῷ

536 1104 728 1177 Κυρίῳ
748 1104 925 1176 ἡμῶν,
1016 1105 1049 1175 ἡ
1070 1102 1195 1168 δόξα
1231 1103 1324 1157 καὶ
1345 1103 1405 1156 τὸ
1432 1103 1632 1175 κράτος
1655 1105 1735 1167 εἰς
1763 1103 1888 1168 τοὺς
1909 1103 2111 1167 αἰῶνας
2142 1102 2251 1156 τῶν
2287 1102 2519 1160 αἰώνων.
2560 1108 2750 1180 Ἀμήν.

568 1244 3756 1268 W

991 1330 1057 1386 IN
1092 1328 1421 1386 PSALMUM
1465 1327 1648 1385 CXIV.

608 1427 661 1481 1.
688 1422 1010 1480 Jamdudum
1041 1431 1302 1492 occupato
1333 1423 1437 1477 hoc
1459 1435 1615 1476 sacro
1647 1422 1945 1493 Martyrum
1968 1429 2109 1475 tem-

535 1517 646 1590 plo,
670 1532 698 1571 a
733 1515 904 1571 media
933 1523 1089 1569 nocte
1129 1515 1196 1568 ad
1239 1514 1380 1568 hanc
1412 1527 1582 1582 usque
1613 1515 1890 1569 meridiem
1943 1514 2108 1566 Deum

538 1619 876 1681 martyrum,
920 1608 1044 1662 dum
1102 1605 1366 1660 adventus
1424 1613 1605 1659 noster
1657 1613 2106 1674 exspectaretur,

541 1702 758 1774 hymnis
779 1699 991 1772 placare
1016 1695 1350 1768 perrexistis.
1378 1696 1562 1768 Itaque
1580 1697 1730 1751 vobis
1761 1711 1824 1766 pa
1835 1704 1946 1749 rata
1969 1709 2110 1748 mer-

539 1810 633 1852 ces
664 1803 767 1858 est,
807 1791 896 1862 qui
928 1798 1228 1860 martyrum
1259 1789 1543 1852 honorem,
1584 1787 1788 1856 Deique
1821 1786 2020 1840 cultum
2055 1794 2110 1840 et

538 1900 730 1944 somno
759 1892 815 1940 et
866 1880 1032 1952 quieti
1077 1879 1448 1950 prmtuleritis.
1491 1878 1645 1945 Quod
1682 1879 1728 1932 si
1780 1891 1915 1946 opus
1949 1885 2112 1931 estut

537 1988 780 2035 nostram
816 1973 1056 2044 ipsorum
1087 1969 1454 2026 defensionem
1485 1967 1864 2037 suscipiamus,
1890 1981 2110 2022 causam

538 2086 637 2126 cur
675 2080 858 2123 moras
922 2060 1429 2131 interposuerimus,
1479 2073 1681 2128 vosque
1713 2058 2112 2115 deseruerimus

535 2158 760 2223 diutius,
791 2151 983 2211 dicturi
1033 2164 1220 2205 sumus
1253 2167 1267 2204 :
1309 2148 1454 2218 quod
1495 2147 1720 2202 alteram
1753 2148 1879 2203 huic
1927 2162 2109 2216 parem

539 2251 636 2307 Dei
682 2249 988 2314 ecclesiam,
1010 2261 1117 2302 non
1164 2241 1419 2299 mediocri
1466 2239 1749 2296 intervallo
1772 2255 1801 2293 a
1830 2239 1978 2294 vobis
2003 2240 2111 2292 dis-

534 2345 800 2416 iunctam,
831 2338 1288 2398 administrantes,
1319 2334 1460 2389 ismd
1480 2333 1585 2389 dici
1611 2333 1841 2402 spatium
1874 2332 1926 2386 in
1958 2331 2008 2386 id
2032 2333 2111 2386 in-

534 2435 946 2506 sumpserimus.
973 2433 1109 2488 Cum
1159 2429 1322 2500 igitur
1361 2426 1611 2483 tribuerit
1649 2425 1930 2491 Dominus,
1966 2434 2026 2478 ut
2057 2434 2112 2480 et

537 2525 676 2594 apud
709 2521 830 2576 illos
862 2516 1196 2588 impleverim
1249 2514 1606 2568 ministerium
1629 2553 1645 2577 ,
1685 2529 1786 2568 nec
1823 2514 1924 2567 sim
1949 2528 1977 2566 a
2015 2529 2109 2567 ve—

534 2624 649 2670 stra
671 2612 936 2669 charitate
974 2609 1290 2668 frustratus.
1329 2619 1538 2661 mecum
1581 2604 1828 2675 largitori
1871 2605 2108 2663 benefice

534 2703 740 2774 gratias
773 2701 935 2772 agite,
963 2700 1054 2770 qui
1081 2700 1223 2754 hanc
1249 2711 1410 2766 quam
1438 2695 1638 2750 videtis
1661 2696 1913 2764 corporis
1937 2698 2106 2752 nostri

534 2794 863 2850 debilitatem
891 2788 1150 2846 invisibili
1179 2802 1275 2842 sua
1320 2785 1558 2856 potentia
1599 2783 1817 2843 levavit.
1849 2785 2017 2841 Porro
2042 2799 2108 2839 ne

536 2886 741 2942 diutius
773 2883 1007 2938 detentis
1035 2880 1189 2934 vobis
1219 2879 1389 2933 simus
1430 2875 1675 2933 molesti;
1703 2876 1792 2929 ubi
1833 2891 2000 2944 pauca
2039 2893 2106 2931 ex

536 2991 602 3032 eo
629 2974 838 3046 psalmo
867 2985 1025 3043 quem
1057 2983 1154 3024 vos
1201 2971 1459 3023 canentes
1501 2964 1971 3034 deprehendimus,
2000 2966 2109 3020 dis-

534 3068 885 3131 seruerimus,
917 3080 982 3120 ac
1014 3063 1180 3120 verbo
1211 3059 1574 3117 consolatorio
1614 3073 1712 3128 pro
1751 3058 1950 3113 nostris
1981 3057 2108 3111 viri-

2550 1333 2658 1385 ΕΙΣ
2690 1333 2825 1386 TON
2863 1335 2986 1387 PIA'
3016 1336 3314 1390 ‘FAAMON
3343 1337 3440 1405 (7).

2285 1425 2335 1479 l.
2380 1425 2554 1480 Πάλαι
2586 1426 3084 1497 προκαταλαϐόντες
3125 1430 3216 1483 τὸν
3261 1430 3404 1502 ἱερὸν
3444 1429 3632 1483 τοῦτον
3673 1429 3783 1484 τῶν

2213 1516 2518 1587 Μαρτύρων
2544 1517 2729 1587 σηκὸν,
2749 1518 2813 1570 ὲκ
2836 1519 3006 1589 μέσης
3031 1519 3223 1585 νυκτὸς
3241 1521 3332 1575 τὸν
3354 1520 3486 1574 Θεδν
3511 1521 3620 1574 τῶν
3646 1538 3783 1593 μαρ-

2211 1604 2389 1676 τύρων
2429 1606 2515 1660 διὰ
2547 1607 2656 1661 τῶν
2691 1607 2872 1678 ὓμνων
2896 1611 3274 1682 ἐξιλεούμενοι,
3325 1612 3784 1684 διεκαρτερὴσατε

2217 1697 2376 1768 μέχρι
2400 1698 2500 1768 τῆς
2531 1700 2880 1772 μεσημϐρίας
2914 1701 3134 1772 ταύτης,
3159 1705 3258 1777 τὴν
3291 1707 3564 1778 ἡμετέραν
3599 1705 3782 1776 ἄφιξιν

2143 1823 2185 1879 Β
2214 1788 2588 1858 ἀναμένοντες.
2635 1792 2796 1862 Ὑμῖν
2830 1793 2926 1863 μὲν
2963 1791 3055 1847 οὖν
3097 1797 3190 1849 καλ⁸
3221 1795 3387 1851 ὕπνου
3415 1798 3508 1852 καὶ
3539 1796 3782 1852 ἀναπαὺο

2215 1895 2350 1942 σεως
2369 1881 2467 1952 τὴν
2495 1884 2574 1947 είς
2613 1885 2738 1948 τοὺς
2770 1886 3052 1957 μάρτυρας
3080 1885 3244 1957 τιμὴν
3271 1890 3362 1942 καὶ
3392 1890 3493 1962 τὴν
3521 1890 3616 1944 τοῦ
3645 1891 3780 1945 Θεοῦ

2209 1969 2461 2042 λατρείαν
2491 1975 2846 2045 προτιμῶσιν,
2878 1977 3091 2047 ἕτοιμος
3120 1977 3148 2028 6
3178 1977 3383 2047 μισθός.
3409 1981 3470 2034 Εἰ
3497 1981 3555 2034 δὲ
3583 1981 3663 2034 δεῖ
3688 1983 3782 2036 καὶ

2209 2061 2355 2132 ἡμᾶς
2393 2060 2528 2134 ὑπὲρ
2563 2065 2716 2132 ἡμῶν
2744 2067 2922 2120 αὐτῶν
2956 2067 3415 2140 ἀπολογήσασθαι,
3444 2072 3544 2141 τῆς
3577 2072 3783 2145 διατριο

2209 2153 2312 2223 ϐῆς
2327 2154 2512 2207 ἕνεκεν
2537 2155 2743 2225 καὶτῆς
2761 2158 2852 2210 ἐπὶ
2875 2159 3124 2212 πλεῖστον
3141 2161 3478 2230 ἀπολείψεως
3503 2165 3656 2233 ὑμῶν
3681 2165 3778 2237 (8),

2208 2245 2440 2318 ἐροῦμεν
2476 2247 2575 2318 τὴν
2625 2248 2821 2312 αἰτίαν,
2855 2251 2937 2303 δτι
2973 2251 3135 2322 ἄλλην
3172 2253 3432 2325 ὁμότιμον
3479 2256 3652 2330 ταύτῃ
3685 2257 3781 2310 τοῦ

2207 2338 2342 2393 Θεοῦ
2415 2341 2709 2413 ἐκκλησίαν
2768 2343 3209 2413 οἰκονομοῦντες,
3277 2346 3376 2400 οὐκ
3428 2345 3592 2418 ὀλίγῳ
3645 2349 3782 2419 πρὸς

2206 2430 2349 2500 ὑμᾶς
2373 2431 2746 2504 διειργομένην
2772 2433 2851 2503 τῷ
2881 2433 3228 2507 διαστήματι,
3252 2437 3342 2491 τὸν
3375 2437 3562 2509 χρόνον
3591 2438 3781 2491 τοῦτον

2205 2521 2305 2591 τῆς
2329 2523 2536 2594 ἡμέρας
2558 2513 3037 2596 καταναλώσαμεν.
3085 2527 3238 2580 Ἐπεὶ
3260 2522 3351 2580 οὖν
3378 2527 3576 2582 ἔδωκεν
3603 2531 3633 2582 6
3663 2528 3781 2582 Κύ-

2212 2627 2327 2681 ριος
2377 2613 2648 2677 κάκείνοις
2694 2613 2976 2684 πληρῶσαι
3012 2615 3108 2686 τὴν
3137 2615 3494 2687 λειτουργίαν,
3546 2617 3640 2671 καὶ
3704 2617 3779 2689 μὴ

2205 2703 2523 2774 διαμαρτεῖν
2548 2705 2646 2772 τῆς
2670 2703 2938 2775 ὑμετέρας
2961 2707 3196 2777 ἀγάπης,
3227 2709 3450 2762 ἀπόδοτε
3477 2709 3594 2780 μεθ’
3623 2711 3780 2781 ἡμᾶν

2204 2793 2301 2866 τὴν
2330 2793 2676 2864 εὐχαριστίαν
2702 2793 2781 2864 τῷ
2805 2795 3084 2868 εὐεργέτῃ,
3115 2798 3193 2867 τῷ
3216 2800 3314 2869 τὴν
3343 2800 3627 2873 ὁρωμένην
3657 2801 3781 2854 ταύ-

2203 2903 2304 2957 την
2343 2885 2437 2938 τοῦ
2469 2883 2718 2956 σώματος
2756 2883 2913 2956 ἡμῶν
2944 2885 3226 2939 ἀσθένειαν
3268 2891 3331 2958 τῇ
3371 2890 3586 2959 ἀοράτῳ
3614 2890 3778 2944 αὐτοῦ

2205 2977 2427 3046 δυνάμει
2449 2976 2891 3047 χειραγωγοῦντι.
2926 2977 3011 3040 Ὠς
3033 2977 3097 3029 ἂν
3120 2977 3175 3030 δὲ
3195 2976 3267 3048 μὴ
3285 2979 3375 3030 ἐπὶ
3395 2978 3572 3032 πλεῖον
3600 2996 3779 3054 παρα-

2204 3067 2523 3138 κατέχοντες
2559 3071 2700 3138 ὑμᾶς
2726 3067 2984 3140 ἀνιῶμεν,
3013 3068 3216 3142 βραχέα
3243 3070 3301 3136 ἐξ
3323 3061 3382 3122 οὗ
3411 3070 3778 3143 κατελάϐομεν

537 3165 634 3218 bus
658 3157 962 3228 paverimus
989 3163 1193 3207 vestras
1213 3147 1440 3213 animas,
1458 3149 1693 3219 singulos
1715 3149 1779 3202 ad
1804 3147 2101 3203 habendam

2205 3161 2461 3233 ᾀδομένου
2495 3161 2620 3231 ὑμῖν
2641 3160 2854 3231 ψαλμοῦ
2886 3159 3271 3230 διαλεχθέντες,
3299 3161 3392 3214 καὶ
3424 3159 3659 3232 τῷλόγῳ
3678 3163 3778 3232 τῆς

537 3250 783 3321 corporis
810 3260 992 3302 curam
1035 3241 1386 3298 dimitlemus.
1419 3238 1556 3302 Quid
1591 3240 1753 3308 igitur
1802 3249 1917 3292 erat
1961 3243 2101 3309 quod

536 3362 565 3401 ιι
599 3343 753 3399 vobis
788 3335 1122 3395 cauebatur?
1150 3331 1311 3386 Vsus.
1341 3328 1605 3393 LDilexi,
1638 3327 1833 3396 inquit,
1860 3330 2105 3397 quoniam

537 3435 779 3492 exaudiet
810 3430 1059 3486 Dominua
1093 3441 1266 3480 vocem
1295 3419 1549 3478 orationis
1578 3435 1723 3473 mew.
1773 3417 1887 3472 Non
1931 3417 2108 3486 cujus-

538 3529 619 3583 vis
652 3535 735 3581 cst
759 3524 939 3578 dicere
969 3537 984 3572 :
1011 3518 1182 3575 Dilexi
1213 3534 1231 3582 ;
1267 3519 1360 3571 sed
1395 3515 1529 3584 ejus,
1555 3513 1644 3582 qui
1685 3510 1797 3580 jam
1835 3510 2106 3582 perfectus

539 3630 641 3684 est,
671 3633 736 3672 ac
777 3612 1053 3671 servitutis
1083 3611 1329 3663 timorem
1374 3605 1784 3675 transgreditur,
1817 3615 1977 3673 atque
2005 3605 2102 3659 ad-

539 3709 772 3781 optionis
815 3705 1064 3774 spiritum
1115 3701 1340 3769 adeptus
1374 3707 1476 3754 est.
1526 3698 1594 3751 Et
1629 3696 1844 3764 quidem
1872 3711 1991 3749 cum
2024 3697 2105 3751 di—

541 3807 619 3858 xit
650 3820 667 3858 :
706 3800 898 3864 Dilexi,
928 3813 1034 3853 non
1079 3795 1348 3865 apposuit,
1373 3806 1562 3862 quem;
1592 3789 1684 3845 sed
1733 3788 2101 3852 subaudimus,

542 3895 709 3950 Deum
737 3894 1115 3945 universorum.
1150 3886 1301 3950 Quod
1329 3885 1472 3939 enim
1502 3882 1717 3952 proprie
1745 3879 1977 3934 amabile
2001 3890 2103 3943 est,

541 3988 648 4042 hoc
661 3986 911 4049 Deusest;
930 3976 1361 4048 quandoquidem
1375 3973 1604 4028 amabile
1621 3973 1672 4027 id
1684 3989 1804 4028 esse
1818 3971 2103 4037 definiunt,

541 4079 684 4151 quod
718 4075 897 4132 omnia
933 4078 1209 4140 expetunt.
1263 4065 1470 4121 Bonum
1521 4074 1700 4118 autem
1744 4073 1828 4118 est
1870 4065 2028 4128 Deus,
2053 4072 2107 4116 et

543 4173 796 4242 primum,
834 4175 889 4221 et
919 4167 1184 4219 bonorum
1223 4158 1695 4230 perfectissimum.
1732 4158 1908 4226 Ipsum
1943 4158 2109 4227 igitur

543 4265 728 4327 dilexi,
757 4261 1149 4324 Deum,eorum
1177 4269 1293 4323 quae
1313 4252 1604 4308 desiderari
1640 4259 1885 4320 possunt,
1917 4265 2106 4321 supre-

543 4372 721 4421 mum;
747 4363 906 4422 atque
952 4364 1049 4420 pro
1095 4360 1162 4402 eo
1204 4347 1304 4400 has
1335 4341 1708 4397 alliietationcs
1751 4357 1872 4397 cum
1911 4342 2105 4410 gaudio

543 4447 820 4517 amplexus
848 4457 986 4497 sum.
1013 4439 1141 4506 Quae.
1185 4445 1362 4492 autem
1401 4437 1510 4489 sint
1541 4433 1645 4498 hae,
1680 4432 1836 4502 paulo
1865 4440 1987 4503 post
2014 4447 2101 4486 re-

2206 3253 2603 3322 παρακλήσεως
2629 3251 2768 3304 κατὰ
2808 3251 2907 3321 τὴν
2930 3254 3236 3320 προσοῦσαν
3272 3255 3403 3324 ἡμῖν
3429 3253 3651 3323 ιῖύναμιν
3679 3254 3778 3320 τὰς

2203 3340 2379 3410 ψυχὰς
2405 3341 2558 3411 ὑμῶν
2602 3339 2918 3410 θρέψαντες,
2949 3340 3041 3391 ἐπὶ
3071 3341 3170 3410 τὴν
3193 3341 3285 3393 τοῦ
3315 3342 3566 3412 σώματος
3588 3347 3780 3414 ἐπιμέ-

2203 3430 2350 3483 λειαν
2380 3431 2609 3484 ἕκαστον
2644 3429 2976 3500 διαφήσομεν
3009 3427 3106 3498 (9).
3145 3430 3209 3482 Τί
3253 3432 3432 3484 τοίνυν
3465 3428 3534 3502 ἦν
3563 3434 3626 3487 τὸ
3661 3436 3779 3507 ᾀδό-

2207 3539 2407 3592 μενον;
2454 3522 2778 3592 ’Πγάπησα,
2815 3522 2998 3591 φησὶν,
3055 3520 3144 3572 ὅτι
3194 3523 3614 3576 είσακούσεεαι
3664 3528 3777 3579 Κύ-

2195 3630 2328 3682 ριος
2387 3611 2497 3681 τῆς
2528 3609 2733 3682 ρων-ῆς
2786 3611 2897 3680 τῆς
2945 3609 3207 3677 δεήσεως
3250 3629 3386 3680 μου.
3453 3613 3526 3666 Οὐ
3576 3619 3780 3681 παντός

2204 3707 2350 3758 ἐστιν
2379 3706 2550 3756 εἰπεῖν
2583 3702 2662 3763 τὸ,
2719 3700 3045 3769 Ἠγάπησα,
3090 3699 3225 3752 ἀλλὰ
3264 3700 3356 3753 τοῦ
3401 3701 3779 3772 τελειουμένου

2206 3793 2316 3865 (10)
2342 3795 2440 3865 ἤδη
2485 3793 2580 3846 καὶ
2611 3791 3028 3862 ὑπερϐαίνοντος
3052 3792 3142 3846 τὸν
3174 3793 3273 3862 τῆς
3299 3793 3542 3859 δουλείας
3591 3796 3776 3865 φόϐον,

2205 3889 2300 3942 καὶ
2336 3888 2394 3939 ἐν
2445 3885 2519 3956 τῷ
2547 3884 2815 3956 πνεύματι
2848 3885 3139 3956 γενομένου
3199 3887 3297 3958 τῆς
3350 3887 3648 3952 υἱοθεσίας.
3702 3891 3776 3942 Οὐ

2207 3979 2526 4047 πρόσκειται
2554 3979 2651 4049 μὲν
2684 3974 2776 4032 οὖν
2804 3977 2901 4049 τῷ,
2945 3979 3270 4047 Ἠγάπησα,
3297 3980 3376 4040 τὸ,
3403 3980 3541 4034 τινά
3564 3998 3577 4011 ”
3615 4000 3781 4052 προσ-

2208 4067 2535 4122 υπακούεται
2569 4071 2622 4123 δὲ
2669 4071 2796 4142 παρ’
2832 4070 2985 4141 ἡμῶν
3013 4072 3115 4132 ὅτι,
3150 4073 3257 4125 τὸν
3281 4073 3427 4126 Θεὸν
3452 4073 3571 4126 τῶν
3595 4076 3774 4129 ὅλων.

2207 4158 2280 4211 Τὸ
2307 4157 2414 4229 γὰρ
2447 4160 2647 4228 κυρίως
2678 4162 2978 4232 ἀγαπητὸν,
3003 4163 3031 4213 6
3062 4162 3532 4235 Θεὸς’ὲπειδήπερ
3559 4167 3776 4237 ἀγαπη-

2206 4251 2296 4304 τὸν
2327 4249 2595 4322 ὁρίζονται
2630 4247 2788 4311 εἶναι,
2815 4246 2874 4303 οὗ
2909 4253 3083 4305 πάντα
3121 4252 3347 4320 ἐφίεται.
3400 4255 3626 4321 Ἀγαθὸν
3659 4257 3716 4308 δὲ
3751 4261 3779 4310 6

2207 4341 2338 4405 Θεὸς
2368 4341 2500 4412 (Η),
2547 4343 2639 4395 xui.
2673 4342 2888 4414 πρῶτον
2922 4344 3014 4396 καὶ
3039 4342 3370 4399 τελειότατον
3395 4346 3503 4399 τῶν
3532 4347 3774 4415 ἀγαθῶν.

2208 4436 2377 4489 Αὐτόν
2407 4454 2465 4489 τε
2494 4431 2586 4488 οὖν
2618 4436 2878 4509 ἠγάπησα
2925 4439 3013 4493 τὸν
3046 4439 3198 4505 Θεὸν,
3230 4442 3338 4494 τῶν
3370 4441 3609 4514 ὀρεκτῶν
3645 4443 3776 4496 ὅντα

544 4515 749 4597 censet.
797 4533 1059 4590 Nimirum
1102 4537 1484 4587 commemorat
1532 4525 1744 4581 dolores
1779 4525 1994 4588 mortis,
2023 4523 2102 4577 iu-

2206 4527 2267 4581 τὸ
2299 4527 2543 4599 ἔσχατον,
2581 4532 2672 4584 καὶ
2699 4531 2766 4584 τὰ
2800 4532 2938 4586 ὑπὲρ
2972 4531 3134 4586 αὑτοῦ
3175 4533 3466 4604 παθήματα
3514 4536 3650 4606 μετὰ
3683 4553 3779 4606 λα’

619 4675 636 4706 ί
665 4673 872 4737 Gal.vr,
897 4671 951 4727 8.

550 4795 816 4850 Termino:
850 4809 976 4864 quos
1001 4797 1290 4859 posuerunt
1316 4796 1489 4855 patres
1525 4787 1602 4864 ιιιὶ
1645 4795 2087 4864 ennetrunsgres-

547 4869 680 4922 sua?
712 4865 819 4919 Sed
863 4855 974 4915 'virn
1001 4855 1292 4916 verborum
1326 4872 1431 4911 non
1479 4858 1611 4909 satis
1647 4855 1872 4922 exprimi
1943 4865 2088 4907 recte

547 4946 604 4990 et
628 4933 1030 5000 verejudieavit
1056 4929 1454 5000 eruditissimus
1478 4926 1560 5000 vir
1591 4925 1830 4979 Ducaeus.
1870 4923 2084 5000 Etenim

548 5006 692 5060 aliud
724 4992 808 5059 est
854 5001 1049 5072 limites
1098 5000 1240 5067 agris
1275 4995 1623 5072 positos__loc_o
1654 5011 1868 5072 movere
1889 5034 1904 5059 ,
1946 4992 2088 5072 aliud

547 5076 763 5130 eosdem
797 5063 1186 5126 deambulando
1209 5063 1530 5136 transgredi.
1566 5063 1880 5136 Ilievidere
1908 5073 1993 5118 est
2035 5063 2086 5136 in_

548 5146 783 5200 editione
809 5140 1096 5197 Parisiensi
1127 5131 1709 5213 multasinterrogandi
1736 5144 1891 5213 notas
1934 5149 1948 5185 :
1997 5131 2094 5213 sed

551 5231 672 5270 cum
720 5214 898 5268 absint
929 5225 959 5265 a
1007 5225 1136 5266 mss.
1177 5208 1395 5273 nostris,
1443 5219 1536 5261 eas
1576 5204 1832 5259 delendas
1879 5204 2098 5259 censui-

609 5301 690 5339 IIS.

551 5303 698 5426 mils}
723 5349 1015 5426 Colbertini
1042 5348 1251 5426 primus
1277 5355 1700 5426 etsextuscum.
1730 5341 1862 5412 Reg.
1903 5349 2101 5412 quarto

551 5415 726 5478 rvd'véa
752 5440 866 5476 σου.
891 5415 1059 5474 Deest
1076 5435 1168 5471 σου
1199 5418 1249 5470 in
1273 5418 1427 5470 editis
1459 5427 1513 5469 et
1540 5416 1592 5467 in
1615 5415 1734 5468 aliis
1759 5429 1886 5466 mss.

621 5495 697 5567 (7)
729 5494 903 5546 Prima
932 5490 1117 5567 psalmi
1142 5489 1322 5567 verba3
1353 5485 1659 5567 Ἥγάπησα,
1679 5486 1758 5567 ὅτι
1783 5481 2093 5567 εἰσακούσε-

549 5553 642 5619 ταί
667 5553 1409 5633 ΚύριοςηΒίιεπὶζᾳιιοιιὶαπι
1431 5553 1673 5633 exaudiet
1705 5553 1978 5633 Dominus,
2013 5553 2090 5606 le-

553 5625 825 5702 guntur-in
847 5631 1080 5702 editione
1117 5625 1405 5682 Ῥεῖ-ἰδίειιεί
1450 5641 1462 5676 :
1519 5625 1703 5702 sedet
1731 5625 1804 5675 ~iu
1854 5625 2093 5702 editione

554 5692 714 5758 Dasil.
747 5712 801 5755 et
829 5702 882 5755 in
910 5699 1111 5753 nostris
1136 5711 1323 5750 novem
1362 5712 1488 5748 mss.
1528 5695 1924 5747 desiderantur.
1961 5692 2088 5742 Sta-

550 5774 650 5830 tim
693 5774 808 5838 ipso
861 5771 1010 5827 initio
1068 5769 1194 5824 editi
1243 5764 1862 5836 ﬁpoxa:1).165v:s;.z\t
1923 5765 2089 5816 codex

2193 4780 2516 4854 Combel‘.el
2542 4783 2630 4835 alii
2655 4793 2789 4854 octo
2819 4783 3138 4854 simpliciter
3167 4782 3598 4850 καταλαϐόντες.

2265 4853 2340 4923 (8)
2367 4853 2665 4929 Colbertinj
2710 4853 2933 4929 tertius,
2978 4855 3218 4922 quintus,
3261 4864 3445 4909 sextus
3494 4869 3550 4912 et
3607 4863 3769 4929 septi-

2195 4938 2315 4991 mus
2345 4937 2596 4991 aequeac
2623 4923 2780 4990 Regii
2813 4935 3036 4991 quartus
3066 4933 3120 4975 et
3149 4934 3335 4980 sextus
3380 4942 3502 4980 cum
3536 4923 3776 4985 editione

2197 4989 2731 5064 Ράτίεζὰπολείψεως
2753 4989 2936 5064 ὑμῶν,
2967 4994 3322 5048 derelictiom's
3356 5009 3561 5051 πειτα).
3595 4999 3777 5056 Editio

2209 5077 2336 5140 vero
2362 5063 2520 5116 Basil.
2547 5074 2602 5117 et
2627 5061 2758 5134 Reg.
2792 5061 2980 5122 tertius
3013 5063 3354 5134 ἀπολείψεως
3379 5067 3561 5138 ἡμῶν,
3591 5071 3779 5124 abstn-

2210 5141 2297 5184 ιιω
2321 5143 2532 5186 ιιοδινω.

2282 5201 2358 5282 (β)
2387 5201 2578 5256 Nostra
2607 5202 2966 5282 editio‘Paris.
2992 5212 3048 5259 et
3083 5203 3188 5259 duo
3230 5220 3359 5261 mss.
3393 5205 3778 5282 διαφήσωμενε

2211 5270 2329 5344 Alii
2351 5282 2584 5344 quatuor
2612 5287 2739 5326 mss.
2764 5272 3114 5344 διαφήσομεν.

2285 5341 2396 5412 (10)
2427 5343 2725 5414 Qolbertini
2783 5341 3079 5414 pri'nius'et
3133 5345 3392 5414 septimus
3434 5345 3529 5399 τοῦ
3563 5348 3776 5405 τελείου

2219 5411 2398 5484 μόνον.
2425 5411 2578 5484 Coll).
2607 5411 2830 5484 quartus
2859 5412 2950 5466 τοῦ
2991 5411 3428 5484 τετελειωμένον.

2287 5483 2396 5551 (ll)
2427 5483 2579 5536 Colb.
2615 5483 2818 5551 primus
2857 5484 3069 5551 Ἀγάπη
3096 5484 3152 5535 δὲ
3198 5486 3226 5536 6
3279 5485 3430 5548 Θεὸς.
3465 5486 3610 5540 Ediii
3653 5505 3777 5541 cum

2195 5550 2316 5624 aliis
2373 5550 2502 5624 mss.
2547 5550 2789 5624 Ἀγαθρν
2825 5554 2880 5606 δὲ
2927 5555 2954 5605 6
2993 5550 3146 5616 Θεὸς.
3194 5552 3317 5609 Mox
3354 5556 3508 5609 Colb.
3546 5571 3778 5624 quartus

2191 5621 2659 5741 καλὸτελεὼτατον.
2702 5623 2946 5680 Subinde
2981 5624 3119 5678 idem
3151 5625 3318 5680 codex
3342 5625 3411 5679 τὰ
3445 5621 3584 5696 ὑπὲρ
3611 5627 3776 5680 αἰοτοῦ

2191 5707 2270 5741 πα
2305 5709 2361 5741 n.

2191 5707 2335 5745 παθη
2348 5733 2361 5745 .
