4026 6438
203 405 309 460 485

1359 393 1621 451 HOMILA
1656 391 1720 446 IN
1759 387 2089 444 PSALMUM
2129 386 2321 443 CXIV.

3336 383 3446 437 486

203 526 305 596 ρᾶς
335 521 696 594 ὑπεδεξάμην.
741 520 876 574 Τίνα
902 518 958 571 δέ
996 518 1112 570 ἐστι
1141 516 1332 578 ταῦτα,
1381 515 1574 588 μικρὸν
1616 513 1770 565 ὓστε-

1875 508 2006 564 ferni
2034 507 2291 578 pericula,
2323 505 2742 572 tribulationem,
2781 505 3020 561 dolorem
3057 525 3073 562 :
3109 523 3229 577 quae
3258 513 3441 565 omnia

207 632 295 686 ρον
325 616 674 684 διεξέρχεται,
719 613 817 690 τᾲς
855 612 1049 673 ὠδῖνας
1079 609 1172 663 τοῦ
1213 609 1460 671 θανάτου,
1503 607 1627 668 τοὺς
1656 623 1772 657 κινο

200 703 389 766 δύνους
411 703 504 756 τοῦ
536 705 685 776 ᾆδον,
708 703 807 772 τὴν
834 701 1030 769 θλίψιν,
1066 700 1161 772 τὴν
1193 699 1402 767 ὀδύνην,
1430 697 1571 766 ἅπερ
1599 696 1773 748 πάντα

201 794 352 863 αὐτῷ
379 795 635 866 ἀγαπητὰ
686 793 774 846 διὰ
800 792 895 862 τὴν
941 792 1073 862 πρὸς
1106 792 1234 844 Θεὸν
1263 791 1500 860 ἀγάπην,
1548 789 1639 840 καὶ
1676 787 1772 857 τὴν

202 885 412 952 ἐλπίδα,
443 871 539 956 τὴν
569 885 936 954 ἀποκειμένην
965 887 1076 949 τοῖς
1108 884 1175 936 τὰ
1198 882 1336 951 ὑπὲρ
1367 883 1464 952 τῆς
1493 879 1773 940 εὐσεϐείας

203 975 352 1048 πάθη
399 975 865 1045 καταδεχομένοις,
899 976 1166 1046 ἐφαίνετο.
1201 974 1275 1024 Οὐ
1316 972 1422 1043 γὰρ
1458 972 1606 1042 παρὰ
1637 987 1772 1042 προ-

202 1072 433 1143 αίρεσιν,
464 1068 580 1121 οὐδὲ
608 1068 790 1138 βιαίως
812 1069 905 1122 καὶ
929 1065 1462 1137 κατηναγκασμένως
1485 1062 1770 1135 ὑπέμεινα,

201 1167 357 1237 φησὶ,
397 1164 523 1226 τοὺς
571 1163 806 1232 ἀγῶνας,
843 1162 979 1216 ἀλλὰ
1034 1163 1230 1231 στοργῇ
1259 1176 1366 1212 τινι
1415 1158 1508 1210 καὶ
1539 1159 1772 1212 διαθέσει

202 1255 546 1326 ὑπεδεξάμην
572 1256 641 1308 τὰ
667 1256 896 1309 ἐπίπονα
915 1271 927 1283 ’
956 1253 1094 1306 ὥστε
1125 1254 1266 1323 ἔχειν
1309 1269 1375 1320 με
1401 1250 1579 1318 λέγειν
1602 1268 1614 1280 ο
1654 1253 1771 1302 Ὅτι

196 1344 379 1397 ἕνεκα
410 1343 524 1396 σοῦ
567 1344 973 1410 θανατούμεθα
1022 1341 1169 1408 ὅλην
1221 1339 1332 1405 τὴν
1363 1339 1606 1406 ἡμέραν.
1664 1339 1773 1390 Καὶ

200 1436 344 1488 ἔοικε
394 1438 564 1488 ταῦτα
621 1434 954 1502 ἰσοδυναμεῖν
995 1435 1107 1494 τοῖς
1149 1431 1240 1483 τοῦ
1283 1431 1622 1490 ’Λποστόλου,
1681 1431 1773 1482 καὶ

196 1523 310 1578 ἀπὸ
341 1525 440 1596 τῆς
473 1526 642 1595 αὐτῆς
672 1523 1125 1592 αὑτιῖίδιαθέσεως
1148 1521 1396 1591 λέγεσθαι
1425 1523 1502 1585 τὸ,
1537 1524 1630 1587 Τίς
1660 1521 1771 1591 (Ιὲ)

196 1614 358 1684 ἡμᾶς
400 1617 639 1684 χωρίσει
698 1612 816 1666 ἀπὸ
860 1611 970 1680 τῆς
1027 1612 1263 1683 ἀγάπης
1321 1610 1426 1664 τοῦ
1483 1609 1772 1676 Χριστοῦ;

196 1708 448 1775 θλίψις;
484 1705 521 1771 ἣ
563 1704 926 1772 στενοχωρία
947 1722 965 1769 ;
999 1706 1036 1773 ἣ
1089 1705 1377 1774 διωγμός;
1422 1703 1459 1772 ἣ
1491 1705 1704 1773 λιμός;
1735 1702 1772 1769 ἣ

195 1798 501 1867 γυμνότης
519 1811 536 1858 ;
558 1795 595 1864 ἢ
626 1795 945 1860 κι’νδω·ος;
976 1797 1006 1861 ἡ
1032 1795 1332 1862 μάχαιρίη
1369 1796 1656 1865 Ἥγάπησα
1680 1792 1773 1848 οὖν

1874 604 1944 658 ob
1971 603 2060 658 Dei
2090 615 2354 664 amorem,
2384 609 2438 655 et
2465 600 2533 654 ob
2564 614 2714 668 spem
2765 600 3054 668 repositam
3100 601 3166 655 iis
3187 602 3279 672 qui
3308 619 3444 674 :cru-

1876 710 2028 746 mnas
2083 692 2502 758 afﬂictioncsqne
2533 706 2627 762 pro
2668 689 2864 752 pietate
2899 690 3182 758 sustinent,
3210 693 3257 744 ei
3290 707 3438 745 arua-

1873 787 1995 840 bilia
2033 789 2375 842 videbantur.
2413 783 2527 836 Non
2549 781 2920 851 enim,iuquit,
2961 793 3156 851 praeter
3195 783 3432 838 volunta-

1874 887 2000 942 tem,
2033 893 2206 947 neque
2236 881 2307 941 vi,
2337 890 2510 945 neque
2564 877 2889 932 necessitate
2945 876 3058 930 hzrc
3102 877 3299 943 pertuft
3328 891 3446 932 cer-.

1877 971 2098 1033 tamina,
2125 972 2215 1024 Sed
2247 985 2428 1025 amore
2460 966 2691 1037 quodam
2721 978 2773 1021 et
2808 966 3002 1022 aﬂectu
3035 966 3196 1022 hosce
3230 968 3443 1025 labores

1875 1061 2035 1131 200
2057 1065 2289 1130 suscepi,
2329 1075 2385 1116 ut
2415 1061 2616 1132 possim
2669 1060 2846 1114 dicere
2878 1079 2892 1114 :
2928 1060 3192 1126 Quoniam
3235 1074 3444 1130 promer

1874 1163 1923 1206 te
1951 1151 2330 1219 mortiﬁcamur
2352 1161 2460 1204 tota
2485 1152 2650 1208 die“.
2682 1150 2858 1220 Atque
2891 1154 3000 1207 haec
3026 1155 3276 1209 videntur
3297 1156 3440 1210 idem

1876 1245 2053 1299 Valere
2083 1259 2146 1298 ac
2186 1242 2427 1312 Apostoli
2479 1249 2658 1308 verba,
2692 1256 2746 1299 et
2793 1243 2980 1297 eodem
3031 1245 3223 1300 all'ectu
3271 1248 3338 1304 ab
3375 1264 3442 1304 eo

1874 1336 2103 1407 proferri
2151 1348 2311 1404 atque
2357 1336 2424 1387 ab
2475 1334 2726 1402 Apostolo
2756 1355 2768 1390 :
2801 1337 2932 1401 Quis
2980 1352 3073 1390 nos
3115 1341 3374 1404 separabit
3407 1358 3441 1393 a

1874 1430 2126 1483 charitate
2174 1425 2414 1483 Christi?
2447 1426 2716 1479 tribulatio
2749 1431 2771 1481 ?
2801 1447 2866 1482 an
2897 1429 3141 1499 angustia
3174 1430 3198 1482 ?
3231 1447 3299 1484 an
3326 1448 3443 1498 per-

1875 1521 2068 1574 secutio
2104 1524 2128 1576 ?
2157 1538 2221 1572 an
2263 1521 2426 1589 [ames
2451 1519 2475 1572 .9
2504 1536 2570 1572 an
2601 1519 2809 1572 auditas
2848 1523 2871 1572 ?
2912 1540 2978 1575 an
3015 1523 3344 1591 periculum?
3374 1542 3444 1577 tm

1873 1609 2080 1679 gladius
2099 1612 2182 1664 ‘3?
2207 1611 2374 1666 Dilexi
2408 1610 2569 1678 igitur
2596 1609 2711 1664 haec
2740 1614 2943 1675 omnia,
2975 1617 3112 1680 quod
3134 1616 3328 1671 scirent
3358 1631 3443 1670 mc

1878 1701 1979 1755 sub
2005 1711 2307 1771 spectatore
2343 1712 2397 1758 et
2425 1702 2766 1772 prtemiorum
2799 1703 3049 1772 largitore
3077 1705 3299 1762 Domino
3330 1711 3443 1762 uni-

1879 1808 2188 1856 versorum,
2244 1810 2342 1865 pro
2391 1797 2591 1864 pietate
2647 1793 2886 1865 pericula
2918 1796 3118 1851 subire.
3180 1797 3441 1862 Quoniam

195 1883 370 1935 ταῦτα
407 1883 600 1947 πάντα,
634 1882 805 1945 εἰδὼς,
838 1883 918 1933 ὅτι
951 1880 1053 1932 ὑπὸ
1091 1882 1255 1950 θεατῇ
1279 1884 1370 1933 καὶ
1405 1883 1660 1955 ἀθλοθέτῃ
1693 1884 1768 1956 τῷ

1874 1889 2109 1943 exaudiet
2150 1888 2401 1942 Dominus
2427 1906 2593 1942 vocem
2621 1890 2876 1943 orationis
2906 1905 3053 1944 mem.
3087 1888 3177 1945 Sic
3202 1891 3343 1944 enim
3385 1905 3438 1945 et.

194 1973 441 2042 Δεσπότῃ
462 1972 569 2024 τῶν
602 1972 736 2024 ὅλων
765 1971 890 2032 τοὺς
919 1969 1056 2040 ὑπὲρ
1085 1970 1183 2040 τῆς
1219 1971 1499 2033 εὐσεϐείας
1533 1975 1771 2044 διαφέρω

194 2065 496 2128 κινδύνους.
528 2067 645 2117 ’Ότι
663 2065 1078 2119 εὶσακούσεται
1096 2067 1305 2135 Κύριος
1325 2064 1646 2135 τῆςφωνῆς
1666 2067 1772 2134 τῆς

193 2156 457 2224 δεήσεως
488 2175 626 2226 μου.
657 2145 809 2212 Οὕτω
844 2157 952 2230 γὰρ
977 2162 1069 2211 καὶ
1096 2159 1323 2222 ἕκαστος
1357 2159 1511 2230 ἡμῶν
1553 2157 1774 2212 δύναται

1876 1981 2102 2050 quilibet
2130 1989 2368 2035 nostrum
2402 1990 2790 2050 praeceptorum
2815 1982 3154 2038 difﬁcultates
3186 2000 3446 2054 superare

1877 2083 2074 2141 potest,
2103 2090 2222 2128 cum
2255 2089 2409 2128 suum
2442 2075 2566 2128 vitae
2600 2074 2898 2128 institutum
2925 2077 3294 2131 universorum
3336 2078 3444 2132 Dco

1880 2163 2024 2216 velut
2042 2164 2327 2231 spectatori
2353 2162 2626 2231 patefacit.

193 2251 257 2302 τὸ
287 2253 345 2304 ἐν
397 2254 514 2315 ταῖς
544 2254 781 2314 ἐντολαῖς
834 2253 1088 2304 ἐπίπονον
1145 2253 1399 2319 διανύειν,
1469 2248 1594 2307 ὅταν
1644 2254 1808 2308 οἱονεὶ
1846 2254 2009 2329 Θεατῇ
2059 2256 2136 2328 τῷ
2202 2256 2317 2328 Θεῷ
2350 2256 2460 2327 (15)
2513 2253 2618 2309 τῶν
2649 2256 2782 2310 ὅλων
2828 2256 3444 2333 ἐπιδεικνύμενοςῇτὴν

196 2345 394 2398 ἑαυτοῦ
431 2347 724 2398 πολιτείαν.

269 2437 323 2487 2.
362 2437 482 2487 ’Ὁτι
508 2436 710 2490 ἔκλινε
743 2439 805 2493 τὸ
842 2435 951 2506 οὖς
986 2441 1170 2494 αὐτοῦ
1202 2442 1350 2509 ἐμοί.
1395 2445 1658 2506 Ἔκλινεν,
1693 2441 1769 2496 εἴ-

196 2543 320 2587 πεν,
356 2525 452 2594 οὐχ
508 2527 595 2579 ἵνα
642 2531 957 2600 σωματικήν
999 2548 1120 2583 τινα
1173 2530 1378 2583 ἔννοιαν
1441 2531 1608 2604 λάϐῃς
1642 2533 1768 2602 περὶ

195 2617 333 2671 Θεοῦ
364 2612 477 2670 ὦτα
517 2618 752 2688 ἔχοντος,
795 2622 888 2673 καὶ
918 2619 1091 2675 ταῦτα
1136 2623 1270 2693 πρὸς
1295 2623 1354 2674 τὸ
1377 2625 1639 2693 ἠρεμαῖον
1669 2624 1768 2694 τῆς

196 2707 384 2779 φωνῆς
416 2710 976 2786 ὲπικλίνοντοςηὸπερ
1004 2713 1160 2783 ἡμεῖς
1195 2712 1452 2782 ποιοῦμεν
1479 2715 1613 2784 πρὸς
1645 2716 1771 2778 τοὺς

199 2800 396 2870 μικρὸν
463 2800 864 2871 φθεγγομένους
935 2802 1382 2874 προσεγγίζοντες,
1451 2804 1608 2875 ήμῶν
1672 2803 1772 2874 τὴν

195 2890 386 2962 ἀκοὴν,
431 2891 516 2944 ἴνα
541 2893 604 2944 ὲκ
641 2893 735 2944 τοῦ
782 2894 1046 2962 σύνεγγυς
1075 2897 1139 2964 τῇ
1173 2894 1420 2964 αἰσθήσει
1457 2895 1772 2966 παραδεξὼ-

200 2982 340 3051 μεθα
370 2983 429 3034 τὸ
469 2982 826 3054 λαλούμενον,
861 2985 974 3037 ἀλλ’
1014 2987 1316 3050 Ἕκλινεν,
1365 2982 1548 3047 εἶπεν,
1597 2989 1682 3039 ἵνα
1715 2989 1773 3039 τὸ

195 3071 394 3125 ἑαυτοῦ
425 3070 645 3135 ἀσθενὲς
678 3071 1030 3143 ἐπιδείξηται.
1067 3075 1186 3126 Ὅτι
1223 3074 1393 3145 χαμαὶ
1422 3075 1656 3144 κειμένῳ
1687 3093 1774 3145 μοι

197 3164 510 3235 συγκατέϐη
549 3165 635 3218 διὰ
673 3166 1113 3237 φιλανθρωπίαν·
1157 3169 1339 3231 οἱονεὶ,
1376 3166 1658 3238 ἀρρώστου
1694 3186 1774 3220 τι-

195 3255 288 3318 νος
315 3256 378 3308 ὲκ
405 3256 603 3326 πολλῆς
632 3257 912 3320 ἀσθενείας
938 3258 1056 3310 οὐδὲ
1091 3256 1420 3328 φθέγγεσθαι
1450 3258 1660 3330 τρανῶς
1689 3259 1777 3312 δυ-

196 3349 456 3418 ναμένου,
509 3349 887 3418 φιλάνθρωπος
940 3351 1120 3418 ἰατρὸς
1176 3352 1540 3421 προσαγαγὼν
1583 3353 1773 3406 ἑαυτοῦ

195 3441 296 3511 τὴν
328 3441 496 3510 ἀκοὴν
524 3443 587 3491 ὲκ
617 3441 710 3491 τοῦ
754 3441 1019 3508 σύνεγγυς
1060 3443 1320 3512 μανθάνοι
1353 3443 1459 3512 (Η)
1509 3445 1575 3496 τὰ
1610 3447 1776 3512 ἀναγ-

196 3535 329 3584 καῖα
379 3530 458 3600 τῷ
508 3530 788 3600 κάμνοντι.
852 3534 1136 3586 Ἔκλινεν
1180 3530 1274 3586 οὖν
1330 3534 1391 3586 τὸ
1443 3534 1550 3600 οὖς
1590 3536 1774 3588 αὐτοῦ

196 3622 349 3691 ἐμοί.
407 3623 470 3674 Ἠ
500 3623 606 3691 γὰρ
634 3623 753 3675 θεία
772 3624 907 3694 ἀκοὴ
935 3627 996 3677 οὐ
1025 3628 1208 3696 φωνῆς
1232 3626 1398 3679 δεῖται
1431 3627 1564 3698 πρὸς
1587 3628 1776 3698 αἴσθη-

199 3733 314 3768 σινο
351 3712 454 3769 οἶδε
488 3716 595 3787 γὰρ
623 3716 715 3769 καὶ¹
744 3719 798 3768 ὲν
832 3717 910 3787 τῷ
944 3721 1202 3789 κινήματι
1239 3721 1338 3790 τῆς
1374 3721 1599 3792 καρδίας
1638 3740 1775 3790 γνω-

201 3808 348 3878 ρίσαι
376 3810 444 3861 τὰ
475 3808 892 3880 ἐπιζητούμενα.
928 3811 997 3862 Ἦ
1033 3811 1132 3864 οὐκ
1158 3812 1397 3875 ἀκούεις,
1429 3815 1508 3865 ὅτι
1538 3814 1776 3884 Μωῢσῆς

201 3901 370 3970 μηδὲν
400 3900 786 3970 φθεγγόμενος,
818 3901 953 3954 ἀλλὰ
981 3905 1092 3966 τοῖς
1122 3903 1404 3974 ἀλαλήτοις
1437 3905 1627 3958 ἑαυτοῦ
1658 3923 1774 3958 στε-

197 3994 430 4060 ναγμοῖς
462 3993 804 4062 ἐντυγχάνων
851 3993 927 4064 τῷ
962 3994 1171 4065 Κυρίῳ,
1218 3995 1444 4063 ἠκούετο
1479 3997 1587 4065 (15)
1625 3997 1774 4068 παρὰ

193 4079 294 4133 τοῦ
335 4079 539 4151 Κυρίου
583 4081 858 4149 λέγοντος’
913 4085 972 4137 Τί
1017 4085 1175 4152 βοᾷς
1215 4085 1363 4154 πρὸς
1405 4085 1515 4154 μέ;
1549 4085 1700 4140 Οἶδεν
1743 4091 1772 4141 ὁ

198 4172 332 4235 Θεὸς
393 4174 487 4226 καὶ
539 4174 769 4243 αἵματος
817 4175 1046 4228 ἀκοῦσαι
1101 4178 1331 4242 δικαίου,
1379 4171 1423 4245 ᾧ
1457 4178 1677 4246 γλῶσσα
1709 4181 1769 4231 οὐ

200 4264 514 4334 πρόσεστιν,
559 4265 678 4317 οὐδὲ
711 4265 860 4335 φωνὴ
892 4266 984 4319 τὸν
1014 4267 1149 4338 ἀέρα
1186 4271 1430 4339 περῶσα.
1478 4271 1691 4341 Ἔργων
1717 4270 1773 4324 δὲ

198 4354 424 4408 δικαίων
455 4359 725 4427 παρουσία
761 4359 1138 4428 μεγαλοφωνία
1165 4361 1280 4413 ἐστὶ
1315 4362 1462 4432 παρὰ
1492 4361 1628 4431 Θεῷ.
1663 4362 1771 4417 Καὶ

198 4447 269 4497 ἐν
297 4444 426 4510 ταῖς
454 4445 698 4514 ἡμέραις
716 4466 834 4516 μου
866 4449 1313 4520 ἐπικαλέσομαι.
1357 4452 1542 4521 Ἡμεῖς
1571 4452 1688 4521 μὲν,
1716 4453 1772 4504 ὲν

201 4541 302 4609 μιᾷ
335 4539 760 4610 προσευξάμενοι
805 4545 1006 4614 ἡμέρα,
1048 4545 1079 4614 ἢ
1118 4546 1174 4596 ὲν
1217 4549 1313 4617 μιᾷ
1341 4547 1459 4618 ὥρα
1495 4547 1666 4618 βραχύ
1716 4564 1770 4599 τι

195 4630 316 4692 ταῖς
357 4629 649 4699 ἁμαρτίαις
694 4632 847 4702 ἡμῶν
896 4635 1417 4702 ὲπιστυγνάσαντες,
1455 4637 1769 4706 ἀμεριμνῶ-

200 4737 300 4789 μεν
331 4720 439 4791 (16)
483 4720 556 4784 ὡς
583 4722 684 4792 ἤδη
728 4740 781 4776 τι
815 4726 1133 4794 ποιήσαντες
1176 4727 1465 4797 ἐφάμιλλον
1496 4732 1560 4799 τῇ
1596 4730 1764 4800 κακίᾳ

196 4815 375 4884 ἡμῶν.
421 4814 481 4867 '0
517 4815 696 4884 μέντοι
747 4816 900 4884 am;
944 4820 1104 4870 παντὶ
1140 4819 1215 4888 τῷ
1248 4821 1422 4891 χρόνῳ
1473 4823 1569 4891 τῆς
1617 4819 1762 4890 ζωῆς

195 4905 392 4958 ἑαυτοῦ
443 4909 966 4980 παραμετρουμένην
1013 4911 1408 4964 ἐπιδείκνυσθαι
1453 4913 1598 4981 λέγει
1651 4913 1760 4982 (l7)

195 4998 296 5068 τὴν
350 4997 750 5067 ἐξομολόγησιν
815 5001 915 5053 Ἐν
970 5003 1099 5065 ταῖς
1155 5002 1398 5072 ἡμέραις
1462 5004 1570 5073 γάρ
1625 5024 1766 5074 μου,

271 5131 315 5164 ’⁵³
350 5131 490 5186 Psal.
522 5149 671 5197 xuii,
705 5135 794 5189 22.

412 5267 506 5343 §ic
537 5285 665 5324 mss.
696 5271 868 5323 multi.
903 5271 1077 5343 Editio
1109 5272 1279 5326 Paris.
1315 5275 1409 5343 τῷ.
1445 5275 1558 5337 Τίς.

297 5340 540 5418 βὸῌὶςε.
579 5343 786 5418 tertius
809 5342 1002 5418 οἱονεὶ-
1025 5341 1195 5418 θεατῇ
1233 5345 1324 5418 καὶ
1363 5340 1623 5417 ἆθλοθέτῃ
1683 5348 1762 5418 τῷ

195 5408 336 5483 θεῷ.
362 5407 479 5461 Sed
503 5426 624 5483 cunt
663 5411 933 5483 ἱΙΙιιι],καὶ
980 5407 1263 5483 ἀθλοθέτῃ,
1296 5416 1346 5467 in
1397 5417 1560 5469 editis
1595 5407 1658 5470 ’ἐι
1707 5407 1757 5470 ii.

197 5481 320 5554 aliis
352 5495 484 5554 mss.
515 5481 672 5554 desit,
705 5482 850 5534 credi
883 5484 1072 5535 merito
1095 5481 1271 5552 potes-t
1298 5487 1365 5538 ab
1394 5485 1572 5554 aliquo
1592 5487 1760 5541 libra—

200 5550 282 5604 rio
313 5550 551 5602 additum
586 5549 770 5603 fuisse.

270 5620 382 5688 (tt)
411 5619 546 5697 Editi
579 5635 699 5674 cum
731 5620 879 5676 Colb.
911 5623 1096 5691 quinto
1136 5624 1416 5695 μανθάνει.
1451 5628 1522 5681 Αι
1552 5637 1759 5697 septem

199 5703 331 5742 mss.
367 5688 644 5758 μανθάνοι.

269 5757 383 5828 (15)
411 5757 485 5810 Ita
513 5759 804 5814 Colbertini
834 5762 1057 5829 primus,
1086 5764 1308 5830 quintus
1337 5775 1389 5820 et
1417 5778 1603 5822 sextus
1633 5783 1754 5822 cum

199 5824 382 5893 Regiis
425 5830 662 5884 secundo
713 5841 768 5885 et
810 5824 1207 5896 quartofE'diti
1259 5852 1386 5892 vero
1417 5854 1539 5894 cum
1574 5838 1755 5898 Regiis

1945 2441 1997 2494 2.
2041 2441 2198 2494 Vens.
2226 2441 2279 2493 2.
2315 2441 2451 2507 Quia
2482 2439 2753 2494 inclinavit
2775 2457 2952 2494 aurem
2993 2460 3141 2498 suam
3177 2448 3322 2502 mihi.
3348 2446 3443 2503 In-

1875 2531 2120 2592 clinavit,
2165 2531 2368 2599 inquit,
2415 2548 2517 2586 non
2579 2546 2636 2587 nt
2674 2548 2988 2601 corpoream
3046 2539 3334 2602 quamdam
3373 2541 3442 2596 de

1877 2623 1985 2678 Deo
2035 2623 2307 2678 notionem
2354 2624 2609 2691 accipias,
2663 2626 2815 2693 quasi
2859 2626 3054 2680 habeat
3096 2644 3442 2695 aures,eas-

1877 2731 1981 2784 que
2007 2719 2073 2770 ad
2113 2716 2435 2770 submissam
2464 2730 2647 2770 vocem
2675 2716 2896 2772 inclinet
2933 2734 2947 2770 ς
2987 2719 3128 2786 quod
3179 2735 3276 2775 nos
3312 2737 3442 2793 erga

1880 2807 2002 2862 illos
2051 2809 2140 2876 qui
2199 2810 2325 2863 exili
2388 2824 2518 2864 voce
2575 2810 2899 2878 loquuntur,
2947 2812 3229 2876 cﬂieimus,
3282 2830 3443 2870 aures

1881 2909 2098 2954 nostras
2133 2899 2500 2964 admoventes,
2532 2912 2591 2952 ut
2624 2915 2687 2954 ex
2722 2901 2806 2954 illa
2838 2903 3184 2970 proximitate
3216 2904 3266 2959 id
3298 2908 3441 2974 quod

1882 2989 2100 3054 dicitur,
2127 3002 2288 3043 sensu
2323 2989 2722 3058 percipiamus:
2763 2989 2876 3052 sed,
2911 2989 3220 3057 Inclinavit,
3258 2996 3354 3058 ait,
3386 3006 3440 3050 ut

1881 3093 2031 3132 suam
2063 3082 2228 3148 ipsius
2257 3082 2532 3150 detegeret
2566 3080 2954 3137 inﬁrmitatem.
2987 3082 3438 3157 Quandoquidem

1879 3172 1944 3224 ad
1977 3186 2060 3224 me
2106 3172 2253 3225 humi
2289 3171 2556 3237 iacentem
2597 3174 2667 3225 ob
2701 3187 2851 3226 suam
2893 3189 3018 3244 erga
3055 3178 3300 3234 homines
3339 3184 3439 3235 be-

1881 3261 2238 3315 nevolentiam
2266 3260 2543 3314 descendit
2574 3277 2588 3312 :
2630 3261 2771 3314 velut
2801 3276 2922 3316 cum
2972 3265 3236 3336 benignus
3267 3272 3440 3326 medi-

1877 3368 1993 3419 cus,
2024 3353 2066 3407 si
2094 3352 2216 3421 quis
2236 3361 2474 3420 aegrotus
2502 3365 2610 3419 prae
2637 3352 2803 3404 multa
2839 3352 3158 3411 infirmitate
3188 3357 3333 3414 clare
3361 3360 3440 3415 lo-

1877 3445 1966 3513 qui
1998 3460 2101 3499 non
2132 3451 2312 3513 queat,
2351 3456 2414 3497 ea
2452 3457 2571 3512 quae
2601 3452 2726 3496 sunt
2772 3445 3051 3513 aegrotanti
3093 3452 3435 3516 necessaria,

1876 3553 1941 3590 ex
1973 3537 2290 3604 propinquo,
2335 3535 2448 3590 suis
2476 3535 2698 3589 auribus
2731 3535 2988 3602 admotis,
3024 3539 3236 3594 ediscit.
3269 3541 3440 3597 Incli-

1878 3627 2018 3679 navit
2046 3627 2226 3694 itaque
2269 3643 2446 3680 aurem
2491 3643 2641 3680 suam
2673 3628 2819 3680 mihi.
2871 3628 3070 3696 Utique
3111 3634 3324 3690 auditus
3356 3635 3442 3690 di-

1878 3719 2035 3772 vinus
2065 3733 2196 3771 voce
2229 3734 2332 3770 non
2365 3717 2568 3787 indiget.
2600 3719 2666 3770 ad
2700 3719 3128 3788 percipiendum,
3167 3724 3435 3792 siquidem

1878 3813 2041 3881 petita
2069 3813 2229 3865 etiam
2252 3813 2304 3866 in
2333 3811 2510 3866 cordis
2542 3822 2686 3867 motu
2713 3826 3037 3880 cognoscere
3059 3816 3221 3870 valet.
3249 3815 3437 3874 Nonne

1875 3907 1980 3960 scis
2000 3922 2062 3961 ex
2094 3906 2296 3962 auditur.
2323 3904 2464 3973 quod
2491 3904 2704 3973 Moyses
2734 3905 2864 3957 nihil
2892 3905 3143 3974 loquens,
3177 3909 3270 3962 sed
3306 3915 3440 3965 taci-

1876 4000 1945 4055 tis
1974 3999 2085 4053 suis
2127 3998 2374 4067 suspiriis
2416 3995 2699 4049 Dominum
2740 3995 3112 4064 interpellans,
3147 4013 3175 4050 a
3205 3998 3435 4054 Domino

1875 4094 2190 4147 audiebatur
2231 4091 2442 4144 dicente
2475 4105 2490 4143 :
2529 4089 2667 4152 Quid
2705 4088 2897 4142 clamas
2939 4090 3008 4141 ad
3053 4106 3135 4143 me
3165 4091 3246 4144 “?
3273 4092 3434 4147 Novit

1876 4183 2017 4238 Deus
2049 4182 2135 4236 vel
2175 4179 2486 4250 sanguinem
2536 4180 2667 4249 justi
2717 4180 2922 4244 audire,
2977 4181 3063 4234 cui
3110 4195 3209 4235 nec
3255 4183 3436 4253 lingua

1875 4275 2035 4336 inest,
2066 4288 2163 4327 nec
2191 4287 2289 4326 vox
2319 4285 2498 4326 aerem
2535 4285 2838 4339 permeans.
2858 4271 2995 4337 Quin
3020 4272 3182 4326 etiam
3212 4288 3436 4344 operum

1870 4367 2135 4434 justorum
2161 4365 2445 4432 praesentia
2474 4365 2679 4418 clamor
2708 4379 2936 4432 magnus
2966 4366 3106 4432 apud
3135 4366 3302 4419 Deum
3326 4378 3430 4421 est.

1808 4475 1850 4524 n
1876 4457 1941 4512 Et
1972 4460 2023 4511 in
2056 4458 2234 4510 diebus
2265 4458 2392 4510 meis
2423 4455 2690 4508 invocabo.
2725 4454 2832 4507 Nos
2875 4455 3122 4521 equidem
3170 4470 3290 4508 cum
3331 4471 3434 4508 ttna

1877 4549 1962 4604 die
1984 4548 2278 4610 oravimus,
2310 4547 2390 4600 vel
2421 4562 2515 4614 per
2542 4561 2701 4599 uuam
2729 4546 2914 4599 horam
2940 4543 3087 4596 brevi
3125 4542 3301 4612 aliqua
3338 4548 3438 4598 tri-

1877 4640 2022 4694 stitia
2077 4641 2144 4693 ob
2183 4645 2402 4706 peccata
2448 4635 2644 4688 fuimus
2690 4632 2891 4694 atiecti,
2946 4631 3124 4688 securi
3174 4634 3432 4697 vivimus,

1880 4741 2130 4798 tanquam
2183 4729 2225 4782 si
2277 4726 2548 4795 quidpiam
2601 4725 2741 4792 quod
2801 4722 3138 4791 iniquitatem
3193 4735 3436 4778 nostram

1876 4828 2249 4892 compensaret
2291 4833 2319 4871 a
2351 4817 2504 4872 nobis
2537 4825 2800 4885 patratum
2847 4824 3010 4870 esset.
3046 4813 3151 4866 Sed
3188 4814 3276 4868 bic
3308 4831 3438 4870 san-

1875 4924 1991 4968 ctus
2025 4910 2441 4972 confessionem,
2466 4923 2584 4978 qua:
2614 4922 2773 4962 omne
2800 4907 2928 4960 vita?
2959 4920 3070 4958 suae
3101 4914 3312 4973 tempus
3342 4909 3436 4962 ad-

1877 5005 2049 5060 metiri
2087 5003 2276 5073 possit,
2311 5002 2577 5055 editurttm
2602 5013 2660 5053 se
2687 4997 2955 5051 afﬁrmat:
2995 4992 3248 5047 Omnibus
3276 4996 3436 5063 enim,

871 5135 914 5168 ⁸³
952 5137 1109 5190 Rom.
1149 5153 1264 5200 vm,
1296 5138 1384 5192 '53.
1457 5141 1503 5171 “
1542 5141 1712 5195 Exod.
1740 5157 1850 5206 xrv,
1884 5142 1986 5196 15.

1880 5279 2035 5332 tertio
2068 5287 2122 5331 et
2149 5287 2298 5330 sexto
2331 5279 2552 5348 ἢκουσε.
2582 5276 2699 5331 Mox
2737 5292 2866 5332 mss.
2904 5279 3057 5332 ιτεεὸ
3091 5278 3241 5340 Θεός.
3280 5279 3440 5333 Deest

1876 5349 2136 5401 articulus
2172 5348 2223 5400 in
2279 5349 2438 5401 editis
2474 5357 2529 5400 et
2580 5349 2629 5399 in
2673 5348 2792 5401 aliis
2832 5363 2961 5401 mss.
3024 5348 3266 5402 Subinde
3301 5367 3433 5404 mss.

1876 5433 2066 5471 novem
2098 5417 2325 5470 δικαίου.
2358 5418 2494 5470 Editi
2530 5417 2770 5468 δικαίων.

1947 5487 2057 5557 (16)
2094 5487 2244 5542 Colb.
2274 5497 2498 5557 quartus
2524 5486 2940 5556 ἀμεριμνῶμεν.
2996 5486 3133 5540 Editi
3167 5501 3287 5540 cum
3321 5487 3437 5557 plu-

1872 5557 2022 5628 rimis
2049 5574 2180 5628 russ.
2210 5556 2642 5628 ἀμεριμνοῖῳεν.
2664 5557 2874 5628 ibidem
2908 5566 3138 5628 quatuor
3183 5573 3317 5610 mss.
3360 5556 3436 5620 ὡς

1871 5627 1991 5697 ἤδη.
2035 5626 2180 5697 Editi
2213 5626 2335 5680 eum
2365 5643 2471 5680 uno
2504 5635 2596 5697 aut.
2627 5626 2798 5680 altero
2822 5641 2920 5681 ms.
2950 5626 3024 5688 ὡς
3059 5626 3144 5696 δή.

1940 5695 2050 5767 (Π)
2076 5697 2150 5751 lta
2180 5697 2344 5751 editio
2383 5696 2548 5750 Basil.
2591 5711 2712 5767 eum
2750 5711 2938 5767 novem
2973 5695 3126 5767 mss.,
3153 5695 3436 5767 necaliter

1867 5765 1995 5836 legit
2020 5764 2309 5835 interpres.
2347 5768 2522 5822 Editio
2545 5765 2722 5822 Paris.
2753 5765 3156 5818 ἐπιδείκνυσθαι
3188 5764 3391 5835 μέλλει.
