4026 6436
595 381 698 436 487

1936 374 1995 429 S.
2033 372 2277 429 BASlLll
2320 373 2534 431 MAGNI

3729 372 3831 426 488

597 499 793 570 inquit,
833 493 1013 550 diebus
1057 492 1182 548 meis
1225 491 1496 546 invocabo.
1537 471 1740 545 Deinde
1787 499 1845 544 ut
1882 505 1949 544 ne
1991 493 2153 546 Deum

2259 493 2423 562 φησὶ,
2457 491 2680 560 πάσαις
2725 492 3176 563 ἐπικαλέσομαι.
3210 485 3342 545 Εἶτα
3381 491 3470 544 ἵνα
3513 491 3587 564 μὴ
3619 488 3834 560 οἰηθῇς,

595 594 662 648 ah
720 591 839 659 ipso
897 597 1178 656 propterea
1255 585 1560 637 invocatum
1631 582 1795 636 fuisse
1856 583 2154 650 existimes,

592 680 734 751 quod
787 679 838 732 iu
885 677 987 730 hac
1023 674 1133 727 vita
1180 673 1341 727 rebus
1394 674 1645 728 secundis
1692 681 1950 737 uteretur,
1998 676 2158 744 eique

594 782 852 840 prospere
899 765 1257 822 succederent
1297 765 1513 830 omnia;
1560 771 1749 817 narrat
1791 758 2158 820 calamitatum

595 858 1052 928 magnitudinem,
1099 857 1150 908 in
1195 854 1393 922 quibus
1445 855 1771 909 c0ustitutus
1817 870 2157 928 nequaquam

594 951 828 1007 nominis
874 948 968 1002 Dei
1017 945 1217 1000 oblitus
1249 953 1352 1000 est.
1400 945 1557 999 Vens.
1602 945 1656 999 5.
1687 945 2158 1004 Cirrumdederunt

593 1063 674 1100 me
718 1044 884 1109 enim,
929 1040 1124 1110 inquit,
1168 1037 1378 1094 dolores
1421 1038 1628 1105 mortis,
1676 1041 1913 1108 pericula
1963 1044 2158 1110 inferni

593 1141 901 1194 invenerunt
930 1151 1030 1188 me.
1057 1132 1120 1187 lli
1144 1131 1362 1203 quidem
1393 1130 1604 1186 dolores
1639 1134 1856 1200 proprie
1889 1151 2155 1203 usurpan-

597 1243 686 1286 tur
714 1230 778 1284 ad
807 1225 1190 1296 signiﬁcandos
1224 1223 1494 1294 puerperii
1526 1222 1760 1289 dolores,
1809 1241 1930 1280 cum
1974 1235 2159 1280 venter

594 1326 661 1379 ad
693 1333 954 1377 tumorem
989 1332 1159 1387 usque
1186 1317 1475 1380 distentus,
1510 1315 1659 1372 foras
1690 1316 1855 1372 letum
1891 1316 2153 1385 impellit:

593 1413 786 1468 deinde
817 1424 944 1464 vero
974 1409 1132 1479 201
1165 1416 1348 1477 partes
1381 1406 1642 1478 genitales
1671 1422 1869 1478 pressae
1897 1447 1910 1470 ,
1944 1417 2000 1461 et
2045 1408 2156 1462 cir—

591 1519 713 1562 cum
748 1504 915 1559 fetum
958 1500 1378 1558 distensionibds
1416 1501 1990 1570 contractionibusque
2031 1518 2158 1555 ner-

593 1612 782 1654 vorum
810 1595 1070 1661 dilatata,
1096 1595 1442 1651 acutissimos
1468 1595 1679 1649 dolores
1705 1601 1762 1647 et
1781 1596 2006 1649 acerbos
2031 1610 2157 1649 crn-

590 1691 766 1746 ciatus
807 1688 1236 1760 parturientibus
1271 1695 1479 1740 creant.
1509 1683 1812 1739 Transtulit
1853 1696 2030 1742 autem
2061 1688 2158 1740 do-

593 1781 734 1836 lores
765 1789 951 1850 partus
980 1779 1045 1832 ad
1083 1779 1225 1846 ipsos
1250 1776 1414 1830 etiam
1461 1776 1650 1832 mortis
1684 1775 1935 1842 dolores,
1966 1779 2056 1847 qui
2101 1779 2152 1832 in

2260 587 2339 638 ὅτι
2367 587 2710 655 ὲνευημερῶν
2734 585 2811 658 τῷ
2843 586 2942 656 βίῳ
2972 586 3167 655 τούτῳ,
3193 585 3288 639 καὶ¹
3320 582 3535 637 πάντων
3556 582 3703 653 αὐτῷ
3731 581 3839 635 τῶν

2261 677 2600 748 πραγμάτων
2653 678 2793 732 κατά
2839 677 2967 749 ροῦν
3011 679 3341 747 προϊόντων,
3390 677 3714 730 ἐπεκαλεῖτο
3748 673 3839 726 τὸν

2262 767 2416 834 Θεὸν,
2445 768 2713 838 διηγεῖται
2746 770 2808 822 τὸ
2839 767 3065 839 μέγεθος
3099 766 3209 820 τῶν
3235 765 3630 839 περιστάσεων,
3665 768 3724 820 ὲν
3750 758 3838 827 αἷς

2263 859 2376 932 (18)
2413 861 2488 914 ῶν
2518 861 2620 915 ούκ
2650 862 2944 916 ἐπελάθετο
2967 859 3062 913 τοῦ
3083 858 3345 930 ὀνόματος
3371 858 3464 914 τοῦ
3491 856 3648 912 Θεοῦ.
3673 863 3838 927 Περι-

2257 951 2448 1022 έσχον
2484 952 2592 1024 γάρ
2633 969 2729 1022 με,
2762 955 2945 1025 φησὶν,
2997 951 3205 1015 ὠδῖνες
3246 951 3526 1017 θανάτου,
3564 949 3840 1004 κίνδυνοι

2259 1043 2407 1112 ᾷδου
2438 1044 2701 1113 εῦροονὰν
2737 1061 2832 1114 με.
2879 1044 3096 1117 Κυρίως
3132 1043 3230 1114 μὲν
3273 1042 3331 1096 αἱ
3370 1043 3556 1108 ὠδῖνες
3595 1041 3689 1097 ἐπὶ
3731 1043 3839 1094 τῶν

2259 1136 2400 1191 κατὰ
2421 1137 2521 1200 τὰς
2544 1138 2768 1209 κυήσεις
2792 1135 2990 1191 ὀδυνῶν
3017 1137 3121 1190 εἰσι
3143 1132 3496 1204 τεταγμέναι,
3524 1137 3671 1199 ὃταν,
3701 1132 3838 1202 πρὸς

2257 1227 2420 1296 ὅγκον
2448 1229 2480 1298 ή
2513 1229 2724 1300 γαστὴρ
2757 1227 3162 1300 διεγειρομένη,
3189 1226 3304 1297 ῶθῇ
3337 1227 3398 1278 τὸ
3428 1225 3667 1297 ἔμϐρυον
3701 1225 3839 1296 πρὸς

2255 1321 2317 1374 τὸ
2347 1321 2451 1386 ἔξω
2474 1322 2586 1394 (19)
2606 1339 2618 1352 ο
2651 1318 2770 1376 εἶτα
2800 1320 3090 1391 θλιϐόμενα
3117 1319 3184 1375 τὰ
3212 1316 3506 1388 γεννητικὰ
3539 1320 3708 1390 μέρη,
3744 1318 3839 1369 καὶ

2258 1416 2671 1488 περιτεινόμενα
2709 1415 2786 1488 τῷ
2833 1416 3075 1486 κυήματι
3115 1415 3386 1485 σπασμοῖς
3423 1413 3516 1465 καὶ
3550 1415 3838 1475 συνολκαῖς

2255 1509 2363 1562 τῶν
2407 1507 2549 1573 ἰνῶν,
2585 1508 2846 1574 ὀξυτάτας
2884 1507 3184 1578 ἀλγηδόνας
3216 1508 3310 1562 καὶ
3353 1504 3604 1575 δριμείας
3643 1507 3839 1569 ὀδύνας

2256 1604 2474 1674 ἐμποιεῖ
2515 1606 2637 1668 ταῖς
2673 1603 3005 1666 τικτούσαις.
3044 1604 3362 1674 Μετήνεγκε
3398 1599 3454 1652 δὲ
3491 1597 3591 1661 τὰς
3641 1597 3839 1659 ὠδῖνας

2256 1695 2350 1749 καὶ
2381 1695 2472 1747 ἐπὶ
2503 1694 2598 1748 τοῦ
2629 1695 2883 1758 θανάτου,
2914 1694 3011 1756 τὰς
3039 1691 3465 1763 περιϊσταμένας
3501 1686 3562 1741 τὸ
3603 1685 3745 1748 ζῶον
3779 1688 3837 1736 ὲν

2257 1786 2334 1858 τῷ
2370 1785 2618 1857 μερισμῷ
2650 1787 2749 1858 τῆς
2781 1785 2960 1857 ψυχῆς
2987 1784 3080 1838 καὶ
3109 1781 3204 1836 τοῦ
3240 1781 3507 1852 σώματος.
3543 1777 3710 1831 Οὐδὲν
3741 1771 3836 1828 οὖν

593 1871 790 1926 animm
830 1879 885 1924 et
923 1867 1166 1937 corporis
1214 1866 1481 1921 divisione
1511 1865 1710 1920 animal
1753 1868 2024 1923 obsident.
2068 1870 2153 1925 Ait

2258 1897 2391 1952 φησι
2424 1880 2642 1950 μέτριον
2678 1878 3022 1939 πεπονθέναι,
3058 1875 3192 1930 ἀλλὰ
3224 1875 3386 1945 μέχρι
3414 1873 3506 1928 καὶ
3535 1870 3716 1926 αὐτῶν
3743 1886 3839 1920 πε-

592 1962 756 2032 igitur
795 1975 853 2016 se
889 1958 1026 2015 nihil
1053 1957 1320 2013 mediocre
1348 1972 1564 2026 passum
1592 1972 1738 2021 esse,
1771 1959 1880 2016 imo
1911 1975 1970 2014 se
2013 1961 2156 2029 ipsos

591 2070 809 2128 quoque
848 2053 1040 2108 mortis
1077 2049 1291 2107 dolores
1329 2061 1612 2120 expertum
1655 2051 1857 2115 fuisse,
1896 2062 2055 2119 atque
2103 2054 2154 2108 iu

591 2147 888 2220 periculum
923 2147 1212 2201 descensus
1255 2142 1454 2197 inferni
1488 2143 1800 2197 deductum.
1827 2142 1962 2197 Num
1994 2145 2158 2215 igitur

594 2243 706 2297 hac
734 2239 845 2295 sola
878 2240 943 2292 de
971 2235 1168 2306 quibus
1199 2234 1482 2304 gloriatur,
1511 2233 1754 2302 pertulit,
1793 2250 1915 2288 cum
1947 2235 2155 2308 alioqui

590 2335 779 2390 istliasc
803 2344 943 2398 saepe
984 2344 1084 2383 nec
1118 2327 1419 2382 voluntaria
1457 2327 1674 2396 quidem
1710 2327 1854 2381 sint?
1887 2325 2031 2386 Nihil
2062 2344 2160 2383 au-

593 2435 697 2482 tem
729 2431 974 2479 coactum
1017 2417 1285 2474 laudabile
1334 2426 1435 2473 est.
1467 2418 1537 2472 At
1576 2417 1699 2472 vide
1733 2418 1893 2487 hujus
1937 2420 2157 2474 athletae

591 2514 1112 2589 magnanimitatem.
1158 2511 1450 2581 Postquam
1501 2510 1644 2567 enim
1675 2508 2151 2567 Circumdederunt

589 2627 669 2666 me
695 2609 902 2663 dolores
924 2607 1126 2671 mortis,
1155 2614 1204 2658 et
1227 2605 1463 2672 pericula
1486 2603 1684 2670 inferni
1716 2604 2022 2660 invenerunt
2052 2621 2151 2668 me,

592 2713 799 2759 tantum
822 2699 994 2755 abluit
1025 2706 1084 2752 ut
1121 2697 1205 2752 his
1234 2695 1619 2751 teutationibus
1650 2697 2064 2762 snccnbuerim,
2099 2709 2157 2753 ut

589 2798 753 2852 etiam
796 2793 1026 2861 me-ipse
1058 2799 1248 2860 sponte
1292 2787 1674 2843 teutaminibus
1711 2788 1878 2842 multo
1911 2789 2154 2857 pluribus

595 2884 908 2957 objecerint.
959 2881 1301 2952 Aﬂlictionem
1348 2888 1394 2932 et
1436 2877 1667 2931 dolerent
1713 2889 1771 2932 ut
1801 2879 1982 2933 volens
2025 2879 2150 2932 mihi

589 2981 703 3049 ipse
737 2975 1060 3044 excogitavi,
1091 2972 1163 3025 ita
1201 2986 1306 3023 non
1353 2970 1552 3023 invitus
1580 2970 1647 3022 ab
1677 2969 1754 3022 eis
1788 2971 2154 3037 apprehensus

588 3083 730 3125 sum.
761 3065 1036 3135 Siquidem
1076 3063 1130 3116 in
1163 3059 1538 3130 superioribus
1570 3058 1816 3112 Pericula
1850 3061 2044 3128 inferni
2066 3066 2154 3115 in-

2259 1971 2550 2044 πειρᾶσθαι
2577 1973 2685 2028 τῶν
2713 1972 2915 2026 ὠδίνων
2941 1968 3036 2021 τοῦ
3067 1966 3320 2027 Θανάτου,
3354 1967 3448 2018 καὶ
3479 1966 3558 2027 εἰς
3592 1960 3837 2015 κίνδυνον

2257 2070 2355 2139 τῆς
2377 2067 2731 2131 καταῦἀσεως
2755 2065 2846 2119 τοῦ
2873 2063 2998 2135 ᾆδου
3020 2060 3264 2130 ἀφῖχθαι.
3300 2053 3425 2129 'Ap‘
3455 2054 3547 2110 οὖν
3576 2056 3671 2109 καὶ
3701 2053 3838 2124 μόνα.

2255 2158 2426 2214 ταῦτα
2479 2159 2748 2212 πέπονθεν
2795 2155 2879 2224 ἐφ’
2925 2149 3007 2217 οἷς
3056 2149 3398 2222 σεμνύνεται,
3437 2150 3471 2219 ἢ
3505 2148 3681 2200 ταῦτα
3739 2144 3838 2216 μὲν

2258 2250 2514 2314 πολλάκις
2549 2253 2642 2305 καὶ
2673 2249 2936 2312 ἀκούσια;
2964 2245 3128 2300 Οὐδὲν
3160 2243 3216 2297 δὲ
3249 2241 3359 2295 τῶν
3399 2239 3836 2308 ἠναγκασμένων

2257 2342 2557 2395 ἐπαινετόν.
2608 2340 2766 2395 Ἀλλὰ
2797 2337 2957 2409 βλέπε
2993 2337 3052 2391 τὸ
3089 2331 3425 2408 μεγαλοφυὲς
3449 2327 3543 2384 τοῦ
3574 2328 3832 2400 ἀθλητοῦ.

2267 2433 2484 2505 Ἐπειδὴ
2521 2434 2628 2505 γὰρ
2662 2429 2992 2500 Περιέσχον
3027 2445 3104 2498 με
3147 2426 3355 2492 ὠδῖνες
3403 2421 3666 2480 θανάτου
3687 2461 3703 2485 ,
3738 2421 3834 2473 καὶ

2255 2525 2525 2580 κίνδυνοι
2559 2523 2704 2590 ᾅδου
2742 2520 3005 2590 εὕροσάν
3030 2536 3126 2588 με,
3163 2515 3410 2571 τοσοῦτον
3441 2515 3680 2584 ἀπέσχον
3725 2514 3837 2572 τοῖς

2256 2618 2579 2688 πειρασμοῖς
2606 2613 2815 2676 τούτοις
2843 2612 3155 2672 ὑποπεσεῖν,
3183 2610 3266 2661 ὅτι
3299 2607 3390 2659 καὶ
3418 2605 3598 2673 πολλῷ
3629 2602 3836 2674 τούτων

2258 2711 2465 2765 πλείοσι
2510 2707 2652 2762 κατὰ
2679 2706 2738 2759 τὸ
2776 2704 3018 2757 ἑκούσιον
3059 2700 3384 2770 πειρασμοῖς
3419 2693 3656 2765 ἐμαυτὸν
3697 2710 3833 2762 προ-

2257 2805 2457 2875 εθέμην
2477 2803 2610 2872 (9.0).
2635 2801 2855 2868 ΘλίΨιν
2876 2796 2973 2850 καὶ
2994 2794 3222 2860 ὀδύνην
3239 2791 3428 2859 ὥσπερ
3445 2786 3587 2841 ἑκὼν
3610 2783 3835 2855 ἐμαυτῷ

2253 2894 2713 2961 ἐπεξεῦρον,οὑκ
2737 2890 3004 2951 ἀκουσίως
3026 2888 3114 2941 ὑπ’
3140 2883 3318 2939 αὐτῶν
3346 2877 3714 2950 κατελήφθην.
3747 2877 3834 2927 Ἐν

2258 2985 2355 3058 μὲν
2382 2986 2491 3056 γὰρ
2531 2988 2642 3047 τοῖς
2671 2983 2900 3035 κατόπιν
2926 2981 3207 3036 Κίνδυνοι
3244 2977 3392 3044 ᾅδου
3425 2971 3689 3041 εὗροσάν
3717 2984 3790 3038 με
3816 2983 3830 2996 ο

2254 3076 2486 3130 ἐνταῦθα
2513 3075 2568 3128 δὲ
2596 3074 2817 3141 anno»
2850 3073 2946 3124 καὶ
2974 3071 3201 3135 ὀδύνην
3233 3064 3431 3133 εὗρον.
3469 3062 3688 3131 Ἐπειδὴ
3723 3059 3833 3127 γὰρ

580 3144 833 3218 docuerunt
863 3175 942 3212 me
960 3175 978 3224 ;
1009 3155 1100 3212 hic
1134 3168 1260 3210 vero
1286 3152 1696 3207 Tribulationem
1738 3161 1784 3206 et
1811 3151 2042 3206 dolorem
2067 3154 2151 3205 in-

2256 3169 2370 3220 ὲκεῖ
2415 3163 2708 3226 ἀνενδότως
2760 3162 2897 3232 ἔχων
2948 3158 3179 3230 εύρέθην
3219 3156 3354 3226 πρὸς
3410 3154 3480 3206 τὰ
3535 3151 3687 3222 παρά
3737 3148 3832 3201 τοῦ

590 3254 722 3309 veni.
754 3251 886 3308 Cum
917 3249 1062 3304 enim
1104 3246 1214 3301 illic
1246 3245 1505 3301 adversus
1544 3262 1606 3301 ea
1645 3263 1765 3317 qua:
1806 3247 1936 3301 mihi
1973 3262 2000 3300 a
2034 3257 2152 3302 teu-

589 3355 765 3398 tatore
789 3341 944 3396 illata
976 3346 1120 3401 sunt,
1160 3335 1346 3389 ﬁrmus
1389 3349 1453 3388 ac
1481 3346 1740 3390 constans
1783 3337 2035 3391 inventus
2068 3351 2155 3391 es-

585 3450 700 3491 sem
742 3450 757 3486 :
802 3430 1007 3499 adjeci,
1037 3436 1098 3482 ut
1139 3442 1272 3482 meae
1316 3428 1369 3480 in
1403 3426 1566 3480 Deum
1613 3426 1897 3482 charilatis
1945 3428 2152 3498 copiam

585 3524 950 3586 ostenderem,
994 3517 1270 3574 alllictioni
1304 3515 1644 3571 amictionem
1667 3556 1680 3578 ,
1714 3525 1768 3570 et
1799 3516 1971 3571 dolori
2008 3517 2152 3572 dolo-

589 3633 744 3675 rem:
773 3631 878 3671 non
916 3613 1059 3684 quod
1097 3612 1232 3668 meis
1272 3609 1480 3665 viribus
1504 3609 1809 3665 obstiterim
1851 3610 2002 3664 hisce
2044 3625 2156 3665 mo-

586 3713 795 3775 lestiis,
820 3709 912 3764 sed
946 3707 1086 3775 quod
1125 3721 1318 3760 nomen
1363 3705 1572 3758 Domini
1610 3704 1997 3757 invocaverim.
2028 3702 2155 3757 Tale

586 3812 669 3859 est
708 3810 765 3857 et
786 3798 916 3854 illud
957 3795 1197 3866 Apostoli
1239 3794 1469 3847 dicentis
1499 3810 1512 3845 :
1545 3791 1614 3845 In
1649 3794 1732 3844 Itis
1762 3795 2004 3845 omnibus
2035 3797 2153 3860 plus

587 3910 742 3967 quam
767 3893 986 3946 victores
1008 3902 1186 3940 sumus
1215 3900 1305 3954 per
1338 3900 1454 3937 eum
1486 3883 1578 3953 qui
1601 3883 1782 3936 dilexit
1808 3900 1902 3936 nos
1931 3883 1996 3938 ⁸⁸.
2029 3884 2154 3938 Viu-

587 3989 663 4043 cit
692 3984 944 4053 quidem,
981 3980 1070 4049 qui
1116 3977 1184 4031 ab
1223 3977 1336 4040 his,
1369 3989 1489 4044 quae
1523 3975 1831 4028 necessario
1865 3976 2150 4039 accidunt,

2257 3257 2605 3330 πειράζοντος
2631 3254 2957 3326 ἐπαχθέντα,
2984 3252 3069 3305 ἵνα
3091 3247 3248 3315 δείξω
3271 3247 3369 3319 τὴν
3395 3244 3710 3316 περιουσίαν
3732 3241 3833 3309 τῆς

2258 3352 2392 3422 πρὸς
2412 3350 2543 3403 Θεὸν
2568 3348 2807 3418 ἀγάπης,
2837 3344 3150 3416 προσέθηκα
3175 3340 3350 3408 θλίψιν
3376 3337 3466 3390 ἐπὶ
3492 3336 3604 3405 κει)
3633 3337 3697 3404 τῇ
3723 3332 3836 3386 θλί-

2255 3439 2366 3510 ψει,
2400 3440 2494 3494 καὶ
2526 3439 2715 3508 ὀδύνην
2751 3439 2842 3490 ἐπὶ
2882 3439 2947 3505 τῇ
2979 3433 3172 3503 ὀδύνῃ·
3203 3433 3281 3483 0'3-
3303 3433 3368 3501 τῇ
3400 3426 3640 3500 ἐμαυτοῦ
3667 3426 3832 3479 δυνά-

2261 3548 2349 3602 μει
2384 3531 2491 3584 τῶν
2526 3528 2787 3596 ἀλγεινῶν
2819 3523 3389 3592 κατεπανιστάμενος,
3432 3521 3568 3575 ἀλλά
3607 3520 3740 3572 διότι
3771 3517 3832 3570 τδ

2257 3623 2425 3692 ὄνομα
2464 3620 2667 3689 Κυρίου
2705 3617 3143 3687 ἑπεκαλεσάμην.
3181 3614 3432 3668 Τοιοῦτόν
3474 3614 3589 3664 ἐστι
3632 3611 3729 3662 καὶ
3771 3610 3834 3661 τὺ

2254 3715 2346 3767 τοῦ
2399 3711 2716 3766 Ἀποστόλου
2748 3710 3028 3779 λέγοντος·
3076 3710 3176 3762 ’Er
3219 3708 3449 3770 τούτοις
3487 3702 3678 3755 πᾶσιν
3717 3700 3832 3769 (2'2)

2254 3803 2662 3873 ὑπερνικῶμεν
2707 3803 2802 3856 διὰ
2853 3802 2958 3856 τοῦ
3010 3801 3436 3870 ἀγαπήσαντος
3470 3793 3647 3864 ἡμᾶς.
3684 3794 3834 3861 Naxi

2259 3899 2354 3968 μὲν
2384 3898 2489 3968 γὰρ
2523 3899 2551 3950 ὁ
2587 3896 2660 3967 μὴ
2693 3896 2925 3957 ἐνδιδοὺς
2951 3897 3061 3956 τοῖς
3093 3893 3227 3961 πρὸς
3272 3891 3515 3958 ἀνάγκην
3548 3886 3831 3956 Serra-{ope-

2254 4006 2395 4052 νοις·
2428 3989 2693 4060 ύπερνικᾷ
2726 3987 2782 4040 δὲ
2817 3988 2844 4039 ὁ
2874 3986 2968 4040 καὶ
3012 3985 3347 4055 αὐθαιρέτως
3383 3981 3575 4043 ὀδύνας
3604 3982 3685 4042 εἰς
3714 3978 3833 4031 ἐπί-

588 4094 692 4134 non
725 4074 993 4143 frangitur
1029 4090 1042 4124 :
1085 4071 1179 4124 sed
1224 4069 1342 4137 plus
1375 4082 1538 4136 (illam
1585 4067 1756 4121 victor
1782 4075 1897 4132 est,
1931 4068 2021 4138 qui
2055 4083 2152 4123 sua

2256 4079 2416 4146 δειξιν
2446 4079 2542 4149 τῆς
2588 4077 2864 4149 ὑπομονῆς
2907 4075 3306 4147 ἐπισπώμενος.
3349 4073 3407 4127 Ὀ
3432 4071 3724 4141 γενόμενος
3773 4070 3834 4120 ὲν

585 4170 751 4227 etiam
786 4172 978 4236 sponte
1009 4170 1064 4216 et
1099 4159 1376 4213 voluntate
1409 4157 1628 4212 dolores
1655 4161 1720 4212 ad
1772 4159 2152 4213 demonstran-

2256 4173 2498 4246 ἁμαρτίᾳ
2524 4175 2631 4227 τινὶ
2669 4174 2734 4242 τῇ
2771 4171 2909 4240 πρὸς
2953 4169 3181 4224 θάνατον
3225 4165 3456 4236 λεγέτωο
3501 4161 3834 4230 Περιέσχον

585 4265 709 4319 dam
757 4256 1073 4330 patientiam
1124 4252 1225 4306 sibi
1284 4250 1535 4304 accersit.
1583 4250 1683 4315 Qui
1731 4249 1889 4306 letale
1939 4252 2153 4321 aliquod

2256 4283 2328 4335 με
2353 4265 2559 4331 ὠδῖνες
2599 4263 2876 4319 θανάτου.
2906 4259 3029 4326 Πᾶς
3061 4261 3190 4328 γὰρ,
3225 4259 3408 4328 φησὶν,
3442 4258 3472 4310 ὀ
3500 4252 3687 4308 ποιῶν
3719 4251 3833 4317 τὴν

585 4359 864 4425 peccatum
917 4343 1232 4408 admiserit,
1291 4339 1489 4393 dicat:
1544 4336 2020 4393 Circumdederunt
2076 4356 2153 4394 me

2257 4356 2549 4426 ἁμαρτίαν
2588 4357 2655 4408 ὲκ
2681 4356 2786 4408 τοῦ
2817 4354 3100 4407 διαϐόλου
3135 4349 3483 4419 γεγέννηται
3521 4344 3656 4413 (εδ).
3701 4344 3830 4395 Ὅτε

586 4446 794 4502 dolores
826 4440 1030 4496 mortis.
1065 4434 1250 4491 Omnis
1279 4433 1437 4497 enim,
1465 4431 1660 4499 inquit,
1698 4432 1788 4497 qui
1819 4429 1946 4498 facit
1973 4449 2153 4498 pecca-

2256 4443 2347 4500 οῦν
2373 4449 2541 4517 ἥμην,
2564 4447 2746 4515 φησὶν,
2778 4445 3012 4515 ἐργάτης
3036 4443 3133 4510 τῆς
3161 4439 3455 4510 ἁμαρτίας,
3488 4437 3583 4489 καὶ
3611 4439 3829 4502 ὲκυοφο-

584 4552 718 4604 ηιηιν
752 4551 817 4592 εκ
865 4531 1076 4588 άίαδοίο
1118 4539 1272 4583 παίω
1307 4538 1379 4582 ⁸⁸⁸
1409 4525 1477 4579 “-
1517 4523 1650 4579 Cum
1699 4523 1862 4592 ίὲζῖίυΐ
1883 4561 1899 4586 ο
1941 4523 2147 4593 ίιιιιυίι,
2183 4558 2228 4616 D
2258 4538 2464 4610 ρούμην
2495 4539 2598 4591 ὑπὸ
2630 4537 2720 4590 τοῦ
2757 4536 3008 4600 θανάτου,
3044 4535 3164 4587 τότε
3196 4531 3289 4584 καὶ
3319 4527 3550 4600 εὑρέθην
3584 4529 3691 4580 ὑπὸ
3719 4526 3828 4579 τῶν

585 4637 864 4703 peccatum
903 4634 1174 4695 patrarem
1199 4661 1212 4685 ,
1253 4629 1308 4676 et
1358 4621 1410 4674 in
1461 4617 1649 4672 mortis
1700 4627 1853 4672 utero
1888 4625 2148 4688 gestarer,

587 4738 714 4780 tunc
742 4719 903 4778 etiam
932 4717 998 4772 ab
1035 4713 1228 4769 inferni
1259 4711 1512 4782 periculis
1544 4711 1793 4764 inventus
1825 4723 1966 4763 sum.
2005 4707 2148 4775 Quo-

585 4817 743 4873 modo
775 4825 902 4879 ergo
952 4808 1136 4865 sanavi
1176 4819 1262 4860 me
1293 4804 1505 4874 ipsum?
1541 4804 1834 4872 Propterea
1865 4802 2009 4872 quod
2041 4804 2142 4856 tri.

651 4913 697 4945 “
729 4910 885 4964 Rom.
921 4920 1040 4968 vni,
1068 4903 1158 4959 57.
1233 4901 1280 4933 “
1319 4903 1340 4956 Ι
1380 4899 1643 4965 Joan.m,
1685 4899 1731 4954 8.

654 5004 764 5076 (18)
805 5001 938 5076 Reg.
970 5009 1155 5076 eex_tus
1179 5007 1233 5076 et
1256 4995 1406 5050 Colb.
1435 4996 1626 5076 tertius
1653 4996 1709 5075 εν
1734 4987 1842 5076 αἶς.
1873 4993 1939 5047 At
1989 4994 2146 5076 multi

585 5065 716 5131 mss.
749 5065 808 5127 ἓν
854 5065 1005 5134 οἵοις.
1057 5069 1166 5122 lmo
1214 5069 1288 5120 ita
1328 5080 1545 5136 quoque
1575 5065 1771 5136 legitur
1807 5066 1857 5116 iu
1894 5067 2142 5132 margine

589 5150 718 5218 lleg.
761 5143 899 5218 se_xti
930 5133 986 5196 et
1013 5137 1175 5218 (lo-1b..
1188 5133 1363 5218 tertii.
1396 5133 1508 5190 Nec
1531 5133 1803 5218 itavm’ult'o
1833 5144 1956 5201 post
1979 5136 2147 5189 editio

586 5201 760 5272 Partis.
785 5212 1033 5283 εῦρεσαν.
1051 5206 1202 5283 Multi
1236 5221 1365 5283 mss.
1391 5221 1516 5283 cum
1552 5203 1693 5283 ωυς
1723 5201 1976 5283 εὖροσαν.

657 5286 767 5356 (l9)
797 5274 1107 5356 Είίὶιῖ-πρδς
1136 5278 1224 5331 τά.
1255 5275 1404 5356 Multi
1431 5290 1560 5329 mss.
1586 5275 1816 5347 πρὸςτό.
1848 5274 1968 5329 Mox
1997 5275 2152 5329 multi

587 5347 715 5413 mss.
753 5347 916 5426 μέρη.
945 5347 1082 5426 Edlti
1108 5363 1233 5402 vero
1269 5347 1449 5426 μόρια.

654 5412 768 5497 {‘20}
803 5412 891 5477 l'ta'
911 5422 1146 5497 quinque
1189 5412 1318 5497 mss;
1343 5412 1419 5469 ‘At
1461 5412 2145 5497 εόξμ,προο;εθέμην.ηὸεξι-

587 5483 680 5551 tim
706 5483 1095 5564 quatnprlmss.
1128 5485 1438 5557 ὲπεξεῦρον.
1467 5484 1608 5540 Editi
1639 5483 1955 5556 ὑπεξεῦρον.
1986 5485 2140 5541 Colb.

585 5559 803 5635 quintus
831 5559 1076 5635 ἐξηῦρον.

657 5635 766 5709 (2t)
797 5624 1190 5709 l.ta;cd'|ti__c_um
1226 5627 1361 5696 Reg.
1399 5625 1711 5709 sexto._l_\lii
1744 5639 1836 5680 sex
1867 5641 2000 5681 mss.
2032 5624 2145 5678 θλί-

584 5695 705 5776 ψεις
727 5695 1423 5776 ἐπεὶλΜοχ-ῃῼοΙω-ῳιιιιιυε
1447 5697 1541 5750 καὶ
1579 5695 1787 5776 ὀδύνας.

659 5767 770 5845 (ΞΞ)
818 5771 908 5826 Sic
962 5771 1126 5845 editio
1168 5769 1326 5845 B_nsi_l.
1360 5781 1480 5845 cum
1531 5767 1712 5845 multis
1761 5780 1890 5821 mss.
1931 5775 2141 5822 etcum

588 5835 934 5905 snet'otenu.
975 5840 1150 5898 Editio
1180 5839 1353 5896 Paris.
1387 5835 1594 5899 τούτοις
1616 5835 1838 5891 ἅπασιν.

2257 4626 2348 4680 τοῦ
2398 4626 2524 4698 ᾅδου
2575 4626 2854 4680 κινδύνων.
2899 4624 3021 4688 Πῶς
3060 4620 3153 4678 οὖν
3202 4619 3506 4690 ὲξιασάμην
3553 4617 3826 4689 ὲμαυτόνς

2268 4717 2484 4790 Ἐπειδὴ
2531 4719 2737 4786 θλίψιν
2793 4716 2892 4770 καὶ
2946 4715 3170 4780 ὀδύνην
3221 4707 3402 4780 εὖρον
3458 4709 3558 4780 τὴν
3596 4709 3685 4762 διὰ
3730 4711 3830 4778 τῆς

2261 4809 2564 4878 μετανοίας.
2604 4807 2994 4876 Ἀναλογοῦσαν
3028 4805 3138 4878 γὰρ
3168 4802 3245 4873 τῷ
3279 4801 3496 4874 μεγέθει
3529 4800 3631 4872 τῆς
3658 4802 3830 4872 ἁμαρ-

2323 4993 2435 5059 (25)
2461 4990 2600 5046 Oliv.
2627 4999 2680 5043 et
2712 4989 2862 5054 Regii
2891 4988 3082 5042 tertius
3112 4995 3166 5040 et
3198 4992 3453 5059 quartus,
3485 4983 3717 5059 perinde
3744 4993 3829 5036 at-

2247 5053 2355 5134 que
2386 5053 2683 5134 Colliertini
2739 5053 2934 5134 εειιριιιΔ
2967 5068 3028 5134 _et
3064 5058 3372 5134 _sep_timus,
3410 5070 3531 5134 cum
3587 5053 3828 5134 editio-ne

2249 5123 2413 5190 Basil.
2466 5130 2780 5200 γεγένηται.
2841 5125 3232 5200 ΕίίίιῘΟῨΡίΙΓῘξ.
3300 5123 3826 5200 γεγέννηταιάῖρὶίι.

2251 5190 2614 5273 ψιίιιιυεῚΪᾷς
2640 5190 2769 5273 γὰρ,
2803 5199 2987 5273 φησὶν,
3076 5190 3361 5273 ποιῶντῇν
3382 5190 3825 5273 ’ἀμαρτίανδοῦ-

2251 5263 2339 5338 λξός
2373 5277 2485 5326 ἐστι
2511 5263 2607 5342 τῆς
2633 5263 2924 5342 ἁμαρτίας,
2960 5271 3061 5342 καὶ.
3080 5267 3144 5319 ὲκ
3170 5264 3270 5342 τοῦ⁸
3290 5263 3536 5319 διαϐόλου
3568 5263 3828 5332 γεγέννη-

2250 5337 2359 5408 ται,
2398 5337 2645 5408 Quisquis
2673 5337 2856 5401 enim,
2915 5338 3112 5408 inquit,
3163 5337 3292 5405 facit
3322 5344 3613 5408 peceatum,
3649 5349 3824 5386 serens

2251 5427 2321 5468 est
2349 5404 2574 5480 peccati,
2626 5422 2671 5466 et
2707 5426 2770 5464 eo:
2802 5404 3012 5480 diabolo
3048 5404 3203 5461 natus
3246 5414 3347 5480 est.
3412 5404 3713 5480 Notandum
3746 5413 3827 5456 est

2250 5474 2630 5539 Combetisium
2657 5497 2720 5534 eo
2764 5481 2817 5533 in
2858 5478 3048 5533 codice
3071 5487 3216 5549 (nant
3245 5477 3383 5549 illius
3413 5474 3608 5549 codex,
3642 5483 3828 5549 noster

2249 5567 2331 5609 est
2363 5551 2707 5608 Colbertinus
2731 5549 2978 5620 quintus)
3010 5543 3105 5618 pro
3141 5547 3250 5608 πᾶς
3279 5546 3417 5620 male
3451 5544 3567 5620 πῶς
3595 5543 3821 5614 legisse;

2251 5639 2350 5679 nec
2381 5623 2631 5677 debuisse
2677 5616 2797 5675 eain
2850 5616 3158 5679 lectionem,
3229 5616 3440 5682 qualem
3481 5619 3638 5676 citat,
3710 5625 3826 5665 tan-

2249 5709 2410 5761 quam
2452 5693 2876 5746 emendatiorem
2921 5690 3238 5758 praedicare.
3273 5684 3390 5740 Mox
3445 5686 3574 5753 Reg.
3635 5685 3827 5739 tertius

2251 5765 2486 5836 ἐργάτης
2514 5762 2612 5833 τῆς
2637 5761 2887 5832 ἀνομίας.
