  <div class='ocr_page' id='page_1' title='image "/cluster/home/n/w/nwhite01/storage/ocr_20150623/29/ien.35556001660547/653.png"; bbox 0 0 4026 6432; ppageno 0'>
   <div class='ocr_carea' id='block_1_1' title="bbox 184 340 293 398">
    <p class='ocr_par' dir='ltr' id='par_1_1' title="bbox 184 340 293 398">
     <span class='ocr_line' id='line_1_1' title="bbox 184 340 293 398; baseline -0.009 0"><span class='ocrx_word' id='word_1_1' title='bbox 184 340 293 398; x_wconf 68' lang='lat'><strong>683</strong></span> 
     </span>
    </p>
   </div>
   <div class='ocr_carea' id='block_1_2' title="bbox 1357 342 2335 405">
    <p class='ocr_par' dir='ltr' id='par_1_2' title="bbox 1357 342 2335 405">
     <span class='ocr_line' id='line_1_2' title="bbox 1357 342 2335 405; baseline -0.006 -3"><span class='ocrx_word' id='word_1_2' title='bbox 1357 347 1641 405; x_wconf 78' lang='lat' dir='ltr'><strong>HOMlLlA</strong></span> <span class='ocrx_word' id='word_1_3' title='bbox 1679 347 1746 404; x_wconf 83' lang='lat' dir='ltr'><strong>IN</strong></span> <span class='ocrx_word' id='word_1_4' title='bbox 1786 344 2116 402; x_wconf 81' lang='lat' dir='ltr'><strong>PSALMUM</strong></span> <span class='ocrx_word' id='word_1_5' title='bbox 2154 342 2335 398; x_wconf 77' lang='lat' dir='ltr'><strong>CXIV.</strong></span> 
     </span>
    </p>
   </div>
   <div class='ocr_carea' id='block_1_3' title="bbox 3329 345 3435 402">
    <p class='ocr_par' dir='ltr' id='par_1_3' title="bbox 3329 345 3435 402">
     <span class='ocr_line' id='line_1_3' title="bbox 3329 345 3435 402; baseline 0 -1"><span class='ocrx_word' id='word_1_6' title='bbox 3329 345 3435 402; x_wconf 66' lang='lat'><strong>490</strong></span> 
     </span>
    </p>
   </div>
   <div class='ocr_carea' id='block_1_4' title="bbox 185 464 1772 539">
    <p class='ocr_par' dir='ltr' id='par_1_4' title="bbox 185 464 1757 539">
     <span class='ocr_line' id='line_1_4' title="bbox 185 464 1757 539; baseline 0.001 -20"><span class='ocrx_word' id='word_1_7' title='bbox 185 468 306 529; x_wconf 85' lang='grc' dir='ltr'>τίας</span> <span class='ocrx_word' id='word_1_8' title='bbox 351 465 450 536; x_wconf 83' lang='grc' dir='ltr'><strong>τήν</strong></span> <span class='ocrx_word' id='word_1_9' title='bbox 483 465 546 518; x_wconf 81' lang='grc' dir='ltr'><strong>ἐκ</strong></span> <span class='ocrx_word' id='word_1_10' title='bbox 598 464 698 535; x_wconf 82' lang='grc' dir='ltr'>τῆς</span> <span class='ocrx_word' id='word_1_11' title='bbox 738 465 1025 536; x_wconf 82' lang='grc' dir='ltr'><strong>μετανοίας</strong></span> <span class='ocrx_word' id='word_1_12' title='bbox 1085 467 1325 520; x_wconf 79' lang='grc' dir='ltr'><strong>κάκωσιν</strong></span> <span class='ocrx_word' id='word_1_13' title='bbox 1387 469 1607 539; x_wconf 81' lang='grc' dir='ltr'><strong>ἐμαυτῷ</strong></span> <span class='ocrx_word' id='word_1_14' title='bbox 1658 471 1757 521; x_wconf 83' lang='grc' dir='ltr'>έπ-</span> 
     </span>
    </p>
   </div>
   <div class='ocr_carea' id='block_1_5' title="bbox 1873 464 3431 539">
    <p class='ocr_par' dir='ltr' id='par_1_5' title="bbox 1873 466 3431 537">
     <span class='ocr_line' id='line_1_5' title="bbox 1873 466 3431 537; baseline 0.003 -15"><span class='ocrx_word' id='word_1_15' title='bbox 1873 469 2182 522; x_wconf 75' lang='lat' dir='ltr'><strong>bulatt’onem</strong></span> <span class='ocrx_word' id='word_1_16' title='bbox 2251 478 2298 521; x_wconf 86' lang='lat' dir='ltr'><strong>et</strong></span> <span class='ocrx_word' id='word_1_17' title='bbox 2358 467 2592 522; x_wconf 82' lang='lat' dir='ltr'><strong>dolorem</strong></span> <span class='ocrx_word' id='word_1_18' title='bbox 2653 466 2826 522; x_wconf 80' lang='lat' dir='ltr'><strong>inveni</strong></span> <span class='ocrx_word' id='word_1_19' title='bbox 2878 481 2974 537; x_wconf 77' lang='lat' dir='ltr'><strong>per</strong></span> <span class='ocrx_word' id='word_1_20' title='bbox 3037 467 3431 536; x_wconf 64' lang='lat' dir='ltr'><strong>penitentiam.</strong></span> 
     </span>
    </p>
   </div>
   <div class='ocr_carea' id='block_1_6' title="bbox 186 556 1762 629">
    <p class='ocr_par' dir='ltr' id='par_1_6' title="bbox 186 556 1762 629">
     <span class='ocr_line' id='line_1_6' title="bbox 186 556 1762 629; baseline 0.003 -21"><span class='ocrx_word' id='word_1_21' title='bbox 186 559 408 627; x_wconf 88' lang='grc' dir='ltr'>ενόησα,</span> <span class='ocrx_word' id='word_1_22' title='bbox 443 558 538 610; x_wconf 76' lang='grc' dir='ltr'>καὶ</span> <span class='ocrx_word' id='word_1_23' title='bbox 565 556 737 620; x_wconf 76' lang='grc' dir='ltr'>οὕτως</span> <span class='ocrx_word' id='word_1_24' title='bbox 765 558 1039 629; x_wconf 75' lang='grc' dir='ltr'><strong>ἐτόλμησα</strong></span> <span class='ocrx_word' id='word_1_25' title='bbox 1062 558 1125 610; x_wconf 85' lang='grc' dir='ltr'>τὸ</span> <span class='ocrx_word' id='word_1_26' title='bbox 1153 559 1322 628; x_wconf 76' lang='grc' dir='ltr'>ὄνομα</span> <span class='ocrx_word' id='word_1_27' title='bbox 1339 560 1541 629; x_wconf 82' lang='grc' dir='ltr'><strong>Κυρίου</strong></span> <span class='ocrx_word' id='word_1_28' title='bbox 1571 563 1762 613; x_wconf 81' lang='grc' dir='ltr'>ἐπικα-</span> 
     </span>
    </p>
   </div>
   <div class='ocr_carea' id='block_1_7' title="bbox 185 645 1763 720">
    <p class='ocr_par' dir='ltr' id='par_1_7' title="bbox 185 645 1763 720">
     <span class='ocr_line' id='line_1_7' title="bbox 185 645 1763 720; baseline 0.003 -19"><span class='ocrx_word' id='word_1_29' title='bbox 185 649 466 704; x_wconf 79' lang='grc' dir='ltr'>λέσασθαι.</span> <span class='ocrx_word' id='word_1_30' title='bbox 521 649 656 702; x_wconf 88' lang='grc' dir='ltr'>Τίνα</span> <span class='ocrx_word' id='word_1_31' title='bbox 704 650 759 703; x_wconf 85' lang='grc' dir='ltr'>δὲ</span> <span class='ocrx_word' id='word_1_32' title='bbox 796 645 864 720; x_wconf 78' lang='grc' dir='ltr'>ἦν</span> <span class='ocrx_word' id='word_1_33' title='bbox 907 649 942 704; x_wconf 80' lang='grc' dir='ltr'>ἃ</span> <span class='ocrx_word' id='word_1_34' title='bbox 984 645 1168 714; x_wconf 78' lang='grc' dir='ltr'>εἶπον;</span> <span class='ocrx_word' id='word_1_35' title='bbox 1222 646 1290 702; x_wconf 84' lang='grc' dir='ltr'><strong><em>Ὦ</em></strong></span> <span class='ocrx_word' id='word_1_36' title='bbox 1342 652 1537 717; x_wconf 74' lang='grc' dir='ltr'>Κύριε,</span> <span class='ocrx_word' id='word_1_37' title='bbox 1578 651 1763 718; x_wconf 78' lang='grc' dir='ltr'>ῥῦσαι</span> 
     </span>
    </p>
   </div>
   <div class='ocr_carea' id='block_1_8' title="bbox 185 739 1763 814">
    <p class='ocr_par' dir='ltr' id='par_1_8' title="bbox 185 739 1763 814">
     <span class='ocr_line' id='line_1_8' title="bbox 185 739 1763 814; baseline 0.002 -21"><span class='ocrx_word' id='word_1_38' title='bbox 185 739 303 806; x_wconf 76' lang='grc' dir='ltr'><strong>τὴν</strong></span> <span class='ocrx_word' id='word_1_39' title='bbox 364 741 578 809; x_wconf 64' lang='grc' dir='ltr'>ψυχήν</span> <span class='ocrx_word' id='word_1_40' title='bbox 628 759 768 810; x_wconf 83' lang='grc' dir='ltr'>μου.</span> <span class='ocrx_word' id='word_1_41' title='bbox 823 742 1138 812; x_wconf 80' lang='grc' dir='ltr'>Κατέχομαι</span> <span class='ocrx_word' id='word_1_42' title='bbox 1186 741 1244 794; x_wconf 86' lang='grc' dir='ltr'><strong>ἐν</strong></span> <span class='ocrx_word' id='word_1_43' title='bbox 1302 744 1366 811; x_wconf 79' lang='grc' dir='ltr'>τῇ</span> <span class='ocrx_word' id='word_1_44' title='bbox 1419 743 1763 814; x_wconf 62' lang='grc' dir='ltr'>αἰχμαλωσίᾳ.</span> 
     </span>
    </p>
   </div>
   <div class='ocr_carea' id='block_1_9' title="bbox 185 833 1764 906">
    <p class='ocr_par' dir='ltr' id='par_1_9' title="bbox 185 833 1764 906">
     <span class='ocr_line' id='line_1_9' title="bbox 185 833 1764 906; baseline 0.001 -22"><span class='ocrx_word' id='word_1_45' title='bbox 185 833 380 906; x_wconf 76' lang='grc' dir='ltr'>τιύτῃ,</span> <span class='ocrx_word' id='word_1_46' title='bbox 412 835 474 886; x_wconf 79' lang='grc' dir='ltr'>σὺ</span> <span class='ocrx_word' id='word_1_47' title='bbox 511 835 602 898; x_wconf 80' lang='grc' dir='ltr'>δὸς</span> <span class='ocrx_word' id='word_1_48' title='bbox 646 834 708 887; x_wconf 86' lang='grc' dir='ltr'>τὸ</span> <span class='ocrx_word' id='word_1_49' title='bbox 741 835 880 906; x_wconf 82' lang='grc' dir='ltr'>ὑπὲρ</span> <span class='ocrx_word' id='word_1_50' title='bbox 913 833 1046 904; x_wconf 79' lang='grc' dir='ltr'>ἐμοῦ</span> <span class='ocrx_word' id='word_1_51' title='bbox 1087 833 1300 904; x_wconf 77' lang='grc' dir='ltr'><strong>λύτρον,</strong></span> <span class='ocrx_word' id='word_1_52' title='bbox 1331 833 1424 886; x_wconf 72' lang='grc' dir='ltr'>καὶ</span> <span class='ocrx_word' id='word_1_53' title='bbox 1460 833 1618 904; x_wconf 69' lang='grc' dir='ltr'>ῥῦσαι</span> <span class='ocrx_word' id='word_1_54' title='bbox 1667 835 1764 905; x_wconf 76' lang='grc' dir='ltr'>τὴν</span> 
     </span>
    </p>
   </div>
   <div class='ocr_carea' id='block_1_10' title="bbox 186 924 527 996">
    <p class='ocr_par' dir='ltr' id='par_1_10' title="bbox 186 924 527 996">
     <span class='ocr_line' id='line_1_10' title="bbox 186 924 527 996; baseline 0.015 -22"><span class='ocrx_word' id='word_1_55' title='bbox 186 924 368 996; x_wconf 61' lang='grc' dir='ltr'>ψυχήν</span> <span class='ocrx_word' id='word_1_56' title='bbox 404 943 527 996; x_wconf 87' lang='grc' dir='ltr'>μου.</span> 
     </span>
    </p>
   </div>
   <div class='ocr_carea' id='block_1_11' title="bbox 262 1103 1764 1177">
    <p class='ocr_par' dir='ltr' id='par_1_11' title="bbox 262 1103 1764 1177">
     <span class='ocr_line' id='line_1_11' title="bbox 262 1103 1764 1177; baseline 0.001 -20"><span class='ocrx_word' id='word_1_57' title='bbox 262 1103 316 1157; x_wconf 79' lang='grc'>5.</span> <span class='ocrx_word' id='word_1_58' title='bbox 368 1103 667 1174; x_wconf 77' lang='grc' dir='ltr'>Ἐλεήμων</span> <span class='ocrx_word' id='word_1_59' title='bbox 713 1107 746 1159; x_wconf 82' lang='grc' dir='ltr'><strong>ό</strong></span> <span class='ocrx_word' id='word_1_60' title='bbox 785 1103 1000 1172; x_wconf 82' lang='grc' dir='ltr'>Κύριος</span> <span class='ocrx_word' id='word_1_61' title='bbox 1046 1105 1143 1158; x_wconf 77' lang='grc' dir='ltr'>καὶ</span> <span class='ocrx_word' id='word_1_62' title='bbox 1178 1105 1426 1170; x_wconf 76' lang='grc' dir='ltr'>δίκαιος.</span> <span class='ocrx_word' id='word_1_63' title='bbox 1482 1104 1764 1177; x_wconf 79' lang='grc' dir='ltr'>Πανταχοῦ</span> 
     </span>
    </p>
   </div>
   <div class='ocr_carea' id='block_1_12' title="bbox 193 1196 1764 1268">
    <p class='ocr_par' dir='ltr' id='par_1_12' title="bbox 193 1196 1764 1268">
     <span class='ocr_line' id='line_1_12' title="bbox 193 1196 1764 1268; baseline 0.001 -21"><span class='ocrx_word' id='word_1_64' title='bbox 193 1196 450 1250; x_wconf 75' lang='grc' dir='ltr'><strong>συνάπτει</strong></span> <span class='ocrx_word' id='word_1_65' title='bbox 480 1201 511 1268; x_wconf 88' lang='grc' dir='ltr'><strong>ή</strong></span> <span class='ocrx_word' id='word_1_66' title='bbox 555 1196 744 1268; x_wconf 81' lang='grc' dir='ltr'>Γραφὴ</span> <span class='ocrx_word' id='word_1_67' title='bbox 777 1199 886 1259; x_wconf 87' lang='grc' dir='ltr'>τοῖς</span> <span class='ocrx_word' id='word_1_68' title='bbox 917 1198 1219 1267; x_wconf 84' lang='grc' dir='ltr'>οίκτιρμοῖς</span> <span class='ocrx_word' id='word_1_69' title='bbox 1253 1197 1344 1250; x_wconf 75' lang='grc' dir='ltr'>τοῦ</span> <span class='ocrx_word' id='word_1_70' title='bbox 1379 1197 1514 1251; x_wconf 81' lang='grc' dir='ltr'>Θεοῦ</span> <span class='ocrx_word' id='word_1_71' title='bbox 1546 1199 1645 1267; x_wconf 84' lang='grc' dir='ltr'>τὴν</span> <span class='ocrx_word' id='word_1_72' title='bbox 1685 1197 1764 1249; x_wconf 85' lang='grc' dir='ltr'>δι-</span> 
     </span>
    </p>
   </div>
   <div class='ocr_carea' id='block_1_13' title="bbox 190 1281 1764 1359">
    <p class='ocr_par' dir='ltr' id='par_1_13' title="bbox 190 1281 1764 1359">
     <span class='ocr_line' id='line_1_13' title="bbox 190 1281 1764 1359; baseline 0.001 -18"><span class='ocrx_word' id='word_1_73' title='bbox 190 1287 504 1359; x_wconf 68' lang='grc' dir='ltr'>κτιοσύνην,</span> <span class='ocrx_word' id='word_1_74' title='bbox 552 1281 873 1342; x_wconf 74' lang='grc' dir='ltr'><strong>διδάσκουσα</strong></span> <span class='ocrx_word' id='word_1_75' title='bbox 913 1289 1090 1358; x_wconf 78' lang='grc' dir='ltr'>ἡμᾶς,</span> <span class='ocrx_word' id='word_1_76' title='bbox 1132 1290 1214 1342; x_wconf 88' lang='grc' dir='ltr'>ὃτι</span> <span class='ocrx_word' id='word_1_77' title='bbox 1252 1289 1375 1343; x_wconf 73' lang='grc' dir='ltr'>οὔτε</span> <span class='ocrx_word' id='word_1_78' title='bbox 1404 1293 1432 1344; x_wconf 86' lang='grc' dir='ltr'><strong>ό</strong></span> <span class='ocrx_word' id='word_1_79' title='bbox 1473 1292 1622 1356; x_wconf 77' lang='grc' dir='ltr'>ἕλεος</span> <span class='ocrx_word' id='word_1_80' title='bbox 1670 1289 1764 1343; x_wconf 79' lang='grc' dir='ltr'><strong>τοῦ</strong></span> 
     </span>
    </p>
   </div>
   <div class='ocr_carea' id='block_1_14' title="bbox 191 1378 1766 1453">
    <p class='ocr_par' dir='ltr' id='par_1_14' title="bbox 191 1378 1766 1453">
     <span class='ocr_line' id='line_1_14' title="bbox 191 1378 1766 1453; baseline 0 -20"><span class='ocrx_word' id='word_1_81' title='bbox 191 1380 329 1433; x_wconf 77' lang='grc' dir='ltr'>Θεοῦ</span> <span class='ocrx_word' id='word_1_82' title='bbox 358 1381 596 1452; x_wconf 77' lang='grc' dir='ltr'>ἄκριτος,</span> <span class='ocrx_word' id='word_1_83' title='bbox 637 1378 761 1432; x_wconf 78' lang='grc' dir='ltr'>οὕτε</span> <span class='ocrx_word' id='word_1_84' title='bbox 801 1381 1044 1451; x_wconf 86' lang='grc' dir='ltr'>ήκρίσις</span> <span class='ocrx_word' id='word_1_85' title='bbox 1075 1381 1406 1453; x_wconf 87' lang='grc' dir='ltr'>ἁνελεήμων.</span> <span class='ocrx_word' id='word_1_86' title='bbox 1468 1381 1631 1436; x_wconf 80' lang='grc' dir='ltr'>Ἀλλά</span> <span class='ocrx_word' id='word_1_87' title='bbox 1674 1383 1766 1435; x_wconf 83' lang='grc' dir='ltr'>καὶ</span> 
     </span>
    </p>
   </div>
   <div class='ocr_carea' id='block_1_15' title="bbox 190 1471 1766 1545">
    <p class='ocr_par' dir='ltr' id='par_1_15' title="bbox 190 1471 1766 1545">
     <span class='ocr_line' id='line_1_15' title="bbox 190 1471 1766 1545; baseline 0.002 -22"><span class='ocrx_word' id='word_1_88' title='bbox 190 1471 388 1537; x_wconf 82' lang='grc' dir='ltr'>ἐλεῶν,</span> <span class='ocrx_word' id='word_1_89' title='bbox 438 1471 774 1542; x_wconf 80' lang='grc' dir='ltr'><strong>κεκριμένως</strong></span> <span class='ocrx_word' id='word_1_90' title='bbox 823 1475 936 1536; x_wconf 89' lang='grc' dir='ltr'>τοῖς</span> <span class='ocrx_word' id='word_1_91' title='bbox 977 1471 1144 1536; x_wconf 81' lang='grc' dir='ltr'>ἀξίοις</span> <span class='ocrx_word' id='word_1_92' title='bbox 1186 1477 1472 1545; x_wconf 85' lang='grc' dir='ltr'>ἐπιμετρεῖ</span> <span class='ocrx_word' id='word_1_93' title='bbox 1512 1476 1640 1538; x_wconf 83' lang='grc' dir='ltr'>τοὺς</span> <span class='ocrx_word' id='word_1_94' title='bbox 1687 1475 1766 1526; x_wconf 81' lang='lat' dir='ltr'><strong>ot-</strong></span> 
     </span>
    </p>
   </div>
   <div class='ocr_carea' id='block_1_16' title="bbox 191 1561 1770 1636">
    <p class='ocr_par' dir='ltr' id='par_1_16' title="bbox 191 1561 1770 1636">
     <span class='ocr_line' id='line_1_16' title="bbox 191 1561 1770 1636; baseline 0.003 -22"><span class='ocrx_word' id='word_1_95' title='bbox 191 1561 485 1632; x_wconf 86' lang='grc' dir='ltr'>κτιρμούς·</span> <span class='ocrx_word' id='word_1_96' title='bbox 529 1564 622 1615; x_wconf 74' lang='grc' dir='ltr'>καὶ</span> <span class='ocrx_word' id='word_1_97' title='bbox 651 1563 871 1634; x_wconf 85' lang='grc' dir='ltr'>κρίνων,</span> <span class='ocrx_word' id='word_1_98' title='bbox 907 1563 1315 1635; x_wconf 82' lang='grc' dir='ltr'>ἐστοχασμένως</span> <span class='ocrx_word' id='word_1_99' title='bbox 1343 1565 1444 1636; x_wconf 76' lang='grc' dir='ltr'>τῆς</span> <span class='ocrx_word' id='word_1_100' title='bbox 1487 1565 1770 1630; x_wconf 76' lang='grc' dir='ltr'>ἀσθενείας</span> 
     </span>
    </p>
   </div>
   <div class='ocr_carea' id='block_1_17' title="bbox 1867 557 3433 628">
    <p class='ocr_par' dir='ltr' id='par_1_17' title="bbox 1867 557 3433 628">
     <span class='ocr_line' id='line_1_17' title="bbox 1867 557 3433 628; baseline 0.001 -16"><span class='ocrx_word' id='word_1_101' title='bbox 1867 558 2156 613; x_wconf 76' lang='lat' dir='ltr'><strong>Enimvero</strong></span> <span class='ocrx_word' id='word_1_102' title='bbox 2190 559 2350 612; x_wconf 84' lang='lat' dir='ltr'><strong>talem</strong></span> <span class='ocrx_word' id='word_1_103' title='bbox 2383 558 2715 628; x_wconf 68' lang='lat' dir='ltr'><strong>pmnitentim</strong></span> <span class='ocrx_word' id='word_1_104' title='bbox 2745 557 3069 624; x_wconf 86' lang='lat' dir='ltr'><strong>cruciatum,</strong></span> <span class='ocrx_word' id='word_1_105' title='bbox 3103 558 3194 628; x_wconf 86' lang='lat' dir='ltr'><strong>qui</strong></span> <span class='ocrx_word' id='word_1_106' title='bbox 3226 560 3433 626; x_wconf 87' lang='lat' dir='ltr'><strong>peccati</strong></span> 
     </span>
    </p>
   </div>
   <div class='ocr_carea' id='block_1_18' title="bbox 1865 647 3436 718">
    <p class='ocr_par' dir='ltr' id='par_1_18' title="bbox 1865 647 3436 718">
     <span class='ocr_line' id='line_1_18' title="bbox 1865 647 3436 718; baseline 0.001 -17"><span class='ocrx_word' id='word_1_107' title='bbox 1865 647 2218 718; x_wconf 71' lang='lat' dir='ltr'><strong>magnitudini</strong></span> <span class='ocrx_word' id='word_1_108' title='bbox 2255 649 2586 711; x_wconf 84' lang='lat' dir='ltr'><strong>conveniret,</strong></span> <span class='ocrx_word' id='word_1_109' title='bbox 2617 648 2746 701; x_wconf 87' lang='lat' dir='ltr'><strong>mihi</strong></span> <span class='ocrx_word' id='word_1_110' title='bbox 2776 647 2889 717; x_wconf 91' lang='lat' dir='ltr'><strong>ipse</strong></span> <span class='ocrx_word' id='word_1_111' title='bbox 2924 648 3249 718; x_wconf 74' lang='lat' dir='ltr'><strong>excogitavi,</strong></span> <span class='ocrx_word' id='word_1_112' title='bbox 3275 658 3326 703; x_wconf 88' lang='lat' dir='ltr'><strong>et</strong></span> <span class='ocrx_word' id='word_1_113' title='bbox 3355 648 3436 704; x_wconf 90' lang='lat' dir='ltr'><strong>sic</strong></span> 
     </span>
    </p>
   </div>
   <div class='ocr_carea' id='block_1_19' title="bbox 1865 739 3434 808">
    <p class='ocr_par' dir='ltr' id='par_1_19' title="bbox 1865 739 3434 808">
     <span class='ocr_line' id='line_1_19' title="bbox 1865 739 3434 808; baseline -0.001 -13"><span class='ocrx_word' id='word_1_114' title='bbox 1865 757 2060 795; x_wconf 88' lang='lat' dir='ltr'><strong>nomen</strong></span> <span class='ocrx_word' id='word_1_115' title='bbox 2109 739 2316 794; x_wconf 90' lang='lat' dir='ltr'><strong>Domini</strong></span> <span class='ocrx_word' id='word_1_116' title='bbox 2371 755 2536 796; x_wconf 87' lang='lat' dir='ltr'><strong>ausus</strong></span> <span class='ocrx_word' id='word_1_117' title='bbox 2587 756 2701 795; x_wconf 91' lang='lat' dir='ltr'><strong>sum</strong></span> <span class='ocrx_word' id='word_1_118' title='bbox 2757 741 3038 798; x_wconf 83' lang='lat' dir='ltr'><strong>invocare.</strong></span> <span class='ocrx_word' id='word_1_119' title='bbox 3089 741 3217 808; x_wconf 64' lang='lat' dir='ltr'><strong>Quae</strong></span> <span class='ocrx_word' id='word_1_120' title='bbox 3254 749 3434 796; x_wconf 89' lang='lat' dir='ltr'><strong>autem</strong></span> 
     </span>
    </p>
   </div>
   <div class='ocr_carea' id='block_1_20' title="bbox 1867 832 3442 900">
    <p class='ocr_par' dir='ltr' id='par_1_20' title="bbox 1867 832 3442 900">
     <span class='ocr_line' id='line_1_20' title="bbox 1867 832 3442 900; baseline -0.001 -13"><span class='ocrx_word' id='word_1_121' title='bbox 1867 844 2022 887; x_wconf 90' lang='lat' dir='ltr'><strong>erant</strong></span> <span class='ocrx_word' id='word_1_122' title='bbox 2052 846 2172 900; x_wconf 77' lang='lat' dir='ltr'><strong>qua:</strong></span> <span class='ocrx_word' id='word_1_123' title='bbox 2208 832 2355 885; x_wconf 75' lang='lat' dir='ltr'><strong>dixi?</strong></span> <span class='ocrx_word' id='word_1_124' title='bbox 2390 833 2551 887; x_wconf 71' lang='lat' dir='ltr'><strong>Vens.</strong></span> <span class='ocrx_word' id='word_1_125' title='bbox 2584 834 2639 888; x_wconf 71' lang='grc'>4.</span> <span class='ocrx_word' id='word_1_126' title='bbox 2673 832 2716 887; x_wconf 94' lang='grc'>0</span> <span class='ocrx_word' id='word_1_127' title='bbox 2749 832 2991 900; x_wconf 81' lang='lat' dir='ltr'><strong>Domine,</strong></span> <span class='ocrx_word' id='word_1_128' title='bbox 3016 833 3181 887; x_wconf 82' lang='lat' dir='ltr'><strong>libera</strong></span> <span class='ocrx_word' id='word_1_129' title='bbox 3204 833 3442 887; x_wconf 77' lang='lat' dir='ltr'><strong>animum</strong></span> 
     </span>
    </p>
   </div>
   <div class='ocr_carea' id='block_1_21' title="bbox 1869 924 3439 994">
    <p class='ocr_par' dir='ltr' id='par_1_21' title="bbox 1869 924 3439 994">
     <span class='ocr_line' id='line_1_21' title="bbox 1869 924 3439 994; baseline 0.002 -17"><span class='ocrx_word' id='word_1_130' title='bbox 1869 941 2056 978; x_wconf 87' lang='lat' dir='ltr'><strong>meam.</strong></span> <span class='ocrx_word' id='word_1_131' title='bbox 2098 924 2152 978; x_wconf 93' lang='lat' dir='ltr'><strong>In</strong></span> <span class='ocrx_word' id='word_1_132' title='bbox 2195 925 2295 978; x_wconf 88' lang='lat' dir='ltr'><strong>hac</strong></span> <span class='ocrx_word' id='word_1_133' title='bbox 2326 924 2578 978; x_wconf 77' lang='lat' dir='ltr'><strong>detineor</strong></span> <span class='ocrx_word' id='word_1_134' title='bbox 2607 925 2946 994; x_wconf 78' lang='lat' dir='ltr'><strong>captivitate,</strong></span> <span class='ocrx_word' id='word_1_135' title='bbox 2980 933 3034 977; x_wconf 91' lang='lat' dir='ltr'><strong>tu</strong></span> <span class='ocrx_word' id='word_1_136' title='bbox 3064 939 3162 993; x_wconf 82' lang='lat' dir='ltr'><strong>pro</strong></span> <span class='ocrx_word' id='word_1_137' title='bbox 3194 940 3280 979; x_wconf 89' lang='lat' dir='ltr'><strong>me</strong></span> <span class='ocrx_word' id='word_1_138' title='bbox 3315 939 3439 993; x_wconf 86' lang='lat' dir='ltr'><strong>pre-</strong></span> 
     </span>
    </p>
   </div>
   <div class='ocr_carea' id='block_1_22' title="bbox 1869 1011 3364 1080">
    <p class='ocr_par' dir='ltr' id='par_1_22' title="bbox 1869 1011 3364 1080">
     <span class='ocr_line' id='line_1_22' title="bbox 1869 1011 3364 1080; baseline 0.005 -18"><span class='ocrx_word' id='word_1_139' title='bbox 1869 1013 1999 1064; x_wconf 87' lang='lat' dir='ltr'><strong>tium</strong></span> <span class='ocrx_word' id='word_1_140' title='bbox 2038 1011 2103 1064; x_wconf 89' lang='lat' dir='ltr'><strong>da</strong></span> <span class='ocrx_word' id='word_1_141' title='bbox 2146 1011 2560 1080; x_wconf 81' lang='lat' dir='ltr'><strong>redemptionis,</strong></span> <span class='ocrx_word' id='word_1_142' title='bbox 2588 1021 2641 1067; x_wconf 88' lang='lat' dir='ltr'><strong>et</strong></span> <span class='ocrx_word' id='word_1_143' title='bbox 2677 1013 2846 1068; x_wconf 85' lang='lat' dir='ltr'><strong>libera</strong></span> <span class='ocrx_word' id='word_1_144' title='bbox 2890 1013 3126 1068; x_wconf 89' lang='lat' dir='ltr'><strong>animam</strong></span> <span class='ocrx_word' id='word_1_145' title='bbox 3163 1029 3364 1070; x_wconf 81' lang='lat' dir='ltr'><strong>meant.</strong></span> 
     </span>
    </p>
   </div>
   <div class='ocr_carea' id='block_1_23' title="bbox 1939 1102 3437 1176">
    <p class='ocr_par' dir='ltr' id='par_1_23' title="bbox 1939 1102 3437 1176">
     <span class='ocr_line' id='line_1_23' title="bbox 1939 1102 3437 1176; baseline 0.004 -20"><span class='ocrx_word' id='word_1_146' title='bbox 1939 1102 1992 1156; x_wconf 74' lang='lat'><strong>5.</strong></span> <span class='ocrx_word' id='word_1_147' title='bbox 2037 1102 2199 1157; x_wconf 67' lang='lat' dir='ltr'><strong>Vens.</strong></span> <span class='ocrx_word' id='word_1_148' title='bbox 2239 1102 2292 1161; x_wconf 84' lang='grc'>5.</span> <span class='ocrx_word' id='word_1_149' title='bbox 2335 1103 2639 1158; x_wconf 73' lang='lat' dir='ltr'><strong>Misericors</strong></span> <span class='ocrx_word' id='word_1_150' title='bbox 2683 1104 2933 1159; x_wconf 81' lang='lat' dir='ltr'><strong>Dominus</strong></span> <span class='ocrx_word' id='word_1_151' title='bbox 2967 1116 3015 1159; x_wconf 82' lang='lat' dir='ltr'><strong>et</strong></span> <span class='ocrx_word' id='word_1_152' title='bbox 3042 1106 3240 1176; x_wconf 84' lang='lat' dir='ltr'><strong>justus.</strong></span> <span class='ocrx_word' id='word_1_153' title='bbox 3284 1105 3437 1161; x_wconf 83' lang='lat' dir='ltr'><strong>Scri-</strong></span> 
     </span>
    </p>
   </div>
   <div class='ocr_carea' id='block_1_24' title="bbox 1868 1194 3438 1266">
    <p class='ocr_par' dir='ltr' id='par_1_24' title="bbox 1868 1194 3438 1266">
     <span class='ocr_line' id='line_1_24' title="bbox 1868 1194 3438 1266; baseline 0.004 -20"><span class='ocrx_word' id='word_1_154' title='bbox 1868 1206 2027 1264; x_wconf 85' lang='lat' dir='ltr'><strong>ptura</strong></span> <span class='ocrx_word' id='word_1_155' title='bbox 2065 1195 2267 1265; x_wconf 86' lang='lat' dir='ltr'><strong>ubique</strong></span> <span class='ocrx_word' id='word_1_156' title='bbox 2297 1194 2391 1249; x_wconf 87' lang='lat' dir='ltr'><strong>Dei</strong></span> <span class='ocrx_word' id='word_1_157' title='bbox 2436 1194 2880 1251; x_wconf 88' lang='lat' dir='ltr'><strong>miserationibus</strong></span> <span class='ocrx_word' id='word_1_158' title='bbox 2908 1198 3176 1266; x_wconf 82' lang='lat' dir='ltr'><strong>justitiam</strong></span> <span class='ocrx_word' id='word_1_159' title='bbox 3212 1201 3438 1265; x_wconf 78' lang='lat' dir='ltr'><strong>conjun-</strong></span> 
     </span>
    </p>
   </div>
   <div class='ocr_carea' id='block_1_25' title="bbox 1871 1284 3436 1355">
    <p class='ocr_par' dir='ltr' id='par_1_25' title="bbox 1871 1284 3436 1355">
     <span class='ocr_line' id='line_1_25' title="bbox 1871 1284 3436 1355; baseline 0.004 -19"><span class='ocrx_word' id='word_1_160' title='bbox 1871 1285 1946 1354; x_wconf 86' lang='lat' dir='ltr'><strong>git</strong></span> <span class='ocrx_word' id='word_1_161' title='bbox 1990 1302 2004 1338; x_wconf 91' lang='lat'>:</span> <span class='ocrx_word' id='word_1_162' title='bbox 2052 1284 2249 1354; x_wconf 91' lang='lat' dir='ltr'><strong>quippe</strong></span> <span class='ocrx_word' id='word_1_163' title='bbox 2293 1289 2449 1338; x_wconf 85' lang='lat' dir='ltr'><strong>docet</strong></span> <span class='ocrx_word' id='word_1_164' title='bbox 2493 1299 2611 1351; x_wconf 91' lang='lat' dir='ltr'><strong>nos,</strong></span> <span class='ocrx_word' id='word_1_165' title='bbox 2656 1300 2831 1355; x_wconf 90' lang='lat' dir='ltr'><strong>neque</strong></span> <span class='ocrx_word' id='word_1_166' title='bbox 2877 1285 2970 1340; x_wconf 83' lang='lat' dir='ltr'><strong>Dei</strong></span> <span class='ocrx_word' id='word_1_167' title='bbox 3017 1287 3436 1343; x_wconf 85' lang='lat' dir='ltr'><strong>misericordiam</strong></span> 
     </span>
    </p>
   </div>
   <div class='ocr_carea' id='block_1_26' title="bbox 1867 1373 3442 1445">
    <p class='ocr_par' dir='ltr' id='par_1_26' title="bbox 1867 1373 3442 1445">
     <span class='ocr_line' id='line_1_26' title="bbox 1867 1373 3442 1445; baseline 0.003 -19"><span class='ocrx_word' id='word_1_168' title='bbox 1867 1373 2070 1443; x_wconf 83' lang='lat' dir='ltr'><strong>judicio</strong></span> <span class='ocrx_word' id='word_1_169' title='bbox 2109 1388 2317 1440; x_wconf 80' lang='lat' dir='ltr'><strong>carere,</strong></span> <span class='ocrx_word' id='word_1_170' title='bbox 2351 1391 2527 1445; x_wconf 90' lang='lat' dir='ltr'><strong>neque</strong></span> <span class='ocrx_word' id='word_1_171' title='bbox 2557 1375 2817 1444; x_wconf 87' lang='lat' dir='ltr'><strong>judicium</strong></span> <span class='ocrx_word' id='word_1_172' title='bbox 2854 1390 3047 1444; x_wconf 80' lang='lat' dir='ltr'><strong>expers</strong></span> <span class='ocrx_word' id='word_1_173' title='bbox 3078 1392 3197 1432; x_wconf 87' lang='lat' dir='ltr'><strong>esse</strong></span> <span class='ocrx_word' id='word_1_174' title='bbox 3228 1377 3442 1432; x_wconf 85' lang='lat' dir='ltr'><strong>miseri-</strong></span> 
     </span>
    </p>
   </div>
   <div class='ocr_carea' id='block_1_27' title="bbox 1869 1465 3437 1536">
    <p class='ocr_par' dir='ltr' id='par_1_27' title="bbox 1869 1465 3437 1536">
     <span class='ocr_line' id='line_1_27' title="bbox 1869 1465 3437 1536; baseline 0.001 -15"><span class='ocrx_word' id='word_1_175' title='bbox 1869 1466 2087 1521; x_wconf 70' lang='lat' dir='ltr'><strong>cordiat.</strong></span> <span class='ocrx_word' id='word_1_176' title='bbox 2122 1465 2226 1520; x_wconf 85' lang='lat' dir='ltr'><strong>Sed</strong></span> <span class='ocrx_word' id='word_1_177' title='bbox 2270 1478 2324 1519; x_wconf 89' lang='lat' dir='ltr'><strong>et</strong></span> <span class='ocrx_word' id='word_1_178' title='bbox 2356 1467 2481 1521; x_wconf 91' lang='lat' dir='ltr'><strong>dum</strong></span> <span class='ocrx_word' id='word_1_179' title='bbox 2521 1467 2840 1529; x_wconf 88' lang='lat' dir='ltr'><strong>miseretur,</strong></span> <span class='ocrx_word' id='word_1_180' title='bbox 2883 1467 2950 1521; x_wconf 86' lang='lat' dir='ltr'><strong>iis</strong></span> <span class='ocrx_word' id='word_1_181' title='bbox 2978 1467 3067 1536; x_wconf 88' lang='lat' dir='ltr'><strong>qui</strong></span> <span class='ocrx_word' id='word_1_182' title='bbox 3103 1467 3250 1536; x_wconf 88' lang='lat' dir='ltr'><strong>digni</strong></span> <span class='ocrx_word' id='word_1_183' title='bbox 3280 1477 3437 1532; x_wconf 90' lang='lat' dir='ltr'><strong>sunt,</strong></span> 
     </span>
    </p>
   </div>
   <div class='ocr_carea' id='block_1_28' title="bbox 1870 1557 3472 1627">
    <p class='ocr_par' dir='ltr' id='par_1_28' title="bbox 1870 1557 3472 1627">
     <span class='ocr_line' id='line_1_28' title="bbox 1870 1557 3472 1627; baseline 0.001 -15"><span class='ocrx_word' id='word_1_184' title='bbox 1870 1573 1994 1612; x_wconf 90' lang='lat' dir='ltr'><strong>suas</strong></span> <span class='ocrx_word' id='word_1_185' title='bbox 2019 1572 2136 1611; x_wconf 91' lang='lat' dir='ltr'><strong>cum</strong></span> <span class='ocrx_word' id='word_1_186' title='bbox 2155 1557 2360 1627; x_wconf 90' lang='lat' dir='ltr'><strong>judicio</strong></span> <span class='ocrx_word' id='word_1_187' title='bbox 2379 1558 2758 1614; x_wconf 82' lang='lat' dir='ltr'><strong>miserationes</strong></span> <span class='ocrx_word' id='word_1_188' title='bbox 2777 1559 3068 1614; x_wconf 90' lang='lat' dir='ltr'><strong>admetitur</strong></span> <span class='ocrx_word' id='word_1_189' title='bbox 3091 1575 3103 1612; x_wconf 90' lang='lat'>:</span> <span class='ocrx_word' id='word_1_190' title='bbox 3127 1569 3290 1627; x_wconf 86' lang='lat' dir='ltr'><strong>atque</strong></span> <span class='ocrx_word' id='word_1_191' title='bbox 3310 1558 3472 1614; x_wconf 87' lang='lat' dir='ltr'><strong>dum.</strong></span> 
     </span>
    </p>
   </div>
   <div class='ocr_carea' id='block_1_29' title="bbox 189 1648 1772 1727">
    <p class='ocr_par' dir='ltr' id='par_1_29' title="bbox 189 1651 1767 1727">
     <span class='ocr_line' id='line_1_29' title="bbox 189 1651 1767 1727; baseline 0.003 -24"><span class='ocrx_word' id='word_1_192' title='bbox 189 1651 350 1723; x_wconf 82' lang='grc' dir='ltr'>ἡμῶν</span> <span class='ocrx_word' id='word_1_193' title='bbox 380 1651 571 1721; x_wconf 81' lang='grc' dir='ltr'><strong>ἐπάγει</strong></span> <span class='ocrx_word' id='word_1_194' title='bbox 602 1653 700 1724; x_wconf 80' lang='grc' dir='ltr'>τὴν</span> <span class='ocrx_word' id='word_1_195' title='bbox 734 1654 938 1725; x_wconf 84' lang='grc' dir='ltr'>κρίσιν,</span> <span class='ocrx_word' id='word_1_196' title='bbox 983 1654 1364 1727; x_wconf 71' lang='grc' dir='ltr'>φιλανθρωπίᾳ</span> <span class='ocrx_word' id='word_1_197' title='bbox 1401 1657 1598 1726; x_wconf 84' lang='grc' dir='ltr'>μᾶλλον</span> <span class='ocrx_word' id='word_1_198' title='bbox 1627 1658 1660 1726; x_wconf 83' lang='grc' dir='ltr'>ἦ</span> <span class='ocrx_word' id='word_1_199' title='bbox 1701 1659 1767 1726; x_wconf 83' lang='grc' dir='ltr'><strong>τῇ</strong></span> 
     </span>
    </p>
   </div>
   <div class='ocr_carea' id='block_1_30' title="bbox 1873 1648 3440 1727">
    <p class='ocr_par' dir='ltr' id='par_1_30' title="bbox 1873 1648 3440 1721">
     <span class='ocr_line' id='line_1_30' title="bbox 1873 1648 3440 1721; baseline 0.003 -20"><span class='ocrx_word' id='word_1_200' title='bbox 1873 1648 2091 1718; x_wconf 82' lang='lat' dir='ltr'><strong>iudicat,</strong></span> <span class='ocrx_word' id='word_1_201' title='bbox 2127 1648 2312 1702; x_wconf 88' lang='lat' dir='ltr'><strong>habita</strong></span> <span class='ocrx_word' id='word_1_202' title='bbox 2345 1648 2678 1706; x_wconf 79' lang='lat' dir='ltr'><strong>inﬁrmitatis</strong></span> <span class='ocrx_word' id='word_1_203' title='bbox 2707 1658 2905 1705; x_wconf 47' lang='lat' dir='ltr'><strong>nostra?</strong></span> <span class='ocrx_word' id='word_1_204' title='bbox 2930 1651 3138 1706; x_wconf 87' lang='lat' dir='ltr'><strong>ratione</strong></span> <span class='ocrx_word' id='word_1_205' title='bbox 3166 1651 3328 1705; x_wconf 81' lang='lat' dir='ltr'><strong>infert</strong></span> <span class='ocrx_word' id='word_1_206' title='bbox 3353 1652 3440 1721; x_wconf 86' lang='lat' dir='ltr'><strong>ju-</strong></span> 
     </span>
    </p>
   </div>
   <div class='ocr_carea' id='block_1_31' title="bbox 189 1737 1772 1826">
    <p class='ocr_par' dir='ltr' id='par_1_31' title="bbox 189 1741 1768 1826">
     <span class='ocr_line' id='line_1_31' title="bbox 189 1741 1768 1826; baseline 0.001 -30"><span class='ocrx_word' id='word_1_207' title='bbox 189 1741 288 1796; x_wconf 82' lang='grc' dir='ltr'>τοῦ</span> <span class='ocrx_word' id='word_1_208' title='bbox 323 1742 437 1826; x_wconf 63' lang='grc' dir='ltr'>ἴσου</span> <span class='ocrx_word' id='word_1_209' title='bbox 472 1744 852 1815; x_wconf 83' lang='grc' dir='ltr'>ἀντιμετρήσει</span> <span class='ocrx_word' id='word_1_210' title='bbox 876 1745 1214 1817; x_wconf 83' lang='grc' dir='ltr'>ἀμυνόμενος</span> <span class='ocrx_word' id='word_1_211' title='bbox 1239 1747 1403 1816; x_wconf 71' lang='grc' dir='ltr'>ἡμᾶς.</span> <span class='ocrx_word' id='word_1_212' title='bbox 1429 1746 1540 1800; x_wconf 78' lang='grc' dir='ltr'><strong>Καὶ</strong></span> <span class='ocrx_word' id='word_1_213' title='bbox 1568 1749 1600 1798; x_wconf 85' lang='grc' dir='ltr'><em>ὀ</em></span> <span class='ocrx_word' id='word_1_214' title='bbox 1625 1746 1768 1811; x_wconf 82' lang='grc' dir='ltr'><strong>Θεὸς</strong></span> 
     </span>
    </p>
   </div>
   <div class='ocr_carea' id='block_1_32' title="bbox 1873 1737 3440 1826">
    <p class='ocr_par' dir='ltr' id='par_1_32' title="bbox 1873 1737 3440 1812">
     <span class='ocr_line' id='line_1_32' title="bbox 1873 1737 3440 1812; baseline 0.004 -20"><span class='ocrx_word' id='word_1_215' title='bbox 1873 1737 2095 1805; x_wconf 92' lang='lat' dir='ltr'><strong>dicium,</strong></span> <span class='ocrx_word' id='word_1_216' title='bbox 2127 1739 2462 1807; x_wconf 73' lang='lat' dir='ltr'><strong>benignitate</strong></span> <span class='ocrx_word' id='word_1_217' title='bbox 2485 1742 2675 1810; x_wconf 78' lang='lat' dir='ltr'><strong>magis,</strong></span> <span class='ocrx_word' id='word_1_218' title='bbox 2701 1756 2862 1810; x_wconf 87' lang='lat' dir='ltr'><strong>quam</strong></span> <span class='ocrx_word' id='word_1_219' title='bbox 2887 1757 2985 1812; x_wconf 85' lang='lat' dir='ltr'><strong>par</strong></span> <span class='ocrx_word' id='word_1_220' title='bbox 3005 1743 3124 1811; x_wconf 86' lang='lat' dir='ltr'><strong>pari</strong></span> <span class='ocrx_word' id='word_1_221' title='bbox 3155 1742 3440 1798; x_wconf 86' lang='lat' dir='ltr'><strong>referendo</strong></span> 
     </span>
    </p>
   </div>
   <div class='ocr_carea' id='block_1_33' title="bbox 190 1827 1772 1907">
    <p class='ocr_par' dir='ltr' id='par_1_33' title="bbox 190 1833 1767 1907">
     <span class='ocr_line' id='line_1_33' title="bbox 190 1833 1767 1907; baseline 0.001 -19"><span class='ocrx_word' id='word_1_222' title='bbox 190 1833 363 1904; x_wconf 79' lang='grc' dir='ltr'>ἡμῶν</span> <span class='ocrx_word' id='word_1_223' title='bbox 393 1836 562 1890; x_wconf 74' lang='grc' dir='ltr'>ἐλεεῖ.</span> <span class='ocrx_word' id='word_1_224' title='bbox 604 1835 790 1901; x_wconf 87' lang='grc' dir='ltr'>Ἐλεός</span> <span class='ocrx_word' id='word_1_225' title='bbox 832 1837 947 1890; x_wconf 87' lang='grc' dir='ltr'>ἐστι</span> <span class='ocrx_word' id='word_1_226' title='bbox 979 1837 1149 1901; x_wconf 83' lang='grc' dir='ltr'>πάθος</span> <span class='ocrx_word' id='word_1_227' title='bbox 1179 1839 1270 1890; x_wconf 75' lang='grc' dir='ltr'><strong>ἐπὶ</strong></span> <span class='ocrx_word' id='word_1_228' title='bbox 1299 1839 1422 1901; x_wconf 75' lang='grc' dir='ltr'>τοὺς</span> <span class='ocrx_word' id='word_1_229' title='bbox 1450 1839 1579 1907; x_wconf 78' lang='grc' dir='ltr'>παρ’</span> <span class='ocrx_word' id='word_1_230' title='bbox 1610 1836 1767 1901; x_wconf 81' lang='grc' dir='ltr'>ἀξίαν</span> 
     </span>
    </p>
   </div>
   <div class='ocr_carea' id='block_1_34' title="bbox 1873 1827 3441 1907">
    <p class='ocr_par' dir='ltr' id='par_1_34' title="bbox 1873 1829 3441 1898">
     <span class='ocr_line' id='line_1_34' title="bbox 1873 1829 3441 1898; baseline 0.008 -18"><span class='ocrx_word' id='word_1_231' title='bbox 1873 1829 2108 1898; x_wconf 88' lang='lat' dir='ltr'><strong>plectens</strong></span> <span class='ocrx_word' id='word_1_232' title='bbox 2138 1846 2259 1886; x_wconf 90' lang='lat' dir='ltr'><strong>nos.</strong></span> <span class='ocrx_word' id='word_1_233' title='bbox 2310 1830 2381 1886; x_wconf 82' lang='lat' dir='ltr'><strong>Et</strong></span> <span class='ocrx_word' id='word_1_234' title='bbox 2418 1831 2557 1886; x_wconf 84' lang='lat' dir='ltr'><strong>Deus</strong></span> <span class='ocrx_word' id='word_1_235' title='bbox 2595 1843 2772 1887; x_wconf 78' lang='lat' dir='ltr'><strong>noster</strong></span> <span class='ocrx_word' id='word_1_236' title='bbox 2799 1833 3093 1888; x_wconf 67' lang='lat' dir='ltr'><strong>miseretur.</strong></span> <span class='ocrx_word' id='word_1_237' title='bbox 3128 1834 3441 1892; x_wconf 80' lang='lat' dir='ltr'><strong>Misericor-</strong></span> 
     </span>
    </p>
   </div>
   <div class='ocr_carea' id='block_1_35' title="bbox 190 1927 1764 1998">
    <p class='ocr_par' dir='ltr' id='par_1_35' title="bbox 190 1927 1764 1998">
     <span class='ocr_line' id='line_1_35' title="bbox 190 1927 1764 1998; baseline -0.001 -18"><span class='ocrx_word' id='word_1_238' title='bbox 190 1928 715 1998; x_wconf 80' lang='grc' dir='ltr'>τεταπεινωμένους,</span> <span class='ocrx_word' id='word_1_239' title='bbox 748 1928 895 1998; x_wconf 81' lang='grc' dir='ltr'><strong>παρά</strong></span> <span class='ocrx_word' id='word_1_240' title='bbox 918 1929 1026 1982; x_wconf 89' lang='grc' dir='ltr'><strong>τῶν</strong></span> <span class='ocrx_word' id='word_1_241' title='bbox 1058 1927 1354 1998; x_wconf 77' lang='grc' dir='ltr'>συμπαθῶς</span> <span class='ocrx_word' id='word_1_242' title='bbox 1379 1927 1764 1998; x_wconf 80' lang='grc' dir='ltr'>διατιθεμένων</span> 
     </span>
    </p>
   </div>
   <div class='ocr_carea' id='block_1_36' title="bbox 191 2016 1765 2092">
    <p class='ocr_par' dir='ltr' id='par_1_36' title="bbox 191 2016 1765 2092">
     <span class='ocr_line' id='line_1_36' title="bbox 191 2016 1765 2092; baseline 0.001 -22"><span class='ocrx_word' id='word_1_243' title='bbox 191 2020 498 2090; x_wconf 76' lang='grc' dir='ltr'>γινόμενον.</span> <span class='ocrx_word' id='word_1_244' title='bbox 517 2019 694 2072; x_wconf 87' lang='grc' dir='ltr'><strong>Ἐλεοῦ</strong></span> <span class='ocrx_word' id='word_1_245' title='bbox 703 2036 800 2088; x_wconf 85' lang='grc' dir='ltr'><strong>μεν</strong></span> <span class='ocrx_word' id='word_1_246' title='bbox 818 2019 908 2070; x_wconf 84' lang='grc' dir='ltr'>τὸν</span> <span class='ocrx_word' id='word_1_247' title='bbox 926 2020 987 2070; x_wconf 83' lang='grc' dir='ltr'><strong>ἐκ</strong></span> <span class='ocrx_word' id='word_1_248' title='bbox 1007 2016 1238 2087; x_wconf 75' lang='grc' dir='ltr'>μεγάλου</span> <span class='ocrx_word' id='word_1_249' title='bbox 1262 2017 1489 2071; x_wconf 83' lang='grc' dir='ltr'>πλούτου</span> <span class='ocrx_word' id='word_1_250' title='bbox 1512 2019 1648 2089; x_wconf 85' lang='grc' dir='ltr'>πρὸς</span> <span class='ocrx_word' id='word_1_251' title='bbox 1667 2020 1765 2092; x_wconf 79' lang='grc' dir='ltr'>τὴν</span> 
     </span>
    </p>
   </div>
   <div class='ocr_carea' id='block_1_37' title="bbox 196 2107 1766 2181">
    <p class='ocr_par' dir='ltr' id='par_1_37' title="bbox 196 2107 1766 2181">
     <span class='ocr_line' id='line_1_37' title="bbox 196 2107 1766 2181; baseline 0 -18"><span class='ocrx_word' id='word_1_252' title='bbox 196 2111 314 2176; x_wconf 65' lang='grc' dir='ltr'>(ξι)</span> <span class='ocrx_word' id='word_1_253' title='bbox 346 2109 576 2180; x_wconf 75' lang='grc' dir='ltr'><strong>ἐσχάτην</strong></span> <span class='ocrx_word' id='word_1_254' title='bbox 608 2109 792 2160; x_wconf 87' lang='grc' dir='ltr'>πενίαν</span> <span class='ocrx_word' id='word_1_255' title='bbox 829 2107 1222 2178; x_wconf 85' lang='grc' dir='ltr'>μεταπεσόντα,</span> <span class='ocrx_word' id='word_1_256' title='bbox 1248 2107 1339 2162; x_wconf 82' lang='grc' dir='ltr'>τὸν</span> <span class='ocrx_word' id='word_1_257' title='bbox 1377 2111 1438 2162; x_wconf 87' lang='grc' dir='ltr'><strong>ἐκ</strong></span> <span class='ocrx_word' id='word_1_258' title='bbox 1465 2111 1564 2181; x_wconf 82' lang='grc' dir='ltr'>τῆς</span> <span class='ocrx_word' id='word_1_259' title='bbox 1592 2113 1766 2181; x_wconf 77' lang='grc' dir='ltr'>ἄκρας</span> 
     </span>
    </p>
   </div>
   <div class='ocr_carea' id='block_1_38' title="bbox 192 2198 1765 2272">
    <p class='ocr_par' dir='ltr' id='par_1_38' title="bbox 192 2198 1765 2272">
     <span class='ocr_line' id='line_1_38' title="bbox 192 2198 1765 2272; baseline -0.001 -17"><span class='ocrx_word' id='word_1_260' title='bbox 192 2200 411 2267; x_wconf 75' lang='grc' dir='ltr'>εὐεξίας</span> <span class='ocrx_word' id='word_1_261' title='bbox 443 2200 535 2254; x_wconf 82' lang='grc' dir='ltr'>τοῦ</span> <span class='ocrx_word' id='word_1_262' title='bbox 569 2198 816 2270; x_wconf 84' lang='grc' dir='ltr'>σώματος</span> <span class='ocrx_word' id='word_1_263' title='bbox 847 2201 924 2262; x_wconf 82' lang='grc' dir='ltr'><strong>είς</strong></span> <span class='ocrx_word' id='word_1_264' title='bbox 955 2198 1052 2270; x_wconf 83' lang='grc' dir='ltr'><strong>τήν</strong></span> <span class='ocrx_word' id='word_1_265' title='bbox 1083 2200 1319 2272; x_wconf 87' lang='grc' dir='ltr'>ἐσχάτην</span> <span class='ocrx_word' id='word_1_266' title='bbox 1353 2201 1634 2256; x_wconf 84' lang='grc' dir='ltr'>ἀσθένειαν</span> <span class='ocrx_word' id='word_1_267' title='bbox 1661 2217 1765 2253; x_wconf 87' lang='grc' dir='ltr'>κα-</span> 
     </span>
    </p>
   </div>
   <div class='ocr_carea' id='block_1_39' title="bbox 191 2290 1767 2364">
    <p class='ocr_par' dir='ltr' id='par_1_39' title="bbox 191 2290 1767 2364">
     <span class='ocr_line' id='line_1_39' title="bbox 191 2290 1767 2364; baseline 0 -18"><span class='ocrx_word' id='word_1_268' title='bbox 191 2291 552 2364; x_wconf 77' lang='grc' dir='ltr'>ταϐληθέντα,</span> <span class='ocrx_word' id='word_1_269' title='bbox 584 2290 673 2344; x_wconf 81' lang='grc' dir='ltr'>τὸν</span> <span class='ocrx_word' id='word_1_270' title='bbox 702 2291 793 2344; x_wconf 74' lang='grc' dir='ltr'>ἐπὶ</span> <span class='ocrx_word' id='word_1_271' title='bbox 822 2291 1007 2345; x_wconf 83' lang='grc' dir='ltr'>κάλλει</span> <span class='ocrx_word' id='word_1_272' title='bbox 1039 2292 1130 2345; x_wconf 74' lang='grc' dir='ltr'>καὶ</span> <span class='ocrx_word' id='word_1_273' title='bbox 1161 2291 1279 2362; x_wconf 71' lang='grc' dir='ltr'>ὥρα</span> <span class='ocrx_word' id='word_1_274' title='bbox 1319 2292 1566 2361; x_wconf 82' lang='grc' dir='ltr'>σώματος</span> <span class='ocrx_word' id='word_1_275' title='bbox 1597 2292 1767 2362; x_wconf 73' lang='grc' dir='ltr'>ἀγαλο</span> 
     </span>
    </p>
   </div>
   <div class='ocr_carea' id='block_1_40' title="bbox 195 2382 1764 2456">
    <p class='ocr_par' dir='ltr' id='par_1_40' title="bbox 195 2382 1764 2456">
     <span class='ocr_line' id='line_1_40' title="bbox 195 2382 1764 2456; baseline 0.001 -18"><span class='ocrx_word' id='word_1_276' title='bbox 195 2385 443 2455; x_wconf 83' lang='grc' dir='ltr'>λόμενον,</span> <span class='ocrx_word' id='word_1_277' title='bbox 469 2383 560 2455; x_wconf 75' lang='grc' dir='ltr'>καὶ</span> <span class='ocrx_word' id='word_1_278' title='bbox 588 2383 692 2436; x_wconf 87' lang='grc' dir='ltr'><strong>ὑπὸ</strong></span> <span class='ocrx_word' id='word_1_279' title='bbox 720 2384 826 2437; x_wconf 90' lang='grc' dir='ltr'><strong>τῶν</strong></span> <span class='ocrx_word' id='word_1_280' title='bbox 855 2384 1145 2453; x_wconf 74' lang='grc' dir='ltr'>αἰσχίστων</span> <span class='ocrx_word' id='word_1_281' title='bbox 1169 2382 1357 2435; x_wconf 86' lang='grc' dir='ltr'>παθῶν</span> <span class='ocrx_word' id='word_1_282' title='bbox 1378 2383 1764 2456; x_wconf 88' lang='grc' dir='ltr'>διαφθαρέντα.</span> 
     </span>
    </p>
   </div>
   <div class='ocr_carea' id='block_1_41' title="bbox 211 2471 1768 2548">
    <p class='ocr_par' dir='ltr' id='par_1_41' title="bbox 211 2471 1768 2548">
     <span class='ocr_line' id='line_1_41' title="bbox 211 2471 1768 2548; baseline 0 -18"><span class='ocrx_word' id='word_1_283' title='bbox 211 2478 367 2530; x_wconf 73' lang='grc' dir='ltr'>Ἐπεὶ</span> <span class='ocrx_word' id='word_1_284' title='bbox 402 2473 495 2530; x_wconf 76' lang='grc' dir='ltr'><strong>οὖν</strong></span> <span class='ocrx_word' id='word_1_285' title='bbox 521 2477 613 2530; x_wconf 72' lang='grc' dir='ltr'>καὶ</span> <span class='ocrx_word' id='word_1_286' title='bbox 636 2478 795 2546; x_wconf 80' lang='grc' dir='ltr'>ἡμεῖς</span> <span class='ocrx_word' id='word_1_287' title='bbox 826 2471 968 2544; x_wconf 78' lang='grc' dir='ltr'>ἦμέν</span> <span class='ocrx_word' id='word_1_288' title='bbox 999 2490 1127 2526; x_wconf 86' lang='grc' dir='ltr'>ποτε</span> <span class='ocrx_word' id='word_1_289' title='bbox 1173 2473 1373 2539; x_wconf 76' lang='grc' dir='ltr'>ἔνδοξοι</span> <span class='ocrx_word' id='word_1_290' title='bbox 1413 2476 1505 2531; x_wconf 74' lang='grc' dir='ltr'>ἐπὶ</span> <span class='ocrx_word' id='word_1_291' title='bbox 1531 2480 1634 2548; x_wconf 76' lang='grc' dir='ltr'>τῆς</span> <span class='ocrx_word' id='word_1_292' title='bbox 1675 2477 1768 2530; x_wconf 80' lang='grc' dir='ltr'><strong>τοῦ</strong></span> 
     </span>
    </p>
   </div>
   <div class='ocr_carea' id='block_1_42' title="bbox 197 2564 1771 2638">
    <p class='ocr_par' dir='ltr' id='par_1_42' title="bbox 197 2564 1771 2638">
     <span class='ocr_line' id='line_1_42' title="bbox 197 2564 1771 2638; baseline -0.001 -16"><span class='ocrx_word' id='word_1_293' title='bbox 197 2567 529 2638; x_wconf 71' lang='grc' dir='ltr'>παραδείσου</span> <span class='ocrx_word' id='word_1_294' title='bbox 553 2565 847 2634; x_wconf 71' lang='grc' dir='ltr'>διαγωγῆς,</span> <span class='ocrx_word' id='word_1_295' title='bbox 877 2564 1173 2635; x_wconf 77' lang='grc' dir='ltr'>ἐγενόμεθα</span> <span class='ocrx_word' id='word_1_296' title='bbox 1194 2565 1249 2619; x_wconf 83' lang='grc' dir='ltr'>δὲ</span> <span class='ocrx_word' id='word_1_297' title='bbox 1273 2565 1445 2631; x_wconf 78' lang='grc' dir='ltr'>ἄδοξοι</span> <span class='ocrx_word' id='word_1_298' title='bbox 1469 2569 1560 2620; x_wconf 76' lang='grc' dir='ltr'>καὶ</span> <span class='ocrx_word' id='word_1_299' title='bbox 1582 2586 1771 2622; x_wconf 89' lang='grc' dir='ltr'>ταπει-</span> 
     </span>
    </p>
   </div>
   <div class='ocr_carea' id='block_1_43' title="bbox 195 2654 1770 2731">
    <p class='ocr_par' dir='ltr' id='par_1_43' title="bbox 195 2654 1770 2731">
     <span class='ocr_line' id='line_1_43' title="bbox 195 2654 1770 2731; baseline 0.003 -21"><span class='ocrx_word' id='word_1_300' title='bbox 195 2660 282 2711; x_wconf 79' lang='grc' dir='ltr'>νοὶ</span> <span class='ocrx_word' id='word_1_301' title='bbox 310 2657 398 2709; x_wconf 85' lang='grc' dir='ltr'><strong>διὰ</strong></span> <span class='ocrx_word' id='word_1_302' title='bbox 438 2656 537 2726; x_wconf 82' lang='grc' dir='ltr'><strong>τήν</strong></span> <span class='ocrx_word' id='word_1_303' title='bbox 576 2654 865 2718; x_wconf 81' lang='grc' dir='ltr'>ἔκπτωσιν,</span> <span class='ocrx_word' id='word_1_304' title='bbox 926 2655 986 2708; x_wconf 85' lang='lat'><strong>&#39;0</strong></span> <span class='ocrx_word' id='word_1_305' title='bbox 1032 2656 1176 2721; x_wconf 81' lang='grc' dir='ltr'>Θεὸς</span> <span class='ocrx_word' id='word_1_306' title='bbox 1219 2656 1386 2726; x_wconf 78' lang='grc' dir='ltr'>ἡμῶν</span> <span class='ocrx_word' id='word_1_307' title='bbox 1427 2658 1602 2724; x_wconf 80' lang='grc' dir='ltr'>ἐλεεῖ,</span> <span class='ocrx_word' id='word_1_308' title='bbox 1631 2661 1770 2731; x_wconf 84' lang='grc' dir='ltr'>ὁρῶν</span> 
     </span>
    </p>
   </div>
   <div class='ocr_carea' id='block_1_44' title="bbox 192 2741 1771 2818">
    <p class='ocr_par' dir='ltr' id='par_1_44' title="bbox 192 2741 1771 2818">
     <span class='ocr_line' id='line_1_44' title="bbox 192 2741 1771 2818; baseline 0.004 -20"><span class='ocrx_word' id='word_1_309' title='bbox 192 2747 348 2818; x_wconf 68' lang='grc' dir='ltr'>ἡμᾶς</span> <span class='ocrx_word' id='word_1_310' title='bbox 390 2741 490 2799; x_wconf 75' lang='grc' dir='ltr'>οἷοι</span> <span class='ocrx_word' id='word_1_311' title='bbox 545 2744 658 2799; x_wconf 85' lang='grc' dir='ltr'>ἀνθ’</span> <span class='ocrx_word' id='word_1_312' title='bbox 699 2747 826 2800; x_wconf 81' lang='grc' dir='ltr'>οἴων</span> <span class='ocrx_word' id='word_1_313' title='bbox 873 2747 1194 2818; x_wconf 89' lang='grc' dir='ltr'>γεγόναμεν.</span> <span class='ocrx_word' id='word_1_314' title='bbox 1233 2747 1332 2802; x_wconf 84' lang='grc' dir='ltr'>Διά</span> <span class='ocrx_word' id='word_1_315' title='bbox 1366 2749 1525 2808; x_wconf 78' lang='grc' dir='ltr'>τοῦτο</span> <span class='ocrx_word' id='word_1_316' title='bbox 1557 2753 1650 2806; x_wconf 77' lang='grc' dir='ltr'>καὶ</span> <span class='ocrx_word' id='word_1_317' title='bbox 1681 2751 1771 2804; x_wconf 82' lang='grc' dir='ltr'>τὸν</span> 
     </span>
    </p>
   </div>
   <div class='ocr_carea' id='block_1_45' title="bbox 207 2837 1769 2912">
    <p class='ocr_par' dir='ltr' id='par_1_45' title="bbox 207 2837 1769 2912">
     <span class='ocr_line' id='line_1_45' title="bbox 207 2837 1769 2912; baseline 0.003 -21"><span class='ocrx_word' id='word_1_318' title='bbox 207 2838 385 2910; x_wconf 64' lang='grc' dir='ltr'>Ἀδὰμ</span> <span class='ocrx_word' id='word_1_319' title='bbox 411 2837 726 2893; x_wconf 82' lang='grc' dir='ltr'>ἀνεκαλεῖτο</span> <span class='ocrx_word' id='word_1_320' title='bbox 755 2841 822 2910; x_wconf 78' lang='grc' dir='ltr'>τῇ</span> <span class='ocrx_word' id='word_1_321' title='bbox 859 2839 970 2910; x_wconf 72' lang='grc'>(25)</span> <span class='ocrx_word' id='word_1_322' title='bbox 1012 2839 1107 2894; x_wconf 76' lang='grc' dir='ltr'>τοῦ</span> <span class='ocrx_word' id='word_1_323' title='bbox 1150 2841 1297 2895; x_wconf 79' lang='grc' dir='ltr'>ἐλέου</span> <span class='ocrx_word' id='word_1_324' title='bbox 1353 2846 1526 2912; x_wconf 80' lang='grc' dir='ltr'>φωνῇ,</span> <span class='ocrx_word' id='word_1_325' title='bbox 1569 2842 1769 2910; x_wconf 73' lang='grc' dir='ltr'>λέγων’</span> 
     </span>
    </p>
   </div>
   <div class='ocr_carea' id='block_1_46' title="bbox 207 2929 1774 3002">
    <p class='ocr_par' dir='ltr' id='par_1_46' title="bbox 207 2929 1774 3002">
     <span class='ocr_line' id='line_1_46' title="bbox 207 2929 1774 3002; baseline 0.003 -20"><span class='ocrx_word' id='word_1_326' title='bbox 207 2929 406 2999; x_wconf 74' lang='grc' dir='ltr'>Ἀδὰμ,</span> <span class='ocrx_word' id='word_1_327' title='bbox 433 2930 552 2985; x_wconf 84' lang='grc' dir='ltr'>ποῦ</span> <span class='ocrx_word' id='word_1_328' title='bbox 581 2929 664 2994; x_wconf 83' lang='grc' dir='ltr'><strong>εἷ;</strong></span> <span class='ocrx_word' id='word_1_329' title='bbox 704 2930 778 2982; x_wconf 76' lang='grc' dir='ltr'><strong>Οὐ</strong></span> <span class='ocrx_word' id='word_1_330' title='bbox 815 2930 923 3002; x_wconf 78' lang='grc' dir='ltr'><strong>γὰρ</strong></span> <span class='ocrx_word' id='word_1_331' title='bbox 962 2930 1268 3002; x_wconf 85' lang='grc' dir='ltr'>διδαχθῆναι</span> <span class='ocrx_word' id='word_1_332' title='bbox 1301 2933 1479 3001; x_wconf 73' lang='grc' dir='ltr'>ἐζήτει</span> <span class='ocrx_word' id='word_1_333' title='bbox 1520 2933 1549 2984; x_wconf 86' lang='grc' dir='ltr'><strong>ό</strong></span> <span class='ocrx_word' id='word_1_334' title='bbox 1597 2933 1774 2986; x_wconf 77' lang='grc' dir='ltr'>πάντα</span> 
     </span>
    </p>
   </div>
   <div class='ocr_carea' id='block_1_47' title="bbox 197 3013 1771 3089">
    <p class='ocr_par' dir='ltr' id='par_1_47' title="bbox 197 3013 1771 3089">
     <span class='ocr_line' id='line_1_47' title="bbox 197 3013 1771 3089; baseline -0.001 -16"><span class='ocrx_word' id='word_1_335' title='bbox 197 3018 392 3084; x_wconf 74' lang='grc' dir='ltr'>εἰδὼς,</span> <span class='ocrx_word' id='word_1_336' title='bbox 441 3019 580 3073; x_wconf 88' lang='grc' dir='ltr'><strong>ἀλλά</strong></span> <span class='ocrx_word' id='word_1_337' title='bbox 624 3019 816 3089; x_wconf 81' lang='grc' dir='ltr'>νοῆσαι</span> <span class='ocrx_word' id='word_1_338' title='bbox 852 3020 1012 3073; x_wconf 78' lang='grc' dir='ltr'>αὑτὸν</span> <span class='ocrx_word' id='word_1_339' title='bbox 1056 3019 1301 3072; x_wconf 77' lang='grc' dir='ltr'>ἐϐούλετο</span> <span class='ocrx_word' id='word_1_340' title='bbox 1352 3013 1462 3080; x_wconf 79' lang='grc' dir='ltr'>οἷος</span> <span class='ocrx_word' id='word_1_341' title='bbox 1508 3017 1625 3072; x_wconf 79' lang='grc' dir='ltr'>ἀνθ’</span> <span class='ocrx_word' id='word_1_342' title='bbox 1660 3020 1771 3072; x_wconf 79' lang='grc' dir='ltr'>οἴου</span> 
     </span>
    </p>
   </div>
   <div class='ocr_carea' id='block_1_48' title="bbox 196 3105 1774 3183">
    <p class='ocr_par' dir='ltr' id='par_1_48' title="bbox 196 3105 1774 3183">
     <span class='ocr_line' id='line_1_48' title="bbox 196 3105 1774 3183; baseline 0 -18"><span class='ocrx_word' id='word_1_343' title='bbox 196 3113 410 3182; x_wconf 80' lang='grc' dir='ltr'>γέγονε.</span> <span class='ocrx_word' id='word_1_344' title='bbox 441 3111 564 3166; x_wconf 86' lang='grc' dir='ltr'><strong>Ποῦ</strong></span> <span class='ocrx_word' id='word_1_345' title='bbox 594 3107 682 3174; x_wconf 69' lang='lat' dir='ltr'><strong>ei;</strong></span> <span class='ocrx_word' id='word_1_346' title='bbox 708 3111 825 3163; x_wconf 75' lang='grc' dir='ltr'>ἀντὶ</span> <span class='ocrx_word' id='word_1_347' title='bbox 846 3108 961 3173; x_wconf 83' lang='grc' dir='ltr'>τοῦ,</span> <span class='ocrx_word' id='word_1_348' title='bbox 993 3110 1086 3172; x_wconf 71' lang='lat' dir='ltr'><strong>Et;</strong></span> <span class='ocrx_word' id='word_1_349' title='bbox 1112 3105 1222 3162; x_wconf 78' lang='grc' dir='ltr'>οἷον</span> <span class='ocrx_word' id='word_1_350' title='bbox 1250 3109 1450 3181; x_wconf 85' lang='grc' dir='ltr'>πτῶμα</span> <span class='ocrx_word' id='word_1_351' title='bbox 1479 3110 1774 3183; x_wconf 88' lang='grc' dir='ltr'>κατελήλυ-</span> 
     </span>
    </p>
   </div>
   <div class='ocr_carea' id='block_1_49' title="bbox 198 3199 1019 3275">
    <p class='ocr_par' dir='ltr' id='par_1_49' title="bbox 198 3199 1019 3275">
     <span class='ocr_line' id='line_1_49' title="bbox 198 3199 1019 3275; baseline -0.002 -19"><span class='ocrx_word' id='word_1_352' title='bbox 198 3206 300 3269; x_wconf 86' lang='grc' dir='ltr'><strong>θας</strong></span> <span class='ocrx_word' id='word_1_353' title='bbox 345 3205 452 3258; x_wconf 84' lang='grc' dir='ltr'>ἀπὸ</span> <span class='ocrx_word' id='word_1_354' title='bbox 476 3201 790 3275; x_wconf 81' lang='grc' dir='ltr'>τηλικούτου</span> <span class='ocrx_word' id='word_1_355' title='bbox 819 3199 1019 3271; x_wconf 74' lang='grc' dir='ltr'>ὕψουςς</span> 
     </span>
    </p>
   </div>
   <div class='ocr_carea' id='block_1_50' title="bbox 1865 1921 3439 1997">
    <p class='ocr_par' dir='ltr' id='par_1_50' title="bbox 1865 1921 3439 1997">
     <span class='ocr_line' id='line_1_50' title="bbox 1865 1921 3439 1997; baseline 0.004 -21"><span class='ocrx_word' id='word_1_356' title='bbox 1865 1923 1952 1977; x_wconf 88' lang='lat' dir='ltr'><strong>dia</strong></span> <span class='ocrx_word' id='word_1_357' title='bbox 1983 1921 2198 1979; x_wconf 76' lang='lat' dir='ltr'><strong>aﬂ‘ectio</strong></span> <span class='ocrx_word' id='word_1_358' title='bbox 2235 1933 2317 1979; x_wconf 90' lang='lat' dir='ltr'><strong>est</strong></span> <span class='ocrx_word' id='word_1_359' title='bbox 2359 1939 2485 1996; x_wconf 89' lang='lat' dir='ltr'><strong>erga</strong></span> <span class='ocrx_word' id='word_1_360' title='bbox 2528 1940 2623 1982; x_wconf 90' lang='lat' dir='ltr'><strong>eos</strong></span> <span class='ocrx_word' id='word_1_361' title='bbox 2670 1928 2762 1997; x_wconf 91' lang='lat' dir='ltr'><strong>qui</strong></span> <span class='ocrx_word' id='word_1_362' title='bbox 2805 1936 3001 1996; x_wconf 74' lang='lat' dir='ltr'><strong>praeter</strong></span> <span class='ocrx_word' id='word_1_363' title='bbox 3042 1926 3290 1984; x_wconf 88' lang='lat' dir='ltr'><strong>meritum</strong></span> <span class='ocrx_word' id='word_1_364' title='bbox 3340 1930 3439 1984; x_wconf 90' lang='lat' dir='ltr'><strong>de-</strong></span> 
     </span>
    </p>
   </div>
   <div class='ocr_carea' id='block_1_51' title="bbox 1867 2015 3440 2090">
    <p class='ocr_par' dir='ltr' id='par_1_51' title="bbox 1867 2015 3440 2090">
     <span class='ocr_line' id='line_1_51' title="bbox 1867 2015 3440 2090; baseline 0.003 -22"><span class='ocrx_word' id='word_1_365' title='bbox 1867 2015 2038 2084; x_wconf 84' lang='lat' dir='ltr'><strong>pressi</strong></span> <span class='ocrx_word' id='word_1_366' title='bbox 2065 2025 2222 2082; x_wconf 89' lang='lat' dir='ltr'><strong>sunt,</strong></span> <span class='ocrx_word' id='word_1_367' title='bbox 2266 2017 2334 2070; x_wconf 83' lang='lat' dir='ltr'><strong>ab</strong></span> <span class='ocrx_word' id='word_1_368' title='bbox 2363 2016 2429 2071; x_wconf 89' lang='lat' dir='ltr'><strong>iis</strong></span> <span class='ocrx_word' id='word_1_369' title='bbox 2454 2018 2546 2086; x_wconf 91' lang='lat' dir='ltr'><strong>qui</strong></span> <span class='ocrx_word' id='word_1_370' title='bbox 2584 2018 2940 2073; x_wconf 85' lang='lat' dir='ltr'><strong>miseratione</strong></span> <span class='ocrx_word' id='word_1_371' title='bbox 2967 2019 3126 2090; x_wconf 69' lang='lat'><strong>202</strong></span> <span class='ocrx_word' id='word_1_372' title='bbox 3159 2027 3440 2075; x_wconf 80' lang='lat' dir='ltr'><strong>moventur</strong></span> 
     </span>
    </p>
   </div>
   <div class='ocr_carea' id='block_1_52' title="bbox 1869 2096 3442 2179">
    <p class='ocr_par' dir='ltr' id='par_1_52' title="bbox 1869 2096 3442 2179">
     <span class='ocr_line' id='line_1_52' title="bbox 1869 2096 3442 2179; baseline 0.006 -22"><span class='ocrx_word' id='word_1_373' title='bbox 1869 2106 2242 2173; x_wconf 84' lang='lat' dir='ltr'><strong>proficiscens.</strong></span> <span class='ocrx_word' id='word_1_374' title='bbox 2286 2106 2609 2161; x_wconf 82' lang='lat' dir='ltr'><strong>Miseramur</strong></span> <span class='ocrx_word' id='word_1_375' title='bbox 2639 2122 2789 2173; x_wconf 90' lang='lat' dir='ltr'><strong>eum,</strong></span> <span class='ocrx_word' id='word_1_376' title='bbox 2822 2109 2912 2178; x_wconf 87' lang='lat' dir='ltr'><strong>qtti</strong></span> <span class='ocrx_word' id='word_1_377' title='bbox 2947 2126 3014 2166; x_wconf 80' lang='lat' dir='ltr'><strong>ex</strong></span> <span class='ocrx_word' id='word_1_378' title='bbox 3048 2096 3258 2179; x_wconf 77' lang='lat' dir='ltr'><strong>magnis</strong></span> <span class='ocrx_word' id='word_1_379' title='bbox 3299 2111 3442 2166; x_wconf 66' lang='lat' dir='ltr'><strong>diviv</strong></span> 
     </span>
    </p>
   </div>
   <div class='ocr_carea' id='block_1_53' title="bbox 1869 2195 3440 2272">
    <p class='ocr_par' dir='ltr' id='par_1_53' title="bbox 1869 2195 3440 2272">
     <span class='ocr_line' id='line_1_53' title="bbox 1869 2195 3440 2272; baseline 0.006 -22"><span class='ocrx_word' id='word_1_380' title='bbox 1869 2196 1958 2250; x_wconf 87' lang='lat' dir='ltr'><strong>tiis</strong></span> <span class='ocrx_word' id='word_1_381' title='bbox 1991 2195 2044 2250; x_wconf 93' lang='lat' dir='ltr'><strong>in</strong></span> <span class='ocrx_word' id='word_1_382' title='bbox 2073 2207 2374 2253; x_wconf 82' lang='lat' dir='ltr'><strong>extremam</strong></span> <span class='ocrx_word' id='word_1_383' title='bbox 2406 2200 2593 2255; x_wconf 88' lang='lat' dir='ltr'><strong>incidit</strong></span> <span class='ocrx_word' id='word_1_384' title='bbox 2632 2211 3002 2271; x_wconf 84' lang='lat' dir='ltr'><strong>paupertatem</strong></span> <span class='ocrx_word' id='word_1_385' title='bbox 3029 2219 3043 2257; x_wconf 88' lang='lat'><strong>:</strong></span> <span class='ocrx_word' id='word_1_386' title='bbox 3075 2217 3224 2268; x_wconf 89' lang='lat' dir='ltr'><strong>eum,</strong></span> <span class='ocrx_word' id='word_1_387' title='bbox 3257 2205 3348 2272; x_wconf 91' lang='lat' dir='ltr'><strong>qui</strong></span> <span class='ocrx_word' id='word_1_388' title='bbox 3375 2219 3440 2260; x_wconf 81' lang='lat' dir='ltr'><strong>ex</strong></span> 
     </span>
    </p>
   </div>
   <div class='ocr_carea' id='block_1_54' title="bbox 1868 2290 3440 2360">
    <p class='ocr_par' dir='ltr' id='par_1_54' title="bbox 1868 2290 3440 2360">
     <span class='ocr_line' id='line_1_54' title="bbox 1868 2290 3440 2360; baseline 0.005 -16"><span class='ocrx_word' id='word_1_389' title='bbox 1868 2290 2072 2358; x_wconf 91' lang='lat' dir='ltr'><strong>optima</strong></span> <span class='ocrx_word' id='word_1_390' title='bbox 2118 2291 2367 2360; x_wconf 89' lang='lat' dir='ltr'><strong>corporis</strong></span> <span class='ocrx_word' id='word_1_391' title='bbox 2411 2291 2727 2349; x_wconf 85' lang='lat' dir='ltr'><strong>habitudine</strong></span> <span class='ocrx_word' id='word_1_392' title='bbox 2761 2295 2828 2349; x_wconf 91' lang='lat' dir='ltr'><strong>ad</strong></span> <span class='ocrx_word' id='word_1_393' title='bbox 2871 2310 3138 2350; x_wconf 87' lang='lat' dir='ltr'><strong>summam</strong></span> <span class='ocrx_word' id='word_1_394' title='bbox 3187 2297 3440 2352; x_wconf 87' lang='lat' dir='ltr'><strong>redactus</strong></span> 
     </span>
    </p>
   </div>
   <div class='ocr_carea' id='block_1_55' title="bbox 1869 2381 3442 2456">
    <p class='ocr_par' dir='ltr' id='par_1_55' title="bbox 1869 2381 3442 2456">
     <span class='ocr_line' id='line_1_55' title="bbox 1869 2381 3442 2456; baseline 0.006 -20"><span class='ocrx_word' id='word_1_395' title='bbox 1869 2392 1955 2437; x_wconf 89' lang='lat' dir='ltr'><strong>est</strong></span> <span class='ocrx_word' id='word_1_396' title='bbox 1991 2381 2324 2437; x_wconf 87' lang='lat' dir='ltr'><strong>debilitatem</strong></span> <span class='ocrx_word' id='word_1_397' title='bbox 2373 2401 2387 2437; x_wconf 91' lang='lat'>:</span> <span class='ocrx_word' id='word_1_398' title='bbox 2425 2398 2584 2449; x_wconf 91' lang='lat' dir='ltr'><strong>eum,</strong></span> <span class='ocrx_word' id='word_1_399' title='bbox 2622 2385 2714 2455; x_wconf 92' lang='lat' dir='ltr'><strong>qui</strong></span> <span class='ocrx_word' id='word_1_400' title='bbox 2763 2387 2834 2439; x_wconf 91' lang='lat' dir='ltr'><strong>ob</strong></span> <span class='ocrx_word' id='word_1_401' title='bbox 2876 2385 3332 2456; x_wconf 86' lang='lat' dir='ltr'><strong>pulchritudinem</strong></span> <span class='ocrx_word' id='word_1_402' title='bbox 3376 2403 3442 2445; x_wconf 85' lang='lat' dir='ltr'><strong>ac</strong></span> 
     </span>
    </p>
   </div>
   <div class='ocr_carea' id='block_1_56' title="bbox 1869 2473 3440 2545">
    <p class='ocr_par' dir='ltr' id='par_1_56' title="bbox 1869 2473 3440 2545">
     <span class='ocr_line' id='line_1_56' title="bbox 1869 2473 3440 2545; baseline 0.003 -16"><span class='ocrx_word' id='word_1_403' title='bbox 1869 2473 2194 2545; x_wconf 78' lang='lat' dir='ltr'><strong>elegantiam</strong></span> <span class='ocrx_word' id='word_1_404' title='bbox 2227 2475 2472 2545; x_wconf 88' lang='lat' dir='ltr'><strong>corporis</strong></span> <span class='ocrx_word' id='word_1_405' title='bbox 2503 2476 2904 2545; x_wconf 78' lang='lat' dir='ltr'><strong>praegestiebat,</strong></span> <span class='ocrx_word' id='word_1_406' title='bbox 2935 2479 3027 2533; x_wconf 89' lang='lat' dir='ltr'><strong>sed</strong></span> <span class='ocrx_word' id='word_1_407' title='bbox 3042 2474 3089 2531; x_wconf 90' lang='lat' dir='ltr'><strong>&#39;a</strong></span> <span class='ocrx_word' id='word_1_408' title='bbox 3124 2477 3440 2535; x_wconf 75' lang='lat' dir='ltr'><strong>ftedissimis</strong></span> 
     </span>
    </p>
   </div>
   <div class='ocr_carea' id='block_1_57' title="bbox 1872 2566 3440 2642">
    <p class='ocr_par' dir='ltr' id='par_1_57' title="bbox 1872 2566 3440 2642">
     <span class='ocr_line' id='line_1_57' title="bbox 1872 2566 3440 2642; baseline 0.005 -24"><span class='ocrx_word' id='word_1_409' title='bbox 1872 2580 1935 2619; x_wconf 90' lang='lat' dir='ltr'><strong>ac</strong></span> <span class='ocrx_word' id='word_1_410' title='bbox 1971 2566 2300 2636; x_wconf 81' lang='lat' dir='ltr'><strong>turpissimis</strong></span> <span class='ocrx_word' id='word_1_411' title='bbox 2339 2566 2540 2620; x_wconf 82' lang='lat' dir='ltr'><strong>morbis</strong></span> <span class='ocrx_word' id='word_1_412' title='bbox 2578 2578 2869 2637; x_wconf 89' lang='lat' dir='ltr'><strong>corruptus</strong></span> <span class='ocrx_word' id='word_1_413' title='bbox 2902 2579 3006 2624; x_wconf 89' lang='lat' dir='ltr'><strong>est.</strong></span> <span class='ocrx_word' id='word_1_414' title='bbox 3040 2569 3304 2636; x_wconf 86' lang='lat' dir='ltr'><strong>Quoniam</strong></span> <span class='ocrx_word' id='word_1_415' title='bbox 3337 2571 3440 2642; x_wconf 83' lang='lat' dir='ltr'><strong>igi-</strong></span> 
     </span>
    </p>
   </div>
   <div class='ocr_carea' id='block_1_58' title="bbox 1873 2656 3441 2732">
    <p class='ocr_par' dir='ltr' id='par_1_58' title="bbox 1873 2656 3441 2732">
     <span class='ocr_line' id='line_1_58' title="bbox 1873 2656 3441 2732; baseline 0.004 -21"><span class='ocrx_word' id='word_1_416' title='bbox 1873 2668 1961 2711; x_wconf 93' lang='lat' dir='ltr'><strong>tur</strong></span> <span class='ocrx_word' id='word_1_417' title='bbox 1994 2667 2047 2710; x_wconf 92' lang='lat' dir='ltr'><strong>et</strong></span> <span class='ocrx_word' id='word_1_418' title='bbox 2083 2672 2180 2711; x_wconf 90' lang='lat' dir='ltr'><strong>nos</strong></span> <span class='ocrx_word' id='word_1_419' title='bbox 2216 2656 2267 2710; x_wconf 93' lang='lat' dir='ltr'><strong>in</strong></span> <span class='ocrx_word' id='word_1_420' title='bbox 2303 2657 2560 2724; x_wconf 89' lang='lat' dir='ltr'><strong>paradiso</strong></span> <span class='ocrx_word' id='word_1_421' title='bbox 2590 2657 2872 2727; x_wconf 82' lang='lat' dir='ltr'><strong>degentes,</strong></span> <span class='ocrx_word' id='word_1_422' title='bbox 2901 2674 3121 2716; x_wconf 84' lang='lat' dir='ltr'><strong>eramus</strong></span> <span class='ocrx_word' id='word_1_423' title='bbox 3151 2661 3441 2732; x_wconf 86' lang='lat' dir='ltr'><strong>aliquando</strong></span> 
     </span>
    </p>
   </div>
   <div class='ocr_carea' id='block_1_59' title="bbox 1873 2748 3444 2821">
    <p class='ocr_par' dir='ltr' id='par_1_59' title="bbox 1873 2748 3444 2821">
     <span class='ocr_line' id='line_1_59' title="bbox 1873 2748 3444 2821; baseline 0.005 -21"><span class='ocrx_word' id='word_1_424' title='bbox 1873 2749 2002 2802; x_wconf 85' lang='lat' dir='ltr'><strong>clari</strong></span> <span class='ocrx_word' id='word_1_425' title='bbox 2043 2762 2107 2803; x_wconf 87' lang='lat' dir='ltr'><strong>ac</strong></span> <span class='ocrx_word' id='word_1_426' title='bbox 2155 2748 2512 2818; x_wconf 86' lang='lat' dir='ltr'><strong>spectabiles,</strong></span> <span class='ocrx_word' id='word_1_427' title='bbox 2545 2758 2600 2804; x_wconf 91' lang='lat' dir='ltr'><strong>et</strong></span> <span class='ocrx_word' id='word_1_428' title='bbox 2653 2759 2828 2804; x_wconf 89' lang='lat' dir='ltr'><strong>tamen</strong></span> <span class='ocrx_word' id='word_1_429' title='bbox 2866 2751 2934 2806; x_wconf 91' lang='lat' dir='ltr'><strong>ob</strong></span> <span class='ocrx_word' id='word_1_430' title='bbox 2968 2751 3444 2821; x_wconf 76' lang='lat' dir='ltr'><strong>ejectionem,in-</strong></span> 
     </span>
    </p>
   </div>
   <div class='ocr_carea' id='block_1_60' title="bbox 1873 2840 3440 2914">
    <p class='ocr_par' dir='ltr' id='par_1_60' title="bbox 1873 2840 3440 2914">
     <span class='ocr_line' id='line_1_60' title="bbox 1873 2840 3440 2914; baseline 0.003 -22"><span class='ocrx_word' id='word_1_431' title='bbox 1873 2840 2032 2910; x_wconf 83' lang='lat' dir='ltr'><strong>glorii</strong></span> <span class='ocrx_word' id='word_1_432' title='bbox 2068 2849 2122 2896; x_wconf 87' lang='lat' dir='ltr'><strong>et</strong></span> <span class='ocrx_word' id='word_1_433' title='bbox 2153 2841 2350 2911; x_wconf 86' lang='lat' dir='ltr'><strong>abjecti</strong></span> <span class='ocrx_word' id='word_1_434' title='bbox 2395 2841 2702 2908; x_wconf 79' lang='lat' dir='ltr'><strong>evasimus,</strong></span> <span class='ocrx_word' id='word_1_435' title='bbox 2747 2841 2891 2898; x_wconf 76' lang='lat' dir='ltr'><strong>Deus</strong></span> <span class='ocrx_word' id='word_1_436' title='bbox 2922 2855 3098 2899; x_wconf 84' lang='lat' dir='ltr'><strong>noster</strong></span> <span class='ocrx_word' id='word_1_437' title='bbox 3143 2846 3440 2914; x_wconf 85' lang='lat' dir='ltr'><strong>miseretur,</strong></span> 
     </span>
    </p>
   </div>
   <div class='ocr_carea' id='block_1_61' title="bbox 1875 2932 3441 3004">
    <p class='ocr_par' dir='ltr' id='par_1_61' title="bbox 1875 2932 3441 3004">
     <span class='ocr_line' id='line_1_61' title="bbox 1875 2932 3441 3004; baseline 0.005 -20"><span class='ocrx_word' id='word_1_438' title='bbox 1875 2932 2000 2985; x_wconf 92' lang='lat' dir='ltr'><strong>dum</strong></span> <span class='ocrx_word' id='word_1_439' title='bbox 2057 2932 2242 3002; x_wconf 87' lang='lat' dir='ltr'><strong>quales</strong></span> <span class='ocrx_word' id='word_1_440' title='bbox 2299 2947 2398 2988; x_wconf 88' lang='lat' dir='ltr'><strong>nos</strong></span> <span class='ocrx_word' id='word_1_441' title='bbox 2443 2947 2507 2988; x_wconf 83' lang='lat' dir='ltr'><strong>ex</strong></span> <span class='ocrx_word' id='word_1_442' title='bbox 2550 2932 2800 3002; x_wconf 84' lang='lat' dir='ltr'><strong>qualibus</strong></span> <span class='ocrx_word' id='word_1_443' title='bbox 2852 2937 2980 2990; x_wconf 84' lang='lat' dir='ltr'><strong>facti</strong></span> <span class='ocrx_word' id='word_1_444' title='bbox 3033 2937 3441 3004; x_wconf 82' lang='lat' dir='ltr'><strong>simus,videt.</strong></span> 
     </span>
    </p>
   </div>
   <div class='ocr_carea' id='block_1_62' title="bbox 1877 3025 3447 3093">
    <p class='ocr_par' dir='ltr' id='par_1_62' title="bbox 1877 3025 3447 3093">
     <span class='ocr_line' id='line_1_62' title="bbox 1877 3025 3447 3093; baseline 0.006 -17"><span class='ocrx_word' id='word_1_445' title='bbox 1877 3025 2214 3093; x_wconf 82' lang='lat' dir='ltr'><strong>Quapropter</strong></span> <span class='ocrx_word' id='word_1_446' title='bbox 2244 3035 2297 3080; x_wconf 92' lang='lat' dir='ltr'><strong>et</strong></span> <span class='ocrx_word' id='word_1_447' title='bbox 2342 3026 2608 3080; x_wconf 82' lang='lat' dir='ltr'><strong>Adamum</strong></span> <span class='ocrx_word' id='word_1_448' title='bbox 2642 3027 2745 3082; x_wconf 90' lang='lat' dir='ltr'><strong>hac</strong></span> <span class='ocrx_word' id='word_1_449' title='bbox 2775 3028 3160 3086; x_wconf 69' lang='lat' dir='ltr'><strong>misericordia:</strong></span> <span class='ocrx_word' id='word_1_450' title='bbox 3195 3046 3331 3088; x_wconf 85' lang='lat' dir='ltr'><strong>voce</strong></span> <span class='ocrx_word' id='word_1_451' title='bbox 3359 3047 3447 3086; x_wconf 91' lang='lat' dir='ltr'><strong>re-</strong></span> 
     </span>
    </p>
   </div>
   <div class='ocr_carea' id='block_1_63' title="bbox 1877 3115 3442 3184">
    <p class='ocr_par' dir='ltr' id='par_1_63' title="bbox 1877 3115 3442 3184">
     <span class='ocr_line' id='line_1_63' title="bbox 1877 3115 3442 3184; baseline 0.007 -21"><span class='ocrx_word' id='word_1_452' title='bbox 1877 3116 2126 3179; x_wconf 87' lang='lat' dir='ltr'><strong>vocabat,</strong></span> <span class='ocrx_word' id='word_1_453' title='bbox 2159 3115 2383 3170; x_wconf 90' lang='lat' dir='ltr'><strong>dicens:</strong></span> <span class='ocrx_word' id='word_1_454' title='bbox 2420 3115 2613 3184; x_wconf 78' lang='lat' dir='ltr'><strong>Adam,</strong></span> <span class='ocrx_word' id='word_1_455' title='bbox 2645 3117 2736 3170; x_wconf 81' lang='lat' dir='ltr'><strong>ubi</strong></span> <span class='ocrx_word' id='word_1_456' title='bbox 2775 3133 2828 3171; x_wconf 83' lang='lat' dir='ltr'><strong>es</strong></span> <span class='ocrx_word' id='word_1_457' title='bbox 2857 3119 2941 3172; x_wconf 68' lang='lat' dir='ltr'><strong>&quot;t</strong></span> <span class='ocrx_word' id='word_1_458' title='bbox 2971 3118 3085 3174; x_wconf 82' lang='lat' dir='ltr'><strong>Non</strong></span> <span class='ocrx_word' id='word_1_459' title='bbox 3119 3121 3262 3176; x_wconf 91' lang='lat' dir='ltr'><strong>enim</strong></span> <span class='ocrx_word' id='word_1_460' title='bbox 3309 3121 3442 3175; x_wconf 86' lang='lat' dir='ltr'><strong>edo-</strong></span> 
     </span>
    </p>
   </div>
   <div class='ocr_carea' id='block_1_64' title="bbox 1802 3190 3442 3282">
    <p class='ocr_par' dir='ltr' id='par_1_64' title="bbox 1802 3190 3442 3282">
     <span class='ocr_line' id='line_1_64' title="bbox 1802 3190 3442 3282; baseline 0.008 -28"><span class='ocrx_word' id='word_1_461' title='bbox 1802 3190 1846 3250; x_wconf 93' lang='lat' dir='ltr'><strong>C</strong></span> <span class='ocrx_word' id='word_1_462' title='bbox 1879 3204 1989 3260; x_wconf 86' lang='lat' dir='ltr'><strong>ceri</strong></span> <span class='ocrx_word' id='word_1_463' title='bbox 2017 3205 2292 3275; x_wconf 65' lang='lat' dir='ltr'><strong>quaerebat</strong></span> <span class='ocrx_word' id='word_1_464' title='bbox 2312 3206 2552 3261; x_wconf 85' lang='lat' dir='ltr'><strong>omnium</strong></span> <span class='ocrx_word' id='word_1_465' title='bbox 2580 3221 2800 3278; x_wconf 84' lang='lat' dir='ltr'><strong>gnarus,</strong></span> <span class='ocrx_word' id='word_1_466' title='bbox 2827 3210 2921 3265; x_wconf 87' lang='lat' dir='ltr'><strong>sed</strong></span> <span class='ocrx_word' id='word_1_467' title='bbox 2944 3210 3248 3282; x_wconf 88' lang='lat' dir='ltr'><strong>intelligere</strong></span> <span class='ocrx_word' id='word_1_468' title='bbox 3268 3211 3442 3282; x_wconf 88' lang='lat' dir='ltr'><strong>ipsum</strong></span> 
     </span>
    </p>
   </div>
   <div class='ocr_carea' id='block_1_65' title="bbox 199 3291 3445 3367">
    <p class='ocr_par' dir='ltr' id='par_1_65' title="bbox 199 3291 3445 3367">
     <span class='ocr_line' id='line_1_65' title="bbox 199 3291 3445 3367; baseline 0.005 -19"><span class='ocrx_word' id='word_1_469' title='bbox 199 3296 438 3364; x_wconf 85' lang='lat' dir='ltr'><strong>volebat,</strong></span> <span class='ocrx_word' id='word_1_470' title='bbox 465 3293 640 3365; x_wconf 89' lang='lat' dir='ltr'><strong>qualis</strong></span> <span class='ocrx_word' id='word_1_471' title='bbox 670 3307 737 3348; x_wconf 79' lang='lat' dir='ltr'><strong>ex</strong></span> <span class='ocrx_word' id='word_1_472' title='bbox 768 3292 912 3358; x_wconf 86' lang='lat' dir='ltr'><strong>quali</strong></span> <span class='ocrx_word' id='word_1_473' title='bbox 940 3292 1112 3348; x_wconf 86' lang='lat' dir='ltr'><strong>factus</strong></span> <span class='ocrx_word' id='word_1_474' title='bbox 1137 3303 1300 3350; x_wconf 88' lang='lat' dir='ltr'><strong>esset.</strong></span> <span class='ocrx_word' id='word_1_475' title='bbox 1334 3291 1435 3348; x_wconf 83' lang='lat' dir='ltr'><strong>Ubi</strong></span> <span class='ocrx_word' id='word_1_476' title='bbox 1476 3296 1570 3350; x_wconf 80' lang='lat' dir='ltr'><strong>es?</strong></span> <span class='ocrx_word' id='word_1_477' title='bbox 1609 3297 1762 3366; x_wconf 84' lang='lat' dir='ltr'><strong>quasi</strong></span> <span class='ocrx_word' id='word_1_478' title='bbox 1803 3296 1951 3351; x_wconf 82' lang='lat' dir='ltr'><strong>dicat</strong></span> <span class='ocrx_word' id='word_1_479' title='bbox 1985 3314 1999 3350; x_wconf 91' lang='lat'><strong>:</strong></span> <span class='ocrx_word' id='word_1_480' title='bbox 2032 3298 2089 3351; x_wconf 88' lang='lat' dir='ltr'><strong>In</strong></span> <span class='ocrx_word' id='word_1_481' title='bbox 2124 3312 2286 3367; x_wconf 91' lang='lat' dir='ltr'><strong>quam</strong></span> <span class='ocrx_word' id='word_1_482' title='bbox 2353 3297 2566 3351; x_wconf 88' lang='lat' dir='ltr'><strong>ruinam</strong></span> <span class='ocrx_word' id='word_1_483' title='bbox 2603 3313 2672 3353; x_wconf 82' lang='lat' dir='ltr'><strong>ex</strong></span> <span class='ocrx_word' id='word_1_484' title='bbox 2719 3309 2869 3355; x_wconf 85' lang='lat' dir='ltr'><strong>tanta</strong></span> <span class='ocrx_word' id='word_1_485' title='bbox 2930 3302 3266 3360; x_wconf 81' lang='lat' dir='ltr'><strong>sublimitate</strong></span> <span class='ocrx_word' id='word_1_486' title='bbox 3307 3306 3445 3364; x_wconf 86' lang='lat' dir='ltr'><strong>inci-</strong></span> 
     </span>
    </p>
   </div>
   <div class='ocr_carea' id='block_1_66' title="bbox 199 3385 366 3447">
    <p class='ocr_par' dir='ltr' id='par_1_66' title="bbox 199 3385 366 3447">
     <span class='ocr_line' id='line_1_66' title="bbox 199 3385 366 3447; baseline -0.054 0"><span class='ocrx_word' id='word_1_487' title='bbox 199 3385 366 3447; x_wconf 83' lang='lat' dir='ltr'><strong>disti?</strong></span> 
     </span>
    </p>
   </div>
   <div class='ocr_carea' id='block_1_67' title="bbox 275 3478 1778 3548">
    <p class='ocr_par' dir='ltr' id='par_1_67' title="bbox 275 3478 1778 3548">
     <span class='ocr_line' id='line_1_67' title="bbox 275 3478 1778 3548; baseline -0.003 -11"><span class='ocrx_word' id='word_1_488' title='bbox 275 3483 332 3538; x_wconf 73' lang='grc'>4.</span> <span class='ocrx_word' id='word_1_489' title='bbox 402 3479 746 3536; x_wconf 48' lang='lat' dir='ltr'><strong>dividemur</strong></span> <span class='ocrx_word' id='word_1_490' title='bbox 775 3482 847 3536; x_wconf 84' lang='grc' dir='ltr'>τὰ</span> <span class='ocrx_word' id='word_1_491' title='bbox 884 3483 1069 3547; x_wconf 70' lang='grc' dir='ltr'>νήπια</span> <span class='ocrx_word' id='word_1_492' title='bbox 1100 3481 1133 3533; x_wconf 84' lang='grc' dir='ltr'><strong>ό</strong></span> <span class='ocrx_word' id='word_1_493' title='bbox 1169 3480 1410 3548; x_wconf 82' lang='grc' dir='ltr'>Κύριος·</span> <span class='ocrx_word' id='word_1_494' title='bbox 1463 3478 1778 3533; x_wconf 79' lang='grc' dir='ltr'>ἐταπεινώ-</span> 
     </span>
    </p>
   </div>
   <div class='ocr_carea' id='block_1_68' title="bbox 202 3572 1780 3650">
    <p class='ocr_par' dir='ltr' id='par_1_68' title="bbox 202 3572 1780 3650">
     <span class='ocr_line' id='line_1_68' title="bbox 202 3572 1780 3650; baseline -0.004 -16"><span class='ocrx_word' id='word_1_495' title='bbox 202 3584 340 3650; x_wconf 81' lang='grc' dir='ltr'>θην,</span> <span class='ocrx_word' id='word_1_496' title='bbox 372 3577 470 3632; x_wconf 76' lang='grc' dir='ltr'>καὶ</span> <span class='ocrx_word' id='word_1_497' title='bbox 499 3576 696 3633; x_wconf 65' lang='grc' dir='ltr'>ἔσωσέ</span> <span class='ocrx_word' id='word_1_498' title='bbox 722 3593 818 3646; x_wconf 83' lang='grc' dir='ltr'><strong>με.</strong></span> <span class='ocrx_word' id='word_1_499' title='bbox 864 3575 989 3630; x_wconf 79' lang='grc' dir='ltr'>Εἴτε</span> <span class='ocrx_word' id='word_1_500' title='bbox 1033 3572 1174 3628; x_wconf 80' lang='grc' dir='ltr'>κατὰ</span> <span class='ocrx_word' id='word_1_501' title='bbox 1209 3574 1301 3628; x_wconf 80' lang='grc' dir='ltr'><strong>τὸν</strong></span> <span class='ocrx_word' id='word_1_502' title='bbox 1337 3574 1563 3644; x_wconf 81' lang='grc' dir='ltr'>φυσικὸν</span> <span class='ocrx_word' id='word_1_503' title='bbox 1601 3573 1780 3644; x_wconf 87' lang='grc' dir='ltr'>λόγον,</span> 
     </span>
    </p>
   </div>
   <div class='ocr_carea' id='block_1_69' title="bbox 202 3665 1780 3741">
    <p class='ocr_par' dir='ltr' id='par_1_69' title="bbox 202 3665 1780 3741">
     <span class='ocr_line' id='line_1_69' title="bbox 202 3665 1780 3741; baseline -0.005 -14"><span class='ocrx_word' id='word_1_504' title='bbox 202 3675 307 3727; x_wconf 72' lang='grc' dir='ltr'>οὐκ</span> <span class='ocrx_word' id='word_1_505' title='bbox 337 3670 404 3725; x_wconf 76' lang='grc' dir='ltr'>ἂν</span> <span class='ocrx_word' id='word_1_506' title='bbox 436 3668 665 3740; x_wconf 80' lang='grc' dir='ltr'>συνέστη</span> <span class='ocrx_word' id='word_1_507' title='bbox 703 3669 738 3740; x_wconf 90' lang='grc' dir='ltr'><strong>ή</strong></span> <span class='ocrx_word' id='word_1_508' title='bbox 770 3666 1086 3740; x_wconf 84' lang='grc' dir='ltr'>ἀνθρωπίνη</span> <span class='ocrx_word' id='word_1_509' title='bbox 1119 3665 1299 3736; x_wconf 83' lang='grc' dir='ltr'>φύσις,</span> <span class='ocrx_word' id='word_1_510' title='bbox 1338 3666 1413 3738; x_wconf 81' lang='grc' dir='ltr'><strong>μή</strong></span> <span class='ocrx_word' id='word_1_511' title='bbox 1444 3666 1552 3741; x_wconf 81' lang='grc' dir='ltr'><strong>τῶν</strong></span> <span class='ocrx_word' id='word_1_512' title='bbox 1583 3667 1780 3738; x_wconf 84' lang='grc' dir='ltr'>κομιδῆ</span> 
     </span>
    </p>
   </div>
   <div class='ocr_carea' id='block_1_70' title="bbox 202 3760 1779 3834">
    <p class='ocr_par' dir='ltr' id='par_1_70' title="bbox 202 3760 1779 3834">
     <span class='ocr_line' id='line_1_70' title="bbox 202 3760 1779 3834; baseline -0.003 -18"><span class='ocrx_word' id='word_1_513' title='bbox 202 3764 414 3834; x_wconf 81' lang='grc' dir='ltr'>νηπίων</span> <span class='ocrx_word' id='word_1_514' title='bbox 440 3764 534 3817; x_wconf 74' lang='grc' dir='ltr'>καὶ</span> <span class='ocrx_word' id='word_1_515' title='bbox 549 3765 628 3816; x_wconf 74' lang='grc' dir='ltr'><strong>ἐτι</strong></span> <span class='ocrx_word' id='word_1_516' title='bbox 646 3760 858 3832; x_wconf 77' lang='grc' dir='ltr'>βρεφῶν</span> <span class='ocrx_word' id='word_1_517' title='bbox 878 3761 982 3814; x_wconf 82' lang='grc' dir='ltr'><strong>ὑπὸ</strong></span> <span class='ocrx_word' id='word_1_518' title='bbox 1000 3761 1093 3813; x_wconf 83' lang='grc' dir='ltr'>τοῦ</span> <span class='ocrx_word' id='word_1_519' title='bbox 1114 3761 1318 3833; x_wconf 85' lang='grc' dir='ltr'>Κυρίου</span> <span class='ocrx_word' id='word_1_520' title='bbox 1337 3760 1779 3833; x_wconf 78' lang='grc' dir='ltr'>φυλασσομένων.</span> 
     </span>
    </p>
   </div>
   <div class='ocr_carea' id='block_1_71' title="bbox 205 3847 1783 3921">
    <p class='ocr_par' dir='ltr' id='par_1_71' title="bbox 205 3847 1783 3921">
     <span class='ocr_line' id='line_1_71' title="bbox 205 3847 1783 3921; baseline -0.003 -17"><span class='ocrx_word' id='word_1_521' title='bbox 205 3851 334 3914; x_wconf 88' lang='grc' dir='ltr'>Πῶς</span> <span class='ocrx_word' id='word_1_522' title='bbox 361 3850 466 3921; x_wconf 82' lang='grc' dir='ltr'>γὰρ</span> <span class='ocrx_word' id='word_1_523' title='bbox 490 3849 524 3918; x_wconf 80' lang='grc' dir='ltr'>ἢ</span> <span class='ocrx_word' id='word_1_524' title='bbox 560 3849 673 3918; x_wconf 77' lang='grc'>(26)</span> <span class='ocrx_word' id='word_1_525' title='bbox 699 3850 768 3902; x_wconf 80' lang='grc' dir='ltr'>τὰ</span> <span class='ocrx_word' id='word_1_526' title='bbox 795 3851 853 3901; x_wconf 87' lang='grc' dir='ltr'><strong>ἐν</strong></span> <span class='ocrx_word' id='word_1_527' title='bbox 878 3851 945 3919; x_wconf 80' lang='grc' dir='ltr'><strong>τῇ</strong></span> <span class='ocrx_word' id='word_1_528' title='bbox 979 3849 1163 3920; x_wconf 70' lang='grc' dir='ltr'>μήτρᾳ</span> <span class='ocrx_word' id='word_1_529' title='bbox 1203 3849 1614 3921; x_wconf 83' lang='grc' dir='ltr'>κυοφορούμενα</span> <span class='ocrx_word' id='word_1_530' title='bbox 1656 3847 1783 3918; x_wconf 73' lang='grc' dir='ltr'>ἠδύ-</span> 
     </span>
    </p>
   </div>
   <div class='ocr_carea' id='block_1_72' title="bbox 207 3939 1780 4014">
    <p class='ocr_par' dir='ltr' id='par_1_72' title="bbox 207 3939 1780 4014">
     <span class='ocr_line' id='line_1_72' title="bbox 207 3939 1780 4014; baseline -0.003 -16"><span class='ocrx_word' id='word_1_531' title='bbox 207 3961 341 3998; x_wconf 88' lang='grc' dir='ltr'>νατο</span> <span class='ocrx_word' id='word_1_532' title='bbox 371 3941 664 4014; x_wconf 81' lang='grc' dir='ltr'>τρέφεσθαι</span> <span class='ocrx_word' id='word_1_533' title='bbox 689 3940 722 4012; x_wconf 78' lang='grc' dir='ltr'>ἢ</span> <span class='ocrx_word' id='word_1_534' title='bbox 751 3939 1017 3995; x_wconf 87' lang='grc' dir='ltr'>κινεῖσθαι</span> <span class='ocrx_word' id='word_1_535' title='bbox 1043 3941 1100 3994; x_wconf 89' lang='grc' dir='ltr'><strong>ἐν</strong></span> <span class='ocrx_word' id='word_1_536' title='bbox 1122 3940 1266 3994; x_wconf 78' lang='grc' dir='ltr'>οὕτω</span> <span class='ocrx_word' id='word_1_537' title='bbox 1298 3943 1504 4004; x_wconf 83' lang='grc' dir='ltr'>στενοῖς</span> <span class='ocrx_word' id='word_1_538' title='bbox 1540 3941 1780 4012; x_wconf 87' lang='grc' dir='ltr'>χωρίοις,</span> 
     </span>
    </p>
   </div>
   <div class='ocr_carea' id='block_1_73' title="bbox 207 4031 1783 4108">
    <p class='ocr_par' dir='ltr' id='par_1_73' title="bbox 207 4031 1783 4108">
     <span class='ocr_line' id='line_1_73' title="bbox 207 4031 1783 4108; baseline -0.004 -15"><span class='ocrx_word' id='word_1_539' title='bbox 207 4037 304 4093; x_wconf 75' lang='grc' dir='ltr'>καὶ</span> <span class='ocrx_word' id='word_1_540' title='bbox 323 4033 591 4108; x_wconf 86' lang='grc' dir='ltr'>μηδεμίαν</span> <span class='ocrx_word' id='word_1_541' title='bbox 612 4035 822 4106; x_wconf 71' lang='grc' dir='ltr'>ἔχουσιν</span> <span class='ocrx_word' id='word_1_542' title='bbox 845 4033 1186 4106; x_wconf 81' lang='grc' dir='ltr'>ἀναστροφὴν</span> <span class='ocrx_word' id='word_1_543' title='bbox 1208 4031 1339 4106; x_wconf 73' lang='grc'>(27),</span> <span class='ocrx_word' id='word_1_544' title='bbox 1358 4032 1470 4086; x_wconf 82' lang='grc' dir='ltr'>ἀλλ’</span> <span class='ocrx_word' id='word_1_545' title='bbox 1494 4033 1552 4086; x_wconf 88' lang='grc' dir='ltr'><strong>ἐν</strong></span> <span class='ocrx_word' id='word_1_546' title='bbox 1573 4049 1783 4086; x_wconf 63' lang='grc' dir='ltr'>σκοτεμ</span> 
     </span>
    </p>
   </div>
   <div class='ocr_carea' id='block_1_74' title="bbox 209 4123 1784 4199">
    <p class='ocr_par' dir='ltr' id='par_1_74' title="bbox 209 4123 1784 4199">
     <span class='ocr_line' id='line_1_74' title="bbox 209 4123 1784 4199; baseline -0.004 -16"><span class='ocrx_word' id='word_1_547' title='bbox 209 4131 323 4193; x_wconf 82' lang='grc' dir='ltr'>νοῖς</span> <span class='ocrx_word' id='word_1_548' title='bbox 350 4127 536 4191; x_wconf 84' lang='grc' dir='ltr'>τόποις</span> <span class='ocrx_word' id='word_1_549' title='bbox 560 4128 657 4182; x_wconf 78' lang='grc' dir='ltr'>καὶ</span> <span class='ocrx_word' id='word_1_550' title='bbox 696 4125 943 4199; x_wconf 82' lang='grc' dir='ltr'>ἐνύγροις</span> <span class='ocrx_word' id='word_1_551' title='bbox 970 4127 1067 4198; x_wconf 85' lang='grc' dir='ltr'>τὴν</span> <span class='ocrx_word' id='word_1_552' title='bbox 1097 4125 1239 4197; x_wconf 80' lang='grc' dir='ltr'>ζωὴν</span> <span class='ocrx_word' id='word_1_553' title='bbox 1279 4125 1488 4195; x_wconf 67' lang='grc' dir='ltr'>ἔχοντα,</span> <span class='ocrx_word' id='word_1_554' title='bbox 1526 4125 1620 4179; x_wconf 73' lang='grc' dir='ltr'>καὶ</span> <span class='ocrx_word' id='word_1_555' title='bbox 1661 4123 1784 4178; x_wconf 76' lang='grc' dir='ltr'>οὔτε</span> 
     </span>
    </p>
   </div>
   <div class='ocr_carea' id='block_1_75' title="bbox 208 4215 1780 4290">
    <p class='ocr_par' dir='ltr' id='par_1_75' title="bbox 208 4215 1780 4290">
     <span class='ocr_line' id='line_1_75' title="bbox 208 4215 1780 4290; baseline -0.003 -16"><span class='ocrx_word' id='word_1_556' title='bbox 208 4220 469 4274; x_wconf 68' lang='grc' dir='ltr'>ἀναπνεῖν</span> <span class='ocrx_word' id='word_1_557' title='bbox 489 4219 777 4290; x_wconf 82' lang='grc' dir='ltr'>δυνάμενα,</span> <span class='ocrx_word' id='word_1_558' title='bbox 809 4219 930 4272; x_wconf 73' lang='grc' dir='ltr'>οὔτε</span> <span class='ocrx_word' id='word_1_559' title='bbox 951 4220 1048 4290; x_wconf 79' lang='grc' dir='ltr'>ζῇν</span> <span class='ocrx_word' id='word_1_560' title='bbox 1064 4219 1161 4290; x_wconf 81' lang='grc' dir='ltr'>τὴν</span> <span class='ocrx_word' id='word_1_561' title='bbox 1178 4215 1286 4271; x_wconf 88' lang='grc' dir='ltr'><strong>τῶν</strong></span> <span class='ocrx_word' id='word_1_562' title='bbox 1300 4217 1598 4289; x_wconf 86' lang='grc' dir='ltr'>ἀνθρώπων</span> <span class='ocrx_word' id='word_1_563' title='bbox 1618 4217 1780 4287; x_wconf 77' lang='grc' dir='ltr'>ζωὴν,</span> 
     </span>
    </p>
   </div>
   <div class='ocr_carea' id='block_1_76' title="bbox 216 4309 1781 4382">
    <p class='ocr_par' dir='ltr' id='par_1_76' title="bbox 216 4309 1781 4382">
     <span class='ocr_line' id='line_1_76' title="bbox 216 4309 1781 4382; baseline -0.003 -16"><span class='ocrx_word' id='word_1_564' title='bbox 216 4310 353 4366; x_wconf 77' lang='grc' dir='ltr'>ἀλλὰ</span> <span class='ocrx_word' id='word_1_565' title='bbox 379 4311 534 4380; x_wconf 88' lang='grc' dir='ltr'>δίκην</span> <span class='ocrx_word' id='word_1_566' title='bbox 563 4310 759 4382; x_wconf 77' lang='grc' dir='ltr'>ἰχθύων</span> <span class='ocrx_word' id='word_1_567' title='bbox 786 4312 898 4373; x_wconf 85' lang='grc' dir='ltr'>τοῖς</span> <span class='ocrx_word' id='word_1_568' title='bbox 929 4311 1112 4380; x_wconf 79' lang='grc' dir='ltr'>ὑγροῖς</span> <span class='ocrx_word' id='word_1_569' title='bbox 1140 4309 1508 4381; x_wconf 84' lang='grc' dir='ltr'>ἐμφερόμενα,</span> <span class='ocrx_word' id='word_1_570' title='bbox 1541 4311 1589 4363; x_wconf 87' lang='grc' dir='ltr'><strong>εί</strong></span> <span class='ocrx_word' id='word_1_571' title='bbox 1618 4309 1692 4381; x_wconf 86' lang='grc' dir='ltr'><strong>μή</strong></span> <span class='ocrx_word' id='word_1_572' title='bbox 1715 4312 1781 4380; x_wconf 79' lang='grc' dir='ltr'>τῇ</span> 
     </span>
    </p>
   </div>
   <div class='ocr_carea' id='block_1_77' title="bbox 212 4401 1785 4475">
    <p class='ocr_par' dir='ltr' id='par_1_77' title="bbox 212 4401 1785 4475">
     <span class='ocr_line' id='line_1_77' title="bbox 212 4401 1785 4475; baseline -0.003 -17"><span class='ocrx_word' id='word_1_573' title='bbox 212 4401 368 4475; x_wconf 81' lang='grc' dir='ltr'><strong>παρά</strong></span> <span class='ocrx_word' id='word_1_574' title='bbox 398 4403 492 4456; x_wconf 82' lang='grc' dir='ltr'>τοῦ</span> <span class='ocrx_word' id='word_1_575' title='bbox 535 4402 670 4457; x_wconf 88' lang='grc' dir='ltr'><strong>Θεοῦ</strong></span> <span class='ocrx_word' id='word_1_576' title='bbox 709 4403 922 4474; x_wconf 79' lang='grc' dir='ltr'>φυλακῇ</span> <span class='ocrx_word' id='word_1_577' title='bbox 960 4401 1326 4472; x_wconf 85' lang='grc' dir='ltr'>διεκρατεῖτο;</span> <span class='ocrx_word' id='word_1_578' title='bbox 1366 4402 1490 4465; x_wconf 86' lang='grc' dir='ltr'><strong>Πῶς</strong></span> <span class='ocrx_word' id='word_1_579' title='bbox 1530 4402 1574 4454; x_wconf 77' lang='grc' dir='ltr'>δ’</span> <span class='ocrx_word' id='word_1_580' title='bbox 1606 4402 1672 4455; x_wconf 83' lang='grc' dir='ltr'>ἂν</span> <span class='ocrx_word' id='word_1_581' title='bbox 1705 4403 1785 4466; x_wconf 87' lang='grc' dir='ltr'><strong>είς</strong></span> 
     </span>
    </p>
   </div>
   <div class='ocr_carea' id='block_1_78' title="bbox 211 4491 1780 4566">
    <p class='ocr_par' dir='ltr' id='par_1_78' title="bbox 211 4491 1780 4566">
     <span class='ocr_line' id='line_1_78' title="bbox 211 4491 1780 4566; baseline -0.004 -16"><span class='ocrx_word' id='word_1_582' title='bbox 211 4495 306 4551; x_wconf 84' lang='grc' dir='ltr'>τὸν</span> <span class='ocrx_word' id='word_1_583' title='bbox 343 4493 487 4566; x_wconf 83' lang='grc' dir='ltr'>ἀήθη</span> <span class='ocrx_word' id='word_1_584' title='bbox 513 4493 699 4548; x_wconf 78' lang='grc' dir='ltr'>τοῦτον</span> <span class='ocrx_word' id='word_1_585' title='bbox 728 4494 1028 4548; x_wconf 84' lang='grc' dir='ltr'>ἐκπεσόντα</span> <span class='ocrx_word' id='word_1_586' title='bbox 1046 4493 1232 4558; x_wconf 85' lang='grc' dir='ltr'>τόπον,</span> <span class='ocrx_word' id='word_1_587' title='bbox 1263 4492 1357 4546; x_wconf 72' lang='grc' dir='ltr'>καὶ</span> <span class='ocrx_word' id='word_1_588' title='bbox 1379 4492 1486 4546; x_wconf 81' lang='grc' dir='ltr'>ἀπὸ</span> <span class='ocrx_word' id='word_1_589' title='bbox 1512 4491 1609 4562; x_wconf 82' lang='grc' dir='ltr'>τῆς</span> <span class='ocrx_word' id='word_1_590' title='bbox 1632 4492 1690 4544; x_wconf 93' lang='grc' dir='ltr'><strong>ἐν</strong></span> <span class='ocrx_word' id='word_1_591' title='bbox 1715 4496 1780 4564; x_wconf 78' lang='grc' dir='ltr'><strong>τῇ</strong></span> 
     </span>
    </p>
   </div>
   <div class='ocr_carea' id='block_1_79' title="bbox 219 4583 1783 4661">
    <p class='ocr_par' dir='ltr' id='par_1_79' title="bbox 219 4583 1783 4661">
     <span class='ocr_line' id='line_1_79' title="bbox 219 4583 1783 4661; baseline -0.004 -18"><span class='ocrx_word' id='word_1_592' title='bbox 219 4591 405 4661; x_wconf 77' lang='grc' dir='ltr'>μήτρᾳ</span> <span class='ocrx_word' id='word_1_593' title='bbox 439 4586 770 4659; x_wconf 83' lang='grc' dir='ltr'>θερμότητος</span> <span class='ocrx_word' id='word_1_594' title='bbox 807 4586 884 4658; x_wconf 86' lang='grc' dir='ltr'>τῷ</span> <span class='ocrx_word' id='word_1_595' title='bbox 917 4586 1038 4658; x_wconf 87' lang='grc' dir='ltr'>ἀέρι</span> <span class='ocrx_word' id='word_1_596' title='bbox 1072 4585 1479 4658; x_wconf 79' lang='grc' dir='ltr'>περιψυχόμενα</span> <span class='ocrx_word' id='word_1_597' title='bbox 1512 4583 1614 4638; x_wconf 81' lang='grc' dir='ltr'><strong>κάν</strong></span> <span class='ocrx_word' id='word_1_598' title='bbox 1648 4583 1783 4653; x_wconf 80' lang='grc' dir='ltr'>πρὸς</span> 
     </span>
    </p>
   </div>
   <div class='ocr_carea' id='block_1_80' title="bbox 216 4676 1777 4753">
    <p class='ocr_par' dir='ltr' id='par_1_80' title="bbox 216 4676 1777 4753">
     <span class='ocr_line' id='line_1_80' title="bbox 216 4676 1777 4753; baseline -0.004 -17"><span class='ocrx_word' id='word_1_599' title='bbox 216 4685 280 4738; x_wconf 81' lang='grc' dir='ltr'>τὸ</span> <span class='ocrx_word' id='word_1_600' title='bbox 324 4680 497 4753; x_wconf 78' lang='grc' dir='ltr'>βραχὺ</span> <span class='ocrx_word' id='word_1_601' title='bbox 541 4677 847 4749; x_wconf 83' lang='grc' dir='ltr'>διήρκεσεν,</span> <span class='ocrx_word' id='word_1_602' title='bbox 891 4679 941 4732; x_wconf 87' lang='grc' dir='ltr'><strong>εί</strong></span> <span class='ocrx_word' id='word_1_603' title='bbox 986 4679 1060 4750; x_wconf 82' lang='grc' dir='ltr'><strong>μή</strong></span> <span class='ocrx_word' id='word_1_604' title='bbox 1095 4679 1245 4750; x_wconf 85' lang='grc' dir='ltr'><strong>παρά</strong></span> <span class='ocrx_word' id='word_1_605' title='bbox 1285 4677 1420 4732; x_wconf 89' lang='grc' dir='ltr'><strong>Θεοῦ</strong></span> <span class='ocrx_word' id='word_1_606' title='bbox 1461 4676 1777 4742; x_wconf 77' lang='grc' dir='ltr'>διεσώζετο;</span> 
     </span>
    </p>
   </div>
   <div class='ocr_carea' id='block_1_81' title="bbox 1951 3480 3448 3555">
    <p class='ocr_par' dir='ltr' id='par_1_81' title="bbox 1951 3480 3448 3555">
     <span class='ocr_line' id='line_1_81' title="bbox 1951 3480 3448 3555; baseline 0.005 -20"><span class='ocrx_word' id='word_1_607' title='bbox 1951 3480 2005 3535; x_wconf 71' lang='grc'>4.</span> <span class='ocrx_word' id='word_1_608' title='bbox 2062 3481 2228 3538; x_wconf 75' lang='lat' dir='ltr'><strong>Vens.</strong></span> <span class='ocrx_word' id='word_1_609' title='bbox 2270 3481 2324 3540; x_wconf 85' lang='lat'><strong>6.</strong></span> <span class='ocrx_word' id='word_1_610' title='bbox 2365 3481 2685 3542; x_wconf 72' lang='lat' dir='ltr'><strong>Custodiens</strong></span> <span class='ocrx_word' id='word_1_611' title='bbox 2723 3484 2978 3555; x_wconf 78' lang='lat' dir='ltr'><strong>parvulos</strong></span> <span class='ocrx_word' id='word_1_612' title='bbox 3009 3482 3306 3555; x_wconf 83' lang='lat' dir='ltr'><strong>Dominus;</strong></span> <span class='ocrx_word' id='word_1_613' title='bbox 3349 3487 3448 3542; x_wconf 83' lang='lat' dir='ltr'><strong>Iut-</strong></span> 
     </span>
    </p>
   </div>
   <div class='ocr_carea' id='block_1_82' title="bbox 1881 3569 3448 3645">
    <p class='ocr_par' dir='ltr' id='par_1_82' title="bbox 1881 3569 3448 3645">
     <span class='ocr_line' id='line_1_82' title="bbox 1881 3569 3448 3645; baseline 0.007 -23"><span class='ocrx_word' id='word_1_614' title='bbox 1881 3569 2119 3624; x_wconf 81' lang='lat' dir='ltr'><strong>miliatus</strong></span> <span class='ocrx_word' id='word_1_615' title='bbox 2152 3587 2299 3639; x_wconf 84' lang='lat' dir='ltr'><strong>sum,</strong></span> <span class='ocrx_word' id='word_1_616' title='bbox 2328 3585 2376 3627; x_wconf 87' lang='lat' dir='ltr'><strong>et</strong></span> <span class='ocrx_word' id='word_1_617' title='bbox 2406 3575 2614 3629; x_wconf 80' lang='lat' dir='ltr'><strong>salvum</strong></span> <span class='ocrx_word' id='word_1_618' title='bbox 2656 3591 2737 3630; x_wconf 88' lang='lat' dir='ltr'><strong>me</strong></span> <span class='ocrx_word' id='word_1_619' title='bbox 2767 3576 2912 3645; x_wconf 76' lang='lat' dir='ltr'><strong>fecit.</strong></span> <span class='ocrx_word' id='word_1_620' title='bbox 2947 3576 3073 3632; x_wconf 84' lang='lat' dir='ltr'><strong>Sive</strong></span> <span class='ocrx_word' id='word_1_621' title='bbox 3095 3578 3328 3633; x_wconf 81' lang='lat' dir='ltr'><strong>naturali</strong></span> <span class='ocrx_word' id='word_1_622' title='bbox 3357 3593 3448 3633; x_wconf 86' lang='lat' dir='ltr'><strong>ra-</strong></span> 
     </span>
    </p>
   </div>
   <div class='ocr_carea' id='block_1_83' title="bbox 1883 3663 3445 3740">
    <p class='ocr_par' dir='ltr' id='par_1_83' title="bbox 1883 3663 3445 3740">
     <span class='ocr_line' id='line_1_83' title="bbox 1883 3663 3445 3740; baseline 0.008 -24"><span class='ocrx_word' id='word_1_623' title='bbox 1883 3663 2027 3718; x_wconf 90' lang='lat' dir='ltr'><strong>tione</strong></span> <span class='ocrx_word' id='word_1_624' title='bbox 2053 3663 2104 3718; x_wconf 90' lang='lat' dir='ltr'><strong>id</strong></span> <span class='ocrx_word' id='word_1_625' title='bbox 2138 3665 2408 3734; x_wconf 87' lang='lat' dir='ltr'><strong>accipias,</strong></span> <span class='ocrx_word' id='word_1_626' title='bbox 2441 3681 2548 3721; x_wconf 93' lang='lat' dir='ltr'><strong>non</strong></span> <span class='ocrx_word' id='word_1_627' title='bbox 2582 3669 2909 3724; x_wconf 88' lang='lat' dir='ltr'><strong>consisteret</strong></span> <span class='ocrx_word' id='word_1_628' title='bbox 2948 3670 3184 3725; x_wconf 86' lang='lat' dir='ltr'><strong>humana</strong></span> <span class='ocrx_word' id='word_1_629' title='bbox 3226 3682 3445 3740; x_wconf 88' lang='lat' dir='ltr'><strong>natura,</strong></span> 
     </span>
    </p>
   </div>
   <div class='ocr_carea' id='block_1_84' title="bbox 1881 3753 3446 3828">
    <p class='ocr_par' dir='ltr' id='par_1_84' title="bbox 1881 3753 3446 3828">
     <span class='ocr_line' id='line_1_84' title="bbox 1881 3753 3446 3828; baseline 0.006 -19"><span class='ocrx_word' id='word_1_630' title='bbox 1881 3754 1926 3809; x_wconf 90' lang='lat' dir='ltr'><strong>si</strong></span> <span class='ocrx_word' id='word_1_631' title='bbox 1963 3753 1999 3808; x_wconf 92' lang='lat' dir='ltr'><strong>ii</strong></span> <span class='ocrx_word' id='word_1_632' title='bbox 2029 3754 2120 3825; x_wconf 91' lang='lat' dir='ltr'><strong>qui</strong></span> <span class='ocrx_word' id='word_1_633' title='bbox 2151 3765 2276 3810; x_wconf 85' lang='lat' dir='ltr'><strong>sunt</strong></span> <span class='ocrx_word' id='word_1_634' title='bbox 2309 3768 2534 3825; x_wconf 85' lang='lat' dir='ltr'><strong>prorsus</strong></span> <span class='ocrx_word' id='word_1_635' title='bbox 2570 3758 2780 3828; x_wconf 84' lang='lat' dir='ltr'><strong>parvuli</strong></span> <span class='ocrx_word' id='word_1_636' title='bbox 2821 3768 2876 3812; x_wconf 87' lang='lat' dir='ltr'><strong>et</strong></span> <span class='ocrx_word' id='word_1_637' title='bbox 2908 3758 3083 3815; x_wconf 89' lang='lat' dir='ltr'><strong>adhuc</strong></span> <span class='ocrx_word' id='word_1_638' title='bbox 3116 3760 3386 3828; x_wconf 81' lang='lat' dir='ltr'><strong>infantes,</strong></span> <span class='ocrx_word' id='word_1_639' title='bbox 3415 3779 3446 3818; x_wconf 89' lang='lat' dir='ltr'><strong>a</strong></span> 
     </span>
    </p>
   </div>
   <div class='ocr_carea' id='block_1_85' title="bbox 1883 3844 3446 3924">
    <p class='ocr_par' dir='ltr' id='par_1_85' title="bbox 1883 3844 3446 3924">
     <span class='ocr_line' id='line_1_85' title="bbox 1883 3844 3446 3924; baseline 0.006 -25"><span class='ocrx_word' id='word_1_640' title='bbox 1883 3844 2113 3901; x_wconf 91' lang='lat' dir='ltr'><strong>Domino</strong></span> <span class='ocrx_word' id='word_1_641' title='bbox 2145 3861 2253 3902; x_wconf 95' lang='lat' dir='ltr'><strong>non</strong></span> <span class='ocrx_word' id='word_1_642' title='bbox 2286 3848 2710 3905; x_wconf 88' lang='lat' dir='ltr'><strong>custodirentur.</strong></span> <span class='ocrx_word' id='word_1_643' title='bbox 2747 3852 3027 3917; x_wconf 86' lang='lat' dir='ltr'><strong>Quomodo</strong></span> <span class='ocrx_word' id='word_1_644' title='bbox 3063 3853 3206 3908; x_wconf 87' lang='lat' dir='ltr'><strong>enim</strong></span> <span class='ocrx_word' id='word_1_645' title='bbox 3252 3854 3344 3924; x_wconf 88' lang='lat' dir='ltr'><strong>qui</strong></span> <span class='ocrx_word' id='word_1_646' title='bbox 3393 3855 3446 3909; x_wconf 93' lang='lat' dir='ltr'><strong>in</strong></span> 
     </span>
    </p>
   </div>
   <div class='ocr_carea' id='block_1_86' title="bbox 1882 3941 3448 4014">
    <p class='ocr_par' dir='ltr' id='par_1_86' title="bbox 1882 3941 3448 4014">
     <span class='ocr_line' id='line_1_86' title="bbox 1882 3941 3448 4014; baseline 0.006 -22"><span class='ocrx_word' id='word_1_647' title='bbox 1882 3948 2039 3994; x_wconf 86' lang='lat' dir='ltr'><strong>utero</strong></span> <span class='ocrx_word' id='word_1_648' title='bbox 2062 3948 2363 4010; x_wconf 80' lang='lat' dir='ltr'><strong>gestantur,</strong></span> <span class='ocrx_word' id='word_1_649' title='bbox 2393 3941 2588 3996; x_wconf 90' lang='lat' dir='ltr'><strong>nutriri</strong></span> <span class='ocrx_word' id='word_1_650' title='bbox 2619 3951 2711 3996; x_wconf 89' lang='lat' dir='ltr'><strong>aut</strong></span> <span class='ocrx_word' id='word_1_651' title='bbox 2737 3945 2940 3997; x_wconf 89' lang='lat' dir='ltr'><strong>moveri</strong></span> <span class='ocrx_word' id='word_1_652' title='bbox 2969 3953 3214 4014; x_wconf 87' lang='lat' dir='ltr'><strong>possent,</strong></span> <span class='ocrx_word' id='word_1_653' title='bbox 3239 3960 3362 4000; x_wconf 91' lang='lat' dir='ltr'><strong>cum</strong></span> <span class='ocrx_word' id='word_1_654' title='bbox 3393 3946 3448 4001; x_wconf 91' lang='lat' dir='ltr'><strong>in</strong></span> 
     </span>
    </p>
   </div>
   <div class='ocr_carea' id='block_1_87' title="bbox 1883 4031 3448 4104">
    <p class='ocr_par' dir='ltr' id='par_1_87' title="bbox 1883 4031 3448 4104">
     <span class='ocr_line' id='line_1_87' title="bbox 1883 4031 3448 4104; baseline 0.005 -19"><span class='ocrx_word' id='word_1_655' title='bbox 1883 4032 2071 4101; x_wconf 86' lang='lat' dir='ltr'><strong>spatiis</strong></span> <span class='ocrx_word' id='word_1_656' title='bbox 2095 4031 2229 4088; x_wconf 89' lang='lat' dir='ltr'><strong>adeo</strong></span> <span class='ocrx_word' id='word_1_657' title='bbox 2258 4032 2522 4101; x_wconf 87' lang='lat' dir='ltr'><strong>angustis,</strong></span> <span class='ocrx_word' id='word_1_658' title='bbox 2557 4033 2610 4088; x_wconf 92' lang='lat' dir='ltr'><strong>in</strong></span> <span class='ocrx_word' id='word_1_659' title='bbox 2638 4034 2834 4104; x_wconf 90' lang='lat' dir='ltr'><strong>quibus</strong></span> <span class='ocrx_word' id='word_1_660' title='bbox 2865 4035 3011 4091; x_wconf 90' lang='lat' dir='ltr'><strong>nullo</strong></span> <span class='ocrx_word' id='word_1_661' title='bbox 3042 4037 3203 4091; x_wconf 88' lang='lat' dir='ltr'><strong>modo</strong></span> <span class='ocrx_word' id='word_1_662' title='bbox 3232 4052 3291 4093; x_wconf 85' lang='lat' dir='ltr'><strong>se</strong></span> <span class='ocrx_word' id='word_1_663' title='bbox 3318 4052 3448 4092; x_wconf 86' lang='lat' dir='ltr'><strong>con-</strong></span> 
     </span>
    </p>
   </div>
   <div class='ocr_carea' id='block_1_88' title="bbox 1885 4126 3450 4194">
    <p class='ocr_par' dir='ltr' id='par_1_88' title="bbox 1885 4126 3450 4194">
     <span class='ocr_line' id='line_1_88' title="bbox 1885 4126 3450 4194; baseline 0.004 -16"><span class='ocrx_word' id='word_1_664' title='bbox 1885 4135 2096 4179; x_wconf 84' lang='lat' dir='ltr'><strong>vertere</strong></span> <span class='ocrx_word' id='word_1_665' title='bbox 2128 4139 2192 4178; x_wconf 89' lang='lat' dir='ltr'><strong>ac</strong></span> <span class='ocrx_word' id='word_1_666' title='bbox 2219 4130 2437 4179; x_wconf 83' lang='lat' dir='ltr'><strong>versare</strong></span> <span class='ocrx_word' id='word_1_667' title='bbox 2465 4126 2644 4193; x_wconf 87' lang='lat' dir='ltr'><strong>liceat,</strong></span> <span class='ocrx_word' id='word_1_668' title='bbox 2683 4127 3050 4194; x_wconf 86' lang='lat' dir='ltr'><strong>diversentur,</strong></span> <span class='ocrx_word' id='word_1_669' title='bbox 3079 4130 3173 4184; x_wconf 91' lang='lat' dir='ltr'><strong>sed</strong></span> <span class='ocrx_word' id='word_1_670' title='bbox 3209 4129 3260 4183; x_wconf 91' lang='lat' dir='ltr'><strong>in</strong></span> <span class='ocrx_word' id='word_1_671' title='bbox 3299 4138 3450 4184; x_wconf 82' lang='lat' dir='ltr'><strong>tene-</strong></span> 
     </span>
    </p>
   </div>
   <div class='ocr_carea' id='block_1_89' title="bbox 1885 4215 3452 4291">
    <p class='ocr_par' dir='ltr' id='par_1_89' title="bbox 1885 4215 3452 4291">
     <span class='ocr_line' id='line_1_89' title="bbox 1885 4215 3452 4291; baseline 0.004 -20"><span class='ocrx_word' id='word_1_672' title='bbox 1885 4215 2062 4272; x_wconf 89' lang='lat' dir='ltr'><strong>brosis</strong></span> <span class='ocrx_word' id='word_1_673' title='bbox 2093 4226 2148 4271; x_wconf 90' lang='lat' dir='ltr'><strong>et</strong></span> <span class='ocrx_word' id='word_1_674' title='bbox 2178 4216 2410 4271; x_wconf 88' lang='lat' dir='ltr'><strong>humidis</strong></span> <span class='ocrx_word' id='word_1_675' title='bbox 2441 4215 2573 4272; x_wconf 88' lang='lat' dir='ltr'><strong>locis</strong></span> <span class='ocrx_word' id='word_1_676' title='bbox 2597 4217 2800 4283; x_wconf 79' lang='lat' dir='ltr'><strong>vivant,</strong></span> <span class='ocrx_word' id='word_1_677' title='bbox 2829 4232 3007 4288; x_wconf 84' lang='lat' dir='ltr'><strong>neque</strong></span> <span class='ocrx_word' id='word_1_678' title='bbox 3038 4220 3334 4291; x_wconf 88' lang='lat' dir='ltr'><strong>respirare,</strong></span> <span class='ocrx_word' id='word_1_679' title='bbox 3361 4237 3452 4278; x_wconf 81' lang='lat' dir='ltr'><strong>ne-</strong></span> 
     </span>
    </p>
   </div>
   <div class='ocr_carea' id='block_1_90' title="bbox 1886 4309 3451 4384">
    <p class='ocr_par' dir='ltr' id='par_1_90' title="bbox 1886 4309 3451 4384">
     <span class='ocr_line' id='line_1_90' title="bbox 1886 4309 3451 4384; baseline 0.007 -24"><span class='ocrx_word' id='word_1_680' title='bbox 1886 4322 1990 4377; x_wconf 91' lang='lat' dir='ltr'><strong>que</strong></span> <span class='ocrx_word' id='word_1_681' title='bbox 2015 4309 2293 4363; x_wconf 89' lang='lat' dir='ltr'><strong>hominum</strong></span> <span class='ocrx_word' id='word_1_682' title='bbox 2325 4311 2491 4364; x_wconf 87' lang='lat' dir='ltr'><strong>vitam</strong></span> <span class='ocrx_word' id='word_1_683' title='bbox 2527 4310 2710 4367; x_wconf 85' lang='lat' dir='ltr'><strong>vivere</strong></span> <span class='ocrx_word' id='word_1_684' title='bbox 2737 4309 3001 4379; x_wconf 88' lang='lat' dir='ltr'><strong>valentes,</strong></span> <span class='ocrx_word' id='word_1_685' title='bbox 3038 4314 3132 4368; x_wconf 91' lang='lat' dir='ltr'><strong>sed</strong></span> <span class='ocrx_word' id='word_1_686' title='bbox 3171 4315 3343 4370; x_wconf 89' lang='lat' dir='ltr'><strong>instar</strong></span> <span class='ocrx_word' id='word_1_687' title='bbox 3370 4315 3451 4384; x_wconf 90' lang='lat' dir='ltr'><strong>pi-</strong></span> 
     </span>
    </p>
   </div>
   <div class='ocr_carea' id='block_1_91' title="bbox 1887 4399 3450 4469">
    <p class='ocr_par' dir='ltr' id='par_1_91' title="bbox 1887 4399 3450 4469">
     <span class='ocr_line' id='line_1_91' title="bbox 1887 4399 3450 4469; baseline 0.004 -13"><span class='ocrx_word' id='word_1_688' title='bbox 1887 4402 2056 4456; x_wconf 83' lang='lat' dir='ltr'><strong>scium</strong></span> <span class='ocrx_word' id='word_1_689' title='bbox 2083 4399 2259 4457; x_wconf 82' lang='lat' dir='ltr'><strong>ﬂuidis</strong></span> <span class='ocrx_word' id='word_1_690' title='bbox 2281 4402 2606 4469; x_wconf 88' lang='lat' dir='ltr'><strong>innatantes,</strong></span> <span class='ocrx_word' id='word_1_691' title='bbox 2638 4403 2740 4459; x_wconf 91' lang='lat' dir='ltr'><strong>nisi</strong></span> <span class='ocrx_word' id='word_1_692' title='bbox 2774 4405 2866 4459; x_wconf 91' lang='lat' dir='ltr'><strong>Dei</strong></span> <span class='ocrx_word' id='word_1_693' title='bbox 2895 4406 3138 4459; x_wconf 89' lang='lat' dir='ltr'><strong>custodia</strong></span> <span class='ocrx_word' id='word_1_694' title='bbox 3164 4421 3450 4462; x_wconf 89' lang='lat' dir='ltr'><strong>servaren-</strong></span> 
     </span>
    </p>
   </div>
   <div class='ocr_carea' id='block_1_92' title="bbox 1888 4494 3449 4562">
    <p class='ocr_par' dir='ltr' id='par_1_92' title="bbox 1888 4494 3449 4562">
     <span class='ocr_line' id='line_1_92' title="bbox 1888 4494 3449 4562; baseline 0.004 -14"><span class='ocrx_word' id='word_1_695' title='bbox 1888 4495 2013 4549; x_wconf 83' lang='lat' dir='ltr'><strong>tur?</strong></span> <span class='ocrx_word' id='word_1_696' title='bbox 2063 4494 2343 4562; x_wconf 86' lang='lat' dir='ltr'><strong>Quomodo</strong></span> <span class='ocrx_word' id='word_1_697' title='bbox 2397 4510 2586 4551; x_wconf 81' lang='lat' dir='ltr'><strong>rursus</strong></span> <span class='ocrx_word' id='word_1_698' title='bbox 2635 4498 2701 4553; x_wconf 89' lang='lat' dir='ltr'><strong>ad</strong></span> <span class='ocrx_word' id='word_1_699' title='bbox 2746 4497 3024 4554; x_wconf 89' lang='lat' dir='ltr'><strong>insolitum</strong></span> <span class='ocrx_word' id='word_1_700' title='bbox 3080 4497 3223 4555; x_wconf 90' lang='lat' dir='ltr'><strong>hunc</strong></span> <span class='ocrx_word' id='word_1_701' title='bbox 3272 4500 3449 4555; x_wconf 85' lang='lat' dir='ltr'><strong>locum</strong></span> 
     </span>
    </p>
   </div>
   <div class='ocr_carea' id='block_1_93' title="bbox 1886 4587 3450 4663">
    <p class='ocr_par' dir='ltr' id='par_1_93' title="bbox 1886 4587 3450 4663">
     <span class='ocr_line' id='line_1_93' title="bbox 1886 4587 3450 4663; baseline 0.004 -22"><span class='ocrx_word' id='word_1_702' title='bbox 1886 4587 2077 4658; x_wconf 89' lang='lat' dir='ltr'><strong>elapsi,</strong></span> <span class='ocrx_word' id='word_1_703' title='bbox 2112 4596 2166 4642; x_wconf 89' lang='lat' dir='ltr'><strong>et</strong></span> <span class='ocrx_word' id='word_1_704' title='bbox 2189 4598 2310 4656; x_wconf 90' lang='lat' dir='ltr'><strong>post</strong></span> <span class='ocrx_word' id='word_1_705' title='bbox 2338 4591 2474 4644; x_wconf 92' lang='lat' dir='ltr'><strong>uteri</strong></span> <span class='ocrx_word' id='word_1_706' title='bbox 2503 4589 2737 4645; x_wconf 87' lang='lat' dir='ltr'><strong>calorem</strong></span> <span class='ocrx_word' id='word_1_707' title='bbox 2769 4604 2893 4643; x_wconf 87' lang='lat' dir='ltr'><strong>aere</strong></span> <span class='ocrx_word' id='word_1_708' title='bbox 2917 4589 3243 4663; x_wconf 81' lang='lat' dir='ltr'><strong>refrigerati,</strong></span> <span class='ocrx_word' id='word_1_709' title='bbox 3274 4591 3358 4648; x_wconf 81' lang='lat' dir='ltr'><strong>vel</strong></span> <span class='ocrx_word' id='word_1_710' title='bbox 3383 4592 3450 4648; x_wconf 87' lang='lat' dir='ltr'><strong>ad</strong></span> 
     </span>
    </p>
   </div>
   <div class='ocr_carea' id='block_1_94' title="bbox 1888 4678 3452 4749">
    <p class='ocr_par' dir='ltr' id='par_1_94' title="bbox 1888 4678 3452 4749">
     <span class='ocr_line' id='line_1_94' title="bbox 1888 4678 3452 4749; baseline 0.002 -17"><span class='ocrx_word' id='word_1_711' title='bbox 1888 4678 2048 4732; x_wconf 90' lang='lat' dir='ltr'><strong>breve</strong></span> <span class='ocrx_word' id='word_1_712' title='bbox 2097 4686 2306 4748; x_wconf 90' lang='lat' dir='ltr'><strong>tempus</strong></span> <span class='ocrx_word' id='word_1_713' title='bbox 2355 4682 2746 4749; x_wconf 87' lang='lat' dir='ltr'><strong>persisterent,</strong></span> <span class='ocrx_word' id='word_1_714' title='bbox 2793 4679 2896 4735; x_wconf 88' lang='lat' dir='ltr'><strong>nisi</strong></span> <span class='ocrx_word' id='word_1_715' title='bbox 2937 4696 2966 4735; x_wconf 89' lang='lat' dir='ltr'><strong>a</strong></span> <span class='ocrx_word' id='word_1_716' title='bbox 3014 4682 3124 4737; x_wconf 86' lang='lat' dir='ltr'><strong>Deo</strong></span> <span class='ocrx_word' id='word_1_717' title='bbox 3164 4695 3452 4737; x_wconf 84' lang='lat' dir='ltr'><strong>conserva-</strong></span> 
     </span>
    </p>
   </div>
   <div class='ocr_carea' id='block_1_95' title="bbox 219 4763 1772 4841">
    <p class='ocr_par' dir='ltr' id='par_1_95' title="bbox 219 4763 1772 4840">
     <span class='ocr_line' id='line_1_95' title="bbox 219 4763 1772 4840; baseline -0.003 -10"><span class='ocrx_word' id='word_1_718' title='bbox 219 4774 563 4830; x_wconf 72' lang='grc' dir='ltr'>Φυλάσσων</span> <span class='ocrx_word' id='word_1_719' title='bbox 598 4763 692 4826; x_wconf 68' lang='grc' dir='ltr'>οὖν</span> <span class='ocrx_word' id='word_1_720' title='bbox 721 4767 794 4823; x_wconf 83' lang='grc' dir='ltr'>τὰ</span> <span class='ocrx_word' id='word_1_721' title='bbox 818 4769 1004 4838; x_wconf 76' lang='grc' dir='ltr'>νήπια</span> <span class='ocrx_word' id='word_1_722' title='bbox 1029 4773 1061 4825; x_wconf 86' lang='grc' dir='ltr'><em>ὀ</em></span> <span class='ocrx_word' id='word_1_723' title='bbox 1086 4773 1298 4840; x_wconf 85' lang='grc' dir='ltr'>Κύριος</span> <span class='ocrx_word' id='word_1_724' title='bbox 1318 4789 1331 4801; x_wconf 90' lang='grc'><strong>·</strong></span> <span class='ocrx_word' id='word_1_725' title='bbox 1362 4772 1772 4840; x_wconf 64' lang='grc' dir='ltr'>ἐταπεινώθην,</span> 
     </span>
    </p>
   </div>
   <div class='ocr_carea' id='block_1_96' title="bbox 1873 4763 3451 4841">
    <p class='ocr_par' dir='ltr' id='par_1_96' title="bbox 1893 4764 3451 4841">
     <span class='ocr_line' id='line_1_96' title="bbox 1893 4764 3451 4841; baseline 0.001 -17"><span class='ocrx_word' id='word_1_726' title='bbox 1893 4769 2124 4824; x_wconf 85' lang='lat' dir='ltr'><strong>rentur?</strong></span> <span class='ocrx_word' id='word_1_727' title='bbox 2151 4764 2462 4826; x_wconf 81' lang='lat' dir='ltr'><strong>Custodiens</strong></span> <span class='ocrx_word' id='word_1_728' title='bbox 2499 4786 2626 4841; x_wconf 88' lang='lat' dir='ltr'><strong>ergo</strong></span> <span class='ocrx_word' id='word_1_729' title='bbox 2669 4774 2914 4840; x_wconf 80' lang='lat' dir='ltr'><strong>parvulos</strong></span> <span class='ocrx_word' id='word_1_730' title='bbox 2945 4773 3235 4838; x_wconf 81' lang='lat' dir='ltr'><strong>Dominus;</strong></span> <span class='ocrx_word' id='word_1_731' title='bbox 3278 4773 3451 4827; x_wconf 80' lang='lat' dir='ltr'><strong>humi-</strong></span> 
     </span>
    </p>
   </div>
   <div class='ocr_carea' id='block_1_97' title="bbox 218 4863 1772 4936">
    <p class='ocr_par' dir='ltr' id='par_1_97' title="bbox 218 4863 1772 4936">
     <span class='ocr_line' id='line_1_97' title="bbox 218 4863 1772 4936; baseline -0.005 -14"><span class='ocrx_word' id='word_1_732' title='bbox 218 4867 318 4923; x_wconf 79' lang='grc' dir='ltr'><strong>καί</strong></span> <span class='ocrx_word' id='word_1_733' title='bbox 350 4865 547 4920; x_wconf 76' lang='grc' dir='ltr'>ἐσωσέ</span> <span class='ocrx_word' id='word_1_734' title='bbox 571 4881 668 4934; x_wconf 81' lang='grc' dir='ltr'><strong>με.</strong></span> <span class='ocrx_word' id='word_1_735' title='bbox 697 4863 769 4917; x_wconf 89' lang='grc' dir='ltr'><strong>Ἦ</strong></span> <span class='ocrx_word' id='word_1_736' title='bbox 796 4864 890 4916; x_wconf 78' lang='grc' dir='ltr'>καὶ</span> <span class='ocrx_word' id='word_1_737' title='bbox 925 4864 1067 4918; x_wconf 76' lang='grc' dir='ltr'>οὕτω</span> <span class='ocrx_word' id='word_1_738' title='bbox 1095 4866 1304 4936; x_wconf 92' lang='grc' dir='ltr'>νοήσεις</span> <span class='ocrx_word' id='word_1_739' title='bbox 1342 4864 1433 4918; x_wconf 78' lang='grc' dir='ltr'>τὸν</span> <span class='ocrx_word' id='word_1_740' title='bbox 1461 4863 1633 4934; x_wconf 86' lang='grc' dir='ltr'>λόγον·</span> <span class='ocrx_word' id='word_1_741' title='bbox 1662 4865 1772 4918; x_wconf 85' lang='grc' dir='ltr'>Ὅτι</span> 
     </span>
    </p>
   </div>
   <div class='ocr_carea' id='block_1_98' title="bbox 1873 4863 3450 4936">
    <p class='ocr_par' dir='ltr' id='par_1_98' title="bbox 1890 4866 3450 4933">
     <span class='ocr_line' id='line_1_98' title="bbox 1890 4866 3450 4933; baseline 0.001 -15"><span class='ocrx_word' id='word_1_742' title='bbox 1890 4866 2051 4920; x_wconf 85' lang='lat' dir='ltr'><strong>liatus</strong></span> <span class='ocrx_word' id='word_1_743' title='bbox 2100 4884 2238 4933; x_wconf 83' lang='lat' dir='ltr'><strong>sum,</strong></span> <span class='ocrx_word' id='word_1_744' title='bbox 2287 4876 2333 4920; x_wconf 88' lang='lat' dir='ltr'><strong>et</strong></span> <span class='ocrx_word' id='word_1_745' title='bbox 2377 4867 2592 4920; x_wconf 83' lang='lat' dir='ltr'><strong>servavit</strong></span> <span class='ocrx_word' id='word_1_746' title='bbox 2650 4884 2749 4922; x_wconf 86' lang='lat' dir='ltr'><strong>me.</strong></span> <span class='ocrx_word' id='word_1_747' title='bbox 2807 4867 2914 4922; x_wconf 83' lang='lat' dir='ltr'><strong>Aut</strong></span> <span class='ocrx_word' id='word_1_748' title='bbox 2967 4870 3129 4923; x_wconf 90' lang='lat' dir='ltr'><strong>etiam</strong></span> <span class='ocrx_word' id='word_1_749' title='bbox 3174 4869 3254 4923; x_wconf 85' lang='lat' dir='ltr'><strong>sic</strong></span> <span class='ocrx_word' id='word_1_750' title='bbox 3287 4869 3450 4924; x_wconf 84' lang='lat' dir='ltr'><strong>verba</strong></span> 
     </span>
    </p>
   </div>
   <div class='ocr_carea' id='block_1_99' title="bbox 221 4952 1772 5026">
    <p class='ocr_par' dir='ltr' id='par_1_99' title="bbox 221 4952 1772 5026">
     <span class='ocr_line' id='line_1_99' title="bbox 221 4952 1772 5026; baseline -0.003 -14"><span class='ocrx_word' id='word_1_751' title='bbox 221 4957 410 5026; x_wconf 81' lang='grc' dir='ltr'>ἐπειδὴ</span> <span class='ocrx_word' id='word_1_752' title='bbox 451 4956 748 5025; x_wconf 85' lang='grc' dir='ltr'>ἐστράφην,</span> <span class='ocrx_word' id='word_1_753' title='bbox 785 4952 878 5006; x_wconf 70' lang='grc' dir='ltr'>καὶ</span> <span class='ocrx_word' id='word_1_754' title='bbox 917 4954 1182 5026; x_wconf 82' lang='grc' dir='ltr'>ἐγενόμην</span> <span class='ocrx_word' id='word_1_755' title='bbox 1223 4954 1298 5018; x_wconf 87' lang='grc' dir='ltr'>ὼς</span> <span class='ocrx_word' id='word_1_756' title='bbox 1338 4954 1399 5010; x_wconf 86' lang='grc' dir='ltr'>τὸ</span> <span class='ocrx_word' id='word_1_757' title='bbox 1431 4956 1642 5026; x_wconf 88' lang='grc' dir='ltr'>νήπιον,</span> <span class='ocrx_word' id='word_1_758' title='bbox 1692 4955 1772 5007; x_wconf 61' lang='grc' dir='ltr'><strong>κα)</strong></span> 
     </span>
    </p>
   </div>
   <div class='ocr_carea' id='block_1_100' title="bbox 1873 4952 3448 5026">
    <p class='ocr_par' dir='ltr' id='par_1_100' title="bbox 1895 4953 3448 5026">
     <span class='ocr_line' id='line_1_100' title="bbox 1895 4953 3448 5026; baseline 0.003 -19"><span class='ocrx_word' id='word_1_759' title='bbox 1895 4953 2082 5008; x_wconf 79' lang='lat' dir='ltr'><strong>istltmc</strong></span> <span class='ocrx_word' id='word_1_760' title='bbox 2114 4953 2416 5021; x_wconf 88' lang='lat' dir='ltr'><strong>intelligere</strong></span> <span class='ocrx_word' id='word_1_761' title='bbox 2448 4953 2656 5023; x_wconf 90' lang='lat' dir='ltr'><strong>poteris</strong></span> <span class='ocrx_word' id='word_1_762' title='bbox 2689 4973 2703 5008; x_wconf 75' lang='grc' dir='ltr'>ε</span> <span class='ocrx_word' id='word_1_763' title='bbox 2738 4955 3185 5026; x_wconf 86' lang='lat' dir='ltr'><strong>Quandoquidem</strong></span> <span class='ocrx_word' id='word_1_764' title='bbox 3220 4972 3448 5012; x_wconf 88' lang='lat' dir='ltr'><strong>conver-</strong></span> 
     </span>
    </p>
   </div>
   <div class='ocr_carea' id='block_1_101' title="bbox 221 5042 1772 5118">
    <p class='ocr_par' dir='ltr' id='par_1_101' title="bbox 221 5043 1772 5118">
     <span class='ocr_line' id='line_1_101' title="bbox 221 5043 1772 5118; baseline -0.004 -16"><span class='ocrx_word' id='word_1_765' title='bbox 221 5045 490 5118; x_wconf 67' lang='grc' dir='ltr'>ἐδεξάμην</span> <span class='ocrx_word' id='word_1_766' title='bbox 512 5044 608 5116; x_wconf 80' lang='grc' dir='ltr'>τὴν</span> <span class='ocrx_word' id='word_1_767' title='bbox 637 5043 905 5114; x_wconf 87' lang='grc' dir='ltr'>βασιλείαν</span> <span class='ocrx_word' id='word_1_768' title='bbox 932 5044 1039 5097; x_wconf 87' lang='grc' dir='ltr'><strong>τῶν</strong></span> <span class='ocrx_word' id='word_1_769' title='bbox 1064 5047 1304 5118; x_wconf 79' lang='grc' dir='ltr'>οὐρανῶν</span> <span class='ocrx_word' id='word_1_770' title='bbox 1330 5045 1404 5109; x_wconf 89' lang='grc' dir='ltr'>ὼς</span> <span class='ocrx_word' id='word_1_771' title='bbox 1437 5047 1665 5111; x_wconf 90' lang='grc' dir='ltr'>παιδίον,</span> <span class='ocrx_word' id='word_1_772' title='bbox 1690 5047 1772 5100; x_wconf 63' lang='grc' dir='ltr'><strong>κα)</strong></span> 
     </span>
    </p>
   </div>
   <div class='ocr_carea' id='block_1_102' title="bbox 1873 5042 3450 5118">
    <p class='ocr_par' dir='ltr' id='par_1_102' title="bbox 1892 5042 3450 5117">
     <span class='ocr_line' id='line_1_102' title="bbox 1892 5042 3450 5117; baseline 0 -17"><span class='ocrx_word' id='word_1_773' title='bbox 1892 5061 1985 5100; x_wconf 89' lang='lat' dir='ltr'><strong>sus</strong></span> <span class='ocrx_word' id='word_1_774' title='bbox 2031 5061 2185 5108; x_wconf 89' lang='lat' dir='ltr'><strong>sum,</strong></span> <span class='ocrx_word' id='word_1_775' title='bbox 2220 5054 2274 5099; x_wconf 89' lang='lat' dir='ltr'><strong>et</strong></span> <span class='ocrx_word' id='word_1_776' title='bbox 2307 5042 2482 5100; x_wconf 80' lang='lat' dir='ltr'><strong>factus</strong></span> <span class='ocrx_word' id='word_1_777' title='bbox 2527 5060 2646 5101; x_wconf 88' lang='lat' dir='ltr'><strong>sum</strong></span> <span class='ocrx_word' id='word_1_778' title='bbox 2700 5057 2758 5100; x_wconf 92' lang='lat' dir='ltr'><strong>ut</strong></span> <span class='ocrx_word' id='word_1_779' title='bbox 2797 5047 3085 5116; x_wconf 88' lang='lat' dir='ltr'><strong>parvulus,</strong></span> <span class='ocrx_word' id='word_1_780' title='bbox 3119 5062 3183 5103; x_wconf 88' lang='lat' dir='ltr'><strong>ac</strong></span> <span class='ocrx_word' id='word_1_781' title='bbox 3227 5063 3450 5117; x_wconf 90' lang='lat' dir='ltr'><strong>regnum</strong></span> 
     </span>
    </p>
   </div>
   <div class='ocr_carea' id='block_1_103' title="bbox 222 5135 1772 5211">
    <p class='ocr_par' dir='ltr' id='par_1_103' title="bbox 222 5135 1772 5211">
     <span class='ocr_line' id='line_1_103' title="bbox 222 5135 1772 5211; baseline -0.003 -20"><span class='ocrx_word' id='word_1_782' title='bbox 222 5138 311 5191; x_wconf 79' lang='grc' dir='ltr'><strong>διὰ</strong></span> <span class='ocrx_word' id='word_1_783' title='bbox 337 5139 438 5202; x_wconf 78' lang='grc' dir='ltr'>τῆς</span> <span class='ocrx_word' id='word_1_784' title='bbox 460 5137 694 5202; x_wconf 85' lang='grc' dir='ltr'>ἀκακίας</span> <span class='ocrx_word' id='word_1_785' title='bbox 721 5135 956 5208; x_wconf 79' lang='grc' dir='ltr'>ἐμαυτὸν</span> <span class='ocrx_word' id='word_1_786' title='bbox 990 5136 1070 5200; x_wconf 89' lang='grc' dir='ltr'><strong>είς</strong></span> <span class='ocrx_word' id='word_1_787' title='bbox 1094 5138 1193 5211; x_wconf 82' lang='grc' dir='ltr'><strong>τήν</strong></span> <span class='ocrx_word' id='word_1_788' title='bbox 1218 5137 1324 5192; x_wconf 87' lang='grc' dir='ltr'><strong>τῶν</strong></span> <span class='ocrx_word' id='word_1_789' title='bbox 1350 5137 1574 5192; x_wconf 86' lang='grc' dir='ltr'>παιδίων</span> <span class='ocrx_word' id='word_1_790' title='bbox 1602 5135 1772 5193; x_wconf 88' lang='grc' dir='ltr'>ταπεί-</span> 
     </span>
    </p>
   </div>
   <div class='ocr_carea' id='block_1_104' title="bbox 1873 5135 3452 5211">
    <p class='ocr_par' dir='ltr' id='par_1_104' title="bbox 1891 5135 3452 5210">
     <span class='ocr_line' id='line_1_104' title="bbox 1891 5135 3452 5210; baseline -0.001 -18"><span class='ocrx_word' id='word_1_791' title='bbox 1891 5137 2148 5192; x_wconf 65' lang='lat' dir='ltr'><strong>caelorum</strong></span> <span class='ocrx_word' id='word_1_792' title='bbox 2185 5135 2332 5193; x_wconf 84' lang='lat' dir='ltr'><strong>velut</strong></span> <span class='ocrx_word' id='word_1_793' title='bbox 2361 5151 2495 5209; x_wconf 87' lang='lat' dir='ltr'><strong>puer</strong></span> <span class='ocrx_word' id='word_1_794' title='bbox 2523 5137 2758 5208; x_wconf 86' lang='lat' dir='ltr'><strong>suscepi,</strong></span> <span class='ocrx_word' id='word_1_795' title='bbox 2786 5151 2980 5209; x_wconf 89' lang='lat' dir='ltr'><strong>meque</strong></span> <span class='ocrx_word' id='word_1_796' title='bbox 3022 5139 3137 5210; x_wconf 89' lang='lat' dir='ltr'><strong>ipse</strong></span> <span class='ocrx_word' id='word_1_797' title='bbox 3169 5153 3266 5210; x_wconf 87' lang='lat' dir='ltr'><strong>per</strong></span> <span class='ocrx_word' id='word_1_798' title='bbox 3297 5138 3452 5192; x_wconf 87' lang='lat' dir='ltr'><strong>inno-</strong></span> 
     </span>
    </p>
   </div>
   <div class='ocr_carea' id='block_1_105' title="bbox 301 5316 720 5385">
    <p class='ocr_par' dir='ltr' id='par_1_105' title="bbox 301 5316 720 5385">
     <span class='ocr_line' id='line_1_105' title="bbox 301 5316 720 5385; baseline 0 -13"><span class='ocrx_word' id='word_1_799' title='bbox 301 5318 346 5349; x_wconf 67' lang='grc' dir='ltr'><strong>δ⁷</strong></span> <span class='ocrx_word' id='word_1_800' title='bbox 384 5316 519 5375; x_wconf 88' lang='lat' dir='ltr'><strong>Gen.</strong></span> <span class='ocrx_word' id='word_1_801' title='bbox 556 5332 638 5385; x_wconf 85' lang='grc' dir='ltr'>ιιι,</span> <span class='ocrx_word' id='word_1_802' title='bbox 667 5316 720 5372; x_wconf 90' lang='lat'><strong>9.</strong></span> 
     </span>
    </p>
   </div>
   <div class='ocr_carea' id='block_1_106' title="bbox 302 5492 1772 5568">
    <p class='ocr_par' dir='ltr' id='par_1_106' title="bbox 302 5492 1772 5568">
     <span class='ocr_line' id='line_1_106' title="bbox 302 5492 1772 5568; baseline -0.002 -17"><span class='ocrx_word' id='word_1_803' title='bbox 302 5495 415 5568; x_wconf 72' lang='grc'>(24)</span> <span class='ocrx_word' id='word_1_804' title='bbox 448 5493 538 5548; x_wconf 91' lang='lat' dir='ltr'><strong>Sic</strong></span> <span class='ocrx_word' id='word_1_805' title='bbox 565 5500 765 5568; x_wconf 76' lang='lat' dir='ltr'><strong>septem</strong></span> <span class='ocrx_word' id='word_1_806' title='bbox 781 5507 930 5568; x_wconf 34' lang='lat' dir='ltr'><strong>-rnss.</strong></span> <span class='ocrx_word' id='word_1_807' title='bbox 962 5492 1437 5568; x_wconf 21' lang='lat' dir='ltr'><strong>AledillﬂeﬁtATQV.</strong></span> <span class='ocrx_word' id='word_1_808' title='bbox 1458 5493 1609 5549; x_wconf 87' lang='lat' dir='ltr'><strong>llaud</strong></span> <span class='ocrx_word' id='word_1_809' title='bbox 1633 5492 1772 5556; x_wconf 69' lang='lat' dir='ltr'><strong>longi</strong></span> 
     </span>
    </p>
   </div>
   <div class='ocr_carea' id='block_1_107' title="bbox 1873 5492 2379 5568">
    <p class='ocr_par' dir='ltr' id='par_1_107' title="bbox 1897 5498 2379 5565">
     <span class='ocr_line' id='line_1_107' title="bbox 1897 5498 2379 5565; baseline 0.008 -17"><span class='ocrx_word' id='word_1_810' title='bbox 1897 5498 2214 5565; x_wconf 86' lang='lat' dir='ltr'><strong>quibusdam</strong></span> <span class='ocrx_word' id='word_1_811' title='bbox 2252 5512 2379 5552; x_wconf 90' lang='lat' dir='ltr'><strong>mss.</strong></span> 
     </span>
    </p>
   </div>
   <div class='ocr_carea' id='block_1_108' title="bbox 231 5562 1772 5637">
    <p class='ocr_par' dir='ltr' id='par_1_108' title="bbox 231 5562 1716 5637">
     <span class='ocr_line' id='line_1_108' title="bbox 231 5562 1716 5637; baseline 0.001 -17"><span class='ocrx_word' id='word_1_812' title='bbox 231 5562 364 5626; x_wconf 53' lang='lat' dir='ltr'><strong>lic-lt.</strong></span> <span class='ocrx_word' id='word_1_813' title='bbox 383 5562 669 5637; x_wconf 57' lang='lat' dir='ltr'><strong>secundus</strong></span> <span class='ocrx_word' id='word_1_814' title='bbox 701 5562 981 5637; x_wconf 73' lang='grc' dir='ltr'>ἀσθένειαν</span> <span class='ocrx_word' id='word_1_815' title='bbox 1018 5562 1435 5637; x_wconf 67' lang='grc' dir='ltr'>μεταϐληθέντα.</span> <span class='ocrx_word' id='word_1_816' title='bbox 1706 5633 1716 5637; x_wconf 92' lang='lat'><strong>_</strong></span> 
     </span>
    </p>
   </div>
   <div class='ocr_carea' id='block_1_109' title="bbox 1873 5562 3448 5637">
    <p class='ocr_par' dir='ltr' id='par_1_109' title="bbox 1915 5562 3448 5637">
     <span class='ocr_line' id='line_1_109' title="bbox 1915 5562 3448 5637; baseline -0.003 -16"><span class='ocrx_word' id='word_1_817' title='bbox 1915 5562 1925 5565; x_wconf 77' lang='grc'><em>’</em></span> <span class='ocrx_word' id='word_1_818' title='bbox 1966 5568 2080 5637; x_wconf 75' lang='grc'>(27)</span> <span class='ocrx_word' id='word_1_819' title='bbox 2109 5568 2181 5622; x_wconf 90' lang='lat' dir='ltr'><strong>lta</strong></span> <span class='ocrx_word' id='word_1_820' title='bbox 2225 5570 2389 5622; x_wconf 88' lang='lat' dir='ltr'><strong>editio</strong></span> <span class='ocrx_word' id='word_1_821' title='bbox 2445 5567 2608 5622; x_wconf 80' lang='lat' dir='ltr'><strong>Basil.</strong></span> <span class='ocrx_word' id='word_1_822' title='bbox 2636 5575 2690 5622; x_wconf 91' lang='lat' dir='ltr'><strong>et</strong></span> <span class='ocrx_word' id='word_1_823' title='bbox 2737 5565 2876 5623; x_wconf 85' lang='lat' dir='ltr'><strong>Oliv.</strong></span> <span class='ocrx_word' id='word_1_824' title='bbox 2923 5574 2978 5619; x_wconf 89' lang='lat' dir='ltr'><strong>et</strong></span> <span class='ocrx_word' id='word_1_825' title='bbox 3004 5563 3246 5637; x_wconf 79' lang='lat' dir='ltr'><strong>Combef.</strong></span> <span class='ocrx_word' id='word_1_826' title='bbox 3276 5563 3448 5637; x_wconf 72' lang='lat' dir='ltr'><strong>etalii</strong></span> 
     </span>
    </p>
   </div>
   <div class='ocr_carea' id='block_1_110' title="bbox 302 5633 1772 5708">
    <p class='ocr_par' dir='ltr' id='par_1_110' title="bbox 302 5633 1772 5708">
     <span class='ocr_line' id='line_1_110' title="bbox 302 5633 1772 5708; baseline 0 -19"><span class='ocrx_word' id='word_1_827' title='bbox 302 5636 415 5705; x_wconf 64' lang='lat'><strong>(25)</strong></span> <span class='ocrx_word' id='word_1_828' title='bbox 447 5633 580 5708; x_wconf 74' lang='lat' dir='ltr'><strong>Reg.</strong></span> <span class='ocrx_word' id='word_1_829' title='bbox 609 5634 878 5689; x_wconf 84' lang='lat' dir='ltr'><strong>secundus</strong></span> <span class='ocrx_word' id='word_1_830' title='bbox 908 5633 1383 5691; x_wconf 52' lang='lat' dir='ltr'><strong>&#39;svsxazeicontox</strong></span> <span class='ocrx_word' id='word_1_831' title='bbox 1429 5637 1560 5708; x_wconf 72' lang='lat' dir='ltr'><strong>lteg.</strong></span> <span class='ocrx_word' id='word_1_832' title='bbox 1593 5633 1772 5690; x_wconf 81' lang='lat' dir='ltr'><strong>tertiut</strong></span> 
     </span>
    </p>
   </div>
   <div class='ocr_carea' id='block_1_111' title="bbox 1873 5633 3451 5708">
    <p class='ocr_par' dir='ltr' id='par_1_111' title="bbox 1896 5633 3451 5708">
     <span class='ocr_line' id='line_1_111' title="bbox 1896 5633 3451 5708; baseline -0.003 -16"><span class='ocrx_word' id='word_1_833' title='bbox 1896 5633 2121 5706; x_wconf 75' lang='lat' dir='ltr'><strong>septeni.</strong></span> <span class='ocrx_word' id='word_1_834' title='bbox 2187 5639 2359 5693; x_wconf 87' lang='lat' dir='ltr'><strong>Editio</strong></span> <span class='ocrx_word' id='word_1_835' title='bbox 2411 5637 2586 5694; x_wconf 87' lang='lat' dir='ltr'><strong>Paris.</strong></span> <span class='ocrx_word' id='word_1_836' title='bbox 2632 5637 2725 5692; x_wconf 72' lang='grc' dir='ltr'>καὶ</span> <span class='ocrx_word' id='word_1_837' title='bbox 2764 5637 3029 5708; x_wconf 85' lang='grc' dir='ltr'>μηδεμίαν</span> <span class='ocrx_word' id='word_1_838' title='bbox 3081 5636 3293 5707; x_wconf 76' lang='grc' dir='ltr'>ἔχουσιν</span> <span class='ocrx_word' id='word_1_839' title='bbox 3323 5635 3451 5688; x_wconf 84' lang='grc' dir='ltr'>ἀνα-</span> 
     </span>
    </p>
   </div>
   <div class='ocr_carea' id='block_1_112' title="bbox 228 5704 1772 5780">
    <p class='ocr_par' dir='ltr' id='par_1_112' title="bbox 228 5704 1749 5780">
     <span class='ocr_line' id='line_1_112' title="bbox 228 5704 1749 5780; baseline 0.014 -22"><span class='ocrx_word' id='word_1_840' title='bbox 228 5704 672 5780; x_wconf 21' lang='grc' dir='ltr'>οῗουλγ-εγένηται.</span> <span class='ocrx_word' id='word_1_841' title='bbox 943 5771 979 5780; x_wconf 78' lang='lat'><strong><em>_</em></strong></span> <span class='ocrx_word' id='word_1_842' title='bbox 1146 5775 1167 5780; x_wconf 43' lang='grc' dir='ltr'>μ</span> <span class='ocrx_word' id='word_1_843' title='bbox 1221 5775 1232 5780; x_wconf 95' lang='lat'>_</span> <span class='ocrx_word' id='word_1_844' title='bbox 1513 5704 1584 5780; x_wconf 42' lang='lat'><strong>&#39;_</strong></span> 
     </span>
    </p>
   </div>
   <div class='ocr_carea' id='block_1_113' title="bbox 1873 5704 3005 5780">
    <p class='ocr_par' dir='ltr' id='par_1_113' title="bbox 1899 5704 3005 5780">
     <span class='ocr_line' id='line_1_113' title="bbox 1899 5704 3005 5780; baseline -0.001 -19"><span class='ocrx_word' id='word_1_845' title='bbox 1899 5704 2090 5780; x_wconf 75' lang='grc' dir='ltr'>πνοήν,</span> <span class='ocrx_word' id='word_1_846' title='bbox 2122 5708 2183 5764; x_wconf 87' lang='lat' dir='ltr'><strong>In</strong></span> <span class='ocrx_word' id='word_1_847' title='bbox 2216 5711 2398 5779; x_wconf 75' lang='lat' dir='ltr'><strong>quibus</strong></span> <span class='ocrx_word' id='word_1_848' title='bbox 2429 5726 2519 5764; x_wconf 84' lang='lat' dir='ltr'><strong>nec</strong></span> <span class='ocrx_word' id='word_1_849' title='bbox 2549 5704 2804 5780; x_wconf 79' lang='lat' dir='ltr'><strong>respirare</strong></span> <span class='ocrx_word' id='word_1_850' title='bbox 2827 5704 3005 5762; x_wconf 70' lang='lat' dir='ltr'><strong>iiceat.</strong></span> 
     </span>
    </p>
   </div>
   <div class='ocr_carea' id='block_1_114' title="bbox 305 5771 1781 5843">
    <p class='ocr_par' dir='ltr' id='par_1_114' title="bbox 305 5771 1781 5843">
     <span class='ocr_line' id='line_1_114' title="bbox 305 5771 1781 5843; baseline -0.001 -10"><span class='ocrx_word' id='word_1_851' title='bbox 305 5771 418 5835; x_wconf 71' lang='lat' dir='ltr'><strong>iiii)</strong></span> <span class='ocrx_word' id='word_1_852' title='bbox 447 5771 718 5830; x_wconf 64' lang='lat' dir='ltr'><strong>Sic&#39;tnss.</strong></span> <span class='ocrx_word' id='word_1_853' title='bbox 755 5782 885 5832; x_wconf 86' lang='lat' dir='ltr'><strong>tres.</strong></span> <span class='ocrx_word' id='word_1_854' title='bbox 943 5771 1104 5832; x_wconf 87' lang='lat' dir='ltr'><strong>Deest</strong></span> <span class='ocrx_word' id='word_1_855' title='bbox 1141 5775 1176 5843; x_wconf 87' lang='grc' dir='ltr'><strong>ή</strong></span> <span class='ocrx_word' id='word_1_856' title='bbox 1221 5775 1274 5829; x_wconf 92' lang='lat' dir='ltr'><strong>in</strong></span> <span class='ocrx_word' id='word_1_857' title='bbox 1303 5776 1459 5833; x_wconf 89' lang='lat' dir='ltr'><strong>editis</strong></span> <span class='ocrx_word' id='word_1_858' title='bbox 1490 5777 1624 5832; x_wconf 81' lang='lat' dir='ltr'><strong>etin</strong></span> <span class='ocrx_word' id='word_1_859' title='bbox 1664 5775 1781 5832; x_wconf 86' lang='lat' dir='ltr'><strong>aliis</strong></span> 
     </span>
    </p>
   </div>
  </div>
