4026 6444
602 327 701 380 Mil

1943 336 1997 391 S.
2048 338 2289 395 BASILII
2322 342 2534 397 MAGNI

3723 353 3823 411 ωε

605 444 839 497 centiam
875 443 941 497 ad
989 460 1274 514 puerorum
1308 447 1663 504 humilitatem
1697 450 1887 505 demisi
1928 468 1943 506 :
1982 454 2164 508 Custo-

2271 475 2429 510 νωσιν
2473 458 2777 528 κατήγαγον
2796 476 2809 487 ·
2851 458 2911 511 '0
2933 464 3269 528 φυλάσσων
3288 463 3359 518 τὰ
3377 463 3565 530 νήπια
3592 466 3825 533 Κύριος,

603 533 751 588 diens
792 539 1043 605 parvulos
1087 538 1365 607 Dominus,
1399 542 1650 610 quoniam
1688 545 2000 600 humiliatus
2027 563 2164 612 sum,

602 629 823 680 seruerit
855 644 954 682 me.

678 716 733 770 ὅ.
776 716 937 773 Vsus.
979 719 1031 773 7.
1073 718 1412 785 Convertere,
1456 723 1631 778 animo
1662 742 1809 791 mea,
1841 728 1894 781 in
1937 730 2166 797 requiem

604 818 748 863 tuom
771 849 787 873 ,
812 812 937 879 quia
982 809 1236 865 Dominus
1272 813 1517 882 benefacit
1552 817 1663 871 tibi.
1718 817 1827 872 Sibi
1866 819 1965 889 ipsi
2002 820 2163 873 verba

603 899 963 958 consolatoria
1002 903 1254 971 proponit
1303 904 1476 959 bonus
1522 908 1761 974 athleta,
1812 910 2066 965 similiter
2099 927 2163 967 ac

606 991 833 1059 Paulus,
868 994 1054 1049 dicens
1097 1012 1113 1050 :
1152 995 1354 1049 Bonum
1403 1008 1664 1054 certamen
1696 1004 1917 1064 certovi,
1954 1019 2164 1058 cursum

605 1088 993 1149 consummaui,
1032 1088 1187 1155 [idem
1218 1092 1454 1156 seruaui;
1488 1093 1544 1145 in
1587 1093 1784 1163 reliquo
1819 1097 2047 1163 reposita
2085 1109 2163 1151 est

603 1173 734 1226 milii
759 1190 953 1229 corona
974 1177 1199 1246 justitire
1228 1178 1295 1233 ⁸⁸.
1340 1180 1465 1235 llaec
1494 1197 1709 1251 quoque
1740 1185 1839 1238 sibi
1872 1186 2000 1239 dicit
2028 1185 2162 1241 Pro-

604 1266 765 1333 pheta
800 1287 813 1323 :
848 1267 1113 1334 Quoniam
1162 1270 1284 1324 vita:
1329 1270 1487 1340 hujus
1519 1288 1735 1327 cursum
1775 1276 1906 1329 satis
1946 1275 2159 1346 longum

605 1358 848 1426 explesti,
902 1359 1206 1415 Convertere
1250 1363 1319 1418 de
1371 1372 1570 1417 etetero
1617 1365 1671 1416 in
1718 1366 1941 1434 requiem
1972 1354 2161 1433 'tuam,

604 1446 727 1511 quia
749 1445 1002 1501 Dominus
1024 1448 1272 1517 benefecit
1289 1451 1402 1503 tibi.
1424 1450 1699 1519 Siquidem
1726 1452 1790 1505 iis
1806 1454 1895 1521 qui
1922 1452 2162 1519 legitime

606 1540 659 1591 in
690 1540 791 1593 bac
820 1541 927 1594 vita
959 1542 1324 1607 decertarunt,
1362 1544 1691 1612 sempiterna
1723 1545 1939 1612 requies
1967 1560 2159 1613 propo-

605 1630 708 1684 sita
748 1639 852 1690 est.
886 1647 1004 1700 qua:
1048 1647 1149 1686 non
1179 1646 1243 1686 ex
1277 1648 1499 1703 cperunt
1532 1635 1713 1689 debito
1751 1636 2022 1699 tribuitur,
2069 1636 2162 1691 sed

606 1739 670 1777 ex
703 1723 795 1776 Dei
828 1723 1310 1785 muniﬁcentissimi
1338 1728 1535 1795 gratia,
1567 1728 1631 1782 iis
1655 1728 1745 1798 qui
1780 1728 1833 1779 in
1869 1728 1984 1794 ipso
2009 1743 2159 1796 spem

2265 549 2454 619 ἐπειδὴ
2481 549 2899 617 ἐταπεινώθην,
2932 551 3127 605 ἐσωσέ
3160 552 3270 623 (28)
3290 572 3386 624 με.

2351 726 2403 779 5.
2457 726 2882 794 Ἐπίστροφον,
2914 726 3083 796 ψυχή
3120 747 3237 799 μου
3256 768 3270 793 ,
3296 731 3381 794 εις
3415 729 3531 797 τὴν
3556 730 3826 785 ἀνάπαυ-

2266 832 2371 870 σιν
2388 832 2524 880 σου,
2555 816 2641 869 ὅτι
2665 819 2871 887 Κύριος
2912 818 3272 889 εὐηργέτησέ
3303 834 3393 874 σε.
3421 821 3628 893 Ἐαυτῷ
3656 839 3824 894 προσ-

2271 907 2394 977 άγει
2424 910 2547 971 τοὺς
2581 909 3019 980 παρακλητικοὺς
3045 909 3234 978 λόγους
3256 913 3285 964 ὀ
3317 912 3477 975 καλὸς
3500 914 3822 985 ἀγωνιστὴς,

2265 999 2657 1071 παραπλησίως
2690 999 2765 1069 τῷ
2786 1000 2977 1070 Παύλῳ
2999 1000 3170 1070 λέγων
3190 1019 3205 1032 ·
3234 1001 3343 1055 Τόν
3368 1002 3564 1072 ἀγῶνα
3590 1005 3696 1058 τὸν
3725 1023 3827 1059 κα-

2265 1092 2379 1145 λὸν
2403 1092 2753 1161 ἠγώνισμαι,
2781 1094 2885 1145 τὸν
2914 1092 3131 1161 δρόμον
3154 1091 3449 1159 τετέλεκα,
3475 1094 3589 1161 τὴν
3620 1098 3827 1150 πίστιν

2266 1184 2588 1251 τετήρηκω
2625 1183 2840 1237 λοιπὸν
2863 1185 3166 1239 ἀπόκειταί
3188 1203 3289 1254 μοι
3319 1189 3351 1239 ὀ
3379 1185 3489 1253 τῆς
3517 1185 3824 1240 δικαιοσύ-

2266 1288 2377 1337 νης
2406 1271 2723 1340 στέφανος.
2762 1271 2947 1325 Ταῦτα
2980 1272 3124 1340 λέγει
3154 1273 3263 1344 (29)
3293 1274 3386 1327 καὶ
3418 1275 3552 1346 πρὸς
3581 1276 3771 1327 ἑαυτὸν
3798 1277 3827 1328 ὀ

2272 1359 2592 1429 Προφήτης·
2639 1359 2854 1430 Ἐπειδὴ
2891 1360 3088 1423 ἱκανῶς
3118 1362 3210 1413 τοῦ
3244 1361 3359 1431 βίου
3390 1363 3578 1416 τούτου
3613 1364 3704 1417 τὸν
3740 1364 3826 1416 δοο

2268 1448 2411 1517 λιχὸν
2457 1449 2857 1521 ἐξεπλήρωσας,
2915 1452 3309 1520 Ἐπίστρεψον
3351 1454 3534 1508 λοιπὸν
3578 1458 3667 1521 εἰς
3715 1456 3829 1522 τὴν

2264 1538 2608 1594 ἁνάπαυσίν
2634 1557 2770 1605 σου,
2804 1543 2891 1596 ὅτι
2920 1544 3133 1612 Κύριος
3165 1544 3526 1615 εὐηργέτησὲ
3554 1563 3651 1602 σε.
3688 1548 3829 1618 Πρό-

2267 1643 2443 1680 κειται
2472 1628 2577 1699 γὰρ
2623 1630 2922 1694 ἀνάπαυσις
2963 1633 3154 1686 αἰωνία
3196 1636 3304 1697 τοῖς
3344 1636 3589 1705 νομίμως
3617 1637 3706 1689 τὸν
3744 1639 3830 1690 ἐν·

2265 1718 2443 1773 ταῦθα
2469 1718 2783 1791 διαθλήσασι
2812 1721 2941 1790 βίον,
2966 1724 3026 1775 οὺ
3057 1724 3197 1779 κατὰ
3221 1725 3493 1795 ὀφείλημα
3516 1726 3626 1780 τῶν
3652 1727 3828 1798 ἔργων

606 1815 861 1880 habuere,
891 1816 1066 1870 datur.
1100 1815 1320 1883 Deinde,
1354 1820 1667 1887 priusquam
1697 1819 1837 1873 bona
1876 1819 1981 1874 illic
2015 1835 2163 1887 τερος

2267 1812 2622 1882 ἀποδιδομένη
2672 1813 2804 1883 ('50),
2840 1813 2974 1866 ἀλλά
3013 1816 3153 1869 κατὰ
3190 1818 3348 1887 χάριν
3386 1818 3479 1869 τοῦ
3522 1818 3829 1887 μεγαλοδώ-

607 1908 708 1961 sita
740 1918 978 1975 enarret,
1010 1909 1277 1977 quomodo
1319 1924 1349 1962 a
1388 1910 1567 1964 mundi
1609 1909 1872 1964 molestiis
1902 1911 2164 1965 liberatus

608 2000 702 2066 sit,
736 2014 1058 2063 recensens,
1094 2014 1190 2068 pro
1228 2000 1293 2054 iis
1327 2001 1530 2068 gratias
1558 2001 1667 2070 agit
1697 2002 1999 2055 animarum
2032 2001 2165 2056 libe-

608 2090 795 2153 ratori,
828 2089 918 2158 qui
958 2104 1024 2143 ex
1060 2089 1203 2143 varia
1250 2098 1303 2143 et
1335 2089 1633 2145 inevitabili
1667 2090 2020 2161 cupiditatum
2049 2106 2164 2145 ser-

609 2183 780 2235 vitute
815 2182 988 2251 ipsum
1032 2182 1250 2236 exemit.
1282 2180 1414 2247 Quae
1454 2191 1632 2236 autem
1664 2190 1788 2236 sunt
1819 2183 1972 2236 haec?
2000 2183 2160 2239 Vens.

608 2270 662 2325 8.
702 2270 837 2336 Quia
868 2271 1055 2338 eripuit
1083 2272 1311 2323 animum
1340 2286 1507 2324 meam
1530 2272 1593 2324 de
1614 2282 1796 2335 morte,
1826 2272 2000 2326 oculos
2024 2289 2163 2327 meos

609 2379 641 2414 (ι
668 2363 938 2432 lacrymis,
970 2372 1017 2415 et
1046 2364 1198 2430 pedes
1245 2379 1381 2416 meos
1412 2378 1444 2416 a
1488 2364 1660 2433 !apsu.
1697 2362 1897 2416 Rerum
1930 2377 2165 2431 praesen-

610 2453 742 2506 tium
773 2451 1179 2521 comparatione
1207 2452 1443 2506 futuram
1472 2452 1733 2506 describit
1764 2452 2029 2521 requiem.
2066 2452 2163 2508 llic

610 2544 774 2607 enim,
814 2544 1011 2614 inquit,
1042 2543 1518 2598 circumdederunt
1550 2558 1636 2598 me
1669 2543 1883 2599 dolores
1932 2545 2158 2600 mortis:

611 2632 720 2687 illic
746 2648 875 2686 vero
902 2633 1100 2701 eripuit
1129 2634 1364 2687 animam
1394 2646 1567 2687 meam
1602 2650 1629 2689 a
1660 2646 1853 2689 morte.
1885 2632 1985 2690 llic
2021 2636 2161 2690 oculi

612 2722 982 2792 lacrymantur
1019 2738 1085 2778 ex
1138 2722 1426 2779 afﬂictione
1460 2742 1475 2780 :
1529 2725 1688 2794 203
1730 2726 1838 2781 illic
1879 2742 2008 2782 vero
2055 2742 2161 2781 non

613 2814 845 2883 amplius
873 2814 1123 2882 lacrymaa
1148 2815 1398 2868 tenebras
1423 2816 1637 2883 pupillis
1656 2816 1928 2871 effundunt
1955 2832 2162 2886 eorum,

616 2906 708 2975 qui
752 2905 1205 2974 contemplatione
1254 2905 1670 2976 puicltritudinis
1722 2910 2017 2977 majeStatis
2071 2911 2162 2966 Dei

614 2996 974 3052 obiectantur.
1003 2996 1226 3051 Abstulit
1252 2999 1388 3052 enim
1412 2997 1551 3052 Deus
1572 3014 1774 3051 omnem
1796 3000 2077 3070 lacrymam
2099 3004 2163 3057 ob

613 3089 756 3144 omni
785 3088 920 3157 [acie
942 3088 1008 3141 “.
1054 3087 1154 3143 llic
1184 3104 1439 3159 magnum
1470 3100 1551 3146 est
1578 3090 1802 3145 cadendi
1831 3093 2120 3159 periculum
2147 3108 2162 3146 :

613 3191 941 3253 quapropter
962 3191 1016 3236 et
1038 3179 1236 3235 Paulus
1260 3180 1437 3236 aiebat
1469 3200 1482 3235 :
1518 3181 1619 3247 Qui
1645 3198 1699 3235 se
1720 3182 1993 3235 existimat
2028 3194 2167 3239 stare

613 3276 782 3329 uideat
807 3291 869 3329 nc
889 3277 1043 3329 cadat
1060 3275 1127 3328 "‘.
1147 3271 1259 3329 Illic
1278 3282 1457 3329 autem
1476 3274 1615 3329 ﬁrmi
1637 3283 1761 3329 sunt
1782 3290 1999 3346 gressus
2022 3292 2035 3331 :
2060 3277 2169 3333 vita

614 3366 993 3433 immutabilis;
1018 3382 1120 3424 non
1141 3366 1368 3436 amplius
1388 3366 1684 3436 periculum
1706 3376 1784 3422 est
1814 3368 1865 3421 in
1888 3379 2166 3437 peccatum

614 3458 947 3528 prolabendi.
990 3456 1169 3526 Neque
1196 3457 1338 3512 enim
1375 3457 1556 3512 carnis
1589 3466 1672 3512 est
1699 3457 1914 3510 rebellio
1946 3474 1959 3509 :
1997 3474 2170 3525 neque

616 3549 811 3605 mulier
840 3559 1077 3604 mutuam
1108 3548 1175 3603 ad
1206 3558 1479 3619 peccatum
1508 3548 1717 3604 confert
1756 3563 1996 3619 operam.
2034 3547 2167 3603 Nam

615 3659 721 3699 non
745 3653 827 3698 est
848 3642 1117 3697 masculus
1137 3652 1189 3695 et
1206 3641 1402 3696 femina
1422 3643 1472 3696 in
1494 3642 1915 3706 resurrectione,
1943 3641 2035 3696 sed
2066 3655 2167 3694 una

616 3726 860 3795 quredam
892 3728 997 3779 vita
1042 3736 1123 3781 est
1163 3744 1226 3783 ac
1254 3728 1482 3797 simplex
1524 3742 1538 3780 :
1575 3726 1833 3798 siquidem
1869 3728 1956 3795 qui
1990 3729 2042 3782 in
2083 3742 2170 3782 re-

618 3820 774 3886 gione
796 3818 1034 3873 vivorum
1052 3818 1315 3881 habitant,
1332 3834 1428 3873 suo
1446 3820 1677 3887 ipsorum
1700 3818 2165 3888 Dominoplacent.

618 3911 846 3967 Mundus
885 3911 972 3966 ltic
1018 3919 1070 3966 et
1116 3911 1229 3981 ipse
1278 3911 1589 3966 interiturus
1615 3920 1716 3976 est,
1748 3921 1801 3964 et
1829 3912 2168 3965 morientium

618 4012 701 4058 est
728 4003 898 4059 locus.
928 4003 1189 4070 Quoniam
1217 4004 1359 4057 enim
1389 4003 1677 4057 visibilium
1701 4004 1996 4058 substantia
2025 4020 2170 4059 com-

618 4095 793 4163 posita
824 4104 926 4158 est,
956 4104 1007 4147 et
1033 4094 1289 4162 quidquid
1319 4095 1668 4164 compositum
1711 4105 1813 4158 est,
1840 4094 2055 4149 dissolvi
2083 4112 2170 4152 so-

618 4184 710 4243 let.
736 4200 832 4241 nos
858 4187 945 4253 qui
976 4186 1027 4239 in
1056 4186 1251 4240 mundo
1279 4186 1606 4251 exsistimus,
1639 4203 1756 4241 cum
1786 4187 1967 4242 mundi
1992 4197 2170 4257 partes

616 4279 810 4342 simus,
848 4278 1152 4332 necessario
1205 4286 1410 4332 natura:
1457 4279 1692 4331 universi
1736 4278 1995 4333 eliicimur
2041 4292 2169 4332 con-

618 4378 811 4425 sortes.
854 4368 1195 4436 Quareante
1232 4370 1393 4424 etiam
1434 4383 1591 4439 quam
1621 4369 1794 4422 anima
1821 4384 1915 4437 per
1944 4378 2167 4424 mortem

2269 1918 2361 1971 ρου
2388 1902 2519 1955 Θεοῦ
2550 1906 2660 1967 τοῖς
2700 1906 2779 1968 είς
2805 1905 2966 1958 αὐτὸν
2990 1905 3243 1975 ὴλπικόσι
3274 1910 3641 1978 παρεχομένη.
3668 1905 3823 1974 Εἶτα,

2266 1994 2394 2063 πρὶν
2418 1992 2485 2046 τὰ
2515 1994 2631 2047 ἐκεῖ
2657 1996 2833 2063 ἀγαθά
2862 1996 3244 2067 διηγήσασθαι,
3271 1999 3369 2068 τὴν
3404 1999 3692 2070 ἀποφυγὴν
3716 2000 3826 2053 τῶν

2262 2086 2355 2139 τοῦ
2389 2086 2594 2157 κόσμου
2624 2086 2867 2156 ὀχληρῶν
2893 2088 3261 2159 διηγούμενος,
3293 2090 3385 2143 ἐπὶ
3410 2089 3622 2153 τούτοις
3660 2091 3826 2159 εὐχα-

2267 2185 2441 2252 ριστεῖ
2471 2180 2549 2251 τῷ
2579 2180 2911 2251 ἐλευθερωτῇ
2945 2182 3052 2234 τῶν
3080 2183 3286 2252 ψυχῶν,
3329 2183 3405 2252 τῷ
3435 2184 3535 2252 τῆς
3575 2184 3829 2251 ποικίλης

2264 2272 2422 2325 αὐτὸν
2454 2271 2564 2343 (51)
2607 2272 2697 2325 καὶ
2740 2272 3110 2342 ἀπαραιτήτου
3147 2272 3387 2334 δουλείας
3426 2274 3534 2325 τῶν
3564 2272 3830 2342 manus.

2263 2381 2369 2416 των
2407 2362 2794 2435 ἐξαιρουμένῳ.
2844 2363 2977 2416 Τίνα
3038 2362 3094 2415 δέ
3139 2363 3254 2416 ἐστι
3300 2362 3503 2427 ταῦτα;
3554 2365 3685 2417 Ὅτι
3731 2364 3829 2427 ἐξ·

2263 2456 2455 2510 είλετο
2484 2455 2599 2523 τὴν
2628 2456 2841 2524 ψυχήν
2867 2473 2986 2525 μου
3018 2456 3085 2510 ἐκ
3118 2455 3374 2510 θανάτου
3393 2495 3407 2519 ,
3442 2455 3583 2521 τοὺς
3607 2457 3830 2525 ὀφθαλ-

2260 2549 2411 2614 μούς
2432 2565 2549 2614 μου
2574 2547 2690 2600 ἀπὸ
2722 2547 3014 2615 δακρύων,
3045 2548 3145 2602 καὶ
3176 2548 3317 2615 τοὺς
3345 2548 3535 2613 πόδας
3562 2566 3682 2617 μου
3710 2547 3830 2603 ἀπὸ

2266 2636 2681 2704 ὀλισθήματος.
2734 2638 3020 2708 Συγκρίσει
3069 2639 3179 2692 τῶν
3229 2632 3331 2693 ὦδε
3375 2639 3473 2710 τὴν
3531 2639 3829 2710 μέλλουσαν

2265 2726 2567 2780 ἀνάπαυσιν
2613 2726 2923 2797 διαγράφει.
2968 2728 3228 2781 Ἐνταῦθα
3260 2729 3367 2799 γάρ
3410 2747 3496 2799 με,
3530 2731 3697 2800 φησὶ,
3731 2746 3830 2783 πε-

2267 2820 2479 2893 ριέσχον
2509 2819 2694 2884 ὠδῖνες
2726 2820 2953 2874 θανάτου
2973 2837 2986 2851 ⁸
3030 2821 3146 2875 ἐκεῖ
3175 2822 3231 2874 δὲ
3259 2821 3490 2884 ἐξείλετο
3520 2824 3622 2893 τὴν
3649 2824 3828 2893 ψυχήν

2269 2927 2368 2980 μου
2403 2912 2466 2962 ὲκ
2513 2907 2762 2963 θανάτου.
2815 2908 3076 2963 Ἐνταῦθα
3107 2910 3156 2961 οἱ
3201 2907 3467 2979 ὀφθαλμοὶ
3509 2908 3571 2961 τὸ
3622 2910 3731 2978 (52)
3761 2914 3829 2967 ἐκ

2264 3001 2363 3070 τῆς
2401 3000 2621 3069 θλίψεως
2659 3000 2944 3071 προχέουσι
2972 3000 3238 3071 δάκρυον’
3276 3001 3393 3053 ἐκεῖ
3428 2999 3484 3052 δὲ
3510 2998 3695 3053 οὐκέτι
3734 3001 3829 3054 δά-

2192 3123 2239 3186 c
2268 3109 2431 3162 κρυον
2473 3091 2790 3145 ἐπισκοτοῦν
2839 3094 2959 3156 ταῖς
3004 3093 3190 3165 κόραις
3222 3090 3342 3161 ξτῶν
3387 3091 3831 3162 εὐφραινομένων

2269 3186 2335 3253 τῇ
2368 3184 2567 3253 θεωρίᾳ
2590 3184 2683 3235 τοῦ
2715 3184 2942 3246 κάλλους
2966 3183 3064 3253 τῆς
3087 3184 3242 3255 δόξης
3265 3182 3359 3237 τοῦ
3389 3183 3545 3237 Θεοῦ.
3594 3182 3829 3253 Ἀφεῖειε

2270 3274 2377 3345 γὰρ
2404 3277 2436 3328 ό
2469 3274 2610 3339 Θεὸς
2641 3272 2763 3328 πᾶν
2789 3274 3049 3342 δάκρυον
3074 3275 3191 3329 ἀπὸ
3220 3276 3444 3341 παντὸς
3477 3278 3824 3344 προσώπου.

2282 3366 2539 3420 Ἐνταῦθα
2570 3366 2734 3429 πολὺς
2761 3367 2791 3419 ὁ
2819 3366 3059 3431 κίνδυνος
3086 3366 3178 3420 τοῦ
3208 3367 3564 3438 ὀλισθήματος
3582 3384 3598 3399 ⁸
3623 3368 3705 3421 διὸ
3731 3370 3829 3423 καὶ

2267 3456 2476 3521 Παῦλος
2507 3457 2718 3525 ἔλεγενο
2781 3458 2832 3510 '0
2882 3456 3075 3512 δοκῶν
3124 3457 3367 3511 ἑστάναι
3409 3457 3686 3520 βλεπέτω
3738 3460 3827 3529 μὴ

2269 3550 2448 3619 πέσῃ.
2483 3552 2629 3603 Ἐκεῖ
2645 3550 2700 3604 δὲ
2720 3550 2903 3616 πάγιοι
2923 3551 2977 3601 αἱ
2996 3548 3196 3615 βάσεις·
3220 3548 3614 3619 ἀπερίτρεπτος
3636 3552 3668 3621 ὴ
3690 3552 3824 3623 ζωή·

2269 3639 2446 3692 οὐκέτι
2469 3641 2705 3703 κίνδυνος
2719 3640 2853 3709 πρὸς
2877 3639 3148 3707 ἁμαρτίαν
3168 3639 3541 3710 ὑπενεχθῆναι.
3559 3642 3697 3693 Οὔτε
3717 3643 3828 3713 γὰρ

2271 3726 2892 3801 σαρκὸςὲπανάστασις,
2930 3727 3051 3782 οὔτε
3094 3732 3351 3798 γυναικὸς
3393 3732 3651 3802 συνεργία
3690 3732 3828 3803 πρὸς

2268 3822 2555 3893 ἁμαρτίαν.
2578 3819 2718 3874 Διότι
2740 3821 2838 3873 οὐκ
2861 3818 2938 3872 ἔνι
2961 3819 3125 3890 ἄρσεν
3150 3822 3243 3874 καὶ
3266 3821 3397 3891 θῆλυ
3424 3821 3481 3875 ὲν
3498 3823 3564 3892 τῇ
3600 3821 3828 3875 ἀναστά-

2269 3930 2371 3976 σει,
2406 3912 2539 3968 ἀλλὰ
2566 3913 2662 3982 μία
2685 3914 2768 3976 τίς
2796 3914 2911 3966 ἐστι
2943 3913 3055 3984 ζωὴ
3094 3914 3202 3983 (55)
3236 3914 3327 3966 καὶ
3358 3913 3705 3983 μονότροπος,
3744 3914 3828 3965 εὑ-

2269 4003 2635 4072 αρεστουντῳν
2662 4001 2740 4080 τῷ
2768 4002 2975 4054 ἑαυτῶν
3002 4004 3243 4071 Δεσπότῃ
3276 4002 3381 4053 τῶν
3423 4002 3826 4055 κατοικούντων

2270 4090 2325 4143 ὲν
2356 4092 2422 4159 τῇ
2451 4086 2602 4159 χώρᾳ
2625 4087 2733 4140 τῶν
2765 4086 2997 4151 ζώντων.
3053 4088 3110 4138 'U
3148 4086 3349 4155 κόσμος
3376 4081 3527 4149 οὗτος
3559 4089 3721 4149 auito;
3767 4090 3829 4139 τέ

2270 4184 2383 4233 ἐστι
2405 4179 2612 4249 θνητὸς,
2635 4176 2725 4231 καὶ
2762 4178 2955 4249 χωρίον
2971 4176 3414 4248 ἀποθνησκόντων
3432 4176 3564 4247 (54).
3609 4178 3827 4249 Ἐπειδὴ

2269 4275 2374 4344 γὰρ
2406 4272 2654 4335 σύνθετός
2680 4274 2793 4325 ἐστι
2824 4272 2931 4325 τῶν
2962 4272 3249 4344 ὁρωμένων
3288 4273 3319 4342 ἡ
3368 4270 3645 4334 σύστασις,
3673 4270 3739 4323 τὸ
3769 4270 3827 4324 δὲ

2273 4367 2519 4420 σύνθετον
2550 4366 2693 4419 ἆπαν
2721 4365 3025 4418 διαλύεσθαι
3068 4364 3328 4433 πέφυκεν,
3359 4364 3408 4415 οί
3441 4364 3499 4415 ἐν
3530 4362 3608 4433 τῷ
3639 4365 3828 4433 κόσμῳ

617 4476 647 4518 ι
678 4475 903 4528 corpore
936 4470 1236 4528 separetur,
1268 4462 1526 4514 morimur
1568 4475 1707 4527 sazpe
1750 4460 2013 4515 homines.
2058 4461 2164 4515 Ne-

2274 4461 2444 4523 όντες,
2479 4460 2620 4529 μέρη
2652 4458 2801 4520 ὄντες
2845 4457 2937 4509 τοῦ
2988 4456 3213 4525 κόσμου,
3258 4456 3567 4523 ἀναγκαίως
3595 4456 3693 4525 τῆς
3732 4456 3828 4508 τοῦ

617 4566 721 4619 que
744 4565 870 4607 vero
897 4551 1093 4605 dictum
1138 4551 1236 4604 boc
1279 4550 1373 4603 tibi
1417 4548 1658 4603 videatur
1692 4554 2044 4620 paradoxum,
2072 4550 2165 4603 sed

619 4640 697 4696 rei
727 4641 894 4709 ipsius
920 4641 1200 4696 considera
1227 4642 1529 4695 veritatem.
1570 4640 1774 4710 Quippe
1805 4650 1992 4695 natura
2021 4654 2169 4695 com-

618 4743 863 4791 paratum
894 4742 997 4801 εει,
1028 4742 1085 4788 ιιι
1122 4733 1284 4789 bomo
1314 4731 1366 4785 in
1399 4731 1570 4809 tribus
1595 4746 1854 4786 annorum
1886 4732 2173 4787 hebdoma-

685 4914 729 4945 “
771 4913 807 4967 ll
851 4912 989 4967 Tim.
1034 4929 1102 4978 tv,
1138 4907 1188 4977 7;
1228 4914 1281 4970 8.

692 5112 801 5183 (‘28)
830 5112 921 5167 Sic
950 5111 1115 5183 editio
1150 5110 1312 5163 Basil.
1345 5128 1464 5164 cum
1492 5126 1726 5179 qmnqnc
1756 5127 1884 5183 mss.
1912 5113 1981 5164 At
2010 5110 2171 5183 editio

615 5178 936 5236 P.ti'is.cum
992 5180 1143 5233 Colb.
1175 5191 1327 5233 sexto
1383 5183 1473 5235 καὶ
1512 5178 1716 5234 ἔσωσε.
1773 5182 1963 5235 Statim
2017 5178 2167 5233 Coll).

615 5260 837 5321 quartus
866 5250 1196 5321 equyéitqcé
1234 5267 1319 5319 με,

688 5322 801 5389 (‘29)
840 5315 1022 5375 Editi-0‘
1050 5315 1211 5372 Ba'sil.
1235 5315 1360 5373 cum
1392 5321 1637 5385 plurimis
1669 5336 1796 5374 mss.
1838 5320 2002 5388 λέγει.
2042 5315 2166 5369 ΕιΙὶ-

617 5392 691 5442 lin
721 5390 900 5511 éParis.
923 5392 1077 5461 λέγῃ.
1122 5389 1273 5443 liaud
1314 5390 1467 5459 longe
1516 5406 1645 5444 mss.
1679 5392 1914 5445 nonnulli
1948 5388 2165 5457 εὐηργέ-

617 5478 716 5511 ττῑσ
778 5479 864 5511 με.

614 5478 745 5514 ττῑσε
778 5479 864 5514 με.

671 5479 896 5588 'igoiiia
925 5531 1161 5597 quinque
1194 5545 1322 5584 mss.
1359 5530 1427 5582 At
1458 5530 1584 5583 editi
1614 5529 1996 5599 ἁποδεδομένη.

693 5599 803 5668 (Si)
834 5600 924 5653 Sic
959 5602 1086 5654 editi
1122 5616 1239 5653 cum
1291 5601 1473 5651 multis
1509 5616 1637 5653 mss.
1690 5603 1757 5653 At
1814 5600 1941 5668 lteg.
1965 5598 2173 5652 tertius

624 5682 741 5737 eum
773 5668 923 5721 Coll).
952 5680 1105 5723 sexto
1137 5669 1381 5737 ποικίλης
1410 5671 1597 5731 αὑτάς.
1650 5672 1735 5735 qui
1785 5672 1921 5736 ipsus
1964 5670 2168 5724 exemit.

624 5735 771 5791 Catth.
804 5749 1027 5804 quartus
1059 5739 1299 5805 ποικίλης
1323 5735 1541 5805 ταύτης.
1578 5739 1740 5794 Paulo
1763 5735 1881 5795 mist
1904 5740 2025 5793 editi
2054 5755 2169 5791 cum

2274 4551 2473 4612 παντὸς
2508 4548 2717 4616 φύσεως
2744 4547 3103 4616 ἀπολαύομεν.
3134 4547 3230 4600 Διά
3268 4546 3425 4600 τοῦτο
3449 4548 3543 4600 καὶ
3569 4550 3699 4619 πρὶν
3732 4547 3825 4600 θαι

2275 4644 2417 4711 νάτῳ
2446 4640 2544 4710 τὴν
2576 4639 2748 4709 ψυχὴν
2796 4637 3172 4707 διαζευχθῆναι
3224 4637 3317 4690 τοῦ
3357 4637 3639 4707 σώματος,
3695 4638 3824 4691 ἀποσ

2282 4733 2581 4802 θνῄσκομεν
2612 4728 2867 4792 πολλάκις
2897 4729 2943 4781 oi
2970 4726 3261 4799 ἄνθρωποι.
3290 4728 3399 4781 Καὶ
3430 4726 3504 4797 μὴ
3534 4726 3827 4799 παράδοξον

1377 4916 1420 4946 ⁸⁸
1462 4916 1559 4969 lsa.
1597 4930 1719 4979 xxv,
1754 4915 1805 4967 8.
1837 4960 1849 4971 .
1878 4913 1921 4944 '°
1957 4913 1971 4967 Ι
2010 4912 2133 4966 Cor.
2164 4930 2215 4975 ι,
2256 4913 2342 4966 12.

2280 5110 2459 5161 multis
2514 5124 2641 5161 mss.
2681 5116 2736 5161 et
2778 5120 2900 5160 cum
2957 5105 3095 5160 LXX
3132 5122 3224 5160 και
3264 5106 3389 5167 τοὺς
3433 5103 3616 5165 πόδας.
3669 5102 3828 5159 Deest

2280 5180 2369 5231 καί
2403 5183 2454 5232 in
2486 5178 2691 5232 duobus
2724 5175 3016 5241 codicibus,
3048 5178 3363 5245 quibuscum
3402 5174 3672 5229 consentit
3701 5173 3827 5228 Vul-

2308 5265 2413 5299 πιει.

2272 5259 2458 5387 g3iii?)
2497 5316 2636 5371 Editi
2660 5315 2927 5386 ὀφθαλμοί
2953 5335 3071 5385 μου.
3103 5316 3263 5367 Abest
3286 5331 3391 5387 μου
3440 5327 3467 5365 a
3507 5327 3616 5387 sex
3670 5328 3824 5387 mss_.,

2275 5382 2371 5441 nec
2422 5382 2640 5440 dubium
2690 5382 3046 5453 quin'tnel'ius
3091 5386 3245 5438 desit.
3286 5382 3405 5435 llaec
3434 5382 3574 5453 enim
3624 5397 3727 5435 non
3759 5383 3827 5437 de

2279 5458 2452 5512 oculis
2482 5458 2659 5519 unius,
2691 5451 2781 5509 scd
2809 5458 2873 5510 de
2901 5456 3069 5510 oculis
3089 5455 3323 5507 omnium
3349 5454 3436 5520 qui
3471 5451 3631 5503 vitam
3667 5461 3827 5506 aeter-

2280 5544 2401 5579 nam
2444 5537 2859 5594 consequentur,
2888 5525 3194 5594 accipienda
3224 5539 3341 5576 esse
3382 5520 3461 5573 vel
3492 5534 3635 5574 caeco
3662 5536 3827 5591 appa-

2279 5609 2469 5729 rat-55)
2502 5664 2572 5716 lla
2607 5664 2755 5717 multi
2787 5679 2914 5716 mss.
2946 5664 3009 5716 At
3033 5662 3155 5714 mliti
3185 5664 3215 5729 ἡ
3249 5661 3379 5729 ζωή.

2358 5738 2466 5795 (54)
2496 5735 2643 5791 Colb.
2681 5746 2901 5797 quartus
2932 5728 3369 5800 ἀποθνησκόντων
3401 5730 3529 5782 ἐστί.
3584 5728 3702 5784 Mox
3738 5744 3826 5784 c0-
