4026 6434
253 371 362 425 495

1415 367 1706 426 IIOMILIA
1744 372 1812 426 IN
1845 373 2176 431 PSALMUM
2215 379 2404 439 CXIV.

3389 391 3491 444 494

251 495 393 562 φανῇ
420 491 531 561 (35)
555 509 634 546 σοι
655 491 714 546 τὸ
734 491 1044 562 λεγόμενον,
1068 491 1206 544 ἀλλὰ
1231 490 1422 546 σκόπει
1448 495 1541 549 τοῦ
1570 497 1819 568 πράγμα-

1927 502 2081 558 dibus
2123 512 2234 559 tres
2277 508 2455 564 aetatis
2498 523 2562 565 ac
2609 509 2736 563 vitae
2781 507 3182 564 vicissitudines
3215 522 3278 563 ac
3315 519 3492 562 muta-

249 605 340 648 τος
387 587 485 658 τὴν
537 584 813 656 ἀλήθειαν.
868 585 954 636 Ἐν
1008 586 1154 658 τρισί
1206 584 1313 654 γὰρ
1348 587 1635 658 ἑϐδομάσιν
1686 587 1821 640 ἐτῶν

251 679 400 748 τρεῖς
431 676 754 749 ὑφίστασθαι
783 675 1023 742 πέφυκεν
1052 675 1361 739 ἀλλοιώσεις
1393 679 1486 730 καὶ
1520 678 1820 749 μεταϐολὰς

248 765 474 837 ήλικιῶν
513 769 606 820 καὶ
657 764 784 834 βίων
839 767 868 818 ὁ
909 767 1226 839 ἄνθρωπος,
1277 768 1370 818 καὶ
1425 768 1544 819 καθ’
1586 770 1821 839 ἑκάστην

248 860 516 930 ἑϐδομάδα
551 857 680 919 ἴδιος
707 858 830 929 ὄρος
863 858 1214 930 περιγράφων
1243 856 1310 910 τὰ
1335 858 1691 928 παρελθόντα,
1727 862 1820 915 καὶ

249 947 455 1018 ἐναργῆ
481 945 729 1016 παρέχων
752 947 850 1018 τὴν
878 945 1249 1016 μεταποίησιν.
1279 945 1385 998 Τοῦ
1414 947 1626 1000 παιδίου
1650 952 1682 1018 ἡ
1707 950 1819 1019 ἠλι-

248 1041 343 1094 κία
375 1040 432 1088 ὲν
463 1040 527 1108 τῇ
555 1038 660 1090 τῶν
691 1038 914 1090 ὀδόντων
943 1035 1174 1106 ἀποϐολῇ
1210 1036 1319 1106 (56)
1366 1036 1506 1093 κατὰ
1550 1037 1646 1105 τὴν
1672 1040 1820 1109 πρώ-

245 1145 349 1196 την
382 1126 651 1198 ἑϐδομάδα
701 1122 1087 1195 περιορίζεται.
1134 1126 1238 1178 Τοῦ
1277 1126 1464 1189 παιδὸς
1495 1126 1678 1178 λοιπὸν
1723 1128 1818 1179 τοῦ

248 1220 389 1292 πρὸς
440 1219 537 1280 τὰς
593 1215 854 1287 μαθήσεις
909 1215 1209 1287 ἐπιτηδείου
1264 1215 1296 1284 ἡ
1353 1216 1658 1286 προθεσμία
1707 1217 1821 1270 ἐστὶ

251 1313 418 1382 μέχρι
460 1309 560 1377 τῆς
591 1307 866 1379 ἐφηϐείας.
915 1308 973 1360 Ὀ
1002 1308 1232 1379 ἔφηϐος,
1279 1306 1440 1378 μέχρι
1471 1309 1686 1380 πρώτου
1727 1310 1821 1362 καὶ

247 1399 496 1454 εἰκοστοῦ
529 1400 679 1464 ἔτους
706 1400 1122 1471 συμπληρωθεὶς
1149 1438 1166 1461 ,
1199 1400 1324 1451 ὅταν
1373 1401 1564 1465 ἰούλοις
1591 1401 1820 1471 ἄρξηται

248 1494 633 1558 κατασκιὰζειν
685 1493 785 1554 τὰς
831 1491 1096 1560 παρειὰς,
1133 1490 1450 1558 ἀφανίζεται
1495 1494 1817 1564 λεληθότως,

249 1585 389 1656 πρὸς
419 1586 509 1638 τὸν
554 1585 720 1652 ἄνδρα
771 1583 872 1652 ήδη
923 1582 1015 1634 τοῦ
1069 1583 1349 1637 νεανίσκου
1403 1585 1816 1656 μεθισταμένου.

248 1677 420 1732 Ὅταν
451 1677 627 1729 τοίνυν
664 1674 779 1744 ἴδῃς
809 1674 974 1745 ἄνδρα
1001 1675 1335 1744 ἀποθέμενον
1381 1677 1477 1745 μὲν
1516 1677 1611 1746 τὴν
1643 1677 1822 1730 ἐπίδο-

249 1787 338 1822 σιν
369 1770 467 1837 τῆς
497 1766 617 1820 καθ’
641 1767 853 1837 ἠλικίαν
876 1768 1177 1837 αὐξήσεως,
1208 1765 1475 1837 βεϐηκότα
1500 1768 1556 1820 δὲ
1585 1769 1682 1839 ήδη
1709 1771 1821 1831 τοῖς

1925 596 2096 652 tiones
2151 598 2434 661 sustineat,
2477 617 2649 670 eoque
2700 615 2793 669 per
2846 599 3087 670 singulas
3131 601 3493 654 liedeniadcs

1923 691 2186 744 terminus
2223 692 2472 761 pr0prius
2517 695 2789 760 praeterita
2832 692 3252 755 circumscribit,
3281 702 3335 745 et
3374 707 3490 744 ma-

1922 778 2172 833 nifestam
2207 785 2425 838 exhibet
2467 789 2935 853 permutationem.
2978 783 3324 838 Terminatur
3356 782 3490 836 dcu-

1922 871 2114 924 titionc
2141 880 2272 926 aetas
2298 875 2446 942 pueri
2478 875 2623 928 circa
2655 879 2882 944 primam
2909 875 3326 930 hebdomadem.
3354 869 3493 928 Ριω-

1920 961 2129 1015 linitum
2184 971 2392 1030 tempus
2441 966 2593 1030 pueri
2627 967 2715 1035 qui
2754 967 2863 1034 jam
2903 969 2968 1021 ad
3009 963 3325 1034 disciplinas
3370 966 3488 1018 ldo-

1921 1069 2053 1108 ncus
2101 1065 2204 1120 est,
2239 1053 2303 1107 ad
2352 1056 2688 1123 pubertatem
2737 1073 2904 1125 usque
2947 1058 3277 1114 extenditur.
3310 1057 3487 1111 Pubes

1920 1160 2060 1197 anno
2091 1144 2350 1198 vicesimo
2382 1147 2554 1213 primo
2581 1148 2899 1216 completus,
2935 1162 3051 1200 cum
3081 1148 3287 1203 scilicet
3314 1147 3487 1216 prima

1921 1244 2171 1312 lanugine
2213 1259 2378 1315 genas
2430 1242 2628 1297 vestire
2683 1252 2735 1295 et
2786 1241 3106 1294 adumbrare
3165 1239 3488 1310 inemperit,

1920 1336 2119 1390 sensim
2150 1337 2363 1403 desinit,
2395 1334 2734 1389 adolescente
2760 1334 2870 1404 jam
2907 1335 2958 1388 in
2994 1335 3168 1386 virum
3202 1345 3487 1390 transeun-

1921 1435 1993 1479 te.
2030 1424 2161 1479 Cum
2200 1424 2358 1492 igitur
2394 1424 2594 1479 videris
2637 1424 2809 1477 virum
2838 1425 2927 1493 qui
2964 1439 3060 1493 per
3102 1431 3313 1478 aetatem
3362 1443 3483 1480 cre-

1918 1531 2072 1572 scere
2105 1525 2158 1572 et
2195 1519 2376 1585 augeri
2418 1517 2702 1580 destiterit,
2731 1516 2952 1586 jamque
2995 1516 3147 1569 ﬁrma
3197 1515 3269 1568 sit
3313 1519 3481 1569 ratio-

1919 1605 2214 1671 cinatione,
2249 1621 2349 1659 nec
2394 1607 2557 1660 ullum
2608 1605 2910 1673 juventutis
2957 1605 3240 1673 vestigium
3280 1621 3388 1674 prae
3428 1621 3486 1659 se

1919 1699 2078 1759 lerat,
2109 1711 2177 1749 an
2219 1711 2324 1750 non
2364 1711 2426 1749 ea
2467 1711 2584 1764 quae
2615 1697 2881 1763 prasterita
2915 1704 3060 1758 sunt,
3105 1696 3156 1748 in
3193 1697 3309 1765 ipso
3339 1710 3486 1749 mor-

1924 1799 2009 1844 tua
2055 1803 2177 1845 esse
2226 1788 2602 1843 existimabis?
2634 1788 2808 1842 Senex
2855 1802 3044 1843 rursus
3078 1789 3131 1842 in
3172 1789 3328 1841 aliam
3379 1787 3488 1842 for-

245 1863 548 1932 λογισμοῖς.
595 1862 688 1913 καὶ
732 1860 894 1930 μηδὲν
943 1861 1086 1929 ἴχνος
1122 1859 1220 1930 τῆς
1270 1859 1517 1930 νεότητος
1561 1859 1816 1930 φέροντα,

1923 1894 2062 1932 mam
2103 1887 2157 1933 et
2198 1878 2250 1932 in
2284 1877 2444 1931 alium
2489 1878 2654 1932 animi
2693 1879 2938 1934 allectum
2969 1893 3284 1944 conversus,
3317 1879 3490 1933 mani-

245 1958 371 2027 οὐχὶ
417 1955 732 2026 τεθνηκέναι
788 1957 845 2010 ὲν
892 1954 1038 2025 αὑτῷ
1095 1955 1284 2030 λογίσῃ
1330 1956 1396 2009 τὰ
1445 1956 1816 2028 παρελθόντα;

247 2049 418 2102 Πάλιν
451 2052 478 2103 ὁ
516 2048 858 2122 πρεσϐύτης,
909 2049 1046 2121 πρὸς
1092 2049 1276 2117 ἕτερον
1311 2050 1494 2118 σχῆμα
1528 2049 1619 2100 καὶ
1642 2047 1821 2116 ψυχῆς

245 2143 484 2198 διάθεσιν
519 2142 932 2214 μεθαρμοσθείς,
981 2140 1163 2209 ἕτερός
1198 2142 1310 2191 ἐστι
1348 2139 1625 2209 προδήλως
1671 2138 1820 2208 παρά

247 2235 377 2297 τοὺς
406 2235 720 2305 προτέρους.
763 2234 925 2284 Ὥστε
955 2230 1044 2283 καὶ
1069 2232 1101 2300 ἡ
1133 2230 1244 2300 ζωὴ
1272 2229 1379 2284 τῶν
1407 2229 1706 2302 ἀνθρώπων
1735 2230 1821 2285 διὰ

249 2325 460 2378 πολλῶν
491 2308 731 2377 θανάτων
769 2322 1211 2393 συμπληροῦσθαι
1259 2323 1517 2393 πέφυκεν,
1561 2325 1621 2376 οὐ
1663 2325 1820 2393 μόνον

250 2419 311 2469 ὲν
355 2419 420 2486 τῇ
453 2415 590 2468 κατά
615 2415 711 2479 τὰς
746 2413 1154 2486 μεθηλικιώσεις
1210 2414 1511 2484 μεταϐολῇ,
1562 2413 1697 2466 ἀλλὰ
1727 2413 1822 2466 καὶ

248 2510 308 2561 ὲν
349 2510 460 2571 τοῖς
509 2506 628 2560 καθ’
673 2504 942 2579 ἁμαρτίαν
972 2505 1224 2576 πτώμασι
1266 2506 1372 2558 τῶν
1413 2503 1616 2574 ψυχῶν.
1649 2504 1819 2557 Ὅπου

246 2602 308 2655 δὲ
356 2602 455 2654 οὐκ
512 2601 653 2653 ἔστιν
704 2599 984 2663 ἀλλοίωσις
1028 2598 1147 2654 οὔτε
1182 2597 1428 2667 σώματος
1476 2595 1598 2650 οὔτε
1643 2596 1823 2669 ψυχῆς

251 2691 394 2759 (οὐδὲ
419 2693 524 2761 γάρ
559 2693 671 2743 ἐστι
705 2691 960 2760 λογισμοῦ
989 2689 1346 2761 παρατροπὴ,
1382 2691 1501 2742 οὐδὲ
1538 2691 1822 2760 μετάθεσις

247 2779 493 2850 γνώμης,
524 2781 774 2850 οὐδεμιᾶς
814 2780 1177 2851 περιστάσεως
1203 2779 1262 2832 τὸ
1294 2780 1549 2843 εὐσταθὲς
1577 2782 1668 2834 καὶ
1699 2782 1825 2834 ἀτά-

252 2890 417 2944 ραχον
449 2871 554 2925 τῶν
583 2873 855 2944 λογισμων
885 2872 1332 2943 ἀφαιρουμένης),
1365 2871 1514 2943 χώρα
1539 2875 1685 2926 ἐστὶν
1712 2872 1821 2946 (57)

247 2967 432 3038 ἐκείνη
474 2966 550 3037 τῷ
589 2967 700 3020 εντι
755 2964 1000 3032 ζώντων,
1051 2965 1252 3036 ὁμοίων
1292 2965 1457 3020 ὄντων
1511 2967 1599 3021 ἀεὶ
1645 2969 1822 3022 αὐτῶν

248 3062 476 3123 ἑαυτοῖς.
535 3061 618 3112 Ἑν
737 3060 967 3131 μάλιστα
1014 3059 1395 3130 εὐαρεστήσειν
1445 3060 1522 3130 τῷ
1551 3059 1669 3132 Θεῷ
1711 3061 1821 3114 τῶν

247 3151 384 3204 ὅλων
430 3152 458 3202 ὁ
501 3153 782 3222 Προφήτης
826 3150 1338 3217 κατεπαγγέλλεται,
1378 3152 1453 3213 ὡς
1497 3153 1587 3203 ὑπ’
1614 3153 1823 3217 οὐδενὸς

252 3241 459 3312 μέλλων
489 3242 596 3298 τῶν
620 3242 812 3305 ἔξωθεν
828 3240 1205 3294 διακόπτεσθαι
1237 3241 1370 3313 πρὸς
1395 3240 1483 3294 τὸν
1503 3241 1700 3295 σκοπὸν
1726 3243 1824 3312 τῆς

249 3331 508 3404 ἀληθινῆς
533 3333 624 3394 καὶ
653 3331 913 3403 ὁμοτίμου
946 3335 1054 3395 τοῖς
1081 3331 1330 3401 ἀγγέλοις
1357 3332 1621 3396 δουλείας.
1650 3336 1822 3386 Φιλο-

249 3427 584 3494 τιμούμεθα,
613 3425 795 3496 φησὶν,
820 3425 937 3478 εἴτε
957 3424 1353 3493 ἐνδημοῦντες
1389 3425 1446 3476 ὲν
1482 3424 1559 3493 τῷ
1592 3424 1823 3494 σώματι,

249 3518 370 3572 εἴτε
418 3517 814 3586 ἐκδημοῦντες
859 3517 966 3569 ἀπὸ
1018 3515 1109 3566 τοῦ
1164 3513 1448 3583 σώματος,
1515 3513 1824 3582 εὐάρεστοι

250 3610 411 3675 αὐτῷ
441 3608 610 3668 εἶναι.
655 3609 876 3663 Ζώντων
903 3607 1078 3679 ἐκείνη
1118 3608 1286 3678 χώρα,
1319 3609 1374 3661 ὲν
1462 3607 1560 3660 οὐκ
1592 3606 1668 3659 ἔνι
1704 3605 1818 3671 νὺξ,

250 3703 350 3754 οὐκ
377 3701 453 3753 Evt
482 3702 645 3763 ’ὑπνος
669 3700 728 3752 τὺ
760 3699 850 3752 τοῦ
875 3698 1098 3752 θανάτου
1137 3682 1357 3769 μίμημα
1384 3717 1396 3729 ’
1450 3699 1506 3751 ὲν
1607 3698 1704 3751 οὐκ
1741 3697 1818 3751 ἔνι

254 3791 476 3862 βρῶσις,
506 3793 604 3843 οὐκ
632 3790 708 3842 ἔνι
741 3791 916 3853 πόσις,
961 3790 1028 3842 τὰ
1051 3790 1146 3858 τῆς
1189 3789 1468 3852 ἀσθενείας
1517 3790 1671 3859 ἡμῶν
1719 3789 1820 3841 ὑπ-

252 3884 570 3954 ερείσματα,
600 3885 697 3954 ουκ
718 3881 793 3934 ένι
826 3883 997 3944 νόσος,
1023 3880 1120 3932 οὐκ
1146 3879 1221 3931 ἔνι
1239 3879 1528 3951 ἀλγήματα
1558 3879 1689 3946 ('58),
1710 3879 1818 3954 Δοὐκ

257 3975 487 4047 ἰατρεία,
522 3974 579 4026 οὐ
609 3953 950 4041 δίκαστήρια,
994 3971 1093 4023 οὐκ
1124 3971 1401 4042 ἐμπορίαι,
1436 3972 1496 4024 οὐ
1526 3950 1728 4041 τέχναι,
1756 3969 1816 4023 οὐ

253 4070 527 4140 χρήματα,
576 4065 682 4119 τῶν
714 4065 898 4119 κακῶν
927 4065 960 4136 ἡ
1006 4063 1164 4136 ἀρχὴ,
1195 4067 1228 4134 ἡ
1263 4063 1372 4117 τῶν
1406 4063 1652 4135 πολέμων
1687 4065 1818 4117 ὑπό-

1919 1966 2054 2023 feste
2085 1971 2223 2025 alius
2250 1978 2352 2037 est,
2387 1969 2429 2023 si
2457 1984 2580 2023 cum
2615 1970 2887 2037 prioribus
2919 1979 3282 2040 comparetur.
3309 1969 3488 2037 Quare

1920 2058 2028 2112 vita
2071 2059 2349 2114 hominum
2394 2075 2500 2116 non
2540 2060 2712 2114 solum
2755 2075 2876 2113 cum
2928 2069 3058 2114 tetas
3091 2070 3349 2128 mutatur,
3389 2060 3486 2116 sed

1919 2149 2081 2205 etiam
2108 2165 2230 2206 cum
2267 2153 2461 2206 animae
2497 2151 2550 2206 in
2592 2163 2872 2220 peceatum
2923 2151 3196 2214 labuntur,
3231 2166 3325 2218 per
3351 2151 3488 2204 mul-

1921 2252 2004 2299 tas
2048 2253 2250 2299 mortes
2297 2255 2484 2313 suapte
2537 2254 2729 2299 natura
2761 2242 3029 2312 expletur.
3079 2240 3178 2296 Ubi
3210 2255 3339 2295 vero
3381 2255 3486 2294 non

1919 2341 2001 2386 est
2031 2335 2382 2387 commutatio
2417 2349 2592 2401 neque
2639 2333 2885 2404 corporis
2931 2346 3106 2400 neque
3146 2329 3338 2384 animae
3366 2328 3487 2402 (ne-

1920 2439 2026 2489 que
2046 2423 2190 2476 enim
2217 2433 2297 2478 est
2326 2424 2550 2478 rationis
2579 2426 2814 2489 eversio,
2841 2434 2934 2478 aut
2960 2423 3242 2479 sententiae
3272 2437 3488 2490 permu-

1923 2516 2076 2583 tatio,
2115 2517 2160 2570 si
2207 2517 2505 2571 adversitas
2556 2515 2698 2569 nulla
2752 2515 2950 2570 mentis
2997 2514 3362 2570 constantiam
3422 2526 3487 2566 ae

1923 2611 2368 2682 tranquillitatem
2404 2609 2622 2678 aufert),
2659 2608 2746 2663 illa
2779 2617 2862 2664 est
2905 2622 3030 2664 vere
3073 2606 3366 2662 viventium
3399 2618 3486 2659 re-

1921 2706 2030 2775 gio,
2067 2705 2264 2775 quippe
2312 2704 2402 2774 qui
2441 2704 2542 2759 sibi
2593 2702 2725 2771 ipsis
2756 2716 2968 2770 semper
3003 2701 3112 2757 sint
3153 2697 3482 2755 consimiles.

1921 2794 1977 2848 In
2029 2809 2135 2862 qua
2181 2795 2552 2848 universorum
2602 2793 2712 2846 Deo
2756 2792 2990 2846 maxime
3036 2791 3482 2861 complaciturum

1923 2883 2085 2955 205.
2123 2898 2182 2937 se
2220 2883 2500 2951 pollicetur
2547 2881 2837 2951 Propheta,
2867 2895 2988 2935 eum
3036 2880 3170 2934 nihil
3201 2889 3484 2934 externum

1925 2975 2302 3046 impediturum
2335 2975 2426 3038 sit,
2451 2974 2738 3043 quominus
2768 2987 2987 3042 sc0pum
3016 2985 3155 3026 veras
3185 2979 3239 3023 et
3266 2969 3486 3038 aequalis

1923 3083 2041 3122 eum
2093 3065 2299 3135 angelis
2345 3064 2622 3119 servitutis
2678 3072 3002 3130 asscquatur
3037 3078 3050 3114 :
3087 3059 3480 3121 Contendimus,

1925 3155 2117 3226 inquit,
2151 3155 2256 3208 sive
2309 3163 2582 3222 presentes
2638 3153 2691 3206 in
2743 3166 2989 3222 corpore,
3023 3149 3127 3203 sive
3175 3163 3206 3202 a
3257 3162 3485 3217 corpore

1925 3247 2326 3313 peregrinantes,
2351 3245 2553 3311 placere
2579 3244 2655 3296 illi
2681 3242 3058 3298 “.Viventium
3089 3241 3175 3294 illa
3205 3250 3286 3295 est
3313 3239 3482 3309 regio,

1927 3337 1980 3390 in
2009 3350 2113 3405 qua
2143 3351 2246 3392 non
2273 3345 2355 3390 est
2387 3351 2510 3401 nox,
2543 3352 2648 3388 non
2688 3345 2772 3388 est
2798 3349 3016 3390 somnus
3046 3332 3236 3386 mortis
3268 3331 3442 3400 imago
3467 3347 3481 3382 :

1925 3427 1980 3481 in
2011 3441 2115 3496 qua
2155 3442 2258 3481 non
2300 3435 2383 3481 est
2427 3428 2600 3492 cibus,
2635 3442 2738 3482 non
2790 3437 2870 3483 est
2916 3435 3103 3495 potus,
3155 3422 3484 3478 inﬁrmitatis

1925 3529 2122 3574 nostra:
2166 3517 2498 3587 lulcimenta,
2531 3535 2632 3574 non
2681 3528 2765 3575 est
2810 3519 3049 3582 morbus,
3080 3531 3183 3570 non
3230 3524 3353 3570 sunt
3387 3518 3482 3568 do-

1922 3611 2086 3676 lores,
2117 3627 2220 3666 non
2252 3613 2540 3674 medicina,
2569 3627 2672 3664 non
2701 3610 2840 3673 lora,
2873 3625 2975 3663 non
3007 3617 3342 3672 mercaturae,
3375 3622 3480 3661 non

1924 3715 2091 3772 artes,
2116 3721 2218 3760 non
2244 3705 2508 3774 pecuniae,
2528 3703 2788 3757 malorum
2819 3702 3268 3771 origo,bellorum
3298 3714 3477 3763 causa,

1925 3795 2220 3850 inimicitias
2269 3795 2422 3849 radix
2471 3812 2484 3848 :
2532 3794 2625 3849 sed
2681 3803 2759 3848 est
2806 3795 2954 3863 regio
3006 3793 3328 3855 viventium,
3378 3806 3479 3844 non

1928 3886 2272 3940 morientium
2302 3901 2398 3955 per
2428 3896 2727 3954 peccatum,
2754 3886 2845 3939 sed
2889 3900 3069 3939 veram
3101 3884 3264 3936 vitam
3297 3883 3477 3935 viven-

1927 3974 2056 4028 tium
2104 3975 2156 4030 in
2200 3975 2416 4032 Christo
2455 3975 2600 4041 Jesu,
2648 3977 2732 4031 cui
2786 3976 2952 4049 gloria
3002 3986 3055 4029 et
3107 3973 3386 4044 imperium
3427 3973 3479 4023 in

1923 4067 2116 4122 saecula
2149 4069 2484 4124 saeculorum.
2526 4071 2716 4125 Amen.

256 4161 422 4224 θετις,
456 4165 488 4232 ή
519 4162 640 4230 ῥίζα
682 4163 777 4232 τῆς
821 4160 1037 4233 ἔχθραςο
1073 4160 1207 4212 ἀλλά
1248 4159 1400 4231 χώρα
1447 4161 1681 4225 ζώντων,
1721 4163 1820 4214 οὐκ
1857 4163 2305 4233 ἀποθνησκόντων
2333 4165 2419 4218 διὰ
2453 4165 2552 4236 τῆς
2601 4166 2888 4238 ἁμαρτίας,
2923 4164 3056 4217 ἀλλά
3115 4161 3326 4229 ζώντων
3379 4161 3474 4231 τὴν

1271 4255 1296 4265 η

256 4257 428 4327 ἀληθῆ
463 4255 601 4326 ζωὴν
635 4256 730 4327 τὴν
774 4258 828 4308 ὲν
863 4253 1081 4326 Χριστῷ
1125 4255 1297 4326 Ἰησοῦ
1344 4255 1452 4326 (39)
1475 4296 1489 4321 ,
1631 4258 1664 4327 ή
1703 4255 1826 4325 δόξα
1869 4275 1964 4310 και
1989 4258 2049 4310 τὸ
2073 4257 2270 4330 κράτος
2297 4260 2376 4323 εἰς
2403 4259 2528 4324 τοὺς
2552 4261 2750 4325 αἰῶνας
2771 4260 2879 4315 τῶν
2909 4261 3135 4317 αἰώνων.
3180 4257 3367 4328 Ἀμήν.

329 4484 372 4514 δι
410 4481 448 4535 ll
477 4482 598 4537 Cor.
631 4498 682 4546 v,
720 4484 771 4538 9.

259 4667 361 4720 de:
403 4665 542 4718 idem
573 4667 628 4716 ὲν
656 4681 730 4732 τῳ
752 4663 939 4734 κόσμῳ
979 4663 1195 4728 ζῶντες.
1228 4665 1349 4720 "me
1375 4666 1586 4720 aliunde
1607 4675 1814 4734 sumpta

1922 4666 2200 4730 Basilium,
2230 4666 2274 4719 si
2307 4664 2432 4719 talia
2465 4666 2530 4719 de
2554 4663 2734 4731 pueris
2770 4675 2996 4734 narrare
3018 4660 3316 4734 statuisset,
3342 4676 3475 4732 προ-

260 4752 403 4798 esse,
430 4749 529 4857 gelo
560 4736 622 4786 ad
654 4735 903 4787 tiasilium
938 4736 1206 4803 pertinere
1237 4746 1384 4806 patet
1409 4753 1473 4790 ex
1502 4735 1821 4792 Prmlatione

263 4821 411 4857 num.
517 4842 530 4856 .

263 4821 411 4857 Ilum.
441 4821 530 4857 Ol.

328 4876 440 4941 (55)
465 4873 597 4941 Reg.
627 4873 819 4925 tertius
851 4874 1074 4942 φανήτω
1097 4889 1178 4925 σοι
1215 4874 1296 4926 τό.

334 4945 444 5013 (56)
479 4942 633 5007 Illud,
666 4943 892 4996 ὀδόντων
916 4942 1178 5012 ἀποϐολῇ,
1217 4947 1296 4998 sic
1329 4945 1558 5000 reddidit
1586 4946 1823 5000 Tllman.

263 5032 386 5076 nus,
413 5014 641 5084 dentium
704 5013 992 5081 abjectione
1022 5028 1040 5063 :
1068 5016 1164 5084 sed
1203 5015 1328 5084 quid
1381 5017 1482 5068 hac
1513 5031 1642 5071 voce
1677 5016 1825 5082 abje-

265 5088 435 5138 ctione
467 5082 818 5154 intellexerit,
843 5097 928 5154 ex,
963 5096 1050 5145 eo,
1092 5083 1134 5136 si
1171 5082 1396 5150 viveret,
1427 5085 1654 5139 libenter
1677 5101 1822 5154 quae-

266 5169 462 5224 rerem.
498 5151 703 5224 Etenim
749 5152 1105 5224 amissionem
1141 5161 1205 5224 et
1261 5155 1546 5221 iacturam,
1582 5151 1707 5224 qusi
1741 5166 1824 5210 est

268 5223 480 5292 propria
507 5230 562 5274 et
588 5223 763 5293 nativa
789 5223 935 5275 vocis
966 5221 1204 5293 ἀποϐολή
1245 5221 1610 5293 εἱςηίἰίροιίο,’
1629 5225 1672 5278 si
1726 5241 1818 5278 ex-

266 5290 502 5365 primere
532 5290 720 5365 voluit,
751 5306 942 5365 sopore
961 5292 1116 5365 gravi
1141 5290 1417 5365 correptus
1437 5294 1600 5348 fuisse
1628 5303 1815 5365 putan-

267 5358 364 5416 Ilus
398 5371 501 5423 est,
525 5358 569 5413 si
604 5374 668 5413 ex
692 5358 1004 5414 suis’verbis
1029 5358 1346 5415 sententiam
1376 5358 1656 5417 absurdam
1678 5363 1811 5417 elliei

268 5448 372 5485 non
423 5429 820 5484 animadvertit.
853 5431 1142 5484 Cornarius
1175 5445 1320 5496 vero,
1359 5443 1412 5486 ut
1461 5437 1561 5487 hoc
1607 5434 1811 5487 incom-

269 5501 412 5555 modi
467 5503 680 5557 vitaret.
722 5499 1060 5566 interpretari
1118 5501 1324 5563 maluit,
1361 5504 1590 5555 dentium
1644 5505 1808 5568 iactu,

275 5574 388 5624 hoc-
411 5578 512 5634 est,
551 5569 778 5621 dentium
807 5580 946 5631 ortu,
971 5571 1277 5623 dentitione.
1313 5572 1513 5636 Quibus
1536 5589 1603 5625 ex.
1635 5575 1811 5626 verbis

283 5638 672 5710 tptamquidem
699 5639 1020 5710 sententiain
1044 5638 1200 5710 elliei,
1225 5643 1624 5710 nemo,opinor,
1653 5643 1810 5696 homo

284 5709 486 5776 iugabit
524 5707 1018 5782 :Ase_d,-nis.i__valde
1059 5708 1232 5782 fallor,
1274 5711 1378 5782 vim
1408 5707 1546 5765 vocis
1575 5712 1810 5782 ἀποϐολῇ

273 5794 380 5832 non
412 5777 664 5846 exprimi,
691 5776 944 5833 facillime
973 5792 1158 5834 omnes
1198 5778 1525 5836 fatebuntur.
1556 5782 1689 5837 Puto
1715 5776 1814 5841 esui

1924 4737 2051 4806 ϐολῇ
2084 4752 2184 4790 non
2219 4736 2456 4806 ἀποϐολῇ
2486 4735 2810 4803 scripturum
2845 4732 3028 4806 fuisse.
3061 4731 3191 4806 sed,
3213 4743 3268 4785 ut
3293 4731 3476 4784 verum

1925 4801 2125 4867 dicam,
2151 4807 2263 4859 hare
2289 4815 2343 4857 et
2372 4801 2478 4859 alia
2522 4801 2626 4856 non
2664 4819 2832 4872 pauca
2860 4801 3147 4856 Basilianis
3176 4802 3354 4869 inepte
3383 4817 3476 4851 an-

1926 4891 2062 4930 nexa
2115 4890 2234 4929 esse
2289 4877 2555 4942 suspicor.
2586 4873 2724 4943 Lege
2775 4873 3265 4943 Prmfationem.—
3305 4872 3476 4924 Stabit

1925 4957 2070 5000 certe
2100 4944 2259 5014 hujus
2282 4944 2380 5014 loei
2422 4942 2708 5007 αὑθεντίοι,
2738 4945 2840 4998 nisi
2887 4942 3130 4996 validiori
3164 4949 3478 5014 argumento

1925 5011 2288 5083 impugne'tur.
2323 5013 2454 5069 Mire
2488 5016 2629 5067 enim
2677 5015 2729 5067 in
2790 5015 3025 5066 auctoris
3057 5011 3225 5065 nostri
3258 5018 3476 5083 senten-

1928 5081 2056 5138 tiain
2085 5081 2314 5156 quadrat
2342 5098 2440 5137 vox
2475 5084 2731 5156 ἀποϐολή,
2771 5083 3033 5156 siquidem
3073 5093 3261 5134 revera
3302 5081 3479 5131 terrui-

1923 5167 2083 5206 natur
2106 5155 2320 5223 puerilis
2351 5164 2477 5207 (etas
2502 5153 2833 5222 (primorum)
2877 5153 3107 5223 dentium
3137 5164 3479 5214 ABJEC'I’IONE,

1921 5226 2058 5276 circa
2086 5220 2306 5291 primum
2346 5220 2741 5277 hebdoiitadem.
2779 5223 2934 5276 Εωτ.
2967 5220 3202 5291 ΡΑτνιιοι.

1991 5295 2100 5358 (57)
2132 5294 2201 5346 Ita
2233 5303 2353 5346 octo
2380 5309 2508 5348 mss.
2547 5297 2615 5345 At
2643 5293 2771 5346 editi
2802 5291 2955 5362 χώρα
2983 5290 3128 5343 ἐστὶν
3160 5292 3287 5343 ἐκεῖ.

1992 5363 2103 5430 (58)
2127 5363 2273 5434 ΔΩιὶν.
2309 5362 2550 5434 ἄλγημα.
2583 5363 2723 5415 Editi
2767 5359 2899 5434 cum'
2925 5362 3107 5414 multis
3122 5376 3274 5434 _tttss.
3306 5359 3478 5434 ἀλγή-

1923 5450 2087 5517 ματα.
2120 5432 2309 5487 Statim
2356 5430 2504 5488 Coll).
2541 5441 2726 5487 sextus
2778 5433 3066 5502 ὲμπορεῐα.
3113 5430 3252 5486 Oliv.
3304 5431 3476 5500 ὲμπου

1959 5519 2030 5555 ια.

1922 5521 2101 5652 ἱῗξίθ)
2133 5569 2280 5652 _(_)_liv.
2333 5583 2383 5626 et
2419 5572 2520 5652 _alii
2577 5580 2684 5626 tres
2733 5586 2863 5652 mss.
2927 5567 3236 5652 'I'QQ’O‘SHTQ)
3293 5567 3480 5652 Κμρίῳ

1919 5637 2095 5712 ἡμῶνζ
2133 5641 2261 5695 Illud
2292 5643 2432 5710 quod
2467 5659 2589 5696 mox
2635 5644 2901 5712 sequitur,
2937 5637 3044 5692 τῶν
3069 5637 3305 5712 αἰώνων,
3329 5637 3476 5712 deest

1920 5709 2133 5779 quidem
2171 5715 2223 5765 in
2250 5709 2406 5767 editis
2440 5713 2562 5766 etin
2590 5726 2694 5765 uno
2725 5721 2817 5766 aut
2840 5710 3009 5767 altero
3039 5709 3222 5764 codice
3256 5725 3270 5760 :
3305 5709 3397 5762 sed
3427 5710 3478 5760 in

1922 5782 2106 5838 multis
2135 5782 2252 5837 aliis
2281 5797 2411 5839 mss.
2434 5781 2717 5841 reperitur.
