4026 6458
542 363 649 415 495
1885 357 1943 414 S.
1983 354 2227 411 BASlLll
2257 352 2470 412 MAGNI
3675 355 3775 408 496

549 518 586 531 ρ

551 515 3760 549 2W

1853 693 2475 788 MONITUM.

2122 876 2195 890 ﬁ

609 1006 770 1078 205
811 1008 865 1063 1.
908 1006 1088 1063 Basilii
1134 1007 1188 1061 in
1225 1006 1545 1066 Eunomiam
1592 1007 1761 1064 libros
1802 1009 2107 1079 antiquitus
2136 1008 2519 1066 celeberrimos
2554 1010 2739 1073 fuisse,
2773 1012 2999 1079 nemini,
3031 1014 3121 1083 qui
3155 1016 3370 1084 paulum
3410 1019 3570 1074 modo
3599 1033 3782 1074 versa-

540 1115 627 1161 ms
662 1107 735 1161 εει
769 1108 822 1161 in
857 1107 958 1161 hoc
992 1105 1295 1160 liuet-arum
1327 1114 1548 1171 gcncre,
1579 1100 1820 1169 ignotum
1854 1109 1959 1153 est.
1989 1098 2199 1153 Passim
2235 1100 2379 1153 enim
2418 1101 2724 1165 laudantur,
2749 1102 2948 1170 passim
2976 1108 3421 1160 commendantur
3461 1112 3602 1175 apud
3646 1113 3785 1166 anti—

534 1211 692 1265 quos.
739 1195 944 1252 Horum
1006 1196 1253 1251 meminit
1301 1192 1661 1263 Hieronymus
1705 1188 1841 1259 (l0).
1894 1189 2307 1255 Amphilochius
2344 1191 2484 1262 (Η),
2532 1192 2900 1247 Theodoretus
2952 1195 3085 1265 (42),
3145 1197 3431 1252 concilium
3486 1199 3784 1258 Chalcedo-

533 1304 705 1346 nense
733 1290 870 1363 (45),
902 1291 1158 1347 Leontius
1204 1287 1531 1358 Byzantinus
1566 1282 1702 1357 (44),
1741 1285 2035 1351 imperator
2087 1282 2424 1340 Justinianus
2462 1287 2600 1358 (45),
2642 1285 2955 1356 Ephraemus
2993 1289 3373 1345 Antiochensis
3418 1291 3554 1362 (46),
3593 1306 3647 1349 et
3692 1296 3781 1349 alii

534 1384 716 1451 nudti,
744 1400 879 1456 quos
914 1386 1132 1453 longum
1167 1388 1314 1434 esset
1344 1390 1627 1435 recensere
1660 1390 1868 1431 omnes.
1902 1374 2014 1429 lmo
2048 1377 2358 1431 eorumdem
2392 1380 2720 1433 mentionem
2757 1377 2951 1433 fecisse
2985 1380 3198 1438 videtur
3225 1383 3456 1439 Basilius
3487 1385 3617 1453 ipse.
3647 1388 3779 1442 Cum

533 1479 679 1533 enim
732 1479 1044 1534 rescivisset
1069 1483 1379 1546 suspectum
1414 1486 1472 1527 se
1508 1470 1698 1525 haberi
1731 1469 2089 1542 quorumdam
2136 1486 2383 1526 errorum
2419 1472 2488 1527 ab
2517 1474 2816 1529 Athanasio
2860 1473 3169 1546 Ancyrano,
3199 1477 3280 1532 vel
3310 1476 3486 1545 potius
3526 1491 3585 1530 se
3619 1477 3687 1529 ab
3718 1494 3782 1534 eo

533 1580 721 1638 aperte
762 1572 944 1641 argui;
980 1570 1343 1637 suspicionem
1378 1568 1728 1635 immeritam,
1772 1584 1840 1623 ne
1877 1567 2050 1623 dicam
2099 1567 2446 1625 falsissimam
2493 1573 2952 1639 criminationem,
2987 1573 3144 1644 longe
3187 1577 3254 1631 ab
3304 1592 3361 1631 se
3400 1584 3663 1639 removet,
3697 1577 3782 1630 his

532 1668 712 1723 verbis
734 1684 750 1722 :
773 1669 848 1722 Οὐ
881 1668 990 1741 γὰρ
1013 1666 1076 1739 δὴ
1099 1669 1210 1730 τοῖς
1221 1665 1626 1738 γεγραμμένοις
1658 1666 1747 1734 ὑφ’
1778 1666 1810 1735 ἡ
1819 1663 1935 1732 μῶν
1964 1662 2098 1736 πρὸς
2112 1665 2237 1729 τοὺς
2255 1663 2505 1734 ἀνόμοιον
2528 1667 2648 1720 κατ’
2664 1666 2846 1719 οὐσίαν
2864 1667 3240 1738 τολμήσαντας
3255 1672 3425 1723 εἰπεῖν
3444 1670 3535 1723 τὸν
3549 1669 3678 1722 Υὶὸν
3691 1670 3784 1721 καὶ

532 1761 666 1814 Θεὸν
697 1759 774 1831 τῷ
799 1760 919 1831 Θεῷ
952 1762 1046 1815 καὶ
1073 1760 1271 1830 Πατρὶ,
1292 1757 1327 1829 ἦ
1350 1756 1487 1828 πρὸς
1518 1756 1646 1819 τοὺς
1673 1754 1881 1834 κτίᾳμα
1913 1753 2008 1807 καὶ
2037 1753 2251 1825 ποίημα
2282 1750 2424 1808 εἶναι
2455 1757 2516 1811 τὸ
2545 1756 2767 1829 Πνεῦμα
2791 1758 2851 1811 τὸ
2899 1759 3052 1829 ἅγιον
3096 1758 3614 1834 βλασφήμήςαντας,
3654 1762 3785 1815 ταύ-

531 1872 633 1924 την
658 1853 725 1907 ἂν
747 1829 1071 1922 ἐπενεγκεῖν
1232 1852 1501 1923 λοιδορίαν
1537 1829 1791 1919 ἡνέσχουξ
1826 1850 1854 1901 ὁ
1888 1848 2012 1911 τοὺς
2053 1850 2319 1920 μεγάλους
2347 1849 2539 1914 ἄθλους
2570 1854 2810 1917 ἐκείνους
2839 1855 2931 1907 καὶ
2955 1829 3476 1929 περιδοήτουςνὺξτὲρ
3508 1860 3609 1930 τῆς
3630 1857 3785 1931 ὀρθο-

530 1951 709 2017 δοξίας
733 1946 1044 2017 διενεγκών.
1086 1945 1211 2001 Non
1238 1947 1373 2002 enim
1411 1945 1472 1997 ob
1503 1959 1562 1996 ea
1592 1958 1708 2012 qua:
1737 1959 1768 1994 a
1804 1943 1951 1996 nobis
1980 1944 2175 2013 scripta
2210 1954 2328 1997 sunt
2363 1945 2610 2000 adversus
2643 1963 2731 2000 eos
2768 1950 2857 2017 qui
2891 1947 2939 2000 F
2944 1950 3088 2002 ilium
3118 1962 3167 2006 et
3204 1951 3369 2006 Deum
3398 1953 3506 2008 Deo
3541 1964 3589 2008 et
3625 1954 3779 2009 Patri

529 2052 813 2104 secundum
847 2038 1196 2104 substantiam
1234 2042 1547 2112 inthualem
1590 2040 1759 2096 dicere
1803 2043 1920 2096 ausi
1962 2052 2107 2107 sunt,
2142 2049 2234 2094 aut
2273 2042 2522 2098 adversus
2572 2060 2660 2098 eos
2689 2046 2779 2116 qui
2814 2043 3069 2113 Spiritum
3111 2057 3346 2099 sanctum
3394 2058 3691 2103 creaturam
3731 2058 3779 2103 et

531 2141 797 2208 opiﬁcium
834 2158 946 2194 esse
981 2140 1274 2206 blaspheme
1304 2153 1393 2192 ore
1427 2141 1740 2203 docuerunt,
1772 2141 2089 2191 calumniam
2140 2140 2297 2192 istam
2343 2138 2539 2208 inferre
2584 2139 2852 2206 voluisses,
2883 2152 2939 2194 tu
2969 2141 3058 2211 qui
3095 2156 3285 2210 magna
3323 2141 3417 2197 illa
3456 2160 3519 2197 ac
3553 2142 3779 2197 celebria

532 2236 820 2289 certamina
843 2252 939 2305 pro
968 2246 1111 2289 recta
1134 2236 1241 2305 fide
1266 2234 1554 2302 pertulisti.
1590 2233 1798 2297 Quibus
1830 2230 2034 2297 verbis,
2068 2241 2129 2287 ut
2160 2233 2289 2287 mihi
2323 2236 2539 2303 quidem
2571 2236 2805 2301 videtur,
2831 2234 3060 2291 Basilius
3085 2233 3196 2307 (Π)
3231 2249 3327 2293 eos
3354 2250 3489 2306 quos
3518 2236 3781 2288 adversus

531 2326 853 2379 Eunomium
888 2326 1182 2394 scripserat
1208 2326 1379 2380 libros
1410 2332 1520 2379 tam
1551 2322 1698 2379 clare
1725 2321 1992 2393 designat,
2021 2332 2080 2377 ut
2108 2323 2253 2393 ipsos
2290 2333 2498 2378 tantum
2529 2339 2635 2379 non
2669 2327 2952 2382 nominare
2982 2328 3249 2382 videatur.

598 2420 655 2476 2.
695 2422 923 2476 Causam
973 2429 1150 2475 autem
1193 2436 1290 2476 cur
1330 2420 1499 2477 libros
1541 2419 1663 2477 illos
1692 2420 2058 2489 composuerit
2089 2418 2344 2486 Basilius,
2368 2433 2490 2475 cum
2518 2433 2678 2474 nemo
2710 2420 2906 2479 melius
2950 2422 3161 2478 noverit
3195 2434 3353 2491 quam
3388 2417 3523 2486 ipse,
3559 2430 3683 2471 eum
3716 2429 3777 2470 ea

531 2518 602 2569 de
635 2529 693 2569 re
727 2514 1034 2585 loquentem
1065 2513 1254 2568 audire
1290 2522 1530 2583 praestat.
1573 2513 1748 2569 Verba
1796 2512 1965 2582 igitur
1998 2512 2139 2567 illius
2185 2512 2299 2568 haec
2342 2520 2467 2569 sunt
2510 2527 2660 2567 num.
2698 2510 2733 2564 2
2764 2529 2779 2566 :
2817 2510 2923 2566 Sed
2947 2512 3087 2583 jam,
3120 2516 3314 2583 inquit,
3342 2511 3411 2564 ad
3449 2510 3777 2576 arguentium

529 2608 803 2673 accedam,
830 2623 897 2660 ea:
937 2609 1053 2671 ipsa
1097 2606 1435 2673 inscriptione
1483 2620 1693 2657 sumens
1734 2603 2035 2658 exordium.
2072 2603 2287 2657 Primus
2339 2605 2477 2658 enim
2521 2607 2753 2658 omnium
2794 2602 2967 2668 dolus,
3004 2603 3086 2656 hic
3133 2601 3222 2653 ille
3261 2594 3664 2668 eiexcogitatus
3704 2602 3778 2646 est

531 2700 740 2751 dicendi
772 2700 978 2760 modus,
1013 2706 1069 2750 ut
1099 2698 1155 2750 in
1187 2696 1407 2767 speciem
1446 2693 1704 2763 apologia'
1748 2708 1812 2744 ac
1855 2693 2175 2761 defensionis
2218 2694 2511 2747 doctrinam
2553 2712 2706 2748 suam
2737 2693 3100 2763 composuerit,
3128 2707 3191 2745 ne
3219 2690 3355 2745 velut
3388 2701 3663 2758 aggressor
3697 2684 3777 2738 ri-

530 2794 719 2845 deatur
745 2792 991 2861 dogmata
1022 2790 1181 2858 impia
1212 2805 1491 2859 exponere,
1524 2789 1611 2841 sed
1643 2798 1853 2841 coactus
1894 2788 1963 2839 ad
2005 2787 2100 2840 hos
2132 2802 2395 2841 sermones
2435 2790 2724 2845 devenisse.
2762 2789 3012 2860 Cupiebat
3048 2785 3258 2857 quidem
3291 2782 3431 2836 omni
3470 2779 3624 2833 modo
3652 2793 3779 2846 pra-

531 2900 650 2936 vitm
678 2882 809 2936 illud
842 2899 903 2936 ac
932 2883 1154 2951 impium
1186 2882 1374 2952 dogma
1402 2878 1778 2950 promulgare;
1810 2889 1858 2932 et
1889 2895 2045 2948 quam
2094 2878 2216 2931 olim
2264 2893 2567 2942 conceperat
2609 2899 2671 2934 ac
2715 2892 2987 2951 pepererat
3023 2877 3417 2946 blasphemiam,
3451 2872 3687 2943 proferre
3723 2870 3778 2922 in

531 2976 758 3027 medium
792 2991 810 3027 :
841 2975 931 3027 sed
970 2973 1171 3026 uidebat
1203 2973 1338 3040 fore,
1370 2984 1423 3023 ut
1461 2974 1505 3024 si
1544 2983 1721 3040 aperte
1755 2971 1985 3024 doctoris
2016 2969 2185 3022 locum
2224 2969 2491 3036 arriperet,
2518 2982 2862 3041 prieterquam
2894 2973 3032 3038 quod
3060 2972 3114 3022 id
3142 2985 3297 3038 grave
3327 2968 3608 3020 admodum
3646 2972 3777 3017 esset

531 3086 596 3122 ac
625 3068 901 3124 molestum
933 3067 1289 3131 audientibus,
1312 3075 1565 3136 pra'terea
1590 3082 1645 3119 se
1676 3068 1830 3117 etiam
1873 3065 1976 3133 ﬁde
2002 3065 2275 3133 indignum
2311 3080 2375 3117 ac
2412 3077 2707 3131 suspectum
2740 3068 2879 3135 apud
2916 3066 3189 3138 plerosque
3223 3064 3481 3126 redderet,
3507 3061 3597 3131 qui
3629 3060 3777 3113 uide-

529 3172 648 3223 licet
680 3170 865 3239 gloriar
894 3170 1183 3238 cupiditate
1212 3183 1487 3237 aggressus
1522 3176 1653 3220 esset
1702 3166 1973 3221 innovare.
2010 3165 2108 3221 Sin
2147 3176 2321 3221 autem
2354 3167 2604 3223 simulata
2644 3170 2885 3241 apologia
2916 3166 3067 3224 verba
3103 3161 3317 3231 [αεετείν
3346 3166 3393 3209 εί
3427 3152 3776 3206 ίηποναίίθπίδ

528 3277 585 3314 se
612 3261 959 3329 suspicionem
1002 3277 1275 3317 evasurum
1318 3258 1561 3333 putabat,
1592 3274 1637 3318 et
1678 3263 1776 3317 hoc
1811 3274 1967 3335 pacto
2008 3265 2280 3320 auditores
2327 3267 2493 3335 magis
2549 3268 2884 3331 allecturum,
2915 3282 3030 3319 cum
3073 3261 3275 3316 soleant
3322 3251 3555 3307 homines
3598 3261 3774 3301 omne!

530 3360 716 3418 suapte
750 3363 942 3407 natura
976 3354 1232 3409 lacessitis
1256 3355 1451 3425 facere.
1492 3354 1654 3411 Plura
1686 3356 1777 3426 qui
1824 3356 1990 3422 volet,
2022 3371 2305 3411 numerum
2352 3358 2646 3411 secundum
2682 3372 2787 3427 quo
2816 3356 3046 3412 Basilius
3078 3350 3276 3407 malam
3306 3340 3558 3400 Eunomii
3598 3347 3773 3393 artem

536 3445 652 3494 tuse
678 3445 938 3513 exagitat,
971 3446 1148 3512 legere
1172 3447 1389 3513 poterit.

601 3532 654 3585 5.
696 3532 772 3586 De
801 3545 1041 3604 tempore
1071 3545 1250 3590 autem
1287 3551 1395 3605 quo
1424 3536 1497 3590 illi
1529 3536 1651 3591 libri
1682 3538 1974 3607 conscripti
2002 3538 2111 3593 sint
2137 3552 2167 3592 a
2204 3537 2422 3604 Basilio,
2456 3538 2590 3594 nihil
2625 3539 2768 3595 aliud
2798 3539 2977 3596 dicere
3006 3540 3288 3604 habemus,
3318 3535 3421 3590 nisi
3459 3530 3602 3603 quod
3637 3544 3772 3584 con-

531 3620 705 3679 lectos
732 3639 858 3681 esse
882 3641 972 3681 eos
1003 3626 1070 3680 ab
1096 3627 1213 3697 ipso
1241 3637 1455 3683 constet
1481 3638 1608 3683 ante
1631 3629 2024 3699 episcopatum,
2061 3630 2104 3684 si
2132 3630 2292 3685 modo
2316 3628 2509 3687 Photio
2530 3632 2751 3687 credere
2776 3633 3023 3686 velimus.
3056 3632 3240 3687 Refert
3270 3631 3413 3684 enim
3444 3623 3776 3694 olympiades

531 3714 729 3771 multas
754 3716 1105 3787 iusumpsisse
1130 3718 1448 3775 Eunomium
1484 3720 1536 3774 in
1569 3720 1635 3775 iis
1660 3719 2027 3789 confutandis,
2050 3719 2304 3791 illamque
2326 3736 2477 3776 suam
2508 3723 2919 3792 responsionem
2957 3724 3138 3776 statim
3172 3730 3292 3790 post
3322 3718 3504 3773 Basilii
3541 3722 3774 3769 mortem

527 3814 920 3886 promulgasse.
953 3814 1077 3872 ﬂzec
1117 3827 1297 3873 autem
1348 3832 1687 3888 nequaquam
1726 3818 1842 3873 fieri
1892 3818 2215 3890 potuissent,
2246 3818 2348 3873 nisi
2396 3835 2531 3891 opus
2573 3833 2727 3875 suum
2768 3818 2999 3875 Basilius
3037 3818 3088 3871 in
3129 3818 3304 3871 lucem
3337 3814 3597 3870 edidisset
3643 3818 3773 3863 ante

530 3909 894 3980 episcopatum
926 3927 941 3964 :
973 3924 1132 3980 quem
1162 3914 1344 3972 multis
1376 3916 1771 3987 olympiadibus
1798 3916 2106 3972 breviorem
2147 3914 2314 3971 fuisse
2345 3928 2534 3971 omnes
2570 3914 2912 3968 conlitentur.
2947 3910 3171 3967 Accedit
3215 3908 3401 3973 etiarn,
3428 3904 3570 3974 quod
3615 3902 3769 3957 Basi-

532 4004 654 4066 lius,
684 4014 743 4058 ut
775 4020 839 4059 es
874 4004 1029 4061 ialtio
1056 4006 1179 4062 libri
1212 4011 1371 4076 primi
1407 4022 1574 4082 patet,
1606 4012 1870 4067 nihildum
1918 4012 2214 4081 scripserat
2254 4012 2516 4066 adversus
2550 4008 2835 4064 haereticos
2866 4017 2999 4072 tum,
3035 4021 3158 4061 cum
3190 4004 3541 4060 Eunomianas
3573 3997 3771 4055 haeresi

530 4096 874 4166 proﬂiganda:
903 4112 1123 4166 operam
1169 4104 1408 4157 navavit.
1443 4105 1595 4171 Quod
1626 4114 1947 4177 argumento
1981 4114 2086 4173 est,
2114 4120 2261 4171 eum,
2292 4120 2415 4160 cum
2462 4111 2608 4158 esset
2636 4103 2842 4171 junior,
2870 4102 2970 4156 hoc
3004 4101 3183 4171 operis
3231 4100 3554 4170 suscepisse.
3590 4096 3770 4162 Quan—

529 4206 691 4259 quam
734 4199 938 4257 autem,
972 4202 1028 4246 ut
1077 4193 1193 4264 ipse
1243 4196 1337 4261 ait,
1368 4195 1422 4251 in
1466 4198 1570 4253 hoc
1615 4199 1885 4254 scribendi
1925 4213 2123 4268 genere
2155 4199 2547 4253 inexercitatus
2576 4206 2717 4262 erat,
2746 4210 2813 4250 eo
2845 4205 3021 4251 tamen
3052 4213 3305 4253 successu
3334 4214 3446 4253 rem
3477 4198 3665 4268 gessit,
3692 4205 3769 4260 ut,

532 4286 635 4342 nisi
682 4288 1099 4345 inexercitatum
1139 4304 1199 4347 se
1243 4294 1569 4361 monuisset,
1612 4294 2123 4350 exercitatissimum
2179 4310 2301 4350 eum
2352 4295 2405 4349 in
2464 4293 2799 4349 debellandis
2850 4291 3118 4349 haereticis
3164 4303 3326 4364 atque
3369 4292 3772 4363 paratissimum

530 4380 697 4435 fuisse
750 4380 921 4436 dicas.
966 4380 1110 4437 Nihil
1136 4382 1300 4450 [enim
1352 4397 1515 4452 opere
1554 4381 1737 4437 Basilii
1785 4382 2037 4453 solidius,
2074 4383 2212 4439 nihil
2260 4383 2580 4448 absolutius,
2616 4382 2750 4437 nihil
2794 4382 2967 4452 magis
3016 4382 3267 4439 idoneum
3316 4384 3383 4437 ad
3433 4383 3771 4437 divinitatem

534 4473 695 4529 Verbi
734 4485 790 4531 et
832 4476 1067 4547 Spiritus
1111 4479 1306 4543 sancti,
1340 4493 1502 4548 quam
1535 4477 1834 4534 Eunomius
1883 4478 2257 4549 impugnabat,
2292 4478 2773 4549 comprobandum.
2808 4475 2923 4547 Ipsa
2964 4474 3215 4532 Eunomii
3245 4476 3427 4543 verba,
3459 4490 3567 4546 quo
3599 4473 3772 4541 magis

530 4568 649 4637 eius
681 4583 897 4625 errores
944 4571 1368 4640 inualescerent,
1406 4570 1687 4628 referenda
1735 4588 1856 4629 esse
1905 4574 2117 4628 censuit
2158 4572 2322 4628 Pater
2355 4573 2747 4643 gravissimus;
2798 4581 2962 4643 atque
3013 4571 3117 4627 hoc
3170 4582 3329 4641 pacto
3380 4570 3498 4638 ejus
3546 4571 3769 4627 audacia

532 4665 920 4736 temeritasque
963 4666 1039 4721 ita
1080 4683 1325 4737 repressa
1362 4677 1467 4734 est,
1500 4678 1558 4723 ut
1589 4668 1994 4739 responsionem
2032 4684 2210 4735 suam,
2237 4670 2411 4738 quoad
2444 4666 2675 4722 Basilius
2705 4666 2860 4729 vixit,
2894 4664 3172 4735 publicare
3202 4680 3366 4721 ausus
3395 4681 3502 4719 non
3535 4666 3629 4721 sit.
3663 4664 3768 4720 Sed

529 4755 711 4815 stall!!!
753 4764 916 4827 atque
960 4768 1205 4815 mortuus
1246 4769 1329 4816 est
1374 4760 1456 4815 vir
1496 4762 1901 4827 sanctissimus,
1949 4762 2148 4831 impius
2194 4762 2285 4817 ille
2329 4775 2463 4830 quos
2494 4760 2581 4815 diu
2618 4767 3013 4838 praeparaverat
3044 4758 3210 4813 libros
3242 4760 3294 4813 in
3329 4757 3504 4814 lucem
3532 4758 3767 4814 edendos

530 4852 776 4907 curavit.
793 4852 1081 4923 Sperabat,
1116 4854 1222 4910 nisi
1260 4858 1417 4910 valde
1448 4856 1631 4925 fallor,
1663 4873 1769 4912 non
1818 4868 2086 4928 repertum
2120 4858 2183 4912 iri
2212 4857 2302 4927 qui
2348 4855 2546 4911 mortui
2581 4854 2944 4909 defensionem
2995 4852 3297 4922 susciperet
3328 4870 3344 4907 :
3377 4856 3473 4907 sed
3512 4866 3611 4906 sua
3642 4866 3766 4906 eum

527 4964 655 5017 spes
691 4948 899 5005 fefellit.
939 4948 1075 5005 Nam
1124 4961 1323 5022 praeter
1373 4952 1693 5021 Gregorium
1742 4951 2067 5024 Nysscnum,
2098 4952 2254 5022 cujus
2301 4952 2595 5007 etiamnum
2646 4960 2860 5005 exstant
2908 4948 3051 5015 libri,
3083 4948 3399 5005 Theodorus
3431 4948 3765 5019 Mopsueste-

527 5044 776 5115 nuallS)
807 5056 968 5116 atque
1014 5044 1350 5115 Sophronias
1396 5045 1579 5102 Basilii
1611 5048 1747 5121 (49),
1787 5059 1901 5116 aut,
1932 5060 1992 5104 ut
2043 5049 2237 5104 melius.
2279 5049 2480 5111 dicam,
2514 5045 2674 5102 Verbi
2723 5046 2893 5115 ipsius
2939 5054 2995 5099 et
3044 5043 3277 5113 Spiritus
3324 5044 3495 5099 sancti
3544 5059 3764 5099 causam

526 5138 703 5206 egisse
735 5146 1121 5193 memorantur.

597 5233 652 5285 4.
696 5230 975 5289 Traditum
1016 5235 1232 5303 quidem
1281 5245 1367 5291 est
1407 5237 1475 5293 ab
1524 5238 1763 5307 antiquis
1810 5239 2017 5310 aliquot
2050 5241 2101 5293 in
2140 5237 2459 5292 Easomium
2507 5235 2676 5292 libros
2720 5250 2749 5289 a
2798 5233 2996 5288 Basilio
3043 5233 3380 5301 conscriptos
3422 5232 3639 5288 fuisse:
3673 5232 3763 5286 sed

530 5330 663 5393 quot
686 5325 1077 5393 composuerit,
1109 5336 1221 5381 tres
1250 5343 1318 5382 au
1347 5330 1606 5400 quinque,
1636 5345 1701 5386 ex
1736 5332 1939 5387 eisdem
1974 5341 2122 5387 certo
2154 5330 2403 5401 cognosci
2435 5344 2541 5382 nou
2574 5336 2772 5397 potcsl-
2804 5324 2954 5391 (ὶυοά
2983 5324 3026 5380 εί
3064 5324 3226 5397 206
3247 5324 3500 5379 “brorum
3547 5323 3765 5395 γνησιόο

599 5506 710 5581 (40)
742 5507 801 5581 li.
826 5508 923 5569 ill.,
950 5523 998 5562 c.
1029 5509 1149 5564 illi.
2271 5512 2380 5581 (45)
2413 5510 2577 5565 Conc.
2614 5521 2739 5564 tom.
2772 5508 2839 5576 V,
2870 5526 2988 5581 pag.
3025 5506 3149 5563 697.

596 5572 708 5649 (41)
742 5579 890 5649 Qrat.
918 5581 974 5649 β,
1008 5596 1127 5648 pag.
1156 5582 1241 5636 18.
2270 5572 2381 5649 (46)
2412 5582 2563 5635 Phot.
2598 5580 2719 5633 cod.
2756 5572 2973 5647 crisin“,
3010 5593 3129 5649 pag.
3189 5575 3313 5643 820,
3352 5572 3457 5630 825
3505 5582 3559 5629 et
3616 5572 3741 5630 8‘38.

597 5648 708 5721 (tl?)
744 5646 880 5721 pial.
910 5647 964 5710 2,
995 5646 1044 5717 p.
1071 5646 1155 5705 97.
2270 5646 2381 5721 (47)
2413 5649 2581 5721 Epist.
2622 5650 2747 5704 olim
2780 5650 2869 5705 55.

595 5719 708 5794 (liii
733 5717 897 5794 (Eone.
935 5727 1063 5794 ιοιῃἵ
1097 5721 1185 5784 IV,
1206 5738 1333 5794 pag.
1366 5724 1490 5783 823,
2270 5717 2379 5794 (l8)
2412 5720 2591 5794 ljhotq
2626 5735 2677 5773 c.
2715 5734 2788 5785 tv,
2823 5735 2943 5791 pag.
2965 5719 3024 5794 76.

599 5738 708 5781 tam
733 5738 897 5771 [κους.
935 5738 1063 5772 tom.
1097 5738 1185 5784 Iv,
1251 5740 1333 5794 ag,
1366 5738 1490 5783 διδ,
2293 5738 2379 5788 ars)
2414 5738 2591 5783 ιἠοι.,
2626 5738 2677 5773 c.
2715 5738 2788 5785 IV,
2823 5738 2943 5791 pag.
2973 5738 3024 5773 υ.

599 5790 708 5855 (Η)
742 5787 908 5843 Leon.
942 5794 992 5842 in
1022 5789 1083 5843 N.
1121 5801 1170 5845 et
1206 5738 1267 5851 ἕ.
2270 5738 2380 5859 (19)
2414 5789 2592 5856 Phot.,
2633 5806 2681 5845 c.
2712 5803 2767 5855 γ,
2789 5805 2908 5861 pag.
2952 5793 2983 5847 8
3011 5799 3064 5845 ei
3096 5790 3149 5844 9.
