4026 6476
236 402 347 457 497
1378 400 1743 459 ADVERSUS
1774 404 1826 459 El

1884 402 2137 459 NOMIUM
2173 403 2299 458 LIB.
2332 402 2373 460 Ι.
3372 404 3474 458 498

248 514 341 565 της
374 504 466 549 aut
494 494 672 549 νοθεία
704 511 768 551 ex
802 494 1145 551 multitudine
1194 503 1286 550 aut
1332 509 1397 547 ex
1442 498 1713 564 paucitate
1744 500 1964 554 testium
1994 501 2275 569 penderet,
2302 498 2689 554 controversia:
2714 500 2858 553 omni
2891 501 3050 555 linem
3096 501 3373 570 imponere
3400 500 3478 552 ta-

246 592 506 645 cillimum
538 604 701 648 esset.
734 590 867 647 Cum
907 591 1050 647 enim
1083 608 1188 646 non
1226 589 1455 661 amplius
1497 601 1607 646 tres
1638 602 1729 647 aut
1756 602 1987 664 quatuor
2029 594 2305 647 numerari
2336 594 2494 664 vulgo
2522 592 2751 658 soleant,
2780 592 2869 661 qui
2910 594 3045 647 duos
3088 595 3255 651 libros
3296 602 3478 665 poste-

247 690 421 743 riores
452 703 547 759 pro
579 689 728 743 falsis
762 686 1050 743 habuerint
1084 694 1310 744 :contra
1338 686 1649 742 innumeros
1672 703 1735 744 ac
1761 688 2142 744 celeberrimos
2166 687 2311 743 viros
2338 692 2662 758 eosdemque
2704 686 3048 743 doctissimos
3094 692 3351 757 reperias,
3385 690 3478 760 qui
3580 744 3587 753 κ

247 782 382 836 duos
407 779 733 849 posteriores
760 776 925 835 libros
955 778 1177 849 perinde
1207 786 1265 832 ut
1296 786 1405 833 tres
1447 778 1656 847 priores
1696 777 1892 835 Basilio
1930 777 2123 849 Magno
2168 778 2465 833 aserihant.
2500 779 2656 844 Nam,
2692 786 2749 831 ut
2796 777 3012 832 interim
3056 776 3122 832 de
3161 780 3478 846 antiquiori-

248 870 349 923 bus
378 867 731 939 scriptoribus
769 875 993 933 taceam,
1030 865 1402 931 Bellarminus,
1431 867 1633 921 Fronto
1663 867 1907 932 Ducaaus,
1941 868 2264 923 Franciscus
2300 867 2679 934 Combelisius,
2711 868 3106 933 Tillemontius,
3138 866 3283 921 Elias
3314 869 3478 935 Dupi-

249 979 351 1019 nus
392 974 447 1019 et
477 962 566 1015 alii
602 963 846 1030 permulti
876 961 1128 1016 Basilium
1176 962 1367 1018 horum
1411 962 1650 1029 quinque
1690 962 1744 1015 in
1786 961 2111 1015 Eunomium
2158 962 2419 1017 librorum
2456 970 2729 1015 auctorem
2758 960 2986 1016 faciunt.
3020 958 3087 1013 Et
3117 958 3260 1027 quod
3304 958 3482 1028 majus

248 1065 357 1119 est,
387 1054 463 1109 illi
506 1052 743 1126 quinque
790 1054 912 1108 libri
959 1052 1014 1105 in
1046 1055 1273 1108 concilio
1300 1052 1614 1107 Florentino
1659 1064 1715 1107 ut
1759 1071 1788 1109 a
1834 1051 2062 1118 Latinis,
2095 1053 2169 1107 ita
2196 1068 2225 1105 a
2254 1052 2457 1109 Grmcis
2497 1052 2682 1108 Basilii
2730 1056 2947 1110 nomine
2984 1052 3188 1125 pariter
3224 1051 3480 1105 citantur.

250 1144 517 1213 Quoniam
550 1154 728 1201 tamen
756 1144 1017 1213 ejusmodi
1044 1144 1369 1215 quaestiones
1412 1158 1479 1198 ex
1522 1145 1811 1199 tutioribus
1837 1144 2117 1213 principiis
2150 1141 2431 1211 dijudicari
2461 1146 2673 1207 debent,
2702 1158 2791 1199 res
2832 1159 3046 1214 semper
3078 1143 3131 1199 in
3163 1152 3484 1200 controver-

250 1242 332 1295 sia
360 1241 682 1305 versabitur,
710 1240 880 1294 donec
908 1239 1108 1310 aliquid
1139 1238 1341 1295 certius
1372 1240 1439 1294 ad
1470 1254 1685 1294 omnem
1729 1239 2118 1296 dubitationem
2150 1238 2443 1295 tollendam
2490 1236 2770 1293 aII‘eratur.
2801 1236 2902 1293 llic
2934 1245 3077 1292 esset
3114 1252 3177 1291 ea
3204 1238 3270 1291 de
3310 1251 3369 1291 re
3407 1235 3486 1289 Io-

250 1336 450 1405 quendi
483 1336 616 1391 satis
653 1335 879 1393 idoneus
924 1336 1106 1405 locus;
1143 1337 1236 1391 sed
1268 1347 1443 1393 tamen
1490 1337 1591 1393 hoc
1638 1346 2042 1406 argumentum,
2072 1347 2131 1392 ut
2160 1341 2335 1404 decet,
2368 1344 2605 1391 tractare
2632 1350 2755 1391 cum
2802 1335 3060 1406 longioris
3092 1333 3161 1389 sit
3199 1348 3396 1402 operae,
3430 1331 3484 1386 id

253 1428 593 1483 commodius
620 1428 787 1483 multo
816 1429 869 1485 in
895 1430 1216 1487 Prmiatione
1245 1430 1484 1488 facturos
1524 1446 1622 1487 nos
1666 1429 2016 1487 credidimus.
2051 1430 2239 1501 Neque
2279 1438 2483 1494 tamen,
2516 1428 2731 1499 opinor,
2758 1428 3027 1482 videbitur
3060 1426 3311 1488 alienum,
3344 1437 3483 1495 pra:-

253 1524 441 1592 cipuas
468 1525 602 1581 duas
630 1540 841 1592 causas,
876 1543 973 1582 cur
1012 1528 1337 1596 posteriores
1365 1527 1471 1581 duo
1500 1528 1621 1583 libri
1654 1526 1888 1598 suspecti
1920 1526 2052 1591 sint,
2082 1526 2183 1581 hoc
2205 1524 2323 1580 loco
2353 1525 2407 1579 in
2436 1526 2666 1581 medium
2691 1522 2952 1596 proferre.
2968 1522 3146 1577 Prima
3181 1523 3341 1593 igitur
3370 1521 3487 1577 huic

260 1632 369 1687 est,
400 1620 541 1689 quod
586 1622 893 1692 scriptionis
925 1637 1092 1693 genus
1132 1632 1238 1678 tam
1287 1631 1471 1691 aperte
1502 1624 1772 1678 diversum
1808 1624 1900 1688 sit,
1933 1630 1990 1677 ut
2019 1624 2085 1677 de
2121 1623 2223 1679 hoc
2256 1622 2401 1677 inter
2430 1624 2712 1692 utriusque
2741 1620 3012 1691 Opinionis
3044 1629 3300 1687 patronos
3326 1616 3489 1685 plane

254 1714 544 1768 conveniat
578 1732 593 1770 :
630 1712 822 1784 altera,
852 1715 993 1785 quod
1046 1715 1372 1785 pomeriores
1413 1716 1546 1771 duos
1593 1715 1761 1771 libros
1803 1716 1857 1769 in
1903 1715 2073 1771 veteri
2103 1717 2339 1771 editione
2371 1712 2576 1770 Veneta
2625 1723 2679 1767 et
2728 1717 2779 1769 in
2828 1711 3098 1785 aliquibus
3142 1726 3270 1765 mss.
3302 1710 3490 1768 deesse

254 1817 490 1861 constet.
535 1808 606 1862 De
636 1807 741 1875 his,
768 1816 825 1862 ut
860 1806 988 1869 dixi,
1031 1808 1248 1862 uberius
1279 1806 1331 1861 in
1361 1806 1683 1861 Praefatione
1712 1807 2039 1877 disputatur,
2073 1805 2135 1879 ἐς
2174 1807 2243 1861 XI
2272 1818 2326 1863 et
2354 1808 2471 1863 XII.

333 1902 387 1956 5.
431 1902 705 1958 Hactenus
734 1903 800 1957 de
828 1901 1013 1957 Basilii
1057 1902 1213 1958 libris
1246 1922 1260 1958 :
1288 1916 1431 1958 nunc
1472 1916 1638 1971 pauca
1688 1903 1753 1957 de
1792 1917 1953 1973 opere
1983 1902 2255 1959 Ennomii.
2301 1903 2539 1972 Contigit
2572 1912 2749 1958 autem
2795 1918 2900 1958 non
2950 1901 3241 1964 immerito,
3275 1908 3332 1955 ut
3374 1899 3494 1953 luce

258 1995 511 2064 indignus
545 1994 750 2050 libellus
778 1996 865 2049 diu
897 1996 949 2049 in
976 1994 1213 2052 tenebris
1240 1994 1462 2050 latuerit
1498 2012 1511 2049 :
1544 1996 1637 2050 sed
1681 1996 1897 2051 tandem
1946 1994 2224 2066 inopinato
2264 1998 2504 2052 emersit.
2540 1993 2672 2049 Nam
2707 1996 2790 2049 vir
2818 1994 3218 2049 eruditissimus
3251 1992 3490 2048 Joannes

255 2089 510 2143 Albertus
540 2086 836 2151 Fabricius,
869 2104 989 2144 cum
1029 2088 1293 2158 ejusmodi
1324 2088 1639 2157 opusculum
1672 2090 1736 2141 ad
1767 2089 2027 2158 quosdam
2059 2087 2243 2143 Basilii
2282 2088 2429 2142 locos
2470 2085 2839 2152 explanandos
2867 2084 2998 2138 utile
3031 2085 3147 2138 fore
3172 2084 3490 2150 judicasset,

258 2183 313 2237 id
342 2182 607 2236 edendum
639 2182 843 2237 duobus
872 2181 1067 2237 abhinc
1097 2182 1253 2236 annis
1282 2180 1491 2235 curavit
1521 2180 1658 2250 (50).
1685 2179 1794 2235 Nos
1836 2180 2019 2249 igitur,
2047 2181 2148 2235 viri
2171 2179 2470 2236 doctissimi
2497 2176 2767 2247 exemplo,
2796 2177 2899 2231 hoc
2933 2175 3072 2230 idem
3108 2176 3159 2227 in
3191 2174 3496 2245 Appendice

259 2287 453 2327 rursus
485 2273 625 2343 typis
655 2273 910 2329 mandare
937 2272 1243 2337 statuimus,
1274 2286 1363 2335 ne,
1391 2271 1436 2326 si
1468 2285 1625 2325 secus
1653 2270 1936 2333 faciamus,
1973 2270 2171 2339 aliquid
2202 2271 2256 2325 in
2287 2281 2469 2327 nostra
2496 2270 2731 2326 editione
2757 2268 2946 2325 deesse
2970 2267 3236 2321 videatur.

329 2384 443 2458 (50)
468 2387 522 2443 In
547 2385 868 2445 Bibliotheca
897 2386 1105 2457 Grata,
1134 2397 1266 2446 tom.
1295 2385 1431 2455 Vill,
1454 2401 1581 2460 pag.
1611 2387 1738 2454 262,
1773 2386 1861 2444 ed.
1893 2387 2014 2444 Vel.
2042 2385 2200 2442 Εωτ.

886 2786 1137 2874 ΤΟΥ
1203 2788 1355 2876 ΕΝ
1442 2783 1870 2875 ΑΓΙΟΙΣ
1938 2780 2437 2872 ΠΑΤΡΟΣ

1289 2788 1355 2875 Ν
1442 2783 1870 2875 ΑΓΙΟΙΣ
1938 2780 2437 2872 ΠΑΤΡΟΣ
2512 2779 2874 2869 ΗΜΩΝ

1474 2990 2291 3114 ΒΑΣΙΛΕΙοΥ

1124 3210 1684 3265 ΔΡΧΙΕΠῘΣΚΟΠΟΥ
1719 3210 2129 3263 ΚΑΙΣΑΡΕΙΑΣ
2163 3207 2655 3262 ΚᾹΠΠΑΔΟΚῘΔΣ

1456 3370 2298 3466 ΑΝΑΤΡΕΠΤΙΚΟΣ

919 3557 1652 3619 ΙῸΥΑΠΟΛΟΓΗΤΤΚΟΥ
1691 3558 1833 3610 ΤΟΥ
1864 3559 2281 3611 ΔΥΣΣΕΒΟΥΣ
2317 3559 2704 3614 ΕΥΝΟΜῙΟΥ

1636 3719 1998 3810 ΛΟΓΟΣ
2034 3715 2143 3802 Α’.

1284 4219 1412 4348 S.
1465 4221 1599 4344 P.
1650 4221 1796 4343 N.
1862 4210 2498 4345 BASILII.

658 4499 1244 4594 CAESAREZE
1316 4492 2086 4589 CAPPADOCUE
2156 4481 3134 4607 ARCHIEPISCOPI,

1716 4712 2097 4827 LIBRI

786 4938 1085 5018 QUIBUS
1130 4937 1369 5002 ῙΜΡΙῙ
1411 4930 1788 5002 ΕΠΝΟΜΙΙ
1834 4924 2370 4994 APOLOGETIC

1427 4930 1788 5002 ΕΠΝΟΜΙΙ
1834 4923 2468 4994 APOLOGETICUS
2517 4918 3017 4986 EVERTITUR.

1299 5262 1461 5335 207
1516 5248 1865 5336 LIBER
1940 5240 2427 5333 PRIMUS.

365 5410 418 5468 l.
448 5412 510 5465 Ei
544 5410 641 5481 μὲν
668 5408 947 5463 ἐϐούλοντο
972 5406 1199 5473 πάντες,
1236 5403 1319 5474 ἐφ’
1344 5403 1436 5466 οὓς
1468 5402 1528 5455 τὸ
1555 5402 1722 5471 ὖνομα
1761 5397 1855 5451 τοῦ
1884 5402 1927 5457 Α

1913 5417 1927 5456 t
2025 5397 2076 5450 1.
2119 5394 2174 5448 Si
2207 5406 2416 5458 omnes,
2446 5403 2607 5459 super
2632 5402 2766 5458 quos
2802 5399 2993 5440 nomen
3035 5382 3125 5439 Dei
3166 5396 3230 5437 ac
3263 5380 3503 5437 Salvato-

291 5504 431 5557 Θεοῦ
481 5473 576 5555 xci
617 5501 862 5571 Σωτῆρος
897 5498 1049 5570 ἡμῶν
1092 5473 1522 5567 ἸησοῦίΧριστοῦ
1556 5492 1848 5562 ἐπικέκλη-

1957 5488 2032 5542 ris
2065 5484 2231 5539 nostri
2265 5482 2391 5538 Jesu
2421 5480 2619 5536 Christi
2659 5481 2958 5533 invocatum
2997 5486 3102 5539 est,
3141 5473 3275 5529 nihil
3306 5474 3502 5529 voluis-

292 5614 407 5659 ται,
433 5593 595 5667 μηδὲν
724 5566 949 5665 ﬁnesid.
975 5588 1068 5642 τοῦ
1097 5566 1421 5655 Εὖαγγελίου
1450 5586 1847 5656 παρεγχειρεῖν,

1956 5586 2309 5634 εεηιλιεηιοτθ
2340 5585 2392 5629 et
2426 5573 2635 5643 aggredi
2666 5578 2859 5641 praeter
2892 5567 3165 5639 Evangelii
3198 5566 3500 5631 veritatem,

375 5755 484 5820 (5|)
517 5753 619 5809 Tot
661 5761 787 5807 sunt
836 5752 950 5805 fere
981 5750 1120 5803 tituli
1144 5749 1299 5811 varii,
1336 5756 1463 5820 quot
1488 5744 1720 5820 codices.
1753 5742 1845 5793 Vir
1950 5747 1965 5820 ε

1950 5739 2101 5820 tiqno
2124 5736 2420 5820 suo-codice
2438 5735 2530 5789 τοῦ
2555 5734 2784 5820 έιγέουίεε
2812 5732 3189 5820 ἀντιιρῤηςεὶικὸξ
3216 5730 3308 5812 rei?
3343 5730 3501 5820 ’λεπο-

301 5802 642 5881 doctissimus
661 5802 1017 5879 tottibe‘ﬁsiuis
1040 5821 1139 5876 sibi
1170 5802 1518 5887 lt‘gere'visus
1550 5825 1629 5871 est
1654 5816 1705 5869 in
1746 5829 1840 5866 an-

1950 5802 2234 5877 λογητικοῦ
2270 5807 2360 5860 τοῦ
2391 5806 2677 5868 δυσςεῦοὖς
2721 5802 3003 5873 Εὐνομίού,
3030 5802 3338 5868 Confutatia
3369 5804 3501 5853 Ano-
