4026 6446
517 369 622 425 503

1855 374 1911 429 S.
1953 372 2196 429 BASILII
2238 373 2445 430 SIAGNI

3642 377 3746 433 5ἓᾶ

581 483 875 538 Eunomus.
917 483 1052 540 Cum
1106 485 1444 554 calumniari,
1486 497 1541 544 et
1589 491 1848 559 petulanti
1895 492 2074 564 lingua

2249 491 2733 564 EYNOMIOEJBL)
2755 492 2827 546 Τὸ
2842 493 2939 564 μὲν
2949 486 3041 546 οὖν
3060 495 3408 554 συκοφαντεῖν
3429 494 3747 547 καὶδιαῦάλ-

511 587 576 627 ac
609 573 852 643 improba
893 586 1075 631 mente
1119 578 1392 649 aliquibus
1442 580 1752 647 detrahere,
1778 597 1913 652 opus
1942 586 2079 640 scia-

512 678 632 720 mus
669 679 790 720 esse
827 666 1105 722 hominum
1145 669 1556 740 ﬂagitiosorum,
1589 685 1756 744 seque
1791 673 2078 731 simultati-

512 755 613 811 bus
663 755 1050 814 oblectantium
1087 777 1101 812 :
1139 772 1350 826 contra,
1381 761 1426 818 si
1477 767 1568 833 qui
1617 780 1716 835 per
1761 764 2078 821 calumniam

509 855 662 918 pravi
702 863 825 905 esse
861 851 966 906 visi
1011 861 1155 917 sunt,
1191 854 1338 909 omni
1384 855 1563 910 studio
1599 856 1937 912 mendacium
1989 871 2076 912 re-

510 941 826 1010 darguendo
869 943 1186 1013 propulsare
1219 956 1504 1011 conentur,
1536 947 1590 1002 id
1624 962 1760 1016 opus
1791 962 1911 1004 esse
1935 949 2080 1004 viro-

510 1045 655 1098 rum,
706 1032 798 1101 qui
846 1034 998 1104 prohi
1058 1046 1204 1104 sunt,
1245 1038 1445 1109 quique
1486 1037 1588 1093 sibi
1640 1039 1889 1110 privatim
1945 1041 2081 1098 bene

509 1123 897 1195 consulentes,
952 1128 1247 1188 multorum
1302 1130 1653 1186 securitatem
1717 1132 1934 1203 plurimi
1995 1132 2080 1189 fa-

509 1215 678 1272 ciunt.

577 1325 850 1384 BASILIUS.
889 1326 1075 1384 Genus
1110 1328 1277 1399 igitur
1311 1332 1578 1388 orationis
1619 1333 1726 1390 tale
1770 1344 1885 1402 est,
1920 1336 2078 1406 quale

507 1433 629 1474 esse
654 1420 826 1490 possit
847 1420 985 1490 ejus,
1014 1420 1105 1490 qui
1138 1421 1269 1477 nihil
1295 1423 1638 1493 simpliciter,
1657 1427 1791 1481 nihil
1814 1429 1932 1482 sine
1956 1427 2077 1483 dolo

507 1509 692 1565 ellicit.
719 1509 857 1565 Nam
886 1520 939 1567 et
966 1512 1257 1568 innovandi
1276 1514 1636 1585 suspicionem
1662 1527 1918 1586 praetextu
1948 1533 2078 1590 apo-

509 1600 666 1671 logite
703 1603 856 1671 tegit,
887 1613 944 1657 et
973 1604 1129 1672 quasi
1164 1603 1448 1660 calumniae
1489 1607 1799 1662 obterendae
1839 1610 2074 1664 necessi-

511 1698 623 1745 ta'te
661 1692 727 1745 ad
769 1693 870 1747 hos
901 1707 1180 1749 sermones
1236 1695 1531 1763 devenerit,
1567 1699 1870 1753 auditorum
1896 1710 2076 1769 captat

509 1781 966 1839 benevolentiam.
1023 1784 1152 1838 lude
1197 1796 1377 1841 autem
1412 1787 1556 1844 illius
1595 1789 1738 1844 circa
1776 1789 2070 1860 apologiam

509 1883 871 1931 commentum
901 1877 1339 1947 deprehenditur,
1372 1881 1513 1950 quod
1572 1895 1693 1935 cum
1747 1896 1851 1935 non
1903 1884 2074 1951 possit

510 1966 795 2022 nominare
817 1977 1186 2026 accusatorem
1212 1971 1380 2028 ullum
1425 1972 1689 2040 criminis,
1727 1973 1880 2044 cujus
1911 1989 2074 2030 causa

510 2076 571 2116 se
599 2060 881 2118 decertare
926 2061 1168 2131 simulat,
1225 2071 1406 2119 tamen
1457 2067 1592 2122 citra
1628 2066 1932 2136 oppositam
1975 2067 2073 2124 sibi

509 2167 796 2224 personam
831 2155 897 2210 ad
923 2157 1180 2227 agendam
1211 2157 1467 2229 apologiae
1497 2157 1728 2214 fabulam
1759 2159 1946 2215 l'urtim
1980 2174 2072 2215 ac—

512 2245 689 2302 cedat.
746 2245 855 2304 Nec
888 2261 954 2302 ex
983 2247 1259 2305 tolerantia
1287 2263 1380 2306 eos
1405 2250 1496 2320 qui
1543 2251 1644 2307 sibi
1700 2251 1912 2308 molesti
1960 2251 2077 2309 fue-

511 2348 662 2408 runt,
704 2340 1014 2395 nominatim
1070 2341 1253 2398 dicere
1300 2343 1536 2399 abstinet
1581 2344 1710 2415 (qui
1769 2344 1912 2399 enim
1957 2345 2075 2400 fieri

510 2431 683 2499 possit
711 2440 769 2485 ut
802 2431 855 2486 id
890 2430 1052 2486 faciat
1079 2433 1170 2502 qui
1225 2433 1387 2488 tantis
1415 2436 1676 2489 conviciis
1701 2435 2079 2490 contradicen-

514 2531 596 2577 tes
629 2522 838 2592 impetit
857 2524 930 2593 ?),
952 2525 1046 2578 sed
1083 2525 1347 2579 mendacii
1370 2525 1694 2581 evidentiam
1710 2527 1935 2595 veritus,
1957 2541 2078 2583 eer-

513 2625 599 2668 tas
620 2626 996 2670 accusatorum
1042 2629 1303 2686 personas
1335 2617 1633 2688 producere
1670 2619 1904 2674 erubuit.
1943 2617 2076 2675 Nam

513 2705 557 2757 si
589 2705 866 2761 nominare
914 2706 1122 2777 aliquos
1152 2710 1433 2777 potuisset,
1480 2710 1706 2766 dixisset
1735 2711 1980 2780 profecto
2010 2725 2076 2767 ac

513 2795 840 2867 divulgasset
868 2815 883 2851 :
916 2799 1167 2854 videlicet
1194 2799 1404 2855 etiamsi
1438 2802 1578 2856 haud
1620 2803 1890 2872 explesset
1923 2819 2075 2858 suam

513 2887 672 2953 iram,
705 2899 759 2942 at
798 2899 947 2944 certe
979 2892 1258 2945 securitati
1315 2893 1630 2962 multorum,
1658 2895 1855 2964 quibus
1875 2910 1934 2950 se
1962 2910 2078 2950 ma-

511 2978 655 3033 xime
677 2980 980 3050 prospicere
1007 2980 1305 3051 profitetur,
1329 2982 1707 3041 consuluisset.
1723 2984 1931 3042 Etenim
1957 3001 2076 3057 qur

511 3069 643 3124 latet
687 3069 1024 3140 improbitas,
1084 3073 1440 3142 perniciosior
1484 3083 1568 3130 est
1616 3091 1777 3147 quam
1812 3092 1931 3148 quae
1955 3092 2075 3148 pro-

2180 587 2292 639 λειν
2319 585 2470 650 τινάς
2501 585 2560 650 ἐξ
2592 585 2888 640 ἀκολάστου
2917 585 3160 657 γλώττης
3189 587 3282 640 καὶ
3312 584 3536 656 γνώμης
3564 586 3746 650 ἀγνώ-

2182 694 2361 749 μονος,
2397 676 2681 748 μοχθηρῶν
2709 678 2801 731 καὶ
2829 676 2940 749 (65)
2958 676 3441 748 φιλαπεχθημόνων
3466 677 3626 748 ἔργον
3666 679 3746 730 εί·-

2176 769 2326 832 δάτες
2351 786 2365 800 ·
2399 769 2457 822 τὸ
2481 768 2539 822 δὲ
2575 769 2700 832 τοὺς
2737 770 2800 823 ὲκ
2826 769 3077 838 διαϐολῆς
3123 764 3260 821 εἶναι
3291 768 3546 834 δόξαντας
3577 784 3745 838 πονη-

2179 864 2306 934 ροὺς
2334 861 2482 934 πάσῃ
2510 859 2785 932 προθυμίᾳ.
2832 861 3122 933 πειρᾶσθαι
3149 861 3209 914 τὸ
3237 860 3430 931 ψεῦδος
3455 863 3564 924 τοῖς
3591 859 3744 929 ἐλέγ-

2177 972 2293 1026 χοις
2338 952 2672 1025 ἀποτρέπειν
2720 953 2926 1013 ἀνδρῶν
2971 954 3261 1026 σωφρόνων
3306 953 3401 1005 καὶ
3452 953 3589 1022 μετά
3645 952 3747 1022 τῆς

2182 1046 2316 1111 ιδίας
2340 1043 2621 1107 εὐϐουλίας
2649 1041 2747 1115 τὴν
2768 1044 2874 1098 τῶν
2896 1045 3106 1101 πολλῶν
3133 1044 3431 1115 ἀσφάλειαν
3465 1045 3590 1115 περὶ
3625 1041 3746 1096 πολι

2178 1137 2269 1192 λοῦ
2307 1137 2642 1208 ποιουμένων

2247 1333 2652 1389 ΒΑΣΙᾹΙΟΣ.Τὺ
2670 1333 2768 1406 μὲν
2783 1328 2876 1387 οὖν
2890 1332 3073 1404 σχῆμα
3083 1333 3342 1402 τοῦλόγου
3356 1330 3616 1393 τοιοῦτον,
3635 1325 3748 1384 οἷον

2178 1425 2245 1481 ἂν
2273 1431 2483 1495 γένοιτο
2505 1426 2597 1480 τοῦ
2635 1427 2797 1498 μηδὲν
2828 1426 3012 1488 ἀπλῶς
3047 1426 3180 1496 μηδὲ
3214 1425 3415 1486 ἀδόλως
3442 1423 3747 1486 ποιοῦντος.

2177 1519 2250 1572 Τό
2289 1535 2347 1572 τε
2383 1519 2491 1590 γάρ
2541 1518 2669 1590 περὶ
2716 1520 2814 1592 τὴν
2864 1518 3213 1588 καινοτομίαν
3255 1515 3495 1574 ὕποπτον
3528 1516 3606 1587 τῷ
3646 1515 3748 1586 τῆς

2176 1608 2470 1678 ἀπολογίας
2536 1609 2958 1681 προκαλύμματι
3019 1607 3332 1673 συσκιάζει,
3378 1609 3475 1662 καὶ
3537 1607 3748 1660 εὔνοιαν

2177 1700 2407 1774 θηρᾶται
2440 1701 2588 1774 παρά
2639 1701 2744 1756 τῶν
2791 1701 3116 1765 ἀκουόντων,
3163 1700 3238 1764 ὡς
3280 1703 3346 1771 τῇ
3394 1702 3606 1774 ἀνάγκῃ
3648 1702 3746 1771 τῆς

2175 1794 2428 1864 διαϐολῆς
2453 1794 2546 1847 ἐπὶ
2575 1793 2702 1857 τοὺς
2732 1793 2921 1861 λόγους
2953 1793 3173 1856 τούτους
3201 1791 3391 1844 ἐλθών.
3431 1793 3746 1862 Ἐλέγχεται

2174 1885 2230 1939 δὲ
2262 1883 2425 1939 αὑτοῦ
2455 1886 2487 1956 ἡ
2520 1885 2648 1956 περ)⁸
2684 1885 2780 1954 τὴν
2827 1884 3120 1952 ἀπολογίαν
3161 1882 3362 1955 σκηνὴ,
3410 1882 3492 1936 ὅτι
3522 1885 3615 1937 τοῦ
3657 1887 3722 1955 ὲγ

2175 1976 2469 2046 κλήματος,
2502 1977 2588 2045 ἐφ’
2715 1975 3126 2044 διαγωνίζεσθαι
3171 1975 3570 2046 προσποιεῖται,
3615 1993 3720 2029 κατ

2174 2065 2373 2134 ήγορον
2419 2067 2591 2118 εἰπεῖν
2624 2065 2724 2118 οὐκ
2770 2065 2928 2135 ἔχων,
2960 2065 3288 2136 ἀπρόσωπον
3320 2062 3381 2117 τὺ
3414 2063 3511 2134 τῆς
3557 2065 3726 2117 ἀπολο

2174 2153 2299 2222 γίας
2338 2153 2717 2224 ὑπεισέρχεται
2749 2153 2859 2225 (66)
2903 2154 3117 2226 δρᾶμα’
3152 2154 3211 2206 οὐ
3247 2151 3335 2206 διὰ
3375 2149 3749 2223 μακροθυμίαν

2173 2244 2432 2317 ὀνομαστὶ
2480 2244 2784 2317 μνησθῆναι
2828 2245 2936 2300 τῶν
2981 2245 3362 2316 λελυπηκότων
3419 2243 3748 2313 ἀπεχόμενος

2176 2337 2314 2408 (πῶς
2356 2337 2486 2411 γὰρ,
2534 2338 2594 2402 ὃς
2630 2355 2694 2407 γε
2729 2336 3018 2400 τοσαύταις
3059 2336 3345 2406 λοιδορίαις
3385 2335 3573 2389 πλύνει
3624 2335 3749 2397 τοὺς

2181 2431 2628 2502 ἀντιλέγοντας),
2679 2429 2816 2484 ἀλλά
2846 2428 2939 2484 τοῦ
2965 2429 3192 2500 ψεύδους
3217 2431 3279 2485 τὸ
3319 2429 3614 2502 περιφανὲς
3660 2428 3753 2496 ὑφ-

2174 2522 2481 2594 ορώμενος,
2534 2525 2886 2596 ἐπιφημίζειν
2911 2525 3088 2598 ἑαυτῷ
3143 2527 3422 2598 ὡρισμένα
3483 2525 3753 2595 πρόσωπα

2177 2615 2501 2686 κατηγόρων
2541 2616 2874 2685 αἰσχύνεται.
2917 2617 2982 2671 Ei
3014 2619 3124 2688 γάρ
3172 2614 3310 2688 εἷχε-ι
3359 2616 3623 2686 ὀνομάσαι
3670 2631 3754 2670 τι·

2176 2705 2294 2770 νάς,
2325 2703 2478 2759 εἶπεν
2509 2703 2574 2758 ἂν
2605 2705 2818 2769 πάντως
2847 2706 2941 2758 καλ⁸
2979 2708 3282 2778 διεϐόησεψ
3315 2711 3363 2761 εί
3406 2706 3500 2760 καὶ
3535 2705 3609 2778 μὴ
3652 2703 3753 2776 τὴν

2176 2795 2370 2852 ἑαυτοῦ
2416 2795 2583 2869 ὀργὴν
2633 2794 2944 2866 ἐκπληρῶν,
2971 2796 3106 2849 ἀλλά
3137 2801 3234 2866 τήν
3276 2815 3338 2866 γε
3387 2797 3496 2851 τῶν
3541 2786 3753 2850 πολλῶν

2176 2889 2478 2959 ἀσφάλειαν
2526 2887 2924 2958 διοικούμενοςο
2960 2878 3035 2938 ὧν
3081 2886 3146 2954 δὴ
3188 2889 3282 2939 καὶ
3337 2890 3571 2957 μάλιστα
3618 2905 3752 2959 προ-

2176 2983 2316 3037 νοεῖν
2358 2979 2766 3050 ἐπαγγέλλεται.
2817 2977 3164 3033 Λανθάνουσα
3215 2976 3325 3048 γάρ
3370 2980 3606 3048 πονηρία
3664 2980 3752 3050 τῆς

2179 3072 2704 3146 προκεκηρυγμένης
2738 3071 3140 3144 βλαϐερωτέρα.
3175 3069 3361 3136 Ὥστε,
3393 3070 3551 3139 εἴπερ
3585 3071 3754 3139 ἔγνωτ

512 3161 747 3232 mnlgata
789 3173 891 3218 est.
917 3165 1095 3232 Quare
1134 3179 1254 3221 cum
1293 3166 1711 3225 calumniatores
1747 3170 2073 3238 noverimus,

2181 3183 2280 3235 μεν
2307 3166 2433 3230 τοὺς
2477 3165 2841 3233 συκοφάντας,
2877 3165 3005 3236 ῥᾷον
3038 3163 3104 3218 ἂν
3137 3163 3466 3236 διεφύγομεν
3494 3164 3592 3229 τάς
3624 3166 3753 3219 άκοο

513 3268 700 3308 eorum
733 3254 940 3324 linguas
961 3256 1262 3326 petulantes
1302 3273 1367 3313 ac
1399 3268 1633 3314 mentem
1670 3261 1966 3331 improbam
1993 3262 2074 3316 fa-

513 3345 672 3399 cilius
704 3344 940 3416 ell'ugere
983 3347 1278 3416 poterimus
1310 3365 1325 3403 :
1371 3348 1502 3418 ipsis
1525 3350 1668 3404 enim
1696 3351 2074 3420 sapientissimi

514 3436 656 3492 illius
694 3447 817 3492 utar
850 3441 1044 3496 verbis.
1105 3441 1173 3494 At
1227 3442 1482 3512 quoniam
1538 3452 1666 3499 tunc
1708 3443 1779 3500 ob
1825 3446 2076 3515 quamvis

518 3531 732 3583 tandem
761 3546 978 3586 causam
1014 3533 1294 3601 conticuit,
1319 3550 1463 3591 nunc
1514 3535 1895 3607 interrogetur,
1937 3552 2078 3594 nunc

517 3620 860 3692 respondeat,
914 3623 1004 3692 qui
1052 3621 1252 3679 l‘uerint
1291 3625 1729 3690 calumniatores,
1778 3627 1894 3696 qui,
1954 3643 2075 3683 eum

515 3712 802 3768 calumniis
847 3715 1115 3769 lacessere
1171 3715 1510 3783 incipientes,
1551 3717 1616 3770 ad
1649 3718 2076 3789 respondendum

514 3802 827 3873 coegerint?
873 3806 1011 3860 unde
1057 3812 1325 3860 terrarum
1375 3805 1674 3861 venerunt?
1706 3809 1795 3878 qui
1831 3806 2077 3878 iudices,

514 3910 698 3951 coram
725 3894 921 3965 quibus
936 3895 1098 3951 subiit
1113 3906 1386 3952 certamen
1403 3895 1428 3951 ?
1445 3911 1552 3966 quo
1573 3896 1625 3951 in
1657 3913 1911 3956 consessu
1940 3900 2080 3956 hanc

512 3986 910 4042 accusationem
961 3987 1255 4043 sustinuit?
1294 3987 1383 4043 ubi
1437 3996 1704 4044 terrarum
1746 4000 1801 4043 et
1849 3992 2078 4047 marium

515 4079 907 4150 congregatus?
939 4078 1078 4146 Quid
1110 4080 1252 4135 enim
1277 4079 1448 4150 possit
1477 4079 1699 4137 dicere?
1728 4079 1784 4135 In
1812 4079 2079 4138 Seleucia?

514 4172 586 4225 At
609 4171 678 4225 ob
706 4171 980 4226 silentium
1012 4173 1246 4227 convicti
1292 4183 1438 4241 sunt,
1475 4175 1565 4244 qui
1601 4173 1831 4239 scilicet,
1866 4174 2077 4230 etiamsi

517 4263 584 4318 ad
608 4262 816 4334 objecta
855 4265 958 4321 sibi
995 4265 1220 4320 crimina
1252 4266 1566 4338 depellenda
1588 4269 1657 4323 ab
1681 4268 1748 4323 iis
1769 4267 1862 4339 qui
1887 4281 2081 4323 conve-

519 4366 704 4412 nerant
733 4357 928 4429 saepius
958 4357 1338 4424 invitarentur,
1367 4368 1545 4414 tamen
1576 4374 1682 4414 non
1708 4359 2076 4426 occurrerint;

516 4448 589 4503 ob
619 4448 780 4519 idque
811 4450 1048 4505 damnati
1077 4459 1221 4506 sunt.
1251 4450 1510 4520 Alloquor
1540 4451 1682 4506 enim
1719 4453 1772 4506 in
1809 4450 2077 4507 communi

2176 3257 2403 3320 λάστους
2441 3257 2692 3324 γλώσσας
2738 3256 2918 3309 αὐτῶν
2965 3257 3059 3310 καὶ
3098 3257 3196 3322 τὰς
3240 3257 3560 3328 ἀγνιὶιμλονας
3611 3258 3752 3327 γνὼ-

2181 3363 2320 3418 μας’
2368 3348 2550 3410 αὐτοῖς
2582 3347 2689 3418 γὰρ
2721 3348 2994 3418 χρήσομαι
3023 3349 3116 3400 τοῦ
3151 3351 3461 3418 σοφωτάτου
3494 3353 3608 3416 τοῖς
3656 3353 3751 3423 ῥή-

2179 3455 2362 3512 μασιν.
2421 3437 2557 3491 Ἀλλ’
2613 3437 2799 3509 ἐπειδὴ
2853 3437 3010 3500 τότε,
3067 3439 3134 3491 δι’
3182 3442 3247 3508 ἣν
3296 3440 3492 3510 δήποτε
3549 3443 3748 3508 αἰτίαν,

2173 3529 2552 3601 ἀπεσιώπησε,
2585 3529 2680 3585 νῦν
2721 3528 3037 3602 ἑρωτάσθω,
3067 3528 3160 3582 νῦν
3193 3529 3568 3598 ἀποκρινέσθω
3600 3533 3748 3602 (67)-

2173 3623 2318 3686 τίνες
2345 3624 2394 3676 οἱ
2423 3622 2718 3693 κατήγοροι
2747 3623 2819 3684 οί,
2849 3619 2928 3691 τῷ
2966 3619 3259 3692 προλαϐεῖν
3288 3623 3410 3682 ταῖς
3456 3619 3751 3687 διαϐολαῖς,

2175 3715 2476 3782 ἀναγκαίαν
2526 3713 2676 3784 αὐτῷ
2710 3713 2810 3782 τὴν
2857 3712 3157 3782 ἀπολογίαν
3215 3712 3750 3780 κατασκευάζοντεςς

2177 3807 2240 3859 ἐκ
2288 3804 2445 3869 ποίας
2491 3804 2813 3875 οἰκουμένης
2857 3801 3135 3870 ὲλθόντεςς
3178 3803 3326 3869 τίνες
3368 3804 3418 3858 οἱ
3466 3803 3750 3868 δικασταὶ,

2175 3896 2260 3964 ἐφ’
2289 3888 2364 3949 ὧν
2421 3894 2715 3950 διατίθεται
2751 3894 2843 3948 τὸν
2888 3894 3110 3966 ἀγῶνας
3143 3896 3203 3950 ὲν
3247 3895 3384 3967 ποίῳ
3414 3894 3753 3968 δικαστηρίῳ

2174 3985 2271 4057 τὴν
2305 3987 2520 4059 γραφὴν
2553 3983 2755 4058 ταύτην
2797 3985 3089 4058 ὑπεισῆλθε
3129 3985 3274 4057 (68);
3307 3985 3409 4040 ποῦ
3442 3984 3547 4056 γῆς
3586 3985 3619 4056 ἢ
3655 3984 3752 4038 θα-

2174 4077 2373 4149 λάττης
2408 4079 2862 4150 συγκροτηθέντι;
2897 4078 2963 4130 Τί
2995 4077 3104 4147 γάρ
3147 4077 3213 4130 ἂν
3245 4078 3339 4131 καὶ
3377 4077 3616 4144 είποιενς
3661 4077 3749 4130 Ἐν

2175 4169 2499 4242 Σελευκείςμ
2540 4170 2697 4223 Ἀλλά
2729 4168 3105 4238 σιωπήσαντες
3135 4166 3247 4237 (b9)
3281 4167 3546 4233 ἑάλωσαν,
3577 4169 3633 4222 οἵ
3660 4185 3747 4235 γε,

2177 4260 2637 4332 προκαλουμένων
2679 4257 2938 4321 πολλάκις
2983 4257 3092 4312 τῶν
3140 4256 3500 4312 συνελθόντων
3530 4260 3610 4322 είς
3651 4258 3750 4323 τὰς

2179 4350 2318 4422 ὑπὲρ
2333 4351 2442 4406 τῶν
2464 4349 2871 4422 ἐπιφερομένων
2892 4348 3138 4415 εὐθύνας,
3155 4349 3253 4404 οὐκ
3275 4349 3594 4422 ἀπήντησαν
3611 4348 3745 4422 (70)·

2179 4445 2262 4513 ἐφ’
2288 4438 2368 4507 οἷς
2390 4444 2453 4516 δὴ
2483 4444 2581 4499 καὶ
2620 4441 3020 4515 κατεκρίθησαν
3052 4442 3372 4516 τηνικαῦτα.
3405 4443 3600 4507 Κοινὸς
3640 4443 3749 4515 γάρ

518 4553 729 4593 omnem
747 4538 904 4595 simul
922 4549 1143 4604 cretum,
1161 4540 1324 4610 210
1337 4540 1424 4609 qui
1445 4549 1662 4611 propter
1685 4539 1972 4609 impietatis
1986 4555 2076 4596 so-

2182 4553 2274 4608 μοι
2318 4535 2347 4588 ὁ
2392 4536 2546 4606 λόγος
2593 4535 2728 4606 πρὸς
2760 4536 2906 4590 ἅπαν
2950 4536 3084 4608 όμοῦ
3117 4537 3177 4591 τὸ
3220 4537 3524 4606 σύνταγμα,
3569 4536 3630 4589 τὸ
3662 4537 3748 4590 διά

519 4625 766 4685 cietatetn
783 4627 1244 4685 velutmorbosum
1261 4627 1528 4700 quoddam
1563 4627 1858 4684 membrum
1885 4643 1918 4683 a
1948 4643 2078 4684 sano

591 4872 706 4944 (64)
757 4872 979 4944 Legitur
1025 4874 1077 4928 in
1125 4874 1285 4932 editis
1341 4876 1478 4930 intra
1547 4883 1858 4931 contextum
1907 4876 2081 4929 Εὑν...

524 4942 737 5015 Bac”);
765 4942 978 5015 contra,
1019 4945 1130 5009 illa,
1164 4947 1338 5001 Εὐν...
1372 4946 1530 5009 Βασ..
1565 4947 1616 5000 in
1647 4961 1742 5000 ora
1784 4944 1934 5015 Regii
1972 4957 2082 5000 ter-

522 5014 585 5067 tii
633 5014 1005 5072 inveniuntur.
1061 5015 1204 5071 Nihil
1257 5025 1436 5072 tamen
1481 5014 2084 5086 mutandumju’dicztvi-

525 5152 708 5281 m$63)
759 5155 895 5228 Reg.
953 5157 1142 5214 tertius
1179 5166 1234 5212 ct
1275 5155 1423 5213 Colb.
1468 5155 1778 5228 ἀγνώμονος
1831 5154 2083 5228 πονηρῶν

623 5295 712 5368 δεῖ)
736 5294 956 5368 Antiqui
987 5298 1092 5353 duo
1121 5297 1240 5351 libri
1273 5298 1604 5368 εἰσέρχεται,
1635 5313 1738 5350 non
1771 5306 1840 5350 ita
1884 5305 2047 5351 recte.

527 5363 708 5493 σ0057)
737 5363 963 5423 Codices
1011 5369 1116 5422 duo
1160 5363 1555 5439 ἀποκρινέσθω.
1611 5368 1749 5424 Editi
1798 5363 2089 5438 ἀποκρινάη

594 5455 658 5490 ω.

594 5455 658 5490 ω.

599 5503 994 5581 (Θελνεῑετεεῌ
1014 5507 1216 5578 aliquot
1273 5509 1396 5581 ubri
1439 5509 1653 5580 γραφὴν
1677 5507 1943 5581 εἰσῆλθεν.
1976 5504 2087 5560 Nec

529 5575 1352 5658 italt‘i‘ult‘opostﬁegfquartus
1375 5575 1571 5634 ἂνκαῖ
1587 5575 1749 5658 εἴποι.
1785 5575 1795 5581 ⁷
1931 5647 1963 5658 __
2037 5646 2050 5658 .

599 5647 712 5718 (69)
743 5647 880 5701 Editi
934 5649 1068 5702 ἀλλὰ
1114 5649 1422 5714 σιωπῶντες
1451 5669 1464 5706 :
1507 5661 1560 5706 at
1595 5653 1808 5706 codices
1843 5647 2080 5703 melioris

533 5720 1078 5790 liotzeottortﬁoawsc.

603 5787 713 5846 l70l
743 5787 882 5845 Ideni
914 5791 1067 5849 docet
1089 5791 1413 5848 Athanasius
1437 5791 1527 5847 lib.
1547 5791 1730 5847 Deum
1759 5830 1771 5850 .
1797 5806 1941 5846 num.
1970 5788 2073 5844 l3:

2185 4628 2283 4702 τὴν
2324 4629 2607 4684 κοινωνίαν
2651 4627 2751 4696 τῆς
2799 4626 3078 4695 ἀσεϐείας,
3110 4628 3298 4682 ὥσπερ
3327 4645 3381 4682 τι
3416 4627 3576 4697 μέλος
3607 4644 3749 4682 νενο-

2191 4879 2357 4951 Τοῦτο
2386 4878 2442 4931 δὲ
2473 4877 2854 4951 πεποιήκασιν,
2899 4877 3086 4948 ἐπειδὴ
3137 4875 3426 4951 κληθέντες
3477 4877 3747 4951 ἀπολογή-

2191 4949 2383 5003 σασθαι
2401 4941 2574 5021 έᾼφξοῖς
2596 4941 2770 5003 αὐτῶν
2789 4941 3032 5021 πλεῖστοι
3061 4941 3419 5021 κατηγόρουν,
3442 4949 3543 5021 φὺκ
3565 4941 3742 5021 κέ,

2189 5037 2380 5090 τησαν.
2409 5019 2537 5090 Ideo
2570 5029 2739 5090 ardent
2777 5020 2873 5072 hoc
2903 5019 3153 5089 fecerunt,
3186 5020 3324 5088 quod
3357 5019 3410 5072 in
3433 5019 3525 5088 jus
3555 5019 3744 5084 vocali,

2189 5101 2243 5142 ut
2270 5108 2299 5142 a
2332 5089 2510 5142 multis
2538 5089 2731 5143 allatas
2760 5092 3032 5142 adversum
3063 5104 3117 5142 ac
3150 5091 3542 5143 criminationes
3569 5091 3744 5153 depcl-

2189 5160 2375 5224 lereut,
2406 5175 2510 5213 non
2555 5161 3004 5228 comparuissenta
3029 5157 3290 5227 Loquitur
3321 5160 3651 5214 Athanasius
3680 5161 3744 5214 de

2189 5229 2477 5298 episcoiiis,
2513 5230 2602 5298 qui
2634 5226 2682 5282 in
2723 5230 2955 5282 concilio
2983 5226 3310 5284 Seleucicnsi
3363 5240 3452 5282 aut
3493 5229 3740 5297 depositi,

2192 5310 2286 5353 aut
2310 5301 2684 5352 communione
2717 5299 2911 5368 privati
2942 5299 3178 5352 fuerunt.
3206 5299 3556 5353 Athanasium
3589 5313 3741 5351 secuo

2189 5379 2273 5439 tus
2318 5370 2568 5424 Socrates
2603 5370 2692 5422 lib.
2749 5384 2808 5430 Il,
2845 5384 2964 5439 cap.
3013 5370 3100 5436 40,
3145 5370 3214 5422 ita
3269 5369 3481 5434 scripsit
3529 5386 3544 5422 :
3583 5369 3744 5439 Emi.

2185 5435 2278 5492 οὖν
2306 5439 2564 5503 πολλάκις
2597 5435 2924 5508 καλούμενοί
2968 5440 3065 5493 οὐκ
3121 5439 3460 5508 ἀπήντησαν,
3501 5437 3744 5492 καθεῖλον

2186 5457 2278 5492 ουν
2306 5457 2564 5503 πολλακις
2597 5457 2760 5492 καλου
2809 5457 2917 5492 ενοι
2968 5457 3065 5493 ουκ
3121 5457 3460 5508 απηντησαν,
3501 5457 3743 5492 καυειλον

2186 5511 2348 5563 αὐτόν
2377 5527 2435 5563 τε
2465 5511 2733 5572 ’Δκάκιον,
2767 5457 3035 5580 ίέεώργιον
3057 5507 3604 5580 Ἀλεξανδρείαθεια
3638 5509 3743 5563 Sed

2187 5583 2432 5649 quoniam
2467 5583 2658 5647 awpiur
2714 5578 2952 5634 accersiti
3012 5578 3618 5649 venireidelrectabant,
3651 5581 3742 5630 dc-

2186 5648 2473 5718 poaucrunt
2523 5661 2569 5706 cl
2619 5651 2785 5718 ipsum
2847 5651 3118 5716 Acacium,
3183 5648 3464 5720 Georgium
3516 5649 3740 5704 Alexan-

2185 5722 2335 5788 drt'a',
2365 5731 2467 5777 etc.
