4026 6442
545 374 651 424 507

541 572 953 640 posterioribus,
978 578 1215 645 priorum
1249 586 1446 654 agmini
1487 602 1740 646 concessa
1776 594 2023 652 victoria.

607 873 733 930 Bas.
758 877 894 944 Quid
919 878 1087 937 dicis?
1120 884 1430 945 Palmamne
1453 892 1639 948 demus
1661 898 2093 969 antiquioribus?

537 980 606 1018 ne
636 981 978 1026 revereamur
1006 975 1400 1034 multitudinem
1432 982 1887 1053 Christianorum,
1921 1004 2092 1059 neque

535 1073 722 1114 eorum
749 1063 842 1132 qui
881 1081 1021 1120 nunc
1058 1078 1212 1133 sunt,
1245 1085 1419 1141 neque
1462 1090 1646 1130 eorum
1704 1081 1796 1150 qui
1851 1080 2092 1148 fuerunt,

535 1162 603 1203 ex
640 1166 747 1219 quo
776 1155 1119 1222 praedicatum
1151 1169 1234 1214 est
1256 1159 1652 1232 Evangelium?
1681 1185 1748 1224 ne
1783 1178 2089 1238 reputemus

536 1241 850 1311 dignitatem
902 1260 1111 1315 eorum,
1145 1252 1238 1321 qui
1293 1255 1444 1310 donis
1495 1258 1866 1326 spiritualibus
1913 1261 2092 1330 cujus-

533 1347 744 1404 cunque
773 1342 985 1407 generis
1019 1341 1350 1410 claruerunt,
1395 1349 1590 1418 quibus
1633 1351 1878 1408 omnibus
1907 1354 2088 1408 inimi-

531 1439 650 1479 cam
684 1436 734 1480 et
759 1429 1039 1486 adversam
1065 1435 1204 1490 lianc
1237 1437 1378 1492 viam
1406 1441 1695 1511 impietatis
1715 1457 1901 1500 recens
1929 1459 2086 1499 exco-

531 1516 710 1584 gitasti
748 1536 762 1575 :
794 1522 886 1575 sed
911 1523 1106 1578 clausis
1139 1541 1361 1595 prorsus
1387 1533 1579 1585 animae
1612 1532 1806 1598 oculis,
1837 1545 1889 1590 el
1913 1535 2082 1589 sancti

529 1606 818 1675 cujuslibet
870 1613 968 1665 viri
1027 1619 1285 1672 memoria
1332 1621 1486 1689 211
1531 1636 1561 1675 e
1608 1634 1789 1678 mente
1837 1624 2079 1691 depulsa:

528 1703 894 1770 unusquisque
925 1718 1020 1759 cor
1045 1718 1284 1762 nostrum
1314 1714 1541 1765 otiosum
1574 1727 1636 1768 ac
1664 1722 1940 1783 purgatum
1994 1730 2083 1768 ca-

526 1790 794 1857 ptionibus
815 1810 876 1848 ac
908 1797 1250 1865 sophismatis
1272 1802 1376 1857 tuis
1392 1804 1714 1860 subdamus?
1741 1803 1928 1874 Magna
1957 1822 2078 1876 pro-

527 1881 668 1935 fecto
702 1883 840 1938 foret
868 1895 954 1940 tua
994 1891 1256 1956 potentia,
1292 1893 1335 1947 si
1362 1911 1478 1963 qua:
1511 1893 1788 1962 multiplici
1829 1912 1926 1951 suo
1957 1897 2080 1952 arti-

526 1973 646 2027 licio
676 1975 918 2032 diabolus
941 1993 1264 2038 consecutus
1298 2000 1400 2037 nan
1428 1990 1528 2047 est,
1561 1999 1623 2038 ea
1653 1985 1746 2039 tibi
1771 1986 1886 2042 solo
1914 1989 2080 2056 impc-

525 2067 605 2119 rio
630 2071 841 2134 assequi
865 2073 1203 2142 contingeret
1230 2096 1242 2129 :
1269 2076 1310 2128 si
1342 2074 1592 2130 videlicet
1617 2092 1872 2146 persuasu
1909 2095 1971 2134 ac
2000 2082 2078 2134 iu-

521 2157 684 2211 ductu
721 2168 810 2214 tuo
856 2164 1198 2219 traditionem
1238 2181 1357 2234 qua:
1401 2181 1495 2236 per
1539 2173 1871 2237 praeteritum
1918 2188 2078 2228 omne

524 2258 734 2321 tempus
765 2255 903 2322 apud
934 2265 1009 2306 tot
1028 2265 1240 2311 sanctos
1263 2258 1512 2324 obtinuit,
1534 2259 1695 2329 impio
1725 2273 1907 2316 vestro
1939 2278 2080 2316 com-

524 2356 706 2398 mento
744 2355 1209 2413 postponeremus.
1253 2347 1387 2403 Huic
1433 2360 1612 2404 autem
1653 2355 1784 2406 satis
1832 2368 1936 2406 non
1971 2363 2074 2416 est,

519 2448 706 2487 eorum
728 2436 1092 2505 duntaxatqui
1117 2452 1258 2491 nunc
1288 2439 1511 2494 audiunt
1539 2441 1776 2494 animum
1813 2457 2072 2510 avocare;

517 2524 613 2577 sed
657 2525 894 2593 postulat
923 2527 1110 2592 etiam,
1142 2540 1200 2581 ut
1250 2529 1285 2583 ii
1328 2531 1419 2600 qui
1448 2533 1696 2601 deinceps
1741 2534 1973 2588 libellum
2005 2537 2077 2591 le-

517 2614 659 2667 cturi
717 2625 857 2681 sunt,
901 2617 1137 2673 habeant
1169 2628 1402 2675 mentem
1436 2623 1701 2676 eamdem.
1739 2623 1783 2678 O
1839 2625 2070 2680 fastum!

520 2715 708 2770 putare
737 2706 930 2759 librum
961 2710 1059 2762 sibi
1092 2711 1250 2763 etiam
1303 2712 1355 2764 in
1399 2722 1672 2780 posterum
1726 2717 2071 2782 superstitem

516 2797 650 2862 fore,
698 2810 754 2852 et
803 2800 1115 2853 memoriam
1144 2816 1295 2854 suam
1333 2818 1601 2872 nunquam
1646 2805 1960 2873 perituram.
2009 2806 2075 2862 Et

516 2905 656 2943 nunc
685 2891 901 2958 quidem
933 2901 1211 2962 tantopere
1241 2894 1555 2950 intumescit
1607 2895 1698 2964 qui
1748 2896 1903 2965 paulo
1950 2903 2074 2964 post

515 2981 656 3049 apud
682 2982 955 3037 auditores
988 2982 1213 3051 ioculari
1241 2988 1470 3054 quadam
1511 2986 1852 3042 simulatione
1879 2987 2069 3055 Utitur,

512 3071 664 3139 quasi
694 3073 887 3127 fastum
912 3089 1123 3131 omnem
1154 3076 1447 3146 negligens,
1474 3076 1678 3148 sicque
1735 3093 1869 3149 quos
1917 3079 2074 3136 ﬁnxit

508 3164 716 3232 judices
740 3167 1032 3237 alloquens.

581 3498 714 3554 Eun.
747 3501 827 3554 Ad
875 3503 1008 3567 haec,
1057 3514 1229 3571 neque
1269 3503 1424 3557 nobis
1460 3507 1843 3570 succenseatis,
1887 3508 1928 3561 si
1963 3508 2068 3562 fas~

511 3599 623 3644 tum
647 3593 975 3663 negligentes
1007 3611 1068 3648 ac
1100 3594 1369 3656 timorem,
1405 3597 1697 3665 gratiaeque
1742 3601 1989 3666 praesenti
2015 3611 2069 3653 et

511 3685 788 3738 securitati
827 3685 1171 3753 praeferentes
1200 3688 1552 3742 securitatem
1589 3690 1654 3743 ad
1700 3690 1879 3746 futura
1940 3693 2067 3746 atti-

506 3784 744 3840 nentem,
779 3785 938 3843 atque
977 3777 1270 3831 intentatas
1302 3779 1482 3848 impiis
1507 3779 1678 3834 minas
1708 3783 1877 3852 magis
1905 3797 2065 3852 quam

530 3879 771 3919 errenam
801 3881 1012 3921 omnem
1046 3869 1388 3923 alliictionem
1432 3887 1495 3925 ac
1527 3884 1751 3925 mortem
1792 3884 2063 3943 tempora-

513 3972 610 4010 .em
639 3959 947 4012 metuendas
975 3974 1094 4014 esse
1119 3961 1387 4026 arbitrati,
1413 3963 1693 4016 veritatem
1727 3965 1922 4017 nudam
1948 3969 2064 4020 abs-

506 4064 611 4116 que
632 4050 736 4105 ullo
759 4051 1019 4108 velamine
1048 4067 1400 4123 exponamus.

571 4247 693 4303 Bas.
724 4248 894 4315 Quam
917 4255 1184 4319 super-bim
1212 4255 1714 4310 immoderatiouem
1768 4259 1881 4312 haec
1935 4271 2059 4311 ver-

501 4341 687 4394 borum
715 4358 905 4412 pompa
937 4359 1039 4396 non
1069 4346 1316 4397 excedit?
1344 4346 1479 4411 Quin
1506 4347 1658 4398 adest
1677 4348 1869 4400 cavillo
1895 4350 2057 4402 etiam

501 4434 820 4487 contumelia
877 4435 928 4487 iu
959 4436 1201 4501 iudices:
1269 4437 1556 4505 siquidem,
1591 4447 1876 4506 propterea
1913 4443 2059 4509 quod

499 4525 637 4576 bona
674 4539 814 4592 aegre
871 4524 1068 4589 ferant,
1105 4528 1190 4580 vix
1250 4537 1468 4596 possunt
1522 4529 1654 4597 quin
1701 4542 2057 4584 succenseant

1864 388 1919 441 S.
1963 389 2206 444 BASILII
2247 391 2466 450 MAGNI

548 482 862 550 dignitatum
899 485 1079 539 habita
1134 499 1382 559 ratione;
1429 510 1600 565 neque
1642 515 1798 557 aures
1841 505 2068 561 obturar.

548 572 928 595 nn-an_2-_:l---_
981 578 1084 595 ___s-_
1375 586 1385 595 .
1435 586 1446 595 .
1815 594 1820 595 ,

2169 528 2294 572 ητας
2320 511 2465 582 (77)’
2518 515 2652 587 μήτε
2705 516 2811 589 μὴν
2858 518 3128 590 ἀξιώμασι
3165 524 3529 595 προσέχοντας

3647 416 3752 473 508

3577 533 3751 602 ἀμαυ-

2199 601 2417 672 ροῦσθαι
2455 604 2552 676 τὴν
2598 606 2853 674 διάνοιαν,
2897 609 2931 680 ἦ
2991 614 3055 683 τῇ
3085 615 3253 679 -τάξει
3301 616 3408 670 τῶν
3458 621 3751 689 προλαϐόν-

2194 712 2298 747 των
2326 695 2385 748 τὸ
2419 697 2577 751 πλέον
2606 699 2884 771 νέμοντας,
2923 705 3289 777 ἀποφράττειν
3318 712 3414 775 τὰς
3442 713 3609 778 ἀκοὰς
3641 719 3750 779 τοῖς

2197 787 2459 858 ὑστέροις.

2261 900 2406 955 ΒΛΣ.
2440 904 2504 958 Τί
2535 905 2738 975 λέγεις;
2774 910 2864 981 Μὴ
2897 911 3166 982 νείμωμεν
3195 917 3254 968 τὸ
3283 919 3442 972 πλέον
3475 922 3585 982 τοῖς
3620 938 3749 991 προ-

2190 989 2453 1060 λαϐοῦσι;
2505 998 2577 1069 μὴ
2633 1001 2966 1074 αίδεσθῶμεν
3017 1005 3077 1057 τὸ
3133 1005 3335 1075 πλῆθος
3387 1014 3496 1069 τῶν
3543 1031 3601 1066 τε
3652 1016 3746 1068 νῦν

2189 1083 2354 1137 ὄντων
2391 1088 2745 1157 Χριστιανῶν,
2789 1096 2881 1148 καὶ
2927 1096 3032 1149 τῶν
3074 1097 3184 1149 ὅσοι
3224 1101 3508 1167 γεγόνασιν
3563 1107 3654 1177 ἀφ’
3685 1100 3744 1158 οὗ

2191 1177 2496 1250 κατηγγέλη
2545 1180 2604 1234 τὸ
2642 1181 3000 1252 Εὑαγγέλιον;
3043 1189 3115 1260 μὴ
3149 1188 3488 1261 λογισώμεθα
3533 1199 3592 1251 τὺ
3634 1196 3747 1263 ἀξί-

2187 1283 2311 1336 ωμα
2340 1267 2446 1320 τῶν
2474 1272 2531 1323 ἐν
2565 1272 2831 1338 παντοίοις
2857 1279 3155 1350 χαρίσμασι
3189 1283 3552 1349 ὃιαφανέντων
3589 1303 3748 1343 πνευ-

2191 1363 2455 1429 ματικοῖς,
2481 1359 2562 1427 οἷς
2605 1366 2801 1420 ἅπασιν
2830 1369 3029 1439 ἐχθρὰν
3065 1373 3156 1425 καὶ
3203 1374 3465 1445 πολεμίαν
3508 1378 3606 1447 τὴν
3651 1399 3747 1434 πο-

2185 1453 2354 1524 νηρὰν
2404 1455 2517 1509 ὁδὸν
2571 1458 2770 1528 ταύτην
2816 1461 2914 1532 τῆς
2977 1463 3225 1530 ἀσεϐείας
3280 1467 3742 1537 ἐκαινοτόμησαςς

2185 1544 2318 1596 ἀλλὰ
2361 1546 2624 1615 μύσαντες
2657 1550 2986 1616 ἁπαξαπλῶς
3030 1556 3156 1618 τοὺς
3200 1559 3299 1627 τῆς
3344 1560 3519 1630 ψυχῆς
3549 1561 3745 1626 οφθαλ-

2187 1634 2337 1700 μοὺς,
2381 1635 2472 1687 καὶ
2504 1640 2700 1702 παντὸς
2735 1642 2885 1710 ἁγίου
2927 1645 3143 1714 μνήμην
3175 1647 3274 1716 τῆς
3313 1649 3548 1713 διανοίας
3578 1650 3746 1719 ὑπερ.

2182 1724 2478 1794 ορίσαντες,
2525 1731 2884 1800 σχολάζουσαν
2914 1735 3006 1788 καὶ
3052 1742 3437 1812 σεσαρωμένην
3480 1743 3577 1811 τὴν
3620 1743 3746 1794 ἐαυ-

2180 1815 2272 1867 τοῦ
2318 1819 2540 1889 καρδίαν
2570 1822 2795 1889 ἕκαστος
2825 1828 2942 1889 ταῖς
2986 1835 3340 1898 παραγωγαῖς
3372 1850 3463 1885 σου
3506 1835 3599 1887 καὶ
3631 1836 3745 1897 τοῖς

2180 1907 2474 1978 σοφίσμασι
2522 1913 2773 1985 φέροντες
2826 1921 3141 1990 ὑποοῶμενς
3199 1923 3452 1995 Μεγάλης
3506 1926 3742 1997 μέντ’ἃν

2177 1999 2295 2069 εἴης
2326 2003 2424 2070 τῆς
2466 2003 2777 2072 δυναστείας
2827 2013 3245 2083 ἐπειλημμένος,
3297 2017 3453 2087 εἴπερ
3499 2012 3572 2070 ὧν
3622 2018 3743 2077 ταῖς

2177 2091 2446 2156 ποικίλαις
2505 2096 2696 2152 ἑαυτοῦ
2760 2101 3057 2171 μεθοδείαις
3125 2105 3152 2155 ὁ
3205 2105 3444 2170 διάϐολος
3497 2110 3597 2161 οὐκ
3642 2109 3740 2159 ἐπ-

2177 2185 2355 2257 έτυχε,
2389 2187 2590 2242 τούτων
2641 2211 2719 2246 σοι
2745 2198 2923 2264 τυχεῖν
2951 2195 3010 2259 ἐξ
3035 2198 3400 2268 ἐπιτάγματος
3425 2202 3704 2273 περιέσται
3724 2217 3738 2231 ο

2177 2279 2271 2330 ἐάν
2317 2297 2439 2351 περ,
2476 2283 2784 2349 πεισθέντες
2837 2303 2934 2351 σοι,
2979 2287 3075 2359 τὴν
3121 2290 3177 2340 ἐν
3213 2293 3373 2345 παντὶ
3417 2294 3494 2363 τῷ
3539 2294 3744 2363 παρελ-

2176 2367 2320 2422 θόντι
2381 2373 2552 2444 χρόνῳ
2610 2376 2712 2428 ὑπὸ
2777 2378 3041 2432 τοσούτων
3103 2382 3270 2449 ἁγίων
3337 2388 3742 2456 κεκρατηκυῖαν

2175 2461 2468 2527 παράδοσιν
2511 2465 2834 2537 ἀτιμοτέραν
2872 2469 2979 2538 (78)
3014 2473 3284 2544 κρίνωμεν
3324 2479 3420 2547 τῆς
3449 2477 3740 2542 δυσσεϐοῦς

2176 2550 2327 2620 ὑμῶν
2359 2554 2616 2618 ἐπινοίας.
2643 2557 2731 2627 Τῷ
2764 2559 2818 2611 δὲ
2867 2561 2966 2612 οὐκ
3015 2561 3234 2633 ἐξαρκεῖ
3279 2569 3436 2636 μόνον
3487 2569 3596 2620 τῶν
3645 2568 3739 2621 νῦν

2175 2643 2472 2697 ἀκουόντων
2510 2647 2635 2709 τοὺς
2673 2648 2961 2720 λογισμοὺς
2993 2653 3300 2722 ὑφελέσθαι,
3331 2656 3443 2707 ἀλλ’
3469 2657 3613 2719 ἀξιοῖ
3646 2660 3738 2711 καὶ

2172 2736 2297 2799 τοὺς
2327 2735 2546 2808 ὕστερον
2582 2755 2708 2793 ποτε
2745 2745 3128 2813 συνεσομένους
3160 2733 3235 2814 τῷ
3277 2744 3417 2815 λόγῳ
3440 2747 3538 2817 τὴν
3571 2748 3737 2818 αὐτὴν

2174 2824 2316 2893 ἔχειν
2344 2827 2586 2899 γνώμην.
2618 2832 2681 2882 ’Ὠ
2717 2835 2814 2902 τῆς
2845 2832 3192 2898 ἁλαζονείαςί
3225 2836 3285 2888 τὸ
3315 2837 3407 2888 καὶ
3457 2840 3536 2900 είς
3586 2837 3741 2892 ὓστε-

2176 2930 2265 2986 ρον
2300 2918 2407 2984 (79)
2434 2921 2637 2974 οἴεσθαι
2672 2923 2817 2994 αὐτῷ
2839 2924 3140 2996 διαρκέσειν
3158 2927 3247 2980 τὸν
3279 2928 3454 2998 λόγον,
3482 2931 3578 2984 καὶ
3609 2930 3739 2986 ἀθά.

2174 3024 2327 3060 νατον
2354 3014 2430 3072 εξς
2464 3013 2554 3064 τὸν
2585 3016 2801 3067 ἐπιόντα
2836 3018 3023 3086 χρόνον
3052 3021 3148 3089 τὴν
3183 3022 3400 3092 μνήμην
3433 3021 3596 3075 αύτοῦ
3635 3039 3734 3091 φυ-

2176 3099 2554 3170 λαχθήσεσθαι.
2583 3106 2692 3156 Καὶ
2731 3105 2901 3158 ταῦτα
2938 3109 3030 3161 νῦν
3067 3112 3524 3175 ἀπαυθαδιάζεται
3551 3119 3578 3167 ὁ
3624 3115 3735 3183 μετ’

2101 3201 2141 3256 C
2175 3192 2328 3259 ὀλίγα
2372 3196 2506 3265 πρὸς
2551 3197 2676 3261 τοὺς
2735 3199 3115 3270 ἀκροωμένους
3157 3202 3616 3275 διαθρυπτόμενος
3661 3208 3735 3273 ὡς

2176 3281 2342 3351 τύφου
2379 3287 2573 3350 παντὸς
2601 3289 2835 3359 ἀμελῶν,
2861 3291 3059 3343 οὑτωσὶ
3092 3292 3263 3361 λέγων
3290 3298 3400 3358 τοῖς
3433 3298 3490 3348 ἐν
3514 3299 3592 3369 τῷ
3618 3300 3738 3371 δρά-

2179 3390 2306 3443 ματι
2340 3377 2636 3442 δικασταῖς.

2244 3490 2403 3546 ΕΥΝ.
2433 3493 2574 3560 Πρὸς
2605 3494 2660 3546 δὲ
2688 3494 2898 3560 τούτοις
2925 3497 3058 3567 μηδὲ
3102 3499 3231 3568 ἡμῖν
3260 3500 3619 3568 χαλεπαίνειν,
3651 3505 3731 3565 εί,

2173 3581 2340 3650 τύφου
2378 3584 2473 3652 μὲν
2517 3586 2886 3655 ἀμελήσαντες
2916 3589 3008 3640 καὶ
3049 3589 3233 3656 φόϐου,
3279 3590 3376 3660 τῆς
3422 3591 3478 3645 δὲ
3522 3612 3730 3664 παραυ-

2171 3674 2300 3728 τίκα
2336 3675 2558 3748 χάριτος
2592 3679 2682 3730 καὶ
2726 3680 3022 3747 ἀσφαλείας
3053 3680 3149 3747 τὴν
3185 3681 3321 3752 ὑπὲρ
3359 3684 3464 3735 τῶν
3514 3686 3731 3753 μελλόν⁴

2172 3785 2277 3820 των
2303 3768 2482 3822 ἄδειαν
2523 3773 2969 3841 προτιμήσαντες,
3005 3772 3098 3823 καὶ
3141 3773 3316 3842 πάσης
3346 3777 3588 3842 ἐπιγείου
3631 3796 3732 3830 κα-

2173 3857 2466 3920 κοπαθείας
2512 3858 2737 3911 θανάτου
2767 3876 2825 3910 τε
2864 3861 3196 3934 προσκαίρου
3235 3865 3610 3936 φοϐερωτέραν
3637 3868 3731 3938 τὴν

2171 3947 2309 4000 κατὰ
2356 3949 2460 4000 τῶν
2491 3950 2696 4001 ἀσεϐῶν
2728 3950 3035 4020 ὡρισμένην
3076 3954 3302 4023 ἀπειλὴν
3345 3950 3482 4006 εἶναι
3515 3957 3732 4025 κρίναν-

2169 4055 2282 4099 τες,
2315 4040 2510 4102 παντὸς
2557 4038 2999 4110 ἐπικαλύμματος
3040 4044 3248 4114 γυμνὴν
3281 4044 3598 4114 ἐκτιθέμεθα
3633 4048 3730 4119 τὴν

2168 4128 2439 4200 ἀλήθειαν.

2237 4242 2380 4295 ΒΑΣ.
2417 4244 2581 4306 Ποίας
2630 4243 2938 4309 ἀλαζονείας
2983 4245 3283 4318 ὑπερϐολὴν
3311 4247 3339 4298 ὁ
3381 4247 3592 4316 κόμπος
3641 4245 3730 4302 οὗ·

2166 4348 2253 4393 τος
2300 4333 2403 4385 τῶν
2452 4335 2620 4403 λόγων
2671 4338 2766 4406 οὐχ
2817 4338 3141 4410 ύπεραίρει;
3192 4339 3299 4391 Καὶ
3351 4340 3612 4409 πρόσεστι
3662 4344 3724 4410 τῇ

2167 4427 2414 4496 εἰρωνεία
2443 4430 2533 4479 καὶ
2564 4427 2717 4498 ὕϐρις
2753 4429 2891 4482 κατά
2925 4429 3030 4481 τῶν
3073 4429 3398 4493 δικαζόντων
3420 4447 3432 4459 ·
3463 4430 3620 4500 εἴπερ
3653 4433 3727 4500 τῷ

2166 4515 2299 4585 πρὸς
2331 4517 2397 4569 τὰ
2425 4518 2563 4570 καλὰ
2601 4519 2872 4588 δυσχερῶς
2914 4519 3054 4586 ἔχειν
3089 4521 3238 4587 μόλις
3284 4521 3601 4589 κατέχονται
3631 4540 3726 4590 χα-

500 4616 637 4680 viro,
672 4617 761 4683 qui
798 4618 1016 4688 negligit
1044 4620 1236 4672 fastum
1255 4637 1318 4674 ac
1350 4630 1609 4674 tumorem
1636 4639 1651 4685 ;
1681 4621 1769 4688 qui
1804 4632 2054 4688 spectan-

2169 4608 2496 4670 i.ar.at:'vov:3;
2519 4609 2801 4678 ἀμελοῦντι
2831 4609 2926 4677 μέν
2961 4609 3249 4671 αὐθαδείας
3271 4611 3363 4661 καὶ
3387 4611 3556 4677 τύφου
3590 4612 3719 4678 (80),

501 4714 608 4758 tem
655 4705 719 4760 ad
755 4705 930 4759 futura
965 4709 1301 4761 securitatem
1342 4710 1590 4776 prmsenti
1633 4723 1740 4762 suae
1773 4710 2052 4762 securitati

497 4795 804 4862 anteponit;
839 4795 929 4863 qui
955 4795 1187 4848 futurum
1215 4796 1530 4864 supplicium
1569 4807 1738 4852 morte
1765 4799 2052 4866 temporali

496 4885 808 4940 horribilius
844 4887 1063 4954 judicat.
1100 4886 1238 4951 Quid
1291 4899 1465 4941 autem
1500 4890 1604 4943 hoc
1625 4891 1727 4942 sibi
1764 4890 1921 4943 vult?
1955 4890 2052 4958 Ne,

495 4977 614 5042 viri,
645 4979 1006 5032 succenseatis
1050 4978 1197 5044 mihi,
1239 4980 1329 5048 qui
1359 4980 1423 5032 ad
1464 4981 1633 5048 ipsum
1671 4983 1894 5035 virtutis
1920 4984 2034 5052 api-

707 5224 838 5300 Beg.
870 5229 1058 5283 tertius
1088 5230 1440 5300 συνάψαντας.

560 5293 687 5372 (78)-
710 5295 837 5372 lleg.
862 5311 1086 5372 quartus
1112 5293 1382 5371 κρινοῖμεν
1406 5293 1435 5355 ίι
1465 5317 1567 5368 quo
1596 5302 1647 5355 in
1696 5305 1882 5358 codice
1908 5303 2032 5372 legi-

485 5370 573 5442 tur
601 5366 810 5442 quidem
837 5371 1113 5442 περινοίας
1149 5366 1162 5422 Ξ
1190 5366 1370 5424 εεάῖιλ
1398 5366 1596 5436 tamen,
1629 5383 1686 5426 ut
1720 5391 1841 5427 vera
1872 5366 2037 5442 lectio

486 5433 727 5495 ἐπινοίας
761 5437 812 5487 in
837 5433 928 5489 ora
958 5439 1076 5491 libri
1108 5442 1283 5492 addita
1315 5443 1404 5494 sit.

485 5571 507 5585 η
554 5504 661 5571 (79)
712 5504 850 5559 Editi
907 5509 1001 5559 καὶ
1035 5508 1275 5581 ὕστερον.
1331 5512 1554 5569 Codices
1601 5528 1702 5566 non
1741 5514 1894 5582 pauci
1958 5517 2038 5577 είς

484 5590 606 5625 υστε
617 5590 720 5640 ρον.

553 5643 664 5714 (80)
697 5645 893 5698 Horum
949 5649 1230 5703 verborum
1279 5665 1338 5703 ea
1372 5661 1454 5705 est
1494 5653 1755 5707 sententia
1791 5669 1803 5703 :
1854 5652 2034 5707 Euno-

483 5715 620 5769 mius
645 5715 697 5768 in
730 5732 853 5770 suos
877 5716 1086 5784 judices
1111 5723 1524 5775 contumeliosus
1553 5733 1658 5781 est,
1693 5738 1812 5774 cum
1846 5725 1910 5775 de
1950 5739 2028 5778 eis

482 5788 554 5838 ita
586 5784 830 5852 loquatur
862 5790 1010 5852 quasi
1039 5804 1126 5844 res
1162 5791 1450 5847 laudandus
1476 5793 1655 5849 animo
1683 5793 1863 5853 iniquo
1886 5793 2027 5850 ferre

2152 4703 2250 4770 τῆς
2290 4701 2345 4752 δὲ
2374 4703 2430 4752 ἐν
2461 4701 2538 4771 τῷ
2569 4703 2793 4772 παρόντι
2818 4703 3120 4770 ἀσφαλείας
3149 4704 3247 4774 τὴν
3282 4704 3422 4775 ὑπὲρ
3452 4705 3561 4757 τῶν
3598 4706 3721 4774 μελ-

2151 4794 2347 4847 λόντων
2377 4794 2556 4846 ἄδειαν
2590 4795 2944 4866 προτιμῶντι,
2979 4797 3072 4848 καὶ
3111 4795 3202 4846 τοῦ
3251 4795 3582 4867 προσκαίρου
3628 4795 3720 4847 θα-

2151 4890 2308 4942 νάτου
2344 4887 2722 4958 φοϐερωτέραν
2774 4888 3010 4957 κρίνοντι
3054 4889 3153 4957 τὴν
3206 4889 3284 4951 εἰς
3333 4887 3558 4959 ὕστερον
3609 4888 3718 4958 (8|)

2141 4982 2376 5034 κόλασιν.
2419 4980 2586 5032 Τοῦτο
2613 4980 2668 5031 δέ
2697 4981 2812 5032 ἐστι
2861 4980 2946 5043 ti;
2992 4981 3082 5051 Μὴ
3116 4979 3468 5050 χαλεπαίνετέ
3517 4998 3630 5050 μοι,
3674 4975 3717 5035 ὦ

2148 5237 2467 5309 potuissent.
2527 5237 2680 5303 Mihi,
2739 5238 2935 5307 inquit,
2975 5254 3043 5293 ne
3105 5240 3513 5302 succenseatis,
3575 5243 3716 5309 quod

2147 5307 2341 5360 fastum
2398 5323 2459 5358 ac
2505 5319 2769 5362 tumorem
2829 5311 3174 5376 neglexerint,
3207 5321 3308 5364 etc.
3354 5310 3522 5362 Nemo
3571 5307 3712 5364 cnim

2146 5392 2250 5429 non
2277 5379 2418 5429 videt
2445 5377 2793 5438 Eunomium,
2831 5381 2873 5432 si
2917 5381 3072 5441 bene,
3107 5391 3163 5432 ut
3204 5395 3300 5448 par
3351 5389 3487 5443 crat,
3512 5381 3577 5432 de
3605 5385 3714 5434 suis

2139 5445 2411 5510 judicibus
2436 5448 2824 5510 existimasset,
2857 5464 3130 5517 nunquam
3164 5445 3347 5503 vcrbis
3377 5451 3450 5503 ita
3487 5451 3711 5519 injurio-

2142 5519 2215 5568 sis
2247 5531 2464 5568 usurum
2499 5520 2680 5570 fuisse.

2212 5584 2482 5656 (8i;_Libri
2515 5598 2722 5640 veteres
2745 5587 2823 5649 είς
2850 5586 3102 5656 ὕστερον.
3143 5589 3311 5642 Abest
3333 5591 3409 5649 εἰς
3455 5604 3482 5640 a
3517 5589 3711 5654 Vulga-

2140 5652 2227 5704 lis.
2260 5652 2366 5706 ΙΙυέ
2406 5656 2518 5722 ipso
2577 5657 2628 5708 in
2670 5657 2789 5710 loco
2843 5652 3179 5710 editi'To'Dro
3217 5659 3274 5710 δέ
3301 5660 3414 5709 ἐστι
3445 5652 3706 5712 τοιοῦτον.

2138 5724 2230 5786 Τίς
2260 5723 2379 5792 (sic)
2412 5725 2484 5797 μὴ
2528 5726 2916 5798 χαλεπαίνετε.
2955 5729 3175 5798 Antiqui
3210 5739 3315 5783 tres
3372 5729 3493 5783 libri
3557 5738 3612 5781 ut.
3659 5732 3706 5781 in

2135 5805 2406 5849 οοιιιυῐῑιι.
