4026 6430
208 376 314 433 509

1295 361 1662 421 ADVERSUS
1699 361 2066 420 EUNOMIUM
2104 362 2232 419 LIB.
2272 362 2314 419 l.
3344 366 3445 420 510

202 485 417 554 ἄνδρες,
449 477 581 553 πρὸς
627 477 757 530 αὑτὸ
800 477 858 529 τὸ
900 477 1198 549 ἀκρότατον
1239 474 1340 545 τῆς
1384 475 1582 547 ἀρετῆς
1624 473 1777 527 ἀνελ-

1883 490 1997 529 cem
2038 476 2389 546 ascendi,qui
2427 477 2731 531 transcendi
2781 486 3033 543 terrena,
3074 493 3137 533 ac
3164 494 3445 535 conversa-

203 574 372 638 θύντι,
414 574 507 625 καὶ
541 570 835 642 ὑπερϐάντι
881 571 976 641 μὲν
1030 568 1099 621 τὰ
1149 568 1333 638 γήϊνα,
1370 569 1550 620 πᾶσαν
1591 566 1648 619 δὲ
1681 566 1776 636 τὴν

205 664 481 717 πολιτείαν
512 666 590 728 εἰς
624 664 850 735 οὐρανὸν
885 662 1189 733 μεταθέντι.
1224 661 1428 725 Καινὸς
1456 652 1612 721 οὗτος
1648 658 1779 713 ἁλα-

206 754 418 817 ζονείας
442 755 659 825 τρόπος.
687 755 764 807 Δι’
787 748 860 808 ὧν
886 754 991 825 γὰρ
1020 753 1240 824 ἀμελεῖν
1280 752 1656 822 προσποιεῖται
1683 746 1775 801 τοῦ

202 846 399 915 τύφου,
431 848 568 917 πρὸς
605 847 702 918 τὴν
742 847 973 917 ἐσχάτην
1007 844 1267 913 φυσίωσιν
1309 843 1500 897 ἐαυτὸν
1545 841 1774 912 ὑπεραί-

207 957 312 1011 ρει.
351 941 413 992 Εί
460 940 567 1010 γὰρ
620 941 702 1009 ἐφ’
746 933 826 1001 οἷς
857 937 1182 991 ἐνδείκνυται
1239 934 1566 1004 συγγνώμης
1613 932 1777 996 ἀξίως

207 1034 494 1103 πράσσειν,
523 1031 621 1101 τῆς
651 1029 1004 1098 εὐαγγελικῆς
1038 1029 1308 1090 πολιτείας
1338 1025 1455 1078 ἐστ).
1496 1024 1565 1078 τὰ
1608 1022 1777 1091 κεφά-

208 1124 362 1187 λαια,
412 1124 649 1188 εἰκάζειν
696 1122 917 1191 ἀφίησιν
953 1121 1134 1174 ὁποῖόν
1184 1136 1304 1174 τινα
1362 1117 1525 1171 αὑτὸν
1559 1118 1614 1169 ἐν
1665 1117 1777 1178 τοῖς

208 1218 663 1289 κατωρθωμένοις
701 1215 948 1285 ἡγεῖσθαι
1000 1211 1265 1283 προσῆκε.
1316 1210 1500 1263 Ταῦτα
1542 1208 1637 1279 μὲν
1682 1202 1773 1259 οὖν

204 1307 407 1361 ὡσανεὶ
462 1306 785 1378 χαρακτῆρα
841 1305 938 1375 τῆς
996 1304 1122 1375 ὅλης
1168 1304 1336 1373 αὐτῆς
1406 1299 1776 1372 προαιρέσεως

206 1398 421 1468 ἔχοντα,
461 1396 670 1449 πολλῶν
717 1394 1227 1465 ἀποσιωπηθέντων,
1294 1392 1489 1454 ἱκανῶς
1532 1392 1773 1460 εἴρηται,

208 1491 301 1545 ἴνα
337 1492 403 1543 δι’
442 1483 515 1543 ὧν
552 1490 648 1559 μὲν
684 1487 965 1557 ἐψεύσατο,
1011 1487 1098 1540 τὸν
1146 1484 1355 1556 πατέρα
1407 1483 1499 1535 τοῦ
1548 1481 1778 1550 ψεύδους

207 1584 269 1635 ἐν
312 1580 461 1651 αὐτῷ
502 1580 761 1634 λαλοῦντα
805 1580 1189 1651 γνωρίσωμεν·
1228 1580 1290 1630 ἐκ
1333 1576 1389 1627 δὲ
1439 1572 1544 1626 τῶν
1578 1572 1777 1635 ἀλαζο-

204 1674 490 1743 νευμάτων
521 1672 625 1725 τίνι
670 1670 1161 1741 συγκατακέκριται
1200 1666 1554 1736 διδαχθῶμεν,
1592 1662 1776 1730 σαφῶς

205 1762 306 1817 τοῦ
355 1763 674 1815 Ἀποστόλου
733 1762 978 1829 λέγοντος
1019 1760 1106 1813 τὸν
1149 1756 1461 1825 τυφωθέντα
1490 1755 1569 1815 εἰς
1602 1754 1775 1824 κρῖμα

1883 567 2082 623 tionem
2122 581 2335 622 omnem
2369 567 2419 621 in
2453 567 2651 621 caelum
2704 570 2974 622 transtuli.
3022 567 3205 625 Novus
3246 572 3332 626 hic
3367 582 3447 626 est

1879 660 2202 727 arrogantia:
2230 658 2438 713 modus.
2462 657 2667 724 Quibus
2695 672 2925 728 namque
2954 659 3227 731 negligere
3255 677 3313 718 se
3342 663 3447 717 las-

1880 758 1990 805 tum
2024 750 2263 815 simulat,
2292 750 2481 804 iisdem
2512 766 2570 805 se
2603 750 2719 820 ipse
2744 750 2809 805 ad
2844 766 3110 806 summum
3154 755 3322 809 animi
3358 768 3448 809 tu-

1878 854 2083 895 morem
2117 839 2295 896 eﬂ'crt.
2331 841 2467 897 Nam
2518 842 2563 896 si
2618 841 2814 911 quibus
2841 842 3074 897 ostendit
3119 844 3278 897 venia
3329 860 3448 901 esse

1879 930 2036 1002 digna
2065 946 2185 1001 quae
2225 933 2384 1001 gerit,
2424 948 2486 987 ea
2526 933 2853 1003 evangelica:
2882 936 3010 988 vitze
3042 936 3215 1003 capita
3267 947 3394 991 sunt
3428 955 3443 1001 ;

1878 1018 2185 1084 conjectare
2217 1020 2368 1085 sinit,
2406 1022 2618 1091 qualem
2650 1038 2707 1077 se
2733 1024 2782 1076 in
2818 1023 3041 1093 reliquis
3069 1026 3323 1093 pmclare
3357 1044 3445 1098 ge-

1878 1110 1979 1166 stis
2007 1112 2191 1167 haberi
2223 1116 2530 1169 conveniat.
2561 1114 2630 1169 Et
2657 1117 2872 1185 quidem
2915 1117 3033 1171 haec
3065 1119 3262 1187 quibus
3303 1129 3446 1175 tctus

1879 1201 2021 1257 illius
2046 1206 2265 1259 animus
2303 1208 2455 1275 quasi
2487 1208 2829 1277 exprimitur,
2861 1208 3042 1264 multis
3067 1209 3278 1264 silentio
3310 1226 3445 1279 ιιι-ωε

1882 1297 2073 1363 teritis,
2107 1298 2317 1354 abunde
2342 1310 2635 1355 memorata
2667 1310 2828 1367 sunt;
2858 1309 2913 1354 ut
2944 1316 3038 1371 per
3061 1316 3122 1356 ea
3150 1317 3268 1373 quee
3300 1318 3446 1357 men-

1880 1388 2010 1442 titus
2035 1396 2138 1453 est,
2172 1400 2380 1459 patrem
2412 1391 2676 1448 mendacii
2705 1394 2756 1447 in
2782 1409 2846 1448 eo
2875 1393 3110 1449 locutum
3145 1411 3447 1465 cognosca-

1881 1494 1996 1532 mus
2022 1479 2088 1545 ⁸⁸,
2118 1482 2495 1552 discamusque
2517 1500 2582 1553 ex
2616 1485 2731 1552 ejus
2754 1488 3081 1556 arrogantia,
3111 1503 3343 1557 quocum
3374 1489 3446 1542 sit

1879 1569 2300 1638 condemnatus;
2335 1591 2453 1627 cum
2487 1586 2675 1646 aperte
2703 1578 2845 1631 dicat
2882 1576 3169 1645 Apostolus
3199 1579 3267 1642 ⁸⁷,
3306 1577 3445 1632 fastu

1879 1659 2139 1713 tumidum
2166 1663 2216 1716 in
2242 1665 2711 1735 diabolijudicium
2729 1669 2984 1723 incidere.
3002 1668 3119 1724 lam
3145 1669 3357 1724 tandem
3377 1671 3444 1724 ad

1878 1751 2302 1820 redarguendam
2339 1757 2668 1827 impietatem
2701 1761 3041 1817 accedamus.

201 1853 501 1924 ἐμπίπτειν
541 1852 633 1906 τοῦ
670 1851 946 1905 διαϐόλου·
996 1850 1079 1901 ἐπ’
1114 1848 1317 1927 αὑτοὺς,
1365 1846 1421 1898 δὲ
1466 1843 1652 1897 λοιπὸν
1692 1844 1818 1903 τοὺς
1856 1842 2110 1913 ἐλέγχους
2132 1846 2229 1918 τῆς
2260 1848 2513 1914 ἀσεϐείας
2543 1852 2804 1923 ἔλθωμεν.

280 1968 334 2022 4.
376 1968 564 2021 Πίστιν
607 1966 872 2021 ἐκτίθεται
921 1963 1132 2036 πρῶτον
1175 1963 1233 2029 ἐξ
1270 1961 1453 2017 ἁπλῶν
1514 1962 1607 2015 καὶ
1660 1958 1776 2012 ἀδι-

1949 1960 2001 2014 4.
2043 1961 2223 2018 Fidem
2250 1967 2497 2037 proponit
2524 1968 2755 2038 primum
2789 1985 2851 2024 ex
2896 1969 3231 2038 simplicibus
3257 1985 3320 2025 ac
3355 1986 3446 2023 va-

200 2060 440 2132 ορίστων
486 2059 681 2124 λέξεων
728 2057 1111 2128 συγκειμένην,
1210 2056 1507 2127 ἐχρήσαντο
1562 2051 1655 2105 καί
1698 2067 1777 2103 τι·-

204 2170 299 2215 νες
328 2152 441 2222 (82)
472 2152 579 2203 τῶν
610 2148 883 2220 Πατέρων,
933 2149 1053 2218 οὑχὶ
1095 2147 1230 2217 πρὸς
1272 2147 1524 2217 ζητήσεις
1558 2143 1778 2196 ὑποκει-

211 2244 382 2313 μένας
432 2242 867 2312 ἀποτεινόμενοι,
910 2241 1025 2294 ἀλλ’
1072 2237 1258 2301 ἁπλῶς
1294 2237 1466 2300 οὑτως
1516 2237 1599 2305 ἐφ’
1650 2237 1776 2289 ἐαυ-

205 2336 317 2389 τῶν
346 2335 457 2405 (85)
504 2336 561 2387 ἐν
612 2334 872 2403 ἁπλότητι
904 2332 1130 2405 καρδίας
1175 2329 1564 2399 διαλεγόμενοι.
1613 2326 1774 2379 Εἴτε

210 2426 307 2479 καὶ
337 2425 447 2497 (84)
475 2427 725 2496 Ἀρειος,
766 2424 840 2488 ῶς
886 2440 1047 2492 φασι,
1100 2419 1446 2489 σοφιζόμενος
1492 2416 1584 2469 τὸν
1624 2416 1775 2469 Ἀλέ-

210 2516 457 2587 ξανδρον,
495 2517 695 2586 ταύτην
739 2515 886 2585 αὑτῷ
923 2511 1269 2584 προετείνατο
1319 2511 1433 2580 (καὶ
1465 2511 1574 2580 γὰρ
1623 2510 1779 2563 τοῦτο

210 2611 502 2679 λέγουσιν),
530 2611 642 2661 ἀλλ’
664 2608 797 2679 ὁμοῦ
834 2608 931 2679 μὲν
958 2607 1160 2678 ταύτην
1191 2607 1266 2671 ὡς
1303 2607 1669 2679 ὁμολογοῦσαν
1709 2606 1777 2676 τῇ

210 2702 406 2755 ἑαυτοῦ
440 2699 631 2774 γνώμῃ
670 2700 987 2771 προῖσχεται
1026 2700 1112 2754 ὃιά
1154 2700 1245 2754 δύο
1279 2702 1608 2772 προφάσειςο
1649 2698 1778 2769 μίαν

214 2792 334 2863 μὲν,
369 2791 508 2844 ὣστε
536 2791 635 2860 τὴν
676 2790 775 2862 τῆς
812 2793 1161 2862 καινοτομίας
1204 2791 1454 2845 ὑπόνοιαν
1501 2791 1775 2858 ἐκφυγεῖν,

211 2887 273 2940 ὲν
302 2882 380 2956 τῷ
408 2875 506 2956 τῆν
546 2882 653 2937 τῶν
703 2883 961 2955 Πατέρων
1007 2884 1187 2936 πίστιν
1218 2882 1293 2945 ὼς
1334 2881 1507 2953 ὀρθῶς
1556 2880 1778 2948 ἔχουσαν

213 2976 607 3049 ἀποδέχεσθαι*
651 2975 841 3047 ἐτέραν
898 2975 975 3040 δὲ,
1018 2974 1109 3028 τοῦ
1160 2973 1367 3037 πάντας
1426 2970 1779 3043 ἀπροοράτως

212 3074 335 3134 ταῖς
366 3071 567 3139 πάγαις
610 3069 770 3122 αὑτοῦ
810 3068 917 3121 τῶν
952 3065 1296 3135 σοφισμάτων
1344 3066 1661 3135 περιπεσεῖν
1713 3067 1777 3136 τῇ

214 3162 477 3233 ἁπλότητι
513 3160 621 3213 τῶν
663 3159 915 3229 ῥημάτων
957 3157 1159 3210 τούτων
1219 3156 1778 3219 καταπιστεύσαντας.

228 3253 395 3324 Ὀμοῦ
426 3252 480 3304 δὲ
510 3252 725 3303 κάκεῖνο
757 3247 989 3299 συνεῖδεν
1030 3247 1163 3319 (85),
1190 3247 1272 3300 ὅτι
1312 3248 1407 3300 καὶ
1444 3245 1541 3317 τὴν
1586 3247 1779 3298 ἑαυτοῦ

1884 2053 1965 2125 gis
1987 2057 2211 2111 vocibus
2260 2062 2633 2128 compositam,
2685 2076 2785 2129 qua
2838 2062 3052 2130 quidam
3090 2076 3155 2115 ex
3192 2059 3445 2116 Patribus

1883 2147 1964 2201 nsi
1994 2157 2141 2211 sunt,
2173 2150 2238 2203 ad
2275 2153 2575 2221 propositas
2624 2154 2947 2222 quaestiones
2976 2169 3083 2208 non
3113 2155 3322 2219 attenti,
3352 2155 3446 2208 sed

1884 2237 2199 2306 simpliciter
2222 2242 2300 2295 sic
2326 2257 2354 2295 a
2380 2244 2572 2312 seipsis
2601 2245 2652 2298 in
2697 2243 3039 2315 simplicitate
3069 2246 3248 2300 cordis
3271 2246 3446 2300 disse-

1884 2339 2083 2385 rentes.
2117 2334 2433 2401 Quanquam
2483 2346 2660 2391 autem
2712 2337 2916 2404 Arius,
2979 2347 3039 2391 ut
3079 2338 3251 2401 aiunt,
3311 2340 3449 2392 hanc

1883 2421 2188 2477 Alexandro
2210 2425 2419 2490 obtulit,
2457 2426 2634 2497 ipsum
2680 2428 2841 2498 212
2876 2428 3149 2498 decipiens
3207 2429 3367 2499 (nam
3394 2440 3447 2483 et

1885 2512 1988 2568 hoc
2022 2512 2254 2586 dicunt),
2284 2515 2633 2572 nihilominus
2669 2527 2844 2572 tamen
2899 2520 3142 2574 eamdem
3191 2531 3447 2589 tanquam

1885 2618 1997 2659 suae
2023 2606 2190 2674 ipsius
2216 2608 2495 2662 sententiae
2519 2618 2937 2665 consentaneum
2988 2608 3193 2680 profert
3225 2622 3447 2681 propter

1885 2694 2019 2748 duas
2067 2709 2296 2748 causas:
2335 2696 2567 2763 primum
2602 2699 2849 2766 quidem,
2894 2708 2952 2753 ut
2995 2701 3285 2755 innovandi
3318 2701 3445 2756 ellu-

1885 2784 1996 2853 giat
2022 2786 2405 2853 suspicionem,
2443 2800 2564 2843 cum
2592 2786 2811 2842 Patrum
2858 2788 3015 2843 ﬁdem
3074 2799 3325 2859 tanquam
3357 2808 3445 2847 re-

1885 2885 2026 2930 ctam
2059 2877 2317 2944 suscipiat
2354 2897 2367 2934 :
2403 2879 2650 2945 alteram,
2685 2888 2745 2934 ut
2777 2894 2990 2947 omnes,
3023 2880 3310 2937 verborum
3355 2887 3446 2938 tto-

1886 2983 2005 3023 rum
2058 2970 2386 3038 simplicitati
2422 2971 2666 3027 adhibita
2719 2974 2844 3038 ﬁde,
2904 2975 3122 3028 incaute
3166 2976 3218 3028 in
3268 2978 3448 3046 sopbi-

1886 3072 2116 3117 smatum
2154 3064 2320 3135 ipsius
2348 3064 2569 3133 laqueos
2594 3065 2850 3119 incidant.
2877 3063 3048 3121 Simul
3073 3078 3253 3122 autem
3284 3070 3447 3123 etiam

1889 3154 2017 3209 illud
2053 3154 2337 3220 intellexit,
2390 3170 2448 3210 se
2499 3164 2554 3211 et
2598 3170 2748 3211 suam
2782 3156 2950 3226 ipsius
2979 3158 3301 3212 sententiam
3328 3173 3448 3227 spe-

1888 3243 2031 3298 ciosa
2064 3245 2297 3313 quadam
2324 3247 2533 3300 ratione
2560 3247 2734 3300 obiter
2759 3247 3129 3312 inducturum,
3182 3251 3226 3303 si
3255 3251 3447 3305 videli-

213 3343 443 3417 γνώμην
482 3339 849 3411 εὐπροσώποις
891 3339 1040 3412 αὑτῷ
1073 3342 1499 3411 παρεισαγαγεῖν
1528 3338 1777 3410 ὑπάρξει,

1884 3346 1967 3389 cet
1998 3335 2138 3390 dicta
2166 3334 2387 3389 Patrum
2421 3347 2734 3408 exponeret,
2766 3349 2818 3393 ct
2852 3340 3089 3396 maxime
3116 3341 3447 3412 impietatem

214 3434 565 3508 ὲξηγουμένῳ
603 3431 760 3501 δῆθεν
811 3430 879 3485 τὰ
926 3430 1034 3485 τῶν
1087 3431 1363 3503 Πατέρων,
1410 3430 1501 3483 καὶ
1554 3428 1785 3499 μάλιστα

220 3528 319 3598 μὲν
377 3524 641 3597 λήσασθαι
694 3522 935 3576 ἀσεϐῶψ
978 3524 1026 3575 εί
1073 3522 1116 3574 δ’
1168 3522 1273 3593 ἄρα
1326 3520 1419 3573 κα).
1471 3518 1782 3591 φωραθείη,

217 3619 457 3681 ἀναίτιος
502 3611 640 3672 εἶναι
683 3616 873 3679 δόξειν,
920 3614 993 3676 ὡς
1033 3612 1184 3665 οὐδὲν
1231 3612 1439 3665 οἴκοθεν
1491 3613 1609 3665 οὑδὲ
1655 3610 1783 3683 παρ’

214 3711 412 3765 ἑαυτοῦ
447 3729 499 3764 τι
533 3711 724 3778 λέγων,
763 3707 873 3759 ἀλλ’
904 3705 1185 3777 ἀλλοτρίας
1232 3704 1519 3775 γενόμενος
1549 3704 1787 3769 διανοίας

216 3801 511 3874 ἐξηγητής.
556 3802 643 3852 Ἐν
684 3793 728 3867 ᾧ
865 3796 959 3848 καὶ
1005 3796 1338 3864 γελοιότατόν
1377 3812 1430 3847 τι
1466 3794 1652 3850 παθὼν
1689 3796 1788 3848 οὑκ

216 3894 506 3966 ἐπῄσθετο.
567 3892 884 3955 Ἐπαινέσας
935 3888 1042 3961 γὰρ
1094 3889 1263 3960 αὑτὴν
1321 3888 1431 3958 (86)
1481 3887 1649 3941 πολλὰ
1696 3888 1789 3941 καὶ

220 3987 463 4059 μεγάλα,
503 3986 693 4057 μικρὸν
726 3985 950 4047 ὑποϐὰς,
978 3985 1090 4045 τοῖς
1128 3982 1424 4050 αἰσχίστοις
1453 3981 1612 4036 πάλιν
1652 3980 1789 4034 ὀνεί-

217 4079 333 4130 δεα-ι
382 4077 712 4146 περιϐάλλει.
755 4076 891 4127 Ἀλλ’
935 4076 1019 4126 ἵνα
1075 4072 1401 4144 σαφέστερον
1434 4072 1461 4124 ὃ
1519 4073 1663 4141 λέγω
1693 4073 1787 4142 γὲ-

218 4189 399 4243 νηται,
432 4169 569 4221 κατὰ
607 4169 744 4237 μέρη
770 4166 857 4218 τον
884 4166 1035 4232 λόγον
1062 4165 1365 4233 διελόμενος
1396 4163 1650 4227 ἐξετάσω.
1677 4166 1787 4217 Καὶ

220 4262 437 4336 πρῶτόν
460 4277 525 4330 γε
554 4259 647 4331 τὴν
680 4258 790 4328 (87)
836 4256 1013 4310 πίστιν
1147 4254 1487 4325 προτείνεται
1534 4254 1784 4323 καταμάο

218 4356 425 4425 θωμεν,
456 4352 622 4415 αὑτὰς
656 4350 754 4413 τὰς
787 4348 994 4402 ἐκείνου
1037 4350 1217 4417 φωνὰς
1258 4346 1643 4418 παραθέμενοι.

290 4447 450 4499 ΕΥΝ.
493 4444 603 4515 Τὴν
655 4443 710 4495 δὲ
758 4442 1081 4511 κρατοῦσαν,
1138 4442 1321 4510 φησὶν.
1381 4438 1583 4491 ἄνωθεν
1640 4437 1788 4509 παρά

216 4538 328 4592 τῶν
367 4538 620 4609 Πατέρων
667 4532 858 4603 εὐσεϐῆ
908 4533 1219 4604 παράδοσιν,
1264 4530 1450 4601 ὥσπερ
1488 4530 1606 4583 τινὰ
1649 4531 1788 4599 γνώ-

222 4645 359 4699 μονα
393 4629 487 4680 καὶ
516 4627 710 4680 κανόνα
752 4622 1156 4696 προεκθέμενοι,
1183 4621 1401 4694 ἀκριϐεῖ
1431 4620 1603 4690 τούτῳ
1651 4638 1787 4691 χρη-

221 4721 445 4794 σώμεθα
469 4720 577 4789 (88)
605 4719 869 4791 κριτηρίῳ
902 4716 1035 4787 πρὸς
1072 4716 1167 4788 τὴν
1195 4716 1301 4769 τῶν
1324 4714 1631 4784 λεγομένων
1666 4714 1784 4765 ἐπί-

219 4832 424 4889 κρίσιν.

292 4998 337 5029 ⁵⁸
360 4994 515 5050 Joan.
549 5010 666 5058 vm,
696 4992 782 5046 44.
855 4993 899 5024 ⁵⁷
933 4990 1109 5046 lTim.
1147 5005 1230 5057 ιιι,
1267 4990 1322 5047 6.

292 5134 566 5206 (82)Ει1ἰιί
601 5131 894 5206 ἐχρήσαντο
946 5131 1038 5206 καί
1093 5144 1255 5191 τινες.
1307 5125 1649 5206 νο-αιιιςιηκαί
1710 5128 1762 5179 in

220 5198 352 5262 mss.
388 5198 513 5259 'non
552 5198 836 5257 inveni—tur.
865 5202 1123 5255 Prreclara
1163 5200 1447 5257 sententia,
1495 5198 1765 5266 dignaque

221 5256 438 5332 insilio
460 5256 667 5343 Magno.
699 5272 1128 5343 Quotiescunque
1176 5256 1769 5343 igitt_tr_lt:eret.‘{_'i_pi‘o-

222 5348 402 5400 ferunt
438 5335 655 5398 Patrum
701 5335 1171 5439 testiinoniafquaa
1197 5335 1299 5395 sibi
1342 5335 1738 5439 faverevidean

222 5426 310 5439 ιη..
368 5417 409 5439 -2
442 5415 742 5439 ιΑριῖιικΑηζιι
786 5414 797 5439 ἶ
847 5429 870 5439 Α
899 5412 1058 5439 ιηιιιῖιη
1094 5412 1194 5439 οἶηι
1233 5424 1294 5439 ον
1322 5423 1619 5439 nni-annuli:
1647 5421 1735 5439 (IIII

222 5426 329 5480 tur,
366 5417 411 5469 si
442 5415 745 5469 testimonia
786 5414 871 5466 illa
899 5412 1059 5480 petita
1094 5412 1199 5463 sint
1232 5424 1294 5480 ex
1322 5412 1622 5480 peregrinis
1647 5412 1763 5473 qui-

221 5478 446 5541 busdam
475 5484 630 5547 locis,
680 5485 731 5535 in
780 5486 971 5552 quibus
999 5478 1205 5552 Patres
1232 5479 1299 5552 de
1326 5479 1502 5545 aliqua
1558 5490 1617 5552 re
1662 5492 1765 5552 non

220 5558 512 5626 consulto,_
542 5544 633 5626 sed
669 5544 883 5626 fortuito
925 5551 1200 5626 obiterque
1250 5544 1553 5626 loquantur,
1607 5544 1767 5601 toties

220 5626 432 5697 egregia
464 5618 556 5697 illa,
584 5623 1047 5697 Basiliisententia
1085 5622 1245 5673 debet
1277 5618 1543 5697 adhiberi.
1676 5686 1688 5697 .

290 5687 402 5767 (83)
436 5696 560 5764 Ἐφ’
593 5691 835 5767 ἑαυτῶν,
866 5703 1053 5767 sponte
1074 5700 1296 5753 naturw,
1318 5687 1444 5767 _hoc
1468 5696 1570 5750 est,
1608 5687 1782 5765 primo

225 5759 414 5827 mentis
461 5759 682 5834 impetu,
713 5765 760 5817 id
808 5759 947 5832 quad
976 5762 1148 5831 agitur
1178 5759 1330 5829 quasi
1390 5772 1496 5812 non
1524 5759 1780 5827 cogitau-

225 5851 322 5893 κε.

1885 3427 2242 3482 occultorum.
2267 3428 2417 3496 Quod
2458 3431 2501 3484 si
2535 3428 2674 3485 forte
2707 3432 3217 3502 deprehenderetur,
3244 3436 3447 3503 putavit

1888 3519 2026 3586 fore,
2058 3528 2117 3576 ut
2171 3532 2325 3577 extra
2360 3522 2570 3591 culpam
2627 3538 2745 3578 esse
2792 3525 3086 3588 videretur,
3119 3529 3260 3595 quod
3282 3542 3385 3580 nOn
3419 3543 3448 3583 c

1885 3627 2003 3679 suo,
2040 3628 2215 3683 neque
2241 3630 2269 3667 a
2295 3629 2354 3670 se
2376 3614 2671 3685 quidquam
2709 3616 2933 3680 diceret,
2962 3618 3055 3670 sed
3093 3616 3284 3671 alienae
3324 3634 3447 3673 sen-

1889 3706 2067 3761 tentia:
2087 3717 2229 3762 esset
2259 3708 2545 3778 interpres.
2585 3708 2699 3774 Qua
2729 3709 2780 3761 in
2807 3723 2863 3761 re
2886 3708 3169 3765 admisisse
3208 3726 3266 3765 se
3294 3713 3445 3781 quid-

1888 3796 2009 3851 dam
2039 3797 2149 3851 risu
2182 3797 2551 3867 dignissimum
2586 3812 2693 3851 non
2725 3798 3129 3854 animadvertit.
3154 3801 3443 3872 Postquam

1889 3891 2033 3945 enim
2079 3890 2262 3943 multis
2292 3905 2358 3944 ac
2386 3890 2613 3945 summis
2650 3889 2904 3946 laudibus
2933 3892 3126 3946 extulit
3160 3894 3313 3947 tidem
3343 3893 3449 3948 Pa-

1892 3991 2054 4048 trum,
2079 3994 2195 4034 eam
2226 3983 2437 4050 probris
2465 3981 2778 4038 lmdissimis
2805 3983 2983 4040 allicit.
3013 3986 3139 4050 Sed,
3170 3999 3226 4040 ut
3250 3987 3448 4042 clarius

1890 4074 1983 4127 ﬁat
2015 4071 2160 4141 quod
2186 4073 2330 4140 dico,
2360 4074 2555 4128 librum
2584 4075 2635 4126 in
2661 4088 2845 4144 partes
2881 4078 3103 4131 divisum
3126 4079 3443 4149 expendam.

1887 4165 1953 4219 Et
1981 4166 2214 4234 primum
2239 4167 2452 4236 quidem
2483 4181 2644 4235 quam
2670 4168 2919 4237 preponit
2945 4169 3125 4237 (idem,
3160 4172 3285 4240 ipsis
3308 4172 3447 4225 illius

1889 4258 2069 4314 verbis
2104 4259 2382 4330 appositis,
2415 4260 2845 4316 consideremus.

1960 4444 2091 4500 Eun.
2134 4444 2222 4506 At,
2258 4443 2461 4510 .nquit,
2494 4443 2835 4499 traditionem
2870 4442 3010 4511 piam
3038 4460 3156 4514 qua:
3189 4446 3256 4500 al)
3292 4446 3449 4497 initio

1891 4538 2031 4606 apud
2079 4536 2269 4591 Patres
2316 4535 2575 4600 obtinuit,
2622 4535 2767 4588 velut
2805 4536 3062 4590 amussim
3110 4552 3173 4589 ac
3212 4538 3448 4605 regulam

1893 4631 2177 4699 quamdam
2211 4630 2619 4699 prmmittentes,
2652 4626 2755 4681 hac
2784 4639 3031 4683 accurata
3060 4628 3329 4695 iudicandi
3370 4644 3452 4679 ra-

1895 4725 2039 4775 tione
2072 4731 2309 4785 utamur,
2346 4732 2404 4774 ut
2442 4721 2507 4773 de
2543 4719 2609 4773 iis
2645 4734 2764 4789 qua:
2793 4719 3096 4775 referentur
3130 4722 3451 4774 sententiam

1896 4812 2158 4866 feramus.

1953 5124 2064 5196 (84)
2100 5122 2238 5196 Editi
2259 5124 2325 5196 ei
2350 5121 2405 5175 δὲ
2434 5120 2547 5177 καί.
2584 5117 2726 5196 [λίῦιί
2760 5127 2969 5196 veteres
3003 5116 3453 5196 si'j:5__xa£._At_lia-

1872 5189 2057 5251 nasius
2104 5195 2200 5248 lib.
2250 5190 2322 5245 De
2354 5209 2466 5261 ειμι.
2525 5191 2695 5244 refert
2728 5189 3018 5261 quamdam
3047 5191 3157 5242 Arii
3200 5191 3285 5261 ad
3330 5193 3454 5243 Λιν-

1872 5267 2144 5321 xandrum
2172 5258 2475 5331 epistolam,
2505 5262 2556 5314 in
2590 5276 2692 5325 qua
2719 5261 2915 5326 impius
2969 5258 3055 5312 ille
3090 5260 3207 5313 lidei
3243 5262 3442 5326 proli-s-

1870 5337 2077 5391 sionem
2113 5336 2373 5387 ediderat.
2409 5333 2545 5401 Lege
2581 5331 2769 5400 Epiplt.
2804 5331 2931 5401 lizer.
2973 5344 3132 5396 uix,
3163 5345 3215 5383 n.
3255 5331 3284 5383 7
3314 5343 3363 5384 et
3399 5331 3451 5385 8.

1943 5406 2052 5475 (8'5)
2094 5403 2237 5479 Reg._
2264 5405 2454 5479 tertius
2486 5398 2705 5479 κάκεῖνο
2738 5398 2989 5479 συνιδεῖνΣ

1942 5470 2051 5545 (86)
2080 5473 2299 5541 Αὺτήν,
2332 5473 2565 5545 ιιοοεει,
2601 5471 2778 5523 πίστιν
2804 5470 2912 5522 τῶν
2948 5471 3205 5539 Πατερων
3239 5513 3253 5537 ,
3297 5470 3451 5535 ﬁdem

1878 5542 2123 5605 Patrum,
2156 5546 2221 5597 de
2249 5560 2352 5613 qua
2382 5544 2659 5609 aliquanto
2697 5550 2842 5613 a_ttt_e.

1953 5616 2062 5686 (87t
2092 5615 2219 5683 lteg.
2266 5606 2481 5667 'tertius
2530 5627 2650 5686 cum
2708 5607 2862 5664 Colb.
2900 5611 3078 5663 πίστιν
3124 5609 3189 5679 ἣν
3237 5606 3450 5662 ἐκτίθε-

1886 5685 1994 5742 ται,
2030 5685 2184 5751 ﬁdem
2222 5700 2380 5751 quant
2411 5685 2639 5748 exponit.

1954 5754 2225 5825 (88)Ed_iti
2282 5752 2614 5825 χρησόμεθα.
2682 5751 2751 5808 At
2799 5768 2927 5807 mss.
2981 5764 3223 5821 puerique
3265 5765 3453 5806 omnes

1883 5823 2234 5897 χρησώμεθα.
