4026 6474
561 389 658 440 5H

1871 370 1929 424 S.
1974 363 2216 421 BASILII
2254 360 2467 418 MAGNI

3607 410 3610 412 ν
3675 355 3783 414 512

633 503 757 558 Bas.
798 499 891 554 His
920 496 1194 568 subjungit
1233 493 1455 548 Patrum
1487 491 1668 556 ﬁdem,
1711 489 1815 544 hoc
1855 489 2014 542 modo
2055 500 2113 541 se

2282 482 2429 534 ΒΛΣ.
2493 480 2712 541 Τούτοις
2772 478 2961 546 ἐπάγει
3019 477 3115 549 τὴν
3176 479 3354 531 πίστιν
3401 480 3626 551 ἔχουσαν
3690 481 3787 533 οὓς»

563 593 872 648 habentem.

633 682 765 739 Enn.
808 679 1092 736 Credimus
1131 679 1188 732 in
1229 692 1394 731 unum
1437 674 1637 740 Deum,
1682 671 1894 727 Patrem
1937 667 2117 723 omni-

563 782 860 843 potentem,
889 783 959 824 ex
1004 783 1112 838 quo
1146 766 1327 822 omnia
1361 782 1375 819 :
1409 774 1465 819 et
1504 765 1556 818 in
1586 776 1748 817 unum
1782 758 2116 827 unigenitum

565 865 759 920 Filium
788 863 905 928 Dei,
935 863 1103 918 Deum
1135 859 1389 926 Verbum,
1426 857 1710 912 Dominum
1755 862 1999 909 nostrum
2031 848 2121 904 Je-

565 972 685 1010 sum
717 954 1015 1018 Christum,
1049 966 1146 1023 per
1173 966 1332 1020 quem
1363 949 1544 1006 omnia
1580 967 1594 1004 :
1626 957 1682 1004 et
1715 947 1771 1003 in
1799 959 1966 1000 unum
1995 942 2118 1013 Spi-

567 1048 728 1102 ritum
758 1053 1024 1109 sanctum,
1053 1041 1405 1114 paracletum.

634 1134 760 1190 Bas.
805 1133 1004 1189 Deinde
1034 1132 1218 1187 statim
1252 1128 1523 1200 adiungit.

635 1227 770 1286 Eun.
802 1223 1112 1295 Simplicior
1127 1222 1291 1292 igitur
1311 1228 1365 1275 et
1385 1217 1686 1276 communis
1701 1217 1836 1276 tich
1853 1219 2120 1286 omnium,

564 1316 657 1386 qui
687 1325 779 1370 aut
809 1315 976 1370 videri
1004 1322 1094 1368 aut
1123 1326 1241 1368 esse
1267 1309 1562 1367 Christiani
1599 1311 1846 1380 cupiunt,
1879 1318 1938 1366 ut
1967 1324 2122 1368 com-

565 1409 762 1480 pendio
786 1423 850 1463 ac
881 1404 1193 1463 summatim
1224 1403 1420 1469 dicam,
1459 1403 1574 1459 haec
1598 1410 1702 1458 est.

638 1577 760 1633 Bas.
789 1577 1047 1647 Equidem
1065 1577 1132 1632 de
1153 1591 1338 1632 eorum
1363 1589 1482 1646 quae
1505 1577 1691 1631 retulit
1719 1577 2124 1643 contrarietate,

569 1677 626 1723 et
671 1668 735 1722 de
785 1667 1079 1736 impudenti
1130 1666 1396 1720 dictorum
1461 1665 1604 1720 inter
1650 1680 1710 1720 se
1767 1667 2126 1737 repugnantia

571 1759 730 1829 paulo
760 1769 882 1829 post
929 1757 1237 1827 loquemur.
1270 1756 1400 1812 Illud
1443 1768 1620 1812 tamen
1650 1758 1800 1827 prius
1834 1759 1886 1813 in
1922 1773 2128 1814 memo-

2215 591 2340 636 τως.

2290 663 2445 718 ΕΥΝ.
2483 661 2814 732 Πιστεύομεν
2839 663 2918 725 εἰς
2946 662 3042 715 ἕνα
3068 661 3200 714 Θεον
3227 663 3442 734 Πατέρα
3473 666 3755 737 παντοκρά

2217 771 2371 825 τορα,
2393 753 2449 820 ἐξ
2475 746 2537 806 οὗ
2561 752 2628 806 τὰ
2655 753 2857 806 πάντα’
2886 752 2978 805 καὶ
3004 753 3084 814 εἰς
3113 751 3209 804 ἕνα
3243 753 3503 824 μονογενῆ
3532 755 3660 807 Υἱὸν
3691 756 3787 809 τοῦ

2218 847 2374 911 Θεοῦ,
2402 847 2531 902 Θεὸν
2559 849 2749 916 Λόγον,
2779 847 2870 900 τὸν
2893 845 3094 918 Κύριον
3114 845 3269 917 ἡμῶν
3304 846 3504 915 Ἰησοῦν
3527 850 3786 920 Χριστὸν,

2218 937 2286 990 δι’
2317 931 2378 992 οὗ
2423 937 2488 990 τά
2522 937 2729 991 πάντ-α’
2773 939 2866 992 καὶ
2912 939 2993 1002 εἰς
3035 935 3094 990 ἓν
3123 936 3348 1008 Πνεῦμα
3373 937 3529 1008 ἅγιον
3559 940 3694 1010 (89),
3729 940 3793 992 τὸ

2220 1026 2590 1098 παράκλητον.

2289 1118 2441 1171 ΒΑΣ.
2474 1113 2606 1170 Εἶτα
2638 1119 2797 1183 εὐθὺς
2826 1118 3196 1173 ὲπισυνάπτει.

2288 1209 2452 1264 ΕΥΝ.
2489 1209 2553 1262 Ἦ
2581 1209 2678 1280 μὲν
2709 1206 2800 1264 οὖν
2829 1210 2939 1281 (90)
2973 1211 3312 1281 ἁπλουστέρα
3341 1212 3519 1276 πίστις
3558 1213 3653 1267 καὶ
3679 1232 3793 1268 κοι-

2220 1299 2287 1373 νὴ
2341 1299 2580 1366 πάντων,
2626 1300 2768 1364 ὅσοις
2800 1302 2861 1355 τὸ
2901 1303 3134 1374 δοκεῖνῆ
3170 1303 3230 1356 τὸ
3258 1300 3396 1357 εἶναι
3441 1305 3793 1376 Χριστιανοῖς

2221 1390 2500 1461 ἐπιμελὲς,
2539 1391 2616 1456 ὡς
2651 1393 2708 1445 ὲν
2745 1392 3005 1465 ἐπιδρομῇ
3036 1381 3559 1468 κεφαλαιωδέέτερον
3593 1399 3792 1463 εἰπεῖν,

2224 1481 2387 1554 αὕτη.

2291 1575 2438 1628 ΒΑΣ.
2468 1576 2603 1647 Περὶ
2638 1575 2735 1646 μὲν
2760 1568 2851 1630 οὖν
2891 1577 2990 1647 τῆς
3026 1577 3084 1630 ὲν
3118 1573 3199 1641 οἷς
3232 1573 3386 1630 εἴπεν
3417 1578 3798 1649 ἐναντιότητος

2226 1663 2439 1733 καὶτῆς
2467 1664 2817 1733 ἀναισχύντου
2854 1664 3031 1735 μάχης
3052 1666 3157 1720 τῶν
3189 1667 3493 1740 εἰρημένων
3528 1671 3668 1741 πρὸς
3703 1671 3798 1723 ἀλ-

2225 1751 2363 1821 ληλα
2392 1755 2584 1824 μικρὸν
2617 1753 2842 1827 ὕστερον
2881 1755 3112 1827 ἐροῦμεν
3138 1757 3270 1830 (9i).
3319 1760 3522 1813 Ἐκεῖνο
3560 1760 3618 1813 δὲ
3662 1762 3798 1832 πρό-

575 1855 707 1908 riam
745 1854 1133 1918 reduxerimus,
1176 1853 1320 1906 hunc
1363 1850 1511 1906 illum
1553 1865 1695 1918 esse,
1733 1852 1826 1922 qui
1877 1853 2125 1923 superius

2243 1861 2379 1914 ιερον
2403 1846 2621 1910 ἑαυτοὺς
2649 1849 3068 1920 ὑπομνήσωμεν,
3096 1850 3176 1902 ὅτι
3199 1844 3352 1916 οὗτός
3379 1853 3528 1905 ἐστιν
3552 1855 3580 1905 ό
3605 1855 3662 1905 ὲν
3683 1857 3799 1916 τοῖς

572 1942 726 1998 valde
757 1953 1075 2014 arroganter
1100 1942 1383 2013 pollicitus
1407 1951 1491 1998 est
1519 1944 1675 1999 nobis
1693 1981 1710 2010 ,
1755 1959 1814 2000 se
1842 1945 2124 2000 veritatem

573 2034 837 2090 velamine
885 2036 1031 2089 omni
1090 2035 1289 2089 nudam
1343 2035 1767 2105 propositurum.
1818 2035 1918 2090 Hic
1965 2036 2127 2105 igitur

574 2124 832 2194 scriptum
857 2133 975 2179 est:
1005 2122 1285 2178 Credimus
1310 2122 1770 2192 ingenerationem
1797 2135 1915 2176 esse
1940 2136 2128 2177 essen-

577 2215 704 2268 tiam
739 2215 834 2269 Dei
866 2213 1240 2269 universorum
1269 2230 1283 2267 :
1326 2218 1442 2279 aut,
1472 2213 1740 2269 credimus
1781 2211 2125 2285 Unigenitum

572 2306 807 2363 essentia
852 2305 1167 2362 dissimilem
1195 2290 1315 2360 esse
1345 2303 1516 2360 Patri.
1556 2304 1691 2360 Nam
1732 2306 1848 2361 haec
1882 2309 2128 2377 scripsis-

576 2409 679 2468 set,
713 2400 782 2466 si,
814 2397 1263 2470 quemadmodum
1299 2398 1568 2469 pollicitus
1593 2409 1731 2464 erat,
1762 2401 1950 2457 doloso
1983 2402 2128 2455 nullo

575 2494 839 2550 velamine
877 2491 1180 2562 opinionem
1221 2506 1374 2546 suam
1410 2492 1809 2546 obumbrasset.
1841 2493 1969 2557 Sed,
2011 2494 2128 2561 opi-

576 2601 696 2652 nor,
719 2584 972 2639 insidiosa
996 2584 1243 2639 oratione
1291 2581 1490 2651 ubique
1516 2582 1775 2646 adhibita,
1799 2598 1892 2636 sua
1918 2584 2126 2648 reticet,

578 2686 638 2731 ut
667 2690 736 2730 ne
767 2689 926 2729 aures
957 2674 1259 2728 inassuetas
1302 2686 1620 2743 personans,
1653 2673 1754 2727 sibi
1789 2674 1899 2741 ipse
1932 2674 2134 2728 adimat

580 2765 756 2830 Iidem,
785 2773 840 2819 et
883 2777 1036 2818 suam
1067 2761 1387 2817 sententiam
1432 2771 1654 2830 receptu
1706 2760 1975 2816 dillicilem
2011 2760 2132 2814 red-

577 2859 718 2913 dat:
754 2865 938 2910 contra
973 2855 1224 2924 proponit
1267 2852 1486 2907 Patrum
1531 2852 1711 2917 ﬁdem,
1758 2868 1897 2920 quae,
1950 2862 2132 2920 utpote

578 2946 755 3001 verbis
776 2942 1203 2999 indili'erentibus
1223 2953 1500 3007 constans,
1527 2942 1659 2996 nihil
1679 2943 1967 3013 quidquam
1992 2945 2131 3013 quod

582 3027 967 3091 toti'orationis
1010 3033 1124 3102 ejus
1163 3031 1320 3103 213
1367 3033 1749 3088 constructioni
1785 3044 2130 3104 repugnaret,

579 3128 886 3184 exhibitura
915 3133 1084 3189 esset,
1117 3138 1339 3192 quaeque
1381 3138 1504 3178 cum
1540 3124 1640 3176 hac
1669 3122 1828 3178 facile
1860 3125 2132 3180 consenti-

580 3231 687 3286 ret,
717 3219 762 3274 si
793 3217 844 3272 in
872 3214 1222 3287 expositionis
1242 3213 1458 3268 modum
1489 3213 1557 3268 ad
1583 3229 1645 3269 ea
1675 3230 1792 3284 qua:
1814 3216 1962 3285 prius
1994 3217 2133 3271 dicta

580 3319 764 3367 essent
788 3322 1091 3364 sermonem
1122 3304 1452 3362 traduceret.
1478 3305 1630 3373 Quod
1653 3317 1832 3361 autem
1863 3308 1978 3362 inec
2006 3322 2132 3361 vera

580 3405 709 3468 sint,
745 3402 870 3457 hinc
900 3401 1087 3470 liquet.
1123 3397 1255 3455 Nam
1287 3399 1448 3454 simul
1475 3409 1534 3454 ut
1559 3399 1778 3454 Patrum
1821 3398 1978 3454 ﬁdem
2009 3415 2134 3471 pro-

582 3495 794 3566 posuit,
840 3494 1022 3549 statim
1058 3492 1293 3548 transilit
1325 3492 1390 3546 ad
1437 3492 1858 3561 expositionem.
1887 3502 1996 3547 tum
2029 3493 2134 3548 alio

582 3591 830 3650 obtentu,
857 3595 972 3641 tum
1015 3586 1158 3654 quod
1189 3600 1249 3640 ea
1283 3585 1349 3637 ad
1379 3584 1581 3638 crimen
1612 3583 1918 3637 diluendum
1959 3584 2131 3637 haud-

583 3693 855 3750 quaquam
906 3675 1194 3732 sulliceret.
1253 3673 1392 3742 Quid
1439 3683 1524 3728 est
1576 3672 1739 3742 igitur
1779 3675 1921 3742 quod
1967 3673 2137 3742 ipsam

586 3770 957 3840 proposueris,
989 3783 1087 3824 nec
1134 3768 1316 3823 statim
1355 3766 1421 3820 ad
1460 3778 1554 3820 eos
1589 3778 1869 3820 sermones
1909 3764 2142 3819 devene-

588 3865 683 3928 ris,
722 3863 811 3931 qui
850 3871 904 3917 et
935 3863 1296 3916 sinceritatem
1332 3862 1613 3925 haberent,
1645 3868 1698 3914 ct
1745 3874 1776 3913 a
1822 3858 2140 3914 criminibus

588 3955 826 4010 eximere
867 3964 916 4007 te
944 3951 1194 4021 possent?
1220 3949 1370 4004 Nunc
1397 3960 1574 4004 autem
1602 3965 1719 4005 eam
1762 3951 2008 4022 proponit
2039 3966 2136 4005 ceu

589 4055 757 4098 tutam
777 4039 1050 4111 judicandi
1079 4038 1312 4110 regulam
1336 4056 1348 4092 :
1383 4053 1567 4093 rursus
1595 4054 1720 4093 vero
1746 4040 1987 4094 eamdem
2015 4056 2138 4096 cor-

592 4139 715 4206 rigit
759 4139 907 4191 velut
954 4134 1083 4190 nihil
1133 4135 1248 4188 sani
1300 4130 1767 4200 complectentem.
1819 4131 1930 4186 Hoc
1979 4149 2140 4202 porro

591 4238 926 4299 perspectum
971 4242 1034 4282 ac
1083 4236 1263 4280 notum
1300 4233 1384 4278 est
1417 4222 1689 4286 omnibus,
1729 4223 1868 4292 quod
1906 4223 2141 4292 Opinioni

666 4493 775 4564 (89)
830 4493 962 4560 Reg.
1006 4491 1194 4546 tertius
1241 4489 1335 4543 καὶ
1388 4490 1466 4554 είς
1499 4491 1562 4540 τὸ
1609 4483 1826 4556 ιινεῦμα
1869 4483 1928 4564 τὸ
1970 4485 2140 4555 ἅγιον.

669 4563 778 4644 (90)
803 4571 940 4644 Editi
974 4569 1159 4639 Ἣμῶν
1191 4565 1281 4644 οὖν
1305 4566 1646 4637 ἁπλουστέρα
1676 4567 1770 4619 καὶ
1794 4563 1946 4635 κοινὴ
1976 4566 2154 4629 πίστις

600 4640 837 4700 πάντων.
874 4640 942 4696 At
968 4655 1095 4693 mss.
1137 4651 1192 4692 ut
1223 4642 1274 4692 in
1305 4648 1582 4693 contextu.

673 4723 778 4793 (91)
803 4722 957 4793 Colb.
988 4717 1233 4790 λέξομεν.
1257 4717 1390 4788 Reg.
1425 4716 1614 4772 tertius
1653 4714 1914 4785 λέξωμεν.
1956 4713 2158 4767 Ἐκεῖνο

600 4794 659 4849 δὲ
686 4792 932 4864 πρῶτον.

675 4877 787 4949 (92)
816 4873 1058 4945 ReSpicit
1095 4871 1323 4927 Basilius
1352 4870 1416 4949 ad
1442 4872 1675 4949 aliquam
1713 4869 1835 4949 ﬁdei
1872 4869 2159 4949 form-uiam

607 4941 982 5006 lia-'ret'icoru'm
1017 4959 1029 4996 :
1061 4958 1219 5012 quam
1252 4941 1532 4996 confessus
1561 4942 1756 5012 fuisset
1794 4941 2083 5012 Eunomius
2129 4954 2159 4992 a

608 5035 667 5073 se
690 5019 992 5086 adoptatam
1030 5008 1169 5076 esse,
1197 5012 1469 5086 sisincere
1490 5025 1554 5086 ac
1578 5009 1693 5063 sine
1729 5008 1856 5086 [nco
1886 5009 2026 5076 loqui
2069 5025 2157 5062 vo-

609 5077 812 5142 luissth
868 5085 1158 5153 lnterpres,
1209 5079 1485 5153 Credimus
1532 5077 1996 5153 innascibjtitatem
2055 5095 2163 5153 esse

611 5159 706 5212 Dei
767 5147 1327 5208 omnium-essentiam.
1375 5148 1479 5205 Sed
1520 5147 1814 5217 ἀγεννησία
1841 5164 1943 5200 non
1984 5157 2061 5217 est
2090 5149 2165 5201 in-

610 5224 960 5287 nascibilitas,
983 5228 1075 5277 sed
1129 5220 1449 5291 ingeneratio
1483 5235 1503 5273 :
1531 5216 1942 5288 quamnaturae
1982 5216 2161 5272 dolent

611 5297 702 5367 qui
734 5293 992 5365 possidet,
1025 5288 1212 5346 natura
1242 5288 1384 5358 gigni
1415 5303 1518 5342 non
1550 5297 1741 5357 potest.

696 5384 792 5455 L93)
834 5383 966 5455 Reg.
1021 5381 1285 5455 secundus
1340 5378 1687 5455 προσϐάλλων
1742 5375 2162 5455 τὴνιάσξϐειαν,

683 5392 792 5507 (95)
835 5392 966 5506 Kef.
1021 5392 1285 5439 secundus
1340 5392 1687 5500 προσοαλλων
1742 5392 1837 5448 την
1890 5392 2162 5444 ασεοειαν,

610 5456 688 5508 ἀπ
713 5454 869 5507 θανον
941 5453 1121 5515 αυτόν,
1155 5467 1215 5505 ne
1261 5450 1377 5503 auri
1419 5467 1476 5501 us
1528 5450 1800 5502 inassuetis
1852 5448 2164 5514 impietatem

612 5526 871 5592 ingerens,
910 5523 1007 5576 sibi
1037 5524 1145 5589 ipse
1182 5519 1420 5592 detrahat
1451 5519 1628 5592 ﬁdem,
1657 5517 1901 5592 etc._Alii
1956 5531 2082 5569 mss.
2113 5526 2168 5570 et

612 5587 744 5716 ἓξὲξ
774 5587 905 5648 utin
938 5587 1208 5655 contextu,
1231 5590 1332 5646 nisi
1362 5592 1503 5658 quod
1531 5589 1580 5640 in
1604 5588 1762 5643 editis
1781 5587 2168 5650 legatur-mo:-

713 5681 809 5716 ων.

713 5681 809 5719 ων.

684 5745 794 5817 (94)
836 5743 975 5800 Editi
1037 5745 1216 5799 οὐκέτι
1279 5738 1600 5812 ἐναντίωμα.
1633 5743 1698 5799 At
1756 5756 1883 5799 mss.
1933 5737 2170 5810 plerique

615 5830 756 5871 0mm
776 5830 802 5872 s
833 5823 903 5872 ita
930 5824 987 5871 ut
1013 5817 1295 5873 edidimus.

2227 1937 2340 1991 ἄνω
2372 1936 2550 2007 λόγοις
2582 1939 2718 1992 πάνυ
2761 1940 3004 2014 σοσαρῶς
3030 1943 3161 2013 ἡμῖν
3203 1931 3671 2014 ἐπαγγελλόμενος
3697 1964 3798 2012 γυ-

2229 2030 2367 2102 μνὴν
2415 2030 2612 2114 παντὸς
2662 2033 3120 2104 προκαλύμματος
3168 2034 3495 2104 ὲκϐήσεσθαι
3538 2037 3637 2106 τὴν
3667 2039 3802 2107 ἀλή-

2227 2121 2395 2176 θειαν.
2423 2120 2696 2174 ,Ἐνταῦθα
2718 2124 2892 2176 τοίνυν
2918 2125 3025 2192 (99)
3053 2143 3154 2179 που
3177 2129 3482 2196 γέγραπται
3499 2141 3512 2155 ·
3542 2128 3803 2180 Πιστεύε-

2231 2230 2328 2283 μεν
2358 2213 2452 2283 τὴν
2479 2212 2801 2284 ἀγεννησίαν
2825 2215 3009 2267 οὐσίαν
3037 2211 3174 2268 εἶναι
3207 2218 3300 2269 τοῦ
3335 2215 3468 2269 Θεοῦ
3506 2218 3616 2270 τῶν
3636 2220 3798 2283 ὅλων,

2227 2305 2283 2376 ἢ,
2322 2305 2645 2375 πιστεύομεν
2678 2305 2929 2376 ἀνόμοιον
2977 2306 3118 2360 κατά
3157 2307 3254 2378 τὴν
3294 2308 3479 2363 οὐσίαν
3517 2307 3659 2363 εἶναι
3708 2313 3802 2364 τὸν

2227 2396 2501 2467 Μονογενῆ
2538 2396 2612 2467 τῷ
2641 2397 2837 2468 Πατρί.
2873 2396 3055 2450 Ταῦτα
3081 2397 3188 2470 γὰρ
3219 2398 3454 2471 ἔγραψεν
3494 2400 3582 2466 ἂν,
3618 2403 3798 2472 εἴπερ,

2227 2486 2302 2548 ὼς
2323 2488 2604 2557 ὑπέσχετο,
2638 2490 2825 2559 μηδενὶ
2855 2492 3310 2562 παραπετάσματι
3348 2493 3548 2563 δολερῷ
3576 2494 3639 2546 τὸ
3669 2498 3799 2546 ἑαυο

2228 2577 2320 2628 τοῦ
2359 2580 2610 2650 φρόνημα
2639 2581 3002 2646 συνεσκίαξεν.
3060 2583 3218 2650 Ἀλλ’,
3256 2579 3430 2655 οἶμαι,
3478 2587 3644 2638 πᾶσιν
3681 2589 3804 2638 ἐπι-

2232 2667 2435 2731 ϐούλως
2482 2677 2590 2735 τοῖς
2639 2673 2818 2742 λόγοις
2855 2675 3153 2746 χρώμενος,
3208 2675 3277 2730 τὰ
3319 2678 3417 2746 μὲν
3449 2678 3579 2748 παρ’
3605 2677 3804 2732 ἑαυτοῦ

2235 2760 2434 2830 σιωπᾷ,
2475 2760 2560 2813 ἵνα
2589 2762 2661 2832 μὴ
2686 2765 3047 2834 ἀγυμνάστοις
3083 2768 3202 2828 ταῖς
3230 2768 3416 2830 ἀκταῖς
3446 2767 3805 2838 προσϐάλλων

2231 2849 2491 2905 ἀπίθανον
2517 2853 2704 2905 ἑαυτὸν
2727 2854 2836 2922 (95)
2862 2857 2955 2907 καὶ
2985 2857 3419 2925 δυσπαράδεκτον
3453 2864 3769 2930 καταστήσῃ
3788 2878 3802 2889 ·

2230 2943 2328 3014 τὴν
2352 2942 2408 2995 δὲ
2439 2942 2546 2995 τῶν
2576 2943 2832 3014 Πατέρων
2873 2943 3051 2997 πίστιν
3084 2945 3458 3014 προϐάλλεται,
3495 2949 3528 3018 ἢ
3585 2949 3674 3001 διὰ
3707 2952 3808 3019 τὴν

2235 3035 2507 3105 μεσότητα
2553 3033 2662 3089 τῶν
2707 3036 2766 3089 ὲν
2811 3035 2947 3107 αὐτῇ
3002 3037 3260 3107 ῥημάτων
3298 3036 3420 3090 οὔτε
3459 3057 3510 3092 τι
3550 3042 3810 3094 ἐναντίω-

2237 3141 2313 3196 μα
2341 3126 2450 3192 (94)
2492 3126 2626 3198 πρὸς
2663 3128 2762 3199 τὴν
2802 3127 2928 3199 ὃλην
2969 3127 3063 3181 τοῦ
3103 3127 3261 3197 λόγου
3302 3129 3450 3201 αὑτῷ
3484 3130 3596 3202 (95)
3633 3148 3808 3186 κατα-

2235 3216 2432 3288 σκευὴν
2461 3217 2713 3288 παρέξειν
2741 3218 2950 3288 ἔμελλε,
2983 3219 3076 3272 καὶ
3105 3220 3488 3293 ἀκολουθήσειν
3522 3223 3720 3295 ῥᾳδίως
3749 3227 3810 3278 ἐν

2234 3307 2540 3379 ἐξηγήσεως
2577 3310 2704 3363 εἴδει
2739 3310 3022 3381 μετάγοντι
3051 3313 3141 3366 τὸν
3169 3313 3324 3381 λόγον
3369 3315 3452 3383 ἐφ’
3485 3314 3521 3368 ἃ
3556 3318 3808 3389 προῄρη-

2231 3416 2321 3454 ται
2353 3400 2485 3470 (96).
2525 3401 2611 3465 Ὡς
2638 3402 2694 3455 δὲ
2725 3402 3119 3480 ἁληθῆ1ταῦτα,
3147 3403 3302 3473 δῆλον
3335 3405 3579 3460 αὐτόθεν.
3622 3409 3812 3461 Ἐκθέ-

2237 3509 2394 3563 μενος
2421 3491 2528 3563 γὰρ
2553 3493 2741 3563 αὐτὴν,
2783 3493 2941 3556 εὐθὺς
2986 3495 3223 3566 ὲπιπηδᾷ
3267 3497 3332 3564 τῇ
3362 3493 3638 3566 ἐξηγήσει,
3680 3516 3811 3569 προ-

2235 3583 2395 3649 φάσει
2431 3583 2709 3653 χρώμενος
2778 3584 2911 3659 ἄλλῃ
2951 3585 3009 3638 τὲ
3047 3603 3175 3648 τινι,
3210 3586 3303 3640 καὶ
3337 3585 3418 3637 ὅτι
3450 3587 3548 3640 οὑκ
3585 3587 3811 3660 ἐξαρκεῖ

2246 3672 2380 3742 πρὸς
2402 3673 2500 3742 τὴν
2533 3673 2770 3726 διάλυσιν
2791 3675 2882 3727 τοῦ
2915 3676 3270 3747 ἐγκλήματος.
3315 3677 3470 3740 Τίνος
3499 3675 3593 3732 οὖν
3624 3681 3810 3734 ἕνεκεν

2246 3762 2414 3833 αὐτὴν
2448 3763 2768 3834 προεϐάλου,
2808 3765 2921 3818 ἀλλ’
2952 3767 3052 3821 οὐκ
3079 3770 3237 3833 εὐθὺς
3260 3771 3347 3828 ἐπ’
3378 3768 3617 3832 ἐκείνους
3647 3767 3810 3841 ἦλθες

2245 3859 2370 3920 τοὺς
2397 3857 2604 3926 λόγους,
2635 3858 2683 3911 οἳ
2712 3858 2886 3912 καὶτὸ
2915 3861 3138 3932 ἀκριϐὲς
3166 3859 3328 3932 εἶχον,
3357 3860 3448 3912 καὶ
3479 3859 3810 3932 ἐξαιρεῖσθαί

2248 3968 2306 4004 σε
2339 3949 2444 4002 τῶν
2470 3950 2825 4022 ἐγκλημάτων
2851 3951 3070 4023 ἔμελλον
3092 3969 3106 4012 ;
3132 3951 3241 4004 Νῦν
3267 3951 3323 4004 δὲ
3347 3953 3684 4024 προτείνεται
3714 3955 3810 4023 μὲν

2242 4043 2318 4105 ὡς
2349 4043 2585 4112 ἀσφαλὲς
2608 4044 2902 4115 κριτήριον,
2925 4042 3224 4113 διορθοῦται
3254 4042 3310 4096 δὲ
3341 4044 3520 4108 πάλιν,
3555 4046 3632 4109 ὡς
3660 4047 3810 4099 οὐδὲν

2245 4135 2394 4204 ὑγιὲς
2428 4134 2673 4204 ἔχουσαν.
2702 4133 2871 4186 Τοῦτο
2899 4134 2955 4186 δὲ
2988 4135 3149 4186 παντὶ
3175 4133 3465 4208 γνώριμον,
3488 4138 3590 4201 ὅτι,
3622 4137 3810 4209 ὥσπερ

2245 4226 2523 4295 ἀγκίστρῳ
2569 4223 2705 4294 πρὸς
2738 4223 2961 4278 Θάνατον
2991 4224 3219 4292 ἕλκοντι,
3260 4225 3336 4296 τῷ
3377 4227 3568 4280 ἑαυτοῦ
3612 4231 3812 4299 φρονή-

2327 4494 2437 4563 (95)
2465 4495 2681 4551 Veteres
2709 4494 3051 4566 aliquotiibri
3081 4494 3229 4566 αυτῷ
3259 4511 3351 4548 του
3378 4493 3560 4566 λόγου,
3595 4495 3811 4550 inverso

2259 4567 2465 4619 ordine.
2495 4567 2649 4628 lllud,
2682 4567 2775 4617 καὶ
2806 4564 3210 4635 ἀκολουθήσειν,
3233 4565 3373 4635 quod
3408 4565 3590 4618 statim
3628 4570 3814 4633 sequi-

2260 4645 2367 4697 tur,
2425 4636 2632 4688 videtur
2697 4637 2776 4688 sic
2827 4635 2995 4702 accipi
3050 4633 3284 4689 debere:
3320 4633 3528 4687 Rursus
3561 4637 3817 4703 preponit

2259 4706 2440 4767 iidem,
2477 4720 2594 4772 qua:
2633 4703 2786 4758 facile
2817 4718 2935 4757 cum
2961 4705 3076 4758 suis
3110 4705 3287 4759 verbis
3315 4703 3643 4759 consentiat.

2332 4791 2438 4863 (96)
2464 4793 2636 4847 Editio
2665 4802 2889 4863 utraque
2923 4807 3045 4847 cum
3089 4794 3254 4863 tribus
3288 4794 3537 4863 mssaétp‘
3565 4790 3602 4846 ἃ
3627 4794 3817 4862 προεί-

2299 4861 2441 4930 ηται,
2475 4865 2544 4915 ad
2570 4880 2629 4916 ea
2662 4877 2776 4931 quw
2795 4861 2938 4914 dicta
2968 4871 3110 4918 sunt.
3143 4861 3274 4931 lleg.
3321 4862 3511 4915 tertius
3569 4873 3626 4916 et
3657 4861 3817 4919 Cnlb.

2293 4929 2344 4999 φ’
2367 4932 2400 4985 ἂ
2429 4929 2754 5006 προῄρηται,
2785 4933 2853 4982 ad
2875 4946 2944 5006 .ea
2972 4946 3086 5006 qua
3118 4929 3161 4984 ei
3189 4929 3366 5006 libent,
3395 4932 3617 5006 optime.
3677 4932 3815 5001 Heg.

2263 4999 2486 5069 quartus
2514 4999 2842 5072 mitramque
2875 4999 3166 5072 lectionem
3207 4999 3443 5072 praefat,
3480 5004 3710 5069 primani
3763 4999 3812 5056 in

2264 5069 2534 5136 contextu,
2576 5071 2796 5123 alteram
2831 5070 2882 5123 in
2921 5085 3012 5121 ora
3052 5070 3192 5123 libri.
3237 5069 3386 5125 Haud
3419 5072 3608 5135 procul
3657 5073 3816 5125 Colit.

2264 5156 2383 5212 cum
2410 5144 2578 5196 altero
2607 5155 2708 5194 ms.
2741 5138 3059 5212 προεϐάλου.
3088 5140 3227 5212 Editi
3254 5139 3606 5212 προεδάλλου.
3628 5142 3819 5212 διῲιητ

2266 5212 2331 5282 (ie
2363 5211 2495 5279 Reg.
2529 5220 2754 5282 quartus
2782 5209 3080 5282 κριτήριον,
3132 5209 3548 5282 ἐπιδιορθοῦται.
3584 5210 3818 5282 -ᾃἘέέ

2266 5277 2303 5332 ἃ
2337 5277 2681 5348 προῄρηται.
2715 5277 2881 5333 Totus
2912 5277 2996 5335 hic
3037 5281 3185 5336 locus
3228 5277 3548 5333 sic'videtnr
3590 5277 3820 5334 redden-

2267 5351 2364 5404 dus
2391 5368 2404 5404 :
2432 5349 2683 5414 Proponit
2711 5351 2930 5404 Patrum
2976 5354 3150 5418 ﬁdem,
3176 5366 3312 5419 quae,
3339 5359 3512 5419 utpote
3537 5351 3706 5402 verbis
3741 5371 3818 5402 ιιι-

2268 5421 2628 5488 di/ferentibus
2677 5434 2940 5484 constans,
2980 5417 3111 5474 nihil
3149 5417 3283 5489 quod
3314 5419 3407 5471 toti
3441 5417 3584 5473 illius
3619 5425 3814 5474 oratio-

2269 5491 2348 5542 nis
2375 5489 2746 5544 constructioni
2781 5501 3044 5558 repugnet,
3069 5490 3364 5542 exhibitura
3414 5501 3549 5554 erat,
3601 5507 3818 5556 eumque

2270 5560 2425 5626 facile
2471 5567 2733 5619 secutura,
2761 5559 2803 5611 si
2849 5575 3134 5612 sermonem
3164 5559 3256 5612 sub
3283 5560 3624 5624 expositionis
3655 5576 3820 5625 specie

2269 5630 2336 5682 ad
2366 5648 2448 5692 ea,
2499 5646 2612 5698 qum
2658 5631 2895 5691 intendit,
2938 5628 3257 5696 transferret.
3301 5629 3428 5684 Nec
3483 5642 3657 5682 autem
3707 5646 3820 5682 tera

2269 5717 2378 5755 esse
2408 5716 2500 5753 sua
2522 5710 2698 5767 sponte
2735 5699 2914 5766 l:quet.
2944 5699 3151 5753 Marus.
