4026 6476
233 407 340 465 513

1320 409 1686 463 ADVERSUS
1727 407 2089 463 EUNOMIUM
2131 403 2260 461 LIB.
2304 404 2348 463 ι.

3352 412 3454 465 ξιιι

231 549 364 604 ματι
396 538 455 588 τὸ
484 536 684 590 ἁπλοῦν
715 534 811 602 τῆς
841 533 1072 596 πίστεως
1107 532 1238 604 (97).
1269 528 1378 587 οἶόν
1401 551 1452 584 τι
1476 532 1684 603 δέλεαρ,
1708 550 1788 583 πε-

1905 547 2014 585 sua:
2042 530 2186 584 velut
2216 531 2374 584 hamo
2405 529 2469 582 ad
2507 538 2732 583 mortem
2772 527 3008 585 trahenti
3055 523 3458 599 simplicitatem

228 625 494 695 ριϐάλλει,
525 627 610 678 ἴνα
644 624 719 693 τῷ
752 624 1057 696 φαινομένῳ
1091 627 1475 696 ἐπιδραμόντες
1501 625 1549 676 οί
1579 624 1797 694 ἀπειρό-

226 732 396 787 τεροι,
433 715 755 786 ἀφυλάκτως
779 713 858 784 τῷ
890 714 1043 785 κακῷ
1073 716 1172 786 τῆς
1205 715 1457 777 ἀσεϐείας
1483 711 1796 784 περιπαρῶ-

229 820 336 861 σιν.
375 807 460 867 Ὠς
505 804 569 857 ἂν
611 803 668 857 δὲ
703 805 777 875 μὴ
809 804 1007 870 δόξειεν
1042 807 1167 860 ἀνευ
1199 805 1442 875 ἀνάγκης
1469 807 1534 875 τῇ
1565 805 1796 873 ἐπιδιορ-

230 897 394 955 θώσει
435 897 532 965 τῆς
574 896 806 960 πίστεως
851 900 1138 968 ἐγχειρεῖν,
1178 899 1240 967 ἢν
1271 897 1429 962 αὑτὸς
1460 899 1794 968 ἀπεσέμνυνε

227 993 351 1052 ταῖς
382 988 704 1054 ὑπερϐολαῖς
733 991 840 1044 τῶν
870 993 1125 1053 ἐπαίνων,
1149 990 1368 1061 ταύτην,
1397 992 1544 1045 ὥσπε
1553 1009 1584 1061 ρ
1610 990 1795 1043 ἐπιλα-

227 1083 453 1150 θόμενος
481 1080 590 1152 (98)
617 1082 725 1136 τῶν
759 1082 950 1138 ἐαυτοῦ
981 1081 1172 1150 λόγων,
1211 1083 1477 1153 σκέψασθε
1522 1083 1637 1145 πῶς
1683 1083 1795 1136 δια-

227 1172 405 1243 σύρεμ

295 1263 456 1318 ΕΥΝ.
511 1264 573 1317 Ἠ
609 1266 705 1335 μὲν
735 1260 825 1317 οὖν
855 1263 1194 1338 ἁπλουστέρα
1245 1267 1338 1318 καὶ
1385 1264 1534 1334 κοινή
1579 1264 1792 1318 πάντων

223 1355 408 1417 πίστις
434 1357 576 1420 ὅσοις
607 1357 666 1408 τὸ
692 1356 864 1408 δοκεῖν
897 1357 928 1427 ἢ
961 1357 1021 1410 τὸ
1060 1355 1197 1411 εἶναι
1238 1358 1579 1428 Χριστιανοῖς
1605 1359 1793 1427 ἐπιμε-

221 1448 335 1510 λὲς,
363 1448 434 1511 ὼς
457 1451 512 1500 ἐν
543 1449 802 1519 ἐπιδρομῇ
827 1449 1252 1518 κεφαλαιωδέστε
1264 1467 1350 1519 ρον
1378 1451 1566 1514 εἰπεῖν,
1598 1449 1754 1520 αὕτη.

296 1539 444 1590 ΒΑΣ.
471 1538 605 1591 Εἰπέ
635 1557 742 1609 μοι,
766 1541 797 1611 ἡ
822 1541 1047 1610 εὐσεϐὴς
1068 1539 1173 1590 τῶν
1199 1539 1454 1609 Πατέρων
1479 1540 1789 1610 παράδοσις,

221 1631 321 1682 καὶ
347 1632 374 1681 ὁ
402 1629 599 1693 κανὼν,
631 1632 704 1694 ὡς
731 1632 890 1694 αὑτὸς
913 1631 1218 1698 ὠνόμασας,
1251 1629 1344 1681 καὶ
1367 1631 1393 1680 ὁ
1421 1627 1673 1697 γνώμων,
1699 1629 1792 1680 καὶ

219 1720 283 1773 τὸ
317 1721 557 1791 ἀσφαλὲς
583 1721 689 1792 (99)
721 1723 1020 1793 κριτήριον,
1053 1719 1144 1772 νῦν
1178 1720 1404 1790 ὄργανον
1431 1721 1665 1791 ἀπάτης,
1699 1721 1793 1771 καὶ

1902 623 2019 678 ﬁdei
2051 637 2144 676 ceu
2177 636 2355 675 escam
2387 620 2676 690 quamdam
2720 619 3040 682 circumdat,
3078 631 3134 671 ut
3162 618 3461 688 imperitio-

1901 726 1986 766 res
2020 713 2086 766 ad
2125 711 2175 763 id
2215 712 2357 780 quod
2390 719 2612 779 apparet
2642 708 2991 776 festinantes,
3023 709 3235 762 incaute
3270 708 3462 778 impie-

1903 804 2029 858 tatis
2059 803 2270 859 scelere
2317 802 2721 869 transﬁguntur.
2771 798 2877 855 Sed
2928 818 2995 857 ue
3043 803 3284 857 videatur
3322 803 3458 855 citra

1899 896 2272 950 necessitatem
2323 895 2770 949 emendationem
2808 891 2928 946 ﬁdei
2986 894 3244 962 aggredi,
3296 908 3458 963 quam

1897 983 2012 1053 ipse
2057 987 2287 1040 summis
2322 985 2568 1040 laudibus
2619 985 2835 1047 extulit,
2879 984 3052 1038 videte
3094 986 3360 1053 quomodo
3406 984 3459 1040 ei

1896 1078 2048 1145 quasi
2083 1081 2367 1134 verborum
2394 1093 2610 1134 suorum
2643 1078 2841 1134 oblitus
2867 1077 3134 1132 detrahat.

1964 1253 2098 1309 Eun.
2131 1254 2436 1326 Simplicior
2463 1257 2622 1328 igitur
2649 1257 3018 1314 etcommunis
3041 1256 3172 1311 ﬁdes
3192 1256 3453 1321 omnium,

1893 1351 1983 1421 qui
2023 1360 2116 1403 aut
2143 1348 2334 1412 videri,
2364 1360 2454 1403 aut
2485 1366 2603 1405 esse
2628 1350 2922 1406 Christiani
2955 1351 3200 1423 cupiunt,
3229 1359 3286 1404 ut
3308 1364 3457 1405 conv

1895 1445 2088 1512 pendio
2114 1459 2175 1496 ac
2203 1443 2511 1497 summatim
2543 1444 2716 1497 dicam
2738 1476 2761 1508 ,-
2786 1444 2902 1498 lia‘c
2927 1455 3028 1500 est.

1964 1533 2087 1589 Bas.
2131 1533 2223 1586 Die
2271 1532 2426 1596 mihi,
2463 1532 2560 1607 pia
2604 1531 2821 1586 Patrum
2866 1534 3082 1587 traditio
3130 1533 3454 1603 regulaqne.

1897 1627 1970 1678 uti
2007 1627 2119 1693 ipse
2173 1628 2503 1694 nominasti,
2535 1636 2588 1681 et
2635 1625 2896 1690 amussis,
2937 1626 3458 1695 tutaquejudieandi

1895 1720 2036 1772 ratio
2067 1758 2080 1779 ,
2118 1734 2259 1771 nunc
2311 1735 2499 1773 rursus
2547 1699 2961 1772 inslrumenlutn
3005 1717 3237 1784 fraudis,
3267 1728 3324 1772 et
3369 1731 3458 1771 ars

218 1813 385 1883 τέχνη
425 1812 826 1884 σχηματισμοῦ,
862 1812 951 1862 κα)¹
975 1809 1044 1863 τά
1070 1811 1285 1864 τοιαῦτα
1325 1811 1484 1865 πάλιν
1523 1827 1788 1882 προσαγο-

1894 1809 2215 1874 simulandi,
2256 1820 2311 1863 et
2351 1810 2451 1862 alia
2485 1811 2534 1864 id
2568 1827 2732 1880 genus
2775 1808 3112 1880 appellatur?
3157 1810 3363 1864 Etenim
3409 1807 3458 1865 si

221 1882 585 1976 petierat—(li;
616 1906 677 1956 El
705 1903 812 1973 γὰρ
841 1904 958 1974 οὑχ).
979 1907 1091 1968 τοῖς
1119 1906 1284 1968 ὅντως
1310 1902 1426 1958 οὖσι
1450 1908 1788 1978 Χριστιανοῖς

1893 1917 1986 1957 eos
2021 1902 2110 1972 qui
2143 1916 2269 1956 vere
2311 1899 2609 1954 Christiani
2650 1913 2773 1955 sunt
2817 1917 3155 1972 nequaquam
3184 1899 3372 1968 decet,
3402 1911 3458 1956 at

219 1995 546 2066 ἐφαρμόζει,
580 1994 714 2047 ἀλλά
746 1997 856 2058 τοῖς
882 1995 940 2047 τὸ
967 1995 1138 2047 δοκεῖν
1165 1997 1268 2066 πρὸ
1294 1997 1388 2047 τοῦ
1420 1993 1552 2048 εἶναι
1577 2014 1795 2068 τετιμη-

219 2087 363 2149 κόσι,
391 2087 442 2139 τί
469 2085 594 2140 ἄλλο
617 2086 744 2157 περ).
775 2085 943 2157 αὐτῆς
967 2087 1417 2158 ὑπολαμϐάνεινῆ
1442 2087 1610 2141 ταῦτα
1635 2106 1793 2158 προσ-

218 2176 357 2247 ῆκε;
392 2176 487 2241 Τίς
528 2175 593 2229 ἂν
626 2172 737 2241 οὖν,
778 2178 849 2248 μὴ
885 2177 1158 2240 παντελῶς
1191 2178 1533 2248 παραπαίων,
1572 2178 1660 2230 τὸν
1697 2194 1796 2230 κα-

218 2268 346 2321 νόνα
373 2269 466 2321 τοῦ
495 2268 693 2331 εὑθέως
725 2272 837 2330 τοῖς
864 2269 960 2338 τὴν
991 2269 1164 2338 ψυχὴν
1193 2268 1590 2338 ἐνδιαστρὸφοις
1622 2268 1792 2340 ἁρμό-

218 2358 333 2423 ζειν
361 2359 525 2420 εἴποι,
553 2359 645 2409 καὶ
660 2359 749 2410 τὸν
773 2357 1024 2427 γνώμονα
1045 2360 1140 2428 τῆς
1162 2358 1416 2430 ἀληθείας
1444 2361 1553 2422 τοῖς
1581 2358 1794 2430 ἐχθροῖς

217 2449 319 2519 τῆς
375 2447 660 2519 ἀληθείας;
714 2451 776 2502 Oi
829 2449 936 2522 γὰρ
976 2450 1033 2503 τὸ
1079 2451 1435 2521 ὀνομάζεσθαι
1481 2452 1793 2523 Χριστιανοὶ

217 2540 328 2610 πρὸ
360 2538 455 2592 τοῦ
487 2539 700 2609 ἀληθῶς
736 2534 873 2593 εἶναι
901 2542 1274 2611 τετιμηκότες,
1303 2545 1394 2595 ἐπὶ
1421 2538 1486 2612 τῇ
1528 2542 1634 2594 τῶν
1668 2543 1792 2595 πολι

217 2633 328 2684 λῶν
358 2631 545 2704 ἀπάτῃ
574 2633 647 2702 (2)
676 2632 763 2685 τὸν
801 2634 1173 2703 σχηματισμὸν
1204 2633 1388 2685 τοῦτον
1421 2633 1789 2701 ὑποδυόμενοι,

217 2723 417 2794 πόρρω
480 2725 659 2793 πάσης
711 2722 1002 2792 εὐθύτητος
1055 2725 1145 2776 κα).
1180 2723 1431 2793 ἀληθείας
1470 2723 1626 2779 εἰσίν.
1656 2722 1792 2775 Οὔτε

214 2811 310 2867 οὖν
340 2815 767 2885 διεστραμμένον
803 2815 1310 2887 κατευθυνθήσεται,
1340 2817 1414 2878 ῶς
1441 2815 1534 2869 τοῦ
1571 2816 1794 2887 Ἐκκλη-

216 2904 502 2959 σιαστικοῦ
529 2904 705 2972 λόγος,
743 2906 864 2958 οὕτε
897 2908 965 2960 τά
991 2909 1088 2978 τῆς
1119 2908 1372 2978 ἀληθείας
1397 2909 1648 2980 κριτήρια
1682 2912 1791 2974 τοῖς

211 2996 277 3048 τὸ
327 2996 521 3065 ψεῦδος
576 3000 716 3051 κατά
752 2999 841 3052 τὸν
876 2998 988 3070 βίον
1033 3001 1321 3072 ᾑρημένοις
1359 3001 1606 3073 ἁρμόσει.
1655 3002 1790 3074 ὅπερ

212 3087 393 3158 τούτῳ
421 3089 582 3142 δοκεῖ.

290 3180 342 3233 5.
401 3179 559 3232 Ἀλλά
601 3180 668 3232 δι’
700 3181 766 3242 ἃς
800 3177 950 3233 εἷπον
987 3183 1164 3244 αἰτίας
1205 3183 1284 3245 είς
1310 3183 1451 3234 οὕτω
1493 3183 1786 3254 προδήλους
1816 3217 1860 3279 C

213 3271 597 3342 ἐναντιότητας
639 3271 928 3342 ὑπενέχθη,
989 3273 1072 3324 ἵνα
1104 3267 1184 3336 οἷς
1209 3275 1308 3342 μὲν
1337 3276 1547 3327 ἐπαινεῖ
1568 3275 1664 3346 τὴν
1697 3275 1785 3326 πί-

216 3383 336 3418 στιν
357 3368 632 3419 κοινωνεῖν
658 3367 766 3426 τοῖς
788 3365 1030 3434 Πατράσι
1047 3365 1144 3430 τῆς
1167 3367 1440 3431 εὐσεϐείας
1462 3368 1606 3442 δόξῃ,
1636 3363 1715 3431 οἷς
1731 3367 1786 3421 δὲ

213 3456 553 3527 λαμϐάνεται
582 3455 739 3508 πάλιν
758 3455 946 3524 αὑτῆς,
971 3455 1067 3526 τὴν
1090 3455 1204 3508 ὁδὸν
1234 3456 1307 3526 (5)
1331 3457 1504 3527 ἐαυτῷ
1528 3459 1662 3528 πρὸς
1691 3458 1787 3528 τὴν

215 3548 478 3618 ἐξήγησιν
511 3549 791 3622 ὑπανοίξῃ.
827 3548 923 3602 Διά
956 3547 1114 3601 τοῦτο
1141 3549 1239 3619 τὴν
1277 3549 1443 3620 αὐτὴν
1469 3551 1561 3602 καὶ
1590 3553 1788 3605 κανόνα

215 3637 389 3709 λέγει,
434 3641 526 3692 καὶ
578 3641 892 3713 προσθήκης
935 3642 1095 3712 φησὶν
1143 3641 1535 3712 ἀκριϐεστέρας
1563 3641 1785 3694 δεῖσθαι.

217 3733 390 3787 Τοῦτο
418 3733 473 3786 δὲ
501 3733 632 3786 αὑτὸ
666 3734 739 3802 (ί)
775 3736 864 3787 κα).
894 3736 991 3804 τῆς
1019 3735 1253 3804 ἐσχάτης
1277 3733 1538 3804 ἀμαθείας
1568 3737 1788 3805 σημεῖον

217 3825 381 3886 ἔστω,
405 3824 460 3876 εἴ
486 3841 564 3894 τῳ
584 3825 678 3877 κα),
704 3825 858 3877 τοῦτο
885 3826 1032 3892 φίλον
1060 3825 1462 3898 παρεξετάζειν.
1499 3827 1556 3879 'O
1582 3827 1688 3898 γάρ
1709 3844 1788 3880 τοι

218 3914 425 3978 κανὼν,
457 3909 500 3967 ὦ
528 3915 822 3984 σοφώτατε,
872 3917 964 3967 καὶ
1013 3916 1040 3966 ὁ
1087 3915 1337 3986 γνώμων,
1387 3916 1490 3979 ἐως
1521 3915 1585 3970 ἂν
1625 3916 1788 3986 μηδὲν

218 4009 377 4080 ἐνδέῃ
427 4005 518 4060 τοῦ
554 4006 731 4059 κανὼν
763 4002 901 4060 εἶναι
930 4008 1023 4060 καὶ
1049 4007 1299 4077 γνώμων,
1331 4005 1583 4076 οὐδεμίαν
1623 4025 1789 4079 προσ-

218 4100 394 4172 θήκην
423 4101 500 4161 είς
528 4098 809 4168 ἀκρίϐειαν
831 4097 1151 4172 ἐπιδέχεται,
1195 4098 1348 4151 Κατά
1381 4098 1486 4168 γάρ
1513 4096 1574 4150 τὸ
1623 4097 1790 4151 ἐλλεί-

219 4209 320 4243 πον
361 4192 392 4260 ἡ
422 4187 729 4260 πρόσθεσις.
788 4189 1016 4251 Ἀτελεῖς
1050 4188 1103 4240 δὲ
1129 4189 1482 4258 ὑπάρχοντες,
1529 4190 1648 4241 οὑδὲ
1681 4191 1788 4243 τῶν

219 4281 600 4353 προσηγοριῶν
633 4281 835 4334 τούτων
889 4282 1056 4350 ὑγιῶς
1096 4281 1160 4334 ἂν
1190 4281 1268 4334 ἔτι
1307 4281 1642 4350 τυγχάνοιεν.
1682 4283 1788 4335 Καὶ

218 4372 392 4427 ταῦτα
428 4373 524 4443 μὲν
560 4374 636 4435 εἰς
675 4372 946 4426 τοσοῦτον.
991 4372 1127 4441 Ἤδη
1158 4371 1228 4424 δὲ·
1251 4371 1342 4424 καὶ
1382 4369 1474 4434 οὑς
1516 4369 1787 4423 ἐκτίθεται

219 4467 349 4537 περὶ
379 4463 512 4517 Θεοῦ
545 4463 732 4532 λόγους
761 4461 1202 4534 ἐπισκεψώμεθα.

1895 1995 1960 2048 iis
2003 2005 2176 2048 tamen
2210 1993 2299 2062 qui
2333 1993 2501 2047 videri
2550 2007 2708 2060 quam
2736 2007 2854 2047 esse
2883 1994 3106 2059 malunt,
3144 1994 3272 2063 quid
3311 1994 3454 2047 aliud

1896 2087 1960 2138 de
1987 2101 2044 2140 ea
2078 2102 2238 2153 quam
2269 2087 2394 2140 talia
2425 2085 2630 2140 sentire
2659 2086 2947 2140 convenit?
2977 2086 3109 2153 Quis
3141 2087 3323 2156 igitur,
3351 2081 3456 2144 nisi

1896 2177 2116 2230 demens
2163 2177 2381 2231 omnino
2416 2177 2508 2243 sit,
2566 2177 2762 2232 dixerit
2804 2177 3040 2252 regulam
3091 2182 3221 2234 recti
3260 2180 3325 2233 iis
3363 2180 3455 2248 qui

1894 2268 2072 2321 animo
2101 2282 2350 2336 perverso
2386 2281 2513 2325 sunt
2541 2272 2847 2335 convenire,
2884 2280 2978 2324 aut
3003 2270 3249 2326 veritatis
3275 2286 3457 2325 amus-

1895 2361 2020 2425 sim,
2065 2362 2131 2415 iis
2163 2363 2252 2430 qui
2286 2363 2528 2417 veritatis
2562 2374 2686 2416 sunt
2711 2364 2950 2417 inimici?
2976 2362 3075 2430 Qui
3104 2366 3244 2418 enim
3273 2364 3454 2419 vocari

1893 2452 2186 2507 ChriStiani
2211 2468 2371 2522 quam
2404 2469 2526 2508 vere
2549 2468 2667 2507 esse
2695 2453 3019 2523 maluerunt,
3050 2456 3450 2511 simulationem

1894 2548 2031 2601 hanc
2075 2548 2141 2601 ad
2174 2547 2370 2601 multos
2403 2545 2750 2614 decipiendos
2794 2548 3110 2609 induentes,
3159 2547 3342 2617 procul
3385 2549 3453 2603 ab

1891 2638 2034 2690 omni
2084 2638 2409 2692 rectitudine
2443 2653 2507 2691 ac
2559 2639 2790 2693 veritate
2820 2641 3036 2694 absunt.
3076 2638 3260 2708 Neque
3293 2640 3455 2711 igitur

1893 2727 2178 2780 distortum
2237 2729 2518 2797 dirigetur,
2579 2729 2725 2784 velut
2773 2729 3126 2786 Eeclesiastes
3181 2723 3315 2786 dixit
3345 2726 3391 2765 ⁸³
3434 2745 3450 2788 :

1895 2832 2067 2884 neque
2087 2818 2328 2873 veritatis
2346 2819 2545 2890 judicia
2569 2822 2632 2875 iis
2661 2823 2751 2892 qui
2780 2823 2832 2876 in
2850 2822 2954 2881 rita
2976 2825 3314 2878 mendacium
3332 2837 3453 2878 ama

1893 2910 2089 2980 plexati
2141 2921 2298 2978 sunt,
2337 2913 2665 2969 convenient
2703 2930 2716 2968 ι
2768 2916 2909 2984 quod
2956 2916 3172 2986 quidem
3215 2917 3339 2975 huic
3375 2919 3453 2973 vis

1890 3002 2063 3058 detur.

1966 3179 2017 3232 5.
2060 3175 2256 3235 Verum
2303 3177 2372 3237 ob
2401 3196 2495 3238 eas
2526 3199 2661 3252 quas
2693 3184 2850 3240 retuli
2881 3196 3069 3240 causas
3112 3195 3216 3240 tam
3266 3197 3452 3259 aperte

1895 3289 2076 3329 secum
2114 3284 2332 3344 pugnat,
2373 3287 2430 3330 ut
2476 3277 2601 3331 dum
2646 3278 2827 3333 laudat
2859 3279 3038 3345 ﬁdem,
3085 3280 3300 3348 pietatis
3347 3281 3453 3336 Pa-

1893 3374 2034 3417 trum
2085 3366 2352 3434 particeps
2396 3380 2516 3421 esse
2567 3367 2812 3422 videatur
2856 3385 2870 3421 :
2927 3369 3050 3422 dum
3109 3383 3236 3422 vero
3281 3369 3452 3440 ipsam

1891 3470 2080 3511 rursus
2113 3456 2454 3523 criminatur,
2487 3458 2627 3512 viam
2673 3460 2774 3514 sibi
2808 3460 3015 3530 aperiat
3057 3459 3125 3514 ad
3158 3461 3450 3529 expositio-

1892 3565 2032 3604 nem.
2063 3549 2400 3623 Quapropter
2436 3555 2676 3608 eamdem
2711 3564 2765 3609 et.
2793 3555 3028 3624 regulam
3065 3556 3314 3626 appellat,
3349 3556 3452 3610 ait-

1892 3658 1997 3711 que
2044 3660 2161 3698 eam
2214 3646 2583 3701 additamento
2636 3650 2974 3704 accuratiore
3031 3649 3289 3720 indigere.
3338 3647 3451 3706 Hoc

1893 3736 2069 3804 ipsum
2127 3749 2308 3792 autem
2355 3738 2516 3791 etiam
2573 3749 2831 3792 extrema:
2878 3738 3197 3808 ignorantiae
3239 3744 3451 3812 signum

1891 3825 2078 3892 fuerit,
2113 3828 2155 3881 si
2192 3828 2279 3882 cui
2312 3828 2364 3881 id
2397 3843 2614 3898 quoque
2642 3829 2947 3899 disquirere
2979 3829 3210 3886 libuerit.
3248 3831 3451 3903 Regula

1889 3919 2032 3971 cnim
2079 3929 2133 3973 et
2184 3919 2434 3986 amussis,
2488 3933 2521 3972 o
2569 3919 2983 3987 sapientissime,
3042 3921 3274 3988 quandiu
3316 3922 3449 3977 nihil

1890 4011 2118 4065 defuerit
2169 4011 2454 4080 quominus
2502 4012 2683 4082 regula
2739 4013 2846 4066 siut
2890 4023 2943 4065 et
2987 4011 3152 4088 214
3194 4014 3449 4082 ιιιιιιιςιίιι,

1889 4103 2250 4157 accessionem
2293 4103 2492 4156 nullam
2524 4105 2588 4158 ad
2633 4103 3000 4174 integritatem
3030 4105 3335 4160 admittunt.
3363 4105 3450 4164 Fit

1888 4197 2031 4248 enim
2100 4197 2342 4249 accessio
2391 4195 2460 4249 ob
2509 4193 2797 4250 defectum.
2839 4195 2988 4262 Quod
3031 4195 3074 4252 si
3121 4197 3450 4268 imperfecta

1890 4284 2109 4348 fuerint,
2141 4299 2207 4338 ne
2233 4285 2333 4338 has
2371 4283 2588 4352 quidem
2628 4284 3012 4355 appellationes
3029 4287 3142 4355 jam
3175 4295 3322 4342 recte
3352 4301 3450 4341 ac-

1888 4377 2150 4444 ceperint.
2191 4376 2296 4430 Sed
2321 4375 2386 4430 de
2424 4376 2505 4430 his
2531 4377 2685 4431 satis.
2715 4374 2829 4430 lam
2866 4392 2996 4432 vero
3023 4380 3183 4434 etiam
3218 4391 3356 4449 quos
3384 4381 3450 4436 do

1892 4467 1998 4520 Deo
2030 4466 2228 4534 profert
2254 4482 2527 4522 sermones
2562 4469 2990 4524 consideremus.

289 4555 452 4608 ΕΥΝ.
487 4549 580 4617 Εἷς
619 4555 816 4618 τοίνυν,
850 4555 1000 4626 φησὶ,
1043 4553 1180 4607 κατά
1211 4571 1269 4606 τε
1314 4552 1544 4623 φυσικὴν
1582 4551 1787 4626 ἔννοιαν

1962 4557 2093 4611 Eun.
2137 4556 2244 4612 Nos
2270 4560 2451 4629 igitur,
2483 4559 2676 4628 inquit,
2711 4575 2875 4613 unum
2909 4562 3071 4615 Deum
3101 4560 3326 4632 etjuxta
3350 4574 3449 4619 na-

221 4650 317 4702 καὶ
345 4648 486 4701 κατά
520 4647 614 4718 τὴν
645 4647 753 4700 τῶν
778 4647 1031 4718 Πατέρων
1058 4646 1396 4700 διδασκαλίαν
1435 4648 1562 4716 ἡμῖν
1583 4646 1784 4716 ώμολό-

220 4755 384 4809 γηται
418 4736 568 4799 Θεὸς,
597 4739 729 4807 μήτε
763 4737 890 4807 παρ’
925 4735 1113 4788 ἑαυτοῦ
1151 4737 1284 4806 μήτε
1308 4735 1434 4806 παρ’
1471 4736 1655 4806 ἐτέρου
1688 4752 1782 4803 γε·

216 4831 460 4900 νόμενος.
517 4823 801 4898 Ἑκάτερον
853 4827 960 4897 γὰρ
1018 4826 1193 4878 αὐτῶν
1257 4826 1450 4896 ἐπίσης
1503 4826 1782 4889 ἀδύνατον,

291 4985 339 5017 ⁸⁸
373 4984 550 5041 Eccle.
585 5001 624 5048 ι,
661 4983 747 5039 15.

289 5139 401 5208 (97)
429 5141 604 5195 Editio
630 5149 856 5210 utraque
883 5155 1005 5195 eum
1058 5140 1189 5212 Reg.
1227 5140 1432 5212 quinto
1465 5131 1525 5212 τὸ
1571 5135 1777 5192 ἁπλοῦν

217 5208 317 5279 τῆς
346 5212 644 5274 ἐπιτάσεως
671 5227 685 5241 ο
719 5208 855 5265 unde
899 5208 1190 5266 Carnarius
1219 5228 1234 5266 :
1266 5211 1645 5277 simplicitatem
1686 5212 1772 5279 in-

217 5278 587 5337 crebrescentis
633 5283 905 5334 orationis.
936 5282 1006 5334 At
1043 5281 1194 5336 Οοίίι.
1232 5292 1284 5334 et
1307 5296 1399 5333 sex
1431 5280 1519 5333 alii
1553 5295 1684 5334 tnss.
1711 5278 1773 5330 τὸ

215 5349 421 5420 ἁπλοῦν
452 5352 552 5420 τῆς
583 5353 836 5420 πίστεως,
861 5352 1246 5417 simplicitatem
1272 5351 1415 5417 ﬁdei.

291 5419 398 5487 (98)
441 5418 576 5475 Editi
600 5418 1094 5492 ἐπιλανθανόμενος.
1129 5420 1342 5475 Veteres
1371 5424 1474 5475 duo
1504 5422 1624 5477 libri
1652 5425 1772 5476 ἐπι-

216 5488 529 5543 λαθόμενος.

394 5507 529 5553 ενος.

288 5509 609 5630 ﬁgi-ﬁtilla
640 5575 774 5614 unus
800 5562 891 5615 κα).
913 5560 972 5612 τὸ
995 5562 1414 5630 ἀσφαλέστατον.
1477 5560 1596 5616 Mox
1632 5561 1767 5627 Reg.

217 5631 428 5702 tartius_
440 5630 532 5683 νῦν
565 5630 789 5702 ὄργανα.

286 5700 528 5773 (ιλ-Ειιιιί
553 5700 1064 5771 προσαγορεύονται.
1096 5703 1166 5756 At
1192 5717 1317 5756 mss.
1361 5700 1768 5773 προσαγορεύε-

215 5768 487 5823 ται.Νι›ι²
536 5768 971 5841 interrogationis
1029 5773 1116 5825 hic
1175 5768 1445 5825 invenitur
1484 5768 1768 5825 iu'n'tultis

217 5853 344 5895 tuss.
389 5842 581 5896 Statim
622 5843 750 5894 editi
789 5842 912 5913 περὶ
947 5841 1110 5895 αὑτοῦ
1160 5841 1578 5914 ὑπολαμϐάνειν.
1619 5841 1764 5896 Libri

533 5936 802 5998 Ριτιιοι.
849 5940 963 6000 Gn.
1002 5939 1238 6002 XXIX.

1890 4648 2118 4700 turalem
2157 4648 2428 4702 notionem
2476 4658 2530 4702 et
2553 4650 2707 4715 juxta
2739 4648 2958 4702 Pa-trum
2992 4651 3287 4707 doctrinam
3320 4669 3451 4708 cona

1894 4735 2129 4800 ﬁtemur,
2179 4751 2351 4806 neque
2387 4752 2415 4790 a
2464 4739 2680 4806 seipso,
2733 4753 2907 4807 neque
2955 4740 3020 4792 ab
3069 4739 3176 4795 alio
3225 4739 3448 4797 factum.

1891 4826 2024 4880 Nam
2075 4839 2363 4898 utrumque
2409 4831 2599 4884 borum
2652 4847 2717 4884 ex
2757 4847 2911 4903 aequo
2955 4832 3068 4887 ﬁeri
3115 4848 3220 4889 non
3249 4845 3447 4905 potest,

1882 5137 2086 5208 antiqui
2114 5132 2240 5208 περ).
2268 5132 2458 5209 αὐτῆς.

1952 5204 2026 5285 (2)
2058 5204 2207 5285 ςυιιί.
2244 5225 2364 5285 cum
2393 5204 2526 5279 Reg.
2557 5211 2714 5285 tertio
2850 5210 2950 5285 τὴν
2976 5207 3211 5285 ἀπάτην.
3239 5204 3446 5285 Locum

1883 5280 2226 5354 Ecclesiaste
2257 5280 2333 5332 sic
2351 5295 2662 5354 expressere
2695 5279 2831 5354 L_XX
2871 5279 3360 5354 ίΔιεστραμμένον
3385 5283 3447 5335 οὐ

1879 5350 2160 5423 δυνήσεται
2195 5349 2689 5423 ἐπικοσμηθῆναι,
2715 5348 3030 5423 Pervertunt
3085 5348 3215 5407 'ndn'
3260 5354 3455 5423 poterit-

1879 5419 2166 5494 adornari.
2195 5420 2346 5494 Vulgi.
2373 5419 2614 5494 Perveni
2638 5421 2844 5488 difﬁcile
2870 5424 3233 5494 corriguntur.

1952 5490 2025 5563 (ϐ)
2075 5490 2231 5553 Editi,
2274 5491 2340 5544 δι’
2383 5491 2448 5553 ἀς
2482 5491 2775 5560 εἴπομεν...
2833 5490 3028 5563 αὐτῆς
3057 5492 3197 5546 ὀδόν.
3225 5490 3450 5548 Codices

1879 5561 2123 5615 melioris
2160 5571 2296 5612 nuta:
2323 5572 2380 5612 ut
2416 5564 2468 5615 in
2495 5572 2769 5615 contextu.

1951 5631 2022 5701 (4)
2059 5630 2192 5701 Editi
2229 5631 2398 5684 Τοῦτο
2431 5631 2486 5684 δὲ
2517 5630 2701 5684 αὑτοῦ.
2739 5633 2960 5700 Antiqui
2991 5632 3098 5686 duo
3135 5630 3258 5687 libri
3293 5622 3453 5685 τοῦτο

1875 5701 1932 5772 δὲ
1960 5699 2112 5754 αὑτό.
2133 5701 2234 5772 Alii
2263 5703 2367 5772 duo
2392 5701 2546 5754 τοῦτο
2573 5701 2627 5754 δὲ
2651 5701 2816 5772 αὑτῷ.
2846 5699 3000 5769 Quod
3030 5702 3308 5772 aliquanto
3331 5713 3452 5771 post

1875 5771 2089 5841 legitur,
2144 5769 2375 5844 Ἀτελείς
2423 5769 2857 5844 δέ-ὑπάρχοντες
2889 5811 2904 5839 ,
2963 5769 3154 5828 referri
3196 5769 3356 5828 debet
3383 5772 3452 5827 Id

1874 5840 2034 5897 voces
2062 5844 2089 5895 ὁ
2118 5841 2314 5908 κανὼν,
2349 5843 2375 5894 ό
2411 5840 2662 5912 γνώμων.

3063 5936 3132 5998 l7

2562 6464 2656 6476 -ι-Ι...
2685 6464 2806 6476 ιΑ--π
2827 6465 2928 6476 Iun—an...-
2941 6465 3028 6476 —-._I.
