4026 6434
616 365 723 421 5&5
1910 356 1965 410 5.
2009 354 2248 410 BASILII
2289 354 2499 409 MAGNI
3727 357 3833 413 516

611 496 732 533 cum
758 493 943 532 revera
968 478 1019 530 id
1047 478 1187 543 quod
1207 474 1354 540 facit,
1375 474 1521 543 prius
1538 485 1657 527 esse
1676 481 1925 540 oporteat
1941 487 2005 526 eo
2023 471 2164 539 quod

2269 471 2451 542 ἐπειδή
2490 487 2552 538 γε
2580 472 2660 524 δεῖ
2685 471 2824 526 κατά
2856 471 3109 542 ἀλήθειαν
3139 490 3198 528 το
3226 471 3409 527 ποιοῦν
3430 471 3524 525 τοῦ
3547 479 3832 543 γινομένου

608 571 696 626 tit:
728 577 782 620 et
815 567 866 621 id
894 568 1039 635 quod
1086 567 1164 628 fit,
1202 565 1473 635 posterius
1497 577 1564 616 eo
1605 563 1748 632 quod
1793 563 1940 618 facit.
1982 562 2166 630 Neque

2269 562 2657 632 προῦπάρχειν,
2694 564 2788 616 καὶ
2819 561 2878 614 τὸ
2904 563 3223 632 ποιούμενον
3259 564 3353 617 τοῦ
3392 562 3666 626 ποιοῦντος
3692 558 3832 618 εἶναι

607 673 735 712 vero
752 657 1042 727 quidquam
1065 657 1244 726 seipso
1262 656 1406 726 prius
1424 663 1516 707 aut
1543 654 1808 722 posterius
1828 670 1948 710 esse
1967 664 2165 723 pmest,

605 763 780 818 seque
806 748 948 800 aliud
991 747 1284 816 quidquam
1333 756 1457 800 ante
1493 745 1679 798 Deum.
1716 745 2008 800 Enimvero
2039 743 2166 798 illud

608 857 717 911 pra:
753 842 1052 909 posteriore
1087 841 1397 909 dignitatem
1445 837 1666 893 haberet
1704 836 1942 892 deitatis.

679 1019 802 1074 Bas.
845 1020 1112 1086 Quersum
1167 1019 1329 1087 igitur
1381 1026 1547 1086 totam
1599 1019 1738 1072 hanc
1781 1014 1899 1083 ejus
1946 1015 2166 1083 apposui

608 1112 938 1168 dictionem?
973 1111 1040 1167 Ut
1085 1113 1376 1180 conspicua
1417 1110 1508 1165 flat
1541 1110 1642 1163 viri
1676 1121 1813 1160 vana
1845 1105 2165 1175 loquacitas,

607 1221 710 1276 qua
759 1221 854 1275 per
897 1213 1069 1260 totum
1109 1204 1303 1258 librum
1343 1205 1529 1258 utitur.
1570 1202 1682 1257 Etsi
1728 1200 1872 1254 enim
1915 1199 2006 1253 ille
2054 1201 2168 1268 ipse

604 1298 744 1354 dixit
769 1298 992 1353 evidens
1017 1311 1134 1351 esse
1173 1295 1549 1350 communibus
1577 1291 1818 1346 omnium
1867 1291 2167 1359 intelligen-

610 1393 720 1458 tiis,
758 1392 921 1447 Deum
949 1405 1070 1446 esse
1102 1391 1421 1460 ingenitum,
1450 1388 1551 1441 hoc
1584 1397 1760 1440 tamen
1789 1385 1946 1440 nobis
1979 1385 2169 1438 nititur

607 1493 1052 1540 commonstrare.
1098 1483 1250 1539 Unde
1295 1482 1469 1538 simile
1514 1481 1768 1550 quiddam
1804 1477 1972 1540 facit,
2019 1493 2084 1530 ac
2119 1479 2164 1531 si

607 1578 732 1644 quis
755 1576 900 1628 clara
931 1574 984 1626 in
1016 1574 1242 1627 meridie
1265 1572 1414 1627 sanis
1437 1572 1610 1625 oculis
1637 1569 1891 1639 praeditos
1922 1568 2169 1623 homines

606 1671 800 1722 docere
833 1667 1039 1720 ratione
1064 1665 1214 1728 velit,
1247 1665 1414 1720 solem
1438 1662 1743 1718 coalestium
1775 1663 2015 1715 omnium
2039 1661 2168 1715 stel-

604 1761 780 1814 larum
821 1771 940 1814 esse
979 1757 1388 1812 lucidissimum.
1430 1755 1580 1822 Quod
1605 1754 1649 1808 si
1676 1753 1950 1807 deridetur
1975 1750 2065 1820 qui
2102 1768 2163 1806 ea

2266 652 2532 724 δεύτερον.
2571 654 2722 723 Μήτε
2765 655 2821 707 δὲ
2848 654 2978 706 αὐτὸ
3009 655 3200 706 ἑαυτοῦ
3243 658 3501 730 πρότερον
3534 656 3567 725 ἢ
3605 655 3832 728 ὕστερον

2267 739 2404 796 εἶναι
2433 743 2708 807 δύνασθαι,
2745 748 2878 817 μήτε
2909 744 3091 815 ἕτερόν
3111 762 3164 796 τι
3191 748 3296 817 πρὸ
3316 749 3409 802 τοῦ
3435 750 3588 804 Θεοῦ.
3619 744 3697 799 'H
3721 749 3833 818 γὰρ

2267 833 2332 887 ἂν
2361 838 2533 890 ὲκεῖνο
2581 836 2684 906 πρὸ
2730 838 2822 890 τοῦ
2862 836 3109 908 δευτέρου
3148 836 3208 890 τὸ
3248 840 3345 908 τῆς
3388 840 3636 913 θεότητος
3674 839 3833 909 ἔσχεν

2268 927 2504 999 ἀξίωμα.

2337 1020 2484 1074 ΒΑΣ.
2529 1019 2680 1083 Τίνός
2729 1015 2820 1072 οὖν
2859 1021 3041 1076 ἕνεκεν
3083 1021 3158 1091 (5)
3206 1021 3385 1073 πᾶσαν
3428 1024 3592 1078 αὑτοῦ
3629 1024 3832 1092 ταύτην

2269 1112 2581 1183 παρεθέμην
2612 1113 2708 1182 τὴν
2743 1110 2918 1176 λέξινς
2960 1115 3074 1167 Ἵνα
3120 1112 3435 1181 καταφανὴς
3473 1115 3506 1183 ἡ
3549 1118 3832 1187 ἀδολεσχία

2267 1203 2358 1256 τοῦ
2381 1203 2588 1273 ἀνδρὸς,
2680 1204 2874 1274 χρῆται
2901 1205 3051 1274 παρά
3071 1205 3246 1258 πάντα
3274 1203 3360 1255 τὸν
3387 1201 3560 1270 λόγον,
3585 1208 3830 1277 γένηται.

2269 1293 2449 1348 Εἰπὼν
2501 1297 2607 1369 γὰρ
2662 1296 2820 1358 αὐτὸς
2874 1296 3098 1366 ἐναργὲς
3160 1297 3420 1367 ὑπάρχειν
3460 1298 3580 1357 ταῖς
3628 1297 3835 1362 κοιναῖς

2269 1386 2482 1440 πάντων
2500 1389 2725 1452 ἐννοίαις
2751 1387 2810 1439 τὸ
2833 1386 2970 1439 εἶναι
2999 1387 3087 1439 τὸν
3109 1389 3239 1441 Θεὸν
3265 1388 3554 1458 ἀγέννητον
3573 1386 3670 1455 (6),
3702 1391 3837 1442 ἀπο-

2266 1478 2457 1541 δείξεις
2491 1480 2677 1532 τούτου
2705 1479 2946 1550 κομίζειν
2972 1480 3100 1548 ἡμῖν
3134 1483 3417 1552 ἐπιχειρεῖ,
3454 1477 3837 1548 παραπλήσιον

2270 1568 2452 1628 ποιῶν,
2481 1570 2666 1642 ὥσπερ
2695 1571 2758 1624 ἂν
2793 1571 2844 1622 εἴ
2872 1587 2952 1632 τις
2996 1572 3051 1622 ὲν
3087 1573 3322 1643 σταθερᾷ
3368 1568 3682 1640 μεσημϐρίᾳ
3709 1572 3838 1632 τοὺς

2269 1661 2605 1734 ἐρρωμένους
2636 1663 2732 1723 τὰς
2760 1663 2910 1730 ὄψεις
2937 1662 3078 1732 λόγῳ
3105 1663 3369 1718 διδάσκειν
3395 1660 3632 1732 βούλοιτο
3668 1661 3838 1728 φανό-

2267 1770 2423 1806 τατον
2457 1749 2595 1807 εἶναι
2625 1755 2730 1806 τῶν
2755 1757 2874 1806 κατ’
2905 1755 3129 1825 οὐρανὸν
3166 1756 3408 1827 ἀστέρων
3447 1754 3535 1807 τὸν
3565 1752 3734 1822 ἥλιον.
3774 1751 3837 1802 Ei

602 1867 724 1922 qua:
762 1851 1006 1907 sensibus
1033 1861 1157 1903 nota
1186 1858 1332 1913 sunt,
1363 1849 1571 1902 ratione
1601 1846 1841 1900 ostendit
1875 1863 1887 1898 :
1935 1844 2026 1913 qui
2077 1860 2161 1899 res

2269 1845 2319 1897 δὲ
2342 1846 2368 1896 ὁ
2394 1843 2462 1896 τὰ
2482 1849 2546 1916 τῇ
2582 1844 2827 1916 αἰσθήσει
2859 1845 3108 1917 γνώριμα
3133 1846 3275 1918 λόγῳ
3307 1848 3518 1909 δεικνὺς
3541 1842 3842 1910 καταγέλα-

602 1960 667 1999 ex
697 1942 1072 1998 communibus
1107 1941 1416 1995 notionibus
1464 1937 1744 1992 confessas
1777 1937 1958 2001 docet,
1985 1952 2163 1993 nonne

604 2033 853 2089 amentiae
881 2030 1118 2100 ejusdem
1156 2031 1368 2084 futurus
1391 2038 1481 2084 est
1510 2029 1674 2084 reus?
1707 2028 1831 2084 Haec
1859 2028 2002 2082 enim
2036 2044 2161 2097 pro-

604 2122 747 2176 fecto
779 2122 934 2188 longe
972 2121 1202 2176 certiora
1239 2127 1364 2172 sunt
1397 2119 1568 2188 aequis
1608 2135 1790 2173 rerum
1817 2120 2162 2174 aestimatori-

601 2211 722 2273 bus,
757 2225 915 2279 quam
948 2224 1066 2276 qua
1094 2211 1293 2262 cadunt
1340 2209 1441 2262 sub
1482 2208 1687 2262 oculos.
1719 2208 1784 2262 Et
1810 2224 1938 2263 vero
1964 2211 2011 2264 si
2043 2216 2164 2279 quis

605 2311 749 2356 eSset
772 2300 862 2370 qui
888 2300 940 2353 in
968 2299 1110 2354 banc
1131 2299 1410 2354 veritatem
1436 2299 1777 2370 impudenter
1799 2302 2162 2367 inveberetur,

605 2401 660 2444 et
679 2406 800 2444 eum
826 2392 917 2459 qui
950 2392 1218 2461 ingenitus
1242 2401 1350 2454 est.
1381 2405 1475 2446 aut
1500 2409 1528 2447 a
1552 2395 1755 2464 seipso,
1783 2407 1878 2449 aut
1902 2397 1970 2450 ab
1995 2397 2165 2452 altero

604 2478 840 2546 gcnitum
884 2493 1005 2533 esse
1037 2479 1427 2545 contenderet,
1475 2483 1586 2537 haec
1617 2484 1714 2536 ista
1749 2485 2035 2538 verborum
2068 2500 2164 2536 va-

607 2568 752 2621 nitas
784 2569 995 2622 veniam
1025 2569 1256 2638 aliquam
1290 2573 1518 2625 fortasse
1547 2574 1792 2628 obtinere
1821 2585 2001 2642 posset
2030 2592 2044 2627 :
2080 2575 2163 2629 sin

609 2667 789 2712 autem
843 2661 1018 2714 nullus
1072 2662 1138 2713 ad
1199 2661 1341 2714 hunc
1390 2675 1560 2729 usque
1600 2662 1776 2726 diem,
1829 2678 1926 2718 nec
1979 2679 2163 2718 eorum

604 2750 696 2819 qui
737 2750 897 2804 alieni
935 2760 1060 2805 sunt
1089 2765 1118 2805 a
1162 2760 1343 2807 nostra
1386 2754 1632 2808 doctrina
1656 2794 1672 2820 ,
1724 2769 1826 2809 nec
1854 2769 2041 2809 eorum
2073 2755 2163 2824 qui

611 2857 681 2896 ex
708 2841 821 2913 ipsa
847 2842 1088 2898 Ecclesia
1113 2846 1313 2906 exiere,
1337 2857 1521 2899 contra
1548 2848 1826 2900 veritatem
1861 2847 2167 2900 insurrexe-

608 2945 756 3000 runt,
785 2949 850 2988 eo
875 2936 1087 2988 devenit
1116 2937 1464 3002 stupiditatis,
1491 2946 1550 2990 ut
1579 2939 1644 2991 de
1676 2939 1898 3004 ingeniti
1938 2941 2165 3010 ingene-

611 3024 818 3077 ratione
845 3025 1148 3079 dubitaret:
1183 3026 1309 3094 quid
1340 3026 1387 3080 ei
1423 3025 1560 3080 lucri
1587 3042 1649 3081 ex
1693 3030 1776 3083 Itis
1804 3029 1984 3088 verbis
2013 3047 2162 3088 acce-

613 3116 727 3180 dat,
765 3114 904 3167 haud
932 3114 1190 3185 intelligo.
1229 3114 1366 3169 Num
1395 3131 1522 3172 vere
1546 3117 1852 3175 Aristotelis
1881 3131 1973 3176 aut
1996 3121 2168 3194 Chryo

609 3206 745 3276 sippi
785 3206 1108 3278 syllogismis
1156 3222 1290 3278 opus
1339 3211 1496 3266 nobis
1536 3222 1676 3278 erat,
1728 3223 1784 3267 ut
1834 3214 2168 3270 disceremus

609 3314 734 3353 eum
768 3301 858 3369 qui
897 3300 1163 3370 ingenitus
1201 3311 1323 3367 est,
1367 3319 1540 3373 neque
1567 3321 1597 3359 a
1645 3307 1820 3373 seipso
1845 3346 1859 3369 ,
1899 3323 2072 3376 neque
2105 3309 2173 3362 ab

611 3387 784 3442 altero
812 3390 1048 3458 genitum
1075 3389 1240 3442 fuisse
1268 3409 1280 3442 :
1311 3399 1365 3441 et
1398 3391 1644 3442 eutudem
1676 3391 1852 3458 seipso
1894 3408 1991 3445 nec
2031 3393 2170 3444 anti-

611 3481 876 3547 quiorem,
910 3478 1288 3545 necjuniorem
1314 3480 1476 3533 esse?
1506 3478 1642 3545 Quid
1670 3481 1830 3548 igitur
1855 3481 1958 3534 sibi
1989 3481 2172 3536 volunt

613 3568 726 3622 lure
753 3567 869 3634 ejus
899 3567 1098 3622 verba?
1128 3569 1350 3624 Videtur
1395 3570 1526 3623 mihi
1557 3585 1615 3625 se
1645 3569 1787 3624 inter
1823 3586 1950 3625 suos
1994 3582 2171 3626 secta-

615 3670 758 3715 tores
786 3658 1013 3728 jactare,
1051 3668 1306 3724 tanquam
1344 3661 1581 3730 prudens
1618 3663 1883 3731 quispiam
1916 3678 1980 3718 ac
2020 3677 2172 3733 egre-

612 3752 698 3821 gia
731 3759 906 3804 mente
931 3751 1210 3818 prmditus,
1241 3756 1332 3820 qui
1356 3768 1477 3806 cmn
1513 3765 1704 3808 acutus
1735 3755 1803 3807 sit
1833 3757 1884 3807 in
1921 3754 2173 3809 absurdis

615 3843 1043 3911 prospiciendis,
1089 3844 1141 3897 in
1212 3844 1312 3899 boc
1370 3846 1514 3914 quod
1565 3845 1919 3915 deprehendit
1981 3846 2173 3900 dissol-

615 3937 790 3986 vendo
844 3934 1051 3988 acutior
1080 3945 1183 4000 est,
1235 3937 1304 3990 ob
1353 3937 1511 4005 idque
1553 3937 1606 3990 in
1657 3937 1940 3992 verborum
1987 3953 2175 3993 versu-

619 4023 692 4077 tia
745 4023 986 4094 gloriari,
1045 4036 1099 4080 et
1150 4027 1332 4080 conari
1386 4028 1652 4081 subtiliter
1692 4039 1746 4082 et
1795 4037 1983 4097 argute
2044 4028 2174 4083 illud

615 4116 1021 4181 demonstrare,
1074 4121 1214 4185 quod
1273 4119 1317 4172 is
1350 4119 1440 4186 qui
1491 4121 1762 4189 ingenitus
1826 4129 1944 4185 est,
1999 4135 2099 4174 nec
2144 4135 2172 4173 a

614 4205 826 4272 seipso.
877 4221 976 4260 nec
1026 4208 1094 4260 ab
1150 4209 1255 4260 alio
1305 4212 1516 4276 genitus
1561 4212 1651 4264 sit.
1691 4212 1894 4264 Deinde
1937 4226 2066 4265 vero
2105 4226 2174 4265 ne

616 4297 704 4349 hic
731 4295 944 4366 quidem
983 4299 1118 4351 artis
1163 4314 1272 4352 sum
1309 4299 1644 4354 obliviscitur
1679 4319 1692 4353 :
1727 4302 1820 4355 sed
1862 4301 2020 4354 rebus
2045 4317 2174 4354 con-

617 4393 772 4446 fessis
801 4393 1116 4459 immorans,
1162 4394 1313 4461 quasi
1342 4394 1606 4449 elementa
1635 4397 1878 4462 quadam
1917 4395 2018 4449 sibi
2059 4397 2170 4462 ipse

2266 1955 2406 2000 στος,
2437 1940 2466 1990 6
2497 1939 2564 1990 τὰ
2590 1941 2709 2000 ταῖς
2739 1941 2942 2001 κοιναῖς
2977 1937 3306 2009 προλήψεσιν
3339 1936 3733 2008 ὡμολογημένα
3756 1935 3839 1987 δι-

2263 2031 2475 2084 δάσκων
2521 2029 2637 2092 πῶς
2678 2030 2798 2099 οὐχὶ
2839 2030 2939 2099 τῆς
2985 2029 3104 2098 ῐσης
3155 2030 3453 2098 παρανοίας
3501 2028 3838 2091 ὑπεύθυνοςς

2263 2120 2448 2191 Πολλῷ
2477 2119 2585 2191 γὰρ
2609 2121 2780 2192 δήπου
2809 2119 2982 2174 ταῦτα
3004 2121 3112 2172 τῶν
3135 2119 3222 2172 διὰ
3249 2119 3344 2190 τῆς
3376 2118 3548 2187 ὅψεως
3575 2120 3844 2189 φαινομέ-

2263 2228 2370 2265 νων
2403 2214 2513 2275 τοῖς
2547 2212 2878 2283 σωφρονοῦσι
2909 2212 3222 2284 πιστότερα.
3256 2211 3318 2264 Ei
3358 2211 3454 2283 μὲν
3481 2206 3574 2264 οὖν
3599 2206 3667 2282 ἦν
3693 2227 3780 2272 τις
3815 2212 3845 2262 6

2264 2304 2407 2357 κατά
2435 2304 2534 2373 τῆς
2554 2304 2809 2374 ἀληθείας
2829 2305 3031 2372 ταύτης
3053 2304 3438 2373 ἀναισχυντῶν.
3465 2304 3558 2356 καὶ
3584 2303 3673 2356 τὸν
3687 2302 3847 2370 ἀγέν-

2265 2410 2423 2462 νητον
2470 2395 2502 2463 ἢ
2538 2394 2668 2463 παρ’
2696 2392 2886 2445 ἑαυτοῦ
2923 2393 2954 2460 ἢ
2999 2394 3127 2462 παρ’
3158 2393 3344 2461 ἑτέρου
3369 2391 3727 2461 γεγεννῆσθαι
3765 2390 3844 2456 ι7)

2264 2485 2674 2555 διατεινόμενος,
2705 2479 2849 2552 εἶχεν
2881 2484 2943 2538 ἀν
2973 2501 3094 2536 τινα
3119 2484 3279 2552 τυχὸν
3318 2482 3644 2552 συγγνώμην
3673 2485 3704 2550 ἡ
3733 2500 3845 2552 μα-

2265 2579 2482 2646 ταιότης
2512 2577 2619 2630 τῶν
2647 2576 2980 2646 λεγομένων
3015 2577 3062 2626 εί
3099 2574 3154 2626 δὲ
3181 2573 3352 2636 οὐδεὶς
3399 2572 3563 2642 μέχρι
3599 2574 3846 2641 σήμερον

2265 2671 2387 2724 οὕτε
2421 2672 2527 2726 τῶν
2568 2672 2672 2737 ἔξω
2695 2670 2786 2725 τοῦ
2813 2671 2970 2738 λόγου
2999 2670 3091 2722 τοῦ
3125 2669 3243 2722 καθ’
3268 2671 3436 2740 ἡμᾶς,
3470 2664 3594 2721 οὔτε
3627 2666 3740 2721 τῶν
3783 2669 3845 2734 ἐξ

2265 2764 2437 2832 αὐτῆς
2463 2763 2562 2832 τῆς
2596 2761 2915 2833 Ἐκκλησίας
2936 2761 3350 2814 ἐπαναστάντων
3382 2763 3446 2830 τῇ
3476 2759 3720 2830 ἀληθείᾳ,
3762 2760 3847 2820 είς

2264 2853 2514 2907 τοσοῦτον
2538 2850 2697 2924 ἦλθεν
2730 2852 3088 2923 ἀποπληξίας,
3130 2851 3270 2905 ὥστε
3309 2851 3722 2921 διαμφισϐητεῖν
3754 2850 3838 2914 (8)

2268 2945 2395 3016 περὶ
2446 2943 2546 3014 τῆς
2583 2944 2906 3015 ἀγεννησίας
2950 2945 3043 2997 τοῦ
3082 2946 3402 3012 ἀγεννήτου’
3451 2943 3502 2993 τί
3549 2940 3736 3010 κέρδος
3779 2943 3846 2992 ἐκ

2267 3035 2374 3087 τῶν
2407 3034 2579 3103 λόγων
2608 3035 2831 3096 τούτων,
2854 3036 2916 3088 οὺ
2939 3033 3162 3105 συνορῶ.
3198 3035 3267 3084 Ἦ
3293 3031 3399 3083 τῶν
3439 3032 3847 3101 Ἀριστοτέλους

2270 3125 2437 3189 ὅντως
2473 3127 2602 3195 ἡμῖν
2643 3127 2736 3178 καὶ
2781 3125 3098 3194 Χρυσίππου
3132 3120 3500 3190 συλλογισμῶν
3539 3122 3647 3174 ἔδει
3698 3122 3845 3191 πρὸς

2271 3218 2330 3269 τὸ
2359 3217 2566 3286 μαθεῖν,
2629 3217 2709 3268 ὅτι
2756 3217 2783 3266 6
2825 3214 3113 3282 ἀγέννητος
3144 3213 3203 3265 οὐ
3239 3214 3558 3283 γεγέννηται
3585 3215 3684 3282 (9),
3715 3212 3845 3265 οὔτε

2271 3309 2428 3368 αὐτὸς
2463 3308 2551 3373 ὑφ’
2575 3304 2792 3365 ἑαυτοῦ,
2827 3301 2950 3356 οὔτε
2971 3304 3059 3372 ὑφ’
3091 3304 3277 3374 ἑτέρου
3300 3323 3314 3368 ;
3343 3306 3434 3356 καὶ
3454 3304 3577 3356 οὔτε
3598 3305 3846 3375 πρεσϐύ-

2270 3413 2445 3464 τερος,
2465 3395 2588 3446 οὔτε
2612 3392 2870 3464 νεώτερος
2898 3394 3058 3457 αὐτός
3077 3396 3222 3446 ἐστιν
3246 3394 3433 3446 ἑαυτοῦ
3457 3412 3471 3457 ;
3498 3395 3561 3446 Τί
3582 3390 3674 3448 οὖν
3692 3395 3848 3467 αὺτῷ

2268 3484 2440 3538 ταῦτα
2468 3483 2748 3554 βούλεταις
2779 3486 2935 3536 Δοκεῖ
2977 3501 3065 3554 μοι
3107 3483 3241 3553 όμοῦ
3273 3484 3367 3553 μὲν
3389 3486 3500 3546 τοῖς
3527 3483 3848 3550 ἀκολούθοις

2271 3573 2785 3640 ἐγκαλλωπίζεσθαι.
2810 3573 2884 3636 ὼς
2911 3573 2973 3643 δὴ
3003 3573 3201 3635 πυκνός
3233 3590 3316 3635 τις
3345 3575 3437 3626 καὶ
3462 3574 3714 3644 περιττὸς
3743 3577 3844 3646 τὴν

2269 3665 2524 3730 διάνοιαν,
2553 3665 2646 3716 καὶ
2668 3664 2794 3728 ὀξὺς
2820 3663 2918 3732 μὲν
2950 3662 3231 3716 ὑπιδέσθαι
3255 3663 3316 3716 τὸ
3345 3665 3561 3727 ἄτοπον,
3584 3663 3844 3735 ὀξύτερος

2270 3755 2326 3808 δὲ
2348 3755 2592 3809 διαλῦσαι
2632 3756 2692 3808 τὸ
2723 3755 2990 3824 φωραθὲν,
3025 3756 3117 3808 καὶ
3154 3755 3240 3808 διὰ
3265 3755 3421 3808 τοῦτο
3452 3756 3845 3827 ὲναϐρύνεσθαι

2269 3850 2335 3918 τῇ
2378 3847 2484 3900 τῶν
2525 3847 2697 3915 λόγων
2740 3850 2966 3916 στροφῇ,
3011 3847 3103 3899 καὶ
3151 3847 3276 3918 περὶ
3307 3848 3404 3916 τὴν
3435 3847 3709 3911 ἀπόδειξιν
3752 3847 3842 3899 λε-

2273 3941 2561 4008 πτουργεῖν
2601 3937 2693 3992 τοῦ
2732 3939 2867 4008 μήτε
2897 3940 2985 4007 ὑφ’
3019 3937 3210 3990 ἑαυτοῦ
3239 3939 3374 4006 μήτε
3419 3938 3506 4004 ὑφ’
3537 3936 3726 4005 ἑτέρου
3749 3936 3841 3988 τὸν

2273 4031 2562 4101 ἀγέννητον
2590 4029 2965 4100 γεγεννῆσθαι.
2998 4030 3224 4080 Ἔπειτα
3261 4027 3439 4096 μέντοι
3460 4026 3584 4079 οὐδὲ
3608 4026 3844 4081 ἐνταῦθα

2273 4124 2369 4193 τῆς
2407 4123 2601 4175 ἑαυτοῦ
2647 4123 2840 4192 τέχνης
2887 4119 3330 4173 ἐπιλανθάνεται·
3374 4116 3486 4170 ἀλλ’
3527 4120 3586 4170 ὲν
3622 4123 3691 4188 τῇ
3733 4117 3843 4172 τῶν

2271 4210 2712 4278 ὁμολογουμένων
2743 4209 3009 4280 διατριϐῇ,
3062 4208 3249 4280 ὥσπερ
3280 4209 3516 4278 στοιχεῖά
3558 4226 3681 4262 τινα
3708 4210 3844 4281 πρὸς

2270 4301 2392 4361 τοὺς
2427 4299 2550 4368 ἑξῆς
2575 4299 2761 4366 λόγους
2793 4299 2968 4368 ἑαυτῷ
2999 4299 3386 4370 παρεμϐάλλει.
3422 4300 3496 4351 Οὐ
3520 4300 3626 4369 γὰρ
3657 4301 3844 4369 ἀργῶς

2271 4389 2417 4459 αὐτῷ
2445 4392 2618 4442 ἐκεῖνο
2640 4389 2770 4459 ἔχει,
2805 4391 2884 4442 ὅτι
2924 4389 3022 4452 δεῖ,
3059 4389 3200 4443 κατά
3238 4389 3517 4459 ἀλήθειαν,
3556 4390 3619 4441 τὸ
3656 4390 3841 4442 ποιοῦν

614 4481 679 4534 ad
727 4497 843 4535 eam
885 4498 1004 4552 quae
1048 4487 1291 4552 sequitur
1335 4485 1632 4538 doctrinam
1687 4485 1982 4539 interserit.
2038 4485 2167 4538 Illud

2271 4478 2362 4530 τοῦ
2395 4478 2679 4546 γινομένου
2710 4467 3099 4551 προῢπάρχειν.
3138 4477 3274 4530 Ἀλλ’
3326 4478 3412 4530 ἵνα
3459 4479 3516 4528 ἐν
3551 4480 3666 4539 τοῖς
3714 4478 3844 4548 περὶ

615 4573 758 4626 enim
793 4589 898 4626 non
939 4575 1112 4630 otiose
1138 4578 1294 4641 dixit,
1325 4578 1464 4646 quod
1505 4586 1750 4646 oporteat
1785 4577 1834 4630 id
1862 4577 2002 4646 quod
2044 4577 2170 4631 facit

619 4675 801 4716 revera
831 4663 979 4730 prius
1010 4679 1130 4718 esse
1157 4679 1222 4718 eo
1249 4666 1386 4734 quod
1413 4663 1641 4718 elﬁcitur
1667 4681 1680 4717 :
1719 4663 1812 4718 sed
1839 4672 1899 4716 ut
1933 4663 1987 4716 in
2015 4663 2169 4716 insti-

618 4753 825 4807 tuendis
849 4753 915 4808 de
948 4751 1086 4808 Filio
1119 4756 1479 4822 sermonibus,
1502 4756 1555 4809 in
1583 4765 1922 4808 antecessum
1941 4767 2165 4807 conces-

613 4857 732 4897 sum
769 4844 961 4898 habeat
1004 4845 1164 4916 215
1208 4845 1403 4900 Filium
1437 4859 1623 4915 postea
1658 4846 1855 4901 factum
1886 4845 2037 4899 Patri
2079 4861 2172 4899 ac-

612 4935 843 4989 cessisse
867 4977 882 5000 ,
915 4935 1177 5004 siquidem
1214 4937 1264 4990 id
1294 4940 1435 5007 quod
1466 4938 1630 5004 facit,
1662 4954 1726 4993 eo
1766 4938 1906 5007 quod
1941 4939 1999 4990 tit
2031 4935 2172 4990 anti-

612 5026 771 5093 quius
794 5037 879 5080 est
921 5043 936 5080 :
976 5027 1124 5092 item,
1153 5037 1210 5081 ttt
1244 5030 1343 5100 hoc
1386 5038 1640 5097 tanquam
1678 5029 1804 5084 inde
1836 5044 2171 5096 consequens

608 5115 852 5183 colligat,
893 5114 1090 5170 Filium
1120 5116 1323 5171 scilicet
1348 5131 1412 5171 ex
1457 5132 1562 5170 non
1590 5119 1932 5172 exstantibus
1971 5117 2169 5171 factum

683 5270 760 5340 (5)
789 5269 1013 5324 Veteres
1047 5271 1153 5325 duo
1181 5272 1298 5325 libri
1325 5270 1466 5335 τίνος
1493 5272 1675 5325 ἕνεκα.
1716 5271 1836 5327 Mox
1884 5272 1937 5326 in
1982 5271 2169 5326 iisdem

612 5357 745 5410 mss.
780 5356 880 5410 vox
915 5341 1117 5410 ταύτην
1149 5344 1316 5396 deest.

683 5409 759 5482 (ϐ)
792 5409 926 5463 Editi
955 5409 1086 5462 Θεὸν
1128 5410 1411 5482 ἀγένητον,
1452 5411 1614 5482 Deum
1645 5410 1989 5482 nonfoctum,
2009 5410 2170 5464 Deum

613 5478 716 5530 non
742 5478 950 5551 natum.
979 5482 1047 5532 At
1085 5494 1211 5534 mss.
1240 5478 1370 5533 Θεὸν
1399 5481 1710 5551 ἀγέννητον,
1738 5478 1901 5532 Deum
1944 5497 2045 5534 non
2077 5497 2170 5549 ge-

609 5551 804 5612 nitum,
834 5545 997 5601 Deum
1020 5553 1370 5618 generationis
1405 5545 1678 5616 camertem.

683 5621 758 5687 (7)
789 5619 924 5690 Editi
959 5629 1012 5671 ct
1046 5619 1178 5688 Reg.
1223 5623 1488 5690 secundm
1520 5621 1877 5690 dyévvqtov...
1907 5619 2167 5690 γεγεννῆέ

611 5687 755 5740 σθαι.
783 5688 886 5760 Alii
924 5698 1036 5760 tres
1070 5687 1200 5742 mss.
1221 5689 1545 5760 ἀγένητον...
1576 5687 1921 5760 γεγενῆσθαι.
1951 5687 2166 5743 Exarati

610 5773 773 5812 mamu
814 5758 958 5822 libri,
987 5773 1106 5814 cum
1144 5761 1222 5814 lue
1275 5758 1431 5815 voces
1471 5758 1784 5828 occurrunt,
1822 5760 1996 5816 solent
2028 5761 2166 5814 inter

2274 4568 2404 4621 Υίοῦ
2463 4568 2640 4636 λόγοις
2694 4568 3264 4641 προδιωμολογημένον
3321 4566 3438 4638 ἔχῃ,
3493 4567 3555 4618 τὸ
3616 4567 3844 4638 ὕστερον

2271 4660 2736 4732 προηεγενῆσθαι
2773 4660 2849 4730 τῷ
2881 4660 3052 4730 Πατρ“ι
3080 4659 3170 4710 τὸν
3200 4658 3530 4728 Υἱὸν,ἐῐπερ
3560 4656 3621 4708 τὸ
3653 4656 3843 4709 ποιοῦν

2273 4753 2388 4804 ὲστι
2425 4751 2517 4804 τοῦ
2544 4750 2824 4820 γινομένου
2855 4750 3247 4822 πρεσϐύτερον*
3297 4747 3469 4817 τούτῳ
3513 4747 3569 4800 δὲ
3610 4749 3688 4811 ὡς
3717 4749 3844 4800 ἐπό-

2279 4860 2434 4912 μενον
2483 4842 2640 4914 λάϐῃ,
2700 4843 2760 4896 τὸ
2822 4844 2885 4894 ὲκ
2946 4842 3018 4912 μὴ
3067 4843 3230 4894 ὄντων
3273 4840 3362 4894 τὸν
3409 4841 3536 4893 Υίδν
3585 4842 3844 4911 γεγεννῆ-

2277 4934 2408 4986 σθαικ
2431 4934 2563 5005 (10).
2627 4935 2762 4987 Ἀλλ’
2813 4937 2842 4987 6
2886 4935 2982 5003 μὲν
3031 4935 3129 5004 τῆς
3177 4934 3254 4996 είς
3291 4934 3380 4986 τὸν
3417 4933 3542 4986 Υίὸν
3587 4934 3844 4996 ἀσεϐείας

2279 5024 2497 5094 ἔλεγχος
2525 5028 2582 5077 ὲν
2607 5029 2716 5088 τοῖς
2740 5026 2960 5088 οἰκείοις
2983 5025 3166 5087 τόποις
3209 5025 3570 5095 ἀναμεινάτω.
3612 5025 3756 5094 Ἐγὼ
3787 5026 3840 5078 δὲ

2278 5117 2372 5169 καὶ
2401 5116 2501 5186 τὴν
2525 5115 2618 5168 τοῦ
2651 5117 2942 5186 ἀγεννήτου
2973 5116 3359 5188 προσηγορίαν,
3393 5115 3494 5169 κᾶν
3512 5115 3584 5169 τά
3607 5116 3839 5186 μάλιστα

2275 5285 2334 5324 se
2381 5271 2668 5332 dissidere,
2710 5271 2798 5324 alii
2835 5269 2993 5323 aliam
3053 5270 3377 5338 scripturam
3438 5270 3832 5339 praeferentes;

2274 5356 2393 5410 quae
2422 5343 2725 5410 variatioet
2754 5342 2803 5392 in
2843 5342 2972 5405 ipsis
2996 5341 3144 5394 libris
3178 5343 3456 5406 impressis
3486 5341 3783 5393 invenitur.

2281 5409 2303 5494 έ
2344 5411 2420 5480 (8)
2451 5411 2589 5464 Editi
2641 5409 2715 5473 ὡς
2761 5410 3198 5482 διαμφισϐητεῖν.
3250 5414 3318 5464 At
3359 5426 3487 5464 mss.
3523 5425 3630 5463 non
3683 5410 3833 5479 pauci

2270 5497 2432 5532 ωστε.

2341 5551 2415 5620 (9)
2439 5550 2573 5618 Reg.
2607 5549 2797 5603 tertius
2824 5549 3213 5620 ἀγέννητοςγούν
3242 5548 3551 5620 γεγένηται.

2341 5616 2451 5690 (10)
2494 5616 2629 5674 ΕἶΙὴῆ
2655 5621 2743 5672 τὸν
2778 5616 2904 5671 my
2929 5616 3304 5688 γεγεννῆσθαι,
3324 5616 3563 5690 filium
3586 5617 3830 5690 genitum

2271 5706 2397 5753 esse.
2429 5686 2496 5742 At
2522 5705 2652 5743 mss.
2677 5691 2914 5758 plerique
2945 5686 3132 5742 euntes
3150 5686 3504 5757 γεγενῆσθαι.
3550 5687 3670 5742 Mox
3701 5687 3828 5754 lies.

2275 5763 2462 5816 tertius
2483 5775 2603 5815 cum
2632 5760 2781 5815 Colb.
2805 5760 2987 5822 τόποις
3007 5758 3336 5829 ἀναμενέτω.
