4026 6448
263 392 367 449 εδιτ

1356 392 1714 448 ADVERSUS
1746 393 2110 449 EUNOMIUM
2152 394 2279 447 LlB.
2322 394 2363 447 1.

3383 400 3485 453 513

256 512 391 582 δοκῇ
415 515 529 575 ταῖς
556 513 782 575 ἐννοίαις
817 512 972 583 ἡμῶν
996 512 1329 582 ωμῦαίνειν,
1362 513 1474 564 ἀλλ’
1497 510 1589 566 οὖν
1624 515 1697 577 ὡς
1733 515 1815 566 οὐ·

1930 530 2069 569 esse.
2116 514 2182 567 At
2215 513 2509 582 impietatis
2553 516 2605 568 in
2640 516 2834 570 Filium
2877 513 3177 570 confutatio
3209 515 3320 569 suis
3358 515 3493 571 locis

259 604 436 673 δαμοῦ
478 607 574 677 τῆς
612 606 830 676 Γραφῆς
865 604 1140 675 κειμένην,
1184 606 1276 658 καὶ
1317 606 1527 675 πρῶτον
1572 609 1829 676 στοιχεῖον

262 692 429 749 οὖσαν
466 700 561 767 τῆς
589 696 932 765 βλασφημίας
956 698 1153 761 αὐτῶν,
1188 698 1491 751 σιωπᾶσθαι
1521 696 1586 749 ἂν
1610 697 1830 760 δικαίως

259 789 422 856 ἀξίαν
456 786 592 841 εἶναι
626 790 885 859 φήσαιμι,
910 791 1004 860 τῆς
1045 789 1259 859 Πατρὸς
1308 792 1489 861 φωνῆς
1537 789 1645 841 ἴσον
1671 792 1828 842 δυνα-

263 882 437 952 μένης
480 880 555 949 τῷ
587 880 882 953 ἀγεννήτῳ,
912 883 1045 954 πρὸς
1076 881 1153 951 τῷ
1178 883 1266 933 καὶ
1297 884 1393 953 τὴν
1428 882 1552 951 περὶ
1580 881 1671 933 τοῦ
1703 881 1829 932 Υίοῦ

261 976 472 1027 ἔννοιαν
500 975 855 1044 συνημμένως
896 977 1060 1044 ἑαυτῇ
1093 974 1178 1026 διὰ
1211 974 1308 1044 τῆς
1342 976 1576 1045 σχέσεως
1614 992 1829 1027 συνεισ-

233 1065 437 1131 ,ἀγειν.
473 1064 529 1114 Ὀ
552 1064 656 1135 γὰρ
682 1066 847 1127 ὅντως
874 1064 1058 1134 Πατὴρ
1078 1064 1169 1115 καὶ
1195 1065 1352 1133 μόνος
1374 1068 1429 1131 ἐξ
1452 1066 1658 1129 οὐδενός
1688 1068 1832 1121 ἐστιν

259 1153 449 1223 ἑτέρου
470 1171 481 1183 ⁸
513 1156 571 1208 τὸ
603 1158 678 1221 δὲ,
711 1155 768 1218 ἐξ
793 1155 1020 1218 οὐδενὸς,
1045 1157 1236 1208 ταυτόν
1268 1160 1381 1210 ἐστι
1399 1156 1493 1226 τῷ.
1519 1158 1827 1229 ἁγέννητος.

262 1245 339 1296 Οὺ
377 1247 550 1299 τοίνυν
590 1248 880 1316 ἀγέννητον
910 1250 1369 1319 προσαγορευτέω
1415 1249 1609 1319 μᾶλλον
1644 1254 1770 1322 ἡμῖν
1799 1250 1830 1321 ἢ

263 1335 505 1408 Πατέρα,
540 1342 591 1390 εί
618 1355 680 1405 γε
720 1339 791 1407 μὴ
826 1339 1107 1411 μέλλοιμεν
1150 1338 1295 1395 εἶναι
1314 1342 1605 1412 σοφώτεροι
1632 1344 1738 1396 τῶν
1765 1343 1835 1395 δι-

260 1426 553 1497 δαγμὰτων
606 1428 697 1480 τοῦ
762 1431 1030 1503 Σωτῆρος,
1074 1435 1341 1495 εἰπόντος·
1401 1436 1830 1501 Πορευθέντες,

252 1518 573 1583 ,βαπτίζετε
612 1523 698 1587 εὶς
723 1523 785 1575 τὸ
812 1524 997 1591 ὄνομα
1027 1524 1129 1576 τοῦ
1159 1526 1404 1591 Πατρός,
1448 1526 1560 1579 ἀλλ’
1590 1529 1707 1595 οὐχὶ
1740 1524 1832 1578 τοῦ

263 1612 580 1680 ἀγεννὴτου.
608 1615 713 1667 Καὶ
734 1616 903 1669 ταῦτα
943 1616 1037 1683 μὲν
1066 1616 1143 1678 είς
1167 1616 1432 1672 τοσοῦτον.
1463 1618 1651 1689 Ἡμεῖς
1679 1619 1734 1670 δὲ
1766 1617 1835 1670 τὰ

268 1704 465 1773 συνεχῆ
516 1707 605 1758 τοῦ
659 1707 815 1773 λόγου
862 1706 1275 1779 διασκεψψεθα
1309 1710 1438 1780 (Η).
1488 1713 1695 1779 Ὀλίγον
1727 1710 1835 1781 γὰρ

263 1797 563 1864 προελθὼν,
615 1800 707 1850 καὶ
753 1794 861 1852 οἷον
910 1802 1470 1871 συγκεφαλαιούμενος
1518 1806 1677 1866 αὐτὸς
1722 1805 1831 1875 (12)

255 1887 443 1957 ἑαυτῷ
471 1890 537 1940 τὰ
577 1891 862 1960 εἰρημένα,
892 1892 1031 1944 οὕτω
1066 1893 1288 1964 γράφει.

1934 614 2261 661 reservetur.
2300 604 2411 672 Ego
2446 619 2571 658 vero
2604 609 2763 660 etiam
2800 608 3020 676 ingeniti
3052 607 3491 675 appellationem,

1930 710 2233 767 quanquam
2278 694 2512 747 maxime
2574 702 2756 747 nostro
2797 696 3123 765 intelligendi
3170 696 3329 749 modo
3358 709 3493 747 con-

1932 806 2125 858 gruere
2157 788 2387 853 videtur,
2428 796 2603 839 tamen
2634 786 2773 855 quod
2809 802 3069 855 nusquam
3121 786 3174 839 in
3211 786 3493 854 Scriptura

1935 890 2241 949 usurpetur,
2289 880 2461 947 sitque
2505 879 2734 946 primum
2784 878 3072 945 impietatis
3118 880 3354 949 ipsorum
3394 879 3497 932 ele-

1934 983 2195 1035 mentum,
2234 971 2372 1024 hanc
2402 972 2617 1024 silentio
2656 971 2775 1038 jure
2812 972 3120 1025 tradendam
3170 986 3292 1027 esse
3328 971 3496 1025 duxe-

1936 1066 2055 1118 rim.
2088 1064 2293 1133 Quippe
2332 1079 2430 1117 vox
2466 1063 2642 1119 Patris
2688 1063 2826 1115 idem
2858 1062 2998 1115 valet
3027 1064 3167 1129 quod
3205 1081 3304 1118 vox
3346 1068 3497 1135 inge-

1936 1160 2052 1221 niti,
2086 1170 2436 1225 prmterquam
2466 1156 2611 1225 quod
2636 1154 2754 1209 Filii
2783 1155 2944 1207 etiam
2978 1155 3245 1208 notionem
3278 1158 3496 1225 conjun‘

1934 1250 2062 1303 ctim
2100 1266 2193 1318 per
2238 1251 2550 1305 relationem
2583 1250 2740 1303 simul
2775 1248 3047 1317 prarfei'at.
3083 1247 3182 1312 Qui
3215 1246 3356 1299 enim
3406 1264 3494 1301 reo

1937 1354 2058 1392 vera
2085 1347 2139 1393 et
2164 1341 2309 1392 solus
2341 1338 2497 1393 Pater
2536 1352 2638 1405 est,
2674 1358 2737 1395 ex
2773 1341 2920 1393 nullo
2965 1340 3069 1392 alio
3102 1350 3221 1392 est:
3255 1340 3355 1392 lioc
3386 1354 3497 1390 au-

1937 1441 2042 1484 tem
2076 1433 2212 1499 quod
2248 1448 2312 1484 ex
2350 1432 2499 1485 nullo
2541 1442 2641 1497 est,
2691 1433 2830 1485 idem
2880 1442 2963 1486 est
3003 1443 3164 1501 atque
3199 1432 3491 1501 ingenitus.

1936 1523 2050 1579 Non
2082 1526 2244 1593 igitur
2269 1524 2438 1591 magis
2466 1523 2735 1589 ingenitus
2759 1538 2919 1590 quam
2962 1523 3117 1576 Pater
3144 1522 3496 1591 appellandus

1938 1618 2092 1671 nobis
2121 1625 2221 1679 est,
2251 1615 2353 1668 nisi
2385 1614 2686 1667 Saivatoris
2713 1615 3029 1667 documenta
3057 1614 3383 1667 voluerimus
3415 1628 3496 1666 sa-

1940 1709 2134 1774 pientia
2169 1722 2443 1776 superare,
2474 1708 2563 1774 qui
2595 1707 2766 1759 dixit:
2804 1704 2997 1758 Euntes
3027 1706 3287 1773 bap:iz.ate
3316 1706 3370 1757 in
3402 1721 3490 1757 no-

1938 1802 2075 1853 mine
2107 1800 2286 1853 Patris
2317 1802 2382 1866 ⁸³,
2430 1816 2535 1854 non
2568 1798 2815 1869 ingeniti.
2850 1798 2952 1851 Sed
2984 1797 3051 1850 de
3097 1800 3176 1851 liis
3216 1800 3495 1853 hactenus.

1870 1886 1911 1940 Β
1942 1896 2049 1949 Nos
2076 1909 2205 1947 vero
2228 1909 2289 1947 ea
2318 1910 2436 1963 qua:
2463 1895 2706 1964 proxime
2731 1890 2914 1955 refert,
2945 1892 3328 1959 expendamus.
3358 1889 3495 1943 Nam

263 1981 357 2033 ubi
412 1983 682 2049 paululum
718 2000 1034 2052 progressus
1061 1998 1165 2047 est.
1198 1987 1408 2056 sibique
1462 1990 1573 2056 ipse
1600 2004 1662 2042 ea
1700 1990 2031 2057 quailixerat
2064 1988 2207 2043 velut
2238 1988 2288 2041 in
2321 2001 2585 2040 summam
2615 1985 2835 2055 redegit,
2867 1987 2945 2038 sic
2973 1984 3176 2037 scribit.

337 2076 495 2127 ΕΥΝ.
544 2077 662 2147 Ἆρ’
692 2075 804 2141 οὖν,
839 2081 885 2131 εί
910 2081 1045 2150 μήτε
1089 2082 1250 2144 αὐτὸς
1293 2081 1506 2146 ἑαυτοῦ,
1558 2082 1695 2153 μήτε
1725 2083 1839 2134 ἓτε-

261 2168 356 2239 ρόν
389 2185 439 2219 τι
474 2168 636 2220 αὑτοῦ
689 2172 1063 2243 προϋπάρχειν
1116 2173 1404 2240 δέδεικται,
1467 2174 1573 2246 πρὸ
1610 2176 1666 2228 δὲ
1695 2175 1833 2228 πάν-

258 2278 370 2313 των
404 2260 587 2324 αὐτὸς,
638 2263 919 2316 ἀκολουθεῖ
953 2265 1125 2335 τούτῳ
1169 2267 1228 2317 τὸ
1270 2267 1593 2339 ἀγέννητον·
1635 2267 1834 2337 μᾶλλον

256 2352 317 2404 δὲ
351 2353 479 2405 αὑτό
513 2355 967 2425 ὲστιν(15)οὑσία
1001 2358 1309 2428 ἀγέννητος.

334 2446 481 2499 ΒΑΣ.
522 2448 625 2499 ’Ἦν
664 2448 842 2501 τοίνυν
878 2451 935 2502 ἐν
972 2449 1180 2512 τούτοις
1214 2449 1576 2520 ὲφωράσαμεν
1603 2468 1835 2522 κακουρ-

257 2535 385 2601 γίαν
412 2538 637 2590 συνιδεῖν
660 2540 777 2609 μὲν,
815 2536 965 2609 οἶμαι
984 2541 1113 2609 (Mi,
1142 2542 1233 2594 καὶ
1269 2541 1407 2595 πάνυ
1452 2542 1629 2612 ῥᾴδιον
1648 2538 1723 2613 τῷ
1742 2544 1833 2595 καὶ

261 2629 458 2694 μικρὸν
499 2630 870 2699 ὲπιστήσαντι,
904 2634 1116 2703 ἐμφανῆ
1146 2634 1200 2686 δὲ
1229 2622 1446 2705 ποιῆσαι
1486 2639 1597 2699 τοῖς
1623 2638 1832 2702 πολλοῖς

256 2717 358 2766 οὐκ
389 2718 646 2787 εὐμαρές.
676 2722 819 2789 Πλὴν
846 2723 977 2773 ἀλλά
1006 2726 1307 2793 πειρατέον,
1336 2728 1431 2795 τὴν
1462 2728 1648 2782 ἐλπίδα
1674 2730 1832 2800 θεμέ-

256 2822 383 2871 νους
417 2812 507 2863 ἐπὶ
549 2812 638 2864 τὸν
684 2814 892 2866 διδόντα
946 2817 1095 2885 ῥῆμα
1147 2820 1258 2878 τοῖς
1303 2820 1827 2891 εὖαγγελιζομένοις,

252 2900 483 2972 δυνάμει
533 2902 719 2973 πολλῇ.
760 2904 959 2967 Εἰπὼν,
1005 2906 1105 2970 ὅτι,
1142 2909 1189 2958 εί
1227 2909 1363 2976 μήτε
1409 2909 1569 2971 αὐτὸς
1612 2912 1827 2973 ἑαυτοῦ,

260 2994 399 3063 μήτε
451 2994 634 3065 ἕτερόν
678 3013 729 3047 τι
768 2996 928 3049 αὑτοῦ
979 2997 1338 3068 προῦπάρχει,
1372 2996 1651 3051 ἀκολουθεί
1684 2999 1829 3069 αὑτῷ

255 3086 318 3137 τὸ
361 3086 681 3155 ἀγέννητον’
728 3083 843 3139 εἶτα
888 3087 1131 3151 συνιδὼν,
1168 3090 1247 3141 ὅτι
1284 3092 1346 3143 ἐκ
1379 3091 1476 3159 τῆς
1504 3089 1611 3143 τῶν
1644 3090 1827 3143 τεθέν-

255 3194 366 3229 των
399 3178 716 3241 ἀκολουθίας
753 3180 885 3248 πρὸς
928 3180 987 3231 τὸ
1022 3183 1257 3234 ἐναντίον
1306 3182 1451 3252 αὑτῴ
1486 3183 1770 3255 περιῆλθεν
1799 3185 1827 3235 ὁ

253 3268 413 3339 λόγος
443 3270 512 3340 (εί
542 3270 648 3340 γὰρ
684 3270 966 3322 ἀκολουθεῖ
1002 3271 1078 3339 τῷ
1111 3272 1229 3340 Θεῷ
1260 3274 1319 3325 τὸ
1352 3274 1661 3345 ἀγέννητον,
1699 3275 1827 3340 ἕξω-

2012 2082 2141 2135 Eus.
2172 2082 2377 2148 Itaque,
2428 2080 2471 2131 si
2508 2089 2782 2131 ostensum
2808 2086 2890 2130 est
2930 2090 3108 2145 neque
3157 2075 3331 2143 ipsum
3374 2085 3498 2127 ante

1940 2174 2199 2242 seipsum,
2225 2186 2395 2239 neque
2435 2172 2724 2240 quidquam
2756 2168 2901 2221 aliud
2956 2178 3082 2221 ante
3129 2168 3303 2234 ipsum
3336 2181 3456 2220 esse
3480 2205 3496 2230 ,

1938 2265 2031 2321 sed
2074 2266 2246 2334 ipsum
2301 2272 2424 2317 ante
2456 2263 2634 2316 omnia
2680 2268 2937 2315 exstare:
2976 2259 3217 2328 sequitur
3244 2256 3387 2311 illum
3420 2259 3498 2311 in.

1938 2359 2214 2429 generatio
2247 2376 2259 2409 :
2294 2358 2399 2410 imo
2425 2357 2599 2424 potius
2622 2355 2735 2421 ipsa
2762 2362 2841 2407 est
2873 2353 3169 2408 substantia
3202 2351 3457 2420 ingenita.

2008 2450 2129 2503 Bas.
2157 2450 2387 2503 Proinde
2415 2462 2573 2517 quam
2604 2448 2655 2501 in
2695 2446 2778 2499 liis
2814 2445 3265 2515 deprehendimus
3289 2446 3496 2513 impro-

1937 2541 2183 2605 bitatem,
2224 2542 2521 2608 intelligere
2550 2540 2788 2607 quidem,
2832 2547 2887 2592 ut
2929 2550 3076 2607 puto,
3109 2538 3263 2590 facile
3285 2546 3366 2591 est
3399 2536 3496 2590 ad-

1940 2634 2152 2687 modum
2180 2634 2248 2699 ei,
2299 2633 2386 2701 qui
2421 2632 2501 2685 vel
2554 2632 2743 2685 leviter
2795 2630 3082 2683 attenderit
3112 2633 3347 2683 animum
3383 2648 3395 2681 :
3443 2641 3499 2683 at

1936 2743 2052 2782 eam
2078 2727 2235 2795 vulgo
2265 2726 2608 2778 manifestam
2644 2726 2867 2779 reddere
2890 2740 2991 2777 non
3022 2724 3091 2777 ita
3119 2723 3281 2777 fuerit
3318 2723 3493 2778 facile.

1935 2821 2270 2875 Tentandum
2297 2829 2495 2883 tamen,
2514 2828 2859 2888 posteaquam
2884 2832 3028 2887 spem
3050 2818 3493 2872 collocaverimus

1936 2913 2094 2974 ineo,
2132 2912 2219 2979 qui
2246 2912 2568 2964 datverbum
2591 2910 3103 2976 evangelizantibus,
3140 2911 3335 2962 virtute
3356 2910 3495 2962 mul-

1935 3011 1985 3055 ta
2006 3003 2070 3054 ⁸ο.
2103 3002 2318 3056 Dixerat
2350 3017 2510 3070 porro
2557 3003 2695 3071 quod
2735 3003 2883 3066 illud,
2925 3002 2970 3055 si
3002 3015 3171 3067 neque
3210 3001 3324 3068 ipse
3372 3011 3495 3055 ante

1935 3096 2191 3164 seipsum,
2222 3109 2391 3163 neque
2422 3094 2567 3147 aliud
2614 3094 2905 3162 quidquam
2929 3103 3051 3145 ante
3076 3093 3247 3160 ipsum
3276 3104 3379 3158 est,
3411 3109 3497 3149 se-

1934 3184 2481 3255 quaturingeneratio
2513 3204 2525 3238 :
2556 3185 2647 3237 sed
2682 3188 3019 3252 postmodum
3048 3184 3310 3238 intellexit
3335 3188 3494 3240 verba

1935 3293 2028 3332 sua
2050 3278 2148 3332 sibi
2170 3278 2239 3331 ob
2258 3277 2528 3344 jactorum
2551 3277 3019 3329 fundamentorum
3046 3280 3492 3345 consequentiam

256 3362 349 3416 θεν
377 3362 524 3432 αὐτῷ
554 3362 855 3431 παρέπεται
888 3361 1147 3432 δηλονότι.
1177 3363 1247 3414 Τὸ
1269 3363 1324 3415 δὲ
1351 3364 1547 3430 ἔξωθεν
1573 3366 1665 3417 τοῦ
1694 3367 1815 3419 θεοῖ

1934 3371 1985 3422 in
2006 3370 2331 3423 contrariam
2353 3378 2558 3435 partem
2586 3367 2796 3420 cedere.
2825 3364 2955 3419 Nam
2984 3368 3026 3420 si
3056 3368 3218 3421 Deum
3254 3370 3497 3436 sequitur

253 3452 357 3505 οὐκ
389 3452 543 3507 οὐσία
575 3452 738 3505 αὑτοῦ
768 3454 935 3506 ἐστιν.
977 3452 1069 3505 Ἐκ
1105 3452 1161 3505 δὲ
1191 3454 1520 3525 τούτων(15)
1552 3457 1828 3527 οίχήσεται

251 3544 509 3615 διαρρυὲν
534 3545 682 3616 αὐτῷ
708 3545 768 3597 τὸ
798 3543 1175 3616 σκαιιῖῳημα),
1196 3547 1276 3598 ἵνα
1309 3547 1363 3598 δὲ
1389 3549 1461 3619 μὴ
1484 3549 1637 3602 τοῦτο
1658 3549 1823 3621 πάθῃ,

252 3638 315 3688 τί·
349 3640 520 3700 ποιεῖς
558 3639 737 3709 Βραχὺ
774 3640 1066 3709 φροντίσας
1096 3638 1189 3691 τοῦ
1224 3639 1475 3707 γέλωτος,
1518 3642 1574 3692 ὃν
1621 3643 1711 3692 ἐπὶ
1748 3641 1824 3712 τῷ

251 3730 322 3782 τὰ
354 3730 685 3785 ἀνακόλουθα
708 3733 883 3801 λέγειν
916 3732 1138 3803 ὑπέχειν
1171 3732 1379 3801 ἔμελλε,
1411 3737 1475 3803 τῇ
1508 3733 1821 3803 ἐπιδιορθώ-

254 3841 339 3877 σει
390 3825 640 3894 ἀπήγαγε
686 3826 775 3878 τὸν
818 3827 974 3895 λόγον
1021 3828 1155 3898 πρὸς
1198 3826 1232 3881 ἃ.
1280 3825 1557 3890 ἐϐούλετο,
1614 3826 1815 3879 είπὼν·

252 3917 467 3970 Μᾶλλον
492 3917 547 3971 δὲ
586 3919 715 3971 αὑτό
738 3918 847 3990 (16)
878 3922 1023 3972 ἐστιν
1052 3920 1207 3971 οὐσία
1235 3918 1547 3989 ἀγέννητος.
1575 3916 1741 3971 Τοῦτο
1763 3918 1818 3970 δὲ

246 3996 507 4079 οὐδεμίαν
553 4010 649 4080 μὲν
693 4009 803 4080 ἔχει
850 4011 1133 4080 ὁμολογίαν
1169 4011 1303 4081 πρὸς
1350 4010 1419 4063 τὰ
1473 4011 1820 4080 προάγοντα’

248 4100 369 4163 πῶς
402 4100 509 4171 γὰρ
541 4102 632 4153 καὶ
653 4102 912 4172 ἑπόμενον
942 4100 1089 4171 αὑτῷ
1114 4101 1173 4153 τὸ
1192 4101 1301 4171 (l7)
1324 4102 1613 4173 ἀγέννητον
1642 4102 1821 4166 όΘεὸς

324 4219 371 4250 ⁵⁹
398 4217 585 4271 Matth.
620 4233 806 4284 xxvm,
846 4218 929 4273 l9.

321 4331 431 4402 (ll)
466 4331 599 4383 Editi
625 4333 701 4393 εἰς
733 4321 794 4384 τὸ
815 4330 981 4401 ὄνομα
1018 4329 1110 4381 τοῦ
1146 4328 1390 4402 Πατρός·
1424 4329 1515 4402 τοῦ
1566 4328 1797 4402 Πατρὸς,

244 4401 363 4457 ἀλλ’
394 4401 513 4469 οὐχὶ
543 4402 633 4452 τοῦ
668 4399 1047 4472 ἀγεννήτου....
1082 4399 1423 4470 σκεψώμεθα.
1466 4401 1612 4455 Libri
1659 4399 1805 4456 vete-

247 4490 358 4532 res,
399 4474 475 4523 uti
518 4473 697 4524 videre
734 4483 817 4525 est
843 4474 894 4524 in
932 4479 1206 4525 contextu.

320 4542 432 4613 (ιε)
465 4540 541 4593 lta
601 4542 811 4613 antiqui
845 4542 951 4595 duo
1008 4542 1146 4597 libri.
1186 4541 1296 4595 Vox
1342 4539 1606 4613 αὑτόςᾼίιι
1646 4543 1804 4597 editis

1008 4216 1052 4248 ⁸⁸
1076 4216 1216 4271 Psal.
1253 4233 1417 4282 vau,
1454 4218 1540 4272 12.

1936 3461 2286 3531 ingeneratio,
2308 3476 2367 3515 ea
2394 3459 2465 3512 illi
2486 3460 2669 3528 procul
2710 3459 2871 3512 dubio
2904 3461 3243 3513 extrinsecus
3263 3460 3490 3514 accedit.

1935 3554 2083 3620 Quod
2103 3561 2277 3606 autem
2298 3562 2449 3605 extra
2476 3550 2642 3604 Deum
2668 3558 2771 3613 est,
2806 3552 3102 3605 substantia
3130 3551 3244 3619 ejus
3268 3568 3368 3606 non
3389 3564 3491 3608 est.

1932 3649 2007 3702 Ex
2028 3647 2110 3700 his
2138 3656 2314 3701 autem
2361 3643 2603 3699 dolosum
2632 3642 2775 3697 illius
2802 3652 3165 3697 commentum
3205 3644 3406 3700 dimuet
3432 3663 3495 3700 ac

1932 3740 2212 3793 dilabetur.
2231 3737 2334 3793 Sed
2354 3739 2455 3792 hoc
2475 3737 2521 3792 ei
2541 3752 2607 3791 ne
2623 3736 2850 3801 accidat,
2870 3736 2995 3802 quid
3015 3735 3168 3789 facit?
3189 3736 3337 3792 Haud
3357 3739 3496 3791 mul-

1933 3840 2044 3883 tum
2071 3846 2267 3884 curans
2298 3830 2487 3893 risum,
2517 3843 2675 3896 quem
2707 3827 2775 3880 ob
2812 3826 3105 3895 pugnantia
3143 3841 3260 3894 qua:
3306 3828 3493 3896 loque-

1930 3922 2085 3974 batur
2118 3923 2394 3974 subiturus
2418 3933 2558 3985 erat,
2590 3921 2891 3973 orationem
2922 3923 2986 3973 ad
3017 3934 3077 3973 ea
3116 3935 3234 3989 qua:
3280 3924 3447 3977 voluit
3473 3964 3493 3992 ,

1930 4013 2247 4083 corrigendo
2281 4014 2567 4077 convertit,
2603 4014 2686 4066 bis
2716 4013 2939 4065 verbis:
2999 4012 3106 4066 lmo
3145 4015 3323 4081 potius
3376 4017 3493 4071 haec

1930 4104 2044 4175 ipsa
2082 4115 2164 4160 est
2214 4104 2511 4159 substantia
2566 4105 2823 4173 ingenita.
2874 4103 2985 4158 Hoc
3038 4117 3216 4158 autem
3270 4121 3393 4161 cum
3426 4111 3491 4163 iis

1987 4331 2099 4401 (14)
2132 4330 2267 4384 Editi
2319 4329 2546 4383 συνιδεῖν
2573 4330 2691 4394 καὶ,
2732 4322 2903 4401 οἶμαι.
2951 4329 3093 4386 Libri
3138 4342 3342 4388 veteres
3389 4336 3483 4403 ita,

1918 4404 1977 4458 ut
2008 4404 2299 4457 edidimus.

1985 4495 2098 4564 (15)
2142 4494 2182 4548 Ε
2214 4494 2435 4560 regione
2468 4494 2657 4547 borum
2692 4494 3006 4559 verborum,
3056 4496 3149 4547 Ἐκ
3178 4495 3234 4549 δὲ
3259 4496 3481 4560 τούτων,

1912 4567 1963 4619 in
2026 4566 2269 4634 margine
2330 4565 2463 4634 Heg.
2526 4565 2666 4615 tertii
2722 4566 2979 4631 scriptum
3017 4577 3100 4619 est
3135 4567 3298 4627 illtid,
3341 4568 3483 4621 Εἰδὲ

252 4610 617 4705 de‘iderat-ur.
650 4612 1093 4705 Aliqualitorpgst
1134 4610 1693 4705 Regulertius‘Et-spév
1747 4631 1797 4705 τι

1925 4637 2057 4690 τοῦτο
2096 4610 2297 4705 δοθείη,
2348 4610 2500 4699 ριῖοά
2543 4636 2587 4685 si
2636 4634 2741 4705 hoc
2785 4610 3173 4689 carneaderetur.
3226 4610 3477 4704 Bdsilius,

243 4684 352 4755 πρὸ
376 4681 545 4755 αὑτοῦ
570 4681 1671 4755 ὑπάρχεινἀποδέδεικται,ι1εηιοιιειιοαιιὶηι
1698 4687 1792 4740 est.

317 4754 430 4824 (εδ)
473 4752 646 4824 Editio
696 4752 881 4824 l’aris._
914 4762 966 4824 et
1001 4752 1151 4819 llegii
1182 4752 1406 4824 primus.
1444 4755 1709 4806 secundus
1742 4764 1796 4807 et

241 4822 449 4887 sextus,
475 4823 671 4893 μᾶλλον
716 4824 775 4876 δὲ
823 4822 984 4885 αὐτός
1040 4826 1205 4884 ἐστιν,
1246 4823 1350 4874 into
1400 4839 1517 4874 vero
1582 4826 1687 4887 ipse
1723 4834 1794 4876 est

240 4896 535 4947 substantia
565 4895 815 4962 ingenita.
884 4893 1033 4962 Regii
1096 4893 1283 4945 tertius
1318 4894 1629 4962 etquintus
1673 4908 1794 4945 cum

240 4964 395 5019 Colb.
427 4976 479 5018 et
521 4961 642 5018 cum
695 4964 933 5016 editione
969 4961 1109 5018 "Ven.
1152 4962 1347 5031 μᾶλλον
1380 4961 1435 5014 δὲ
1462 4961 1594 5015 αὑτό
1625 4963 1791 5023 ἐστιν,

240 5037 348 5086 imo
406 5052 521 5087 vero
577 5035 687 5101 ipsa
727 5043 799 5085 est
856 5035 1150 5087 substantia
1188 5035 1438 5101 ingenita,
1476 5036 1573 5085 hoc
1622 5044 1705 5085 est
1735 5034 1794 5084 τὸ

239 5104 551 5172 ἀγέννητον,
585 5108 698 5169 ipsa
756 5104 1097 5172 ingeneratio,
1135 5115 1215 5156 est
1274 5104 1576 5156 substantia
1642 5102 1791 5170 iuge-

240 5175 742 5228 ὠμὴ-Μᾶλλον
780 5174 848 5226 δὲ
896 5175 1044 5227 αὐτό
1097 5175 1267 5227 ἐστιν
1314 5173 1492 5225 οὐσία
1544 5174 1794 5239 ἀγέννη-

236 5263 359 5311 τος.
393 5244 449 5296 In
499 5248 597 5297 hoc
652 5245 785 5309 loco,
834 5246 922 5313 qui
958 5244 1095 5298 infra
1143 5246 1225 5297 bis
1282 5244 1559 5312 repetitur,
1625 5246 1789 5295 multo

236 5316 437 5369 clarior
460 5316 562 5367 erit
591 5325 698 5367 tota
734 5316 1045 5381 disputatio,
1081 5314 1126 5369 si
1155 5316 1394 5381 legamus
1431 5324 1485 5365 ut
1537 5315 1585 5365 in
1655 5330 1791 5365 nou-

236 5386 400 5438 nullis
451 5386 725 5437 codicibus
776 5402 901 5441 mss.
951 5396 1006 5438 et
1049 5386 1247 5445 editis,
1289 5383 1650 5444 αὐτός’ὲστιν.
1705 5381 1791 5434 γει

233 5457 407 5524 potius
434 5455 743 5522 ipsetDeus)
776 5466 848 5507 est
886 5456 1178 5508 substantia
1222 5455 1476 5521 ingenita.
1536 5453 1790 5506 Testatur

236 5526 465 5579 Basilius
493 5542 542 5593 p.
574 5524 679 5578 2‘33
714 5526 823 5579 bzec
852 5526 1170 5578 Eunomium
1233 5526 1295 5576 de
1347 5525 1449 5576 Deo
1504 5525 1789 5577 universo-

236 5613 355 5648 ruin
397 5598 627 5654 dixisse;
654 5596 812 5663 idque
838 5606 982 5664 patet
1012 5611 1073 5647 ex
1108 5597 1189 5647 bis
1213 5609 1331 5662 qua:
1356 5594 1599 5664 protinus
1635 5594 1786 5646 addit

235 5667 549 5720 Eunomius.
588 5663 849 5719 Praeterea
877 5666 1144 5732 conceptis
1172 5666 1349 5717 verbis
1384 5665 1486 5717 hoc
1522 5663 1639 5717 loco
1682 5665 1784 5716 non

234 5740 446 5790 dicebat
469 5737 757 5790 Eunomius
787 5739 958 5803 ipsum
999 5736 1289 5803 ingenitum
1337 5748 1452 5788 esse
1488 5734 1781 5787 essentiam

235 5807 350 5869 Dei,
379 5810 469 5860 sed
497 5822 559 5859 eo
591 5818 833 5872 spectare
862 5808 1003 5861 illius
1039 5806 1200 5860 verba
1232 5808 1484 5860 observat
1526 5803 1781 5867 Basilius,

235 5893 284 5946 p.
316 5880 439 5937 216⁴
466 5877 668 5932 Mansit}

1903 4710 2056 4771 Cuius
2114 4704 2311 4773 alioqui
2349 4720 2530 4759 sermo
2569 4704 2884 4770 perspicuus
2910 4719 2992 4759 est
3019 4718 3071 4758 et
3102 4707 3281 4760 clarus
3308 4749 3321 4769 ,
3355 4710 3479 4761 dum

1901 4778 2159 4832 obscuras
2200 4776 2449 4827 Eunomii
2487 4773 2720 4840 ineptias
2742 4774 3027 4845 confutare
3056 4779 3290 4845 cogitur,
3316 4774 3372 4831 fit
3426 4791 3481 4832 et

1902 4848 2014 4912 ipse
2043 4846 2441 4915 quodammodo
2482 4848 2768 4915 obscurus.
2830 4844 3157 4899 Eunomianu
3192 4847 3305 4915 illa,
3352 4849 3481 4901 ἀκο-

1898 4910 2077 4969 λουθεῖ
2120 4915 2293 4985 τούτῳ
2344 4915 2402 4966 τὸ
2452 4914 2772 4985 ἀγέννητοῃ
2828 4915 3025 4983 μᾶλλον
3074 4917 3129 4969 δὲ
3179 4910 3310 4972 αὐτό
3332 4920 3479 4971 ἐστιν

1898 4988 2052 5039 οὐσία
2078 4982 2388 5055 ἀγέννητος,
2425 4986 2703 5057 contendit
2729 4982 2963 5057 Basilius
2990 4997 3131 5057 inter
3162 5002 3220 5038 se
3272 5004 3478 5057 pugna-

1900 5075 1978 5119 re.
2013 5051 2281 5110 necinter
2303 5073 2359 5109 se
2386 5051 2663 5127 conciliari
2692 5070 2872 5122 posse.
2906 5055 3061 5127 Nam,
3101 5051 3299 5122 inquit,
3336 5051 3479 5127 quod

1898 5143 2223 5196 quemquam
2259 5126 2523 5194 sequitur,
2556 5126 2612 5196 id
2645 5127 2693 5175 in
2753 5141 2817 5176 eo
2850 5126 3207 5196 adventitiuui
3242 5126 3481 5191 est,'nec

1897 5186 1979 5251 est
2027 5186 2143 5266 ejus
2196 5186 2519 5251 subsiautia.
2574 5186 2668 5267 Es
2714 5209 2819 5267 quo
2852 5194 2929 5257 fit,
2969 5206 3025 5247 ut
3058 5195 3116 5247 τὸ
3153 5186 3475 5267 ἀγέννητον,

1897 5284 2016 5321 eum
2058 5265 2123 5321 ex
2154 5268 2397 5320 Eunomii
2436 5265 2706 5319 sententia
2764 5265 2927 5316 Deum
2958 5276 3238 5334 sequatur,
3270 5265 3477 5321 adven-

1900 5340 2073 5390 titiuui
2104 5338 2321 5406 quidam
2348 5340 2418 5389 sit
2445 5340 2495 5388 in
2541 5336 2670 5395 Deo,
2704 5333 2977 5406 nec__Deus
3005 5333 3137 5404 ipse,
3203 5352 3303 5389 nec
3352 5342 3479 5389 sub-

1896 5409 2093 5461 stantia
2124 5404 2367 5475 ingeuita
2422 5408 2525 5459 dici
2569 5408 2761 5476 possit.
2794 5404 2868 5456 Ex
2933 5408 3126 5475 quibus
3178 5407 3356 5476 colligi
3382 5408 3477 5460 de-

1898 5478 2003 5535 bet.
2035 5474 2378 5536 Eunomium,
2415 5474 2618 5529 cuiuer
2646 5474 2953 5543 ἀγέννητον
3004 5474 3363 5531 substantiam
3404 5479 3479 5529 itt-

1894 5548 2129 5616 genitain
2164 5562 2284 5601 esse
2326 5548 2553 5608 diceret,
2611 5560 2791 5598 secum
2856 5561 3194 5615 nequaouaui
3230 5561 3477 5601 consen—

1895 5621 2057 5671 sisse.

1964 5708 2076 5777 (ιο)
2108 5708 2278 5762 Editio
2310 5708 2490 5761 Paris.
2528 5723 2648 5760 cum
2681 5708 2852 5760 tribus
2881 5724 3008 5761 mss.
3044 5710 3241 5777 μᾶλλον
3282 5708 3336 5760 δὲ
3384 5710 3479 5761 αὑ-

1890 5780 1999 5842 τός.
2035 5781 2135 5831 ΑΙίἱ
2161 5789 2394 5848 quatuor
2425 5794 2552 5831 mss.
2596 5794 2716 5830 cum
2754 5779 2995 5831 editione
3020 5779 3157 5832 Ven.
3182 5780 3333 5832 αὐτό.

1965 5870 2074 5940 tl7)
2119 5870 2289 5925 Editio
2332 5879 2556 5938 utraque
2596 5882 2715 5923 cum
2774 5866 2918 5936 Reg.
2976 5868 3160 5937 quit-to
3202 5868 3332 5920 αὐτὸ
3394 5866 3480 5920 τόι
