  <div class='ocr_page' id='page_1' title='image "/cluster/home/n/w/nwhite01/storage/ocr_20150623/29/ien.35556001660547/669.png"; bbox 0 0 4026 6456; ppageno 0'>
   <div class='ocr_carea' id='block_1_1' title="bbox 221 347 326 403">
    <p class='ocr_par' dir='ltr' id='par_1_1' title="bbox 221 347 326 403">
     <span class='ocr_line' id='line_1_1' title="bbox 221 347 326 403; baseline -0.019 0"><span class='ocrx_word' id='word_1_1' title='bbox 221 347 326 403; x_wconf 71' lang='grc'><strong>521</strong></span> 
     </span>
    </p>
   </div>
   <div class='ocr_carea' id='block_1_2' title="bbox 1324 354 2347 414">
    <p class='ocr_par' dir='ltr' id='par_1_2' title="bbox 1324 354 2347 414">
     <span class='ocr_line' id='line_1_2' title="bbox 1324 354 2347 414; baseline 0.002 -4"><span class='ocrx_word' id='word_1_2' title='bbox 1324 354 1691 411; x_wconf 75' lang='lat' dir='ltr'><strong>ADVERSUS</strong></span> <span class='ocrx_word' id='word_1_3' title='bbox 1730 355 2100 413; x_wconf 81' lang='lat' dir='ltr'><strong>EUNOMIUM</strong></span> <span class='ocrx_word' id='word_1_4' title='bbox 2137 356 2264 414; x_wconf 84' lang='grc' dir='ltr'>ΗΒ,</span> <span class='ocrx_word' id='word_1_5' title='bbox 2307 359 2347 413; x_wconf 92' lang='grc'><strong>1.</strong></span> 
     </span>
    </p>
   </div>
   <div class='ocr_carea' id='block_1_3' title="bbox 3364 363 3470 419">
    <p class='ocr_par' dir='ltr' id='par_1_3' title="bbox 3364 363 3470 419">
     <span class='ocr_line' id='line_1_3' title="bbox 3364 363 3470 419; baseline 0 -1"><span class='ocrx_word' id='word_1_6' title='bbox 3364 363 3470 419; x_wconf 64' lang='grc'><strong>539</strong></span> 
     </span>
    </p>
   </div>
   <div class='ocr_carea' id='block_1_4' title="bbox 221 470 1832 553">
    <p class='ocr_par' dir='ltr' id='par_1_4' title="bbox 221 470 1807 553">
     <span class='ocr_line' id='line_1_4' title="bbox 221 470 1807 553; baseline 0.007 -29"><span class='ocrx_word' id='word_1_7' title='bbox 221 473 318 525; x_wconf 68' lang='grc' dir='ltr'>ἐπὶ</span> <span class='ocrx_word' id='word_1_8' title='bbox 342 470 438 525; x_wconf 85' lang='grc' dir='ltr'><strong>τοῦ</strong></span> <span class='ocrx_word' id='word_1_9' title='bbox 467 470 601 525; x_wconf 87' lang='grc' dir='ltr'>Θεοῦ</span> <span class='ocrx_word' id='word_1_10' title='bbox 647 472 708 526; x_wconf 81' lang='grc' dir='ltr'>τὸ</span> <span class='ocrx_word' id='word_1_11' title='bbox 744 475 1057 545; x_wconf 76' lang='grc' dir='ltr'><strong>ἀγέννητον,</strong></span> <span class='ocrx_word' id='word_1_12' title='bbox 1094 478 1393 549; x_wconf 77' lang='grc' dir='ltr'>ἡγούμενος</span> <span class='ocrx_word' id='word_1_13' title='bbox 1432 481 1678 535; x_wconf 77' lang='grc' dir='ltr'>ἐντεῦθεν</span> <span class='ocrx_word' id='word_1_14' title='bbox 1709 485 1807 553; x_wconf 67' lang='grc' dir='ltr'><strong>ρᾳ-</strong></span> 
     </span>
    </p>
   </div>
   <div class='ocr_carea' id='block_1_5' title="bbox 1934 470 3469 553">
    <p class='ocr_par' dir='ltr' id='par_1_5' title="bbox 1934 478 3469 552">
     <span class='ocr_line' id='line_1_5' title="bbox 1934 478 3469 552; baseline 0.001 -19"><span class='ocrx_word' id='word_1_15' title='bbox 1934 478 2107 549; x_wconf 87' lang='lat' dir='ltr'><strong>igeudi</strong></span> <span class='ocrx_word' id='word_1_16' title='bbox 2156 480 2373 534; x_wconf 89' lang='lat' dir='ltr'><strong>modum</strong></span> <span class='ocrx_word' id='word_1_17' title='bbox 2410 480 2462 534; x_wconf 90' lang='lat' dir='ltr'><strong>in</strong></span> <span class='ocrx_word' id='word_1_18' title='bbox 2514 478 2622 534; x_wconf 91' lang='lat' dir='ltr'><strong>Deo</strong></span> <span class='ocrx_word' id='word_1_19' title='bbox 2649 481 3006 548; x_wconf 86' lang='lat' dir='ltr'><strong>considerari,</strong></span> <span class='ocrx_word' id='word_1_20' title='bbox 3036 490 3185 536; x_wconf 85' lang='lat' dir='ltr'><strong>ratus</strong></span> <span class='ocrx_word' id='word_1_21' title='bbox 3211 482 3469 552; x_wconf 84' lang='lat' dir='ltr'><strong>probatu-</strong></span> 
     </span>
    </p>
   </div>
   <div class='ocr_carea' id='block_1_6' title="bbox 219 563 1803 646">
    <p class='ocr_par' dir='ltr' id='par_1_6' title="bbox 219 563 1803 646">
     <span class='ocr_line' id='line_1_6' title="bbox 219 563 1803 646; baseline 0.009 -29"><span class='ocrx_word' id='word_1_22' title='bbox 219 565 342 617; x_wconf 85' lang='grc' dir='ltr'>δίαν</span> <span class='ocrx_word' id='word_1_23' title='bbox 373 563 521 635; x_wconf 83' lang='grc' dir='ltr'>αὐτῷ</span> <span class='ocrx_word' id='word_1_24' title='bbox 564 566 662 636; x_wconf 84' lang='grc' dir='ltr'>τὴν</span> <span class='ocrx_word' id='word_1_25' title='bbox 696 568 1031 639; x_wconf 78' lang='grc' dir='ltr'><strong>ἐπιχείρησιν</strong></span> <span class='ocrx_word' id='word_1_26' title='bbox 1065 570 1279 625; x_wconf 72' lang='grc' dir='ltr'>ἔσεσθαι</span> <span class='ocrx_word' id='word_1_27' title='bbox 1312 574 1405 627; x_wconf 84' lang='grc' dir='ltr'><strong>τοῦ</strong></span> <span class='ocrx_word' id='word_1_28' title='bbox 1438 576 1537 645; x_wconf 86' lang='grc' dir='ltr'>τὴν</span> <span class='ocrx_word' id='word_1_29' title='bbox 1573 577 1803 646; x_wconf 83' lang='grc' dir='ltr'>ἀγεννη-</span> 
     </span>
    </p>
   </div>
   <div class='ocr_carea' id='block_1_7' title="bbox 224 653 1802 732">
    <p class='ocr_par' dir='ltr' id='par_1_7' title="bbox 224 653 1802 732">
     <span class='ocr_line' id='line_1_7' title="bbox 224 653 1802 732; baseline 0.008 -23"><span class='ocrx_word' id='word_1_30' title='bbox 224 656 347 709; x_wconf 83' lang='grc' dir='ltr'>σίαν</span> <span class='ocrx_word' id='word_1_31' title='bbox 386 658 570 709; x_wconf 79' lang='grc' dir='ltr'>οὐσίαν</span> <span class='ocrx_word' id='word_1_32' title='bbox 596 653 733 710; x_wconf 75' lang='grc' dir='ltr'>εἶναι</span> <span class='ocrx_word' id='word_1_33' title='bbox 766 659 858 712; x_wconf 81' lang='grc' dir='ltr'><strong>τοῦ</strong></span> <span class='ocrx_word' id='word_1_34' title='bbox 886 660 1020 713; x_wconf 84' lang='grc' dir='ltr'>Θεοῦ</span> <span class='ocrx_word' id='word_1_35' title='bbox 1054 662 1197 732; x_wconf 70' lang='grc'>(26)·</span> <span class='ocrx_word' id='word_1_36' title='bbox 1232 666 1296 717; x_wconf 81' lang='grc' dir='ltr'>ὲκ</span> <span class='ocrx_word' id='word_1_37' title='bbox 1330 665 1518 719; x_wconf 88' lang='grc' dir='ltr'>τούτου</span> <span class='ocrx_word' id='word_1_38' title='bbox 1550 667 1607 720; x_wconf 86' lang='grc' dir='ltr'>δὲ</span> <span class='ocrx_word' id='word_1_39' title='bbox 1636 669 1802 721; x_wconf 79' lang='grc' dir='ltr'>ἀναν-</span> 
     </span>
    </p>
   </div>
   <div class='ocr_carea' id='block_1_8' title="bbox 220 750 1805 831">
    <p class='ocr_par' dir='ltr' id='par_1_8' title="bbox 220 750 1805 831">
     <span class='ocr_line' id='line_1_8' title="bbox 220 750 1805 831; baseline 0.008 -30"><span class='ocrx_word' id='word_1_40' title='bbox 220 751 498 821; x_wconf 81' lang='grc' dir='ltr'>τιρρήτως</span> <span class='ocrx_word' id='word_1_41' title='bbox 540 750 754 818; x_wconf 79' lang='grc' dir='ltr'><strong>δείξειν,</strong></span> <span class='ocrx_word' id='word_1_42' title='bbox 792 754 1041 823; x_wconf 80' lang='grc' dir='ltr'>ἀνόμοιον</span> <span class='ocrx_word' id='word_1_43' title='bbox 1085 753 1222 809; x_wconf 81' lang='grc' dir='ltr'>εἶναι</span> <span class='ocrx_word' id='word_1_44' title='bbox 1252 759 1372 810; x_wconf 86' lang='grc' dir='ltr'>κατ’</span> <span class='ocrx_word' id='word_1_45' title='bbox 1404 758 1572 831; x_wconf 73' lang='grc' dir='ltr'>αὐτὴν</span> <span class='ocrx_word' id='word_1_46' title='bbox 1594 761 1691 831; x_wconf 81' lang='grc' dir='ltr'><strong>τὴν</strong></span> <span class='ocrx_word' id='word_1_47' title='bbox 1715 763 1805 814; x_wconf 82' lang='grc' dir='ltr'>οὐ-</span> 
     </span>
    </p>
   </div>
   <div class='ocr_carea' id='block_1_9' title="bbox 223 842 1806 927">
    <p class='ocr_par' dir='ltr' id='par_1_9' title="bbox 223 842 1806 927">
     <span class='ocr_line' id='line_1_9' title="bbox 223 842 1806 927; baseline 0.008 -34"><span class='ocrx_word' id='word_1_48' title='bbox 223 842 350 894; x_wconf 87' lang='grc' dir='ltr'>σίαν</span> <span class='ocrx_word' id='word_1_49' title='bbox 380 842 472 895; x_wconf 83' lang='grc' dir='ltr'><strong>τὸν</strong></span> <span class='ocrx_word' id='word_1_50' title='bbox 519 845 781 914; x_wconf 87' lang='grc' dir='ltr'>μονογενῆ</span> <span class='ocrx_word' id='word_1_51' title='bbox 809 846 934 898; x_wconf 83' lang='grc' dir='ltr'>Υίὺν</span> <span class='ocrx_word' id='word_1_52' title='bbox 968 846 1045 918; x_wconf 85' lang='grc' dir='ltr'>τῷ</span> <span class='ocrx_word' id='word_1_53' title='bbox 1080 849 1274 919; x_wconf 86' lang='grc' dir='ltr'>Πατρί.</span> <span class='ocrx_word' id='word_1_54' title='bbox 1311 851 1407 905; x_wconf 74' lang='grc' dir='ltr'><strong>Διὰ</strong></span> <span class='ocrx_word' id='word_1_55' title='bbox 1439 852 1594 905; x_wconf 89' lang='grc' dir='ltr'>τοῦτο</span> <span class='ocrx_word' id='word_1_56' title='bbox 1638 870 1806 927; x_wconf 86' lang='grc' dir='ltr'>προσ-</span> 
     </span>
    </p>
   </div>
   <div class='ocr_carea' id='block_1_10' title="bbox 224 932 1807 1015">
    <p class='ocr_par' dir='ltr' id='par_1_10' title="bbox 224 932 1807 1015">
     <span class='ocr_line' id='line_1_10' title="bbox 224 932 1807 1015; baseline 0.008 -30"><span class='ocrx_word' id='word_1_57' title='bbox 224 932 487 988; x_wconf 78' lang='grc' dir='ltr'><strong>πλέκεται</strong></span> <span class='ocrx_word' id='word_1_58' title='bbox 532 935 611 1006; x_wconf 83' lang='grc' dir='ltr'>τῷ</span> <span class='ocrx_word' id='word_1_59' title='bbox 645 938 847 1007; x_wconf 81' lang='grc' dir='ltr'>ῥήματι</span> <span class='ocrx_word' id='word_1_60' title='bbox 880 938 980 1008; x_wconf 81' lang='grc' dir='ltr'>τῆς</span> <span class='ocrx_word' id='word_1_61' title='bbox 1012 942 1272 1003; x_wconf 77' lang='grc' dir='ltr'>ἐπινοίας,</span> <span class='ocrx_word' id='word_1_62' title='bbox 1312 942 1386 1006; x_wconf 84' lang='grc' dir='ltr'><strong>ὡς</strong></span> <span class='ocrx_word' id='word_1_63' title='bbox 1429 943 1579 995; x_wconf 80' lang='grc' dir='ltr'>οὐδὲν</span> <span class='ocrx_word' id='word_1_64' title='bbox 1609 945 1807 1015; x_wconf 83' lang='grc' dir='ltr'>σημαί-</span> 
     </span>
    </p>
   </div>
   <div class='ocr_carea' id='block_1_11' title="bbox 224 1026 1808 1107">
    <p class='ocr_par' dir='ltr' id='par_1_11' title="bbox 224 1026 1808 1107">
     <span class='ocr_line' id='line_1_11' title="bbox 224 1026 1808 1107; baseline 0.008 -30"><span class='ocrx_word' id='word_1_65' title='bbox 224 1042 372 1077; x_wconf 85' lang='grc' dir='ltr'>νοντι</span> <span class='ocrx_word' id='word_1_66' title='bbox 418 1026 476 1078; x_wconf 87' lang='grc' dir='ltr'><strong>τὸ</strong></span> <span class='ocrx_word' id='word_1_67' title='bbox 523 1028 805 1098; x_wconf 84' lang='grc' dir='ltr'>παράπαν,</span> <span class='ocrx_word' id='word_1_68' title='bbox 853 1028 966 1081; x_wconf 76' lang='grc' dir='ltr'>ἀλλ’</span> <span class='ocrx_word' id='word_1_69' title='bbox 1012 1034 1069 1082; x_wconf 86' lang='grc' dir='ltr'>ὲν</span> <span class='ocrx_word' id='word_1_70' title='bbox 1124 1031 1259 1102; x_wconf 84' lang='grc' dir='ltr'>μόνῃ</span> <span class='ocrx_word' id='word_1_71' title='bbox 1305 1035 1371 1102; x_wconf 80' lang='grc' dir='ltr'>τῇ</span> <span class='ocrx_word' id='word_1_72' title='bbox 1430 1037 1679 1106; x_wconf 76' lang='grc' dir='ltr'>προφορᾷ</span> <span class='ocrx_word' id='word_1_73' title='bbox 1713 1035 1808 1107; x_wconf 78' lang='grc' dir='ltr'>τὴν</span> 
     </span>
    </p>
   </div>
   <div class='ocr_carea' id='block_1_12' title="bbox 225 1118 1807 1201">
    <p class='ocr_par' dir='ltr' id='par_1_12' title="bbox 225 1118 1807 1201">
     <span class='ocr_line' id='line_1_12' title="bbox 225 1118 1807 1201; baseline 0.008 -31"><span class='ocrx_word' id='word_1_74' title='bbox 225 1118 523 1171; x_wconf 79' lang='grc' dir='ltr'>ὑπόστασιν</span> <span class='ocrx_word' id='word_1_75' title='bbox 561 1120 909 1192; x_wconf 81' lang='grc' dir='ltr'>κεκτημένῳ·</span> <span class='ocrx_word' id='word_1_76' title='bbox 948 1124 1041 1175; x_wconf 77' lang='grc' dir='ltr'><strong>καὶ</strong></span> <span class='ocrx_word' id='word_1_77' title='bbox 1070 1123 1284 1188; x_wconf 79' lang='grc' dir='ltr'>ἀνάξιον</span> <span class='ocrx_word' id='word_1_78' title='bbox 1310 1122 1446 1180; x_wconf 79' lang='grc' dir='ltr'>εἶναι</span> <span class='ocrx_word' id='word_1_79' title='bbox 1477 1127 1611 1181; x_wconf 88' lang='grc' dir='ltr'>Θεοῦ</span> <span class='ocrx_word' id='word_1_80' title='bbox 1638 1146 1807 1201; x_wconf 87' lang='grc' dir='ltr'>προσ-</span> 
     </span>
    </p>
   </div>
   <div class='ocr_carea' id='block_1_13' title="bbox 225 1211 1810 1288">
    <p class='ocr_par' dir='ltr' id='par_1_13' title="bbox 225 1211 1810 1288">
     <span class='ocr_line' id='line_1_13' title="bbox 225 1211 1810 1288; baseline 0.006 -26"><span class='ocrx_word' id='word_1_81' title='bbox 225 1213 465 1263; x_wconf 81' lang='grc' dir='ltr'>ποιεῖται</span> <span class='ocrx_word' id='word_1_82' title='bbox 516 1212 633 1273; x_wconf 83' lang='grc' dir='ltr'>ταῖς</span> <span class='ocrx_word' id='word_1_83' title='bbox 674 1211 935 1275; x_wconf 79' lang='grc' dir='ltr'>ἐπινοίαις</span> <span class='ocrx_word' id='word_1_84' title='bbox 983 1213 1143 1267; x_wconf 77' lang='grc' dir='ltr'>αὐτὸν</span> <span class='ocrx_word' id='word_1_85' title='bbox 1194 1217 1609 1287; x_wconf 85' lang='grc' dir='ltr'>ἀποσεμνύνειν.</span> <span class='ocrx_word' id='word_1_86' title='bbox 1669 1218 1810 1288; x_wconf 88' lang='grc' dir='ltr'>Ἐγὼ</span> 
     </span>
    </p>
   </div>
   <div class='ocr_carea' id='block_1_14' title="bbox 225 1300 1809 1381">
    <p class='ocr_par' dir='ltr' id='par_1_14' title="bbox 225 1300 1809 1381">
     <span class='ocr_line' id='line_1_14' title="bbox 225 1300 1809 1381; baseline 0.006 -28"><span class='ocrx_word' id='word_1_87' title='bbox 225 1300 288 1353; x_wconf 83' lang='grc' dir='ltr'>δὲ</span> <span class='ocrx_word' id='word_1_88' title='bbox 321 1302 370 1353; x_wconf 80' lang='grc' dir='ltr'><strong>εἰ</strong></span> <span class='ocrx_word' id='word_1_89' title='bbox 416 1301 512 1370; x_wconf 86' lang='grc' dir='ltr'><strong>μὲν</strong></span> <span class='ocrx_word' id='word_1_90' title='bbox 541 1301 752 1372; x_wconf 68' lang='grc' dir='ltr'>ἐπινοίᾳ</span> <span class='ocrx_word' id='word_1_91' title='bbox 781 1301 1052 1374; x_wconf 81' lang='grc' dir='ltr'>θεωρητδν</span> <span class='ocrx_word' id='word_1_92' title='bbox 1080 1304 1191 1374; x_wconf 79' lang='lat'><strong>(‘27)</strong></span> <span class='ocrx_word' id='word_1_93' title='bbox 1222 1305 1253 1375; x_wconf 79' lang='grc' dir='ltr'><strong>ἧ</strong></span> <span class='ocrx_word' id='word_1_94' title='bbox 1301 1308 1373 1377; x_wconf 83' lang='grc' dir='ltr'>μὴ</span> <span class='ocrx_word' id='word_1_95' title='bbox 1402 1308 1463 1359; x_wconf 83' lang='grc' dir='ltr'><strong>τὸ</strong></span> <span class='ocrx_word' id='word_1_96' title='bbox 1490 1308 1809 1381; x_wconf 79' lang='grc' dir='ltr'><strong>ἀγέννητον,</strong></span> 
     </span>
    </p>
   </div>
   <div class='ocr_carea' id='block_1_15' title="bbox 226 1391 1811 1471">
    <p class='ocr_par' dir='ltr' id='par_1_15' title="bbox 226 1391 1811 1471">
     <span class='ocr_line' id='line_1_15' title="bbox 226 1391 1811 1471; baseline 0.007 -26"><span class='ocrx_word' id='word_1_97' title='bbox 226 1392 384 1445; x_wconf 77' lang='grc' dir='ltr'>οῦπω</span> <span class='ocrx_word' id='word_1_98' title='bbox 416 1391 813 1465; x_wconf 76' lang='grc' dir='ltr'>διισχυρίζομαι</span> <span class='ocrx_word' id='word_1_99' title='bbox 839 1398 967 1468; x_wconf 70' lang='grc' dir='ltr'>πρὶν</span> <span class='ocrx_word' id='word_1_100' title='bbox 1000 1396 1065 1450; x_wconf 81' lang='grc' dir='ltr'><strong>ἂν</strong></span> <span class='ocrx_word' id='word_1_101' title='bbox 1094 1399 1184 1449; x_wconf 83' lang='grc' dir='ltr'>ὑπ’</span> <span class='ocrx_word' id='word_1_102' title='bbox 1212 1398 1379 1470; x_wconf 76' lang='grc' dir='ltr'>αὐτῆς</span> <span class='ocrx_word' id='word_1_103' title='bbox 1407 1398 1497 1452; x_wconf 87' lang='grc' dir='ltr'><strong>τοῦ</strong></span> <span class='ocrx_word' id='word_1_104' title='bbox 1526 1401 1683 1470; x_wconf 81' lang='grc' dir='ltr'>λόγου</span> <span class='ocrx_word' id='word_1_105' title='bbox 1712 1402 1811 1471; x_wconf 80' lang='grc' dir='ltr'>τῆς</span> 
     </span>
    </p>
   </div>
   <div class='ocr_carea' id='block_1_16' title="bbox 225 1484 927 1559">
    <p class='ocr_par' dir='ltr' id='par_1_16' title="bbox 225 1484 927 1559">
     <span class='ocr_line' id='line_1_16' title="bbox 225 1484 927 1559; baseline 0.01 -23"><span class='ocrx_word' id='word_1_106' title='bbox 225 1484 531 1549; x_wconf 75' lang='grc' dir='ltr'>ἐξετάσεως</span> <span class='ocrx_word' id='word_1_107' title='bbox 567 1486 799 1558; x_wconf 83' lang='grc' dir='ltr'>διδαχθῶ</span> <span class='ocrx_word' id='word_1_108' title='bbox 807 1507 927 1559; x_wconf 88' lang='grc' dir='ltr'>μεν.</span> 
     </span>
    </p>
   </div>
   <div class='ocr_carea' id='block_1_17' title="bbox 304 1577 1815 1659">
    <p class='ocr_par' dir='ltr' id='par_1_17' title="bbox 304 1577 1815 1659">
     <span class='ocr_line' id='line_1_17' title="bbox 304 1577 1815 1659; baseline 0.007 -28"><span class='ocrx_word' id='word_1_109' title='bbox 304 1577 356 1631; x_wconf 87' lang='grc'><strong>6.</strong></span> <span class='ocrx_word' id='word_1_110' title='bbox 377 1578 517 1631; x_wconf 83' lang='grc' dir='ltr'><strong>Αὐτὸ</strong></span> <span class='ocrx_word' id='word_1_111' title='bbox 546 1578 603 1632; x_wconf 77' lang='grc' dir='ltr'>δὲ</span> <span class='ocrx_word' id='word_1_112' title='bbox 629 1582 805 1646; x_wconf 82' lang='grc' dir='ltr'>τοῦτο,</span> <span class='ocrx_word' id='word_1_113' title='bbox 824 1582 876 1634; x_wconf 89' lang='grc' dir='ltr'><strong>τί</strong></span> <span class='ocrx_word' id='word_1_114' title='bbox 910 1582 1036 1636; x_wconf 85' lang='grc' dir='ltr'>ποτέ</span> <span class='ocrx_word' id='word_1_115' title='bbox 1071 1586 1217 1637; x_wconf 77' lang='grc' dir='ltr'>ἐστιν</span> <span class='ocrx_word' id='word_1_116' title='bbox 1241 1587 1273 1655; x_wconf 78' lang='grc' dir='ltr'>ἡ</span> <span class='ocrx_word' id='word_1_117' title='bbox 1305 1586 1533 1651; x_wconf 75' lang='grc' dir='ltr'>ἐπίνοια,</span> <span class='ocrx_word' id='word_1_118' title='bbox 1554 1588 1721 1659; x_wconf 77' lang='grc' dir='ltr'>ἡδέως</span> <span class='ocrx_word' id='word_1_119' title='bbox 1750 1586 1815 1642; x_wconf 83' lang='grc' dir='ltr'><strong>ἂν</strong></span> 
     </span>
    </p>
   </div>
   <div class='ocr_carea' id='block_1_18' title="bbox 229 1669 1815 1749">
    <p class='ocr_par' dir='ltr' id='par_1_18' title="bbox 229 1669 1815 1749">
     <span class='ocr_line' id='line_1_18' title="bbox 229 1669 1815 1749; baseline 0.007 -28"><span class='ocrx_word' id='word_1_120' title='bbox 229 1669 397 1722; x_wconf 76' lang='grc' dir='ltr'>αὑτὸν</span> <span class='ocrx_word' id='word_1_121' title='bbox 444 1671 815 1743; x_wconf 79' lang='grc' dir='ltr'>ὲρωτήσαιμι’</span> <span class='ocrx_word' id='word_1_122' title='bbox 871 1670 959 1745; x_wconf 82' lang='grc' dir='ltr'><strong>ἆρ’</strong></span> <span class='ocrx_word' id='word_1_123' title='bbox 1000 1676 1151 1728; x_wconf 77' lang='grc' dir='ltr'>οὐδὲν</span> <span class='ocrx_word' id='word_1_124' title='bbox 1198 1678 1509 1731; x_wconf 88' lang='grc' dir='ltr'>παντάπασι</span> <span class='ocrx_word' id='word_1_125' title='bbox 1558 1680 1815 1749; x_wconf 82' lang='grc' dir='ltr'>σημαίνει</span> 
     </span>
    </p>
   </div>
   <div class='ocr_carea' id='block_1_19' title="bbox 227 1760 1816 1839">
    <p class='ocr_par' dir='ltr' id='par_1_19' title="bbox 227 1760 1816 1839">
     <span class='ocr_line' id='line_1_19' title="bbox 227 1760 1816 1839; baseline 0.007 -27"><span class='ocrx_word' id='word_1_126' title='bbox 227 1761 295 1813; x_wconf 82' lang='grc' dir='ltr'><strong>τὸ</strong></span> <span class='ocrx_word' id='word_1_127' title='bbox 324 1760 493 1833; x_wconf 77' lang='grc' dir='ltr'>ὄνομα</span> <span class='ocrx_word' id='word_1_128' title='bbox 530 1764 705 1826; x_wconf 87' lang='grc' dir='ltr'>τοῦτο,</span> <span class='ocrx_word' id='word_1_129' title='bbox 736 1768 831 1819; x_wconf 74' lang='grc' dir='ltr'><strong>καὶ</strong></span> <span class='ocrx_word' id='word_1_130' title='bbox 872 1766 1041 1837; x_wconf 75' lang='grc' dir='ltr'>ψόφος</span> <span class='ocrx_word' id='word_1_131' title='bbox 1066 1768 1239 1833; x_wconf 77' lang='grc' dir='ltr'>ἄλλως</span> <span class='ocrx_word' id='word_1_132' title='bbox 1264 1769 1380 1822; x_wconf 79' lang='grc' dir='ltr'>ἐστὶ</span> <span class='ocrx_word' id='word_1_133' title='bbox 1408 1768 1494 1822; x_wconf 82' lang='grc' dir='ltr'>διὰ</span> <span class='ocrx_word' id='word_1_134' title='bbox 1521 1770 1620 1839; x_wconf 83' lang='grc' dir='ltr'>τῆς</span> <span class='ocrx_word' id='word_1_135' title='bbox 1644 1769 1816 1839; x_wconf 82' lang='grc' dir='ltr'>γλώτ-</span> 
     </span>
    </p>
   </div>
   <div class='ocr_carea' id='block_1_20' title="bbox 1907 573 3475 642">
    <p class='ocr_par' dir='ltr' id='par_1_20' title="bbox 1907 573 3475 642">
     <span class='ocr_line' id='line_1_20' title="bbox 1907 573 3475 642; baseline 0.002 -16"><span class='ocrx_word' id='word_1_136' title='bbox 1907 590 2025 626; x_wconf 90' lang='lat' dir='ltr'><strong>rum</strong></span> <span class='ocrx_word' id='word_1_137' title='bbox 2055 589 2114 628; x_wconf 89' lang='lat' dir='ltr'><strong>se</strong></span> <span class='ocrx_word' id='word_1_138' title='bbox 2136 574 2261 629; x_wconf 90' lang='lat' dir='ltr'><strong>hinc</strong></span> <span class='ocrx_word' id='word_1_139' title='bbox 2290 573 2431 627; x_wconf 79' lang='lat' dir='ltr'><strong>facili</strong></span> <span class='ocrx_word' id='word_1_140' title='bbox 2463 582 2685 637; x_wconf 90' lang='lat' dir='ltr'><strong>conatu,</strong></span> <span class='ocrx_word' id='word_1_141' title='bbox 2731 574 3193 642; x_wconf 84' lang='lat' dir='ltr'><strong>ingenerationem</strong></span> <span class='ocrx_word' id='word_1_142' title='bbox 3223 576 3475 631; x_wconf 85' lang='lat' dir='ltr'><strong>substan-</strong></span> 
     </span>
    </p>
   </div>
   <div class='ocr_carea' id='block_1_21' title="bbox 1907 663 3473 719">
    <p class='ocr_par' dir='ltr' id='par_1_21' title="bbox 1907 663 3473 719">
     <span class='ocr_line' id='line_1_21' title="bbox 1907 663 3473 719; baseline 0.001 -2"><span class='ocrx_word' id='word_1_143' title='bbox 1907 664 2035 718; x_wconf 87' lang='lat' dir='ltr'><strong>tiam</strong></span> <span class='ocrx_word' id='word_1_144' title='bbox 2063 663 2157 718; x_wconf 92' lang='lat' dir='ltr'><strong>Dei</strong></span> <span class='ocrx_word' id='word_1_145' title='bbox 2181 678 2301 717; x_wconf 89' lang='lat' dir='ltr'><strong>esse</strong></span> <span class='ocrx_word' id='word_1_146' title='bbox 2326 681 2341 719; x_wconf 91' lang='lat'><strong>:</strong></span> <span class='ocrx_word' id='word_1_147' title='bbox 2371 663 2495 717; x_wconf 91' lang='lat' dir='ltr'><strong>inde</strong></span> <span class='ocrx_word' id='word_1_148' title='bbox 2523 677 2651 717; x_wconf 84' lang='lat' dir='ltr'><strong>vero</strong></span> <span class='ocrx_word' id='word_1_149' title='bbox 2676 663 2961 718; x_wconf 76' lang='lat' dir='ltr'><strong>evidenter</strong></span> <span class='ocrx_word' id='word_1_150' title='bbox 2991 673 3329 719; x_wconf 89' lang='lat' dir='ltr'><strong>ostensurum</strong></span> <span class='ocrx_word' id='word_1_151' title='bbox 3353 678 3473 718; x_wconf 87' lang='lat' dir='ltr'><strong>esse</strong></span> 
     </span>
    </p>
   </div>
   <div class='ocr_carea' id='block_1_22' title="bbox 1907 754 3471 825">
    <p class='ocr_par' dir='ltr' id='par_1_22' title="bbox 1907 754 3471 825">
     <span class='ocr_line' id='line_1_22' title="bbox 1907 754 3471 825; baseline -0.001 -14"><span class='ocrx_word' id='word_1_152' title='bbox 1907 770 1989 820; x_wconf 88' lang='lat' dir='ltr'><strong>se,</strong></span> <span class='ocrx_word' id='word_1_153' title='bbox 2030 754 2364 824; x_wconf 70' lang='lat' dir='ltr'><strong>unigenitum</strong></span> <span class='ocrx_word' id='word_1_154' title='bbox 2413 754 2607 809; x_wconf 88' lang='lat' dir='ltr'><strong>Filium</strong></span> <span class='ocrx_word' id='word_1_155' title='bbox 2646 758 2941 811; x_wconf 89' lang='lat' dir='ltr'><strong>secundum</strong></span> <span class='ocrx_word' id='word_1_156' title='bbox 2994 756 3169 825; x_wconf 83' lang='lat' dir='ltr'><strong>ipsam</strong></span> <span class='ocrx_word' id='word_1_157' title='bbox 3220 757 3471 810; x_wconf 79' lang='lat' dir='ltr'><strong>substan-</strong></span> 
     </span>
    </p>
   </div>
   <div class='ocr_carea' id='block_1_23' title="bbox 1911 844 3474 917">
    <p class='ocr_par' dir='ltr' id='par_1_23' title="bbox 1911 844 3474 917">
     <span class='ocr_line' id='line_1_23' title="bbox 1911 844 3474 917; baseline 0 -17"><span class='ocrx_word' id='word_1_158' title='bbox 1911 846 2039 900; x_wconf 90' lang='lat' dir='ltr'><strong>tiam</strong></span> <span class='ocrx_word' id='word_1_159' title='bbox 2087 844 2234 900; x_wconf 81' lang='lat' dir='ltr'><strong>Patri</strong></span> <span class='ocrx_word' id='word_1_160' title='bbox 2276 861 2395 900; x_wconf 86' lang='lat' dir='ltr'><strong>esse</strong></span> <span class='ocrx_word' id='word_1_161' title='bbox 2440 846 2780 902; x_wconf 85' lang='lat' dir='ltr'><strong>dissimilem.</strong></span> <span class='ocrx_word' id='word_1_162' title='bbox 2839 847 3178 917; x_wconf 82' lang='lat' dir='ltr'><strong>Quapropter</strong></span> <span class='ocrx_word' id='word_1_163' title='bbox 3215 845 3474 903; x_wconf 88' lang='lat' dir='ltr'><strong>vocabulo</strong></span> 
     </span>
    </p>
   </div>
   <div class='ocr_carea' id='block_1_24' title="bbox 1912 938 3472 1010">
    <p class='ocr_par' dir='ltr' id='par_1_24' title="bbox 1912 938 3472 1010">
     <span class='ocr_line' id='line_1_24' title="bbox 1912 938 3472 1010; baseline -0.001 -16"><span class='ocrx_word' id='word_1_164' title='bbox 1912 939 2281 1009; x_wconf 63' lang='lat' dir='ltr'><strong>intelligentiae</strong></span> <span class='ocrx_word' id='word_1_165' title='bbox 2308 939 2533 993; x_wconf 69' lang='lat' dir='ltr'><strong>inhaeret</strong></span> <span class='ocrx_word' id='word_1_166' title='bbox 2582 949 2841 1008; x_wconf 81' lang='lat' dir='ltr'><strong>tanquam</strong></span> <span class='ocrx_word' id='word_1_167' title='bbox 2880 939 3015 994; x_wconf 82' lang='lat' dir='ltr'><strong>nihil</strong></span> <span class='ocrx_word' id='word_1_168' title='bbox 3049 940 3269 994; x_wconf 89' lang='lat' dir='ltr'><strong>omnino</strong></span> <span class='ocrx_word' id='word_1_169' title='bbox 3303 938 3472 1010; x_wconf 57' lang='lat' dir='ltr'><strong>signi-</strong></span> 
     </span>
    </p>
   </div>
   <div class='ocr_carea' id='block_1_25' title="bbox 1914 1031 3473 1101">
    <p class='ocr_par' dir='ltr' id='par_1_25' title="bbox 1914 1031 3473 1101">
     <span class='ocr_line' id='line_1_25' title="bbox 1914 1031 3473 1101; baseline 0 -16"><span class='ocrx_word' id='word_1_170' title='bbox 1914 1033 2116 1099; x_wconf 80' lang='lat' dir='ltr'><strong>ﬁcanti,</strong></span> <span class='ocrx_word' id='word_1_171' title='bbox 2142 1034 2235 1087; x_wconf 90' lang='lat' dir='ltr'><strong>sed</strong></span> <span class='ocrx_word' id='word_1_172' title='bbox 2264 1034 2315 1085; x_wconf 91' lang='lat' dir='ltr'><strong>in</strong></span> <span class='ocrx_word' id='word_1_173' title='bbox 2353 1032 2464 1086; x_wconf 86' lang='lat' dir='ltr'><strong>sola</strong></span> <span class='ocrx_word' id='word_1_174' title='bbox 2499 1033 2796 1101; x_wconf 83' lang='lat' dir='ltr'><strong>prolatione</strong></span> <span class='ocrx_word' id='word_1_175' title='bbox 2826 1032 3194 1087; x_wconf 79' lang='lat' dir='ltr'><strong>exsistentiam</strong></span> <span class='ocrx_word' id='word_1_176' title='bbox 3220 1031 3473 1087; x_wconf 79' lang='lat' dir='ltr'><strong>habenti:</strong></span> 
     </span>
    </p>
   </div>
   <div class='ocr_carea' id='block_1_26' title="bbox 1913 1124 3481 1193">
    <p class='ocr_par' dir='ltr' id='par_1_26' title="bbox 1913 1124 3481 1193">
     <span class='ocr_line' id='line_1_26' title="bbox 1913 1124 3481 1193; baseline 0 -17"><span class='ocrx_word' id='word_1_177' title='bbox 1913 1134 2073 1190; x_wconf 88' lang='lat' dir='ltr'><strong>atque</strong></span> <span class='ocrx_word' id='word_1_178' title='bbox 2120 1124 2229 1179; x_wconf 90' lang='lat' dir='ltr'><strong>Deo</strong></span> <span class='ocrx_word' id='word_1_179' title='bbox 2278 1124 2557 1192; x_wconf 78' lang='lat' dir='ltr'><strong>indignum</strong></span> <span class='ocrx_word' id='word_1_180' title='bbox 2617 1139 2736 1179; x_wconf 81' lang='lat' dir='ltr'><strong>esse</strong></span> <span class='ocrx_word' id='word_1_181' title='bbox 2788 1125 3027 1193; x_wconf 85' lang='lat' dir='ltr'><strong>simulat,</strong></span> <span class='ocrx_word' id='word_1_182' title='bbox 3067 1141 3189 1181; x_wconf 89' lang='lat' dir='ltr'><strong>eum</strong></span> <span class='ocrx_word' id='word_1_183' title='bbox 3228 1124 3481 1179; x_wconf 82' lang='lat' dir='ltr'><strong>videlicet</strong></span> 
     </span>
    </p>
   </div>
   <div class='ocr_carea' id='block_1_27' title="bbox 1915 1213 3477 1285">
    <p class='ocr_par' dir='ltr' id='par_1_27' title="bbox 1915 1213 3477 1285">
     <span class='ocr_line' id='line_1_27' title="bbox 1915 1213 3477 1285; baseline 0.001 -16"><span class='ocrx_word' id='word_1_184' title='bbox 1915 1216 2053 1269; x_wconf 89' lang='lat' dir='ltr'><strong>ideis</strong></span> <span class='ocrx_word' id='word_1_185' title='bbox 2091 1230 2154 1268; x_wconf 90' lang='lat' dir='ltr'><strong>ac</strong></span> <span class='ocrx_word' id='word_1_186' title='bbox 2181 1216 2620 1285; x_wconf 80' lang='lat' dir='ltr'><strong>perceptionibus</strong></span> <span class='ocrx_word' id='word_1_187' title='bbox 2641 1230 2835 1269; x_wconf 83' lang='lat' dir='ltr'><strong>ornare</strong></span> <span class='ocrx_word' id='word_1_188' title='bbox 2864 1231 2927 1269; x_wconf 85' lang='lat' dir='ltr'><strong>ac</strong></span> <span class='ocrx_word' id='word_1_189' title='bbox 2953 1215 3331 1271; x_wconf 80' lang='lat' dir='ltr'><strong>cohonestare.</strong></span> <span class='ocrx_word' id='word_1_190' title='bbox 3363 1213 3477 1284; x_wconf 79' lang='lat' dir='ltr'><strong>Ego</strong></span> 
     </span>
    </p>
   </div>
   <div class='ocr_carea' id='block_1_28' title="bbox 1916 1308 3475 1378">
    <p class='ocr_par' dir='ltr' id='par_1_28' title="bbox 1916 1308 3475 1378">
     <span class='ocr_line' id='line_1_28' title="bbox 1916 1308 3475 1378; baseline 0.002 -20"><span class='ocrx_word' id='word_1_191' title='bbox 1916 1322 2045 1362; x_wconf 90' lang='lat' dir='ltr'><strong>vero</strong></span> <span class='ocrx_word' id='word_1_192' title='bbox 2075 1324 2143 1361; x_wconf 90' lang='lat' dir='ltr'><strong>an</strong></span> <span class='ocrx_word' id='word_1_193' title='bbox 2176 1308 2473 1378; x_wconf 85' lang='lat' dir='ltr'><strong>ingenitum</strong></span> <span class='ocrx_word' id='word_1_194' title='bbox 2511 1310 2780 1377; x_wconf 84' lang='lat' dir='ltr'><strong>possimus</strong></span> <span class='ocrx_word' id='word_1_195' title='bbox 2812 1318 2991 1364; x_wconf 90' lang='lat' dir='ltr'><strong>mente</strong></span> <span class='ocrx_word' id='word_1_196' title='bbox 3017 1308 3251 1376; x_wconf 84' lang='lat' dir='ltr'><strong>assequi;</strong></span> <span class='ocrx_word' id='word_1_197' title='bbox 3283 1322 3475 1371; x_wconf 88' lang='lat' dir='ltr'><strong>necne,</strong></span> 
     </span>
    </p>
   </div>
   <div class='ocr_carea' id='block_1_29' title="bbox 1916 1397 3480 1469">
    <p class='ocr_par' dir='ltr' id='par_1_29' title="bbox 1916 1397 3480 1469">
     <span class='ocr_line' id='line_1_29' title="bbox 1916 1397 3480 1469; baseline 0 -17"><span class='ocrx_word' id='word_1_198' title='bbox 1916 1414 2019 1453; x_wconf 90' lang='lat' dir='ltr'><strong>non</strong></span> <span class='ocrx_word' id='word_1_199' title='bbox 2048 1399 2195 1468; x_wconf 87' lang='lat' dir='ltr'><strong>prius</strong></span> <span class='ocrx_word' id='word_1_200' title='bbox 2230 1397 2456 1463; x_wconf 75' lang='lat' dir='ltr'><strong>afﬁrmo,</strong></span> <span class='ocrx_word' id='word_1_201' title='bbox 2476 1414 2633 1467; x_wconf 82' lang='lat' dir='ltr'><strong>quam</strong></span> <span class='ocrx_word' id='word_1_202' title='bbox 2661 1402 2727 1453; x_wconf 91' lang='lat' dir='ltr'><strong>ab</strong></span> <span class='ocrx_word' id='word_1_203' title='bbox 2754 1400 2866 1469; x_wconf 83' lang='lat' dir='ltr'><strong>ipsa</strong></span> <span class='ocrx_word' id='word_1_204' title='bbox 2886 1398 3109 1453; x_wconf 80' lang='lat' dir='ltr'><strong>rationis</strong></span> <span class='ocrx_word' id='word_1_205' title='bbox 3137 1399 3480 1469; x_wconf 82' lang='lat' dir='ltr'><strong>iudagatione</strong></span> 
     </span>
    </p>
   </div>
   <div class='ocr_carea' id='block_1_30' title="bbox 1916 1492 2224 1545">
    <p class='ocr_par' dir='ltr' id='par_1_30' title="bbox 1916 1492 2224 1545">
     <span class='ocr_line' id='line_1_30' title="bbox 1916 1492 2224 1545; baseline -0.003 0"><span class='ocrx_word' id='word_1_206' title='bbox 1916 1492 2224 1545; x_wconf 76' lang='lat' dir='ltr'><strong>doceamur.</strong></span> 
     </span>
    </p>
   </div>
   <div class='ocr_carea' id='block_1_31' title="bbox 1987 1601 3482 1673">
    <p class='ocr_par' dir='ltr' id='par_1_31' title="bbox 1987 1601 3482 1673">
     <span class='ocr_line' id='line_1_31' title="bbox 1987 1601 3482 1673; baseline -0.001 -16"><span class='ocrx_word' id='word_1_207' title='bbox 1987 1603 2041 1657; x_wconf 86' lang='lat'><strong>6.</strong></span> <span class='ocrx_word' id='word_1_208' title='bbox 2073 1601 2174 1657; x_wconf 85' lang='lat' dir='ltr'><strong>Sed</strong></span> <span class='ocrx_word' id='word_1_209' title='bbox 2195 1604 2449 1672; x_wconf 84' lang='lat' dir='ltr'><strong>quidnam</strong></span> <span class='ocrx_word' id='word_1_210' title='bbox 2470 1602 2539 1657; x_wconf 87' lang='lat' dir='ltr'><strong>sit</strong></span> <span class='ocrx_word' id='word_1_211' title='bbox 2564 1602 2837 1673; x_wconf 81' lang='lat' dir='ltr'><strong>perceptio</strong></span> <span class='ocrx_word' id='word_1_212' title='bbox 2859 1603 2981 1667; x_wconf 90' lang='lat' dir='ltr'><strong>ista,</strong></span> <span class='ocrx_word' id='word_1_213' title='bbox 3003 1602 3228 1657; x_wconf 85' lang='lat' dir='ltr'><strong>libenter</strong></span> <span class='ocrx_word' id='word_1_214' title='bbox 3255 1617 3376 1654; x_wconf 89' lang='lat' dir='ltr'><strong>eum</strong></span> <span class='ocrx_word' id='word_1_215' title='bbox 3396 1603 3482 1658; x_wconf 85' lang='lat' dir='ltr'><strong>iu-</strong></span> 
     </span>
    </p>
   </div>
   <div class='ocr_carea' id='block_1_32' title="bbox 1920 1694 3483 1764">
    <p class='ocr_par' dir='ltr' id='par_1_32' title="bbox 1920 1694 3483 1764">
     <span class='ocr_line' id='line_1_32' title="bbox 1920 1694 3483 1764; baseline 0 -16"><span class='ocrx_word' id='word_1_216' title='bbox 1920 1698 2305 1764; x_wconf 85' lang='lat' dir='ltr'><strong>terrogaverim</strong></span> <span class='ocrx_word' id='word_1_217' title='bbox 2338 1715 2351 1750; x_wconf 89' lang='lat'><strong>:</strong></span> <span class='ocrx_word' id='word_1_218' title='bbox 2389 1705 2566 1749; x_wconf 89' lang='lat' dir='ltr'><strong>utrum</strong></span> <span class='ocrx_word' id='word_1_219' title='bbox 2592 1696 2693 1749; x_wconf 85' lang='lat' dir='ltr'><strong>hoc</strong></span> <span class='ocrx_word' id='word_1_220' title='bbox 2722 1696 2953 1750; x_wconf 88' lang='lat' dir='ltr'><strong>nominis</strong></span> <span class='ocrx_word' id='word_1_221' title='bbox 2995 1696 3122 1749; x_wconf 82' lang='lat' dir='ltr'><strong>nihil</strong></span> <span class='ocrx_word' id='word_1_222' title='bbox 3161 1695 3381 1750; x_wconf 86' lang='lat' dir='ltr'><strong>omnino</strong></span> <span class='ocrx_word' id='word_1_223' title='bbox 3406 1694 3483 1748; x_wconf 86' lang='lat' dir='ltr'><strong>si-</strong></span> 
     </span>
    </p>
   </div>
   <div class='ocr_carea' id='block_1_33' title="bbox 1920 1779 3481 1854">
    <p class='ocr_par' dir='ltr' id='par_1_33' title="bbox 1920 1779 3481 1854">
     <span class='ocr_line' id='line_1_33' title="bbox 1920 1779 3481 1854; baseline -0.003 -16"><span class='ocrx_word' id='word_1_224' title='bbox 1920 1785 2158 1854; x_wconf 76' lang='lat' dir='ltr'><strong>gniticet,</strong></span> <span class='ocrx_word' id='word_1_225' title='bbox 2185 1794 2239 1839; x_wconf 91' lang='lat' dir='ltr'><strong>et</strong></span> <span class='ocrx_word' id='word_1_226' title='bbox 2267 1799 2430 1839; x_wconf 90' lang='lat' dir='ltr'><strong>sonus</strong></span> <span class='ocrx_word' id='word_1_227' title='bbox 2447 1786 2518 1838; x_wconf 91' lang='lat' dir='ltr'><strong>sit</strong></span> <span class='ocrx_word' id='word_1_228' title='bbox 2534 1785 2622 1854; x_wconf 87' lang='lat' dir='ltr'><strong>qui</strong></span> <span class='ocrx_word' id='word_1_229' title='bbox 2644 1793 2849 1840; x_wconf 90' lang='lat' dir='ltr'><strong>temere</strong></span> <span class='ocrx_word' id='word_1_230' title='bbox 2870 1798 2933 1836; x_wconf 82' lang='lat' dir='ltr'><strong>ex</strong></span> <span class='ocrx_word' id='word_1_231' title='bbox 2952 1797 3045 1836; x_wconf 83' lang='lat' dir='ltr'><strong>ore</strong></span> <span class='ocrx_word' id='word_1_232' title='bbox 3063 1779 3481 1851; x_wconf 58' lang='lat' dir='ltr'><strong>excidatialﬂ</strong></span> 
     </span>
    </p>
   </div>
   <div class='ocr_carea' id='block_1_34' title="bbox 230 1850 1832 1945">
    <p class='ocr_par' dir='ltr' id='par_1_34' title="bbox 230 1856 1818 1931">
     <span class='ocr_line' id='line_1_34' title="bbox 230 1856 1818 1931; baseline 0.007 -26"><span class='ocrx_word' id='word_1_233' title='bbox 230 1870 334 1925; x_wconf 83' lang='grc' dir='ltr'><strong>της</strong></span> <span class='ocrx_word' id='word_1_234' title='bbox 360 1856 672 1923; x_wconf 83' lang='grc' dir='ltr'>ὲκπίπτων;</span> <span class='ocrx_word' id='word_1_235' title='bbox 723 1858 884 1911; x_wconf 80' lang='grc' dir='ltr'>Ἀλλὰ</span> <span class='ocrx_word' id='word_1_236' title='bbox 912 1860 972 1913; x_wconf 82' lang='grc' dir='ltr'><strong>τὸ</strong></span> <span class='ocrx_word' id='word_1_237' title='bbox 1001 1860 1239 1914; x_wconf 89' lang='grc' dir='ltr'>τοιοῦτον</span> <span class='ocrx_word' id='word_1_238' title='bbox 1280 1861 1398 1931; x_wconf 75' lang='grc' dir='ltr'>οὐχὶ</span> <span class='ocrx_word' id='word_1_239' title='bbox 1444 1863 1678 1929; x_wconf 77' lang='grc' dir='ltr'>ἐπίνοια,</span> <span class='ocrx_word' id='word_1_240' title='bbox 1716 1881 1818 1917; x_wconf 90' lang='grc' dir='ltr'>πα-</span> 
     </span>
    </p>
   </div>
   <div class='ocr_carea' id='block_1_35' title="bbox 1934 1850 3482 1945">
    <p class='ocr_par' dir='ltr' id='par_1_35' title="bbox 1934 1850 3482 1945">
     <span class='ocr_line' id='line_1_35' title="bbox 1934 1850 3482 1945; baseline -0.001 -16"><span class='ocrx_word' id='word_1_241' title='bbox 1934 1850 1986 1929; x_wconf 63' lang='lat' dir='ltr'><strong>it</strong></span> <span class='ocrx_word' id='word_1_242' title='bbox 2002 1892 2087 1931; x_wconf 88' lang='lat' dir='ltr'><strong>res</strong></span> <span class='ocrx_word' id='word_1_243' title='bbox 2100 1876 2397 1944; x_wconf 76' lang='lat' dir='ltr'><strong>huiusmodi</strong></span> <span class='ocrx_word' id='word_1_244' title='bbox 2421 1890 2523 1929; x_wconf 92' lang='lat' dir='ltr'><strong>non</strong></span> <span class='ocrx_word' id='word_1_245' title='bbox 2549 1850 2845 1945; x_wconf 81' lang='lat' dir='ltr'><strong>perceptio.</strong></span> <span class='ocrx_word' id='word_1_246' title='bbox 2861 1874 2951 1928; x_wconf 89' lang='lat' dir='ltr'><strong>sed</strong></span> <span class='ocrx_word' id='word_1_247' title='bbox 2966 1874 3142 1942; x_wconf 86' lang='lat' dir='ltr'><strong>potius</strong></span> <span class='ocrx_word' id='word_1_248' title='bbox 3163 1850 3394 1927; x_wconf 77' lang='lat' dir='ltr'><strong>amentia</strong></span> <span class='ocrx_word' id='word_1_249' title='bbox 3416 1850 3482 1928; x_wconf 67' lang='lat' dir='ltr'><strong>ac</strong></span> 
     </span>
    </p>
   </div>
   <div class='ocr_carea' id='block_1_36' title="bbox 234 1949 1815 2027">
    <p class='ocr_par' dir='ltr' id='par_1_36' title="bbox 234 1949 1815 2027">
     <span class='ocr_line' id='line_1_36' title="bbox 234 1949 1815 2027; baseline 0.006 -26"><span class='ocrx_word' id='word_1_250' title='bbox 234 1949 427 2017; x_wconf 86' lang='grc' dir='ltr'>ράνοια</span> <span class='ocrx_word' id='word_1_251' title='bbox 463 1949 507 2002; x_wconf 87' lang='grc' dir='ltr'>δ’</span> <span class='ocrx_word' id='word_1_252' title='bbox 548 1950 612 2004; x_wconf 86' lang='grc' dir='ltr'>ἂν</span> <span class='ocrx_word' id='word_1_253' title='bbox 645 1951 845 2023; x_wconf 80' lang='grc' dir='ltr'>μᾶλλον</span> <span class='ocrx_word' id='word_1_254' title='bbox 897 1954 991 2006; x_wconf 78' lang='grc' dir='ltr'><strong>καὶ</strong></span> <span class='ocrx_word' id='word_1_255' title='bbox 1042 1953 1276 2025; x_wconf 82' lang='grc' dir='ltr'>φλυαρία</span> <span class='ocrx_word' id='word_1_256' title='bbox 1337 1957 1815 2027; x_wconf 75' lang='grc' dir='ltr'>προσαγορεύοιτο.</span> 
     </span>
    </p>
   </div>
   <div class='ocr_carea' id='block_1_37' title="bbox 232 2040 1821 2118">
    <p class='ocr_par' dir='ltr' id='par_1_37' title="bbox 232 2040 1821 2118">
     <span class='ocr_line' id='line_1_37' title="bbox 232 2040 1821 2118; baseline 0.007 -26"><span class='ocrx_word' id='word_1_257' title='bbox 232 2040 299 2092; x_wconf 75' lang='lat' dir='ltr'><strong>Et</strong></span> <span class='ocrx_word' id='word_1_258' title='bbox 330 2041 385 2094; x_wconf 83' lang='grc' dir='ltr'>δὲ</span> <span class='ocrx_word' id='word_1_259' title='bbox 417 2044 722 2114; x_wconf 86' lang='grc' dir='ltr'>συγχωροίη</span> <span class='ocrx_word' id='word_1_260' title='bbox 761 2044 1045 2113; x_wconf 84' lang='grc' dir='ltr'>σημαίνειν</span> <span class='ocrx_word' id='word_1_261' title='bbox 1075 2045 1173 2114; x_wconf 83' lang='grc' dir='ltr'>μέν</span> <span class='ocrx_word' id='word_1_262' title='bbox 1197 2063 1251 2098; x_wconf 94' lang='grc' dir='ltr'><strong>τι</strong></span> <span class='ocrx_word' id='word_1_263' title='bbox 1279 2045 1375 2117; x_wconf 83' lang='grc' dir='ltr'><strong>τὴν</strong></span> <span class='ocrx_word' id='word_1_264' title='bbox 1399 2048 1661 2112; x_wconf 77' lang='grc' dir='ltr'>ἐπίνοιαν,</span> <span class='ocrx_word' id='word_1_265' title='bbox 1691 2048 1821 2118; x_wconf 70' lang='grc' dir='ltr'>ψευσ-</span> 
     </span>
    </p>
   </div>
   <div class='ocr_carea' id='block_1_38' title="bbox 233 2132 1821 2209">
    <p class='ocr_par' dir='ltr' id='par_1_38' title="bbox 233 2132 1821 2209">
     <span class='ocr_line' id='line_1_38' title="bbox 233 2132 1821 2209; baseline 0.007 -25"><span class='ocrx_word' id='word_1_266' title='bbox 233 2132 326 2194; x_wconf 80' lang='grc' dir='ltr'>δὲς</span> <span class='ocrx_word' id='word_1_267' title='bbox 367 2134 423 2185; x_wconf 80' lang='grc' dir='ltr'>δὲ</span> <span class='ocrx_word' id='word_1_268' title='bbox 469 2134 626 2186; x_wconf 83' lang='grc' dir='ltr'>τοῦτο</span> <span class='ocrx_word' id='word_1_269' title='bbox 667 2135 944 2199; x_wconf 83' lang='grc' dir='ltr'>παντελῶς</span> <span class='ocrx_word' id='word_1_270' title='bbox 990 2137 1084 2189; x_wconf 74' lang='grc' dir='ltr'><strong>καὶ</strong></span> <span class='ocrx_word' id='word_1_271' title='bbox 1113 2137 1479 2209; x_wconf 81' lang='grc' dir='ltr'>ἀνύπαρκτον,</span> <span class='ocrx_word' id='word_1_272' title='bbox 1512 2140 1588 2205; x_wconf 83' lang='grc' dir='ltr'>ὡς</span> <span class='ocrx_word' id='word_1_273' title='bbox 1618 2142 1674 2194; x_wconf 82' lang='grc' dir='ltr'>ὲν</span> <span class='ocrx_word' id='word_1_274' title='bbox 1704 2144 1821 2206; x_wconf 86' lang='grc' dir='ltr'>ταῖς</span> 
     </span>
    </p>
   </div>
   <div class='ocr_carea' id='block_1_39' title="bbox 241 2223 1821 2304">
    <p class='ocr_par' dir='ltr' id='par_1_39' title="bbox 241 2223 1821 2304">
     <span class='ocr_line' id='line_1_39' title="bbox 241 2223 1821 2304; baseline 0.009 -32"><span class='ocrx_word' id='word_1_275' title='bbox 241 2223 584 2292; x_wconf 83' lang='grc' dir='ltr'>μυθοποιίαις</span> <span class='ocrx_word' id='word_1_276' title='bbox 625 2226 933 2299; x_wconf 83' lang='grc' dir='ltr'>κενταύρων</span> <span class='ocrx_word' id='word_1_277' title='bbox 974 2230 1036 2303; x_wconf 80' lang='grc' dir='ltr'>δή</span> <span class='ocrx_word' id='word_1_278' title='bbox 1085 2248 1245 2285; x_wconf 87' lang='grc' dir='ltr'>τινων</span> <span class='ocrx_word' id='word_1_279' title='bbox 1295 2234 1686 2304; x_wconf 84' lang='grc' dir='ltr'>ἀναπλασμοὺς</span> <span class='ocrx_word' id='word_1_280' title='bbox 1729 2236 1821 2287; x_wconf 68' lang='grc' dir='ltr'>καὶ</span> 
     </span>
    </p>
   </div>
   <div class='ocr_carea' id='block_1_40' title="bbox 237 2312 1823 2399">
    <p class='ocr_par' dir='ltr' id='par_1_40' title="bbox 237 2312 1823 2399">
     <span class='ocr_line' id='line_1_40' title="bbox 237 2312 1823 2399; baseline 0.015 -36"><span class='ocrx_word' id='word_1_281' title='bbox 237 2312 521 2385; x_wconf 73' lang='grc' dir='ltr'>χιμαίρας,</span> <span class='ocrx_word' id='word_1_282' title='bbox 551 2318 667 2382; x_wconf 81' lang='grc' dir='ltr'><strong>πῶς</strong></span> <span class='ocrx_word' id='word_1_283' title='bbox 689 2321 749 2373; x_wconf 84' lang='grc' dir='ltr'>τὸ</span> <span class='ocrx_word' id='word_1_284' title='bbox 780 2325 1172 2394; x_wconf 78' lang='grc' dir='ltr'>σημαινόμενον</span> <span class='ocrx_word' id='word_1_285' title='bbox 1190 2326 1321 2395; x_wconf 68' lang='lat'><strong>(27‘)</strong></span> <span class='ocrx_word' id='word_1_286' title='bbox 1348 2326 1537 2396; x_wconf 77' lang='grc' dir='ltr'>ψεῦδος</span> <span class='ocrx_word' id='word_1_287' title='bbox 1561 2327 1638 2399; x_wconf 87' lang='grc' dir='ltr'>τῷ</span> <span class='ocrx_word' id='word_1_288' title='bbox 1666 2328 1823 2399; x_wconf 73' lang='grc' dir='ltr'>ψόφῳ</span> 
     </span>
    </p>
   </div>
   <div class='ocr_carea' id='block_1_41' title="bbox 236 2406 1823 2491">
    <p class='ocr_par' dir='ltr' id='par_1_41' title="bbox 236 2406 1823 2491">
     <span class='ocr_line' id='line_1_41' title="bbox 236 2406 1823 2491; baseline 0.012 -34"><span class='ocrx_word' id='word_1_289' title='bbox 236 2406 339 2475; x_wconf 84' lang='grc' dir='ltr'>τῆς</span> <span class='ocrx_word' id='word_1_290' title='bbox 382 2408 625 2481; x_wconf 81' lang='grc' dir='ltr'>γλώττης</span> <span class='ocrx_word' id='word_1_291' title='bbox 658 2415 1090 2490; x_wconf 73' lang='grc' dir='ltr'>σύναφανίξεται,</span> <span class='ocrx_word' id='word_1_292' title='bbox 1135 2417 1233 2486; x_wconf 77' lang='grc' dir='ltr'>τῆς</span> <span class='ocrx_word' id='word_1_293' title='bbox 1267 2419 1363 2487; x_wconf 83' lang='grc' dir='ltr'>μὲν</span> <span class='ocrx_word' id='word_1_294' title='bbox 1390 2421 1573 2491; x_wconf 81' lang='grc' dir='ltr'>φωνῆς</span> <span class='ocrx_word' id='word_1_295' title='bbox 1607 2421 1823 2485; x_wconf 84' lang='grc' dir='ltr'>πάντως</span> 
     </span>
    </p>
   </div>
   <div class='ocr_carea' id='block_1_42' title="bbox 238 2500 1825 2583">
    <p class='ocr_par' dir='ltr' id='par_1_42' title="bbox 238 2500 1825 2583">
     <span class='ocr_line' id='line_1_42' title="bbox 238 2500 1825 2583; baseline 0.011 -33"><span class='ocrx_word' id='word_1_296' title='bbox 238 2501 323 2562; x_wconf 82' lang='grc' dir='ltr'>εἰς</span> <span class='ocrx_word' id='word_1_297' title='bbox 371 2500 508 2571; x_wconf 77' lang='grc' dir='ltr'>ἀέρα</span> <span class='ocrx_word' id='word_1_298' title='bbox 564 2506 972 2576; x_wconf 78' lang='grc' dir='ltr'>προχεομένης,</span> <span class='ocrx_word' id='word_1_299' title='bbox 1024 2505 1131 2560; x_wconf 88' lang='grc' dir='ltr'><strong>τῶν</strong></span> <span class='ocrx_word' id='word_1_300' title='bbox 1177 2508 1232 2561; x_wconf 82' lang='grc' dir='ltr'><strong>δὲ</strong></span> <span class='ocrx_word' id='word_1_301' title='bbox 1279 2509 1488 2579; x_wconf 72' lang='grc' dir='ltr'>ψευδῶν</span> <span class='ocrx_word' id='word_1_302' title='bbox 1535 2515 1825 2583; x_wconf 86' lang='grc' dir='ltr'>νοημάτων</span> 
     </span>
    </p>
   </div>
   <div class='ocr_carea' id='block_1_43' title="bbox 241 2590 1825 2675">
    <p class='ocr_par' dir='ltr' id='par_1_43' title="bbox 241 2590 1825 2675">
     <span class='ocr_line' id='line_1_43' title="bbox 241 2590 1825 2675; baseline 0.011 -34"><span class='ocrx_word' id='word_1_303' title='bbox 241 2590 686 2661; x_wconf 75' lang='grc' dir='ltr'>ἑναπομενόντων</span> <span class='ocrx_word' id='word_1_304' title='bbox 722 2594 831 2665; x_wconf 69' lang='grc'>(28)</span> <span class='ocrx_word' id='word_1_305' title='bbox 868 2599 931 2666; x_wconf 82' lang='grc' dir='ltr'>τῇ</span> <span class='ocrx_word' id='word_1_306' title='bbox 980 2597 1222 2671; x_wconf 77' lang='grc' dir='ltr'>διανοίᾳ;</span> <span class='ocrx_word' id='word_1_307' title='bbox 1278 2602 1411 2655; x_wconf 72' lang='grc' dir='ltr'><strong>Οὐδὲ</strong></span> <span class='ocrx_word' id='word_1_308' title='bbox 1464 2603 1569 2675; x_wconf 79' lang='grc' dir='ltr'>γὰρ</span> <span class='ocrx_word' id='word_1_309' title='bbox 1606 2605 1825 2658; x_wconf 78' lang='grc' dir='ltr'>ἐπειδάν</span> 
     </span>
    </p>
   </div>
   <div class='ocr_carea' id='block_1_44' title="bbox 244 2682 1824 2766">
    <p class='ocr_par' dir='ltr' id='par_1_44' title="bbox 244 2682 1824 2766">
     <span class='ocr_line' id='line_1_44' title="bbox 244 2682 1824 2766; baseline 0.009 -33"><span class='ocrx_word' id='word_1_310' title='bbox 244 2698 375 2735; x_wconf 79' lang='grc' dir='ltr'>ποτε</span> <span class='ocrx_word' id='word_1_311' title='bbox 426 2682 635 2752; x_wconf 77' lang='grc' dir='ltr'>ψευδῶν</span> <span class='ocrx_word' id='word_1_312' title='bbox 671 2688 951 2753; x_wconf 78' lang='grc' dir='ltr'>παντελῶς</span> <span class='ocrx_word' id='word_1_313' title='bbox 1000 2691 1094 2743; x_wconf 74' lang='grc' dir='ltr'><strong>καὶ</strong></span> <span class='ocrx_word' id='word_1_314' title='bbox 1133 2691 1394 2745; x_wconf 82' lang='grc' dir='ltr'>διακένων</span> <span class='ocrx_word' id='word_1_315' title='bbox 1435 2694 1824 2766; x_wconf 82' lang='grc' dir='ltr'>ἀναπλασμῶν,</span> 
     </span>
    </p>
   </div>
   <div class='ocr_carea' id='block_1_45' title="bbox 244 2773 1827 2855">
    <p class='ocr_par' dir='ltr' id='par_1_45' title="bbox 244 2773 1827 2855">
     <span class='ocr_line' id='line_1_45' title="bbox 244 2773 1827 2855; baseline 0.009 -29"><span class='ocrx_word' id='word_1_316' title='bbox 244 2773 279 2845; x_wconf 80' lang='grc' dir='ltr'>ἢ</span> <span class='ocrx_word' id='word_1_317' title='bbox 313 2777 370 2827; x_wconf 82' lang='grc' dir='ltr'>ὲν</span> <span class='ocrx_word' id='word_1_318' title='bbox 416 2779 535 2841; x_wconf 80' lang='grc' dir='ltr'>ταῖς</span> <span class='ocrx_word' id='word_1_319' title='bbox 567 2778 687 2831; x_wconf 80' lang='grc' dir='ltr'>καθ’</span> <span class='ocrx_word' id='word_1_320' title='bbox 734 2779 899 2833; x_wconf 75' lang='grc' dir='ltr'>ὕπνον</span> <span class='ocrx_word' id='word_1_321' title='bbox 933 2783 1343 2855; x_wconf 80' lang='grc' dir='ltr'>φαντασίαις,ἢ</span> <span class='ocrx_word' id='word_1_322' title='bbox 1394 2785 1566 2849; x_wconf 75' lang='grc' dir='ltr'>ἄλλως</span> <span class='ocrx_word' id='word_1_323' title='bbox 1611 2789 1669 2839; x_wconf 83' lang='grc' dir='ltr'><strong>ὲν</strong></span> <span class='ocrx_word' id='word_1_324' title='bbox 1715 2790 1827 2851; x_wconf 79' lang='grc' dir='ltr'>τοῖς</span> 
     </span>
    </p>
   </div>
   <div class='ocr_carea' id='block_1_46' title="bbox 250 2870 1824 2950">
    <p class='ocr_par' dir='ltr' id='par_1_46' title="bbox 250 2870 1824 2950">
     <span class='ocr_line' id='line_1_46' title="bbox 250 2870 1824 2950; baseline 0.008 -30"><span class='ocrx_word' id='word_1_325' title='bbox 250 2870 503 2940; x_wconf 73' lang='grc' dir='ltr'>ματαίοις</span> <span class='ocrx_word' id='word_1_326' title='bbox 551 2872 644 2924; x_wconf 89' lang='grc' dir='ltr'><strong>τοῦ</strong></span> <span class='ocrx_word' id='word_1_327' title='bbox 697 2873 788 2926; x_wconf 89' lang='grc' dir='ltr'><strong>νοῦ</strong></span> <span class='ocrx_word' id='word_1_328' title='bbox 846 2876 1139 2947; x_wconf 86' lang='grc' dir='ltr'>κινήμασιν</span> <span class='ocrx_word' id='word_1_329' title='bbox 1181 2879 1214 2949; x_wconf 78' lang='grc' dir='ltr'><strong>η</strong></span> <span class='ocrx_word' id='word_1_330' title='bbox 1259 2879 1404 2949; x_wconf 78' lang='grc' dir='ltr'>ψυχὴ</span> <span class='ocrx_word' id='word_1_331' title='bbox 1458 2879 1824 2950; x_wconf 79' lang='grc' dir='ltr'>πληρωθεῖσα,</span> 
     </span>
    </p>
   </div>
   <div class='ocr_carea' id='block_1_47' title="bbox 248 2964 1826 3041">
    <p class='ocr_par' dir='ltr' id='par_1_47' title="bbox 248 2964 1826 3041">
     <span class='ocr_line' id='line_1_47' title="bbox 248 2964 1826 3041; baseline 0.008 -29"><span class='ocrx_word' id='word_1_332' title='bbox 248 2964 647 3036; x_wconf 82' lang='grc' dir='ltr'>παρακατάσχῃ</span> <span class='ocrx_word' id='word_1_333' title='bbox 688 2968 753 3035; x_wconf 80' lang='grc' dir='ltr'><strong>τῇ</strong></span> <span class='ocrx_word' id='word_1_334' title='bbox 795 2969 1001 3036; x_wconf 78' lang='grc' dir='ltr'>μνήμῃ,</span> <span class='ocrx_word' id='word_1_335' title='bbox 1050 2964 1167 3020; x_wconf 83' lang='grc' dir='ltr'>εἶτα</span> <span class='ocrx_word' id='word_1_336' title='bbox 1199 2968 1286 3021; x_wconf 80' lang='grc' dir='ltr'>διὰ</span> <span class='ocrx_word' id='word_1_337' title='bbox 1308 2970 1404 3038; x_wconf 83' lang='grc' dir='ltr'>τῆς</span> <span class='ocrx_word' id='word_1_338' title='bbox 1439 2972 1621 3041; x_wconf 80' lang='grc' dir='ltr'>φωνῆς</span> <span class='ocrx_word' id='word_1_339' title='bbox 1667 2970 1826 3041; x_wconf 75' lang='grc' dir='ltr'>ἔξαγ-</span> 
     </span>
    </p>
   </div>
   <div class='ocr_carea' id='block_1_48' title="bbox 250 3053 1832 3134">
    <p class='ocr_par' dir='ltr' id='par_1_48' title="bbox 250 3053 1832 3134">
     <span class='ocr_line' id='line_1_48' title="bbox 250 3053 1832 3134; baseline 0.008 -30"><span class='ocrx_word' id='word_1_340' title='bbox 250 3053 430 3121; x_wconf 82' lang='grc' dir='ltr'>γεῖλαι</span> <span class='ocrx_word' id='word_1_341' title='bbox 464 3055 781 3126; x_wconf 83' lang='grc' dir='ltr'>προέληται,</span> <span class='ocrx_word' id='word_1_342' title='bbox 820 3057 955 3127; x_wconf 90' lang='grc' dir='ltr'>ὁμοῦ</span> <span class='ocrx_word' id='word_1_343' title='bbox 1004 3057 1083 3129; x_wconf 79' lang='grc' dir='ltr'><strong>τῷ</strong></span> <span class='ocrx_word' id='word_1_344' title='bbox 1122 3061 1499 3130; x_wconf 84' lang='grc' dir='ltr'>προενεχθέντι</span> <span class='ocrx_word' id='word_1_345' title='bbox 1533 3062 1674 3134; x_wconf 87' lang='grc' dir='ltr'>λόγῳ</span> <span class='ocrx_word' id='word_1_346' title='bbox 1711 3082 1832 3119; x_wconf 83' lang='grc' dir='ltr'>συν-</span> 
     </span>
    </p>
   </div>
   <div class='ocr_carea' id='block_1_49' title="bbox 252 3145 1829 3228">
    <p class='ocr_par' dir='ltr' id='par_1_49' title="bbox 252 3145 1829 3228">
     <span class='ocr_line' id='line_1_49' title="bbox 252 3145 1829 3228; baseline 0.01 -32"><span class='ocrx_word' id='word_1_347' title='bbox 252 3145 524 3215; x_wconf 81' lang='grc' dir='ltr'>ηφανίσθη</span> <span class='ocrx_word' id='word_1_348' title='bbox 572 3148 663 3198; x_wconf 75' lang='grc' dir='ltr'>καὶ</span> <span class='ocrx_word' id='word_1_349' title='bbox 708 3150 775 3200; x_wconf 78' lang='grc' dir='ltr'>τὰ</span> <span class='ocrx_word' id='word_1_350' title='bbox 811 3152 1168 3221; x_wconf 79' lang='grc' dir='ltr'>φαντάσματα</span> <span class='ocrx_word' id='word_1_351' title='bbox 1223 3154 1426 3208; x_wconf 88' lang='grc' dir='ltr'>Πολλοῦ</span> <span class='ocrx_word' id='word_1_352' title='bbox 1454 3157 1561 3228; x_wconf 85' lang='grc' dir='ltr'>γὰρ</span> <span class='ocrx_word' id='word_1_353' title='bbox 1590 3157 1655 3210; x_wconf 83' lang='grc' dir='ltr'>ἂν</span> <span class='ocrx_word' id='word_1_354' title='bbox 1681 3156 1829 3222; x_wconf 82' lang='grc' dir='ltr'>ἄξιον</span> 
     </span>
    </p>
   </div>
   <div class='ocr_carea' id='block_1_50' title="bbox 248 3232 1830 3317">
    <p class='ocr_par' dir='ltr' id='par_1_50' title="bbox 248 3232 1830 3317">
     <span class='ocr_line' id='line_1_50' title="bbox 248 3232 1830 3317; baseline 0.01 -30"><span class='ocrx_word' id='word_1_355' title='bbox 248 3232 318 3307; x_wconf 82' lang='grc' dir='ltr'><strong>ἦν</strong></span> <span class='ocrx_word' id='word_1_356' title='bbox 345 3236 413 3289; x_wconf 74' lang='grc' dir='ltr'>τὰ</span> <span class='ocrx_word' id='word_1_357' title='bbox 441 3236 607 3309; x_wconf 78' lang='grc' dir='ltr'>ψευδῆ</span> <span class='ocrx_word' id='word_1_358' title='bbox 643 3238 841 3306; x_wconf 82' lang='grc' dir='ltr'>λέγειν,</span> <span class='ocrx_word' id='word_1_359' title='bbox 884 3243 1040 3313; x_wconf 75' lang='grc' dir='ltr'>εἴπερ</span> <span class='ocrx_word' id='word_1_360' title='bbox 1073 3246 1104 3313; x_wconf 82' lang='grc' dir='ltr'><strong>η</strong></span> <span class='ocrx_word' id='word_1_361' title='bbox 1140 3244 1299 3311; x_wconf 81' lang='grc' dir='ltr'>φύσις</span> <span class='ocrx_word' id='word_1_362' title='bbox 1328 3247 1420 3300; x_wconf 88' lang='grc' dir='ltr'><strong>τοῦ</strong></span> <span class='ocrx_word' id='word_1_363' title='bbox 1452 3248 1679 3317; x_wconf 70' lang='grc' dir='ltr'>ψεύδους</span> <span class='ocrx_word' id='word_1_364' title='bbox 1716 3253 1830 3314; x_wconf 83' lang='grc' dir='ltr'>τοῖς</span> 
     </span>
    </p>
   </div>
   <div class='ocr_carea' id='block_1_51' title="bbox 253 3329 1830 3409">
    <p class='ocr_par' dir='ltr' id='par_1_51' title="bbox 253 3329 1830 3409">
     <span class='ocr_line' id='line_1_51' title="bbox 253 3329 1830 3409; baseline 0.009 -28"><span class='ocrx_word' id='word_1_365' title='bbox 253 3329 603 3399; x_wconf 81' lang='grc' dir='ltr'>λαλουμένοις</span> <span class='ocrx_word' id='word_1_366' title='bbox 638 3332 1071 3405; x_wconf 81' lang='grc' dir='ltr'>συνδιεφθείρετο</span> <span class='ocrx_word' id='word_1_367' title='bbox 1087 3351 1103 3369; x_wconf 77' lang='grc' dir='ltr'><strong><em>ο</em></strong></span> <span class='ocrx_word' id='word_1_368' title='bbox 1126 3335 1239 3388; x_wconf 78' lang='grc' dir='ltr'>ἀλλ’</span> <span class='ocrx_word' id='word_1_369' title='bbox 1259 3338 1358 3390; x_wconf 82' lang='grc' dir='ltr'><strong>οὐκ</strong></span> <span class='ocrx_word' id='word_1_370' title='bbox 1384 3340 1503 3408; x_wconf 80' lang='grc' dir='ltr'>ἔχον</span> <span class='ocrx_word' id='word_1_371' title='bbox 1528 3342 1641 3392; x_wconf 71' lang='grc' dir='ltr'>ἐστὶ</span> <span class='ocrx_word' id='word_1_372' title='bbox 1671 3342 1830 3409; x_wconf 87' lang='grc' dir='ltr'>φύσιν</span> 
     </span>
    </p>
   </div>
   <div class='ocr_carea' id='block_1_52' title="bbox 252 3423 1834 3502">
    <p class='ocr_par' dir='ltr' id='par_1_52' title="bbox 252 3423 1834 3502">
     <span class='ocr_line' id='line_1_52' title="bbox 252 3423 1834 3502; baseline 0.006 -25"><span class='ocrx_word' id='word_1_373' title='bbox 252 3423 414 3477; x_wconf 87' lang='grc' dir='ltr'>τοῦτό</span> <span class='ocrx_word' id='word_1_374' title='bbox 446 3441 509 3492; x_wconf 89' lang='grc' dir='ltr'><strong>γε</strong></span> <span class='ocrx_word' id='word_1_375' title='bbox 556 3424 686 3494; x_wconf 74' lang='grc'>(29).</span> <span class='ocrx_word' id='word_1_376' title='bbox 737 3426 1055 3481; x_wconf 84' lang='grc' dir='ltr'>’Υπόλοιπον</span> <span class='ocrx_word' id='word_1_377' title='bbox 1085 3428 1127 3481; x_wconf 84' lang='grc' dir='ltr'>δ’</span> <span class='ocrx_word' id='word_1_378' title='bbox 1161 3428 1226 3482; x_wconf 82' lang='grc' dir='ltr'>ἂν</span> <span class='ocrx_word' id='word_1_379' title='bbox 1259 3430 1340 3502; x_wconf 72' lang='grc' dir='ltr'><strong>εἴη</strong></span> <span class='ocrx_word' id='word_1_380' title='bbox 1386 3430 1680 3495; x_wconf 83' lang='grc' dir='ltr'>δεικνύναι,</span> <span class='ocrx_word' id='word_1_381' title='bbox 1716 3435 1834 3497; x_wconf 91' lang='grc' dir='ltr'><strong>πῶς</strong></span> 
     </span>
    </p>
   </div>
   <div class='ocr_carea' id='block_1_53' title="bbox 259 3516 1836 3596">
    <p class='ocr_par' dir='ltr' id='par_1_53' title="bbox 259 3516 1836 3596">
     <span class='ocr_line' id='line_1_53' title="bbox 259 3516 1836 3596; baseline 0.008 -30"><span class='ocrx_word' id='word_1_382' title='bbox 259 3516 360 3585; x_wconf 83' lang='grc' dir='ltr'>μὲν</span> <span class='ocrx_word' id='word_1_383' title='bbox 395 3516 428 3587; x_wconf 81' lang='grc' dir='ltr'><strong>ἡ</strong></span> <span class='ocrx_word' id='word_1_384' title='bbox 477 3516 752 3587; x_wconf 81' lang='grc' dir='ltr'>συνήθεια,</span> <span class='ocrx_word' id='word_1_385' title='bbox 789 3518 882 3570; x_wconf 69' lang='grc' dir='ltr'>καὶ</span> <span class='ocrx_word' id='word_1_386' title='bbox 923 3519 1014 3573; x_wconf 70' lang='grc' dir='ltr'>ἐπὶ</span> <span class='ocrx_word' id='word_1_387' title='bbox 1042 3520 1211 3573; x_wconf 86' lang='grc' dir='ltr'>ποίων</span> <span class='ocrx_word' id='word_1_388' title='bbox 1240 3523 1581 3593; x_wconf 85' lang='grc' dir='ltr'>πραγμάτων</span> <span class='ocrx_word' id='word_1_389' title='bbox 1614 3527 1678 3596; x_wconf 81' lang='grc' dir='ltr'>τῇ</span> <span class='ocrx_word' id='word_1_390' title='bbox 1712 3524 1836 3577; x_wconf 81' lang='grc' dir='ltr'>ἐπι-</span> 
     </span>
    </p>
   </div>
   <div class='ocr_carea' id='block_1_54' title="bbox 256 3609 1837 3689">
    <p class='ocr_par' dir='ltr' id='par_1_54' title="bbox 256 3609 1837 3689">
     <span class='ocr_line' id='line_1_54' title="bbox 256 3609 1837 3689; baseline 0.003 -25"><span class='ocrx_word' id='word_1_391' title='bbox 256 3609 396 3675; x_wconf 73' lang='grc' dir='ltr'>νοίᾳ</span> <span class='ocrx_word' id='word_1_392' title='bbox 430 3610 626 3680; x_wconf 78' lang='grc' dir='ltr'>χρῆται</span> <span class='ocrx_word' id='word_1_393' title='bbox 646 3625 660 3639; x_wconf 81' lang='lat'><strong><em>°</em></strong></span> <span class='ocrx_word' id='word_1_394' title='bbox 697 3611 813 3675; x_wconf 88' lang='grc' dir='ltr'><strong>πῶς</strong></span> <span class='ocrx_word' id='word_1_395' title='bbox 837 3611 893 3664; x_wconf 82' lang='grc' dir='ltr'>δὲ</span> <span class='ocrx_word' id='word_1_396' title='bbox 921 3613 985 3666; x_wconf 85' lang='grc' dir='ltr'>τὰ</span> <span class='ocrx_word' id='word_1_397' title='bbox 1010 3612 1126 3667; x_wconf 81' lang='grc' dir='ltr'>θεῖα</span> <span class='ocrx_word' id='word_1_398' title='bbox 1154 3614 1309 3682; x_wconf 83' lang='grc' dir='ltr'>λόγια</span> <span class='ocrx_word' id='word_1_399' title='bbox 1340 3615 1435 3687; x_wconf 76' lang='grc' dir='ltr'>τὴν</span> <span class='ocrx_word' id='word_1_400' title='bbox 1453 3618 1644 3688; x_wconf 79' lang='grc' dir='ltr'>χρῆσιν</span> <span class='ocrx_word' id='word_1_401' title='bbox 1670 3618 1837 3689; x_wconf 78' lang='grc' dir='ltr'>αὐτῆς</span> 
     </span>
    </p>
   </div>
   <div class='ocr_carea' id='block_1_55' title="bbox 259 3689 1833 3782">
    <p class='ocr_par' dir='ltr' id='par_1_55' title="bbox 259 3689 1833 3782">
     <span class='ocr_line' id='line_1_55' title="bbox 259 3689 1833 3782; baseline 0.006 -29"><span class='ocrx_word' id='word_1_402' title='bbox 259 3702 615 3771; x_wconf 79' lang='grc' dir='ltr'>παρεδέξατο.</span> <span class='ocrx_word' id='word_1_403' title='bbox 666 3704 909 3775; x_wconf 82' lang='grc' dir='ltr'>Ὀρῶμεν</span> <span class='ocrx_word' id='word_1_404' title='bbox 956 3706 1152 3769; x_wconf 77' lang='grc' dir='ltr'>τοίνυν,</span> <span class='ocrx_word' id='word_1_405' title='bbox 1189 3689 1271 3760; x_wconf 67' lang='grc' dir='ltr'>ὅτι</span> <span class='ocrx_word' id='word_1_406' title='bbox 1314 3708 1370 3761; x_wconf 78' lang='grc' dir='ltr'>ἐν</span> <span class='ocrx_word' id='word_1_407' title='bbox 1422 3710 1519 3779; x_wconf 79' lang='grc' dir='ltr'><strong>μὲν</strong></span> <span class='ocrx_word' id='word_1_408' title='bbox 1562 3712 1627 3779; x_wconf 76' lang='grc' dir='ltr'>τῇ</span> <span class='ocrx_word' id='word_1_409' title='bbox 1682 3714 1833 3782; x_wconf 80' lang='grc' dir='ltr'>κοινῇ</span> 
     </span>
    </p>
   </div>
   <div class='ocr_carea' id='block_1_56' title="bbox 259 3793 1837 3864">
    <p class='ocr_par' dir='ltr' id='par_1_56' title="bbox 259 3793 1837 3864">
     <span class='ocr_line' id='line_1_56' title="bbox 259 3793 1837 3864; baseline -0.006 -3"><span class='ocrx_word' id='word_1_410' title='bbox 259 3794 455 3863; x_wconf 73' lang='grc' dir='ltr'>χρὴπει</span> <span class='ocrx_word' id='word_1_411' title='bbox 488 3793 555 3846; x_wconf 72' lang='grc' dir='ltr'>τά</span> <span class='ocrx_word' id='word_1_412' title='bbox 592 3796 711 3856; x_wconf 83' lang='grc' dir='ltr'>ταῖς</span> <span class='ocrx_word' id='word_1_413' title='bbox 743 3793 965 3864; x_wconf 84' lang='grc' dir='ltr'>ἁθρόαις</span> <span class='ocrx_word' id='word_1_414' title='bbox 997 3797 1271 3859; x_wconf 75' lang='grc' dir='ltr'>ἐπιϐολαῖς</span> <span class='ocrx_word' id='word_1_415' title='bbox 1313 3799 1405 3851; x_wconf 87' lang='grc' dir='ltr'><strong>τοῦ</strong></span> <span class='ocrx_word' id='word_1_416' title='bbox 1449 3799 1536 3851; x_wconf 89' lang='grc' dir='ltr'><strong>νοῦ</strong></span> <span class='ocrx_word' id='word_1_417' title='bbox 1572 3799 1718 3852; x_wconf 82' lang='grc' dir='ltr'>ἁπλᾶ</span> <span class='ocrx_word' id='word_1_418' title='bbox 1746 3800 1837 3852; x_wconf 84' lang='grc' dir='ltr'>δο-</span> 
     </span>
    </p>
   </div>
   <div class='ocr_carea' id='block_1_57' title="bbox 262 3880 1839 3957">
    <p class='ocr_par' dir='ltr' id='par_1_57' title="bbox 262 3880 1839 3957">
     <span class='ocr_line' id='line_1_57' title="bbox 262 3880 1839 3957; baseline 0.004 -20"><span class='ocrx_word' id='word_1_419' title='bbox 262 3882 463 3937; x_wconf 80' lang='grc' dir='ltr'>κοῦντα</span> <span class='ocrx_word' id='word_1_420' title='bbox 494 3880 631 3937; x_wconf 71' lang='grc' dir='ltr'>εἶναι</span> <span class='ocrx_word' id='word_1_421' title='bbox 665 3886 756 3939; x_wconf 69' lang='grc' dir='ltr'><strong>καὶ</strong></span> <span class='ocrx_word' id='word_1_422' title='bbox 799 3886 1028 3957; x_wconf 70' lang='grc' dir='ltr'>μοναχά,</span> <span class='ocrx_word' id='word_1_423' title='bbox 1078 3891 1197 3951; x_wconf 79' lang='grc' dir='ltr'>ταῖς</span> <span class='ocrx_word' id='word_1_424' title='bbox 1242 3888 1296 3941; x_wconf 82' lang='grc' dir='ltr'>δὲ</span> <span class='ocrx_word' id='word_1_425' title='bbox 1329 3889 1471 3942; x_wconf 78' lang='grc' dir='ltr'>κατὰ</span> <span class='ocrx_word' id='word_1_426' title='bbox 1522 3890 1715 3943; x_wconf 75' lang='grc' dir='ltr'>λεπτὸν</span> <span class='ocrx_word' id='word_1_427' title='bbox 1756 3891 1839 3955; x_wconf 78' lang='grc' dir='ltr'><strong>ἐξ-</strong></span> 
     </span>
    </p>
   </div>
   <div class='ocr_carea' id='block_1_58' title="bbox 261 3974 1839 4051">
    <p class='ocr_par' dir='ltr' id='par_1_58' title="bbox 261 3974 1839 4051">
     <span class='ocr_line' id='line_1_58' title="bbox 261 3974 1839 4051; baseline 0.004 -25"><span class='ocrx_word' id='word_1_428' title='bbox 261 3974 484 4029; x_wconf 74' lang='grc' dir='ltr'>ετάσεσι</span> <span class='ocrx_word' id='word_1_429' title='bbox 516 3977 732 4029; x_wconf 83' lang='grc' dir='ltr'>ποικίλα</span> <span class='ocrx_word' id='word_1_430' title='bbox 766 3980 1083 4049; x_wconf 88' lang='grc' dir='ltr'>φαινόμενα,</span> <span class='ocrx_word' id='word_1_431' title='bbox 1104 3980 1198 4030; x_wconf 76' lang='grc' dir='ltr'><strong>καὶ</strong></span> <span class='ocrx_word' id='word_1_432' title='bbox 1230 3980 1398 4033; x_wconf 83' lang='grc' dir='ltr'>πολλὰ</span> <span class='ocrx_word' id='word_1_433' title='bbox 1423 3980 1534 4051; x_wconf 80' lang='grc'>(50)</span> <span class='ocrx_word' id='word_1_434' title='bbox 1564 3980 1735 4034; x_wconf 88' lang='grc' dir='ltr'>ταῦτα</span> <span class='ocrx_word' id='word_1_435' title='bbox 1762 3980 1839 4051; x_wconf 87' lang='grc' dir='ltr'>τῷ</span> 
     </span>
    </p>
   </div>
   <div class='ocr_carea' id='block_1_59' title="bbox 259 4066 1837 4145">
    <p class='ocr_par' dir='ltr' id='par_1_59' title="bbox 259 4066 1837 4145">
     <span class='ocr_line' id='line_1_59' title="bbox 259 4066 1837 4145; baseline 0.006 -25"><span class='ocrx_word' id='word_1_436' title='bbox 259 4066 340 4135; x_wconf 83' lang='grc' dir='ltr'>νῷ</span> <span class='ocrx_word' id='word_1_437' title='bbox 372 4066 743 4137; x_wconf 86' lang='grc' dir='ltr'>διαιρούμενα,</span> <span class='ocrx_word' id='word_1_438' title='bbox 776 4070 987 4141; x_wconf 74' lang='grc' dir='ltr'>ἐπινοίᾳ</span> <span class='ocrx_word' id='word_1_439' title='bbox 1018 4071 1153 4144; x_wconf 80' lang='grc' dir='ltr'>μόνῃ</span> <span class='ocrx_word' id='word_1_440' title='bbox 1187 4070 1430 4143; x_wconf 85' lang='grc' dir='ltr'>διαιρετὰ</span> <span class='ocrx_word' id='word_1_441' title='bbox 1469 4072 1681 4141; x_wconf 83' lang='grc' dir='ltr'>λέγεται</span> <span class='ocrx_word' id='word_1_442' title='bbox 1704 4073 1837 4145; x_wconf 81' lang='grc'>(51).</span> 
     </span>
    </p>
   </div>
   <div class='ocr_carea' id='block_1_60' title="bbox 359 4238 1835 4309">
    <p class='ocr_par' dir='ltr' id='par_1_60' title="bbox 359 4238 1835 4309">
     <span class='ocr_line' id='line_1_60' title="bbox 359 4238 1835 4309; baseline 0.004 -16"><span class='ocrx_word' id='word_1_443' title='bbox 359 4238 450 4309; x_wconf 73' lang='grc'><strong>26)</strong></span> <span class='ocrx_word' id='word_1_444' title='bbox 478 4239 652 4295; x_wconf 85' lang='lat' dir='ltr'><strong>Editio</strong></span> <span class='ocrx_word' id='word_1_445' title='bbox 689 4242 755 4294; x_wconf 87' lang='lat' dir='ltr'><strong>Pa</strong></span> <span class='ocrx_word' id='word_1_446' title='bbox 768 4244 859 4297; x_wconf 87' lang='lat' dir='ltr'><strong>ris.</strong></span> <span class='ocrx_word' id='word_1_447' title='bbox 883 4244 1070 4297; x_wconf 73' lang='grc' dir='ltr'>οὐσίαν</span> <span class='ocrx_word' id='word_1_448' title='bbox 1097 4241 1231 4297; x_wconf 80' lang='grc' dir='ltr'>εἶναι</span> <span class='ocrx_word' id='word_1_449' title='bbox 1259 4243 1351 4297; x_wconf 83' lang='grc' dir='ltr'><strong>τοῦ</strong></span> <span class='ocrx_word' id='word_1_450' title='bbox 1386 4244 1541 4300; x_wconf 89' lang='grc' dir='ltr'>Θεοῦ.</span> <span class='ocrx_word' id='word_1_451' title='bbox 1570 4245 1835 4308; x_wconf 74' lang='grc' dir='ltr'>111υι1,τοῦ</span> 
     </span>
    </p>
   </div>
   <div class='ocr_carea' id='block_1_61' title="bbox 264 4310 1837 4375">
    <p class='ocr_par' dir='ltr' id='par_1_61' title="bbox 264 4310 1837 4375">
     <span class='ocr_line' id='line_1_61' title="bbox 264 4310 1837 4375; baseline 0.003 -11"><span class='ocrx_word' id='word_1_452' title='bbox 264 4310 426 4375; x_wconf 84' lang='grc' dir='ltr'>Θεοῦ,</span> <span class='ocrx_word' id='word_1_453' title='bbox 457 4313 604 4365; x_wconf 85' lang='lat' dir='ltr'><strong>deest</strong></span> <span class='ocrx_word' id='word_1_454' title='bbox 628 4313 675 4361; x_wconf 90' lang='lat' dir='ltr'><strong>in</strong></span> <span class='ocrx_word' id='word_1_455' title='bbox 710 4328 840 4365; x_wconf 84' lang='lat' dir='ltr'><strong>mss.</strong></span> <span class='ocrx_word' id='word_1_456' title='bbox 867 4326 920 4366; x_wconf 78' lang='lat' dir='ltr'><strong>et</strong></span> <span class='ocrx_word' id='word_1_457' title='bbox 948 4319 996 4367; x_wconf 92' lang='lat' dir='ltr'><strong>iu</strong></span> <span class='ocrx_word' id='word_1_458' title='bbox 1029 4316 1261 4370; x_wconf 81' lang='lat' dir='ltr'><strong>editimie</strong></span> <span class='ocrx_word' id='word_1_459' title='bbox 1299 4316 1428 4370; x_wconf 87' lang='lat' dir='ltr'><strong>Ven.</strong></span> <span class='ocrx_word' id='word_1_460' title='bbox 1461 4317 1638 4372; x_wconf 79' lang='lat' dir='ltr'><strong>Nolim</strong></span> <span class='ocrx_word' id='word_1_461' title='bbox 1659 4330 1837 4371; x_wconf 84' lang='lat' dir='ltr'><strong>tamen</strong></span> 
     </span>
    </p>
   </div>
   <div class='ocr_carea' id='block_1_62' title="bbox 267 4382 1546 4449">
    <p class='ocr_par' dir='ltr' id='par_1_62' title="bbox 267 4382 1546 4449">
     <span class='ocr_line' id='line_1_62' title="bbox 267 4382 1546 4449; baseline 0.009 -21"><span class='ocrx_word' id='word_1_462' title='bbox 267 4392 649 4449; x_wconf 74' lang='lat' dir='ltr'><strong>expuitgaulur</strong></span> <span class='ocrx_word' id='word_1_463' title='bbox 677 4382 756 4433; x_wconf 71' lang='lat' dir='ltr'><strong>lttP.</strong></span> <span class='ocrx_word' id='word_1_464' title='bbox 781 4398 961 4445; x_wconf 73' lang='lat' dir='ltr'><strong>voces,</strong></span> <span class='ocrx_word' id='word_1_465' title='bbox 1001 4386 1100 4437; x_wconf 86' lang='lat' dir='ltr'><strong>nisi</strong></span> <span class='ocrx_word' id='word_1_466' title='bbox 1134 4387 1546 4439; x_wconf 76' lang='lat' dir='ltr'><strong>suliaudiautur.</strong></span> 
     </span>
    </p>
   </div>
   <div class='ocr_carea' id='block_1_63' title="bbox 347 4452 1916 4544">
    <p class='ocr_par' dir='ltr' id='par_1_63' title="bbox 347 4452 1916 4544">
     <span class='ocr_line' id='line_1_63' title="bbox 347 4452 1916 4544; baseline 0.004 -41"><span class='ocrx_word' id='word_1_467' title='bbox 347 4452 643 4544; x_wconf 50' lang='lat' dir='ltr'><strong>£2?)_iieg::</strong></span> <span class='ocrx_word' id='word_1_468' title='bbox 684 4455 871 4544; x_wconf 66' lang='lat' dir='ltr'><strong>tertius</strong></span> <span class='ocrx_word' id='word_1_469' title='bbox 916 4456 1131 4544; x_wconf 57' lang='grc' dir='ltr'>ὲπινοίςι</span> <span class='ocrx_word' id='word_1_470' title='bbox 1174 4455 1498 4538; x_wconf 59' lang='grc' dir='ltr'><strong>θεωρητέονἶ</strong></span> <span class='ocrx_word' id='word_1_471' title='bbox 1525 4455 1683 4544; x_wconf 70' lang='grc' dir='ltr'><strong>¹(ἷιιιη</strong></span> <span class='ocrx_word' id='word_1_472' title='bbox 1734 4471 1835 4510; x_wconf 79' lang='lat' dir='ltr'><strong>vox</strong></span> <span class='ocrx_word' id='word_1_473' title='bbox 1871 4487 1916 4544; x_wconf 71' lang='grc' dir='ltr'><strong>ι)</strong></span> 
     </span>
    </p>
   </div>
   <div class='ocr_carea' id='block_1_64' title="bbox 271 4522 1836 4589">
    <p class='ocr_par' dir='ltr' id='par_1_64' title="bbox 271 4522 1836 4589">
     <span class='ocr_line' id='line_1_64' title="bbox 271 4522 1836 4589; baseline 0.003 -14"><span class='ocrx_word' id='word_1_474' title='bbox 271 4522 490 4575; x_wconf 72' lang='grc' dir='ltr'>ἐπίνοια</span> <span class='ocrx_word' id='word_1_475' title='bbox 517 4523 713 4588; x_wconf 58' lang='lat' dir='ltr'><strong>sepius</strong></span> <span class='ocrx_word' id='word_1_476' title='bbox 742 4536 1014 4584; x_wconf 81' lang='lat' dir='ltr'><strong>occurrat.</strong></span> <span class='ocrx_word' id='word_1_477' title='bbox 1062 4522 1296 4580; x_wconf 67' lang='lat' dir='ltr'><strong>alienum</strong></span> <span class='ocrx_word' id='word_1_478' title='bbox 1321 4522 1423 4578; x_wconf 81' lang='lat' dir='ltr'><strong>non</strong></span> <span class='ocrx_word' id='word_1_479' title='bbox 1453 4528 1684 4589; x_wconf 85' lang='lat' dir='ltr'><strong>videtur,</strong></span> <span class='ocrx_word' id='word_1_480' title='bbox 1716 4541 1836 4579; x_wconf 88' lang='lat' dir='ltr'><strong>eam</strong></span> 
     </span>
    </p>
   </div>
   <div class='ocr_carea' id='block_1_65' title="bbox 272 4594 1844 4665">
    <p class='ocr_par' dir='ltr' id='par_1_65' title="bbox 272 4594 1844 4665">
     <span class='ocr_line' id='line_1_65' title="bbox 272 4594 1844 4665; baseline 0.004 -23"><span class='ocrx_word' id='word_1_481' title='bbox 272 4594 471 4665; x_wconf 72' lang='lat' dir='ltr'><strong>paucis</strong></span> <span class='ocrx_word' id='word_1_482' title='bbox 493 4594 781 4659; x_wconf 78' lang='lat' dir='ltr'><strong>explicare.</strong></span> <span class='ocrx_word' id='word_1_483' title='bbox 820 4594 981 4665; x_wconf 84' lang='lat' dir='ltr'><strong>Igitur</strong></span> <span class='ocrx_word' id='word_1_484' title='bbox 1009 4610 1137 4649; x_wconf 70' lang='lat' dir='ltr'><strong>vove</strong></span> <span class='ocrx_word' id='word_1_485' title='bbox 1176 4596 1388 4649; x_wconf 74' lang='grc' dir='ltr'>ἐπίνοια</span> <span class='ocrx_word' id='word_1_486' title='bbox 1424 4597 1718 4649; x_wconf 83' lang='lat' dir='ltr'><strong>Eunomius</strong></span> <span class='ocrx_word' id='word_1_487' title='bbox 1763 4598 1844 4648; x_wconf 89' lang='lat' dir='ltr'><strong>in-</strong></span> 
     </span>
    </p>
   </div>
   <div class='ocr_carea' id='block_1_66' title="bbox 273 4661 1844 4735">
    <p class='ocr_par' dir='ltr' id='par_1_66' title="bbox 273 4661 1844 4735">
     <span class='ocr_line' id='line_1_66' title="bbox 273 4661 1844 4735; baseline 0.001 -19"><span class='ocrx_word' id='word_1_488' title='bbox 273 4661 552 4735; x_wconf 77' lang='lat' dir='ltr'><strong>telligebat</strong></span> <span class='ocrx_word' id='word_1_489' title='bbox 588 4666 781 4718; x_wconf 86' lang='lat' dir='ltr'><strong>mentis</strong></span> <span class='ocrx_word' id='word_1_490' title='bbox 811 4661 1062 4735; x_wconf 53' lang='lat' dir='ltr'><strong>uigilata,</strong></span> <span class='ocrx_word' id='word_1_491' title='bbox 1103 4667 1354 4719; x_wconf 84' lang='lat' dir='ltr'><strong>subtilem</strong></span> <span class='ocrx_word' id='word_1_492' title='bbox 1403 4668 1687 4733; x_wconf 80' lang='lat' dir='ltr'><strong>quamdam</strong></span> <span class='ocrx_word' id='word_1_493' title='bbox 1731 4666 1844 4717; x_wconf 85' lang='lat' dir='ltr'><strong>ani-</strong></span> 
     </span>
    </p>
   </div>
   <div class='ocr_carea' id='block_1_67' title="bbox 275 4733 1846 4799">
    <p class='ocr_par' dir='ltr' id='par_1_67' title="bbox 275 4733 1846 4799">
     <span class='ocr_line' id='line_1_67' title="bbox 275 4733 1846 4799; baseline 0.003 -16"><span class='ocrx_word' id='word_1_494' title='bbox 275 4733 349 4787; x_wconf 87' lang='lat' dir='ltr'><strong>mi</strong></span> <span class='ocrx_word' id='word_1_495' title='bbox 379 4735 800 4799; x_wconf 87' lang='lat' dir='ltr'><strong>perceptionem,</strong></span> <span class='ocrx_word' id='word_1_496' title='bbox 840 4733 946 4788; x_wconf 80' lang='lat' dir='ltr'><strong>uno</strong></span> <span class='ocrx_word' id='word_1_497' title='bbox 975 4738 1159 4793; x_wconf 85' lang='lat' dir='ltr'><strong>verbo,</strong></span> <span class='ocrx_word' id='word_1_498' title='bbox 1206 4738 1345 4789; x_wconf 86' lang='lat' dir='ltr'><strong>hunc</strong></span> <span class='ocrx_word' id='word_1_499' title='bbox 1377 4748 1617 4789; x_wconf 85' lang='lat' dir='ltr'><strong>nostrum</strong></span> <span class='ocrx_word' id='word_1_500' title='bbox 1652 4736 1846 4791; x_wconf 84' lang='lat' dir='ltr'><strong>intelli-</strong></span> 
     </span>
    </p>
   </div>
   <div class='ocr_carea' id='block_1_68' title="bbox 273 4804 1845 4875">
    <p class='ocr_par' dir='ltr' id='par_1_68' title="bbox 273 4804 1845 4875">
     <span class='ocr_line' id='line_1_68' title="bbox 273 4804 1845 4875; baseline 0.001 -19"><span class='ocrx_word' id='word_1_501' title='bbox 273 4804 433 4873; x_wconf 86' lang='lat' dir='ltr'><strong>gendi</strong></span> <span class='ocrx_word' id='word_1_502' title='bbox 465 4804 702 4875; x_wconf 82' lang='lat' dir='ltr'><strong>modum,</strong></span> <span class='ocrx_word' id='word_1_503' title='bbox 738 4821 844 4871; x_wconf 88' lang='lat' dir='ltr'><strong>quo</strong></span> <span class='ocrx_word' id='word_1_504' title='bbox 871 4822 957 4859; x_wconf 80' lang='lat' dir='ltr'><strong>res</strong></span> <span class='ocrx_word' id='word_1_505' title='bbox 999 4808 1363 4875; x_wconf 77' lang='lat' dir='ltr'><strong>metapliysice</strong></span> <span class='ocrx_word' id='word_1_506' title='bbox 1390 4806 1800 4861; x_wconf 86' lang='lat' dir='ltr'><strong>consideramus</strong></span> <span class='ocrx_word' id='word_1_507' title='bbox 1831 4821 1845 4857; x_wconf 86' lang='lat'><strong>:</strong></span> 
     </span>
    </p>
   </div>
   <div class='ocr_carea' id='block_1_69' title="bbox 274 4873 1850 4946">
    <p class='ocr_par' dir='ltr' id='par_1_69' title="bbox 274 4873 1850 4946">
     <span class='ocr_line' id='line_1_69' title="bbox 274 4873 1850 4946; baseline 0.004 -22"><span class='ocrx_word' id='word_1_508' title='bbox 274 4888 440 4944; x_wconf 90' lang='lat' dir='ltr'><strong>quam</strong></span> <span class='ocrx_word' id='word_1_509' title='bbox 478 4873 717 4925; x_wconf 87' lang='lat' dir='ltr'><strong>ultimam</strong></span> <span class='ocrx_word' id='word_1_510' title='bbox 748 4877 1020 4931; x_wconf 89' lang='lat' dir='ltr'><strong>notionem</strong></span> <span class='ocrx_word' id='word_1_511' title='bbox 1062 4873 1301 4930; x_wconf 84' lang='lat' dir='ltr'><strong>omnium</strong></span> <span class='ocrx_word' id='word_1_512' title='bbox 1361 4877 1696 4946; x_wconf 85' lang='lat' dir='ltr'><strong>aptissimam</strong></span> <span class='ocrx_word' id='word_1_513' title='bbox 1729 4892 1850 4931; x_wconf 83' lang='lat' dir='ltr'><strong>esse</strong></span> 
     </span>
    </p>
   </div>
   <div class='ocr_carea' id='block_1_70' title="bbox 277 4945 1852 5013">
    <p class='ocr_par' dir='ltr' id='par_1_70' title="bbox 277 4945 1852 5013">
     <span class='ocr_line' id='line_1_70' title="bbox 277 4945 1852 5013; baseline -0.001 -15"><span class='ocrx_word' id='word_1_514' title='bbox 277 4945 609 5013; x_wconf 85' lang='lat' dir='ltr'><strong>arbitramur</strong></span> <span class='ocrx_word' id='word_1_515' title='bbox 629 4947 694 4995; x_wconf 87' lang='lat' dir='ltr'><strong>ad</strong></span> <span class='ocrx_word' id='word_1_516' title='bbox 730 4946 1113 4999; x_wconf 84' lang='lat' dir='ltr'><strong>declarandum</strong></span> <span class='ocrx_word' id='word_1_517' title='bbox 1150 4946 1306 5013; x_wconf 85' lang='lat' dir='ltr'><strong>hujus</strong></span> <span class='ocrx_word' id='word_1_518' title='bbox 1331 4945 1476 5001; x_wconf 83' lang='lat' dir='ltr'><strong>vocis</strong></span> <span class='ocrx_word' id='word_1_519' title='bbox 1504 4962 1683 5001; x_wconf 89' lang='lat' dir='ltr'><strong>usum.</strong></span> <span class='ocrx_word' id='word_1_520' title='bbox 1710 4947 1852 5013; x_wconf 85' lang='lat' dir='ltr'><strong>Qua-</strong></span> 
     </span>
    </p>
   </div>
   <div class='ocr_carea' id='block_1_71' title="bbox 279 5012 1850 5085">
    <p class='ocr_par' dir='ltr' id='par_1_71' title="bbox 279 5012 1850 5085">
     <span class='ocr_line' id='line_1_71' title="bbox 279 5012 1850 5085; baseline -0.001 -18"><span class='ocrx_word' id='word_1_521' title='bbox 279 5028 493 5081; x_wconf 88' lang='lat' dir='ltr'><strong>cunque</strong></span> <span class='ocrx_word' id='word_1_522' title='bbox 524 5012 682 5085; x_wconf 79' lang='lat' dir='ltr'><strong>igitur</strong></span> <span class='ocrx_word' id='word_1_523' title='bbox 706 5031 836 5068; x_wconf 90' lang='lat' dir='ltr'><strong>voce</strong></span> <span class='ocrx_word' id='word_1_524' title='bbox 876 5019 938 5069; x_wconf 87' lang='lat' dir='ltr'><strong>ad</strong></span> <span class='ocrx_word' id='word_1_525' title='bbox 971 5032 1164 5069; x_wconf 82' lang='lat' dir='ltr'><strong>nomen</strong></span> <span class='ocrx_word' id='word_1_526' title='bbox 1198 5012 1411 5070; x_wconf 81' lang='grc' dir='ltr'>ὲπίνοια</span> <span class='ocrx_word' id='word_1_527' title='bbox 1440 5012 1850 5085; x_wconf 76' lang='lat' dir='ltr'><strong>exprimendum</strong></span> 
     </span>
    </p>
   </div>
   <div class='ocr_carea' id='block_1_72' title="bbox 281 5084 1854 5151">
    <p class='ocr_par' dir='ltr' id='par_1_72' title="bbox 281 5084 1854 5151">
     <span class='ocr_line' id='line_1_72' title="bbox 281 5084 1854 5151; baseline 0 -12"><span class='ocrx_word' id='word_1_528' title='bbox 281 5084 662 5151; x_wconf 76' lang='lat' dir='ltr'><strong>u1amur,ejns</strong></span> <span class='ocrx_word' id='word_1_529' title='bbox 721 5100 880 5149; x_wconf 82' lang='lat' dir='ltr'><strong>quam</strong></span> <span class='ocrx_word' id='word_1_530' title='bbox 942 5088 1177 5141; x_wconf 80' lang='lat' dir='ltr'><strong>diximus</strong></span> <span class='ocrx_word' id='word_1_531' title='bbox 1246 5084 1854 5143; x_wconf 78' lang='lat' dir='ltr'><strong>nctiouisnieminisse</strong></span> 
     </span>
    </p>
   </div>
   <div class='ocr_carea' id='block_1_73' title="bbox 279 5158 844 5223">
    <p class='ocr_par' dir='ltr' id='par_1_73' title="bbox 279 5158 844 5223">
     <span class='ocr_line' id='line_1_73' title="bbox 279 5158 844 5223; baseline -0.004 -14"><span class='ocrx_word' id='word_1_532' title='bbox 279 5170 460 5223; x_wconf 60' lang='lat' dir='ltr'><strong>operte</strong></span> <span class='ocrx_word' id='word_1_533' title='bbox 493 5158 720 5219; x_wconf 86' lang='lat' dir='ltr'><strong>pretium</strong></span> <span class='ocrx_word' id='word_1_534' title='bbox 745 5164 844 5207; x_wconf 84' lang='lat' dir='ltr'><strong>est.</strong></span> 
     </span>
    </p>
   </div>
   <div class='ocr_carea' id='block_1_74' title="bbox 355 5223 1855 5293">
    <p class='ocr_par' dir='ltr' id='par_1_74' title="bbox 355 5223 1855 5293">
     <span class='ocr_line' id='line_1_74' title="bbox 355 5223 1855 5293; baseline 0.003 -17"><span class='ocrx_word' id='word_1_535' title='bbox 355 5225 488 5292; x_wconf 67' lang='grc' dir='ltr'>(ΞΤ)</span> <span class='ocrx_word' id='word_1_536' title='bbox 515 5223 665 5278; x_wconf 88' lang='lat' dir='ltr'><strong>Unus</strong></span> <span class='ocrx_word' id='word_1_537' title='bbox 693 5230 857 5279; x_wconf 74' lang='lat' dir='ltr'><strong>codex</strong></span> <span class='ocrx_word' id='word_1_538' title='bbox 903 5237 991 5280; x_wconf 90' lang='lat' dir='ltr'><strong>ant</strong></span> <span class='ocrx_word' id='word_1_539' title='bbox 1031 5227 1165 5281; x_wconf 88' lang='lat' dir='ltr'><strong>alter</strong></span> <span class='ocrx_word' id='word_1_540' title='bbox 1192 5243 1314 5280; x_wconf 89' lang='lat' dir='ltr'><strong>cum</strong></span> <span class='ocrx_word' id='word_1_541' title='bbox 1359 5237 1586 5293; x_wconf 88' lang='lat' dir='ltr'><strong>utraque</strong></span> <span class='ocrx_word' id='word_1_542' title='bbox 1617 5227 1855 5281; x_wconf 80' lang='lat' dir='ltr'><strong>editiOiie</strong></span> 
     </span>
    </p>
   </div>
   <div class='ocr_carea' id='block_1_75' title="bbox 283 5294 1859 5367">
    <p class='ocr_par' dir='ltr' id='par_1_75' title="bbox 283 5294 1859 5367">
     <span class='ocr_line' id='line_1_75' title="bbox 283 5294 1859 5367; baseline -0.001 -19"><span class='ocrx_word' id='word_1_543' title='bbox 283 5294 490 5367; x_wconf 42' lang='lat' dir='ltr'><strong>migro</strong></span> <span class='ocrx_word' id='word_1_544' title='bbox 516 5298 795 5363; x_wconf 89' lang='grc' dir='ltr'>σημαῖνον,</span> <span class='ocrx_word' id='word_1_545' title='bbox 831 5297 1101 5362; x_wconf 82' lang='lat' dir='ltr'><strong>Quomodo</strong></span> <span class='ocrx_word' id='word_1_546' title='bbox 1131 5299 1182 5348; x_wconf 97' lang='lat' dir='ltr'><strong>id</strong></span> <span class='ocrx_word' id='word_1_547' title='bbox 1239 5300 1376 5367; x_wconf 86' lang='lat' dir='ltr'><strong>quod</strong></span> <span class='ocrx_word' id='word_1_548' title='bbox 1425 5313 1530 5348; x_wconf 84' lang='lat' dir='ltr'><strong>rem</strong></span> <span class='ocrx_word' id='word_1_549' title='bbox 1572 5298 1760 5363; x_wconf 77' lang='lat' dir='ltr'><strong>[uisam</strong></span> <span class='ocrx_word' id='word_1_550' title='bbox 1787 5298 1859 5350; x_wconf 81' lang='lat' dir='ltr'><strong>si-</strong></span> 
     </span>
    </p>
   </div>
   <div class='ocr_carea' id='block_1_76' title="bbox 283 5365 1856 5437">
    <p class='ocr_par' dir='ltr' id='par_1_76' title="bbox 283 5365 1856 5437">
     <span class='ocr_line' id='line_1_76' title="bbox 283 5365 1856 5437; baseline 0 -19"><span class='ocrx_word' id='word_1_551' title='bbox 283 5365 524 5437; x_wconf 80' lang='lat' dir='ltr'><strong>gniﬁcat,</strong></span> <span class='ocrx_word' id='word_1_552' title='bbox 553 5366 711 5437; x_wconf 56' lang='lat' dir='ltr'><strong>sint&quot;!</strong></span> <span class='ocrx_word' id='word_1_553' title='bbox 764 5383 880 5437; x_wconf 74' lang='lat' dir='ltr'><strong>cum</strong></span> <span class='ocrx_word' id='word_1_554' title='bbox 917 5367 1111 5433; x_wconf 70' lang='lat' dir='ltr'><strong>linguis</strong></span> <span class='ocrx_word' id='word_1_555' title='bbox 1143 5365 1270 5421; x_wconf 86' lang='lat' dir='ltr'><strong>sono</strong></span> <span class='ocrx_word' id='word_1_556' title='bbox 1314 5370 1488 5422; x_wconf 80' lang='lat' dir='ltr'><strong>interit</strong></span> <span class='ocrx_word' id='word_1_557' title='bbox 1513 5368 1535 5419; x_wconf 70' lang='grc' dir='ltr'><strong>ἒ)</strong></span> <span class='ocrx_word' id='word_1_558' title='bbox 1564 5367 1665 5420; x_wconf 79' lang='lat' dir='ltr'><strong>Alii</strong></span> <span class='ocrx_word' id='word_1_559' title='bbox 1697 5369 1856 5436; x_wconf 81' lang='lat' dir='ltr'><strong>quiu-</strong></span> 
     </span>
    </p>
   </div>
   <div class='ocr_carea' id='block_1_77' title="bbox 284 5435 1861 5507">
    <p class='ocr_par' dir='ltr' id='par_1_77' title="bbox 284 5435 1861 5507">
     <span class='ocr_line' id='line_1_77' title="bbox 284 5435 1861 5507; baseline -0.001 -18"><span class='ocrx_word' id='word_1_560' title='bbox 284 5435 390 5505; x_wconf 64' lang='lat' dir='ltr'><strong>une</strong></span> <span class='ocrx_word' id='word_1_561' title='bbox 416 5445 545 5488; x_wconf 78' lang='lat' dir='ltr'><strong>nis‘s.</strong></span> <span class='ocrx_word' id='word_1_562' title='bbox 576 5435 703 5507; x_wconf 86' lang='grc' dir='ltr'><strong>πῶς</strong></span> <span class='ocrx_word' id='word_1_563' title='bbox 734 5436 794 5487; x_wconf 86' lang='grc' dir='ltr'><strong>τὸ</strong></span> <span class='ocrx_word' id='word_1_564' title='bbox 845 5440 1263 5507; x_wconf 82' lang='grc' dir='ltr'>σημαινόμενον.</span> <span class='ocrx_word' id='word_1_565' title='bbox 1308 5447 1412 5493; x_wconf 88' lang='lat' dir='ltr'><strong>etc.</strong></span> <span class='ocrx_word' id='word_1_566' title='bbox 1455 5438 1729 5501; x_wconf 83' lang='lat' dir='ltr'><strong>Quomodo</strong></span> <span class='ocrx_word' id='word_1_567' title='bbox 1756 5438 1861 5504; x_wconf 79' lang='lat' dir='ltr'><strong>[ul-</strong></span> 
     </span>
    </p>
   </div>
   <div class='ocr_carea' id='block_1_78' title="bbox 284 5506 1854 5577">
    <p class='ocr_par' dir='ltr' id='par_1_78' title="bbox 284 5506 1854 5577">
     <span class='ocr_line' id='line_1_78' title="bbox 284 5506 1854 5577; baseline -0.001 -17"><span class='ocrx_word' id='word_1_568' title='bbox 284 5522 401 5560; x_wconf 84' lang='lat' dir='ltr'><strong>sum</strong></span> <span class='ocrx_word' id='word_1_569' title='bbox 446 5506 582 5573; x_wconf 87' lang='lat' dir='ltr'><strong>quod</strong></span> <span class='ocrx_word' id='word_1_570' title='bbox 632 5506 992 5576; x_wconf 75' lang='lat' dir='ltr'><strong>signiﬁcatur,</strong></span> <span class='ocrx_word' id='word_1_571' title='bbox 1036 5506 1142 5562; x_wconf 78' lang='lat' dir='ltr'><strong>una</strong></span> <span class='ocrx_word' id='word_1_572' title='bbox 1188 5524 1304 5562; x_wconf 79' lang='lat' dir='ltr'><strong>cum</strong></span> <span class='ocrx_word' id='word_1_573' title='bbox 1342 5508 1532 5577; x_wconf 73' lang='lat' dir='ltr'><strong>lingua:</strong></span> <span class='ocrx_word' id='word_1_574' title='bbox 1586 5523 1714 5560; x_wconf 79' lang='lat' dir='ltr'><strong>sono</strong></span> <span class='ocrx_word' id='word_1_575' title='bbox 1774 5510 1854 5559; x_wconf 83' lang='lat' dir='ltr'><strong>in-</strong></span> 
     </span>
    </p>
   </div>
   <div class='ocr_carea' id='block_1_79' title="bbox 286 5579 445 5632">
    <p class='ocr_par' dir='ltr' id='par_1_79' title="bbox 286 5579 445 5632">
     <span class='ocr_line' id='line_1_79' title="bbox 286 5579 445 5632; baseline -0.013 0"><span class='ocrx_word' id='word_1_576' title='bbox 286 5579 445 5632; x_wconf 78' lang='lat' dir='ltr'><strong>terit?</strong></span> 
     </span>
    </p>
   </div>
   <div class='ocr_carea' id='block_1_80' title="bbox 362 5646 1853 5717">
    <p class='ocr_par' dir='ltr' id='par_1_80' title="bbox 362 5646 1853 5717">
     <span class='ocr_line' id='line_1_80' title="bbox 362 5646 1853 5717; baseline -0.001 -17"><span class='ocrx_word' id='word_1_577' title='bbox 362 5647 453 5715; x_wconf 75' lang='lat'><strong>(‘28</strong></span> <span class='ocrx_word' id='word_1_578' title='bbox 506 5646 679 5717; x_wconf 87' lang='lat' dir='ltr'><strong>Editio</strong></span> <span class='ocrx_word' id='word_1_579' title='bbox 703 5656 931 5715; x_wconf 83' lang='lat' dir='ltr'><strong>utraque</strong></span> <span class='ocrx_word' id='word_1_580' title='bbox 952 5664 1071 5701; x_wconf 91' lang='lat' dir='ltr'><strong>cum</strong></span> <span class='ocrx_word' id='word_1_581' title='bbox 1107 5648 1236 5717; x_wconf 79' lang='lat' dir='ltr'><strong>Reg.</strong></span> <span class='ocrx_word' id='word_1_582' title='bbox 1270 5648 1455 5717; x_wconf 87' lang='lat' dir='ltr'><strong>quinto</strong></span> <span class='ocrx_word' id='word_1_583' title='bbox 1484 5648 1590 5701; x_wconf 89' lang='grc' dir='ltr'><strong>τῶν</strong></span> <span class='ocrx_word' id='word_1_584' title='bbox 1615 5648 1670 5699; x_wconf 82' lang='grc' dir='ltr'>δὲ</span> <span class='ocrx_word' id='word_1_585' title='bbox 1724 5647 1853 5716; x_wconf 69' lang='grc' dir='ltr'>ψευ-</span> 
     </span>
    </p>
   </div>
   <div class='ocr_carea' id='block_1_81' title="bbox 288 5716 1863 5788">
    <p class='ocr_par' dir='ltr' id='par_1_81' title="bbox 288 5716 1863 5788">
     <span class='ocr_line' id='line_1_81' title="bbox 288 5716 1863 5788; baseline 0.001 -18"><span class='ocrx_word' id='word_1_586' title='bbox 288 5717 394 5770; x_wconf 80' lang='grc' dir='ltr'><strong>δῶν</strong></span> <span class='ocrx_word' id='word_1_587' title='bbox 426 5716 702 5787; x_wconf 76' lang='grc' dir='ltr'>ὀνομάτων</span> <span class='ocrx_word' id='word_1_588' title='bbox 755 5716 1211 5788; x_wconf 72' lang='grc' dir='ltr'>ὲναπομενόντων,</span> <span class='ocrx_word' id='word_1_589' title='bbox 1270 5716 1427 5773; x_wconf 83' lang='lat' dir='ltr'><strong>male.</strong></span> <span class='ocrx_word' id='word_1_590' title='bbox 1480 5721 1608 5788; x_wconf 71' lang='lat' dir='ltr'><strong>Reg.</strong></span> <span class='ocrx_word' id='word_1_591' title='bbox 1641 5731 1863 5785; x_wconf 86' lang='lat' dir='ltr'><strong>quartus</strong></span> 
     </span>
    </p>
   </div>
   <div class='ocr_carea' id='block_1_82' title="bbox 292 5788 1859 5859">
    <p class='ocr_par' dir='ltr' id='par_1_82' title="bbox 292 5788 1859 5859">
     <span class='ocr_line' id='line_1_82' title="bbox 292 5788 1859 5859; baseline 0 -18"><span class='ocrx_word' id='word_1_592' title='bbox 292 5788 501 5859; x_wconf 56' lang='grc' dir='ltr'>ψευωη</span> <span class='ocrx_word' id='word_1_593' title='bbox 529 5788 815 5857; x_wconf 82' lang='grc' dir='ltr'>νοημάτων</span> <span class='ocrx_word' id='word_1_594' title='bbox 865 5790 1304 5858; x_wconf 72' lang='grc' dir='ltr'>ὲναπομενόντων</span> <span class='ocrx_word' id='word_1_595' title='bbox 1335 5807 1346 5817; x_wconf 93' lang='grc'><strong>·</strong></span> <span class='ocrx_word' id='word_1_596' title='bbox 1378 5805 1404 5841; x_wconf 86' lang='lat' dir='ltr'><strong>a</strong></span> <span class='ocrx_word' id='word_1_597' title='bbox 1435 5807 1540 5859; x_wconf 75' lang='grc' dir='ltr'>ῳό</span> <span class='ocrx_word' id='word_1_598' title='bbox 1565 5788 1748 5844; x_wconf 83' lang='lat' dir='ltr'><strong>codice</strong></span> <span class='ocrx_word' id='word_1_599' title='bbox 1775 5790 1859 5841; x_wconf 84' lang='lat' dir='ltr'><strong>alii</strong></span> 
     </span>
    </p>
   </div>
   <div class='ocr_carea' id='block_1_83' title="bbox 1920 1966 3484 2039">
    <p class='ocr_par' dir='ltr' id='par_1_83' title="bbox 1920 1966 3484 2039">
     <span class='ocr_line' id='line_1_83' title="bbox 1920 1966 3484 2039; baseline -0.001 -18"><span class='ocrx_word' id='word_1_600' title='bbox 1920 1969 2203 2037; x_wconf 83' lang='lat' dir='ltr'><strong>nugacitas</strong></span> <span class='ocrx_word' id='word_1_601' title='bbox 2238 1968 2499 2039; x_wconf 82' lang='lat' dir='ltr'><strong>appellari</strong></span> <span class='ocrx_word' id='word_1_602' title='bbox 2543 1976 2741 2036; x_wconf 79' lang='lat' dir='ltr'><strong>potest.</strong></span> <span class='ocrx_word' id='word_1_603' title='bbox 2785 1966 2937 2032; x_wconf 86' lang='lat' dir='ltr'><strong>Quod</strong></span> <span class='ocrx_word' id='word_1_604' title='bbox 2972 1968 3014 2021; x_wconf 89' lang='lat' dir='ltr'><strong>si</strong></span> <span class='ocrx_word' id='word_1_605' title='bbox 3058 1966 3384 2021; x_wconf 85' lang='lat' dir='ltr'><strong>concesserit</strong></span> <span class='ocrx_word' id='word_1_606' title='bbox 3408 1967 3484 2020; x_wconf 84' lang='lat' dir='ltr'><strong>si-</strong></span> 
     </span>
    </p>
   </div>
   <div class='ocr_carea' id='block_1_84' title="bbox 1922 2056 3485 2129">
    <p class='ocr_par' dir='ltr' id='par_1_84' title="bbox 1922 2056 3485 2129">
     <span class='ocr_line' id='line_1_84' title="bbox 1922 2056 3485 2129; baseline -0.001 -16"><span class='ocrx_word' id='word_1_607' title='bbox 1922 2059 2172 2129; x_wconf 84' lang='lat' dir='ltr'><strong>gnificari</strong></span> <span class='ocrx_word' id='word_1_608' title='bbox 2224 2061 2440 2128; x_wconf 84' lang='lat' dir='ltr'><strong>quidem</strong></span> <span class='ocrx_word' id='word_1_609' title='bbox 2496 2058 2698 2127; x_wconf 88' lang='lat' dir='ltr'><strong>aliquid</strong></span> <span class='ocrx_word' id='word_1_610' title='bbox 2745 2057 3111 2127; x_wconf 85' lang='lat' dir='ltr'><strong>perceptione,</strong></span> <span class='ocrx_word' id='word_1_611' title='bbox 3163 2058 3254 2110; x_wconf 87' lang='lat' dir='ltr'><strong>sed</strong></span> <span class='ocrx_word' id='word_1_612' title='bbox 3294 2056 3485 2110; x_wconf 80' lang='lat' dir='ltr'><strong>falsum</strong></span> 
     </span>
    </p>
   </div>
   <div class='ocr_carea' id='block_1_85' title="bbox 1921 2147 3486 2218">
    <p class='ocr_par' dir='ltr' id='par_1_85' title="bbox 1921 2147 3486 2218">
     <span class='ocr_line' id='line_1_85' title="bbox 1921 2147 3486 2218; baseline -0.002 -16"><span class='ocrx_word' id='word_1_613' title='bbox 1921 2149 2173 2218; x_wconf 88' lang='lat' dir='ltr'><strong>quiddam</strong></span> <span class='ocrx_word' id='word_1_614' title='bbox 2223 2150 2465 2211; x_wconf 88' lang='lat' dir='ltr'><strong>omnino,</strong></span> <span class='ocrx_word' id='word_1_615' title='bbox 2529 2159 2584 2202; x_wconf 90' lang='lat' dir='ltr'><strong>et</strong></span> <span class='ocrx_word' id='word_1_616' title='bbox 2646 2149 2790 2218; x_wconf 90' lang='lat' dir='ltr'><strong>quod</strong></span> <span class='ocrx_word' id='word_1_617' title='bbox 2834 2163 3025 2203; x_wconf 83' lang='lat' dir='ltr'><strong>revera</strong></span> <span class='ocrx_word' id='word_1_618' title='bbox 3073 2162 3177 2201; x_wconf 90' lang='lat' dir='ltr'><strong>non</strong></span> <span class='ocrx_word' id='word_1_619' title='bbox 3223 2147 3486 2212; x_wconf 76' lang='lat' dir='ltr'><strong>exsistat,</strong></span> 
     </span>
    </p>
   </div>
   <div class='ocr_carea' id='block_1_86' title="bbox 1921 2239 3491 2308">
    <p class='ocr_par' dir='ltr' id='par_1_86' title="bbox 1921 2239 3491 2308">
     <span class='ocr_line' id='line_1_86' title="bbox 1921 2239 3491 2308; baseline 0.003 -17"><span class='ocrx_word' id='word_1_620' title='bbox 1921 2241 2372 2308; x_wconf 90' lang='lat' dir='ltr'><strong>quemadmodum</strong></span> <span class='ocrx_word' id='word_1_621' title='bbox 2405 2240 2457 2292; x_wconf 91' lang='lat' dir='ltr'><strong>in</strong></span> <span class='ocrx_word' id='word_1_622' title='bbox 2483 2239 2782 2294; x_wconf 86' lang='lat' dir='ltr'><strong>fabularum</strong></span> <span class='ocrx_word' id='word_1_623' title='bbox 2809 2240 3128 2294; x_wconf 88' lang='lat' dir='ltr'><strong>commentis</strong></span> <span class='ocrx_word' id='word_1_624' title='bbox 3154 2240 3395 2293; x_wconf 85' lang='lat' dir='ltr'><strong>centauri</strong></span> <span class='ocrx_word' id='word_1_625' title='bbox 3427 2252 3491 2295; x_wconf 83' lang='lat' dir='ltr'><strong>ac</strong></span> 
     </span>
    </p>
   </div>
   <div class='ocr_carea' id='block_1_87' title="bbox 1923 2329 3490 2401">
    <p class='ocr_par' dir='ltr' id='par_1_87' title="bbox 1923 2329 3490 2401">
     <span class='ocr_line' id='line_1_87' title="bbox 1923 2329 3490 2401; baseline 0.001 -17"><span class='ocrx_word' id='word_1_626' title='bbox 1923 2332 2190 2386; x_wconf 60' lang='lat' dir='ltr'><strong>chimaera</strong></span> <span class='ocrx_word' id='word_1_627' title='bbox 2218 2330 2600 2401; x_wconf 81' lang='lat' dir='ltr'><strong>coniingnntur</strong></span> <span class='ocrx_word' id='word_1_628' title='bbox 2628 2350 2639 2385; x_wconf 87' lang='lat'><strong>:</strong></span> <span class='ocrx_word' id='word_1_629' title='bbox 2677 2332 2948 2400; x_wconf 90' lang='lat' dir='ltr'><strong>quomodo</strong></span> <span class='ocrx_word' id='word_1_630' title='bbox 2976 2329 3167 2383; x_wconf 87' lang='lat' dir='ltr'><strong>falsum</strong></span> <span class='ocrx_word' id='word_1_631' title='bbox 3200 2330 3327 2384; x_wconf 91' lang='lat' dir='ltr'><strong>illud</strong></span> <span class='ocrx_word' id='word_1_632' title='bbox 3347 2329 3490 2399; x_wconf 83' lang='lat' dir='ltr'><strong>quod</strong></span> 
     </span>
    </p>
   </div>
   <div class='ocr_carea' id='block_1_88' title="bbox 1924 2422 3486 2493">
    <p class='ocr_par' dir='ltr' id='par_1_88' title="bbox 1924 2422 3486 2493">
     <span class='ocr_line' id='line_1_88' title="bbox 1924 2422 3486 2493; baseline -0.001 -16"><span class='ocrx_word' id='word_1_633' title='bbox 1924 2424 2289 2493; x_wconf 82' lang='lat' dir='ltr'><strong>signiﬁcatum</strong></span> <span class='ocrx_word' id='word_1_634' title='bbox 2317 2435 2421 2487; x_wconf 88' lang='lat' dir='ltr'><strong>est,</strong></span> <span class='ocrx_word' id='word_1_635' title='bbox 2460 2440 2561 2477; x_wconf 89' lang='lat' dir='ltr'><strong>una</strong></span> <span class='ocrx_word' id='word_1_636' title='bbox 2599 2440 2718 2477; x_wconf 91' lang='lat' dir='ltr'><strong>cum</strong></span> <span class='ocrx_word' id='word_1_637' title='bbox 2753 2424 2945 2492; x_wconf 72' lang='lat' dir='ltr'><strong>linguze</strong></span> <span class='ocrx_word' id='word_1_638' title='bbox 2976 2436 3110 2477; x_wconf 90' lang='lat' dir='ltr'><strong>sono</strong></span> <span class='ocrx_word' id='word_1_639' title='bbox 3141 2422 3345 2484; x_wconf 89' lang='lat' dir='ltr'><strong>interit,</strong></span> <span class='ocrx_word' id='word_1_640' title='bbox 3363 2436 3486 2475; x_wconf 65' lang='lat' dir='ltr'><strong>cum</strong></span> 
     </span>
    </p>
   </div>
   <div class='ocr_carea' id='block_1_89' title="bbox 1926 2510 3492 2578">
    <p class='ocr_par' dir='ltr' id='par_1_89' title="bbox 1926 2510 3492 2578">
     <span class='ocr_line' id='line_1_89' title="bbox 1926 2510 3492 2578; baseline -0.004 -11"><span class='ocrx_word' id='word_1_641' title='bbox 1926 2514 2026 2567; x_wconf 87' lang='lat' dir='ltr'><strong>etsi</strong></span> <span class='ocrx_word' id='word_1_642' title='bbox 2060 2529 2161 2567; x_wconf 76' lang='lat' dir='ltr'><strong>vos</strong></span> <span class='ocrx_word' id='word_1_643' title='bbox 2199 2516 2420 2568; x_wconf 89' lang='lat' dir='ltr'><strong>omnino</strong></span> <span class='ocrx_word' id='word_1_644' title='bbox 2453 2514 2502 2566; x_wconf 90' lang='lat' dir='ltr'><strong>iu</strong></span> <span class='ocrx_word' id='word_1_645' title='bbox 2548 2528 2725 2567; x_wconf 88' lang='lat' dir='ltr'><strong>aerem</strong></span> <span class='ocrx_word' id='word_1_646' title='bbox 2770 2510 3107 2576; x_wconf 78' lang='lat' dir='ltr'><strong>diﬂ‘unditur,</strong></span> <span class='ocrx_word' id='word_1_647' title='bbox 3140 2519 3316 2564; x_wconf 86' lang='lat' dir='ltr'><strong>tamen</strong></span> <span class='ocrx_word' id='word_1_648' title='bbox 3342 2510 3492 2578; x_wconf 82' lang='lat' dir='ltr'><strong>cogi-</strong></span> 
     </span>
    </p>
   </div>
   <div class='ocr_carea' id='block_1_90' title="bbox 1930 2602 3491 2673">
    <p class='ocr_par' dir='ltr' id='par_1_90' title="bbox 1930 2602 3491 2673">
     <span class='ocr_line' id='line_1_90' title="bbox 1930 2602 3491 2673; baseline -0.003 -13"><span class='ocrx_word' id='word_1_649' title='bbox 1930 2608 2165 2661; x_wconf 84' lang='lat' dir='ltr'><strong>tationes</strong></span> <span class='ocrx_word' id='word_1_650' title='bbox 2208 2606 2355 2660; x_wconf 71' lang='lat' dir='ltr'><strong>falsae</strong></span> <span class='ocrx_word' id='word_1_651' title='bbox 2408 2616 2725 2661; x_wconf 85' lang='lat' dir='ltr'><strong>remaneant</strong></span> <span class='ocrx_word' id='word_1_652' title='bbox 2772 2605 2825 2661; x_wconf 90' lang='lat' dir='ltr'><strong>in</strong></span> <span class='ocrx_word' id='word_1_653' title='bbox 2876 2604 3094 2658; x_wconf 82' lang='lat' dir='ltr'><strong>animo?</strong></span> <span class='ocrx_word' id='word_1_654' title='bbox 3132 2602 3310 2673; x_wconf 87' lang='lat' dir='ltr'><strong>Neque</strong></span> <span class='ocrx_word' id='word_1_655' title='bbox 3348 2603 3491 2657; x_wconf 72' lang='lat' dir='ltr'><strong>enim</strong></span> 
     </span>
    </p>
   </div>
   <div class='ocr_carea' id='block_1_91' title="bbox 1927 2694 3497 2766">
    <p class='ocr_par' dir='ltr' id='par_1_91' title="bbox 1927 2694 3497 2766">
     <span class='ocr_line' id='line_1_91' title="bbox 1927 2694 3497 2766; baseline -0.002 -15"><span class='ocrx_word' id='word_1_656' title='bbox 1927 2699 2103 2751; x_wconf 86' lang='lat' dir='ltr'><strong>anima</strong></span> <span class='ocrx_word' id='word_1_657' title='bbox 2145 2714 2264 2766; x_wconf 63' lang='lat' dir='ltr'><strong>quae</strong></span> <span class='ocrx_word' id='word_1_658' title='bbox 2288 2697 2437 2752; x_wconf 83' lang='lat' dir='ltr'><strong>falsis</strong></span> <span class='ocrx_word' id='word_1_659' title='bbox 2475 2712 2702 2766; x_wconf 86' lang='lat' dir='ltr'><strong>prorsus</strong></span> <span class='ocrx_word' id='word_1_660' title='bbox 2731 2711 2797 2749; x_wconf 88' lang='lat' dir='ltr'><strong>ac</strong></span> <span class='ocrx_word' id='word_1_661' title='bbox 2830 2696 2981 2750; x_wconf 87' lang='lat' dir='ltr'><strong>vanis</strong></span> <span class='ocrx_word' id='word_1_662' title='bbox 3033 2694 3355 2748; x_wconf 82' lang='lat' dir='ltr'><strong>commentis</strong></span> <span class='ocrx_word' id='word_1_663' title='bbox 3380 2694 3497 2748; x_wconf 81' lang='lat' dir='ltr'><strong>sive</strong></span> 
     </span>
    </p>
   </div>
   <div class='ocr_carea' id='block_1_92' title="bbox 1929 2786 3497 2855">
    <p class='ocr_par' dir='ltr' id='par_1_92' title="bbox 1929 2786 3497 2855">
     <span class='ocr_line' id='line_1_92' title="bbox 1929 2786 3497 2855; baseline -0.006 -10"><span class='ocrx_word' id='word_1_664' title='bbox 1929 2792 1981 2845; x_wconf 91' lang='lat' dir='ltr'><strong>in</strong></span> <span class='ocrx_word' id='word_1_665' title='bbox 2007 2792 2344 2845; x_wconf 88' lang='lat' dir='ltr'><strong>somniorum</strong></span> <span class='ocrx_word' id='word_1_666' title='bbox 2382 2791 2533 2855; x_wconf 84' lang='lat' dir='ltr'><strong>visis,</strong></span> <span class='ocrx_word' id='word_1_667' title='bbox 2570 2790 2682 2843; x_wconf 87' lang='lat' dir='ltr'><strong>sive</strong></span> <span class='ocrx_word' id='word_1_668' title='bbox 2713 2788 2851 2842; x_wconf 87' lang='lat' dir='ltr'><strong>alias</strong></span> <span class='ocrx_word' id='word_1_669' title='bbox 2896 2789 2946 2842; x_wconf 93' lang='lat' dir='ltr'><strong>in</strong></span> <span class='ocrx_word' id='word_1_670' title='bbox 2992 2788 3145 2842; x_wconf 86' lang='lat' dir='ltr'><strong>vanis</strong></span> <span class='ocrx_word' id='word_1_671' title='bbox 3185 2786 3348 2841; x_wconf 88' lang='lat' dir='ltr'><strong>animi</strong></span> <span class='ocrx_word' id='word_1_672' title='bbox 3382 2800 3497 2837; x_wconf 72' lang='lat' dir='ltr'><strong>mo-</strong></span> 
     </span>
    </p>
   </div>
   <div class='ocr_carea' id='block_1_93' title="bbox 1932 2874 3495 2952">
    <p class='ocr_par' dir='ltr' id='par_1_93' title="bbox 1932 2874 3495 2952">
     <span class='ocr_line' id='line_1_93' title="bbox 1932 2874 3495 2952; baseline -0.007 -14"><span class='ocrx_word' id='word_1_673' title='bbox 1932 2884 2169 2938; x_wconf 89' lang='lat' dir='ltr'><strong>tionibus</strong></span> <span class='ocrx_word' id='word_1_674' title='bbox 2202 2882 2458 2952; x_wconf 87' lang='lat' dir='ltr'><strong>repletur,</strong></span> <span class='ocrx_word' id='word_1_675' title='bbox 2493 2897 2614 2937; x_wconf 90' lang='lat' dir='ltr'><strong>cum</strong></span> <span class='ocrx_word' id='word_1_676' title='bbox 2651 2879 2817 2935; x_wconf 86' lang='lat' dir='ltr'><strong>semel</strong></span> <span class='ocrx_word' id='word_1_677' title='bbox 2846 2881 2961 2933; x_wconf 61' lang='lat' dir='ltr'><strong>hinc</strong></span> <span class='ocrx_word' id='word_1_678' title='bbox 3001 2879 3054 2931; x_wconf 85' lang='lat' dir='ltr'><strong>in</strong></span> <span class='ocrx_word' id='word_1_679' title='bbox 3089 2877 3347 2932; x_wconf 84' lang='lat' dir='ltr'><strong>memoria</strong></span> <span class='ocrx_word' id='word_1_680' title='bbox 3371 2874 3495 2929; x_wconf 86' lang='lat' dir='ltr'><strong>reti-</strong></span> 
     </span>
    </p>
   </div>
   <div class='ocr_carea' id='block_1_94' title="bbox 1931 2966 3496 3039">
    <p class='ocr_par' dir='ltr' id='par_1_94' title="bbox 1931 2966 3496 3039">
     <span class='ocr_line' id='line_1_94' title="bbox 1931 2966 3496 3039; baseline -0.004 -13"><span class='ocrx_word' id='word_1_681' title='bbox 1931 2976 2128 3037; x_wconf 89' lang='lat' dir='ltr'><strong>nuerit,</strong></span> <span class='ocrx_word' id='word_1_682' title='bbox 2159 2982 2211 3025; x_wconf 91' lang='lat' dir='ltr'><strong>et</strong></span> <span class='ocrx_word' id='word_1_683' title='bbox 2240 2971 2433 3025; x_wconf 89' lang='lat' dir='ltr'><strong>deinde</strong></span> <span class='ocrx_word' id='word_1_684' title='bbox 2458 2986 2552 3039; x_wconf 90' lang='lat' dir='ltr'><strong>per</strong></span> <span class='ocrx_word' id='word_1_685' title='bbox 2603 2984 2787 3023; x_wconf 71' lang='lat' dir='ltr'><strong>vocem</strong></span> <span class='ocrx_word' id='word_1_686' title='bbox 2822 2968 3012 3023; x_wconf 72' lang='lat' dir='ltr'><strong>cﬁerre</strong></span> <span class='ocrx_word' id='word_1_687' title='bbox 3048 2966 3294 3027; x_wconf 87' lang='lat' dir='ltr'><strong>voluerit.</strong></span> <span class='ocrx_word' id='word_1_688' title='bbox 3333 2966 3496 3019; x_wconf 81' lang='lat' dir='ltr'><strong>etiam</strong></span> 
     </span>
    </p>
   </div>
   <div class='ocr_carea' id='block_1_95' title="bbox 1933 3060 3494 3133">
    <p class='ocr_par' dir='ltr' id='par_1_95' title="bbox 1933 3060 3494 3133">
     <span class='ocr_line' id='line_1_95' title="bbox 1933 3060 3494 3133; baseline -0.002 -17"><span class='ocrx_word' id='word_1_689' title='bbox 1933 3080 2037 3117; x_wconf 80' lang='lat' dir='ltr'><strong>una</strong></span> <span class='ocrx_word' id='word_1_690' title='bbox 2066 3078 2186 3118; x_wconf 89' lang='lat' dir='ltr'><strong>cum</strong></span> <span class='ocrx_word' id='word_1_691' title='bbox 2242 3063 2451 3133; x_wconf 85' lang='lat' dir='ltr'><strong>prolato</strong></span> <span class='ocrx_word' id='word_1_692' title='bbox 2484 3076 2732 3117; x_wconf 88' lang='lat' dir='ltr'><strong>sermone</strong></span> <span class='ocrx_word' id='word_1_693' title='bbox 2774 3060 3034 3131; x_wconf 88' lang='lat' dir='ltr'><strong>imagines</strong></span> <span class='ocrx_word' id='word_1_694' title='bbox 3070 3074 3250 3113; x_wconf 83' lang='lat' dir='ltr'><strong>rerum</strong></span> <span class='ocrx_word' id='word_1_695' title='bbox 3296 3072 3494 3113; x_wconf 85' lang='lat' dir='ltr'><strong>evane-</strong></span> 
     </span>
    </p>
   </div>
   <div class='ocr_carea' id='block_1_96' title="bbox 1933 3151 3485 3210">
    <p class='ocr_par' dir='ltr' id='par_1_96' title="bbox 1933 3151 3485 3210">
     <span class='ocr_line' id='line_1_96' title="bbox 1933 3151 3485 3210; baseline -0.005 0"><span class='ocrx_word' id='word_1_696' title='bbox 1933 3166 2108 3210; x_wconf 85' lang='lat' dir='ltr'><strong>scunt.</strong></span> <span class='ocrx_word' id='word_1_697' title='bbox 2132 3156 2341 3209; x_wconf 90' lang='lat' dir='ltr'><strong>Etenim</strong></span> <span class='ocrx_word' id='word_1_698' title='bbox 2369 3156 2410 3207; x_wconf 87' lang='lat' dir='ltr'><strong>si</strong></span> <span class='ocrx_word' id='word_1_699' title='bbox 2434 3163 2623 3207; x_wconf 87' lang='lat' dir='ltr'><strong>natura</strong></span> <span class='ocrx_word' id='word_1_700' title='bbox 2647 3153 2761 3208; x_wconf 80' lang='lat' dir='ltr'><strong>falsi</strong></span> <span class='ocrx_word' id='word_1_701' title='bbox 2797 3152 2954 3206; x_wconf 91' lang='lat' dir='ltr'><strong>simul</strong></span> <span class='ocrx_word' id='word_1_702' title='bbox 2975 3166 3097 3207; x_wconf 92' lang='lat' dir='ltr'><strong>cum</strong></span> <span class='ocrx_word' id='word_1_703' title='bbox 3128 3151 3307 3207; x_wconf 84' lang='lat' dir='ltr'><strong>verbis</strong></span> <span class='ocrx_word' id='word_1_704' title='bbox 3328 3151 3485 3204; x_wconf 87' lang='lat' dir='ltr'><strong>inter-</strong></span> 
     </span>
    </p>
   </div>
   <div class='ocr_carea' id='block_1_97' title="bbox 1936 3240 3496 3315">
    <p class='ocr_par' dir='ltr' id='par_1_97' title="bbox 1936 3240 3496 3315">
     <span class='ocr_line' id='line_1_97' title="bbox 1936 3240 3496 3315; baseline -0.003 -13"><span class='ocrx_word' id='word_1_705' title='bbox 1936 3249 2059 3311; x_wconf 91' lang='lat' dir='ltr'><strong>iret,</strong></span> <span class='ocrx_word' id='word_1_706' title='bbox 2117 3260 2296 3315; x_wconf 70' lang='lat' dir='ltr'><strong>operte</strong></span> <span class='ocrx_word' id='word_1_707' title='bbox 2358 3245 2589 3312; x_wconf 88' lang='lat' dir='ltr'><strong>pretium</strong></span> <span class='ocrx_word' id='word_1_708' title='bbox 2634 3252 2778 3297; x_wconf 88' lang='lat' dir='ltr'><strong>esset</strong></span> <span class='ocrx_word' id='word_1_709' title='bbox 2833 3242 2963 3296; x_wconf 80' lang='lat' dir='ltr'><strong>falsa</strong></span> <span class='ocrx_word' id='word_1_710' title='bbox 3016 3242 3213 3297; x_wconf 87' lang='lat' dir='ltr'><strong>dicere.</strong></span> <span class='ocrx_word' id='word_1_711' title='bbox 3264 3240 3368 3296; x_wconf 83' lang='lat' dir='ltr'><strong>Sed</strong></span> <span class='ocrx_word' id='word_1_712' title='bbox 3400 3244 3496 3297; x_wconf 78' lang='lat' dir='ltr'><strong>hoc</strong></span> 
     </span>
    </p>
   </div>
   <div class='ocr_carea' id='block_1_98' title="bbox 1937 3331 3505 3403">
    <p class='ocr_par' dir='ltr' id='par_1_98' title="bbox 1937 3331 3505 3403">
     <span class='ocr_line' id='line_1_98' title="bbox 1937 3331 3505 3403; baseline -0.004 -11"><span class='ocrx_word' id='word_1_713' title='bbox 1937 3347 2083 3393; x_wconf 90' lang='lat' dir='ltr'><strong>certe</strong></span> <span class='ocrx_word' id='word_1_714' title='bbox 2111 3346 2357 3391; x_wconf 86' lang='lat' dir='ltr'><strong>naturam</strong></span> <span class='ocrx_word' id='word_1_715' title='bbox 2379 3351 2483 3389; x_wconf 87' lang='lat' dir='ltr'><strong>non</strong></span> <span class='ocrx_word' id='word_1_716' title='bbox 2508 3335 2687 3390; x_wconf 79' lang='lat' dir='ltr'><strong>habet.</strong></span> <span class='ocrx_word' id='word_1_717' title='bbox 2712 3333 3116 3403; x_wconf 79' lang='lat' dir='ltr'><strong>Reliquumjam</strong></span> <span class='ocrx_word' id='word_1_718' title='bbox 3139 3331 3299 3387; x_wconf 85' lang='lat' dir='ltr'><strong>fuerit</strong></span> <span class='ocrx_word' id='word_1_719' title='bbox 3320 3344 3505 3388; x_wconf 81' lang='lat' dir='ltr'><strong>osten-</strong></span> 
     </span>
    </p>
   </div>
   <div class='ocr_carea' id='block_1_99' title="bbox 1938 3426 3505 3497">
    <p class='ocr_par' dir='ltr' id='par_1_99' title="bbox 1938 3426 3505 3497">
     <span class='ocr_line' id='line_1_99' title="bbox 1938 3426 3505 3497; baseline -0.003 -14"><span class='ocrx_word' id='word_1_720' title='bbox 1938 3430 2087 3493; x_wconf 89' lang='lat' dir='ltr'><strong>dere,</strong></span> <span class='ocrx_word' id='word_1_721' title='bbox 2135 3429 2407 3497; x_wconf 88' lang='lat' dir='ltr'><strong>quomodo</strong></span> <span class='ocrx_word' id='word_1_722' title='bbox 2450 3437 2503 3482; x_wconf 93' lang='lat' dir='ltr'><strong>et</strong></span> <span class='ocrx_word' id='word_1_723' title='bbox 2542 3428 2737 3496; x_wconf 88' lang='lat' dir='ltr'><strong>quibus</strong></span> <span class='ocrx_word' id='word_1_724' title='bbox 2776 3429 2827 3479; x_wconf 89' lang='lat' dir='ltr'><strong>in</strong></span> <span class='ocrx_word' id='word_1_725' title='bbox 2867 3427 3027 3480; x_wconf 83' lang='lat' dir='ltr'><strong>rebus</strong></span> <span class='ocrx_word' id='word_1_726' title='bbox 3059 3426 3395 3480; x_wconf 90' lang='lat' dir='ltr'><strong>consuetudo</strong></span> <span class='ocrx_word' id='word_1_727' title='bbox 3420 3426 3505 3479; x_wconf 89' lang='lat' dir='ltr'><strong>di-</strong></span> 
     </span>
    </p>
   </div>
   <div class='ocr_carea' id='block_1_100' title="bbox 1940 3516 3503 3588">
    <p class='ocr_par' dir='ltr' id='par_1_100' title="bbox 1940 3516 3503 3588">
     <span class='ocr_line' id='line_1_100' title="bbox 1940 3516 3503 3588; baseline -0.002 -12"><span class='ocrx_word' id='word_1_728' title='bbox 1940 3521 2125 3577; x_wconf 86' lang='lat' dir='ltr'><strong>ctione</strong></span> <span class='ocrx_word' id='word_1_729' title='bbox 2152 3521 2505 3588; x_wconf 80' lang='lat' dir='ltr'><strong>perceptionis</strong></span> <span class='ocrx_word' id='word_1_730' title='bbox 2543 3529 2746 3579; x_wconf 88' lang='lat' dir='ltr'><strong>utatur,</strong></span> <span class='ocrx_word' id='word_1_731' title='bbox 2775 3528 2829 3573; x_wconf 91' lang='lat' dir='ltr'><strong>et</strong></span> <span class='ocrx_word' id='word_1_732' title='bbox 2872 3518 3142 3585; x_wconf 89' lang='lat' dir='ltr'><strong>quomodo</strong></span> <span class='ocrx_word' id='word_1_733' title='bbox 3171 3518 3349 3573; x_wconf 88' lang='lat' dir='ltr'><strong>divina</strong></span> <span class='ocrx_word' id='word_1_734' title='bbox 3382 3516 3503 3573; x_wconf 64' lang='lat' dir='ltr'><strong>Eleo</strong></span> 
     </span>
    </p>
   </div>
   <div class='ocr_carea' id='block_1_101' title="bbox 1942 3606 3506 3682">
    <p class='ocr_par' dir='ltr' id='par_1_101' title="bbox 1942 3606 3506 3682">
     <span class='ocr_line' id='line_1_101' title="bbox 1942 3606 3506 3682; baseline -0.004 -15"><span class='ocrx_word' id='word_1_735' title='bbox 1942 3616 2067 3682; x_wconf 83' lang='lat' dir='ltr'><strong>quia</strong></span> <span class='ocrx_word' id='word_1_736' title='bbox 2094 3628 2251 3668; x_wconf 89' lang='lat' dir='ltr'><strong>usum</strong></span> <span class='ocrx_word' id='word_1_737' title='bbox 2289 3612 2405 3682; x_wconf 84' lang='lat' dir='ltr'><strong>ejus</strong></span> <span class='ocrx_word' id='word_1_738' title='bbox 2441 3612 2803 3680; x_wconf 83' lang='lat' dir='ltr'><strong>susceperint.</strong></span> <span class='ocrx_word' id='word_1_739' title='bbox 2858 3609 3115 3665; x_wconf 77' lang='lat' dir='ltr'><strong>Videmus</strong></span> <span class='ocrx_word' id='word_1_740' title='bbox 3147 3608 3330 3678; x_wconf 87' lang='lat' dir='ltr'><strong>igitur,</strong></span> <span class='ocrx_word' id='word_1_741' title='bbox 3363 3606 3506 3676; x_wconf 90' lang='lat' dir='ltr'><strong>quod</strong></span> 
     </span>
    </p>
   </div>
   <div class='ocr_carea' id='block_1_102' title="bbox 1944 3698 3505 3774">
    <p class='ocr_par' dir='ltr' id='par_1_102' title="bbox 1944 3698 3505 3774">
     <span class='ocr_line' id='line_1_102' title="bbox 1944 3698 3505 3774; baseline -0.006 -14"><span class='ocrx_word' id='word_1_742' title='bbox 1944 3708 1997 3761; x_wconf 92' lang='lat' dir='ltr'><strong>in</strong></span> <span class='ocrx_word' id='word_1_743' title='bbox 2034 3705 2305 3761; x_wconf 88' lang='lat' dir='ltr'><strong>communi</strong></span> <span class='ocrx_word' id='word_1_744' title='bbox 2330 3705 2547 3774; x_wconf 88' lang='lat' dir='ltr'><strong>quidem</strong></span> <span class='ocrx_word' id='word_1_745' title='bbox 2579 3719 2703 3769; x_wconf 89' lang='lat' dir='ltr'><strong>usu,</strong></span> <span class='ocrx_word' id='word_1_746' title='bbox 2736 3718 2854 3773; x_wconf 78' lang='lat' dir='ltr'><strong>qua:</strong></span> <span class='ocrx_word' id='word_1_747' title='bbox 2884 3702 3061 3755; x_wconf 88' lang='lat' dir='ltr'><strong>subito</strong></span> <span class='ocrx_word' id='word_1_748' title='bbox 3082 3700 3278 3754; x_wconf 90' lang='lat' dir='ltr'><strong>mentis</strong></span> <span class='ocrx_word' id='word_1_749' title='bbox 3301 3698 3505 3765; x_wconf 83' lang='lat' dir='ltr'><strong>impetu</strong></span> 
     </span>
    </p>
   </div>
   <div class='ocr_carea' id='block_1_103' title="bbox 1942 3793 3505 3867">
    <p class='ocr_par' dir='ltr' id='par_1_103' title="bbox 1942 3793 3505 3867">
     <span class='ocr_line' id='line_1_103' title="bbox 1942 3793 3505 3867; baseline -0.006 -16"><span class='ocrx_word' id='word_1_750' title='bbox 1942 3797 2205 3867; x_wconf 88' lang='lat' dir='ltr'><strong>simplicia</strong></span> <span class='ocrx_word' id='word_1_751' title='bbox 2238 3810 2357 3851; x_wconf 88' lang='lat' dir='ltr'><strong>esse</strong></span> <span class='ocrx_word' id='word_1_752' title='bbox 2410 3793 2664 3849; x_wconf 86' lang='lat' dir='ltr'><strong>videntur</strong></span> <span class='ocrx_word' id='word_1_753' title='bbox 2707 3810 2769 3847; x_wconf 89' lang='lat' dir='ltr'><strong>ac</strong></span> <span class='ocrx_word' id='word_1_754' title='bbox 2812 3794 2990 3855; x_wconf 88' lang='lat' dir='ltr'><strong>unica,</strong></span> <span class='ocrx_word' id='word_1_755' title='bbox 3039 3797 3300 3861; x_wconf 85' lang='lat' dir='ltr'><strong>apparent</strong></span> <span class='ocrx_word' id='word_1_756' title='bbox 3327 3798 3505 3842; x_wconf 89' lang='lat' dir='ltr'><strong>tamen</strong></span> 
     </span>
    </p>
   </div>
   <div class='ocr_carea' id='block_1_104' title="bbox 1940 3878 3505 3958">
    <p class='ocr_par' dir='ltr' id='par_1_104' title="bbox 1940 3878 3505 3958">
     <span class='ocr_line' id='line_1_104' title="bbox 1940 3878 3505 3958; baseline -0.006 -16"><span class='ocrx_word' id='word_1_757' title='bbox 1940 3887 2091 3942; x_wconf 80' lang='lat' dir='ltr'><strong>varia</strong></span> <span class='ocrx_word' id='word_1_758' title='bbox 2140 3897 2263 3958; x_wconf 90' lang='lat' dir='ltr'><strong>post</strong></span> <span class='ocrx_word' id='word_1_759' title='bbox 2296 3895 2604 3941; x_wconf 83' lang='lat' dir='ltr'><strong>accuratam</strong></span> <span class='ocrx_word' id='word_1_760' title='bbox 2661 3886 3084 3955; x_wconf 86' lang='lat' dir='ltr'><strong>indagationeni,</strong></span> <span class='ocrx_word' id='word_1_761' title='bbox 3128 3880 3424 3951; x_wconf 68' lang='lat' dir='ltr'><strong>praesertim</strong></span> <span class='ocrx_word' id='word_1_762' title='bbox 3461 3878 3505 3934; x_wconf 83' lang='lat' dir='ltr'><strong>si</strong></span> 
     </span>
    </p>
   </div>
   <div class='ocr_carea' id='block_1_105' title="bbox 1941 3971 3507 4047">
    <p class='ocr_par' dir='ltr' id='par_1_105' title="bbox 1941 3971 3507 4047">
     <span class='ocr_line' id='line_1_105' title="bbox 1941 3971 3507 4047; baseline -0.006 -14"><span class='ocrx_word' id='word_1_763' title='bbox 1941 3979 2039 4033; x_wconf 88' lang='lat' dir='ltr'><strong>has</strong></span> <span class='ocrx_word' id='word_1_764' title='bbox 2072 3980 2266 4032; x_wconf 86' lang='lat' dir='ltr'><strong>multas</strong></span> <span class='ocrx_word' id='word_1_765' title='bbox 2323 3991 2510 4047; x_wconf 86' lang='lat' dir='ltr'><strong>partes</strong></span> <span class='ocrx_word' id='word_1_766' title='bbox 2562 3993 2715 4030; x_wconf 90' lang='lat' dir='ltr'><strong>mens</strong></span> <span class='ocrx_word' id='word_1_767' title='bbox 2764 3974 2994 4038; x_wconf 86' lang='lat' dir='ltr'><strong>dividat,</strong></span> <span class='ocrx_word' id='word_1_768' title='bbox 3034 3989 3097 4028; x_wconf 87' lang='lat' dir='ltr'><strong>ea</strong></span> <span class='ocrx_word' id='word_1_769' title='bbox 3146 3973 3355 4028; x_wconf 83' lang='lat' dir='ltr'><strong>ratione</strong></span> <span class='ocrx_word' id='word_1_770' title='bbox 3395 3971 3507 4025; x_wconf 83' lang='lat' dir='ltr'><strong>sola</strong></span> 
     </span>
    </p>
   </div>
   <div class='ocr_carea' id='block_1_106' title="bbox 1946 4064 3511 4136">
    <p class='ocr_par' dir='ltr' id='par_1_106' title="bbox 1946 4064 3511 4136">
     <span class='ocr_line' id='line_1_106' title="bbox 1946 4064 3511 4136; baseline -0.005 -11"><span class='ocrx_word' id='word_1_771' title='bbox 1946 4069 2233 4125; x_wconf 85' lang='lat' dir='ltr'><strong>divisibilia</strong></span> <span class='ocrx_word' id='word_1_772' title='bbox 2288 4084 2408 4123; x_wconf 87' lang='lat' dir='ltr'><strong>esse</strong></span> <span class='ocrx_word' id='word_1_773' title='bbox 2462 4069 2733 4122; x_wconf 88' lang='lat' dir='ltr'><strong>dicantur.</strong></span> <span class='ocrx_word' id='word_1_774' title='bbox 2801 4064 3042 4136; x_wconf 76' lang='lat' dir='ltr'><strong>Exempli</strong></span> <span class='ocrx_word' id='word_1_775' title='bbox 3096 4079 3282 4128; x_wconf 85' lang='lat' dir='ltr'><strong>causa,</strong></span> <span class='ocrx_word' id='word_1_776' title='bbox 3314 4075 3511 4132; x_wconf 86' lang='lat' dir='ltr'><strong>corpus</strong></span> 
     </span>
    </p>
   </div>
   <div class='ocr_carea' id='block_1_107' title="bbox 1945 4238 3512 4314">
    <p class='ocr_par' dir='ltr' id='par_1_107' title="bbox 1945 4238 3512 4314">
     <span class='ocr_line' id='line_1_107' title="bbox 1945 4238 3512 4314; baseline -0.002 -17"><span class='ocrx_word' id='word_1_777' title='bbox 1945 4246 2182 4314; x_wconf 90' lang='lat' dir='ltr'><strong>quinque</strong></span> <span class='ocrx_word' id='word_1_778' title='bbox 2204 4262 2308 4301; x_wconf 92' lang='lat' dir='ltr'><strong>non</strong></span> <span class='ocrx_word' id='word_1_779' title='bbox 2333 4246 2615 4308; x_wconf 89' lang='lat' dir='ltr'><strong>dissident,</strong></span> <span class='ocrx_word' id='word_1_780' title='bbox 2654 4245 2753 4298; x_wconf 87' lang='lat' dir='ltr'><strong>nisi</strong></span> <span class='ocrx_word' id='word_1_781' title='bbox 2779 4244 2921 4312; x_wconf 90' lang='lat' dir='ltr'><strong>quod</strong></span> <span class='ocrx_word' id='word_1_782' title='bbox 2948 4257 3050 4297; x_wconf 79' lang='lat' dir='ltr'><strong>vox</strong></span> <span class='ocrx_word' id='word_1_783' title='bbox 3102 4239 3312 4311; x_wconf 81' lang='grc' dir='ltr'>ψευδῶν</span> <span class='ocrx_word' id='word_1_784' title='bbox 3350 4241 3404 4294; x_wconf 89' lang='lat' dir='ltr'><strong>in</strong></span> <span class='ocrx_word' id='word_1_785' title='bbox 3432 4238 3512 4294; x_wconf 90' lang='lat' dir='ltr'><strong>eis</strong></span> 
     </span>
    </p>
   </div>
   <div class='ocr_carea' id='block_1_108' title="bbox 1946 4319 2299 4371">
    <p class='ocr_par' dir='ltr' id='par_1_108' title="bbox 1946 4319 2299 4371">
     <span class='ocr_line' id='line_1_108' title="bbox 1946 4319 2299 4371; baseline -0.008 0"><span class='ocrx_word' id='word_1_786' title='bbox 1946 4319 2299 4371; x_wconf 84' lang='lat' dir='ltr'><strong>desideretur.</strong></span> 
     </span>
    </p>
   </div>
   <div class='ocr_carea' id='block_1_109' title="bbox 2021 4380 3512 4455">
    <p class='ocr_par' dir='ltr' id='par_1_109' title="bbox 2021 4380 3512 4455">
     <span class='ocr_line' id='line_1_109' title="bbox 2021 4380 3512 4455; baseline -0.002 -18"><span class='ocrx_word' id='word_1_787' title='bbox 2021 4385 2133 4455; x_wconf 69' lang='lat'><strong>(29)</strong></span> <span class='ocrx_word' id='word_1_788' title='bbox 2173 4385 2285 4450; x_wconf 89' lang='lat' dir='ltr'><strong>llla,</strong></span> <span class='ocrx_word' id='word_1_789' title='bbox 2318 4385 2430 4438; x_wconf 83' lang='grc' dir='ltr'>ἀλλ’</span> <span class='ocrx_word' id='word_1_790' title='bbox 2490 4384 2589 4438; x_wconf 85' lang='grc' dir='ltr'><strong>οὐκ</strong></span> <span class='ocrx_word' id='word_1_791' title='bbox 2645 4383 2786 4454; x_wconf 75' lang='grc' dir='ltr'>ἔχον,</span> <span class='ocrx_word' id='word_1_792' title='bbox 2832 4392 2963 4455; x_wconf 75' lang='lat' dir='ltr'><strong>etc.,</strong></span> <span class='ocrx_word' id='word_1_793' title='bbox 2996 4380 3388 4450; x_wconf 78' lang='lat' dir='ltr'><strong>Trapezuntius</strong></span> <span class='ocrx_word' id='word_1_794' title='bbox 3421 4380 3512 4455; x_wconf 79' lang='lat' dir='ltr'><strong>sic</strong></span> 
     </span>
    </p>
   </div>
   <div class='ocr_carea' id='block_1_110' title="bbox 1946 4451 3505 4528">
    <p class='ocr_par' dir='ltr' id='par_1_110' title="bbox 1946 4451 3505 4528">
     <span class='ocr_line' id='line_1_110' title="bbox 1946 4451 3505 4528; baseline -0.003 -22"><span class='ocrx_word' id='word_1_795' title='bbox 1946 4451 2224 4510; x_wconf 75' lang='lat' dir='ltr'><strong>verterat:</strong></span> <span class='ocrx_word' id='word_1_796' title='bbox 2264 4455 2386 4510; x_wconf 81' lang='lat' dir='ltr'><strong>Non</strong></span> <span class='ocrx_word' id='word_1_797' title='bbox 2438 4468 2512 4512; x_wconf 83' lang='lat' dir='ltr'><strong>est</strong></span> <span class='ocrx_word' id='word_1_798' title='bbox 2550 4457 2633 4528; x_wconf 73' lang='lat' dir='ltr'><strong>hic</strong></span> <span class='ocrx_word' id='word_1_799' title='bbox 2676 4451 3188 4528; x_wconf 21' lang='lat' dir='ltr'><strong>iistius_rei_noti_tra</strong></span> <span class='ocrx_word' id='word_1_800' title='bbox 3223 4465 3389 4528; x_wconf 53' lang='lat' dir='ltr'><strong>{quae</strong></span> <span class='ocrx_word' id='word_1_801' title='bbox 3421 4451 3505 4501; x_wconf 85' lang='lat' dir='ltr'><strong>itt-</strong></span> 
     </span>
    </p>
   </div>
   <div class='ocr_carea' id='block_1_111' title="bbox 1947 4522 3512 4595">
    <p class='ocr_par' dir='ltr' id='par_1_111' title="bbox 1947 4522 3512 4595">
     <span class='ocr_line' id='line_1_111' title="bbox 1947 4522 3512 4595; baseline -0.006 -16"><span class='ocrx_word' id='word_1_802' title='bbox 1947 4529 2262 4595; x_wconf 83' lang='lat' dir='ltr'><strong>terpretatio</strong></span> <span class='ocrx_word' id='word_1_803' title='bbox 2282 4541 2402 4580; x_wconf 91' lang='lat' dir='ltr'><strong>cum</strong></span> <span class='ocrx_word' id='word_1_804' title='bbox 2440 4544 2542 4582; x_wconf 87' lang='lat' dir='ltr'><strong>non</strong></span> <span class='ocrx_word' id='word_1_805' title='bbox 2573 4525 2805 4595; x_wconf 84' lang='lat' dir='ltr'><strong>placeret</strong></span> <span class='ocrx_word' id='word_1_806' title='bbox 2830 4522 3290 4595; x_wconf 74' lang='lat' dir='ltr'><strong>Combelisio,vir</strong></span> <span class='ocrx_word' id='word_1_807' title='bbox 3321 4522 3512 4595; x_wconf 63' lang='lat' dir='ltr'><strong>doctus</strong></span> 
     </span>
    </p>
   </div>
   <div class='ocr_carea' id='block_1_112' title="bbox 1950 4588 3510 4661">
    <p class='ocr_par' dir='ltr' id='par_1_112' title="bbox 1950 4588 3510 4661">
     <span class='ocr_line' id='line_1_112' title="bbox 1950 4588 3510 4661; baseline -0.005 -11"><span class='ocrx_word' id='word_1_808' title='bbox 1950 4588 2355 4651; x_wconf 52' lang='lat' dir='ltr'><strong>ita&#39;emendavit</strong></span> <span class='ocrx_word' id='word_1_809' title='bbox 2384 4612 2397 4648; x_wconf 91' lang='lat'>:</span> <span class='ocrx_word' id='word_1_810' title='bbox 2426 4597 2493 4650; x_wconf 82' lang='lat' dir='ltr'><strong>At</strong></span> <span class='ocrx_word' id='word_1_811' title='bbox 2526 4588 2587 4647; x_wconf 75' lang='lat' dir='ltr'><strong>id</strong></span> <span class='ocrx_word' id='word_1_812' title='bbox 2611 4594 2727 4660; x_wconf 78' lang='lat' dir='ltr'><strong>ﬁeri</strong></span> <span class='ocrx_word' id='word_1_813' title='bbox 2749 4595 2943 4661; x_wconf 75' lang='lat' dir='ltr'><strong>nequit,</strong></span> <span class='ocrx_word' id='word_1_814' title='bbox 2968 4589 3282 4657; x_wconf 79' lang='lat' dir='ltr'><strong>impossibile</strong></span> <span class='ocrx_word' id='word_1_815' title='bbox 3298 4599 3393 4642; x_wconf 78' lang='lat' dir='ltr'><strong>est.</strong></span> <span class='ocrx_word' id='word_1_816' title='bbox 3430 4588 3510 4642; x_wconf 80' lang='lat' dir='ltr'><strong>Ad</strong></span> 
     </span>
    </p>
   </div>
   <div class='ocr_carea' id='block_1_113' title="bbox 1949 4661 3515 4733">
    <p class='ocr_par' dir='ltr' id='par_1_113' title="bbox 1949 4661 3515 4733">
     <span class='ocr_line' id='line_1_113' title="bbox 1949 4661 3515 4733; baseline -0.006 -15"><span class='ocrx_word' id='word_1_817' title='bbox 1949 4670 2168 4722; x_wconf 87' lang='lat' dir='ltr'><strong>verbum</strong></span> <span class='ocrx_word' id='word_1_818' title='bbox 2200 4668 2671 4733; x_wconf 86' lang='lat' dir='ltr'><strong>interpretabimur</strong></span> <span class='ocrx_word' id='word_1_819' title='bbox 2709 4681 2723 4717; x_wconf 88' lang='lat'><strong>:</strong></span> <span class='ocrx_word' id='word_1_820' title='bbox 2759 4662 2860 4717; x_wconf 82' lang='lat' dir='ltr'><strong>Sed</strong></span> <span class='ocrx_word' id='word_1_821' title='bbox 2892 4661 2988 4714; x_wconf 83' lang='lat' dir='ltr'><strong>hoc</strong></span> <span class='ocrx_word' id='word_1_822' title='bbox 3029 4678 3129 4713; x_wconf 85' lang='lat' dir='ltr'><strong>non</strong></span> <span class='ocrx_word' id='word_1_823' title='bbox 3181 4661 3316 4733; x_wconf 71' lang='lat' dir='ltr'><strong>[tunc</strong></span> <span class='ocrx_word' id='word_1_824' title='bbox 3358 4669 3515 4715; x_wconf 81' lang='lat' dir='ltr'><strong>natu-</strong></span> 
     </span>
    </p>
   </div>
   <div class='ocr_carea' id='block_1_114' title="bbox 1952 4730 3516 4794">
    <p class='ocr_par' dir='ltr' id='par_1_114' title="bbox 1952 4730 3516 4794">
     <span class='ocr_line' id='line_1_114' title="bbox 1952 4730 3516 4794; baseline -0.004 -5"><span class='ocrx_word' id='word_1_825' title='bbox 1952 4754 2063 4789; x_wconf 87' lang='lat' dir='ltr'><strong>ram</strong></span> <span class='ocrx_word' id='word_1_826' title='bbox 2109 4738 2280 4789; x_wconf 79' lang='lat' dir='ltr'><strong>habet.</strong></span> <span class='ocrx_word' id='word_1_827' title='bbox 2316 4730 2426 4791; x_wconf 83' lang='lat' dir='ltr'><strong>Hoc</strong></span> <span class='ocrx_word' id='word_1_828' title='bbox 2456 4747 2537 4791; x_wconf 88' lang='lat' dir='ltr'><strong>est</strong></span> <span class='ocrx_word' id='word_1_829' title='bbox 2577 4754 2589 4789; x_wconf 88' lang='lat'><strong>:</strong></span> <span class='ocrx_word' id='word_1_830' title='bbox 2636 4733 2972 4788; x_wconf 86' lang='lat' dir='ltr'><strong>Mendacium</strong></span> <span class='ocrx_word' id='word_1_831' title='bbox 3004 4745 3111 4781; x_wconf 88' lang='lat' dir='ltr'><strong>non</strong></span> <span class='ocrx_word' id='word_1_832' title='bbox 3166 4730 3273 4782; x_wconf 83' lang='lat' dir='ltr'><strong>tale</strong></span> <span class='ocrx_word' id='word_1_833' title='bbox 3326 4738 3429 4794; x_wconf 87' lang='lat' dir='ltr'><strong>est,</strong></span> <span class='ocrx_word' id='word_1_834' title='bbox 3457 4737 3516 4782; x_wconf 85' lang='lat' dir='ltr'><strong>ut</strong></span> 
     </span>
    </p>
   </div>
   <div class='ocr_carea' id='block_1_115' title="bbox 1952 4798 3516 4879">
    <p class='ocr_par' dir='ltr' id='par_1_115' title="bbox 1952 4798 3516 4879">
     <span class='ocr_line' id='line_1_115' title="bbox 1952 4798 3516 4879; baseline -0.008 -17"><span class='ocrx_word' id='word_1_835' title='bbox 1952 4810 2020 4862; x_wconf 83' lang='lat' dir='ltr'><strong>sit</strong></span> <span class='ocrx_word' id='word_1_836' title='bbox 2044 4806 2390 4879; x_wconf 80' lang='grc' dir='ltr'>ἀνύπαρκτον</span> <span class='ocrx_word' id='word_1_837' title='bbox 2414 4808 2692 4879; x_wconf 79' lang='lat' dir='ltr'><strong>quiddam,</strong></span> <span class='ocrx_word' id='word_1_838' title='bbox 2728 4803 3092 4879; x_wconf 72' lang='lat' dir='ltr'><strong>consistetque</strong></span> <span class='ocrx_word' id='word_1_839' title='bbox 3119 4799 3289 4879; x_wconf 69' lang='lat' dir='ltr'><strong>solum</strong></span> <span class='ocrx_word' id='word_1_840' title='bbox 3332 4798 3388 4879; x_wconf 75' lang='lat' dir='ltr'><strong>in</strong></span> <span class='ocrx_word' id='word_1_841' title='bbox 3419 4813 3516 4879; x_wconf 79' lang='lat' dir='ltr'><strong>no-</strong></span> 
     </span>
    </p>
   </div>
   <div class='ocr_carea' id='block_1_116' title="bbox 1956 4869 3515 4945">
    <p class='ocr_par' dir='ltr' id='par_1_116' title="bbox 1956 4869 3515 4945">
     <span class='ocr_line' id='line_1_116' title="bbox 1956 4869 3515 4945; baseline -0.004 -15"><span class='ocrx_word' id='word_1_842' title='bbox 1956 4879 2099 4930; x_wconf 85' lang='lat' dir='ltr'><strong>mine</strong></span> <span class='ocrx_word' id='word_1_843' title='bbox 2128 4887 2181 4931; x_wconf 91' lang='lat' dir='ltr'><strong>et</strong></span> <span class='ocrx_word' id='word_1_844' title='bbox 2202 4869 2521 4945; x_wconf 73' lang='lat' dir='ltr'><strong>prolatione.</strong></span> <span class='ocrx_word' id='word_1_845' title='bbox 2556 4877 2745 4929; x_wconf 79' lang='lat' dir='ltr'><strong>Melius</strong></span> <span class='ocrx_word' id='word_1_846' title='bbox 2785 4874 3015 4945; x_wconf 74' lang='lat' dir='ltr'><strong>fortasse</strong></span> <span class='ocrx_word' id='word_1_847' title='bbox 3037 4881 3086 4923; x_wconf 90' lang='lat' dir='ltr'><strong>et</strong></span> <span class='ocrx_word' id='word_1_848' title='bbox 3116 4869 3412 4938; x_wconf 86' lang='lat' dir='ltr'><strong>simplicius</strong></span> <span class='ocrx_word' id='word_1_849' title='bbox 3436 4870 3515 4923; x_wconf 86' lang='lat' dir='ltr'><strong>sic</strong></span> 
     </span>
    </p>
   </div>
   <div class='ocr_carea' id='block_1_117' title="bbox 1955 4943 3075 5012">
    <p class='ocr_par' dir='ltr' id='par_1_117' title="bbox 1955 4943 3075 5012">
     <span class='ocr_line' id='line_1_117' title="bbox 1955 4943 3075 5012; baseline -0.009 -11"><span class='ocrx_word' id='word_1_850' title='bbox 1955 4943 2298 5012; x_wconf 76' lang='lat' dir='ltr'><strong>interpreiari</strong></span> <span class='ocrx_word' id='word_1_851' title='bbox 2336 4950 2459 5003; x_wconf 87' lang='lat' dir='ltr'><strong>licet</strong></span> <span class='ocrx_word' id='word_1_852' title='bbox 2490 4963 2503 4999; x_wconf 90' lang='lat'><strong>:</strong></span> <span class='ocrx_word' id='word_1_853' title='bbox 2540 4946 2643 5000; x_wconf 85' lang='lat' dir='ltr'><strong>Sed</strong></span> <span class='ocrx_word' id='word_1_854' title='bbox 2675 4946 2727 4994; x_wconf 83' lang='lat' dir='ltr'><strong>id</strong></span> <span class='ocrx_word' id='word_1_855' title='bbox 2752 4958 2852 4995; x_wconf 84' lang='lat' dir='ltr'><strong>non</strong></span> <span class='ocrx_word' id='word_1_856' title='bbox 2876 4943 2955 5012; x_wconf 7' lang='lat' dir='ltr'><strong>ita,</strong></span> <span class='ocrx_word' id='word_1_857' title='bbox 2978 4951 3075 4994; x_wconf 81' lang='lat' dir='ltr'><strong>est.</strong></span> 
     </span>
    </p>
   </div>
   <div class='ocr_carea' id='block_1_118' title="bbox 2027 5007 3516 5097">
    <p class='ocr_par' dir='ltr' id='par_1_118' title="bbox 2027 5007 3516 5097">
     <span class='ocr_line' id='line_1_118' title="bbox 2027 5007 3516 5097; baseline -0.005 -26"><span class='ocrx_word' id='word_1_858' title='bbox 2027 5007 2137 5097; x_wconf 70' lang='grc' dir='ltr'><strong>(ᾷο)</strong></span> <span class='ocrx_word' id='word_1_859' title='bbox 2179 5017 2482 5097; x_wconf 80' lang='lat' dir='ltr'><strong>Legendum</strong></span> <span class='ocrx_word' id='word_1_860' title='bbox 2526 5013 2741 5067; x_wconf 82' lang='grc' dir='ltr'>ποικίλα</span> <span class='ocrx_word' id='word_1_861' title='bbox 2800 5011 3101 5093; x_wconf 73' lang='grc' dir='ltr'>φαινόμενα</span> 
     </span>
    </p>
   </div>
   <div class='ocr_carea' id='block_1_119' title="bbox 1965 5080 3516 5156">
    <p class='ocr_par' dir='ltr' id='par_1_119' title="bbox 1965 5080 3516 5156">
     <span class='ocr_line' id='line_1_119' title="bbox 1965 5080 3516 5156; baseline -0.008 -17"><span class='ocrx_word' id='word_1_862' title='bbox 1965 5080 2212 5141; x_wconf 72' lang='lat' dir='ltr'><strong>Videmus</strong></span> <span class='ocrx_word' id='word_1_863' title='bbox 2254 5080 2414 5156; x_wconf 73' lang='lat' dir='ltr'><strong>igitur</strong></span> <span class='ocrx_word' id='word_1_864' title='bbox 2458 5091 2512 5139; x_wconf 87' lang='lat' dir='ltr'><strong>in</strong></span> <span class='ocrx_word' id='word_1_865' title='bbox 2555 5080 2821 5138; x_wconf 85' lang='lat' dir='ltr'><strong>communi</strong></span> <span class='ocrx_word' id='word_1_866' title='bbox 2851 5080 3095 5156; x_wconf 13' lang='lat' dir='ltr'><strong>usuique</strong></span> <span class='ocrx_word' id='word_1_867' title='bbox 3128 5080 3296 5156; x_wconf 75' lang='lat' dir='ltr'><strong>subito</strong></span> <span class='ocrx_word' id='word_1_868' title='bbox 3333 5080 3516 5130; x_wconf 79' lang='lat' dir='ltr'><strong>nte-itis</strong></span> 
     </span>
    </p>
   </div>
   <div class='ocr_carea' id='block_1_120' title="bbox 1958 5151 3517 5226">
    <p class='ocr_par' dir='ltr' id='par_1_120' title="bbox 1958 5151 3517 5226">
     <span class='ocr_line' id='line_1_120' title="bbox 1958 5151 3517 5226; baseline -0.009 -15"><span class='ocrx_word' id='word_1_869' title='bbox 1958 5161 2148 5226; x_wconf 82' lang='lat' dir='ltr'><strong>impetu</strong></span> <span class='ocrx_word' id='word_1_870' title='bbox 2182 5151 2435 5226; x_wconf 70' lang='lat' dir='ltr'><strong>simplicia</strong></span> <span class='ocrx_word' id='word_1_871' title='bbox 2466 5157 2702 5226; x_wconf 79' lang='lat' dir='ltr'><strong>videntur</strong></span> <span class='ocrx_word' id='word_1_872' title='bbox 2725 5164 2775 5207; x_wconf 82' lang='lat' dir='ltr'><strong>et</strong></span> <span class='ocrx_word' id='word_1_873' title='bbox 2810 5154 2989 5226; x_wconf 74' lang='lat' dir='ltr'><strong>unica,</strong></span> <span class='ocrx_word' id='word_1_874' title='bbox 3018 5151 3324 5226; x_wconf 62' lang='lat' dir='ltr'><strong>accuratius</strong></span> <span class='ocrx_word' id='word_1_875' title='bbox 3343 5160 3517 5226; x_wconf 70' lang='lat' dir='ltr'><strong>quiem</strong></span> 
     </span>
    </p>
   </div>
   <div class='ocr_carea' id='block_1_121' title="bbox 1958 5218 3519 5297">
    <p class='ocr_par' dir='ltr' id='par_1_121' title="bbox 1958 5218 3519 5297">
     <span class='ocr_line' id='line_1_121' title="bbox 1958 5218 3519 5297; baseline -0.007 -18"><span class='ocrx_word' id='word_1_876' title='bbox 1958 5218 2442 5297; x_wconf 50' lang='lat' dir='ltr'><strong>inquirendo&#39;varm</strong></span> <span class='ocrx_word' id='word_1_877' title='bbox 2475 5221 2522 5281; x_wconf 81' lang='lat' dir='ltr'><strong>et</strong></span> <span class='ocrx_word' id='word_1_878' title='bbox 2574 5227 2841 5297; x_wconf 48' lang='grc' dir='ltr'>[κναφέα</span> <span class='ocrx_word' id='word_1_879' title='bbox 2880 5222 3005 5297; x_wconf 58' lang='lat' dir='ltr'><strong>dum</strong></span> <span class='ocrx_word' id='word_1_880' title='bbox 3041 5230 3226 5297; x_wconf 52' lang='lat' dir='ltr'><strong>licente</strong></span> <span class='ocrx_word' id='word_1_881' title='bbox 3270 5218 3519 5297; x_wconf 52' lang='lat' dir='ltr'><strong>dividun-</strong></span> 
     </span>
    </p>
   </div>
   <div class='ocr_carea' id='block_1_122' title="bbox 1962 5286 3517 5365">
    <p class='ocr_par' dir='ltr' id='par_1_122' title="bbox 1962 5286 3517 5365">
     <span class='ocr_line' id='line_1_122' title="bbox 1962 5286 3517 5365; baseline -0.007 -16"><span class='ocrx_word' id='word_1_882' title='bbox 1962 5286 2068 5360; x_wconf 60' lang='lat' dir='ltr'><strong>tui,</strong></span> <span class='ocrx_word' id='word_1_883' title='bbox 2103 5299 2214 5351; x_wconf 68' lang='lat' dir='ltr'><strong>sola</strong></span> <span class='ocrx_word' id='word_1_884' title='bbox 2235 5298 2551 5365; x_wconf 81' lang='lat' dir='ltr'><strong>cogitatione</strong></span> <span class='ocrx_word' id='word_1_885' title='bbox 2584 5291 3021 5365; x_wconf 44' lang='lat' dir='ltr'><strong>ditiisibilimdici.</strong></span> <span class='ocrx_word' id='word_1_886' title='bbox 3041 5288 3206 5343; x_wconf 84' lang='lat' dir='ltr'><strong>Paulo</strong></span> <span class='ocrx_word' id='word_1_887' title='bbox 3229 5298 3352 5358; x_wconf 83' lang='lat' dir='ltr'><strong>post</strong></span> <span class='ocrx_word' id='word_1_888' title='bbox 3376 5288 3428 5341; x_wconf 88' lang='lat' dir='ltr'><strong>d.</strong></span> <span class='ocrx_word' id='word_1_889' title='bbox 3459 5286 3517 5348; x_wconf 70' lang='grc'>2,</span> 
     </span>
    </p>
   </div>
   <div class='ocr_carea' id='block_1_123' title="bbox 1964 5360 3059 5437">
    <p class='ocr_par' dir='ltr' id='par_1_123' title="bbox 1964 5360 3059 5437">
     <span class='ocr_line' id='line_1_123' title="bbox 1964 5360 3059 5437; baseline -0.006 -18"><span class='ocrx_word' id='word_1_890' title='bbox 1964 5368 2076 5437; x_wconf 74' lang='lat' dir='ltr'><strong>lege</strong></span> <span class='ocrx_word' id='word_1_891' title='bbox 2106 5371 2225 5422; x_wconf 82' lang='grc' dir='ltr'>κατ’</span> <span class='ocrx_word' id='word_1_892' title='bbox 2246 5360 2486 5421; x_wconf 76' lang='grc' dir='ltr'>ἐπίνοιαν</span> <span class='ocrx_word' id='word_1_893' title='bbox 2518 5367 2609 5419; x_wconf 72' lang='grc' dir='ltr'>καὶ</span> <span class='ocrx_word' id='word_1_894' title='bbox 2629 5362 2815 5437; x_wconf 28' lang='grc' dir='ltr'>ταῦτα..</span> <span class='ocrx_word' id='word_1_895' title='bbox 2850 5360 3059 5437; x_wconf 63' lang='lat' dir='ltr'><strong>Mantus.</strong></span> 
     </span>
    </p>
   </div>
   <div class='ocr_carea' id='block_1_124' title="bbox 2033 5425 3521 5509">
    <p class='ocr_par' dir='ltr' id='par_1_124' title="bbox 2033 5425 3521 5509">
     <span class='ocr_line' id='line_1_124' title="bbox 2033 5425 3521 5509; baseline -0.011 -16"><span class='ocrx_word' id='word_1_896' title='bbox 2033 5425 2144 5509; x_wconf 75' lang='grc'>(51)</span> <span class='ocrx_word' id='word_1_897' title='bbox 2188 5441 2317 5506; x_wconf 75' lang='lat' dir='ltr'><strong>Reg.</strong></span> <span class='ocrx_word' id='word_1_898' title='bbox 2370 5442 2601 5509; x_wconf 53' lang='lat' dir='ltr'><strong>tertius,</strong></span> <span class='ocrx_word' id='word_1_899' title='bbox 2632 5434 2842 5503; x_wconf 71' lang='grc' dir='ltr'>ἐπινοίᾳ</span> <span class='ocrx_word' id='word_1_900' title='bbox 2884 5431 3019 5502; x_wconf 82' lang='grc' dir='ltr'>μόνῃ</span> <span class='ocrx_word' id='word_1_901' title='bbox 3078 5426 3328 5509; x_wconf 70' lang='grc' dir='ltr'>θεωρητὰ</span> <span class='ocrx_word' id='word_1_902' title='bbox 3356 5425 3521 5509; x_wconf 38' lang='grc' dir='ltr'><strong>,λέγι-</strong></span> 
     </span>
    </p>
   </div>
   <div class='ocr_carea' id='block_1_125' title="bbox 1964 5496 3515 5569">
    <p class='ocr_par' dir='ltr' id='par_1_125' title="bbox 1964 5496 3515 5569">
     <span class='ocr_line' id='line_1_125' title="bbox 1964 5496 3515 5569; baseline -0.01 -6"><span class='ocrx_word' id='word_1_903' title='bbox 1964 5496 2071 5569; x_wconf 75' lang='grc' dir='ltr'>ται,</span> <span class='ocrx_word' id='word_1_904' title='bbox 2129 5496 2336 5561; x_wconf 64' lang='grc' dir='ltr'>’ναιίοῖιε</span> <span class='ocrx_word' id='word_1_905' title='bbox 2390 5509 2501 5561; x_wconf 82' lang='lat' dir='ltr'><strong>sola</strong></span> <span class='ocrx_word' id='word_1_906' title='bbox 2549 5496 2963 5559; x_wconf 52' lang='lat' dir='ltr'><strong>dicuntur&#39;eisc</strong></span> <span class='ocrx_word' id='word_1_907' title='bbox 2993 5496 3515 5567; x_wconf 60' lang='lat' dir='ltr'><strong>&quot;comprehensibilia.</strong></span> 
     </span>
    </p>
   </div>
   <div class='ocr_carea' id='block_1_126' title="bbox 1965 5573 3516 5647">
    <p class='ocr_par' dir='ltr' id='par_1_126' title="bbox 1965 5573 3516 5647">
     <span class='ocr_line' id='line_1_126' title="bbox 1965 5573 3516 5647; baseline -0.01 -14"><span class='ocrx_word' id='word_1_908' title='bbox 1965 5582 2065 5633; x_wconf 84' lang='lat' dir='ltr'><strong>Alii</strong></span> <span class='ocrx_word' id='word_1_909' title='bbox 2090 5596 2181 5634; x_wconf 85' lang='lat' dir='ltr'><strong>sex</strong></span> <span class='ocrx_word' id='word_1_910' title='bbox 2219 5593 2346 5632; x_wconf 89' lang='lat' dir='ltr'><strong>mss.</strong></span> <span class='ocrx_word' id='word_1_911' title='bbox 2382 5588 2435 5629; x_wconf 86' lang='lat' dir='ltr'><strong>et</strong></span> <span class='ocrx_word' id='word_1_912' title='bbox 2457 5587 2684 5645; x_wconf 85' lang='lat' dir='ltr'><strong>utraque</strong></span> <span class='ocrx_word' id='word_1_913' title='bbox 2716 5576 2880 5647; x_wconf 78' lang='lat' dir='ltr'><strong>editio</strong></span> <span class='ocrx_word' id='word_1_914' title='bbox 2915 5586 3105 5641; x_wconf 87' lang='lat' dir='ltr'><strong>magno</strong></span> <span class='ocrx_word' id='word_1_915' title='bbox 3132 5573 3271 5647; x_wconf 81' lang='lat' dir='ltr'><strong>inter</strong></span> <span class='ocrx_word' id='word_1_916' title='bbox 3300 5581 3516 5647; x_wconf 43' lang='lat' dir='ltr'><strong>sei-on.-</strong></span> 
     </span>
    </p>
   </div>
   <div class='ocr_carea' id='block_1_127' title="bbox 1964 5637 3525 5719">
    <p class='ocr_par' dir='ltr' id='par_1_127' title="bbox 1964 5637 3525 5719">
     <span class='ocr_line' id='line_1_127' title="bbox 1964 5637 3525 5719; baseline -0.01 -14"><span class='ocrx_word' id='word_1_917' title='bbox 1964 5667 2120 5705; x_wconf 73' lang='lat' dir='ltr'><strong>seusu</strong></span> <span class='ocrx_word' id='word_1_918' title='bbox 2152 5649 2362 5718; x_wconf 70' lang='grc' dir='ltr'>ἐπινοίᾳ</span> <span class='ocrx_word' id='word_1_919' title='bbox 2389 5648 2524 5719; x_wconf 81' lang='grc' dir='ltr'>μόνῃ</span> <span class='ocrx_word' id='word_1_920' title='bbox 2544 5637 2798 5719; x_wconf 67' lang='grc' dir='ltr'>διαιρετὰ</span> <span class='ocrx_word' id='word_1_921' title='bbox 2817 5637 3048 5712; x_wconf 66' lang='grc' dir='ltr'>λέγεται,</span> <span class='ocrx_word' id='word_1_922' title='bbox 3085 5641 3281 5694; x_wconf 77' lang='lat' dir='ltr'><strong>ratione</strong></span> <span class='ocrx_word' id='word_1_923' title='bbox 3309 5637 3421 5690; x_wconf 79' lang='lat' dir='ltr'><strong>sala</strong></span> <span class='ocrx_word' id='word_1_924' title='bbox 3447 5637 3525 5689; x_wconf 63' lang='lat' dir='ltr'><strong>di-</strong></span> 
     </span>
    </p>
   </div>
   <div class='ocr_carea' id='block_1_128' title="bbox 1964 5718 2625 5774">
    <p class='ocr_par' dir='ltr' id='par_1_128' title="bbox 1964 5718 2625 5774">
     <span class='ocr_line' id='line_1_128' title="bbox 1964 5718 2625 5774; baseline -0.002 -2"><span class='ocrx_word' id='word_1_925' title='bbox 1964 5730 2150 5774; x_wconf 81' lang='lat' dir='ltr'><strong>cuntur</strong></span> <span class='ocrx_word' id='word_1_926' title='bbox 2179 5738 2287 5774; x_wconf 80' lang='lat' dir='ltr'><strong>esse</strong></span> <span class='ocrx_word' id='word_1_927' title='bbox 2324 5718 2625 5772; x_wconf 75' lang='lat' dir='ltr'><strong>divisibilia.</strong></span> 
     </span>
    </p>
   </div>
  </div>
