4026 6460
218 383 330 436 59.5

1332 383 1712 441 ADVERSUS
1750 385 2117 443 EUNOMIUH
2160 385 2287 440 LIB.
2329 380 2370 438 Ι.

3369 398 3471 457 595

198 506 497 576 ᾖυώνυμός
521 523 603 568 τις
627 504 724 559 ῶνο
759 506 819 558 οὐ
852 506 958 579 γὰρ
994 506 1170 563 πάντα
1207 507 1271 560 τά
1298 508 1533 579 ὀνόματα
1556 511 1635 573 είς
1659 526 1786 562 ταυ-

1894 510 1991 562 bus
2022 509 2275 577 praeditus
2304 524 2409 563 non
2438 518 2553 574 est;
2576 525 2673 565 nec
2703 512 2845 566 enim
2867 516 3085 568 nomina
3120 518 3297 572 omnia
3335 522 3473 576 inter

213 598 305 651 τὸν
336 597 584 667 ἀλλήλοις
624 598 799 669 φέρει.
827 599 988 651 Ἀλλο
1020 599 1128 670 γὰρ
1150 600 1210 651 τὸ
1243 601 1637 670 σημαινόμενον
1677 619 1787 669 φω-

221 692 321 755 τὸς,
353 692 445 743 καὶ
484 690 610 743 ἄλλο
638 692 907 762 ἀμπέλου,
935 694 1027 746 καὶ
1055 691 1182 746 ἀλλο
1213 692 1357 758 ὁδοῦ,
1387 693 1480 746 καὶ
1517 693 1644 745 ἄλλο
1672 711 1788 745 ποι-

216 784 397 853 μένος.
446 783 583 837 Ἀλλ’
620 785 678 838 ἓν
710 785 785 838 ὢν
828 786 969 839 κατά
1009 785 1069 838 τὸ
1116 786 1494 857 ὑποκείμενον,
1546 787 1639 839 καὶ
1690 788 1787 857 μία

211 874 369 928 οὐσία
384 876 473 927 καὶ
488 876 629 946 ἁπλῆ
643 879 737 930 καὶ
750 876 1056 939 ἀσύνθετος,
1073 876 1259 930 ἄλλοτε
1276 878 1447 942 ἄλλως
1467 880 1652 932 ἐαυτὸν
1676 879 1790 932 ὀνο-

216 970 397 1040 μάζει,
417 974 535 1034 ταῖς
556 972 818 1033 ἐπινοίαις
840 971 1198 1042 διαφερούσας
1222 972 1463 1043 ἀλλήλων
1486 973 1583 1035 τὰς
1618 990 1787 1044 προσ-

218 1064 441 1135 ηγορίας
461 1064 950 1136 μεθαρμοζόμενος.
965 1065 1120 1118 Κατά
1137 1067 1249 1138 γὰρ
1268 1065 1363 1135 τὴν
1376 1066 1482 1119 τῶν
1500 1067 1788 1146 ἐνεργειῶν

211 1152 500 1224 διαφορὰν.
547 1154 639 1206 καὶ
684 1153 781 1223 τὴν
818 1155 955 1225 πρὸς
996 1155 1064 1208 τά
1102 1156 1536 1227 εὐεργετοῦμενα
1583 1158 1785 1225 σχέσιν,

210 1244 443 1315 διάφορα
474 1241 646 1311 ἑαυτῷ
690 1244 783 1295 καὶ
815 1243 883 1295 τὰ
908 1245 1147 1313 ὀνόματα
1170 1246 1394 1299 τίθεται.
1418 1245 1537 1310 Φῶς
1561 1246 1660 1317 μὲν
1680 1247 1789 1318 γάρ

213 1337 404 1389 ἑαυτὸν
438 1336 530 1388 τοῦ
578 1338 781 1407 κόσμου
816 1337 984 1406 λέγει,
1016 1339 1076 1390 τό
1096 1355 1153 1390 τε
1190 1340 1480 1409 ἀπρόσιτον
1511 1339 1611 1409 τῆς
1637 1341 1694 1393 ἐν
1721 1344 1787 1412 τῇ

211 1427 427 1497 [νεότητι
446 1428 599 1497 δόξης
628 1427 704 1499 τῷ
731 1430 953 1500 ὀνόματι
981 1429 1152 1500 τούτῳ
1182 1430 1571 1500 διασημαίνων,
1592 1432 1686 1485 κα)¹
1716 1433 1792 1495 ὼς

209 1524 280 1590 τῇ
312 1521 655 1592 λαμπρότητι
687 1522 787 1593 τῆς
815 1522 1067 1590 γνώσεως
1104 1523 1228 1585 τοὺς
1264 1524 1706 1595 κεκαθαρμένους
1733 1525 1791 1577 τὸ

206 1614 370 1682 ὄμμα
396 1612 494 1681 τῆς
514 1612 686 1685 ψυχῆς
716 1613 1072 1681 καταυγόιζων
1093 1629 1109 1644 ·
1138 1613 1381 1684 ἄμπελον
1435 1614 1513 1677 δὲ,
1546 1615 1620 1679 ὡς
1664 1618 1790 1679 τοὺς

209 1705 268 1755 ἐν
315 1705 462 1775 αὐτῷ
496 1706 637 1759 κατά
678 1709 775 1778 τὴν
806 1707 988 1759 πίστιν
1039 1708 1440 1778 ἐρῥιζωμένους
1488 1710 1574 1761 ἐπ’
1615 1709 1789 1779 ἔργων

200 1796 431 1864 ἀγαθῶν
455 1800 848 1870 καρποφορίαις
876 1801 1171 1871 ἐκτρέφων’
1199 1801 1358 1869 ἄρτον
1388 1800 1463 1866 δὲ,
1492 1800 1567 1862 ὡς
1599 1803 1792 1854 οἰκειο-

204 1887 348 1957 τάτη
384 1892 553 1961 τροφὴ
586 1890 802 1960 λογικοῦ
854 1894 1152 1960 τυγχάνων,
1208 1891 1283 1961 τῷ
1329 1892 1639 1962 διακρατεῖν
1688 1894 1786 1962 τὴν

204 1980 472 2033 σύστασιν
492 1983 592 2051 τῆς
625 1984 820 2054 ψυχῆς,
849 1987 940 2036 καὶ
964 1985 1025 2036 τὸ
1058 1985 1252 2053 ἰδίωμα
1281 1984 1448 2053 αὐτῆς
1479 1983 1783 2048 διασώζειν,

205 2072 545 2144 ἀναπληρῶν
576 2076 686 2143 (58)
722 2077 807 2127 ἀεὶ
832 2077 958 2145 παρ’
984 2075 1175 2127 ἑαυτοῦ
1204 2075 1263 2126 τὸ
1291 2076 1487 2139 ἐνδέον,
1524 2075 1618 2128 καὶ
1653 2076 1788 2146 πρὸς

204 2164 311 2235 τὴν
362 2167 420 2231 ἐξ
467 2167 687 2233 ἀλογίας
740 2167 1090 2238 ἐγγινομένην
1146 2168 1457 2239 ἀρρωστίαν
1514 2170 1615 2221 οὐκ
1684 2169 1787 2222 ἐῶν

205 2258 577 2326 ὑποφέρεσθαι
620 2258 750 2328 (59).
784 2260 892 2313 Καὶ
939 2260 1109 2323 οὕτως
1145 2262 1208 2313 ἀν
1248 2280 1331 2325 τις
1366 2263 1472 2315 τῶν
1506 2264 1787 2332 ὀνομάτων

203 2346 439 2399 ἕκαστον
471 2348 740 2416 ἐφοδεύων
782 2350 1030 2414 ποικίλας
1071 2350 1220 2420 εὖροι
1261 2352 1358 2414 τὰς
1399 2354 1640 2415 ἐπινοίας
1669 2354 1785 2415 ἐνὸς

205 2437 444 2489 ἑκάστου
484 2438 576 2490 τοῦ
617 2440 755 2492 κατά
788 2441 884 2512 τὴν
914 2442 1097 2492 οὐσίαν
1138 2444 1250 2503 τοῖς
1286 2444 1449 2494 πᾶσιν
1493 2444 1787 2513 ὑποκειμέ-

205 2546 322 2581 νου.
379 2530 472 2592 Τίς
512 2527 602 2583 οὖν
646 2531 786 2584 οῦτω
832 2532 926 2601 τὴν
970 2532 1219 2599 γλῶσσαν
1271 2533 1407 2604 πρὸς
1440 2534 1785 2605 βλασφημίαν

204 2621 496 2692 ἡκόνηται,
544 2623 681 2673 ὥστε
717 2623 979 2691 τολμῆσαι
1030 2625 1205 2676 εἰπεῖν
1253 2630 1370 2689 ταῖς
1433 2632 1637 2695 φωναῖς
1688 2628 1787 2692 τὰς

205 2715 454 2775 ἐπινοίας
488 2713 686 2775 ταύτας
722 2714 1157 2781 συνδιαλύεσθαις
1199 2719 1264 2770 Τί
1304 2714 1394 2771 οῦν
1424 2720 1620 2773 ἄτοπον
1647 2720 1787 2774 οῦτω

206 2806 305 2857 καὶ
337 2805 428 2857 ἐπὶ
460 2804 550 2857 τοῦ
587 2804 720 2857 Θεοῦ
762 2807 870 2859 τῶν
902 2808 1037 2861 ὅλων
1087 2809 1461 2880 λαμϐάνεσθαί
1495 2830 1615 2865 τινα
1666 2815 1784 2866 κατ’

208 2898 477 2962 ἐπίνοιαν,
523 2899 614 2950 καὶ
659 2902 790 2952 αὐτὸ
831 2902 987 2955 τοῦτο
1040 2904 1254 2974 πρῶτον
1298 2904 1445 2975 (40),
1494 2907 1620 2977 περὶ
1657 2900 1716 2957 οῦ
1757 2908 1784 2958 ὁ

208 2990 433 3059 σύμπας
464 2993 593 3061 ἡμῖν
625 2992 902 3061 κεκίνηται
928 2994 1117 3061 λόγος
1152 2996 1469 3067 Εὑρὴσομεν
1497 2995 1602 3066 γὰρ
1631 2996 1785 3049 οὐδα-

211 3083 330 3152 μῶς
350 3083 550 3154 ἑτέρως
571 3084 861 3153 λεγόμενον
890 3085 950 3137 τὸ
969 3086 1319 3154 ἀγέννητον.
1354 3087 1662 3158 Ἀερθαρτον
1678 3088 1785 3160 γὰρ

208 3173 326 3243 (41)
354 3175 447 3226 κα).
484 3176 776 3244 ἀγέννητον
802 3173 937 3228 εἶναι
965 3177 1053 3228 τὸν
1086 3178 1216 3228 Θεὸν
1251 3178 1354 3230 τῶν
1380 3178 1511 3231 ὅλων
1535 3179 1783 3253 λέγομεν,

208 3266 355 3317 κατά
396 3265 682 3335 διαφόρους
724 3266 977 3329 ἐπιϐολὰς
1009 3274 1117 3330 τοῖς
1147 3269 1371 3339 ὀνόμασι
1388 3272 1595 3337 τούτοις
1630 3292 1788 3345 προσ-

207 3352 582 3422 αγορεύοντες.
606 3354 771 3406 Ὅταν
819 3359 916 3425 μὲν
946 3357 1053 3427 γὰρ
1083 3363 1161 3421 εἰς
1190 3361 1314 3423 τοὺς
1334 3362 1560 3416 κατόπιν
1588 3366 1788 3429 αἰῶνας

209 3438 629 3509 ἀποϐλέψωμιν,
670 3443 1182 3513 ὑπερεκπίπτουσαν
1218 3451 1401 3519 πάσης
1434 3453 1607 3523 ἀρχῆς
1637 3456 1787 3526 εὑρί-

210 3546 435 3594 σκοντες
470 3531 567 3602 τὴν
595 3532 737 3605 ζωὴν
765 3535 857 3588 τοῦ
900 3536 1055 3603 Θεοῦ,
1102 3540 1392 3611 ἀγέννητον
1441 3543 1600 3596 αὐτὸν
1634 3546 1786 3614 λέγο-

212 3638 315 3691 μεν
335 3639 347 3651 ·
380 3624 507 3676 ὅταν
536 3625 591 3678 δὲ
621 3630 730 3689 τοίς
759 3629 1145 3700 ἐπερχομένοις
1178 3634 1336 3687 αἰῶσι
1362 3636 1451 3689 τὸν
1472 3636 1595 3689 νοῦν
1624 3640 1788 3693 ἐπεκ-

206 3714 494 3785 τείνωμεν,
530 3719 620 3771 τὸν
658 3720 907 3790 ἀόριστον
932 3724 1043 3791 (42)
1075 3726 1169 3778 καὶ
1206 3728 1452 3799 ἄπειρον,
1490 3731 1579 3783 καὶ
1612 3732 1787 3785 οὐδενὶ

208 3805 356 3858 τέλει
405 3810 748 3881 καταληπτὸν
800 3818 1275 3888 προσαγορεύομεν
1344 3821 1642 3894 ἇςρθαρτον.
1702 3825 1787 3889 Ὠς

208 3893 305 3951 οῦν
350 3898 409 3950 τὸ
442 3900 791 3973 ἀτελεύτητον
834 3905 931 3974 τῆς
964 3907 1107 3977 ζωῆς
1143 3912 1254 3980 (45)
1313 3909 1787 3986 ἄφθαρτον,ὀῦτω

209 3989 271 4041 τὸ
310 3988 541 4059 ἄναρχον
592 3994 762 4064 αὐτῆς
794 3995 1084 4067 ἀγέννητον
1114 4000 1446 4071 ιτ)νομάσῦη,’
1480 4010 1545 4075 τῇ
1578 4009 1788 4079 ἐπινοίᾳ

211 4081 561 4151 Θεωροῦντων
582 4088 612 4154 ἡ
622 4086 738 4155 μῶν
761 4089 920 4141 ἐκάτε
931 4107 1014 4159 ρα.
1051 4091 1145 4155 Τίς
1168 4091 1258 4146 οῦν
1282 4096 1496 4167 ἀντερεῖ
1525 4097 1679 4166 λόγος
1696 4102 1788 4152 καὶ

210 4177 542 4229 ἐπινοεῖσθαι
572 4179 677 4230 τῶν
715 4183 993 4252 ὀνομάτων
1022 4184 1223 4241 τούτων
1248 4190 1522 4261 ἑκάτερον,
1543 4195 1635 4245 καὶ
1663 4196 1788 4264 ὁμο-

210 4266 401 4335 λογίαν
444 4264 581 4323 εἷναι
614 4271 706 4323 τοῦ
744 4274 863 4325 κατ’
900 4274 1159 4345 ἀλήθειαν
1188 4278 1263 4349 τῷ
1298 4280 1416 4351 Θεῷ
1455 4285 1784 4353 προσόντος;

220 4360 282 4412 Ὀ
299 4359 440 4423 δέὠς
461 4363 743 4433 μαχόμενα
764 4364 935 4419 ταῦτα
954 4369 1045 4419 καὶ
1061 4370 1349 4440 ἀσύμϐατα
1383 4376 1657 4440 παντελῶς
1676 4378 1786 4449 (44)

210 4452 307 4505 ἀπ’
330 4452 569 4522 ἀλλήλων
605 4456 873 4526 διίστησι·
905 4460 987 4516 τὸ.
1019 4463 1071 4513 τί
1104 4463 1221 4515 κατ’
1257 4466 1499 4521 ἐπίνοιαν
1532 4471 1589 4522 τ).
1632 4472 1786 4539 λέγε-

213 4542 361 4608 σθαι,
388 4545 481 4597 καὶ
510 4546 571 4598 τὸ
599 4547 947 4620 ἀποπληροῦν
968 4552 1043 4622 τῷ
1065 4553 1181 4624 Θεῷ
1206 4556 1316 4627 (45)
1348 4561 1445 4628 τὴν

212 4636 360 4687 ἐστιν
386 4637 694 4707 ὁμολογίαν.

1890 618 1948 656 se
1964 603 2323 672 signiﬁcatum
2341 602 2585 656 eumdem
2606 619 2714 673 pra:
2737 620 2792 658 se
2813 605 3008 661 ferunt.
3026 606 3312 665 Enimvero
3329 613 3471 665 aliud

1890 691 2001 753 lux,
2045 694 2189 747 aliud
2226 694 2372 756 vitis,
2426 694 2570 747 aliud
2623 697 2727 759 via,
2762 697 2902 749 aliud
2948 710 3131 766 pastor
3176 702 3471 770 signiﬁcat.

1894 784 2000 838 Sed
2026 800 2147 837 cum
2176 801 2336 838 unum
2362 786 2431 839 sit
2473 788 2765 841 secundum
2806 789 3127 858 subjectum,
3162 792 3341 862 sitque
3368 811 3469 856 una

1892 877 2187 931 substantia
2227 879 2486 947 simplex,
2517 889 2570 933 et
2614 896 2718 934 non
2767 882 3096 950 compOsita,
3123 884 3258 938 alias
3312 886 3473 941 aliter

1891 984 1948 1023 se
1992 971 2104 1037 ipse
2164 970 2436 1035 nominat,
2470 972 2713 1027 diversas
2770 975 3161 1042 appellationes
3219 977 3358 1032 inter
3409 993 3470 1034 se

1891 1061 2098 1114 ratione
2164 1061 2483 1117 dissidentes
2538 1064 2639 1119 sibi
2701 1068 2801 1134 ipsi
2862 1069 3292 1123 accommodans.
3335 1068 3469 1123 Nam

1890 1169 1988 1222 pro
2016 1155 2391 1223 operationmn
2449 1156 2786 1220 diversitate,
2814 1169 2868 1213 et
2915 1175 3011 1230 pro
3050 1176 3111 1214 ea
3156 1160 3468 1216 habitudine

1889 1260 2049 1314 quam
2084 1247 2150 1299 ad
2183 1262 2245 1301 ea
2286 1248 2468 1313 habet,
2496 1264 2613 1316 qua:
2662 1250 2937 1305 beneﬁciis
2981 1254 3098 1323 ejus
3143 1253 3467 1319 adiciuntur,

1892 1340 2103 1395 diversa
2133 1357 2347 1410 quoque
2378 1343 2483 1396 sibi
2512 1343 2730 1397 nomina
2780 1347 3028 1415 imponit.
3059 1346 3191 1400 Nam
3222 1347 3343 1403 ideo
3380 1364 3469 1404 se-

1892 1430 2066 1498 ipsum
2100 1431 2270 1484 lucem
2304 1433 2490 1487 mundi
2540 1434 2689 1498 dicit,
2719 1435 2860 1503 quod
2902 1437 3096 1505 partim
3131 1438 3465 1493 inaccessam

1891 1522 2105 1577 deitatis
2148 1524 2478 1592 majestatem
2533 1525 2635 1582 hoc
2676 1529 2891 1583 nomine
2928 1530 3231 1598 signiﬁcet,
3269 1534 3466 1602 partim

1890 1617 2033 1683 quod
2088 1617 2374 1683 splendore
2414 1619 2653 1674 scientia;
2704 1636 2797 1675 eos
2852 1622 2941 1689 qui
2998 1633 3249 1693 purgatos
3300 1625 3466 1678 animi

1891 1707 2077 1762 oculos
2105 1710 2321 1771 habent,
2354 1709 2640 1765 illuminet.
2676 1710 2851 1767 Vitem
2883 1730 3045 1780 vero,
3076 1718 3215 1785 quod
3241 1732 3337 1773 eos
3371 1720 3466 1788 qui

1893 1797 1945 1850 in
1971 1812 2035 1851 eo
2081 1813 2177 1865 per
2206 1799 2361 1853 ﬁdem
2424 1802 2634 1855 radices
2673 1819 2919 1873 egerunt,
2943 1804 3205 1862 bonorum
3242 1825 3464 1878 operum

1820 1882 1858 1933 Β
1891 1888 2167 1945 fertilitate
2213 1895 2473 1948 enutriat.
2531 1894 2730 1950 Panem
2787 1910 2987 1963 autem,
3025 1902 3168 1970 quod
3211 1902 3278 1956 sit
3316 1903 3468 1959 cibus

1888 1985 2081 2037 mentis
2128 1987 2359 2039 maxime
2401 1988 2687 2057 proprius,
2723 1995 2921 2059 quippe
2944 1994 3051 2061 .qui
3106 1995 3301 2049 animae
3353 2006 3466 2051 sta-

1890 2086 1998 2129 tum
2034 2078 2304 2133 sustineat
2330 2090 2492 2149 atque
2525 2086 2911 2152 proprietatem
2947 2085 3063 2152 ejus
3093 2098 3395 2152 conservet,
3416 2090 3465 2143 id

1887 2172 2029 2240 quod
2058 2173 2213 2226 deest
2258 2173 2480 2243 explens
2526 2190 2739 2245 semper
2784 2178 2849 2232 de
2890 2180 3087 2247 seipso,
3131 2195 3231 2235 nec
3265 2182 3465 2235 sensim

1889 2263 2066 2316 delabi
2096 2266 2281 2319 sinens
2312 2268 2377 2320 ad
2413 2282 2532 2321 eam
2575 2285 2694 2339 qua:
2721 2287 2782 2325 ex
2827 2271 3051 2325 rationis
3083 2271 3262 2343 inopia
3285 2288 3468 2329 emer-

1887 2354 1964 2424 git
1996 2353 2386 2411 inﬁrmitatem.
2416 2359 2566 2425 Quod
2599 2362 2642 2413 si
2670 2362 2935 2430 quispiam
2984 2365 3054 2417 ita
3098 2366 3315 2421 nomina
3356 2367 3469 2421 sin-

1885 2447 2009 2515 gula
2036 2459 2335 2516 percurrat,
2356 2452 2593 2506 rationes
2618 2454 2796 2508 varias
2824 2456 3066 2510 invenire
3088 2458 3307 2525 poterit,
3329 2468 3465 2512 tarn-

1886 2541 1986 2594 etsi
2009 2542 2303 2595 secundum
2329 2545 2684 2599 substantiam
2720 2562 2879 2600 unum
2911 2556 2965 2601 et
2992 2548 3129 2602 idem
3166 2548 3464 2618 subjectum

1886 2641 1970 2687 est
2003 2633 2275 2688 omnibus.
2317 2634 2451 2701 Quis
2488 2636 2651 2707 igitur
2692 2638 2770 2693 sic
2800 2650 3039 2709 paratam
3100 2641 3167 2696 ad
3202 2641 3467 2710 blasphe-

1889 2726 2141 2779 rnandum
2200 2728 2363 2782 habet
2410 2728 2669 2799 linguam,
2712 2742 2771 2785 ut
2806 2734 2985 2787 dicere
3037 2735 3255 2798 audeat,
3305 2736 3466 2790 simul

1886 2829 2005 2865 cum
2039 2818 2260 2872 vocibus
2286 2819 2381 2873 has
2433 2820 2802 2889 perceptiones
2846 2824 3065 2879 interire
3087 2826 3110 2879 ‘I
3132 2826 3269 2892 Quid
3304 2825 3467 2896 igitur

1884 2905 2103 2958 absurdi
2127 2917 2227 2973 est,
2254 2909 2318 2962 ad
2345 2910 2487 2964 hunc
2518 2911 2677 2965 etiam
2715 2914 2928 2966 modmn
2952 2915 3021 2970 de
3053 2917 3161 2971 Deo
3184 2918 3465 2971 universo—

1889 3012 2002 3049 rum
2023 2998 2443 3069 219quaedam
2468 3003 2761 3057 secundum
2780 3006 3177 3072 perceptionem
3196 3008 3391 3077 accipi,
3409 3018 3465 3062 et

1889 3091 1989 3141 hoc
2026 3089 2195 3155 ipsum
2229 3090 2481 3158 primum,
2514 3093 2581 3146 de
2613 3108 2717 3163 quo
2752 3096 2908 3151 nobis
2952 3107 3061 3153 tota
3106 3100 3350 3156 instituta
3382 3115 3467 3159 est

1889 3180 2217 3250 disputatio?
2243 3182 2518 3255 Nusquam
2541 3189 2682 3242 enim
2722 3193 3055 3259 reperiemus
3083 3211 3267 3251 vocem
3300 3199 3463 3264 hanc,

1890 3271 2379 3339 ingenerationem,
2432 3277 2591 3330 aliter
2667 3282 2937 3349 usurpari.
2999 3283 3463 3353 lncorruptibilem

1888 3377 2122 3429 namque
2155 3378 2217 3416 ac
2263 3364 2560 3435 ingenitum
2604 3368 2769 3423 Deum
2808 3373 3184 3429 universorum
3211 3377 3462 3443 dicimus,

1887 3468 2007 3507 eum
2036 3471 2131 3524 pro
2158 3456 2371 3514 diversa
2407 3463 2625 3518 notione
2651 3464 2735 3518 his
2779 3466 3086 3523 nominibus
3109 3470 3463 3539 appellantes.

1887 3547 2018 3601 Cum
2049 3551 2191 3604 enim
2217 3552 2269 3606 in
2305 3562 2578 3609 transacta
2599 3556 2710 3624 jam
2740 3558 2937 3612 saecula
2974 3561 3313 3627 respicimus,
3345 3563 3467 3618 Dei-

1888 3657 1991 3711 que
2026 3644 2132 3697 vila
2163 3647 2483 3716 principium
2511 3663 2670 3703 omne
2703 3666 2962 3721 superare
2992 3669 3021 3707 a
3057 3655 3213 3710 nobis
3250 3656 3464 3711 inveni-

1890 3743 2162 3803 tur,tunc
2192 3739 2486 3808 ingenitum
2535 3743 2705 3808 ipsum
2759 3744 3030 3801 dicimus:
3072 3764 3193 3803 cum
3240 3764 3368 3805 vero
3408 3751 3461 3806 in

1890 3828 2068 3884 futura
2116 3834 2310 3887 saecula
2364 3835 2745 3903 cogitationem
2782 3840 3144 3907 extendimus,
3182 3857 3329 3911 eum,
3364 3860 3462 3900 ceu

1892 3922 2155 3978 inﬁnitum
2203 3940 2265 3979 ac
2302 3926 2642 3996 immensum,
2669 3946 2768 3986 nec
2810 3932 2917 3987 ullo
2958 3933 3063 3988 ﬁne
3108 3938 3465 4007 comprehen-

1889 4029 2027 4078 sum,
2063 4030 2316 4071 vocamus
2346 4018 2822 4090 incorruptibilem.
2857 4025 3317 4091 Quemadmodum
3366 4030 3464 4098 igi-

1891 4114 1977 4157 tur
2006 4105 2111 4158 vita
2143 4107 2246 4162 ﬁne
2274 4124 2465 4166 carens
2482 4115 2676 4169 dicitur
2705 4116 3189 4187 incorruptibilitas
3221 4139 3236 4174 :
3268 4122 3339 4175 ita
3364 4138 3459 4177 ea-

1888 4196 2007 4251 dem
2048 4200 2295 4272 principii
2326 4219 2518 4274 expers
2558 4218 2784 4262 vocatur
2817 4209 3171 4278 ingeneratio,
3194 4220 3303 4265 tum
3335 4228 3460 4268 cum

1888 4301 2117 4362 utraque
2144 4310 2240 4364 per
2269 4308 2500 4353 mentem
2528 4302 2890 4369 speculamur.
2922 4302 3036 4368 Qua
3061 4304 3223 4373 igitur
3252 4307 3462 4362 ratione

1891 4388 2193 4455 negabitur,
2227 4399 2281 4443 et
2334 4392 2447 4445 hare
2503 4404 2730 4461 utraque
2784 4396 3001 4450 nomina
3053 4399 3376 4468 excogitari,
3408 4409 3462 4454 et

1890 4476 2005 4545 ejus
2033 4481 2174 4549 quod
2208 4496 2393 4534 revera
2428 4482 2534 4537 Deo
2576 4485 2715 4538 inest
2752 4486 3148 4544 confessionem
3178 4504 3299 4546 esse
3322 4492 3346 4546 ?
3369 4491 3463 4545 llle

1474 4562 1567 4615 τοῦ
1599 4561 1736 4617 εἶναι
1762 4566 1786 4617 ὃ

1892 4586 2019 4626 vero
2053 4582 2304 4642 tanquam
2348 4576 2391 4629 si
2422 4576 2534 4630 haec
2566 4577 2707 4634 inter
2735 4594 2794 4634 se
2823 4591 3143 4649 pugnarent,
3178 4598 3281 4639 nec
3320 4584 3460 4651 inter

1894 4676 1952 4716 se
1979 4658 2401 4718 conciliari'ullo
2432 4668 2591 4721 modo
2630 4679 2871 4739 possent,
2900 4670 3125 4727 alterum
3171 4674 3240 4727 ab
3286 4675 3459 4729 altero

213 4731 744 4788 dirimitzinﬁciatur
762 4736 1094 4801 videlicet,el
1120 4739 1319 4810 aliquid
1340 4742 1441 4797 dici
1464 4745 1616 4813 juxta
1647 4749 1811 4801 animi
1852 4755 2273 4824 perceptionem,
2334 4765 2389 4812 et
2438 4773 2535 4825 per
2563 4731 2667 4814 hoc
2700 4761 2872 4829 ipsum
2923 4762 3031 4817 Deo
3077 4764 3311 4831 persolvi
3346 4766 3462 4836 ejus

210 4820 355 4889 quod
386 4830 470 4873 est
503 4826 916 4881 confessionem.

430 4998 649 5085 Χορεῖος
677 5005 1021 5085 aliquot-libri
1058 5012 1147 5085 καὶ
1170 5012 1519 5085 ἀναπληρων.

286 5072 402 5141 (59)
594 5088 740 5159 cum
768 5070 945 5130 _Colb.
991 5089 1044 5131 et
1067 5082 1231 5159 _lieg:
1265 5070 1451 5159 quinto
1484 5088 1781 5159 ’ἀποφέρε-

214 5142 378 5223 σθιαι..
418 5142 523 5223 ᾼΙίἰ
580 5144 819 5223 quinque
859 5163 999 5223 ωδε.
1059 5142 1451 5223 ὑποῷέρεσθαι.
1484 5155 1600 5211 Mox
1632 5142 1781 5211 .eiliti

210 5213 331 5276 ἑνὸς
359 5211 612 5267 ἑκάστου.
647 5211 757 5266 Vox
778 5216 1003 5270 ἑκάστου
1040 5211 1190 5275 deesi
1220 5211 1271 5274 in
1300 5225 1476 5277 multis
1506 5243 1637 5280 mss.

283 5283 396 5352 (40)
456 5283 594 5336 Editi
631 5295 683 5336 et
730 5282 865 5353 Reg.
924 5291 1193 5343 secundus
1239 5292 1332 5344 καὶ
1376 5294 1508 5348 αὐτὸ
1542 5296 1696 5349 τοῦτο
1721 5298 1781 5351 τὸ

208 5353 505 5431 ἀγέννητον
539 5353 775 5431 πρῶτον.
812 5356 964 5422 lllud,
991 5359 1050 5412 τὸ
1098 5362 1412 5431 ἀγέννητον,
1464 5367 1776 5431 delevit-ius,

211 5424 443 5502 aliorum
479 5438 571 5479 sex
599 5425 843 5479 codicum
871 5438 924 5481 et
954 5424 1205 5487 editionis
1248 5424 1381 5487 Ven.
1401 5424 1778 5492 auctoritatem

208 5502 404 5546 secuti.

282 5562 394 5631 (Η)
419 5560 546 5647 111³,Δ
574 5565 882 5647 Ἀφραρτον
910 5569 1051 5647 γάρι
1074 5583 1216 5647 _etc.,
1266 5572 1431 5629 refert
1488 5575 1781 5647 Gregorius

209 5630 507 5710 l‘lysseiius,
534 5630 933 5710 torno_ll,pag.'
989 5630 1115 5702 324,
1171 5630 1340 5710 eaque
1381 5630 1640 5703 adversus
1674 5630 1781 5703 ica;

206 5700 716 5779 lu’mni‘asjunornii
748 5700 912 5779 docte
934 5722 987 5763 et
1020 5700 1237 5779 copiose
1255 5700 1528 5771 'defendit.

277 5771 391 5839 (42)
438 5773 576 5829 Editi
633 5786 685 5829 ct
744 5778 877 5851 Reg.
946 5771 1166 5854 quintus
1212 5784 1302 5839 τὸν
1361 5786 1635 5859 ἀόριστον.
1674 5790 1777 5845 Alii

1894 5018 2130 5095 quinque
2188 5035 2319 5095 rnss.
2358 5023 2419 5077 τὸ
2461 5024 2733 5095 ἀόριστον.
2762 5024 2963 5081 Ibidem
3004 5028 3263 5095 scriptum
3307 5030 3461 5084 inve-

1894 5090 2122 5170 nitur_in
2162 5094 2331 5170 tribus
2360 5090 2900 5170 codicibttsﬁlqmov
2931 5112 3027 5170 pro
3055 5090 3282 5170 ἄπειρον
3318 5117 3332 5132 ·
3364 5102 3458 5155 sed

1890 5174 1990 5238 yox
2025 5160 2251 5238 ἀπειρόν
2285 5164 2481 5238 legitur
2502 5169 2553 5219 in
2584 5167 2702 5218 aliis
2730 5160 2857 5220 mss.
2885 5160 2943 5221 et
2969 5169 3023 5222 in
3059 5160 3457 5238 ipsoliregorio

1888 5226 2171 5300 Nyssenof
2205 5226 2570 5308 licet'alioqui
2602 5251 2706 5289 non
2738 5252 2953 5308 semper
3000 5226 3192 5293 iisdem
3234 5226 3456 5296 vocibus

1888 5311 2092 5366 utatur,
2127 5304 2321 5371 quibus
2361 5305 2612 5359 Basilius.

1959 5371 2071 5444 (45)
2096 5374 2334 5450 {antiqui
2360 5386 2471 5428 tres
2497 5374 2626 5450 libri
2645 5375 3016 5450 sb_dré)tsatov
3037 5379 3136 5449 τῆς
3167 5378 3330 5450 ζωῆς.
3351 5378 3455 5434 lbi-

1884 5443 2006 5497 deln
2043 5444 2173 5520 _editi
2204 5444 2269 5496 τὸ
2303 5445 2535 5520 ἀναρχον
2568 5445 2826 5501 αὑτοῦ....
2878 5443 3340 5520 ἐπιθεωρούντων.
3386 5451 3455 5506 At

1884 5528 2016 5567 mss.
2042 5514 2139 5575 ita,
2179 5525 2235 5567 ut
2261 5514 2547 5572 edidimus.

1956 5583 2065 5654 (44)
2100 5585 2544 5659 Editio-utraque
2582 5603 2703 5641 cum
2764 5587 2892 5657 Reg.
2936 5591 3121 5658 quinto
3148 5592 3243 5644 καὶ
3278 5590 3452 5659 ἀσύμ-

1884 5654 2053 5707 ϐαντα
2110 5654 2412 5718 παντελῶς.
2463 5657 2569 5712 Alii
2620 5674 2715 5712 sex
2774 5654 2904 5714 mss.
2954 5654 3049 5714 καὶ
3110 5654 3400 5732 ἀσύμόατα
3431 5695 3454 5727 ,

1886 5734 2052 5778 recte.

1954 5794 2068 5864 (45)
2096 5793 2237 5851 Editi
2264 5794 2355 5850 τοῦ
2390 5796 2545 5852 Θεοῦ.
2582 5798 2728 5855 Libri
2766 5809 2973 5857 veteres
2999 5801 3075 5873 τῷ
3097 5802 3236 5873 Θεῷ.
