4026 6476
293 386 402 438 1⁵³29

1388 387 1755 445 ADVERSUS
1794 388 2160 446 L‘UNOMIUM
2200 389 2325 444 LIB.
2368 389 2408 444 Ι.
3423 391 3528 445 5ῗο

306 499 448 566 Ἐγώ
470 502 604 568 ειμι,
657 501 752 553 καί
793 503 902 555 οὐκ
955 501 1302 572 ἠλλοίωμαι,
1336 506 1395 558 τὸ
1422 506 1507 558 ἀεὶ
1543 506 1734 559 ταυτὸν
1769 508 1860 558 καὶ

1972 507 2210 559 audimus
2248 503 2389 574 quod
2443 500 2627 555 Posuit
2681 488 2914 556 tenebras
2950 501 3226 556 latibulum
3281 519 3431 557 suum
3459 502 3526 569 “,

335 605 559 658 τρεπτιον
608 589 705 658 τῆς
760 589 906 652 Θείας
945 591 1130 654 οὐσίας
1170 594 1541 664 μανθάνομεν.
1592 595 1714 658 Πῶς
1762 591 1854 648 οῦν

293 681 415 748 ουχὶ
445 681 608 749 μανία
634 681 827 752 σαφὴς,
854 682 926 752 μὴ
956 681 1084 735 ἴδιον
1105 685 1493 755 σημαινόμενον
1521 686 1729 756 ἑκάστῳ
1749 685 1854 738 τῶν

295 771 572 840 ὀνομάτων
620 773 1016 844 ῦποὸεϐλῆσθαι
1077 775 1274 842 λέγειν,
1339 776 1504 840 ἀλλά,
1558 777 1707 847 παρά
1758 778 1855 848 τὴν

296 864 576 933 ἐνέργειαν
599 865 732 935 (55),
773 867 946 919 πάντα
975 867 1168 919 ταυτὸν
1195 868 1448 921 δύνασθαι
1481 870 1725 941 ἀλληλοις
1775 871 1851 923 δι-

301 955 579 1025 ορίζεσθαι
607 957 674 1009 τὰ
696 958 966 1028 ὀνόματα;
996 960 1225 1013 Ἔπειτα
1256 961 1349 1012 ἐὰν
1366 961 1455 1013 καὶ
1477 961 1654 1032 δῶμεν
1681 962 1855 1026 τοῦτο,

299 1047 558 1100 οὐδὀῦτω
579 1049 735 1102 πλέον
764 1051 942 1112 αὐτοῖς
960 1051 1077 1103 οὐδὲ
1110 1053 1189 1114 εἰς
1210 1052 1298 1104 τὸν
1329 1053 1526 1105 σκοπὸν
1560 1055 1855 1122 περιέσται.

300 1139 361 1190 Εί
403 1139 509 1210 γὰρ
545 1140 718 1194 πάντα
742 1139 930 1196 ταῦτα.
954 1142 1044 1193 ἐπὶ
1077 1142 1169 1194 τοῦ
1203 1143 1334 1197 Θεοῦ
1366 1144 1457 1197 καὶ
1485 1146 1695 1215 Πατρὸς
1718 1145 1859 1216 λαμ-

298 1230 590 1302 ϐανόμενα,
615 1232 711 1302 τὴν
738 1233 921 1284 οὐσίαν
953 1234 1114 1286 αὑτοῦ
1142 1235 1411 1305 σημαίνει,
1433 1238 1492 1290 τὸ
1513 1238 1861 1292 ἀναλλοίωτον

296 1322 458 1390 λέγω,
509 1326 601 1376 καὶ
644 1325 703 1376 τὸ
732 1325 980 1394 ἀόρατον,
1018 1327 1110 1379 καὶ
1143 1327 1202 1379 τὸ
1247 1328 1540 1400 ἄφθαρτον,
1577 1329 1863 1401 παραπλη-

299 1417 429 1478 σίως
479 1415 716 1483 δηλονότι
765 1417 856 1469 καὶ
912 1418 1003 1470 ἐπὶ
1055 1419 1149 1472 τοῦ
1213 1422 1530 1490 μονογενοῦς
1590 1421 1716 1474 Υίοῦ
1766 1421 1860 1474 τοῦ

295 1505 431 1558 Θεοῦ
654 1507 841 1570 οὐσίας
891 1507 1040 1563 ἔσται
1100 1511 1390 1582 δηλωτικά.
1431 1515 1680 1584 Ἀόρατον
1713 1514 1820 1581 γάρ
1845 1551 1860 1576 ,

296 1598 392 1650 καὶ
428 1598 801 1664 ἀναλλοίωτον,
845 1602 939 1654 καὶ
979 1603 1268 1674 ἄφθαρτον,
1300 1609 1392 1657 καὶ
1433 1605 1635 1675 ἀμερῆ,
1673 1606 1766 1657 καὶ
1797 1605 1864 1658 τά

295 1690 518 1743 τοιαῦτα
555 1691 749 1748 πάντα.
791 1696 882 1747 καὶ
919 1697 1008 1750 τὸν
1042 1697 1298 1766 μονογενῆ
1342 1697 1466 1750 Υἱὸν
1505 1697 1862 1767 ὀνομάζομεν.

295 1783 403 1834 Καὶ
427 1782 568 1838 οῦτω
589 1785 649 1837 τὸ
680 1787 838 1854 σοφὸν
863 1789 1045 1851 αὐτοῖς
1074 1790 1151 1851 είς
1172 1790 1230 1842 τὺ
1253 1792 1492 1842 ἐναντίον
1528 1789 1867 1862 περιελεύσε-

293 1893 402 1928 ται.
455 1877 528 1930 Οὐ
574 1878 681 1948 γὰρ
712 1879 822 1950 (55)
854 1881 1052 1950 μᾶλλον
1079 1881 1166 1934 διὰ
1211 1883 1268 1935 τὸ
1311 1884 1369 1934 ὲν
1399 1883 1496 1951 μιᾷ
1525 1883 1862 1952 προσηγορίᾳ

294 1967 552 2040 διάτορον
603 1971 853 2041 ἀνόμοιον
910 1973 1050 2027 κατά
1102 1975 1196 2044 τὴν
1255 1975 1439 2026 οὐσίαν
1489 1974 1861 2027 ἀποδεικνύειν

293 2060 528 2125 ἕξουσιν,
565 2062 596 2133 ἢ
637 2063 723 2116 διά
753 2065 853 2134 τὴν
893 2067 949 2116 ὲν
987 2068 1096 2126 τοῖς
1125 2064 1332 2116 πλείοσι
1362 2052 1644 2117 κοινωνίαν
1678 2067 1862 2134 ὅμοιον

293 2150 572 2219 ὁμολογεῖν
621 2154 711 2203 ὑπ’
766 2153 933 2221 αὐτῆς
982 2152 1079 2220 τῆς
1128 2153 1368 2222 ἀνάγκης
1419 2153 1526 2206 τῶν
1560 2154 1863 2224 δεδομένων

295 2245 762 2315 ἐκδιασθήσονται.
790 2247 851 2298 Εἰ
883 2247 938 2298 δὲ
972 2246 1120 2314 λέγοι
1142 2248 1232 2299 ἐπὶ
1270 2248 1436 2318 μόνης
1458 2248 1556 2317 τῆς
1589 2246 1680 2299 τοῦ
1707 2250 1865 2314 ἀγεν-

294 2341 455 2406 νήτου
479 2337 658 2405 φωνῆς
687 2340 750 2408 τῇ
793 2337 1046 2409 εὐλαϐείᾳ
1081 2339 1190 2409 (56)
1223 2339 1395 2411 ταύτῃ
1433 2339 1752 2409 κεχρῆσθαι,
1774 2340 1864 2391 ἐπὶ

294 2427 352 2480 δὲ
382 2427 489 2479 τῶν
517 2427 690 2480 ἄλλων
720 2429 1040 2498 ἀφυλάκτως
1080 2431 1222 2500 ἔχειν
1240 2447 1252 2459 ·
1284 2432 1442 2484 πάλιν
1471 2431 1628 2483 αὑτὸν
1655 2432 1864 2502 ἐρωτή-

299 2537 501 2589 σωμεν,
536 2521 617 2585 τίς
645 2525 677 2592 ή
704 2523 1086 2594 ἀποκλήρωσις
1108 2525 1239 2591 (57),
1271 2523 1536 2576 τοσούτων
1563 2524 1728 2578 ὄντων
1759 2524 1866 2577 τῶν

299 2614 430 2682 περὶ
455 2613 587 2666 Θεοῦ
618 2614 946 2684 λεγομένων,
985 2618 1040 2666 ὲν
1073 2616 1152 2666 ἐνὶ
1183 2615 1360 2685 τούτῳ
1401 2616 1545 2686 μόνῳ
1574 2617 1669 2687 τὴν
1712 2618 1867 2688 ἀκρί-

299 2704 452 2756 ϐειαν
486 2705 905 2770 ἐπιδείκνυσθαι,
948 2709 1039 2759 καὶ
1073 2709 1128 2759 ὲν
1176 2710 1254 2761 ἐν),
1287 2708 1456 2779 τούτῳ
1489 2710 1866 2781 ἀποπληροῦν-

306 2811 369 2845 τα
399 2793 509 2864 (58)
562 2796 710 2865 αὐτῷ
739 2797 836 2868 τὴν
865 2797 956 2850 τοῦ
989 2795 1125 2851 εἶναι
1176 2799 1203 2851 ὅ
1255 2801 1402 2852 ἐστιν
1451 2801 1759 2870 ὁμολογίαν,
1812 2803 1867 2852 ὲν

302 2883 512 2951 ἑτέροις
543 2885 925 2957 παμπληθέσιν
955 2887 1326 2960 ἀνθρωπίναις
1379 2891 1642 2952 ἐπινοίαις
1673 2889 1869 2960 σεμνύ-

304 2993 412 3028 νειν
439 2976 514 3045 μὴ
537 2976 652 3046 (59)
689 2982 1071 3050 παραιτεῖσθαι
1099 2999 1112 3044 ;
1150 2984 1206 3035 Ὀ
1239 2983 1346 3053 γὰρ
1375 2983 1631 3036 πλειόνων
1665 2983 1870 3051 ὀφειλέ-

301 3085 401 3136 της
435 3070 494 3120 οὐ
545 3071 741 3140 μᾶλλον
764 3072 1057 3144 εὐγνώμων
1085 3077 1142 3127 ὲν
1170 3073 1235 3145 τῇ
1281 3074 1371 3126 τοῦ
1420 3075 1536 3136 ἐνὸς
1563 3076 1810 3129 ἀποδόσει
1838 3077 1870 3146 ἢ

303 3161 654 3232 ὑπερϐάλλων
685 3165 1044 3238 ἀγνωμοσύνῃ
1072 3170 1126 3219 ὲν
1145 3171 1210 3236 τῇ
1229 3166 1333 3217 τῶν
1361 3166 1619 3218 πλειόνων
1643 3168 1840 3220 ἀποστε

305 3260 480 3324 ρήσει.
514 3254 668 3307 Οῦτω
726 3256 825 3324 μὲν
852 3253 964 3317 οῦν,
1012 3258 1086 3319 ὡς
1111 3257 1179 3308 τά
1210 3257 1488 3326 πανοῦργα
1515 3256 1622 3308 τῶν
1644 3257 1865 3328 θηρίων,

300 3350 420 3410 ταῖς
442 3347 635 3399 ἑαυτοῦ
668 3347 883 3415 τέχναις
909 3347 1206 3413 ἁλίσκεται,
1233 3342 1314 3411 οἷς
1342 3348 1622 3408 λανθάνειν
1668 3351 1872 3420 ἐπιχει-

301 3438 406 3508 ρεῖ,
441 3435 648 3499 τούτοις
673 3435 831 3488 πλέον
854 3436 1279 3508 διελεγχὸμενος.

1820 3197 1938 3263 VC

1957 597 2238 652 invisibilis
2279 606 2483 649 natura;
2521 594 2635 663 ejus
2663 595 3029 648 admonemur.
3060 593 3192 647 Cum
3219 609 3402 648 rursus
3429 609 3531 648 au-

1956 691 2136 744 dimus
2163 689 2212 741 id
2245 687 2387 756 quod
2427 687 2477 739 in
2512 701 2739 755 persona
2771 686 2863 740 Dei
2903 687 3102 740 dicitur
3137 701 3150 737 :
3187 685 3298 755 Ego
3327 697 3532 751 sum,“

1956 798 2058 833 non
2091 793 2261 833 mutor
2285 779 2361 844 “,
2392 789 2705 848 perpetuam
2743 779 3076 833 identitatem
3117 793 3180 833 ac
3222 778 3533 834 immutabi-

1957 873 2163 926 litatem
2201 871 2514 927 substantiae
2540 871 2732 925 divinae
2763 872 3134 943 intelligimus.
3158 871 3346 926 Nonne
3367 873 3534 940 igitur

1960 961 2243 1016 manifesta
2278 971 2359 1015 est
2401 962 2634 1025 insania,
2666 961 2711 1014 si
2756 960 2905 1015 dicas
2942 963 3218 1032 pr0pricm
3252 963 3528 1033 significa-

1963 1065 2073 1108 tum
2139 1055 2427 1122 unicuique
2477 1055 2679 1107 nomini
2738 1053 3038 1120 subjectum
3086 1070 3193 1108 non
3227 1069 3349 1109 esse
3380 1054 3405 1108 2
3437 1053 3530 1109 sed

1960 1153 2148 1199 contra
2185 1145 2470 1198 verborum
2499 1143 2628 1209 vim,
2649 1146 2906 1199 decernas
2935 1145 3149 1198 nomina
3187 1145 3364 1199 omnia
3385 1144 3528 1198 idem

1963 1236 2102 1290 inter
2147 1251 2205 1290 se
2235 1236 2413 1289 valere
2444 1236 2466 1288 ‘l
2493 1235 2755 1289 Praeterea
2806 1236 3017 1290 etiamsi
3066 1237 3168 1290 hoc
3197 1235 3533 1299 dederimus,

1963 1346 2029 1382 ne
2063 1330 2140 1383 sic
2190 1327 2405 1396 quidem
2435 1328 2512 1382 eis
2547 1328 2840 1396 quidquam
2890 1329 3120 1396 amplius
3157 1327 3426 1395 supererit
3467 1326 3534 1381 ad

1966 1421 2220 1473 luendum
2253 1421 2607 1489 propositum.
2644 1421 2852 1474 Etenim
2889 1421 2933 1473 si
2971 1421 3088 1474 haec
3113 1420 3293 1474 omnia
3321 1435 3441 1473 cum
3465 1418 3535 1475 de

1967 1510 2071 1564 Deo
2100 1519 2154 1563 et
2185 1509 2342 1563 Patre
2369 1509 2643 1574 dicuntur,
2676 1509 3024 1564 substantiam
3058 1509 3175 1576 ejus
3203 1508 3528 1578 significant.

1964 1599 2297 1654 immutabile
2327 1599 2449 1653 dico
2472 1608 2525 1652 et
2549 1599 2818 1654 invisibile
2840 1611 2892 1654 et
2919 1600 3321 1667 incorruptibile
3344 1597 3530 1653 :simi-

1967 1693 2088 1748 liter
2135 1694 2250 1748 sine
2293 1692 2453 1746 dubio
2480 1695 2639 1746 etiam
2671 1693 2736 1746 de
2766 1693 3042 1762 unigenito
3075 1691 3161 1745 Dei
3197 1689 3332 1744 Filio
3355 1692 3521 1754 dicta,

1969 1785 2324 1839 substantiam
2366 1785 2695 1838 iudieabunt.
2727 1781 2860 1836 Nam
2892 1783 3218 1839 invisibilem
3252 1791 3306 1836 et
3330 1781 3531 1835 immu-

1899 1857 1938 1910 Β
1967 1860 2180 1932 labilem
2213 1887 2267 1930 et
2314 1877 2774 1946 incorruptibilem
2806 1885 2859 1929 et
2889 1875 3270 1929 indivisibilem
3314 1888 3376 1927 ac
3411 1872 3536 1928 rell-

1963 1970 2088 2035 quis
2113 1968 2420 2022 nominibus
2454 1969 2722 2022 similibus
2753 1968 2915 2021 etiam
2961 1968 3296 2033 unigenitum
3341 1965 3533 2021 Filium

1966 2060 2332 2116 nominamus.
2376 2061 2438 2114 Et
2486 2060 2557 2114 ita
2594 2059 2806 2113 subtilis
2837 2075 3022 2113 eorum
3052 2058 3260 2126 argutia
3294 2059 3426 2128 ipsis
3453 2074 3537 2114 re-

1963 2152 2105 2206 cidet
2136 2152 2187 2203 in
2223 2153 2574 2207 contrarium.
2603 2151 2715 2206 Non
2761 2153 2904 2206 enim
2938 2152 3107 2220 magis
3139 2152 3540 2221 proptemtnius

1966 2243 2340 2312 appellationis
2372 2244 2761 2308 diversitatem,
2796 2243 3110 2299 dissimilem
3143 2244 3194 2296 in
3237 2241 3537 2296 substantia

1965 2338 2159 2394 Filium
2212 2348 2462 2408 poterunt
2505 2342 2901 2405 demonstrare,
2946 2355 3105 2408 quam
3153 2347 3370 2407 propter
3419 2335 3541 2406 pln-

1969 2434 2108 2486 rium
2135 2434 2562 2486 convenientiam
2607 2432 2835 2487 similem
2885 2431 3126 2484 confiteri
3157 2442 3437 2500 cogentur.
3469 2427 3535 2480 ad

1970 2525 2070 2579 hoc
2106 2540 2172 2579 ex
2203 2525 2478 2579 concessis
2505 2524 2812 2578 necessario
2859 2523 3054 2576 adacti.
3083 2522 3235 2588 Quod
3267 2522 3310 2574 si
3344 2519 3544 2574 dixerit

1969 2616 2020 2669 in
2047 2617 2157 2670 sola
2197 2616 2418 2684 ingenui
2453 2630 2583 2669 voce
2611 2629 2670 2669 se
2705 2615 2805 2668 hac
2849 2613 3327 2683 circumspectione
3355 2613 3455 2676 uti,
3487 2609 3541 2664 in

1971 2708 2189 2777 reliquis
2220 2723 2347 2761 vero
2381 2709 2594 2762 incaute
2626 2723 2683 2761 se
2715 2720 2901 2777 gerere
2935 2721 2949 2759 :
2987 2721 3172 2760 rursus
3204 2705 3376 2774 ipsum
3427 2719 3546 2770 per-

1969 2812 2268 2862 contemur,
2295 2815 2539 2868 qumnam
2567 2802 2638 2854 sit
2668 2802 2779 2854 btec
2809 2799 3022 2864 divisio,
3052 2809 3109 2854 ut
3142 2813 3262 2852 cum
3288 2807 3362 2852 tot
3385 2795 3543 2866 221

1971 2889 2078 2943 sint
2105 2904 2224 2956 quae
2273 2890 2337 2941 de
2373 2889 2480 2942 Deo
2518 2889 2794 2950 dicuntur,
2841 2897 3018 2941 tamen
3066 2889 3120 2940 in
3159 2888 3259 2941 hoc
3290 2902 3394 2940 uno
3431 2885 3548 2940 solo

1971 2984 2304 3054 diligentiam
2348 2983 2622 3044 ostendat,
2667 2991 2830 3048 atque
2863 2981 2914 3032 in
2962 2981 3062 3033 hoc
3089 2995 3199 3032 uno
3240 2975 3286 3033 ei
3327 2975 3547 3030 confes-

1973 3079 2178 3132 sionem
2213 3076 2500 3145 persolvat,
2531 3087 2634 3143 qua
2689 3070 2974 3125 confitetur
3003 3070 3055 3122 id
3101 3084 3223 3122 eum
3255 3082 3371 3122 esse
3401 3065 3547 3136 quod

1974 3177 2058 3220 est
2088 3183 2101 3220 :
2139 3168 2191 3220 in
2222 3167 2432 3220 caeteris
2467 3180 2590 3218 vero
2619 3178 2778 3232 quam
2812 3160 3082 3230 plurimis,
3119 3174 3242 3213 eum
3297 3158 3548 3212 humanis

1973 3260 2302 3329 intelligendi
2363 3259 2536 3312 modis
2592 3258 2850 3310 decorare
2895 3269 3000 3305 non
3052 3262 3281 3306 recuset.
3336 3249 3544 3304 Etenim

1974 3350 2122 3418 plura
2149 3353 2239 3419 qui
2274 3351 2451 3415 debet,
2469 3365 2572 3403 non
2601 3349 2770 3418 magis
2797 3344 3263 3415 gratusjndicatur
3291 3343 3361 3398 ob
3387 3343 3547 3396 unius

1975 3439 2536 3509 redditionem,qnam
2583 3456 2744 3509 supra
2796 3438 3013 3491 modum
3061 3437 3305 3504 ingratus
3329 3436 3397 3490 ob
3429 3435 3547 3503 plu-

305 3532 445 3584 rium
483 3531 898 3588 fraudationem.
957 3533 1238 3604 Sic-igitur
1305 3537 1477 3589 instar
1537 3543 1878 3588 versutarum
1913 3533 2208 3588 bestiarum
2262 3537 2372 3590 suis
2425 3537 2592 3605 ipsius
2647 3537 2854 3589 artibus
2902 3533 3156 3603 capitur,
3193 3533 3318 3587 dum
3351 3531 3547 3601 quibus

300 3626 476 3681 latere
507 3628 714 3695 nititur,
748 3629 812 3682 iis
847 3630 1016 3700 magis
1049 3630 1410 3685 convincitur.

375 3785 419 3816 “
457 3783 599 3837 Psul.
637 3803 768 3849 xvn,
803 3787 886 3840 12.
963 3787 1008 3817 θ’
1041 3785 1227 3842 Malac.
1252 3805 1332 3856 ιιι,
1357 3788 1412 3842 6.

301 3948 440 4002 Ven.
489 3942 735 4017 etuﬂeg.
777 3944 996 4011 quintus
1063 3945 1223 3999 πάλιν
1268 3945 1325 3999 δὲ
1372 3947 1434 3998 τὸ
1478 3946 1542 3998 ὲκ
1587 3944 1880 4017 προσώπου

301 4018 400 4071 τοῦ
436 4014 569 4068 Θεοῦ
613 4014 923 4085 λεγόμενον,
993 4027 1046 4069 et
1115 4021 1184 4068 ita
1247 4017 1530 4081 legendum
1573 4014 1692 4070 esse
1735 4016 1880 4068 arbi-

305 4101 448 4147 tror,
479 4088 555 4140 sic
607 4099 662 4139 ut
718 4089 864 4148 illud,
900 4089 1027 4141 ὅταν
1076 4087 1419 4157 ἀκούσωμεν,
1461 4087 1738 4139 subaudiri
1783 4087 1880 4138 de-

303 4160 453 4213 beat.

385 4231 496 4300 (55)
547 4227 678 4297 Reg.
708 4228 902 4281 tertius
933 4230 1154 4300 perinde
1187 4236 1346 4293 atque
1392 4226 1487 4300 alii
1537 4241 1674 4300 mss.
1714 4225 1877 4280 habet

305 4298 524 4372 quidem
558 4301 608 4352 in
633 4307 886 4372 contextu
915 4299 1424 4372 évépystav,_contra_
1442 4298 1542 4348 vim
1569 4298 1874 4371 verborum;

306 4367 365 4426 ιιι
395 4371 656 4437 scriptum
686 4367 955 4421 invenitur
986 4367 1035 4421 in
1075 4370 1312 4432 margine
1341 4368 1656 4438 ἐνάργειαν,
1695 4367 1874 4419 contria

305 4441 638 4498 evidentium.
673 4438 795 4491 Mihi
827 4439 1039 4489 dubiam
1074 4456 1175 4490 non
1205 4448 1281 4489 est
1309 4439 1436 4506 quin
1476 4442 1743 4504 interpres
1781 4452 1874 4488 ve-

311 4527 400 4566 tus
460 4512 650 4578 legerit
686 4507 833 4578 παρά
874 4509 970 4578 τὴν
1023 4508 1298 4578 ἀλήθειαν,
1334 4525 1451 4558 cum
1493 4510 1875 4578 interpretatus

306 4587 401 4646 sit,
445 4577 627 4632 contra
655 4577 920 4633 veritatem
958 4593 974 4629 :
1016 4577 1245 4648 sedqna
1289 4579 1337 4631 id
1371 4581 1699 4632 auctoritate
1741 4577 1879 4630 lece-

307 4657 401 4712 rit,
441 4650 644 4701 nescio.

381 4718 666 4790 (54)7Editi
699 4729 752 4770 et
806 4734 935 4773 mss.
976 4719 1218 4774 nonnulli
1273 4718 1402 4770 Υξοῦ
1457 4718 1551 4770 καὶ
1586 4717 1746 4770 Θεοῦ.
1774 4717 1878 4770 Alii

308 4787 441 4850 mss.
469 4787 598 4841 Υίοῦ
627 4790 720 4841 τοῦ
744 4790 898 4843 Θεοῦ.

385 4863 496 4932 (55)
530 4858 641 4912 Hoc
666 4862 797 4915 dicit
833 4859 1057 4915 Basilius
1087 4875 1102 4913 :
1137 4860 1347 4932 Patrem
1398 4860 1535 4913 Filio
1572 4859 1876 4932 substantia

317 4928 637 4989 dissimilem
663 4945 785 4984 esse
835 4948 897 4985 ex
925 4947 989 4983 eo
1022 4932 1225 4998 Colligit
1258 4929 1570 4990 Eunomius,
1601 4931 1740 4995 quod
1775 4928 1878 4980 Pa-

310 5017 396 5058 tor
430 5001 700 5072 ingenitus
740 5002 828 5059 sit.
882 5001 1051 5055 Filius
1094 5018 1222 5054 vero
1273 5002 1484 5062 genitus
1538 5017 1552 5054 :
1590 5003 1693 5072 sed
1752 5000 1876 5072 i_l|ud

311 5067 923 5144 argunientandigenus
955 5073 1191 5144 ineptum
1221 5081 1301 5122 est
1330 5078 1383 5122 et
1404 5070 1715 5144 absurdmu.
1743 5067 1876 5144 Cum

309 5139 457 5198 enim
503 5142 666 5197 multa
702 5142 809 5192 sint
845 5145 893 5194 in
941 5143 1136 5208 quibus
1181 5142 1319 5193 inter
1369 5156 1426 5193 se
1481 5139 1876 5209 perfectissime

309 5215 640 5268 conveniant
675 5212 833 5265 Pater
878 5222 931 5264 et
975 5214 1162 5273 Filius,
1192 5214 1258 5265 ob
1292 5211 1696 5280 integerrunam
1734 5211 1874 5261 illam

312 5287 366 5338 in
396 5286 636 5354 pluribus
662 5283 1067 5354 consensionem
1097 5297 1258 5349 atque
1287 5283 1876 5354 convenientianlagpo-

313 5349 420 5407 tius
449 5353 772 5406 Euuomium
804 5351 960 5404 fateri
992 5361 1328 5420 oportuerat.
1365 5350 1648 5405 Patremel
1679 5349 1874 5402 Filium

311 5426 458 5478 inter
489 5440 547 5477 se
571 5424 778 5478 similes
809 5438 946 5482 esse,
983 5438 1080 5476 nec
1106 5424 1292 5475 debuit
1319 5423 1386 5472 ob
1413 5423 1575 5475 unius
1617 5420 1765 5473 vocis
1797 5421 1876 5473 di-

307 5496 622 5550 Versitatem
654 5510 747 5546 eos
775 5492 1064 5547 dissimiles
1088 5494 1398 5560 praedicare.

380 5565 495 5636 (56)
528 5563 636 5616 Vox
666 5565 922 5634 εὐλαϐείᾳ
947 5563 1083 5617 sumi
1118 5566 1327 5615 videtur
1347 5563 1445 5615 hoc
1473 5562 1592 5616 loco”
1619 5577 1714 5628 pro
1741 5577 1876 5636 qua-

310 5634 431 5690 dam
466 5634 974 5702 Circumspectione,
1029 5650 1143 5693 seu,
1188 5649 1285 5698 pro
1339 5644 1590 5685 accurata
1639 5634 1874 5697 quadam

309 5707 562 5778 loquendi
614 5707 967 5778 etrscribcndi
1007 5706 1235 5758 ratione.
1267 5702 1626 5757 Combelisius
1667 5702 1873 5754 vertit:

308 5776 407 5830 huc
445 5777 712 5846 religionis
758 5776 926 5827 larva.

381 5849 492 5908 (37)
543 5843 646 5910 ’Τίς
677 5848 712 5910 ἡ
746 5845 1202 5914 (iaculamur-Ic;
1241 5845 1494 5910 Qua‘nam
1526 5845 1632 5895 ha‘c
1666 5843 1873 5896 (emeri-

1992 3944 2116 3996 tas?
2175 3939 2374 3995 ibidem
2439 3937 2662 3992 delenda
2709 3935 2924 4005 negatio
2980 3943 3104 3987 ante
3144 3931 3548 4005 παραιτεῖσθαι.

1990 4013 2144 4068 Clara
2179 4012 2322 4067 enim
2358 4009 2541 4062 Basilii
2571 4010 2835 4060 sententia
2874 4021 2887 4055 :
2934 4006 3112 4074 arguit
3148 4005 3546 4074 adversarium,

1989 4085 2131 4152 quod
2162 4081 2454 4152 essentiam
2488 4079 2577 4152 Dei
2635 4080 2685 4128 in
2715 4077 2826 4129 sola
2872 4073 3091 4152 ingeniti
3132 4073 3553 4152 vocecoufiter'r

1990 4142 2172 4215 vellet,
2205 4155 2254 4206 in
2288 4151 2409 4204 aliis
2441 4150 2684 4210 vocibus,
2717 4161 2906 4211 nempe
2940 4142 3358 4215 incorruptibilis
3386 4154 3440 4196 et
3470 4145 3553 4195 in-

1985 4225 2236 4280 visibilis.
2262 4220 2378 4285 ejus
2409 4220 2702 4272 essentiam
2738 4222 2941 4286 pariter
2963 4214 3207 4270 conﬁteri
3246 4223 3546 4268 recusaret.

1983 4294 2194 4347 Manu.

2055 4365 2165 4430 (58)
2196 4361 2334 4415 Editi
2369 4359 2464 4412 καὶ
2513 4359 2570 4410 ὲν
2600 4356 2774 4430 τούτῳ
2812 4352 3182 4430 ἀποπληροῦν.
3245 4351 3396 4419 Regii
3445 4362 3554 4430 tres

1985 4424 2066 4487 ἐν’
2097 4424 2176 4487 ὲνλι
2226 4433 2398 4499 τούτῳ
2453 4424 2892 4498 ἀποπληροῦντα.
2953 4424 3101 4479 Gulb.
3139 4439 3297 4478 manu
3352 4424 3553 4478 recenti

1983 4507 2295 4560 etnendatus
2313 4499 2744 4569 ἀποκληροῦντα.

2059 4575 2170 4641 (59)
2209 4573 2476 4625 Particula
2616 4570 2767 4641 abest
2807 4582 2832 4618 ξι
2867 4564 2999 4641 Reg.
3035 4564 3312 4641 secundo;
3345 4579 3443 4641 nec
3473 4563 3554 4641 ἰη-

1985 4633 2287 4714 cogitanter
2313 4633 2621 4714 omissu'est
2651 4655 2682 4714 ιι
2711 4633 3104 4714 Ιιὶιιοιινιυςειιιιι
3138 4636 3187 4714 in
3216 4649 3309 4714 ora
3345 4635 3459 4714 ejus
3488 4633 3552 4684 li-

1985 4704 2083 4769 briv
2104 4715 2367 4780 scriptum
2404 4713 2490 4772 sit,
2523 4709 2583 4760 τὸ
2621 4709 2692 4778 μή
2724 4708 3003 4776 περισσόν,
3053 4704 3311 4780 punietth
3346 4708 3418 4780 μή
3460 4720 3552 4780 an:

1983 4785 2187 4853 per/luo
2217 4773 2323 4833 ἐει.
2355 4781 2466 4853 lloc
2500 4773 2638 4832 idem
2682 4773 2856 4830 visum
2883 4789 2964 4828 est
2990 4774 3421 4853 et_Cumbefisi_o,
3446 4773 3553 4853 “qui

1984 4843 2056 4907 2m
2078 4843 2278 4905 'vocnla
2317 4852 2389 4921 μή
2420 4858 2735 4903 contextum
2758 4857 2939 4921 aperte
2967 4845 3218 4898 vitiosum
3247 4844 3423 4921 reddi.
3445 4843 3552 4921 Sed

1982 4942 2080 4992 ego
2119 4925 2277 4992 longe
2317 4911 2486 4974 'al'iter
2521 4924 2718 4980 sentio,
2751 4911 3093 4992 ai-bitrorque
3123 4913 3443 4992 particulam
3475 4911 3550 4983 μή

1984 4983 2610 5048 niaxinn?necessariam
2643 5004 2784 5046 esse.
2820 4989 3014 5039 nedum
3047 4983 3165 5053 ejus
3205 4984 3302 5036 loci
3333 4991 3550 5035 senten-

1985 5067 2112 5119 tiam
2141 5072 2474 5127 corrumpat.
2536 5061 2700 5128 Igitur
2756 5059 2945 5128 borum
2977 5063 3266 5128 verborum
3318 5053 3431 5128 μιωο
3468 5058 3555 5128 est

1985 5136 2253 5192 Sententia
2289 5149 2300 5184 :
2333 5125 2628 5186 Eunomius
2652 5129 2807 5181 aliter
2830 5127 3037 5194 judicat
3064 5125 3127 5178 de
3147 5138 3276 5175 voce
3312 5125 3550 5194 ingeniti,

1982 5209 2138 5260 aliter
2177 5206 2243 5256 de
2298 5219 2430 5256 voce
2480 5193 2840 5258 indirisibilis,
2892 5194 3262 5250 immutabilis,
3312 5193 3556 5244 incorru-

1981 5277 2174 5344 ptibilis
2197 5286 2251 5328 et
2281 5274 2506 5326 aliorum
2533 5272 2812 5344 similium.
2851 5266 3017 5329 Negat
3042 5265 3552 5344 Ειιηοιιιὶιιεηνοςειη

1983 5331 2199 5415 ingenui
2239 5347 2304 5398 de
2354 5346 2460 5415 Deo
2492 5343 2594 5394 dici
2649 5354 2806 5407 posse
2855 5345 3180 5415 exunostro
3219 5331 3549 5399 intelligendi

1983 5406 2137 5470 ιιιῦιῐο
2172 5434 2184 5470 :
2239 5416 2330 5468 sed
2364 5413 2473 5464 vult
2503 5428 2618 5462 eam
2653 5406 2876 5462 natura:
2914 5408 3104 5456 divina:
3151 5406 3220 5456 ita
3267 5416 3388 5454 esse
3422 5415 3549 5470 pro-

1980 5469 2173 5553 prium,
2203 5497 2254 5536 ut
2297 5495 2542 5537 naturam
2575 5483 2742 5544 ipsum
2791 5477 3026 5553 divinam
3091 5473 3402 5526 constituat.
3442 5469 3552 5553 Δ[ζιε-

1980 5548 2166 5621 enim,
2212 5566 2266 5608 ut
2310 5557 2418 5623 jam
2447 5556 2784 5623 notavimus,
2830 5548 2958 5623 illud
3007 5555 3127 5622 erat.
3175 5550 3552 5618 argumentum

1982 5614 2326 5696 prmcipnum'
2348 5622 2618 5684 Eunomii,
2654 5620 2713 5672 τὸ
2765 5619 3080 5696 ἀγέννητον,
3112 5614 3552 5696 ingeneralionem

1979 5678 2335 5751 substantiam
2372 5697 2540 5762 ipsam
2579 5678 2700 5743 esse
2731 5678 2989 5762 divinani.
3023 5684 3272 5762 Negabat
3294 5695 3421 5748 ergo
3446 5678 3552 5762 hae:

1982 5770 2180 5823 reticus
2223 5768 2307 5820 ille
2363 5754 2578 5824 nomen,
2617 5762 2902 5828 ingenitus,
2943 5756 3056 5829 dici
3116 5756 3182 5829 de
3241 5754 3347 5805 Deo
3395 5759 3552 5829 posse

1980 5855 2042 5894 ex
2076 5840 2309 5892 humano
2335 5823 2892 5903 intelligemli'modo:
2923 5829 3015 5880 sed
3036 5823 3304 5878 fatebatur
3334 5823 3550 5874 nomina
