4026 6436
497 351 596 409 551

1807 353 1863 407 S.
1910 352 2150 406 BASlLII
2189 351 2398 408 MAGNI

3617 362 3726 414 553

571 469 624 522 9.
665 466 851 532 Qualia
887 481 1014 522 vero
1059 466 1166 522 sint
1206 481 1326 536 quin
1364 476 1679 535 sequuntur,
1720 472 2056 539 perpendite.

2228 472 2279 525 9.
2319 471 2451 524 Τίνα
2475 471 2528 523 δέ
2573 473 2687 524 ἐστι
2722 471 2787 526 τὰ
2824 473 2950 541 ἑξῆς
2991 472 3083 526 τοῦ
3125 475 3281 542 λόγου
3316 477 3559 527 σκοπεῖτε
3586 476 3721 544 (60).

501 560 857 627 Posteaquam
899 561 1170 625 ostendit,
1215 570 1272 615 ut
1323 571 1506 630 putat,
1556 561 1670 615 ﬁeri
1723 577 2061 630 nequaquam

499 666 679 720 posse,
717 661 774 706 ut
813 652 1146 722 ingeneratio
1185 654 1506 724 cegitatione
1545 654 1896 722 concipiatur,
1934 654 2063 708 sub-

503 743 579 799 dit
607 762 622 799 :

572 835 703 891 Eun.
747 837 859 890 Nec
891 852 1021 891 vero
1047 840 1338 892 secandum
1369 839 1723 908 privationem
1756 857 1768 890 :
1798 839 2061 908 siquidem

501 927 828 995 privationes
858 939 984 982 sunt
1010 929 1329 997 privatioucs
1351 945 1536 984 eorum
1555 946 1672 1000 qua:
1695 940 1817 984 sunt
1847 943 2060 996 natura,

501 1027 731 1086 suntque
760 1020 1025 1074 habilibus
1052 1022 1398 1090 posteriores.

573 1109 698 1163 Bas.
739 1111 889 1176 Quod
949 1123 1128 1166 autem
1179 1113 1289 1166 haec
1349 1128 1413 1167 ex
1471 1115 1738 1166 mundana
1799 1115 2059 1184 sapientia

503 1202 729 1271 garriat,
771 1217 798 1254 a
827 1218 929 1270 qua
979 1219 1215 1271 princeps
1269 1215 1447 1265 actus,
1475 1205 1735 1273 ejusmodi
1773 1206 2058 1261 verborum

502 1295 829 1348 novitatibus
862 1296 1097 1347 animum
1155 1296 1372 1364 adjecit,
1421 1297 1793 1350 demonstrare
1832 1300 2057 1352 arduum

502 1399 608 1436 non
641 1382 823 1437 fuerit.
858 1384 997 1442 Sunt
1040 1385 1181 1437 enim
1217 1385 1523 1438 Aristotelis
1556 1387 1621 1439 de
1656 1379 1833 1440 habitu
1866 1398 1918 1442 et
1947 1390 2058 1456 pri-

501 1475 720 1528 vatione
763 1475 949 1535 verba.
985 1477 1075 1544 qui
1122 1476 1454 1543 posteriores
1501 1477 1769 1532 habilibus
1804 1480 2061 1546 privatio-

506 1579 601 1620 nes
629 1580 752 1619 esse
798 1567 900 1628 ait;
940 1567 1389 1634 quemadmodum
1439 1568 1473 1622 ii
1519 1570 1606 1637 qui
1641 1570 1888 1639 legerunt
1926 1571 1974 1622 in
2003 1570 2062 1622 li-

503 1656 602 1710 bro
637 1658 727 1725 qui
761 1659 1074 1712 inscribitur
1115 1658 1422 1728 Categoriw,
1458 1673 1678 1727 possunt
1707 1663 1917 1716 testari.
1955 1661 2060 1714 No-

503 1748 586 1802 bis
624 1761 800 1803 autem
848 1751 981 1805 satis
1032 1760 1147 1803 erat
1189 1754 1510 1815 ostendisse,
1542 1769 1646 1807 non
1701 1769 1767 1806 ex
1810 1754 2053 1808 doctrina

2164 562 2371 628 Δείξας,
2406 563 2482 625 ὼς
2502 564 2690 624 οἴεται,
2723 565 2803 617 ὅτι
2838 563 3092 617 ἀδύνατόν
3125 566 3267 618 ἐστιν
3301 567 3510 638 ἐπινοίᾳ
3540 567 3724 620 λαὸεἶν

2160 653 2219 706 τὸ
2248 655 2558 725 ἀγέννητον,
2585 656 2800 724 ἐπάγει⁸

2234 835 2393 891 ΕΥΝ.
2442 836 2602 889 Ἀλλά
2646 837 2750 907 μὴν
2784 836 2903 889 ούδέ
2944 835 3082 889 κατὰ
3118 837 3397 906 στέρησιν·
3431 839 3484 890 εἴ
3515 855 3577 907 γε
3615 838 3722 892 τῶν

2165 929 2302 982 κατά
2347 930 2504 997 φύσιν
2551 931 2607 982 αἱ
2653 930 2934 1000 στερήσεις
2971 929 3077 981 eici.
3126 930 3439 997 περήσεις,
3483 930 3574 981 καὶ
3612 930 3722 981 τῶν

2161 1016 2325 1082 ἕξεων
2356 1017 2620 1088 δεύτεραι.

2233 1109 2379 1160 ΒΑΣ.
2425 1109 2610 1162 Ταῦτα
2657 1110 2733 1172 δὲ,
2782 1111 2862 1163 ὅτι
2910 1111 2973 1162 ἐκ
3021 1112 3120 1180 τῆς
3163 1109 3258 1162 τοῦ
3297 1110 3500 1178 κόσμου
3533 1111 3723 1178 σοφίας

2160 1201 2456 1271 περιλαλεί,
2514 1203 2600 1269 ὑφ’
2651 1196 2718 1273 ἦς
2769 1201 3232 1272 ἐκτραχηλισθεὶς,
3279 1205 3399 1264 ταῖς
3448 1204 3722 1266 τοιαύταις

2157 1292 2265 1344 τῶν
2295 1292 2467 1356 λόγων
2496 1292 2715 1345 ἐπέθετο
2744 1292 3130 1362 καινοτομίαις,
3163 1294 3222 1345 οὐ
3263 1293 3493 1363 χαλεπὸν
3522 1294 3722 1345 ἐπιδεί-

2160 1383 2267 1449 ξαι.
2308 1384 2707 1455 Ἀριστοτέλους
2738 1384 2844 1455 γάρ
2865 1385 3000 1436 εἰσιν
3019 1424 3033 1448 ,
3067 1384 3142 1447 ὡς
3167 1386 3215 1437 οι
3246 1383 3611 1452 ἀνεγνωκότες
3647 1383 3723 1436 εί-

2160 1493 2308 1528 ποιεν
2331 1476 2487 1538 ἂν,ἐν
2507 1479 2625 1538 ταῖς
2645 1476 3105 1548 ἐπιγραφομέναις
3123 1476 3284 1530 αὑτοῦ
3309 1477 3720 1544 Κατηγορίαις,

2157 1569 2203 1619 οἱ
2247 1568 2371 1637 περὶ
2413 1567 2576 1634 ἕξεως
2615 1568 2707 1619 καὶ
2754 1570 3055 1638 στερήσεως
3081 1567 3246 1635 λόγοι,
3287 1567 3544 1636 δευτέρας
3585 1564 3721 1620 εἶναι

2158 1660 2402 1728 λέγοντος
2428 1660 2534 1712 τῶν
2565 1660 2727 1725 ἕξεων
2759 1659 2854 1721 τὰς
2883 1661 3178 1729 στερήσεις.
3217 1660 3376 1728 Ἡμῖν
3411 1658 3470 1711 δὲ
3500 1659 3722 1730 ἐξήρκει

2157 1754 2388 1819 δείξασιν
2414 1753 2571 1805 αὐτὸν
2604 1752 2702 1804 ούκ
2743 1751 2806 1802 ἐκ
2837 1749 2934 1819 τῆς
2972 1749 3311 1812 διδασκαλίας
3341 1748 3434 1801 τοῦ
3467 1749 3721 1818 Πνεύμα-

503 1839 755 1908 Spiritus.
788 1841 878 1894 sed
925 1857 990 1894 ex
1034 1843 1292 1910 sapientia
1333 1845 1634 1912 principum
1689 1844 1845 1913 hujus
1877 1846 2054 1898 sazculi

2160 1862 2269 1907 τος,
2307 1843 2417 1895 ἀλλ’
2452 1845 2513 1895 ἐκ
2557 1843 2655 1911 τῆς
2698 1840 2886 1908 σοφίας
2931 1839 3036 1890 τῶν
3073 1841 3347 1908 ἀρχόντων
3393 1839 3485 1891 τοῦ
3527 1840 3723 1902 αίῶνος

503 1931 615 1984 haec
639 1947 760 1984 eum
793 1934 993 1998 dicere,
1021 1950 1082 1987 ac
1115 1935 1241 1987 illttd
1278 1938 1464 2004 psalmi
1494 1937 1545 1988 in
1574 1937 1747 2004 ipsum
1773 1937 2052 2004 proferre:

506 2020 866 2076 Narraverttnt
891 2025 1017 2077 mihi
1050 2026 1214 2092 iniqui
1245 2026 1619 2093 fabulatioues,
1643 2027 1732 2078 sed
1756 2044 1856 2078 non
1893 2038 1945 2080 ut
1975 2028 2057 2081 lea:

502 2122 615 2178 tua,
650 2113 950 2168 Domine“.
987 2115 1049 2168 Ει
1092 2118 1346 2184 quoniam
1401 2116 1798 2182 didicerannts,
1843 2133 1949 2170 non
1989 2135 2055 2172 ex

501 2204 741 2257 doctrina
786 2206 990 2259 Domini
1029 2207 1200 2259 nostri
1239 2206 1364 2261 Jesu
1403 2209 1600 2261 Christi
1653 2225 1771 2263 esse
1823 2226 1942 2277 qua:
1976 2212 2056 2264 di-

501 2305 718 2357 cuntur,
751 2301 882 2351 satis
927 2297 1254 2351 habebamus
1304 2300 1450 2353 vocis
1484 2301 1649 2365 ipsius
1703 2303 2052 2354 meminisse:

503 2385 631 2438 Cum
683 2389 911 2456 loquitur
962 2393 1311 2454 mendacium,
1351 2409 1414 2444 ea:
1449 2394 1674 2460 pmpriis
1716 2393 2054 2460 loquitur":

499 2487 662 2545 atque
698 2479 797 2531 hoc
837 2493 992 2547 pacto
1041 2481 1334 2547 longiorem
1384 2497 1686 2534 sermonem
1719 2484 2055 2536 contrahere.

499 2567 708 2636 Quippe
743 2571 867 2623 hinc
908 2571 1033 2622 illud
1066 2573 1316 2623 omnibus
1345 2572 1694 2640 conspicuum
1720 2571 2058 2636 fecissemus,

499 2662 642 2725 quod
691 2659 821 2710 nihil
869 2661 996 2726 ipsis
1037 2662 1318 2716 nobiscum
1370 2663 1436 2714 sit
1485 2679 1794 2716 commune.
1851 2664 2057 2717 Etenim

497 2766 614 2816 quae
642 2753 918 2804 concordia
942 2753 1147 2806 Christo
1181 2771 1295 2807 cum
1321 2755 1536 2809 Belial?
1560 2765 1650 2809 aut
1681 2774 1798 2826 qua:
1829 2775 1951 2824 pars
1989 2757 2058 2825 Ιί-

497 2842 600 2894 deli
645 2859 760 2895 cum
799 2845 1093 2910 inﬁdeli"?
1129 2846 1320 2899 Verum
1371 2863 1435 2899 ne
1469 2850 1746 2901 videamur
1776 2849 1844 2901 ob
1881 2851 2060 2902 redar-

499 2935 777 3003 gutionum
818 2937 1051 3004 inapiam
1088 2939 1150 2989 ad
1185 2939 1456 2992 silentium
1495 2941 1808 3009 confugere,
1841 2954 1957 3006 age,
1995 2940 2059 2992 de

500 3027 566 3079 iis
596 3027 758 3080 etiam
785 3043 961 3096 .pauca
1006 3031 1359 3084 disseramus.
1410 3029 1574 3085 Multa
1616 3048 1801 3085 eorum
1836 3048 1953 3100 quae
1993 3033 2058 3085 de

497 3117 608 3171 Deo
639 3119 909 3185 dicuntur,
942 3136 972 3173 0
996 3121 1243 3185 Eunomi,
1281 3123 1440 3175 simili
1489 3123 1654 3177 forma
1686 3123 1864 3177 ellcrri
1908 3123 2056 3176 vide-

500 3225 637 3271 mus,
669 3220 726 3263 ut
755 3222 879 3279 puta
905 3213 1345 3282 incorruptibilis,
1375 3215 1711 3277 immortalis,
1745 3213 2046 3266 invisibilis.

496 3298 613 3354 Jam
646 3317 770 3354 vero
797 3313 851 3357 et
887 3305 1024 3356 hanc
1062 3321 1243 3358 vocem
1281 3308 1540 3369 ingenitus
1596 3307 1779 3358 forum
1810 3305 2048 3373 ejusdem

498 3409 622 3447 esse
669 3395 932 3449 ducimus.
970 3396 1120 3460 Quod
1165 3397 1207 3448 si
1253 3397 1485 3464 quipiam
1509 3411 1570 3450 ea
1599 3412 1716 3464 qute
1750 3407 1873 3449 sunt
1912 3397 2051 3466 ejus-

500 3482 667 3548 modi,
715 3485 992 3538 nominant
1049 3485 1333 3554 privativa,
1389 3487 1524 3540 nihil
1578 3490 1642 3541 ad
1694 3503 1810 3541 nos.
1864 3489 2052 3555 Neque

499 3573 640 3626 enim
697 3576 922 3628 artificia
963 3577 1211 3630 novimus
1264 3577 1570 3641 verborum,
1623 3593 1793 3644 neque
1839 3593 1930 3630 eos
1960 3577 2050 3644 qui

499 3677 765 3719 noverunt
808 3667 1101 3723 imitamur.
1156 3667 1352 3722 Verum
1417 3670 1784 3736 cujuscunque
1843 3667 2054 3719 tandem

499 3757 715 3826 generis
746 3758 1124 3812 existimentur
1163 3776 1283 3814 esse
1307 3775 1462 3814 voces
1495 3760 1734 3826 reliquae,
1770 3773 1904 3827 quas
1924 3772 2058 3811 enu-

502 3849 866 3902 meravimus:
901 3848 1137 3914 ejusdem
1179 3853 1388 3917 generis
1434 3867 1553 3905 esse
1603 3862 1656 3904 et
1715 3851 1928 3919 ingeniti
1963 3864 2058 3918 ap-

500 3939 841 4008 pellationem
891 3941 1085 3994 dicturi
1134 3955 1340 3993 sumus.
1395 3943 1851 4005 Quemadmodum
1892 3942 2057 4010 igitur

501 4031 908 4099 incorruptibile
951 4031 1221 4102 signiﬁcat
1263 4047 1366 4084 nou
1436 4033 1608 4084 inesse
1657 4034 2056 4101 corruptionem

577 4185 622 4217 “
641 4185 780 4240 Psal.
822 4201 1010 4250 (ιιι-ιιι,
1035 4185 1122 4239 85.
1200 4185 1242 4216 ⁸⁷
1275 4185 1429 4240 Joan.
1461 4201 1578 4248 vut,
1610 4186 1700 4239 44.

501 4345 615 4406 illa,
648 4344 1006 4409 indivisibilis,
1059 4347 1496 4412 incorruptibilis,
1531 4344 1890 4407 immutabilis,
1925 4357 2054 4411 etc.,

505 4415 664 4468 tribui
723 4417 832 4468 Deo
875 4431 1034 4481 posse
1084 4419 1380 4468 secundum
1437 4428 1674 4469 nostram
1723 4417 2054 4482 concipiendi

2156 1934 2342 1986 τούτου
2400 1931 2680 1994 λαλοῦντα,
2724 1931 2784 1983 τὸ
2813 1929 2904 1982 τοῦ
2955 1928 3167 1998 ψαλμοῦ
3213 1929 3347 1999 πρὸς
3387 1929 3548 1980 αὑτὸν
3601 1932 3722 1981 ἐπι-

2157 2026 2512 2094 φθέγξασθαι,
2540 2026 2618 2077 ὅτι
2641 2022 3013 2091 Διηγήσαντό
3035 2039 3135 2090 μοι
3160 2021 3488 2089 παράνομοι
3511 2020 3721 2074 ἀδολε-

2154 2119 2354 2186 σχίας,
2383 2117 2532 2170 ἀλλ’
2563 2119 2672 2184 οὺχ
2704 2118 2782 2181 ὡς
2807 2119 2838 2169 ό
2858 2117 3040 2183 νόμος
3073 2128 3209 2176 σου,
3238 2115 3443 2180 Κύριε’
3480 2113 3574 2165 καὶ⁸
3622 2130 3725 2182 μα-

2157 2210 2365 2272 θόντας,
2402 2210 2482 2261 ὅτι
2509 2208 2608 2260 ούκ
2641 2211 2702 2260 ἐκ
2737 2207 2841 2258 τῶν
2864 2206 3206 2275 διδαγμάτων
3250 2205 3360 2273 (61)
3397 2205 3490 2257 τοῦ
3518 2204 3721 2276 Κυρίου

2157 2301 2311 2371 ἡμῶν
2349 2299 2525 2370 Ἰησοῦ
2561 2297 2793 2367 Χριστοῦ
2825 2300 2938 2350 ἐστι
2980 2298 3044 2350 τὰ
3082 2298 3376 2368 λεγόμενα,
3417 2296 3516 2365 τῆς
3557 2297 3720 2348 αὐτοῦ

2157 2393 2338 2461 φωνῆς
2385 2390 2816 2462 ὑπομνησθῆναι,
2866 2390 2946 2442 ὅτι
2977 2390 3161 2442 Ὅταν
3183 2388 3343 2455 ,λαλῇ
3376 2387 3442 2440 τὸ
3475 2387 3718 2454 ψεῦδος,

2155 2485 2223 2534 ἐκ
2244 2483 2360 2536 τῶν
2391 2483 2555 2536 ἰδίων
2575 2481 2776 2536 λαλεῖ·
2809 2482 2902 2534 καὶ
2929 2480 3100 2551 τούτῳ
3126 2481 3203 2550 τῷ
3230 2480 3414 2548 τρόπῳ
3440 2480 3565 2540 τοὺς
3595 2479 3722 2530 πολ-

2155 2574 2278 2637 λοὺς
2323 2575 2428 2627 τῶν
2474 2574 2644 2642 λόγων
2694 2576 2905 2635 ἑαυτοῖς
2951 2576 3268 2642 συντεμείν,
3303 2570 3549 2624 ἐντεῦθεν
3587 2573 3721 2624 πᾶσι

2158 2667 2464 2735 καταφανὲς
2495 2671 2838 2736 ποιήσαντας,
2863 2669 2945 2720 ὅτι
2963 2667 3187 2736 οὐδεμία
3213 2667 3340 2735 ἡμῖν
3365 2666 3499 2736 πρὸς
3519 2665 3722 2727 ἀὐτοὺς

2157 2760 2426 2814 κοινωνία.
2469 2760 2562 2823 Τίς
2594 2757 2701 2825 γὰρ
2737 2760 3127 2826 συμφώνησις
3153 2756 3381 2825 Χριστῷ
3423 2756 3574 2823 πρὸς
3616 2758 3721 2808 Bs-

2154 2853 2290 2917 ,λιάρ
2311 2867 2327 2913 ;
2349 2850 2380 2916 ἢ
2412 2849 2502 2913 τίς
2523 2849 2693 2916 μερὶς
2719 2847 2910 2911 πιστῷ
2929 2850 3079 2915 μετὰ
3105 2849 3399 2908 ἀπίστου;
3421 2848 3536 2897 Ἰνα
3557 2846 3613 2896 δὲ
3647 2846 3720 2913 μὴ

2155 2944 2392 3012 δόξωμεν
2419 2941 2485 2993 δι’
2509 2938 2742 3009 ἀπορίαν
2770 2937 3007 3005 ἐλέγχων
3043 2939 3120 2998 εἰς
3168 2938 3263 3004 τὴν
3300 2935 3505 3004 σιωπὴν
3551 2951 3719 2986 κατα-

2157 3034 2396 3102 φεύγειν,
2433 3031 2583 3102 φέρε,
2613 3028 2706 3081 καὶ
2736 3027 2862 3096 περὶ
2885 3024 3084 3078 τούτων
3107 3023 3308 3094 βραχέα
3334 3023 3716 3091 διαλεχθῶμεν.

2159 3120 2354 3180 Πολλὰ,
2387 3113 2430 3170 ὦ
2464 3117 2713 3187 Εύνόμιε,
2743 3114 2849 3168 τῶν
2889 3114 3016 3184 περὶ
3047 3111 3182 3164 Θεοῦ
3231 3111 3533 3181 λεγομένων
3580 3113 3720 3164 κατά

2156 3212 2244 3264 τὸν
2277 3212 2458 3279 ὅμοιον
2487 3210 2699 3280 ὁρῶμεν
2723 3206 3061 3278 ἐκφερόμενα
3089 3203 3277 3269 τύπον,
3311 3198 3418 3257 οἷον
3457 3205 3485 3255 ὁ
3513 3203 3721 3274 ἄφθαρ-

2154 3320 2264 3366 τος,
2300 3304 2327 3353 ὀ
2359 3300 2638 3363 ἀθάνατος,
2669 3301 2697 3352 ὁ
2725 3301 2974 3370 ἀόρατος.
3017 3298 3122 3351 Τοῦ
3155 3297 3211 3350 δέ
3241 3296 3404 3350 αὐτοῦ
3438 3297 3609 3350 τύπου
3641 3315 3720 3348 τι-

2157 3391 2363 3460 θέμεθα
2401 3385 2535 3443 εἶναι
2561 3395 2652 3443 καὶ
2684 3391 2762 3453 τὺ,
2787 3391 3127 3460 ἀγέννητος.
3171 3391 3233 3442 Ei
3278 3390 3374 3460 μὲν
3411 3387 3503 3442 οὖν
3536 3407 3723 3460 στερη-

2158 3484 2282 3536 τικά
2323 3499 2466 3544 τινες
2508 3482 2824 3550 ὀνομάζουσι
2875 3482 2944 3534 τὰ
2972 3482 3192 3534 τοιαῦτα
3211 3521 3226 3543 ,
3255 3482 3316 3533 οὐ
3350 3483 3486 3551 πρὸς
3513 3484 3663 3551 ἡμᾶς
3692 3483 3721 3534 ό

2158 3574 2332 3640 λόγος.
2367 3572 2501 3624 Οὖτε
2531 3573 2635 3642 γὰρ
2668 3574 2822 3641 ἴσμεν
2844 3572 3180 3641 τεχνολογίας
3204 3572 3418 3636 λέξεων,
3449 3573 3572 3624 οὗτε
3595 3575 3721 3636 τοὺς

2157 3665 2360 3727 εἰδότας
2390 3664 2678 3735 ζηλοῦμεν.
2716 3663 2860 3734 Πλήν
2891 3679 2953 3731 γε
2985 3661 3047 3733 δὴ
3084 3663 3163 3714 ὃτι
3197 3659 3365 3734 οὗπερ
3396 3663 3460 3715 ἂν
3491 3664 3720 3719 τεθῶσιν

2158 3760 2213 3811 αἱ
2261 3759 2446 3811 λοιπαὶ
2493 3759 2664 3826 φωναί¹
2703 3757 2768 3820 ἃς
2819 3754 3355 3827 ἀπηριθμησάμεθα,
3409 3753 3501 3806 τοῦ
3554 3757 3719 3810 αὑτοῦ

2159 3846 2298 3903 εἶναι
2325 3851 2566 3919 φήσομεν
2593 3851 2686 3903 καὶ
2707 3850 2803 3920 τὴν
2819 3848 2930 3912 τοῦ,
2951 3846 3300 3916 ἀγεννήτου,
3326 3849 3718 3917 προσηγορίαν.

2170 3940 2257 4000 Ὠς
2285 3941 2460 3992 τοίνυν
2481 3940 2539 3992 τὸ
2564 3940 2834 4009 ἄφθαρτον
2854 3939 2913 3990 τὸ
2940 3941 3012 4009 μὴ
3036 3941 3314 4009 προσεῖναι
3340 3937 3416 4007 τῷ
3444 3938 3563 4008 Θεῷ
3595 3938 3724 4007 φθοο

2162 4033 2260 4106 ράν
2293 4033 2545 4104 σημαίνει
2571 4048 2582 4059 ·
2614 4032 2706 4084 καὶ
2738 4032 2798 4084 τὸ
2821 4032 3045 4103 ἀόρατον
3079 4033 3139 4085 τὸ
3166 4031 3514 4102 ὑπερϐαίνειν
3559 4032 3723 4084 αὑτὸν

1776 4188 1820 4218 ⁸⁸
1843 4188 1883 4241 ll
1912 4187 2116 4254 Cor.vt,
2153 4188 2238 4243 15.

2165 4351 2392 4406 scivissc
2432 4359 2608 4402 utrum
2659 4349 2808 4416 seligi
2853 4347 3112 4412 deberet,
3142 4349 3209 4400 oh
3250 4348 3409 4414 idque
3437 4360 3726 4419 utramque

2165 4437 2352 4474 vocem
2385 4422 2648 4486 posuisse,
2677 4428 2733 4471 ιιι
2768 4435 2864 4485 pro
2895 4435 2991 4471 suo
3018 4423 3243 4487 quisque
3272 4421 3532 4472 arbitratu
3579 4421 3724 4488 lege—

504 4485 1105 4558 rationem.‘Atque,-ut
1135 4486 1376 4558 Eunomii
1403 4487 1583 4538 verbis
1608 4497 1746 4558 utar,
1779 4489 2059 4558 recusabat
2091 4491 2134 4544 D
2165 4503 2265 4544 rel.
2294 4485 2590 4542 Redeamus
2637 4490 2701 4543 ad
2745 4485 3082 4546 Eunomiuut.
3111 4485 3263 4558 cujus
3295 4499 3400 4542 tota
3436 4485 3727 4544 ratiocina-

501 4554 664 4608 homo
695 4555 886 4620 impius
906 4556 1161 4606 decorare
1194 4554 1354 4608 Deum
1387 4574 1479 4622 per
1511 4557 1722 4622 ingeniti
1752 4555 2061 4622 appellatio-

505 4641 623 4677 nem
663 4640 727 4678 ex
761 4626 995 4677 humano
1027 4625 1295 4692 cogitandi
1334 4628 1523 4687 modo;
1559 4638 1610 4676 at
1640 4641 1743 4678 non
1781 4627 2066 4681 recusabat

503 4709 625 4751 eum
649 4697 903 4748 decorare
930 4711 994 4748 ex
1033 4706 1212 4746 nostra
1241 4710 1283 4745 Ct
1309 4697 1571 4761 ncipiendi
1603 4697 1808 4746 ratione
1843 4711 1937 4764 per
1966 4711 2064 4762 ap-

507 4764 843 4830 pellationem
871 4764 1230 4826 indicisibilis,
1256 4765 1612 4825 immutabilis.
1639 4775 1742 4818 etc.
1772 4764 1847 4818 Ex
1872 4767 2063 4832 quibus

505 4834 716 4900 planum
751 4845 830 4888 est
871 4843 926 4888 et
974 4847 1334 4901 compertum,
1371 4837 1684 4900 particulam
1732 4836 1804 4905 μή
1847 4837 2066 4891 minime

507 4905 827 4969 redundare,
868 4906 972 4956 imo
1006 4920 1135 4956 vero
1170 4905 1401 4957 maxime
1444 4907 1803 4956 necessariam
1832 4922 1972 4966 esse,
2009 4918 2066 4960 ut

505 4975 772 5041 possimus
827 4973 904 5025 sic
962 4977 1350 5040 interpretari:
1404 4976 1456 5025 in
1515 4979 1711 5026 caneris
1759 4993 1874 5028 vero
1908 4995 2065 5042 quant

504 5043 739 5109 plurimis
762 5060 879 5097 eum
911 5060 1014 5095 non
1052 5056 1244 5095 recuset
1278 5044 1522 5096 humanis
1549 5046 1866 5112 intelligendi
1898 5050 2065 5100 modis

504 5113 783 5178 decorare;
812 5129 916 5182 qua
955 5116 1396 5180 interpretatione
1421 5131 1569 5166 meus
1592 5114 1832 5166 Eunomii
1865 5119 2066 5183 optime

504 5182 848 5248 exprimitur,
885 5185 997 5249 qui,
1032 5194 1087 5234 ut
1110 5185 1360 5244 diximus,
1392 5201 1582 5237 nomen
1611 5200 1770 5234 unum
1805 5182 1941 5238 Filio
1971 5190 2067 5240 tri-

505 5251 770 5322 buereita
811 5254 1113 5314 recusabat,
1139 5266 1193 5304 ιιι
1227 5256 1426 5322 reliqua
1461 5255 1508 5307 ei
1545 5257 1672 5305 dare
1708 5269 1811 5306 non
1849 5271 2067 5308 recusa-

506 5331 609 5396 ret.
643 5319 861 5396 Necrest
915 5319 1359 5396 prmtereuutluuf
1401 5323 1660 5396 silentio,
1686 5325 1932 5396 voculam
1966 5328 2063 5396 μή,

491 5402 562 5441 νυι
597 5391 648 5442 iu
689 5394 925 5444 editione
957 5392 1272 5451 Parisreusi,
1305 5394 1372 5445 ita
1411 5405 1462 5445 et
1501 5395 1550 5445 in
1578 5395 1814 5444 editione
1843 5391 1977 5448 Ven;
2013 5391 2067 5448 ot

506 5461 558 5531 in
585 5461 732 5531 (Lpolb.
763 5473 815 5512 et
854 5464 904 5512 ιιι
948 5462 1128 5531 Regiis
1169 5463 1337 5514 tribus
1373 5465 1651 5516 codicibus
1707 5466 1947 5529 reperiri.
2002 5466 2067 5518 Et

505 5529 644 5604 illud
662 5533 949 5604 adnotabo,
975 5529 1068 5598 legi
1106 5535 1155 5584 in
1189 5531 1318 5604 licg.
1348 5535 1516 5598 primo
1549 5533 1832 5602 σεμνύνειν
1867 5536 1892 5586 ἐ
1926 5552 2067 5604 παρ-

493 5599 786 5675 αιτεῖσθαι.
817 5602 965 5675 Puto
1002 5616 1176 5675 autem
1224 5603 1248 5652 ὲ
1276 5599 1547 5668 scriptum
1573 5599 1738 5657 fuisse
1773 5619 1868 5670 pro
1893 5607 1946 5675 ἡ,
1970 5599 2065 5666 vel,

504 5681 618 5730 aut,
647 5671 1030 5739 librariumqne
1063 5673 1302 5725 indicare
1331 5675 1582 5735 voluisse,
1615 5675 1804 5726 horum
1833 5671 2062 5728 duorum

505 5741 790 5794 verborum
836 5743 1059 5795 alterum
1094 5743 1308 5808 quidem
1346 5743 1445 5810 legi
1472 5757 1724 5811 Oportere
1756 5762 1768 5796 :
1823 5747 1915 5799 sed
1971 5762 2068 5800 ne-

2168 4563 2243 4613 tio
2277 4575 2340 4612 eo
2369 4560 2574 4613 redibat
2614 4577 2626 4612 :
2681 4559 2995 4627 Quanquam
3029 4559 3198 4615 Filius
3228 4571 3452 4614 vocatur
3480 4560 3726 4614 invisibi—

2163 4632 2250 4689 lis.
2277 4630 2619 4692 immortalis,
2653 4631 3024 4693 immutabilis,
3062 4629 3512 4697 quemadmodum
3542 4641 3595 4685 et
3625 4631 3726 4684 Pa—

2168 4713 2270 4763 ter,
2298 4710 2473 4752 tamen
2509 4700 2646 4751 Deus
2677 4715 2801 4753 vere
2827 4709 2875 4752 et
2902 4704 3118 4768 proprie
3145 4717 3246 4754 non
3287 4711 3388 4753 est.
3423 4701 3546 4756 llaec
3576 4703 3722 4753 enim

2167 4770 2382 4821 nomina
2417 4784 2520 4821 non
2563 4768 2800 4822 alliciunt
2830 4771 2996 4837 ipsam
3031 4781 3274 4822 naturam
3314 4771 3549 4822 divinam
3582 4788 3596 4823 :
3631 4773 3723 4823 sed

2167 4839 2612 4892 Dcotribuuntur
2643 4853 2709 4891 ex
2756 4838 2988 4893 humano
3018 4840 3351 4905 concipiendi
3389 4841 3567 4892 modo.
3618 4842 3724 4891 Sed

2165 4907 2308 4960 aliud
2343 4923 2533 4960 nomen
2571 4917 2668 4966 est.
2705 4909 2843 4977 quod
2876 4910 2963 4962 Dei
2995 4919 3075 4962 est
3108 4909 3403 4976 proprium,
3432 4911 3573 4977 quod
3597 4911 3728 4964 cha-

2165 4989 2344 5030 racter
2371 4989 2450 5031 est
2479 4978 2801 5040 divinitatis,
2828 4981 2969 5046 quod
3002 4981 3170 5046 ipsam
3201 4989 3444 5031 naturam
3486 4981 3724 5033 divinam

2169 5050 2466 5110 constituit,
2504 5050 2645 5112 quod
2675 5048 2791 5101 Deo
2814 5063 2916 5100 non
2947 5049 3200 5102 tribuitur
3226 5065 3290 5101 ex
3335 5059 3520 5103 nostro
3569 5051 3727 5103 intel-

2167 5117 2363 5184 ligendi
2422 5119 2601 5179 ntodo,
2635 5132 2689 5170 et
2732 5128 2907 5170 tamen
2970 5120 3021 5170 id
3077 5134 3270 5176 nomen
3324 5135 3426 5172 non
3473 5122 3728 5173 convenit

2164 5187 2322 5248 Filio,
2355 5187 2461 5238 imo
2493 5192 2652 5257 etiam
2704 5188 2936 5240 maxime
2983 5198 3272 5257 repugnat;
3330 5204 3394 5241 ex
3433 5204 3537 5256 quo
3572 5192 3629 5240 lit
3671 5200 3730 5240 ut

2166 5257 2334 5309 Filius
2369 5257 2585 5323 proprie
2619 5256 2756 5310 Deus
2791 5273 2894 5308 non
2925 5258 3012 5311 sit.
3049 5256 3178 5312 lllud
3207 5267 3384 5311 autem
3416 5273 3611 5311 nomen
3645 5271 3729 5312 est

2163 5326 2224 5378 τὸ
2258 5326 2570 5396 ἀγέννητον,
2595 5327 2892 5394 ingenitum.

2239 5397 2347 5465 (60)
2379 5396 2605 5449 Co'tltces
2632 5402 2734 5448 duo
2763 5398 3094 5466 σκοπήσατε.
3130 5398 3326 5450 Ibidem
3361 5397 3489 5450 editi
3535 5398 3731 5465 Δείξας

2165 5467 2294 5537 γάρ.
2325 5466 2524 5537 Vocula
2555 5467 2672 5537 γάρ
2697 5465 2849 5519 deest
2889 5465 2938 5518 in
2968 5467 3220 5520 omnibus
3246 5482 3373 5519 mss.

2242 5535 2352 5604 (61)
2395 5535 2530 5587 Editi
2556 5546 2609 5588 et
2638 5535 2777 5599 Reg.
2811 5537 3026 5604 quintus
3072 5537 3171 5587 οὐκ
3201 5537 3263 5586 ἐκ
3291 5537 3397 5589 τῶν
3431 5535 3591 5598 θείων
3636 5539 3732 5590 καὶ

2168 5606 2434 5675 ἀληθινῶν
2479 5605 2839 5675 διδαγμάτων,
2877 5622 2978 5658 ιιοιι
3006 5622 3069 5658 ex
3098 5607 3286 5662 divinis
3310 5610 3538 5675 cerisque
3567 5609 3650 5658 do.
3673 5625 3732 5657 n-

2169 5677 2373 5728 meutis.
2407 5675 2506 5726 Alii
2537 5691 2625 5727 sex
2655 5691 2780 5730 mss.
2815 5687 2872 5730 ut
2907 5676 2958 5729 in
2990 5685 3278 5743 contextu;
3321 5694 3417 5733 nec
3461 5678 3618 5731 aliter
3650 5678 3728 5730 leo

2174 5756 2330 5811 gerat
2363 5747 2646 5809 interpres.
