  <div class='ocr_page' id='page_1' title='image "/cluster/home/n/w/nwhite01/storage/ocr_20150623/29/ien.35556001660547/675.png"; bbox 0 0 4026 6428; ppageno 0'>
   <div class='ocr_carea' id='block_1_1' title="bbox 196 358 304 412">
    <p class='ocr_par' dir='ltr' id='par_1_1' title="bbox 196 358 304 412">
     <span class='ocr_line' id='line_1_1' title="bbox 196 358 304 412; baseline 0 0"><span class='ocrx_word' id='word_1_1' title='bbox 196 358 304 412; x_wconf 75' lang='lat'><strong>5&#39;55</strong></span> 
     </span>
    </p>
   </div>
   <div class='ocr_carea' id='block_1_2' title="bbox 1287 355 2306 413">
    <p class='ocr_par' dir='ltr' id='par_1_2' title="bbox 1287 355 2306 413">
     <span class='ocr_line' id='line_1_2' title="bbox 1287 355 2306 413; baseline 0 -4"><span class='ocrx_word' id='word_1_2' title='bbox 1287 355 1652 411; x_wconf 79' lang='lat' dir='ltr'><strong>ADVERSUS</strong></span> <span class='ocrx_word' id='word_1_3' title='bbox 1691 356 2050 413; x_wconf 72' lang='lat' dir='ltr'><strong>EL&#39;NUMIUM</strong></span> <span class='ocrx_word' id='word_1_4' title='bbox 2093 357 2219 413; x_wconf 77' lang='lat' dir='ltr'><strong>LIB.</strong></span> <span class='ocrx_word' id='word_1_5' title='bbox 2269 356 2306 410; x_wconf 87' lang='grc' dir='ltr'>Ι.</span> 
     </span>
    </p>
   </div>
   <div class='ocr_carea' id='block_1_3' title="bbox 3325 362 3430 416">
    <p class='ocr_par' dir='ltr' id='par_1_3' title="bbox 3325 362 3430 416">
     <span class='ocr_line' id='line_1_3' title="bbox 3325 362 3430 416; baseline -0.019 0"><span class='ocrx_word' id='word_1_6' title='bbox 3325 362 3430 416; x_wconf 72' lang='grc'><strong>554</strong></span> 
     </span>
    </p>
   </div>
   <div class='ocr_carea' id='block_1_4' title="bbox 196 470 1777 544">
    <p class='ocr_par' dir='ltr' id='par_1_4' title="bbox 196 470 1762 544">
     <span class='ocr_line' id='line_1_4' title="bbox 196 470 1762 544; baseline -0.003 -17"><span class='ocrx_word' id='word_1_7' title='bbox 196 474 379 527; x_wconf 77' lang='grc' dir='ltr'>πᾶσαν</span> <span class='ocrx_word' id='word_1_8' title='bbox 399 489 494 544; x_wconf 83' lang='grc' dir='ltr'>την</span> <span class='ocrx_word' id='word_1_9' title='bbox 512 472 600 523; x_wconf 68' lang='grc' dir='ltr'>διὰ</span> <span class='ocrx_word' id='word_1_10' title='bbox 627 471 732 523; x_wconf 90' lang='grc' dir='ltr'>τῶν</span> <span class='ocrx_word' id='word_1_11' title='bbox 755 471 1045 541; x_wconf 78' lang='grc' dir='ltr'>ὀφθαλμῶν</span> <span class='ocrx_word' id='word_1_12' title='bbox 1066 471 1364 539; x_wconf 60' lang='grc' dir='ltr'>κατάληψιν</span> <span class='ocrx_word' id='word_1_13' title='bbox 1379 489 1392 500; x_wconf 85' lang='grc'><strong>·</strong></span> <span class='ocrx_word' id='word_1_14' title='bbox 1425 473 1516 523; x_wconf 74' lang='grc' dir='ltr'><strong>καὶ</strong></span> <span class='ocrx_word' id='word_1_15' title='bbox 1536 471 1595 522; x_wconf 77' lang='grc' dir='ltr'><strong>τὸ</strong></span> <span class='ocrx_word' id='word_1_16' title='bbox 1624 470 1762 522; x_wconf 82' lang='grc' dir='ltr'>ἀσώ-</span> 
     </span>
    </p>
   </div>
   <div class='ocr_carea' id='block_1_5' title="bbox 1883 470 3428 544">
    <p class='ocr_par' dir='ltr' id='par_1_5' title="bbox 1889 470 3428 536">
     <span class='ocr_line' id='line_1_5' title="bbox 1889 470 3428 536; baseline 0.003 -12"><span class='ocrx_word' id='word_1_17' title='bbox 1889 491 1918 524; x_wconf 86' lang='grc' dir='ltr'><strong>η</strong></span> <span class='ocrx_word' id='word_1_18' title='bbox 1957 473 2062 526; x_wconf 86' lang='lat' dir='ltr'><strong>Deo</strong></span> <span class='ocrx_word' id='word_1_19' title='bbox 2087 490 2100 525; x_wconf 86' lang='lat'><strong>:</strong></span> <span class='ocrx_word' id='word_1_20' title='bbox 2125 483 2176 524; x_wconf 87' lang='lat' dir='ltr'><strong>et</strong></span> <span class='ocrx_word' id='word_1_21' title='bbox 2213 470 2496 536; x_wconf 83' lang='lat' dir='ltr'><strong>invisibile,</strong></span> <span class='ocrx_word' id='word_1_22' title='bbox 2533 472 2795 527; x_wconf 76' lang='lat' dir='ltr'><strong>excedere</strong></span> <span class='ocrx_word' id='word_1_23' title='bbox 2830 487 2952 526; x_wconf 89' lang='lat' dir='ltr'><strong>eum</strong></span> <span class='ocrx_word' id='word_1_24' title='bbox 2997 488 3208 528; x_wconf 90' lang='lat' dir='ltr'><strong>omnem</strong></span> <span class='ocrx_word' id='word_1_25' title='bbox 3251 479 3428 529; x_wconf 91' lang='lat' dir='ltr'><strong>oculo-</strong></span> 
     </span>
    </p>
   </div>
   <div class='ocr_carea' id='block_1_6' title="bbox 201 562 1767 635">
    <p class='ocr_par' dir='ltr' id='par_1_6' title="bbox 201 562 1767 635">
     <span class='ocr_line' id='line_1_6' title="bbox 201 562 1767 635; baseline -0.004 -18"><span class='ocrx_word' id='word_1_26' title='bbox 201 581 370 635; x_wconf 82' lang='grc' dir='ltr'>ματον</span> <span class='ocrx_word' id='word_1_27' title='bbox 401 565 460 616; x_wconf 86' lang='grc' dir='ltr'>τὸ</span> <span class='ocrx_word' id='word_1_28' title='bbox 498 564 572 634; x_wconf 81' lang='grc' dir='ltr'>μὴ</span> <span class='ocrx_word' id='word_1_29' title='bbox 606 564 869 634; x_wconf 76' lang='grc' dir='ltr'><strong>ὑπάρχειν</strong></span> <span class='ocrx_word' id='word_1_30' title='bbox 916 564 1077 615; x_wconf 77' lang='grc' dir='ltr'>αὑτοῦ</span> <span class='ocrx_word' id='word_1_31' title='bbox 1117 564 1278 632; x_wconf 82' lang='grc' dir='ltr'>τριχῆ</span> <span class='ocrx_word' id='word_1_32' title='bbox 1331 563 1619 630; x_wconf 84' lang='grc' dir='ltr'>διαστατὴν</span> <span class='ocrx_word' id='word_1_33' title='bbox 1669 562 1767 630; x_wconf 81' lang='grc' dir='ltr'>τὴν</span> 
     </span>
    </p>
   </div>
   <div class='ocr_carea' id='block_1_7' title="bbox 197 654 1767 724">
    <p class='ocr_par' dir='ltr' id='par_1_7' title="bbox 197 654 1767 724">
     <span class='ocr_line' id='line_1_7' title="bbox 197 654 1767 724; baseline -0.001 -18"><span class='ocrx_word' id='word_1_34' title='bbox 197 655 388 707; x_wconf 77' lang='grc' dir='ltr'>οὐσίαν</span> <span class='ocrx_word' id='word_1_35' title='bbox 411 671 425 684; x_wconf 72' lang='grc' dir='ltr'><strong><em>ο</em></strong></span> <span class='ocrx_word' id='word_1_36' title='bbox 471 655 563 708; x_wconf 53' lang='grc' dir='ltr'><strong>καὶ¹</strong></span> <span class='ocrx_word' id='word_1_37' title='bbox 611 656 672 707; x_wconf 73' lang='grc' dir='ltr'><strong>τὸ</strong></span> <span class='ocrx_word' id='word_1_38' title='bbox 703 655 967 708; x_wconf 82' lang='grc' dir='ltr'>ἀθάνατον</span> <span class='ocrx_word' id='word_1_39' title='bbox 998 656 1056 707; x_wconf 89' lang='grc' dir='ltr'>τὸ</span> <span class='ocrx_word' id='word_1_40' title='bbox 1100 655 1365 724; x_wconf 79' lang='grc' dir='ltr'>μηδέποτε</span> <span class='ocrx_word' id='word_1_41' title='bbox 1401 655 1642 707; x_wconf 85' lang='grc' dir='ltr'>διάλυσιν</span> <span class='ocrx_word' id='word_1_42' title='bbox 1672 654 1767 705; x_wconf 80' lang='grc' dir='ltr'>αὑ-</span> 
     </span>
    </p>
   </div>
   <div class='ocr_carea' id='block_1_8' title="bbox 195 746 1764 818">
    <p class='ocr_par' dir='ltr' id='par_1_8' title="bbox 195 746 1764 818">
     <span class='ocr_line' id='line_1_8' title="bbox 195 746 1764 818; baseline -0.002 -18"><span class='ocrx_word' id='word_1_43' title='bbox 195 747 276 817; x_wconf 81' lang='grc' dir='ltr'>τῷ</span> <span class='ocrx_word' id='word_1_44' title='bbox 306 748 767 818; x_wconf 80' lang='grc' dir='ltr'>προσγενήσεσθαι</span> <span class='ocrx_word' id='word_1_45' title='bbox 787 766 801 778; x_wconf 89' lang='grc'><strong>·</strong></span> <span class='ocrx_word' id='word_1_46' title='bbox 834 748 973 800; x_wconf 78' lang='grc' dir='ltr'>οὕτω</span> <span class='ocrx_word' id='word_1_47' title='bbox 994 747 1170 816; x_wconf 79' lang='grc' dir='ltr'>φαμὲν</span> <span class='ocrx_word' id='word_1_48' title='bbox 1192 748 1284 800; x_wconf 79' lang='grc' dir='ltr'>καὶ</span> <span class='ocrx_word' id='word_1_49' title='bbox 1309 747 1388 809; x_wconf 84' lang='grc' dir='ltr'><strong>τὸ,</strong></span> <span class='ocrx_word' id='word_1_50' title='bbox 1418 746 1764 815; x_wconf 73' lang='grc' dir='ltr'><strong>ἀγέννητον,</strong></span> 
     </span>
    </p>
   </div>
   <div class='ocr_carea' id='block_1_9' title="bbox 196 835 1768 908">
    <p class='ocr_par' dir='ltr' id='par_1_9' title="bbox 196 835 1768 908">
     <span class='ocr_line' id='line_1_9' title="bbox 196 835 1768 908; baseline -0.003 -19"><span class='ocrx_word' id='word_1_51' title='bbox 196 837 392 899; x_wconf 81' lang='grc' dir='ltr'><strong>δηλοῦν</strong></span> <span class='ocrx_word' id='word_1_52' title='bbox 438 838 499 890; x_wconf 85' lang='grc' dir='ltr'><strong>τὸ</strong></span> <span class='ocrx_word' id='word_1_53' title='bbox 530 838 783 908; x_wconf 80' lang='grc' dir='ltr'><strong>γέννησιν</strong></span> <span class='ocrx_word' id='word_1_54' title='bbox 815 838 961 906; x_wconf 82' lang='grc' dir='ltr'>αὐτῷ</span> <span class='ocrx_word' id='word_1_55' title='bbox 995 837 1103 906; x_wconf 65' lang='lat'><strong>(62)</strong></span> <span class='ocrx_word' id='word_1_56' title='bbox 1150 837 1223 907; x_wconf 81' lang='grc' dir='ltr'>μὴ</span> <span class='ocrx_word' id='word_1_57' title='bbox 1251 839 1550 907; x_wconf 88' lang='grc' dir='ltr'>προσεῖναι.</span> <span class='ocrx_word' id='word_1_58' title='bbox 1580 837 1642 888; x_wconf 71' lang='grc' dir='ltr'><strong>Εἰ</strong></span> <span class='ocrx_word' id='word_1_59' title='bbox 1672 835 1768 905; x_wconf 81' lang='grc' dir='ltr'><strong>μὲν</strong></span> 
     </span>
    </p>
   </div>
   <div class='ocr_carea' id='block_1_10' title="bbox 197 927 1768 1004">
    <p class='ocr_par' dir='ltr' id='par_1_10' title="bbox 197 927 1768 1004">
     <span class='ocr_line' id='line_1_10' title="bbox 197 927 1768 1004; baseline -0.002 -23"><span class='ocrx_word' id='word_1_60' title='bbox 197 927 296 982; x_wconf 70' lang='grc' dir='ltr'>οὖν</span> <span class='ocrx_word' id='word_1_61' title='bbox 339 929 508 1004; x_wconf 79' lang='grc' dir='ltr'>μηδὲν</span> <span class='ocrx_word' id='word_1_62' title='bbox 541 930 744 983; x_wconf 76' lang='grc' dir='ltr'>τούτων</span> <span class='ocrx_word' id='word_1_63' title='bbox 796 931 1108 999; x_wconf 80' lang='grc' dir='ltr'><strong>στερητικὸν</strong></span> <span class='ocrx_word' id='word_1_64' title='bbox 1152 930 1260 981; x_wconf 88' lang='grc' dir='ltr'><strong>τῶν</strong></span> <span class='ocrx_word' id='word_1_65' title='bbox 1304 929 1608 998; x_wconf 81' lang='grc' dir='ltr'><strong>ὀνομάτων,</strong></span> <span class='ocrx_word' id='word_1_66' title='bbox 1651 927 1768 980; x_wconf 71' lang='grc' dir='ltr'>οὐδὲ</span> 
     </span>
    </p>
   </div>
   <div class='ocr_carea' id='block_1_11' title="bbox 197 1020 1769 1090">
    <p class='ocr_par' dir='ltr' id='par_1_11' title="bbox 197 1020 1769 1090">
     <span class='ocr_line' id='line_1_11' title="bbox 197 1020 1769 1090; baseline -0.001 -19"><span class='ocrx_word' id='word_1_67' title='bbox 197 1022 396 1072; x_wconf 81' lang='grc' dir='ltr'>ἐκεῖνο.</span> <span class='ocrx_word' id='word_1_68' title='bbox 451 1021 512 1072; x_wconf 82' lang='grc' dir='ltr'><strong>Εἰ</strong></span> <span class='ocrx_word' id='word_1_69' title='bbox 552 1021 608 1072; x_wconf 82' lang='grc' dir='ltr'>δὲ</span> <span class='ocrx_word' id='word_1_70' title='bbox 650 1021 734 1073; x_wconf 82' lang='grc' dir='ltr'><strong>ἐπ’</strong></span> <span class='ocrx_word' id='word_1_71' title='bbox 767 1021 986 1072; x_wconf 81' lang='grc' dir='ltr'>ἐκείνων</span> <span class='ocrx_word' id='word_1_72' title='bbox 1035 1020 1189 1082; x_wconf 86' lang='grc' dir='ltr'>δίδως</span> <span class='ocrx_word' id='word_1_73' title='bbox 1235 1021 1295 1072; x_wconf 84' lang='grc' dir='ltr'>τὸ</span> <span class='ocrx_word' id='word_1_74' title='bbox 1327 1020 1464 1073; x_wconf 79' lang='grc' dir='ltr'>κατὰ</span> <span class='ocrx_word' id='word_1_75' title='bbox 1513 1023 1769 1090; x_wconf 79' lang='grc' dir='ltr'><strong>στέρησιν</strong></span> 
     </span>
    </p>
   </div>
   <div class='ocr_carea' id='block_1_12' title="bbox 195 1108 1770 1179">
    <p class='ocr_par' dir='ltr' id='par_1_12' title="bbox 195 1108 1770 1179">
     <span class='ocr_line' id='line_1_12' title="bbox 195 1108 1770 1179; baseline 0 -19"><span class='ocrx_word' id='word_1_76' title='bbox 195 1108 488 1176; x_wconf 81' lang='grc' dir='ltr'>λέγεσθαι,</span> <span class='ocrx_word' id='word_1_77' title='bbox 541 1111 630 1160; x_wconf 77' lang='grc' dir='ltr'><strong>ἐπὶ</strong></span> <span class='ocrx_word' id='word_1_78' title='bbox 673 1109 771 1178; x_wconf 88' lang='grc' dir='ltr'>τῆς</span> <span class='ocrx_word' id='word_1_79' title='bbox 820 1109 912 1160; x_wconf 83' lang='grc' dir='ltr'>τοῦ</span> <span class='ocrx_word' id='word_1_80' title='bbox 971 1110 1264 1179; x_wconf 81' lang='grc' dir='ltr'>ὰγεννήτου</span> <span class='ocrx_word' id='word_1_81' title='bbox 1313 1110 1678 1179; x_wconf 78' lang='grc' dir='ltr'><strong>προσηγορίας</strong></span> <span class='ocrx_word' id='word_1_82' title='bbox 1708 1110 1770 1162; x_wconf 70' lang='grc' dir='ltr'>οὐ</span> 
     </span>
    </p>
   </div>
   <div class='ocr_carea' id='block_1_13' title="bbox 200 1200 1773 1272">
    <p class='ocr_par' dir='ltr' id='par_1_13' title="bbox 200 1200 1773 1272">
     <span class='ocr_line' id='line_1_13' title="bbox 200 1200 1773 1272; baseline 0.001 -20"><span class='ocrx_word' id='word_1_83' title='bbox 200 1203 526 1270; x_wconf 83' lang='grc' dir='ltr'>συγχωρεῖς,</span> <span class='ocrx_word' id='word_1_84' title='bbox 561 1200 705 1260; x_wconf 74' lang='grc' dir='ltr'>εἰπὲ,</span> <span class='ocrx_word' id='word_1_85' title='bbox 737 1200 880 1262; x_wconf 88' lang='grc' dir='ltr'>τίνος</span> <span class='ocrx_word' id='word_1_86' title='bbox 913 1201 1008 1262; x_wconf 76' lang='grc' dir='ltr'>μὲν</span> <span class='ocrx_word' id='word_1_87' title='bbox 1049 1201 1214 1265; x_wconf 75' lang='grc' dir='ltr'>ἕξεως</span> <span class='ocrx_word' id='word_1_88' title='bbox 1248 1201 1624 1272; x_wconf 75' lang='grc' dir='ltr'>προλαϐούσης</span> <span class='ocrx_word' id='word_1_89' title='bbox 1655 1203 1773 1254; x_wconf 84' lang='grc' dir='ltr'>στέ-</span> 
     </span>
    </p>
   </div>
   <div class='ocr_carea' id='block_1_14' title="bbox 203 1291 1772 1362">
    <p class='ocr_par' dir='ltr' id='par_1_14' title="bbox 203 1291 1772 1362">
     <span class='ocr_line' id='line_1_14' title="bbox 203 1291 1772 1362; baseline 0.002 -20"><span class='ocrx_word' id='word_1_90' title='bbox 203 1308 362 1362; x_wconf 81' lang='grc' dir='ltr'>ρησιν</span> <span class='ocrx_word' id='word_1_91' title='bbox 410 1291 658 1360; x_wconf 66' lang='grc' dir='ltr'>ἐμφαίνει</span> <span class='ocrx_word' id='word_1_92' title='bbox 697 1292 756 1342; x_wconf 87' lang='grc' dir='ltr'>τὸ</span> <span class='ocrx_word' id='word_1_93' title='bbox 803 1291 1106 1362; x_wconf 78' lang='grc' dir='ltr'>ἄφθαρτον;</span> <span class='ocrx_word' id='word_1_94' title='bbox 1155 1292 1269 1355; x_wconf 86' lang='grc' dir='ltr'><strong>πῶς</strong></span> <span class='ocrx_word' id='word_1_95' title='bbox 1312 1292 1368 1344; x_wconf 81' lang='grc' dir='ltr'>δὲ</span> <span class='ocrx_word' id='word_1_96' title='bbox 1413 1295 1532 1362; x_wconf 72' lang='grc' dir='ltr'>οὐχὶ</span> <span class='ocrx_word' id='word_1_97' title='bbox 1561 1294 1621 1345; x_wconf 85' lang='grc' dir='ltr'>τὸ</span> <span class='ocrx_word' id='word_1_98' title='bbox 1663 1295 1772 1345; x_wconf 85' lang='grc' dir='ltr'>ἴσον</span> 
     </span>
    </p>
   </div>
   <div class='ocr_carea' id='block_1_15' title="bbox 200 1382 1775 1455">
    <p class='ocr_par' dir='ltr' id='par_1_15' title="bbox 200 1382 1775 1455">
     <span class='ocr_line' id='line_1_15' title="bbox 200 1382 1775 1455; baseline 0.001 -19"><span class='ocrx_word' id='word_1_99' title='bbox 200 1382 353 1453; x_wconf 86' lang='grc' dir='ltr'>αὑτῷ</span> <span class='ocrx_word' id='word_1_100' title='bbox 392 1382 609 1434; x_wconf 78' lang='grc' dir='ltr'>δύναται</span> <span class='ocrx_word' id='word_1_101' title='bbox 638 1383 698 1434; x_wconf 77' lang='grc' dir='ltr'><strong>τὸ</strong></span> <span class='ocrx_word' id='word_1_102' title='bbox 731 1382 837 1453; x_wconf 83' lang='grc'><strong>(65)</strong></span> <span class='ocrx_word' id='word_1_103' title='bbox 889 1384 1208 1453; x_wconf 82' lang='grc' dir='ltr'>ἀγέννητον;</span> <span class='ocrx_word' id='word_1_104' title='bbox 1249 1383 1406 1436; x_wconf 82' lang='grc' dir='ltr'>Ἀλλὰ</span> <span class='ocrx_word' id='word_1_105' title='bbox 1448 1386 1575 1455; x_wconf 71' lang='grc' dir='ltr'>περὶ</span> <span class='ocrx_word' id='word_1_106' title='bbox 1608 1385 1775 1454; x_wconf 85' lang='grc' dir='ltr'>μόνην</span> 
     </span>
    </p>
   </div>
   <div class='ocr_carea' id='block_1_16' title="bbox 198 1473 1773 1546">
    <p class='ocr_par' dir='ltr' id='par_1_16' title="bbox 198 1473 1773 1546">
     <span class='ocr_line' id='line_1_16' title="bbox 198 1473 1773 1546; baseline 0.001 -20"><span class='ocrx_word' id='word_1_107' title='bbox 198 1474 404 1542; x_wconf 78' lang='grc' dir='ltr'>ταύτην</span> <span class='ocrx_word' id='word_1_108' title='bbox 433 1474 528 1544; x_wconf 83' lang='grc' dir='ltr'><strong>τὴν</strong></span> <span class='ocrx_word' id='word_1_109' title='bbox 549 1473 690 1537; x_wconf 78' lang='grc' dir='ltr'>λέξιν</span> <span class='ocrx_word' id='word_1_110' title='bbox 731 1477 1062 1543; x_wconf 78' lang='grc' dir='ltr'>κακοτεχνεῖ,</span> <span class='ocrx_word' id='word_1_111' title='bbox 1098 1475 1230 1526; x_wconf 80' lang='grc' dir='ltr'>διότι</span> <span class='ocrx_word' id='word_1_112' title='bbox 1258 1474 1504 1528; x_wconf 80' lang='grc' dir='ltr'>ἐντεῦθεν</span> <span class='ocrx_word' id='word_1_113' title='bbox 1536 1476 1683 1546; x_wconf 82' lang='grc' dir='ltr'>αὐτῷ</span> <span class='ocrx_word' id='word_1_114' title='bbox 1717 1478 1773 1527; x_wconf 81' lang='grc' dir='ltr'>αἱ</span> 
     </span>
    </p>
   </div>
   <div class='ocr_carea' id='block_1_17' title="bbox 198 1566 1776 1636">
    <p class='ocr_par' dir='ltr' id='par_1_17' title="bbox 198 1566 1776 1636">
     <span class='ocr_line' id='line_1_17' title="bbox 198 1566 1776 1636; baseline 0 -18"><span class='ocrx_word' id='word_1_115' title='bbox 198 1566 448 1635; x_wconf 63' lang='grc' dir='ltr'>ἀφορμαὶ</span> <span class='ocrx_word' id='word_1_116' title='bbox 479 1566 576 1635; x_wconf 82' lang='grc' dir='ltr'><strong>τῆς</strong></span> <span class='ocrx_word' id='word_1_117' title='bbox 619 1566 872 1627; x_wconf 78' lang='grc' dir='ltr'>ἀσεϐείας</span> <span class='ocrx_word' id='word_1_118' title='bbox 907 1568 1188 1636; x_wconf 70' lang='grc' dir='ltr'>ἤρτηνται.</span> <span class='ocrx_word' id='word_1_119' title='bbox 1225 1567 1340 1619; x_wconf 86' lang='grc' dir='ltr'><strong>Ἵνα</strong></span> <span class='ocrx_word' id='word_1_120' title='bbox 1382 1567 1438 1619; x_wconf 85' lang='grc' dir='ltr'>δὲ</span> <span class='ocrx_word' id='word_1_121' title='bbox 1474 1567 1642 1636; x_wconf 79' lang='grc' dir='ltr'>σαφὲς</span> <span class='ocrx_word' id='word_1_122' title='bbox 1681 1568 1776 1620; x_wconf 79' lang='grc' dir='ltr'>αὑ-</span> 
     </span>
    </p>
   </div>
   <div class='ocr_carea' id='block_1_18' title="bbox 198 1644 1775 1728">
    <p class='ocr_par' dir='ltr' id='par_1_18' title="bbox 198 1644 1775 1728">
     <span class='ocr_line' id='line_1_18' title="bbox 198 1644 1775 1728; baseline -0.001 -17"><span class='ocrx_word' id='word_1_123' title='bbox 198 1658 296 1711; x_wconf 92' lang='grc' dir='ltr'><strong>τοῦ</strong></span> <span class='ocrx_word' id='word_1_124' title='bbox 340 1659 401 1710; x_wconf 80' lang='grc' dir='ltr'>τὸ</span> <span class='ocrx_word' id='word_1_125' title='bbox 433 1658 715 1728; x_wconf 83' lang='grc' dir='ltr'>τέχνασμα</span> <span class='ocrx_word' id='word_1_126' title='bbox 748 1657 993 1727; x_wconf 81' lang='grc' dir='ltr'>γένηται.</span> <span class='ocrx_word' id='word_1_127' title='bbox 1039 1658 1180 1711; x_wconf 74' lang='grc' dir='ltr'>οὕτω</span> <span class='ocrx_word' id='word_1_128' title='bbox 1217 1660 1476 1728; x_wconf 82' lang='grc' dir='ltr'>ποιήσατε</span> <span class='ocrx_word' id='word_1_129' title='bbox 1501 1675 1512 1687; x_wconf 76' lang='grc'><strong><em>⁸</em></strong></span> <span class='ocrx_word' id='word_1_130' title='bbox 1550 1644 1645 1721; x_wconf 72' lang='grc' dir='ltr'>οὓς</span> <span class='ocrx_word' id='word_1_131' title='bbox 1682 1659 1775 1712; x_wconf 72' lang='grc' dir='ltr'><strong>ἐπὶ</strong></span> 
     </span>
    </p>
   </div>
   <div class='ocr_carea' id='block_1_19' title="bbox 198 1749 1772 1821">
    <p class='ocr_par' dir='ltr' id='par_1_19' title="bbox 198 1749 1772 1821">
     <span class='ocr_line' id='line_1_19' title="bbox 198 1749 1772 1821; baseline -0.001 -18"><span class='ocrx_word' id='word_1_132' title='bbox 198 1749 297 1803; x_wconf 88' lang='grc' dir='ltr'><strong>τοῦ</strong></span> <span class='ocrx_word' id='word_1_133' title='bbox 326 1751 620 1821; x_wconf 78' lang='grc' dir='ltr'>ἀγεννήτου</span> <span class='ocrx_word' id='word_1_134' title='bbox 671 1750 938 1820; x_wconf 86' lang='grc' dir='ltr'>γυμνάσει</span> <span class='ocrx_word' id='word_1_135' title='bbox 981 1750 1206 1818; x_wconf 81' lang='grc' dir='ltr'><strong>λόγους,</strong></span> <span class='ocrx_word' id='word_1_136' title='bbox 1242 1751 1323 1803; x_wconf 83' lang='grc' dir='ltr'>ὅτι</span> <span class='ocrx_word' id='word_1_137' title='bbox 1356 1749 1476 1802; x_wconf 72' lang='grc' dir='ltr'>οὔτε</span> <span class='ocrx_word' id='word_1_138' title='bbox 1512 1752 1628 1803; x_wconf 83' lang='grc' dir='ltr'>κατ’</span> <span class='ocrx_word' id='word_1_139' title='bbox 1653 1752 1772 1802; x_wconf 77' lang='grc' dir='ltr'>ἐπί-</span> 
     </span>
    </p>
   </div>
   <div class='ocr_carea' id='block_1_20' title="bbox 197 1837 1772 1909">
    <p class='ocr_par' dir='ltr' id='par_1_20' title="bbox 197 1837 1772 1909">
     <span class='ocr_line' id='line_1_20' title="bbox 197 1837 1772 1909; baseline 0.001 -19"><span class='ocrx_word' id='word_1_140' title='bbox 197 1855 349 1892; x_wconf 89' lang='grc' dir='ltr'>νοιαν</span> <span class='ocrx_word' id='word_1_141' title='bbox 384 1840 727 1909; x_wconf 77' lang='grc' dir='ltr'>ἀνθρωπίνην</span> <span class='ocrx_word' id='word_1_142' title='bbox 748 1883 760 1904; x_wconf 85' lang='grc'><strong>,</strong></span> <span class='ocrx_word' id='word_1_143' title='bbox 792 1839 914 1892; x_wconf 74' lang='grc' dir='ltr'>οὔτε</span> <span class='ocrx_word' id='word_1_144' title='bbox 940 1840 1080 1893; x_wconf 82' lang='grc' dir='ltr'>κατὰ</span> <span class='ocrx_word' id='word_1_145' title='bbox 1113 1840 1370 1908; x_wconf 79' lang='grc' dir='ltr'><strong>στέρησιν</strong></span> <span class='ocrx_word' id='word_1_146' title='bbox 1405 1837 1623 1907; x_wconf 72' lang='grc' dir='ltr'>εὔλογόν</span> <span class='ocrx_word' id='word_1_147' title='bbox 1657 1843 1772 1893; x_wconf 74' lang='grc' dir='ltr'>ἐστι</span> 
     </span>
    </p>
   </div>
   <div class='ocr_carea' id='block_1_21' title="bbox 199 1930 1773 2000">
    <p class='ocr_par' dir='ltr' id='par_1_21' title="bbox 199 1930 1773 2000">
     <span class='ocr_line' id='line_1_21' title="bbox 199 1930 1773 2000; baseline 0.002 -19"><span class='ocrx_word' id='word_1_148' title='bbox 199 1931 330 2000; x_wconf 75' lang='grc' dir='ltr'>περὶ</span> <span class='ocrx_word' id='word_1_149' title='bbox 369 1930 504 1982; x_wconf 86' lang='grc' dir='ltr'>Θεοῦ</span> <span class='ocrx_word' id='word_1_150' title='bbox 533 1930 817 1998; x_wconf 83' lang='grc' dir='ltr'>λέγεσθαι,</span> <span class='ocrx_word' id='word_1_151' title='bbox 847 1931 1067 1994; x_wconf 79' lang='grc' dir='ltr'><strong>τούτους</strong></span> <span class='ocrx_word' id='word_1_152' title='bbox 1107 1930 1522 2000; x_wconf 75' lang='grc' dir='ltr'><strong>μετενεγκόντες</strong></span> <span class='ocrx_word' id='word_1_153' title='bbox 1563 1932 1648 1983; x_wconf 75' lang='grc' dir='ltr'><strong>ἐπ’</strong></span> <span class='ocrx_word' id='word_1_154' title='bbox 1681 1933 1773 1986; x_wconf 79' lang='grc' dir='ltr'>άλ-</span> 
     </span>
    </p>
   </div>
   <div class='ocr_carea' id='block_1_22' title="bbox 198 2021 1774 2092">
    <p class='ocr_par' dir='ltr' id='par_1_22' title="bbox 198 2021 1774 2092">
     <span class='ocr_line' id='line_1_22' title="bbox 198 2021 1774 2092; baseline 0.001 -20"><span class='ocrx_word' id='word_1_155' title='bbox 198 2021 294 2076; x_wconf 86' lang='grc' dir='ltr'><strong>λου</strong></span> <span class='ocrx_word' id='word_1_156' title='bbox 341 2024 484 2086; x_wconf 85' lang='grc' dir='ltr'>τινδς</span> <span class='ocrx_word' id='word_1_157' title='bbox 515 2023 623 2074; x_wconf 90' lang='grc' dir='ltr'>τῶν</span> <span class='ocrx_word' id='word_1_158' title='bbox 653 2024 780 2092; x_wconf 79' lang='grc' dir='ltr'>περὶ</span> <span class='ocrx_word' id='word_1_159' title='bbox 825 2022 956 2074; x_wconf 84' lang='grc' dir='ltr'><strong>Θεοῦ</strong></span> <span class='ocrx_word' id='word_1_160' title='bbox 989 2022 1326 2090; x_wconf 81' lang='grc' dir='ltr'>λεγομένων,</span> <span class='ocrx_word' id='word_1_161' title='bbox 1365 2025 1636 2076; x_wconf 82' lang='grc' dir='ltr'>σκοπεῖτε.</span> <span class='ocrx_word' id='word_1_162' title='bbox 1673 2024 1774 2074; x_wconf 83' lang='grc' dir='ltr'><strong>Εὑ-</strong></span> 
     </span>
    </p>
   </div>
   <div class='ocr_carea' id='block_1_23' title="bbox 203 2113 1772 2187">
    <p class='ocr_par' dir='ltr' id='par_1_23' title="bbox 203 2113 1772 2187">
     <span class='ocr_line' id='line_1_23' title="bbox 203 2113 1772 2187; baseline 0 -19"><span class='ocrx_word' id='word_1_163' title='bbox 203 2119 398 2186; x_wconf 87' lang='grc' dir='ltr'>ρήσετε</span> <span class='ocrx_word' id='word_1_164' title='bbox 423 2116 529 2187; x_wconf 83' lang='grc' dir='ltr'><strong>γάρ</strong></span> <span class='ocrx_word' id='word_1_165' title='bbox 568 2115 780 2183; x_wconf 81' lang='grc' dir='ltr'><strong>ἑκάστῳ</strong></span> <span class='ocrx_word' id='word_1_166' title='bbox 815 2114 1056 2184; x_wconf 77' lang='grc' dir='ltr'>ἀκριϐῶς</span> <span class='ocrx_word' id='word_1_167' title='bbox 1099 2113 1527 2184; x_wconf 77' lang='grc' dir='ltr'>ὲφαρμόζοντας.</span> <span class='ocrx_word' id='word_1_168' title='bbox 1567 2116 1694 2178; x_wconf 77' lang='grc' dir='ltr'>Καὶ,</span> <span class='ocrx_word' id='word_1_169' title='bbox 1725 2117 1772 2168; x_wconf 78' lang='grc' dir='ltr'>εξ</span> 
     </span>
    </p>
   </div>
   <div class='ocr_carea' id='block_1_24' title="bbox 202 2197 1775 2279">
    <p class='ocr_par' dir='ltr' id='par_1_24' title="bbox 202 2197 1775 2279">
     <span class='ocr_line' id='line_1_24' title="bbox 202 2197 1775 2279; baseline 0 -20"><span class='ocrx_word' id='word_1_170' title='bbox 202 2206 459 2275; x_wconf 82' lang='grc' dir='ltr'>βούλεσθε</span> <span class='ocrx_word' id='word_1_171' title='bbox 483 2245 496 2268; x_wconf 89' lang='grc'><strong>,</strong></span> <span class='ocrx_word' id='word_1_172' title='bbox 519 2197 616 2257; x_wconf 74' lang='grc' dir='ltr'>’ἐπὶ</span> <span class='ocrx_word' id='word_1_173' title='bbox 652 2204 744 2257; x_wconf 88' lang='grc' dir='ltr'>τοῦ</span> <span class='ocrx_word' id='word_1_174' title='bbox 785 2205 1061 2274; x_wconf 76' lang='grc' dir='ltr'><strong>ἀφθάρτου</strong></span> <span class='ocrx_word' id='word_1_175' title='bbox 1091 2205 1259 2257; x_wconf 87' lang='grc' dir='ltr'>ταῦτα</span> <span class='ocrx_word' id='word_1_176' title='bbox 1291 2205 1535 2275; x_wconf 83' lang='grc' dir='ltr'>λέγωμεν</span> <span class='ocrx_word' id='word_1_177' title='bbox 1557 2247 1570 2269; x_wconf 94' lang='grc'><strong>,</strong></span> <span class='ocrx_word' id='word_1_178' title='bbox 1608 2208 1775 2279; x_wconf 75' lang='grc' dir='ltr'>αὐτὴν</span> 
     </span>
    </p>
   </div>
   <div class='ocr_carea' id='block_1_25' title="bbox 199 2297 1775 2368">
    <p class='ocr_par' dir='ltr' id='par_1_25' title="bbox 199 2297 1775 2368">
     <span class='ocr_line' id='line_1_25' title="bbox 199 2297 1775 2368; baseline 0.001 -18"><span class='ocrx_word' id='word_1_179' title='bbox 199 2298 367 2351; x_wconf 73' lang='grc' dir='ltr'>αὑτοῦ</span> <span class='ocrx_word' id='word_1_180' title='bbox 411 2297 508 2367; x_wconf 75' lang='grc' dir='ltr'><strong>τὴν</strong></span> <span class='ocrx_word' id='word_1_181' title='bbox 539 2297 680 2362; x_wconf 80' lang='grc' dir='ltr'>λέξιν</span> <span class='ocrx_word' id='word_1_182' title='bbox 715 2300 1200 2367; x_wconf 83' lang='grc' dir='ltr'>μετακομίσαντες.</span> <span class='ocrx_word' id='word_1_183' title='bbox 1245 2297 1553 2368; x_wconf 78' lang='grc' dir='ltr'>Ἀιρθαρτον</span> <span class='ocrx_word' id='word_1_184' title='bbox 1584 2300 1640 2351; x_wconf 81' lang='grc' dir='ltr'>δὲ</span> <span class='ocrx_word' id='word_1_185' title='bbox 1691 2300 1775 2351; x_wconf 84' lang='grc' dir='ltr'>λέ-</span> 
     </span>
    </p>
   </div>
   <div class='ocr_carea' id='block_1_26' title="bbox 199 2387 1776 2457">
    <p class='ocr_par' dir='ltr' id='par_1_26' title="bbox 199 2387 1776 2457">
     <span class='ocr_line' id='line_1_26' title="bbox 199 2387 1776 2457; baseline 0 -16"><span class='ocrx_word' id='word_1_186' title='bbox 199 2405 410 2457; x_wconf 83' lang='grc' dir='ltr'>γοντες,</span> <span class='ocrx_word' id='word_1_187' title='bbox 440 2388 499 2439; x_wconf 83' lang='grc' dir='ltr'>οὐ</span> <span class='ocrx_word' id='word_1_188' title='bbox 537 2390 656 2441; x_wconf 83' lang='grc' dir='ltr'>κατ’</span> <span class='ocrx_word' id='word_1_189' title='bbox 691 2390 930 2440; x_wconf 80' lang='grc' dir='ltr'>ἐπίνοιαν</span> <span class='ocrx_word' id='word_1_190' title='bbox 972 2387 1316 2456; x_wconf 79' lang='grc' dir='ltr'><strong>ἀνθρωπίνην</strong></span> <span class='ocrx_word' id='word_1_191' title='bbox 1357 2387 1639 2455; x_wconf 83' lang='grc' dir='ltr'>σεμνύνειν</span> <span class='ocrx_word' id='word_1_192' title='bbox 1671 2389 1776 2441; x_wconf 77' lang='grc' dir='ltr'>οἰό-</span> 
     </span>
    </p>
   </div>
   <div class='ocr_carea' id='block_1_27' title="bbox 198 2477 1776 2549">
    <p class='ocr_par' dir='ltr' id='par_1_27' title="bbox 198 2477 1776 2549">
     <span class='ocr_line' id='line_1_27' title="bbox 198 2477 1776 2549; baseline 0.001 -16"><span class='ocrx_word' id='word_1_193' title='bbox 198 2481 345 2549; x_wconf 88' lang='grc' dir='ltr'>μεθα</span> <span class='ocrx_word' id='word_1_194' title='bbox 385 2480 527 2533; x_wconf 84' lang='grc' dir='ltr'>δεῖν·</span> <span class='ocrx_word' id='word_1_195' title='bbox 566 2479 912 2534; x_wconf 75' lang='grc' dir='ltr'>ἁποτιννύναι</span> <span class='ocrx_word' id='word_1_196' title='bbox 964 2480 1020 2530; x_wconf 76' lang='grc' dir='ltr'>δὲ</span> <span class='ocrx_word' id='word_1_197' title='bbox 1063 2477 1210 2547; x_wconf 81' lang='grc' dir='ltr'>αὐτῴ</span> <span class='ocrx_word' id='word_1_198' title='bbox 1258 2479 1317 2530; x_wconf 86' lang='grc' dir='ltr'>τὸ</span> <span class='ocrx_word' id='word_1_199' title='bbox 1361 2479 1576 2532; x_wconf 80' lang='grc' dir='ltr'>πάντων</span> <span class='ocrx_word' id='word_1_200' title='bbox 1611 2481 1776 2549; x_wconf 81' lang='grc' dir='ltr'>ἀναγ-</span> 
     </span>
    </p>
   </div>
   <div class='ocr_carea' id='block_1_28' title="bbox 195 2566 1773 2640">
    <p class='ocr_par' dir='ltr' id='par_1_28' title="bbox 195 2566 1773 2640">
     <span class='ocr_line' id='line_1_28' title="bbox 195 2566 1773 2640; baseline 0.002 -19"><span class='ocrx_word' id='word_1_201' title='bbox 195 2569 486 2621; x_wconf 85' lang='grc' dir='ltr'>καιότατον</span> <span class='ocrx_word' id='word_1_202' title='bbox 511 2569 750 2637; x_wconf 66' lang='grc' dir='ltr'>ὄφλημα,</span> <span class='ocrx_word' id='word_1_203' title='bbox 786 2568 888 2636; x_wconf 82' lang='grc' dir='ltr'><strong>τὴν</strong></span> <span class='ocrx_word' id='word_1_204' title='bbox 919 2567 1012 2618; x_wconf 89' lang='grc' dir='ltr'><strong>τοῦ</strong></span> <span class='ocrx_word' id='word_1_205' title='bbox 1056 2566 1192 2619; x_wconf 78' lang='grc' dir='ltr'>εἶναι</span> <span class='ocrx_word' id='word_1_206' title='bbox 1219 2568 1247 2620; x_wconf 87' lang='grc' dir='ltr'><em>ὃ</em></span> <span class='ocrx_word' id='word_1_207' title='bbox 1277 2571 1422 2622; x_wconf 81' lang='grc' dir='ltr'>ἐστιν</span> <span class='ocrx_word' id='word_1_208' title='bbox 1452 2571 1739 2640; x_wconf 81' lang='grc' dir='ltr'>ὁμολογίαν</span> <span class='ocrx_word' id='word_1_209' title='bbox 1761 2591 1773 2603; x_wconf 87' lang='grc'><strong>·</strong></span> 
     </span>
    </p>
   </div>
   <div class='ocr_carea' id='block_1_29' title="bbox 194 2658 1777 2731">
    <p class='ocr_par' dir='ltr' id='par_1_29' title="bbox 194 2658 1777 2731">
     <span class='ocr_line' id='line_1_29' title="bbox 194 2658 1777 2731; baseline 0.003 -19"><span class='ocrx_word' id='word_1_210' title='bbox 194 2659 338 2712; x_wconf 75' lang='grc' dir='ltr'>ἀλλὰ</span> <span class='ocrx_word' id='word_1_211' title='bbox 372 2661 478 2730; x_wconf 83' lang='grc' dir='ltr'>μὴν</span> <span class='ocrx_word' id='word_1_212' title='bbox 507 2659 626 2710; x_wconf 73' lang='grc' dir='ltr'>οὐδὲ</span> <span class='ocrx_word' id='word_1_213' title='bbox 653 2658 794 2711; x_wconf 74' lang='grc' dir='ltr'>κατὰ</span> <span class='ocrx_word' id='word_1_214' title='bbox 832 2658 1087 2729; x_wconf 80' lang='grc' dir='ltr'>στέρησιν</span> <span class='ocrx_word' id='word_1_215' title='bbox 1126 2661 1240 2731; x_wconf 68' lang='grc'><strong>(64)</strong></span> <span class='ocrx_word' id='word_1_216' title='bbox 1267 2680 1280 2692; x_wconf 91' lang='grc'><strong>·</strong></span> <span class='ocrx_word' id='word_1_217' title='bbox 1319 2663 1376 2714; x_wconf 70' lang='grc' dir='ltr'>εἴ</span> <span class='ocrx_word' id='word_1_218' title='bbox 1411 2679 1472 2729; x_wconf 86' lang='grc' dir='ltr'><strong>γε</strong></span> <span class='ocrx_word' id='word_1_219' title='bbox 1503 2664 1611 2715; x_wconf 90' lang='grc' dir='ltr'><strong>τῶν</strong></span> <span class='ocrx_word' id='word_1_220' title='bbox 1639 2666 1777 2716; x_wconf 83' lang='grc' dir='ltr'><strong>κατὰ</strong></span> 
     </span>
    </p>
   </div>
   <div class='ocr_carea' id='block_1_30' title="bbox 197 2751 1777 2824">
    <p class='ocr_par' dir='ltr' id='par_1_30' title="bbox 197 2751 1777 2824">
     <span class='ocr_line' id='line_1_30' title="bbox 197 2751 1777 2824; baseline 0.004 -23"><span class='ocrx_word' id='word_1_221' title='bbox 197 2751 366 2819; x_wconf 72' lang='grc' dir='ltr'>φύσιν</span> <span class='ocrx_word' id='word_1_222' title='bbox 396 2753 451 2802; x_wconf 74' lang='grc' dir='ltr'>αἱ</span> <span class='ocrx_word' id='word_1_223' title='bbox 500 2753 782 2820; x_wconf 80' lang='grc' dir='ltr'>στερήσεις</span> <span class='ocrx_word' id='word_1_224' title='bbox 821 2752 927 2804; x_wconf 80' lang='grc' dir='ltr'>εἰσὶ</span> <span class='ocrx_word' id='word_1_225' title='bbox 976 2755 1256 2824; x_wconf 79' lang='grc' dir='ltr'>στερήσεις</span> <span class='ocrx_word' id='word_1_226' title='bbox 1282 2794 1295 2817; x_wconf 95' lang='grc'><strong>,</strong></span> <span class='ocrx_word' id='word_1_227' title='bbox 1339 2756 1432 2806; x_wconf 72' lang='grc' dir='ltr'><strong>καὶ</strong></span> <span class='ocrx_word' id='word_1_228' title='bbox 1475 2756 1579 2808; x_wconf 89' lang='grc' dir='ltr'><strong>τῶν</strong></span> <span class='ocrx_word' id='word_1_229' title='bbox 1613 2756 1777 2819; x_wconf 74' lang='grc' dir='ltr'>ἕξεων</span> 
     </span>
    </p>
   </div>
   <div class='ocr_carea' id='block_1_31' title="bbox 196 2842 1776 2916">
    <p class='ocr_par' dir='ltr' id='par_1_31' title="bbox 196 2842 1776 2916">
     <span class='ocr_line' id='line_1_31' title="bbox 196 2842 1776 2916; baseline 0.004 -22"><span class='ocrx_word' id='word_1_230' title='bbox 196 2842 470 2915; x_wconf 75' lang='grc' dir='ltr'>δεύτεραι.</span> <span class='ocrx_word' id='word_1_231' title='bbox 503 2843 567 2894; x_wconf 91' lang='grc' dir='ltr'>Τί</span> <span class='ocrx_word' id='word_1_232' title='bbox 601 2843 798 2913; x_wconf 84' lang='grc' dir='ltr'>μᾶλλον</span> <span class='ocrx_word' id='word_1_233' title='bbox 825 2845 916 2896; x_wconf 76' lang='grc' dir='ltr'>ἐπὶ</span> <span class='ocrx_word' id='word_1_234' title='bbox 947 2844 1039 2897; x_wconf 89' lang='grc' dir='ltr'><strong>τοῦ</strong></span> <span class='ocrx_word' id='word_1_235' title='bbox 1069 2846 1361 2916; x_wconf 81' lang='grc' dir='ltr'>ἀγεννήτου</span> <span class='ocrx_word' id='word_1_236' title='bbox 1388 2848 1583 2915; x_wconf 81' lang='grc' dir='ltr'>πρέπει</span> <span class='ocrx_word' id='word_1_237' title='bbox 1607 2849 1776 2900; x_wconf 81' lang='grc' dir='ltr'>ταῦτα</span> 
     </span>
    </p>
   </div>
   <div class='ocr_carea' id='block_1_32' title="bbox 197 2932 1774 3008">
    <p class='ocr_par' dir='ltr' id='par_1_32' title="bbox 197 2932 1774 3008">
     <span class='ocr_line' id='line_1_32' title="bbox 197 2932 1774 3008; baseline 0.004 -24"><span class='ocrx_word' id='word_1_238' title='bbox 197 2932 513 3001; x_wconf 74' lang='grc' dir='ltr'>φιλοσοφεῖν</span> <span class='ocrx_word' id='word_1_239' title='bbox 557 2933 587 3004; x_wconf 82' lang='grc' dir='ltr'>ἢ</span> <span class='ocrx_word' id='word_1_240' title='bbox 634 2935 726 2987; x_wconf 78' lang='grc' dir='ltr'><strong>καὶ</strong></span> <span class='ocrx_word' id='word_1_241' title='bbox 765 2935 856 2987; x_wconf 78' lang='grc' dir='ltr'>ἐπὶ</span> <span class='ocrx_word' id='word_1_242' title='bbox 898 2934 991 2986; x_wconf 88' lang='grc' dir='ltr'>τοῦ</span> <span class='ocrx_word' id='word_1_243' title='bbox 1038 2936 1352 3006; x_wconf 68' lang='grc' dir='ltr'>ἀφθάρτου,</span> <span class='ocrx_word' id='word_1_244' title='bbox 1403 2938 1496 2988; x_wconf 78' lang='grc' dir='ltr'><strong>καὶ</strong></span> <span class='ocrx_word' id='word_1_245' title='bbox 1528 2938 1661 3001; x_wconf 82' lang='grc' dir='ltr'>ὅλως</span> <span class='ocrx_word' id='word_1_246' title='bbox 1693 2941 1774 3008; x_wconf 76' lang='grc' dir='ltr'><strong>ἐφ’</strong></span> 
     </span>
    </p>
   </div>
   <div class='ocr_carea' id='block_1_33' title="bbox 198 3026 1778 3099">
    <p class='ocr_par' dir='ltr' id='par_1_33' title="bbox 198 3026 1778 3099">
     <span class='ocr_line' id='line_1_33' title="bbox 198 3026 1778 3099; baseline 0.003 -21"><span class='ocrx_word' id='word_1_247' title='bbox 198 3026 442 3095; x_wconf 75' lang='grc' dir='ltr'>ἑκάστης</span> <span class='ocrx_word' id='word_1_248' title='bbox 490 3026 671 3095; x_wconf 82' lang='grc' dir='ltr'>φωνῆς</span> <span class='ocrx_word' id='word_1_249' title='bbox 719 3027 815 3096; x_wconf 85' lang='grc' dir='ltr'><strong>τῆς</strong></span> <span class='ocrx_word' id='word_1_250' title='bbox 867 3026 1006 3078; x_wconf 75' lang='grc' dir='ltr'>κατὰ</span> <span class='ocrx_word' id='word_1_251' title='bbox 1037 3027 1127 3079; x_wconf 74' lang='grc' dir='ltr'>τὸν</span> <span class='ocrx_word' id='word_1_252' title='bbox 1152 3027 1311 3079; x_wconf 78' lang='grc' dir='ltr'>αὑτὸν</span> <span class='ocrx_word' id='word_1_253' title='bbox 1354 3028 1522 3081; x_wconf 78' lang='grc' dir='ltr'>τύπον</span> <span class='ocrx_word' id='word_1_254' title='bbox 1557 3031 1778 3099; x_wconf 75' lang='grc' dir='ltr'>ἐκφερο-</span> 
     </span>
    </p>
   </div>
   <div class='ocr_carea' id='block_1_34' title="bbox 202 3117 1776 3189">
    <p class='ocr_par' dir='ltr' id='par_1_34' title="bbox 202 3117 1776 3189">
     <span class='ocr_line' id='line_1_34' title="bbox 202 3117 1776 3189; baseline 0.001 -18"><span class='ocrx_word' id='word_1_255' title='bbox 202 3120 402 3189; x_wconf 86' lang='grc' dir='ltr'>μένης;</span> <span class='ocrx_word' id='word_1_256' title='bbox 457 3118 592 3169; x_wconf 82' lang='grc' dir='ltr'>Ἀλλ’</span> <span class='ocrx_word' id='word_1_257' title='bbox 637 3118 788 3170; x_wconf 79' lang='grc' dir='ltr'>οὐδὲν</span> <span class='ocrx_word' id='word_1_258' title='bbox 836 3117 942 3170; x_wconf 88' lang='grc' dir='ltr'>τῶν</span> <span class='ocrx_word' id='word_1_259' title='bbox 982 3118 1153 3172; x_wconf 82' lang='grc' dir='ltr'>ἄλλων</span> <span class='ocrx_word' id='word_1_260' title='bbox 1187 3118 1333 3189; x_wconf 77' lang='grc' dir='ltr'>αὐτῷ</span> <span class='ocrx_word' id='word_1_261' title='bbox 1365 3121 1499 3189; x_wconf 81' lang='grc' dir='ltr'>πρὸς</span> <span class='ocrx_word' id='word_1_262' title='bbox 1529 3121 1626 3189; x_wconf 81' lang='grc' dir='ltr'><strong>τὴν</strong></span> <span class='ocrx_word' id='word_1_263' title='bbox 1653 3122 1776 3172; x_wconf 77' lang='grc' dir='ltr'>ἀσέ-</span> 
     </span>
    </p>
   </div>
   <div class='ocr_carea' id='block_1_35' title="bbox 1875 565 3432 633">
    <p class='ocr_par' dir='ltr' id='par_1_35' title="bbox 1875 565 3432 633">
     <span class='ocr_line' id='line_1_35' title="bbox 1875 565 3432 633; baseline 0.001 -16"><span class='ocrx_word' id='word_1_264' title='bbox 1875 581 1987 618; x_wconf 90' lang='lat' dir='ltr'><strong>rum</strong></span> <span class='ocrx_word' id='word_1_265' title='bbox 2024 565 2555 632; x_wconf 80' lang='lat' dir='ltr'><strong>comprehensionem</strong></span> <span class='ocrx_word' id='word_1_266' title='bbox 2602 574 2692 618; x_wconf 93' lang='lat' dir='ltr'><strong>:et</strong></span> <span class='ocrx_word' id='word_1_267' title='bbox 2742 566 3140 633; x_wconf 86' lang='lat' dir='ltr'><strong>incorporeum,</strong></span> <span class='ocrx_word' id='word_1_268' title='bbox 3176 568 3432 619; x_wconf 88' lang='lat' dir='ltr'><strong>substan-</strong></span> 
     </span>
    </p>
   </div>
   <div class='ocr_carea' id='block_1_36' title="bbox 1873 657 3435 722">
    <p class='ocr_par' dir='ltr' id='par_1_36' title="bbox 1873 657 3435 722">
     <span class='ocr_line' id='line_1_36' title="bbox 1873 657 3435 722; baseline 0.001 -13"><span class='ocrx_word' id='word_1_269' title='bbox 1873 658 2001 709; x_wconf 88' lang='lat' dir='ltr'><strong>tiam</strong></span> <span class='ocrx_word' id='word_1_270' title='bbox 2038 657 2153 722; x_wconf 84' lang='lat' dir='ltr'><strong>ejus</strong></span> <span class='ocrx_word' id='word_1_271' title='bbox 2205 657 2340 710; x_wconf 86' lang='lat' dir='ltr'><strong>trina</strong></span> <span class='ocrx_word' id='word_1_272' title='bbox 2396 657 2728 710; x_wconf 77' lang='lat' dir='ltr'><strong>dimensione</strong></span> <span class='ocrx_word' id='word_1_273' title='bbox 2764 673 2866 710; x_wconf 94' lang='lat' dir='ltr'><strong>non</strong></span> <span class='ocrx_word' id='word_1_274' title='bbox 2921 668 3213 710; x_wconf 81' lang='lat' dir='ltr'><strong>constare:</strong></span> <span class='ocrx_word' id='word_1_275' title='bbox 3242 669 3294 710; x_wconf 89' lang='lat' dir='ltr'><strong>et</strong></span> <span class='ocrx_word' id='word_1_276' title='bbox 3335 657 3435 710; x_wconf 90' lang='lat' dir='ltr'><strong>im—</strong></span> 
     </span>
    </p>
   </div>
   <div class='ocr_carea' id='block_1_37' title="bbox 1873 748 3431 816">
    <p class='ocr_par' dir='ltr' id='par_1_37' title="bbox 1873 748 3431 816">
     <span class='ocr_line' id='line_1_37' title="bbox 1873 748 3431 816; baseline 0 -16"><span class='ocrx_word' id='word_1_277' title='bbox 1873 749 2119 810; x_wconf 90' lang='lat' dir='ltr'><strong>mortale,</strong></span> <span class='ocrx_word' id='word_1_278' title='bbox 2140 764 2261 801; x_wconf 82' lang='lat' dir='ltr'><strong>cum</strong></span> <span class='ocrx_word' id='word_1_279' title='bbox 2282 748 2617 802; x_wconf 80' lang='lat' dir='ltr'><strong>dissolutioni</strong></span> <span class='ocrx_word' id='word_1_280' title='bbox 2653 764 2925 816; x_wconf 78' lang='lat' dir='ltr'><strong>nunquam</strong></span> <span class='ocrx_word' id='word_1_281' title='bbox 2956 748 3248 801; x_wconf 81' lang='lat' dir='ltr'><strong>obnoxium</strong></span> <span class='ocrx_word' id='word_1_282' title='bbox 3285 748 3431 802; x_wconf 80' lang='lat' dir='ltr'><strong>fore:</strong></span> 
     </span>
    </p>
   </div>
   <div class='ocr_carea' id='block_1_38' title="bbox 1869 838 3436 908">
    <p class='ocr_par' dir='ltr' id='par_1_38' title="bbox 1869 838 3436 908">
     <span class='ocr_line' id='line_1_38' title="bbox 1869 838 3436 908; baseline 0.001 -16"><span class='ocrx_word' id='word_1_283' title='bbox 1869 839 2111 892; x_wconf 90' lang='lat' dir='ltr'><strong>eumdem</strong></span> <span class='ocrx_word' id='word_1_284' title='bbox 2143 838 2208 890; x_wconf 89' lang='lat' dir='ltr'><strong>ad</strong></span> <span class='ocrx_word' id='word_1_285' title='bbox 2247 839 2458 890; x_wconf 90' lang='lat' dir='ltr'><strong>modum</strong></span> <span class='ocrx_word' id='word_1_286' title='bbox 2495 839 2724 892; x_wconf 91' lang='lat' dir='ltr'><strong>dicimus</strong></span> <span class='ocrx_word' id='word_1_287' title='bbox 2755 841 3226 907; x_wconf 81' lang='lat' dir='ltr'><strong>ingenitumetiam</strong></span> <span class='ocrx_word' id='word_1_288' title='bbox 3260 841 3436 908; x_wconf 77' lang='lat' dir='ltr'><strong>signi-</strong></span> 
     </span>
    </p>
   </div>
   <div class='ocr_carea' id='block_1_39' title="bbox 1874 931 3438 997">
    <p class='ocr_par' dir='ltr' id='par_1_39' title="bbox 1874 931 3438 997">
     <span class='ocr_line' id='line_1_39' title="bbox 1874 931 3438 997; baseline 0.001 -15"><span class='ocrx_word' id='word_1_289' title='bbox 1874 931 2055 990; x_wconf 82' lang='lat' dir='ltr'><strong>ﬁcare.</strong></span> <span class='ocrx_word' id='word_1_290' title='bbox 2087 931 2489 996; x_wconf 77' lang='lat' dir='ltr'><strong>generationem</strong></span> <span class='ocrx_word' id='word_1_291' title='bbox 2540 931 2592 981; x_wconf 93' lang='lat' dir='ltr'><strong>in</strong></span> <span class='ocrx_word' id='word_1_292' title='bbox 2639 931 2754 997; x_wconf 89' lang='lat' dir='ltr'><strong>ipso</strong></span> <span class='ocrx_word' id='word_1_293' title='bbox 2799 947 2901 983; x_wconf 92' lang='lat' dir='ltr'><strong>non</strong></span> <span class='ocrx_word' id='word_1_294' title='bbox 2961 933 3155 985; x_wconf 88' lang='lat' dir='ltr'><strong>inesse.</strong></span> <span class='ocrx_word' id='word_1_295' title='bbox 3203 932 3438 985; x_wconf 88' lang='lat' dir='ltr'><strong>Proinde</strong></span> 
     </span>
    </p>
   </div>
   <div class='ocr_carea' id='block_1_40' title="bbox 1873 1001 3440 1091">
    <p class='ocr_par' dir='ltr' id='par_1_40' title="bbox 1873 1020 3440 1091">
     <span class='ocr_line' id='line_1_40' title="bbox 1873 1020 3440 1091; baseline 0.002 -18"><span class='ocrx_word' id='word_1_296' title='bbox 1873 1021 1916 1073; x_wconf 89' lang='lat' dir='ltr'><strong>si</strong></span> <span class='ocrx_word' id='word_1_297' title='bbox 1946 1020 2148 1073; x_wconf 90' lang='lat' dir='ltr'><strong>nullum</strong></span> <span class='ocrx_word' id='word_1_298' title='bbox 2182 1035 2245 1074; x_wconf 81' lang='lat' dir='ltr'><strong>ex</strong></span> <span class='ocrx_word' id='word_1_299' title='bbox 2284 1020 2389 1074; x_wconf 90' lang='lat' dir='ltr'><strong>illis</strong></span> <span class='ocrx_word' id='word_1_300' title='bbox 2423 1020 2728 1074; x_wconf 87' lang='lat' dir='ltr'><strong>nominibus</strong></span> <span class='ocrx_word' id='word_1_301' title='bbox 2767 1021 3088 1088; x_wconf 71' lang='lat' dir='ltr'><strong>privativum</strong></span> <span class='ocrx_word' id='word_1_302' title='bbox 3132 1032 3232 1084; x_wconf 86' lang='lat' dir='ltr'><strong>est,</strong></span> <span class='ocrx_word' id='word_1_303' title='bbox 3263 1038 3440 1091; x_wconf 89' lang='lat' dir='ltr'><strong>neque</strong></span> 
     </span>
    </p>
   </div>
   <div class='ocr_carea' id='block_1_41' title="bbox 1874 1112 3439 1183">
    <p class='ocr_par' dir='ltr' id='par_1_41' title="bbox 1874 1112 3439 1183">
     <span class='ocr_line' id='line_1_41' title="bbox 1874 1112 3439 1183; baseline 0.001 -17"><span class='ocrx_word' id='word_1_304' title='bbox 1874 1113 1976 1166; x_wconf 87' lang='lat' dir='ltr'><strong>hoc</strong></span> <span class='ocrx_word' id='word_1_305' title='bbox 2006 1114 2128 1165; x_wconf 86' lang='lat' dir='ltr'><strong>erit.</strong></span> <span class='ocrx_word' id='word_1_306' title='bbox 2165 1112 2314 1177; x_wconf 86' lang='lat' dir='ltr'><strong>Quod</strong></span> <span class='ocrx_word' id='word_1_307' title='bbox 2358 1114 2401 1166; x_wconf 91' lang='lat' dir='ltr'><strong>si</strong></span> <span class='ocrx_word' id='word_1_308' title='bbox 2440 1113 2692 1166; x_wconf 86' lang='lat' dir='ltr'><strong>concedis</strong></span> <span class='ocrx_word' id='word_1_309' title='bbox 2725 1113 2809 1165; x_wconf 91' lang='lat' dir='ltr'><strong>illa</strong></span> <span class='ocrx_word' id='word_1_310' title='bbox 2853 1116 3147 1166; x_wconf 89' lang='lat' dir='ltr'><strong>secundum</strong></span> <span class='ocrx_word' id='word_1_311' title='bbox 3183 1115 3439 1183; x_wconf 80' lang='lat' dir='ltr'><strong>privatio-</strong></span> 
     </span>
    </p>
   </div>
   <div class='ocr_carea' id='block_1_42' title="bbox 1876 1201 3438 1271">
    <p class='ocr_par' dir='ltr' id='par_1_42' title="bbox 1876 1201 3438 1271">
     <span class='ocr_line' id='line_1_42' title="bbox 1876 1201 3438 1271; baseline 0.001 -17"><span class='ocrx_word' id='word_1_312' title='bbox 1876 1217 1994 1254; x_wconf 89' lang='lat' dir='ltr'><strong>nem</strong></span> <span class='ocrx_word' id='word_1_313' title='bbox 2024 1201 2150 1265; x_wconf 89' lang='lat' dir='ltr'><strong>dici,</strong></span> <span class='ocrx_word' id='word_1_314' title='bbox 2183 1204 2273 1255; x_wconf 88' lang='lat' dir='ltr'><strong>sed</strong></span> <span class='ocrx_word' id='word_1_315' title='bbox 2298 1203 2349 1254; x_wconf 90' lang='lat' dir='ltr'><strong>id</strong></span> <span class='ocrx_word' id='word_1_316' title='bbox 2378 1203 2429 1253; x_wconf 92' lang='lat' dir='ltr'><strong>in</strong></span> <span class='ocrx_word' id='word_1_317' title='bbox 2459 1202 2814 1268; x_wconf 87' lang='lat' dir='ltr'><strong>appellatione</strong></span> <span class='ocrx_word' id='word_1_318' title='bbox 2847 1203 3065 1271; x_wconf 82' lang='lat' dir='ltr'><strong>iugeniti</strong></span> <span class='ocrx_word' id='word_1_319' title='bbox 3113 1221 3215 1257; x_wconf 92' lang='lat' dir='ltr'><strong>non</strong></span> <span class='ocrx_word' id='word_1_320' title='bbox 3244 1204 3438 1258; x_wconf 51' lang='lat' dir='ltr'><strong>admit-</strong></span> 
     </span>
    </p>
   </div>
   <div class='ocr_carea' id='block_1_43' title="bbox 1877 1291 3441 1362">
    <p class='ocr_par' dir='ltr' id='par_1_43' title="bbox 1877 1291 3441 1362">
     <span class='ocr_line' id='line_1_43' title="bbox 1877 1291 3441 1362; baseline 0.001 -18"><span class='ocrx_word' id='word_1_321' title='bbox 1877 1301 1990 1344; x_wconf 85' lang='lat' dir='ltr'><strong>tas:</strong></span> <span class='ocrx_word' id='word_1_322' title='bbox 2022 1291 2126 1349; x_wconf 90' lang='lat' dir='ltr'><strong>dic,</strong></span> <span class='ocrx_word' id='word_1_323' title='bbox 2155 1306 2260 1358; x_wconf 90' lang='lat' dir='ltr'><strong>quo</strong></span> <span class='ocrx_word' id='word_1_324' title='bbox 2297 1291 2478 1344; x_wconf 86' lang='lat' dir='ltr'><strong>habitu</strong></span> <span class='ocrx_word' id='word_1_325' title='bbox 2516 1291 2676 1359; x_wconf 87' lang='lat'><strong>222</strong></span> <span class='ocrx_word' id='word_1_326' title='bbox 2715 1293 3071 1360; x_wconf 73' lang='lat' dir='ltr'><strong>przccedente,</strong></span> <span class='ocrx_word' id='word_1_327' title='bbox 3109 1293 3441 1362; x_wconf 78' lang='lat' dir='ltr'><strong>incorrupti-</strong></span> 
     </span>
    </p>
   </div>
   <div class='ocr_carea' id='block_1_44' title="bbox 1877 1383 3434 1453">
    <p class='ocr_par' dir='ltr' id='par_1_44' title="bbox 1877 1383 3434 1453">
     <span class='ocr_line' id='line_1_44' title="bbox 1877 1383 3434 1453; baseline 0 -15"><span class='ocrx_word' id='word_1_328' title='bbox 1877 1385 1979 1438; x_wconf 90' lang='lat' dir='ltr'><strong>bile</strong></span> <span class='ocrx_word' id='word_1_329' title='bbox 2013 1385 2368 1453; x_wconf 79' lang='lat' dir='ltr'><strong>privationem</strong></span> <span class='ocrx_word' id='word_1_330' title='bbox 2403 1383 2642 1436; x_wconf 84' lang='lat' dir='ltr'><strong>iudicet?</strong></span> <span class='ocrx_word' id='word_1_331' title='bbox 2679 1393 2771 1434; x_wconf 90' lang='lat' dir='ltr'><strong>aut</strong></span> <span class='ocrx_word' id='word_1_332' title='bbox 2814 1386 3084 1452; x_wconf 91' lang='lat' dir='ltr'><strong>quomodo</strong></span> <span class='ocrx_word' id='word_1_333' title='bbox 3137 1387 3434 1453; x_wconf 83' lang='lat' dir='ltr'><strong>ingenitum</strong></span> 
     </span>
    </p>
   </div>
   <div class='ocr_carea' id='block_1_45' title="bbox 1877 1475 3440 1544">
    <p class='ocr_par' dir='ltr' id='par_1_45' title="bbox 1877 1475 3440 1544">
     <span class='ocr_line' id='line_1_45' title="bbox 1877 1475 3440 1544; baseline 0.001 -16"><span class='ocrx_word' id='word_1_334' title='bbox 1877 1491 1982 1529; x_wconf 89' lang='lat' dir='ltr'><strong>non</strong></span> <span class='ocrx_word' id='word_1_335' title='bbox 2014 1476 2152 1530; x_wconf 90' lang='lat' dir='ltr'><strong>idem</strong></span> <span class='ocrx_word' id='word_1_336' title='bbox 2188 1478 2330 1544; x_wconf 91' lang='lat' dir='ltr'><strong>quod</strong></span> <span class='ocrx_word' id='word_1_337' title='bbox 2384 1475 2484 1530; x_wconf 91' lang='lat' dir='ltr'><strong>hoc</strong></span> <span class='ocrx_word' id='word_1_338' title='bbox 2527 1475 2736 1528; x_wconf 82' lang='lat' dir='ltr'><strong>valeat?</strong></span> <span class='ocrx_word' id='word_1_339' title='bbox 2764 1476 2832 1528; x_wconf 81' lang='lat' dir='ltr'><strong>At</strong></span> <span class='ocrx_word' id='word_1_340' title='bbox 2887 1477 3031 1530; x_wconf 89' lang='lat' dir='ltr'><strong>circa</strong></span> <span class='ocrx_word' id='word_1_341' title='bbox 3090 1479 3191 1531; x_wconf 90' lang='lat' dir='ltr'><strong>hoc</strong></span> <span class='ocrx_word' id='word_1_342' title='bbox 3223 1476 3440 1530; x_wconf 88' lang='lat' dir='ltr'><strong>verbum</strong></span> 
     </span>
    </p>
   </div>
   <div class='ocr_carea' id='block_1_46' title="bbox 1878 1565 3441 1636">
    <p class='ocr_par' dir='ltr' id='par_1_46' title="bbox 1878 1565 3441 1636">
     <span class='ocr_line' id='line_1_46' title="bbox 1878 1565 3441 1636; baseline 0.002 -18"><span class='ocrx_word' id='word_1_343' title='bbox 1878 1566 2050 1618; x_wconf 91' lang='lat' dir='ltr'><strong>solum</strong></span> <span class='ocrx_word' id='word_1_344' title='bbox 2098 1565 2351 1634; x_wconf 80' lang='lat' dir='ltr'><strong>malignis</strong></span> <span class='ocrx_word' id='word_1_345' title='bbox 2386 1566 2597 1619; x_wconf 90' lang='lat' dir='ltr'><strong>artibus</strong></span> <span class='ocrx_word' id='word_1_346' title='bbox 2629 1567 2818 1630; x_wconf 84' lang='lat' dir='ltr'><strong>utitur,</strong></span> <span class='ocrx_word' id='word_1_347' title='bbox 2853 1566 2993 1634; x_wconf 90' lang='lat' dir='ltr'><strong>quod</strong></span> <span class='ocrx_word' id='word_1_348' title='bbox 3025 1568 3071 1619; x_wconf 87' lang='lat' dir='ltr'><strong>ei</strong></span> <span class='ocrx_word' id='word_1_349' title='bbox 3106 1567 3229 1622; x_wconf 91' lang='lat' dir='ltr'><strong>hinc</strong></span> <span class='ocrx_word' id='word_1_350' title='bbox 3259 1568 3441 1636; x_wconf 88' lang='lat' dir='ltr'><strong>impie-</strong></span> 
     </span>
    </p>
   </div>
   <div class='ocr_carea' id='block_1_47' title="bbox 1878 1657 3447 1727">
    <p class='ocr_par' dir='ltr' id='par_1_47' title="bbox 1878 1657 3447 1727">
     <span class='ocr_line' id='line_1_47' title="bbox 1878 1657 3447 1727; baseline 0.002 -17"><span class='ocrx_word' id='word_1_351' title='bbox 1878 1657 2004 1711; x_wconf 84' lang='lat' dir='ltr'><strong>tatis</strong></span> <span class='ocrx_word' id='word_1_352' title='bbox 2033 1657 2333 1726; x_wconf 89' lang='lat' dir='ltr'><strong>dependent</strong></span> <span class='ocrx_word' id='word_1_353' title='bbox 2356 1657 2687 1710; x_wconf 77' lang='lat' dir='ltr'><strong>occasiones.</strong></span> <span class='ocrx_word' id='word_1_354' title='bbox 2715 1657 2817 1711; x_wconf 87' lang='lat' dir='ltr'><strong>Sed</strong></span> <span class='ocrx_word' id='word_1_355' title='bbox 2859 1659 3146 1711; x_wconf 64' lang='lat' dir='ltr'><strong>artificium</strong></span> <span class='ocrx_word' id='word_1_356' title='bbox 3189 1659 3307 1727; x_wconf 89' lang='lat' dir='ltr'><strong>ejus</strong></span> <span class='ocrx_word' id='word_1_357' title='bbox 3340 1675 3447 1712; x_wconf 84' lang='lat' dir='ltr'><strong>ma-</strong></span> 
     </span>
    </p>
   </div>
   <div class='ocr_carea' id='block_1_48' title="bbox 1880 1749 3446 1821">
    <p class='ocr_par' dir='ltr' id='par_1_48' title="bbox 1880 1749 3446 1821">
     <span class='ocr_line' id='line_1_48' title="bbox 1880 1749 3446 1821; baseline 0.001 -18"><span class='ocrx_word' id='word_1_358' title='bbox 1880 1751 2130 1805; x_wconf 79' lang='lat' dir='ltr'><strong>nifestum</strong></span> <span class='ocrx_word' id='word_1_359' title='bbox 2165 1758 2222 1802; x_wconf 92' lang='lat' dir='ltr'><strong>ut</strong></span> <span class='ocrx_word' id='word_1_360' title='bbox 2278 1750 2387 1815; x_wconf 87' lang='lat' dir='ltr'><strong>liat,</strong></span> <span class='ocrx_word' id='word_1_361' title='bbox 2443 1749 2512 1802; x_wconf 86' lang='lat' dir='ltr'><strong>ita</strong></span> <span class='ocrx_word' id='word_1_362' title='bbox 2550 1749 2748 1802; x_wconf 79' lang='lat' dir='ltr'><strong>facile:</strong></span> <span class='ocrx_word' id='word_1_363' title='bbox 2789 1765 2924 1818; x_wconf 87' lang='lat' dir='ltr'><strong>quos</strong></span> <span class='ocrx_word' id='word_1_364' title='bbox 2975 1750 3038 1804; x_wconf 91' lang='lat' dir='ltr'><strong>de</strong></span> <span class='ocrx_word' id='word_1_365' title='bbox 3087 1751 3324 1821; x_wconf 82' lang='lat' dir='ltr'><strong>ingenito</strong></span> <span class='ocrx_word' id='word_1_366' title='bbox 3362 1756 3446 1805; x_wconf 90' lang='lat' dir='ltr'><strong>in-</strong></span> 
     </span>
    </p>
   </div>
   <div class='ocr_carea' id='block_1_49' title="bbox 1879 1841 3441 1907">
    <p class='ocr_par' dir='ltr' id='par_1_49' title="bbox 1879 1841 3441 1907">
     <span class='ocr_line' id='line_1_49' title="bbox 1879 1841 3441 1907; baseline 0 -14"><span class='ocrx_word' id='word_1_367' title='bbox 1879 1841 2038 1894; x_wconf 84' lang='lat' dir='ltr'><strong>struit</strong></span> <span class='ocrx_word' id='word_1_368' title='bbox 2086 1855 2385 1902; x_wconf 84' lang='lat' dir='ltr'><strong>sermones,</strong></span> <span class='ocrx_word' id='word_1_369' title='bbox 2420 1841 2560 1906; x_wconf 90' lang='lat' dir='ltr'><strong>quod</strong></span> <span class='ocrx_word' id='word_1_370' title='bbox 2624 1853 2793 1907; x_wconf 90' lang='lat' dir='ltr'><strong>neque</strong></span> <span class='ocrx_word' id='word_1_371' title='bbox 2850 1854 2916 1892; x_wconf 81' lang='lat' dir='ltr'><strong>ex</strong></span> <span class='ocrx_word' id='word_1_372' title='bbox 2970 1841 3208 1894; x_wconf 91' lang='lat' dir='ltr'><strong>humano</strong></span> <span class='ocrx_word' id='word_1_373' title='bbox 3257 1843 3441 1894; x_wconf 89' lang='lat' dir='ltr'><strong>conci-</strong></span> 
     </span>
    </p>
   </div>
   <div class='ocr_carea' id='block_1_50' title="bbox 1879 1931 3442 2000">
    <p class='ocr_par' dir='ltr' id='par_1_50' title="bbox 1879 1931 3442 2000">
     <span class='ocr_line' id='line_1_50' title="bbox 1879 1931 3442 2000; baseline -0.001 -16"><span class='ocrx_word' id='word_1_374' title='bbox 1879 1931 2058 2000; x_wconf 88' lang='lat' dir='ltr'><strong>piendi</strong></span> <span class='ocrx_word' id='word_1_375' title='bbox 2100 1932 2276 1992; x_wconf 89' lang='lat' dir='ltr'><strong>modo,</strong></span> <span class='ocrx_word' id='word_1_376' title='bbox 2312 1945 2484 1998; x_wconf 90' lang='lat' dir='ltr'><strong>neque</strong></span> <span class='ocrx_word' id='word_1_377' title='bbox 2515 1945 2578 1983; x_wconf 81' lang='lat' dir='ltr'><strong>ex</strong></span> <span class='ocrx_word' id='word_1_378' title='bbox 2613 1932 2919 1997; x_wconf 85' lang='lat' dir='ltr'><strong>privatione</strong></span> <span class='ocrx_word' id='word_1_379' title='bbox 2953 1936 3016 1985; x_wconf 87' lang='lat' dir='ltr'><strong>de</strong></span> <span class='ocrx_word' id='word_1_380' title='bbox 3064 1932 3172 1984; x_wconf 91' lang='lat' dir='ltr'><strong>Deo</strong></span> <span class='ocrx_word' id='word_1_381' title='bbox 3206 1931 3312 1986; x_wconf 88' lang='lat' dir='ltr'><strong>dici</strong></span> <span class='ocrx_word' id='word_1_382' title='bbox 3344 1947 3442 1999; x_wconf 86' lang='lat' dir='ltr'><strong>par</strong></span> 
     </span>
    </p>
   </div>
   <div class='ocr_carea' id='block_1_51' title="bbox 1879 2022 3446 2092">
    <p class='ocr_par' dir='ltr' id='par_1_51' title="bbox 1879 2022 3446 2092">
     <span class='ocr_line' id='line_1_51' title="bbox 1879 2022 3446 2092; baseline 0.002 -16"><span class='ocrx_word' id='word_1_383' title='bbox 1879 2034 1994 2089; x_wconf 90' lang='lat' dir='ltr'><strong>est;</strong></span> <span class='ocrx_word' id='word_1_384' title='bbox 2025 2025 2123 2077; x_wconf 88' lang='lat' dir='ltr'><strong>hos</strong></span> <span class='ocrx_word' id='word_1_385' title='bbox 2151 2022 2441 2076; x_wconf 85' lang='lat' dir='ltr'><strong>translatos</strong></span> <span class='ocrx_word' id='word_1_386' title='bbox 2477 2022 2529 2075; x_wconf 93' lang='lat' dir='ltr'><strong>in</strong></span> <span class='ocrx_word' id='word_1_387' title='bbox 2558 2023 2699 2076; x_wconf 84' lang='lat' dir='ltr'><strong>aliud</strong></span> <span class='ocrx_word' id='word_1_388' title='bbox 2735 2025 3001 2092; x_wconf 89' lang='lat' dir='ltr'><strong>quoddam</strong></span> <span class='ocrx_word' id='word_1_389' title='bbox 3032 2039 3222 2077; x_wconf 89' lang='lat' dir='ltr'><strong>nomen</strong></span> <span class='ocrx_word' id='word_1_390' title='bbox 3263 2040 3326 2076; x_wconf 85' lang='lat' dir='ltr'><strong>ex</strong></span> <span class='ocrx_word' id='word_1_391' title='bbox 3362 2025 3446 2079; x_wconf 87' lang='lat' dir='ltr'><strong>his</strong></span> 
     </span>
    </p>
   </div>
   <div class='ocr_carea' id='block_1_52' title="bbox 1880 2115 3446 2184">
    <p class='ocr_par' dir='ltr' id='par_1_52' title="bbox 1880 2115 3446 2184">
     <span class='ocr_line' id='line_1_52' title="bbox 1880 2115 3446 2184; baseline -0.002 -15"><span class='ocrx_word' id='word_1_392' title='bbox 1880 2131 1999 2184; x_wconf 65' lang='lat' dir='ltr'><strong>qua:</strong></span> <span class='ocrx_word' id='word_1_393' title='bbox 2048 2116 2114 2169; x_wconf 91' lang='lat' dir='ltr'><strong>de</strong></span> <span class='ocrx_word' id='word_1_394' title='bbox 2148 2117 2257 2169; x_wconf 87' lang='lat' dir='ltr'><strong>Deo</strong></span> <span class='ocrx_word' id='word_1_395' title='bbox 2289 2115 2560 2178; x_wconf 89' lang='lat' dir='ltr'><strong>dicuntur,</strong></span> <span class='ocrx_word' id='word_1_396' title='bbox 2599 2116 2958 2169; x_wconf 88' lang='lat' dir='ltr'><strong>consideretis</strong></span> <span class='ocrx_word' id='word_1_397' title='bbox 2998 2116 3176 2168; x_wconf 89' lang='lat' dir='ltr'><strong>velim.</strong></span> <span class='ocrx_word' id='word_1_398' title='bbox 3221 2115 3446 2169; x_wconf 85' lang='lat' dir='ltr'><strong>Unicui-</strong></span> 
     </span>
    </p>
   </div>
   <div class='ocr_carea' id='block_1_53' title="bbox 1884 2205 3443 2274">
    <p class='ocr_par' dir='ltr' id='par_1_53' title="bbox 1884 2205 3443 2274">
     <span class='ocr_line' id='line_1_53' title="bbox 1884 2205 3443 2274; baseline 0.001 -19"><span class='ocrx_word' id='word_1_399' title='bbox 1884 2221 1990 2274; x_wconf 82' lang='lat' dir='ltr'><strong>que</strong></span> <span class='ocrx_word' id='word_1_400' title='bbox 2038 2207 2181 2259; x_wconf 89' lang='lat' dir='ltr'><strong>enim</strong></span> <span class='ocrx_word' id='word_1_401' title='bbox 2222 2205 2430 2258; x_wconf 85' lang='lat' dir='ltr'><strong>illorum</strong></span> <span class='ocrx_word' id='word_1_402' title='bbox 2475 2220 2698 2273; x_wconf 88' lang='lat' dir='ltr'><strong>prorsus</strong></span> <span class='ocrx_word' id='word_1_403' title='bbox 2743 2206 3038 2258; x_wconf 87' lang='lat' dir='ltr'><strong>convenire</strong></span> <span class='ocrx_word' id='word_1_404' title='bbox 3076 2206 3443 2274; x_wconf 89' lang='lat' dir='ltr'><strong>comperietis.</strong></span> 
     </span>
    </p>
   </div>
   <div class='ocr_carea' id='block_1_54' title="bbox 1883 2296 3446 2363">
    <p class='ocr_par' dir='ltr' id='par_1_54' title="bbox 1883 2296 3446 2363">
     <span class='ocr_line' id='line_1_54' title="bbox 1883 2296 3446 2363; baseline 0 -13"><span class='ocrx_word' id='word_1_405' title='bbox 1883 2297 1968 2358; x_wconf 87' lang='lat' dir='ltr'><strong>Et,</strong></span> <span class='ocrx_word' id='word_1_406' title='bbox 2002 2298 2045 2351; x_wconf 91' lang='lat' dir='ltr'><strong>si</strong></span> <span class='ocrx_word' id='word_1_407' title='bbox 2081 2296 2261 2360; x_wconf 83' lang='lat' dir='ltr'><strong>vultis,</strong></span> <span class='ocrx_word' id='word_1_408' title='bbox 2296 2296 2360 2350; x_wconf 89' lang='lat' dir='ltr'><strong>de</strong></span> <span class='ocrx_word' id='word_1_409' title='bbox 2390 2297 2780 2363; x_wconf 84' lang='lat' dir='ltr'><strong>incorruptibili</strong></span> <span class='ocrx_word' id='word_1_410' title='bbox 2831 2296 3015 2350; x_wconf 87' lang='lat' dir='ltr'><strong>eadem</strong></span> <span class='ocrx_word' id='word_1_411' title='bbox 3058 2297 3323 2358; x_wconf 85' lang='lat' dir='ltr'><strong>dicamus,</strong></span> <span class='ocrx_word' id='word_1_412' title='bbox 3361 2298 3446 2350; x_wconf 91' lang='lat' dir='ltr'><strong>his</strong></span> 
     </span>
    </p>
   </div>
   <div class='ocr_carea' id='block_1_55' title="bbox 1884 2387 3448 2456">
    <p class='ocr_par' dir='ltr' id='par_1_55' title="bbox 1884 2387 3448 2456">
     <span class='ocr_line' id='line_1_55' title="bbox 1884 2387 3448 2456; baseline -0.003 -16"><span class='ocrx_word' id='word_1_413' title='bbox 1884 2389 2013 2456; x_wconf 83' lang='lat' dir='ltr'><strong>ipsis</strong></span> <span class='ocrx_word' id='word_1_414' title='bbox 2051 2388 2243 2455; x_wconf 86' lang='lat' dir='ltr'><strong>quibus</strong></span> <span class='ocrx_word' id='word_1_415' title='bbox 2273 2389 2437 2440; x_wconf 85' lang='lat' dir='ltr'><strong>utitur</strong></span> <span class='ocrx_word' id='word_1_416' title='bbox 2468 2388 2645 2441; x_wconf 83' lang='lat' dir='ltr'><strong>verbis</strong></span> <span class='ocrx_word' id='word_1_417' title='bbox 2677 2387 2780 2440; x_wconf 92' lang='lat' dir='ltr'><strong>huc</strong></span> <span class='ocrx_word' id='word_1_418' title='bbox 2823 2387 3155 2440; x_wconf 85' lang='lat' dir='ltr'><strong>transmotis.</strong></span> <span class='ocrx_word' id='word_1_419' title='bbox 3203 2387 3448 2439; x_wconf 75' lang='lat' dir='ltr'><strong>Incorru-</strong></span> 
     </span>
    </p>
   </div>
   <div class='ocr_carea' id='block_1_56' title="bbox 1883 2478 3449 2545">
    <p class='ocr_par' dir='ltr' id='par_1_56' title="bbox 1883 2478 3449 2545">
     <span class='ocr_line' id='line_1_56' title="bbox 1883 2478 3449 2545; baseline 0.001 -16"><span class='ocrx_word' id='word_1_420' title='bbox 1883 2478 2122 2545; x_wconf 91' lang='lat' dir='ltr'><strong>ptibilem</strong></span> <span class='ocrx_word' id='word_1_421' title='bbox 2154 2489 2331 2531; x_wconf 86' lang='lat' dir='ltr'><strong>autem</strong></span> <span class='ocrx_word' id='word_1_422' title='bbox 2359 2494 2479 2532; x_wconf 93' lang='lat' dir='ltr'><strong>cum</strong></span> <span class='ocrx_word' id='word_1_423' title='bbox 2508 2479 2758 2541; x_wconf 88' lang='lat' dir='ltr'><strong>dicimus,</strong></span> <span class='ocrx_word' id='word_1_424' title='bbox 2793 2494 2896 2531; x_wconf 90' lang='lat' dir='ltr'><strong>non</strong></span> <span class='ocrx_word' id='word_1_425' title='bbox 2933 2482 3226 2532; x_wconf 88' lang='lat' dir='ltr'><strong>secundum</strong></span> <span class='ocrx_word' id='word_1_426' title='bbox 3258 2479 3449 2531; x_wconf 83' lang='lat' dir='ltr'><strong>huma-</strong></span> 
     </span>
    </p>
   </div>
   <div class='ocr_carea' id='block_1_57' title="bbox 1883 2569 3446 2637">
    <p class='ocr_par' dir='ltr' id='par_1_57' title="bbox 1883 2569 3446 2637">
     <span class='ocr_line' id='line_1_57' title="bbox 1883 2569 3446 2637; baseline -0.001 -15"><span class='ocrx_word' id='word_1_427' title='bbox 1883 2585 2007 2622; x_wconf 89' lang='lat' dir='ltr'><strong>num</strong></span> <span class='ocrx_word' id='word_1_428' title='bbox 2064 2569 2394 2637; x_wconf 81' lang='lat' dir='ltr'><strong>intelligendi</strong></span> <span class='ocrx_word' id='word_1_429' title='bbox 2447 2569 2659 2622; x_wconf 88' lang='lat' dir='ltr'><strong>tnodum</strong></span> <span class='ocrx_word' id='word_1_430' title='bbox 2707 2571 3070 2624; x_wconf 88' lang='lat' dir='ltr'><strong>decorandqu</strong></span> <span class='ocrx_word' id='word_1_431' title='bbox 3114 2584 3233 2622; x_wconf 82' lang='lat' dir='ltr'><strong>esse</strong></span> <span class='ocrx_word' id='word_1_432' title='bbox 3281 2570 3446 2622; x_wconf 86' lang='lat' dir='ltr'><strong>Deum</strong></span> 
     </span>
    </p>
   </div>
   <div class='ocr_carea' id='block_1_58' title="bbox 1882 2663 3449 2730">
    <p class='ocr_par' dir='ltr' id='par_1_58' title="bbox 1882 2663 3449 2730">
     <span class='ocr_line' id='line_1_58' title="bbox 1882 2663 3449 2730; baseline 0 -15"><span class='ocrx_word' id='word_1_433' title='bbox 1882 2663 2212 2716; x_wconf 81' lang='lat' dir='ltr'><strong>arbitramur</strong></span> <span class='ocrx_word' id='word_1_434' title='bbox 2246 2663 2374 2716; x_wconf 87' lang='lat' dir='ltr'><strong>:sed</strong></span> <span class='ocrx_word' id='word_1_435' title='bbox 2417 2663 2826 2730; x_wconf 73' lang='lat' dir='ltr'><strong>persolvendum</strong></span> <span class='ocrx_word' id='word_1_436' title='bbox 2855 2663 2902 2715; x_wconf 91' lang='lat' dir='ltr'><strong>ei</strong></span> <span class='ocrx_word' id='word_1_437' title='bbox 2947 2663 3182 2716; x_wconf 81' lang='lat' dir='ltr'><strong>debitum</strong></span> <span class='ocrx_word' id='word_1_438' title='bbox 3219 2663 3449 2715; x_wconf 77' lang='lat' dir='ltr'><strong>maxine</strong></span> 
     </span>
    </p>
   </div>
   <div class='ocr_carea' id='block_1_59' title="bbox 1882 2755 3444 2823">
    <p class='ocr_par' dir='ltr' id='par_1_59' title="bbox 1882 2755 3444 2823">
     <span class='ocr_line' id='line_1_59' title="bbox 1882 2755 3444 2823; baseline -0.002 -14"><span class='ocrx_word' id='word_1_439' title='bbox 1882 2755 2120 2809; x_wconf 90' lang='lat' dir='ltr'><strong>omnium</strong></span> <span class='ocrx_word' id='word_1_440' title='bbox 2164 2756 2549 2817; x_wconf 82' lang='lat' dir='ltr'><strong>necessarium,</strong></span> <span class='ocrx_word' id='word_1_441' title='bbox 2593 2756 2988 2808; x_wconf 80' lang='lat' dir='ltr'><strong>confessionem</strong></span> <span class='ocrx_word' id='word_1_442' title='bbox 3036 2756 3302 2817; x_wconf 80' lang='lat' dir='ltr'><strong>videlicet,</strong></span> <span class='ocrx_word' id='word_1_443' title='bbox 3337 2772 3444 2823; x_wconf 77' lang='lat' dir='ltr'><strong>qua</strong></span> 
     </span>
    </p>
   </div>
   <div class='ocr_carea' id='block_1_60' title="bbox 1883 2847 3447 2917">
    <p class='ocr_par' dir='ltr' id='par_1_60' title="bbox 1883 2847 3447 2917">
     <span class='ocr_line' id='line_1_60' title="bbox 1883 2847 3447 2917; baseline 0.001 -18"><span class='ocrx_word' id='word_1_444' title='bbox 1883 2861 2004 2899; x_wconf 89' lang='lat' dir='ltr'><strong>eum</strong></span> <span class='ocrx_word' id='word_1_445' title='bbox 2051 2847 2103 2898; x_wconf 88' lang='lat' dir='ltr'><strong>id</strong></span> <span class='ocrx_word' id='word_1_446' title='bbox 2140 2862 2260 2900; x_wconf 89' lang='lat' dir='ltr'><strong>esse</strong></span> <span class='ocrx_word' id='word_1_447' title='bbox 2305 2848 2446 2910; x_wconf 89' lang='lat' dir='ltr'><strong>quod</strong></span> <span class='ocrx_word' id='word_1_448' title='bbox 2482 2857 2563 2900; x_wconf 87' lang='lat' dir='ltr'><strong>est</strong></span> <span class='ocrx_word' id='word_1_449' title='bbox 2597 2849 2950 2900; x_wconf 76' lang='lat' dir='ltr'><strong>confiteantur</strong></span> <span class='ocrx_word' id='word_1_450' title='bbox 2988 2851 3119 2901; x_wconf 85' lang='lat' dir='ltr'><strong>:sed</strong></span> <span class='ocrx_word' id='word_1_451' title='bbox 3158 2863 3328 2917; x_wconf 77' lang='lat' dir='ltr'><strong>neque</strong></span> <span class='ocrx_word' id='word_1_452' title='bbox 3358 2865 3447 2900; x_wconf 72' lang='lat' dir='ltr'><strong>se-</strong></span> 
     </span>
    </p>
   </div>
   <div class='ocr_carea' id='block_1_61' title="bbox 1884 2941 3452 3008">
    <p class='ocr_par' dir='ltr' id='par_1_61' title="bbox 1884 2941 3452 3008">
     <span class='ocr_line' id='line_1_61' title="bbox 1884 2941 3452 3008; baseline -0.001 -15"><span class='ocrx_word' id='word_1_453' title='bbox 1884 2941 2113 2993; x_wconf 87' lang='lat' dir='ltr'><strong>cundum</strong></span> <span class='ocrx_word' id='word_1_454' title='bbox 2173 2941 2528 3008; x_wconf 83' lang='lat' dir='ltr'><strong>privationem</strong></span> <span class='ocrx_word' id='word_1_455' title='bbox 2571 2954 2586 2992; x_wconf 88' lang='lat'>:</span> <span class='ocrx_word' id='word_1_456' title='bbox 2631 2941 2896 3008; x_wconf 88' lang='lat' dir='ltr'><strong>siquidem</strong></span> <span class='ocrx_word' id='word_1_457' title='bbox 2945 2942 3275 3008; x_wconf 88' lang='lat' dir='ltr'><strong>privationes</strong></span> <span class='ocrx_word' id='word_1_458' title='bbox 3325 2948 3452 2992; x_wconf 87' lang='lat' dir='ltr'><strong>sunt</strong></span> 
     </span>
    </p>
   </div>
   <div class='ocr_carea' id='block_1_62' title="bbox 1886 3032 3454 3102">
    <p class='ocr_par' dir='ltr' id='par_1_62' title="bbox 1886 3032 3454 3102">
     <span class='ocr_line' id='line_1_62' title="bbox 1886 3032 3454 3102; baseline 0.003 -21"><span class='ocrx_word' id='word_1_459' title='bbox 1886 3032 2216 3100; x_wconf 86' lang='lat' dir='ltr'><strong>privationes</strong></span> <span class='ocrx_word' id='word_1_460' title='bbox 2243 3047 2428 3085; x_wconf 88' lang='lat' dir='ltr'><strong>eorum</strong></span> <span class='ocrx_word' id='word_1_461' title='bbox 2461 3048 2578 3101; x_wconf 71' lang='lat' dir='ltr'><strong>qua:</strong></span> <span class='ocrx_word' id='word_1_462' title='bbox 2611 3041 2736 3087; x_wconf 86' lang='lat' dir='ltr'><strong>sunt</strong></span> <span class='ocrx_word' id='word_1_463' title='bbox 2783 3045 3002 3097; x_wconf 86' lang='lat' dir='ltr'><strong>natura,</strong></span> <span class='ocrx_word' id='word_1_464' title='bbox 3041 3046 3273 3102; x_wconf 79' lang='lat' dir='ltr'><strong>suntque</strong></span> <span class='ocrx_word' id='word_1_465' title='bbox 3299 3034 3454 3086; x_wconf 85' lang='lat' dir='ltr'><strong>habi-</strong></span> 
     </span>
    </p>
   </div>
   <div class='ocr_carea' id='block_1_63' title="bbox 1887 3122 3453 3193">
    <p class='ocr_par' dir='ltr' id='par_1_63' title="bbox 1887 3122 3453 3193">
     <span class='ocr_line' id='line_1_63' title="bbox 1887 3122 3453 3193; baseline 0.003 -21"><span class='ocrx_word' id='word_1_466' title='bbox 1887 3125 2027 3175; x_wconf 89' lang='lat' dir='ltr'><strong>tibus</strong></span> <span class='ocrx_word' id='word_1_467' title='bbox 2060 3125 2408 3191; x_wconf 81' lang='lat' dir='ltr'><strong>posteriores.</strong></span> <span class='ocrx_word' id='word_1_468' title='bbox 2439 3125 2547 3177; x_wconf 87' lang='lat' dir='ltr'><strong>Cur</strong></span> <span class='ocrx_word' id='word_1_469' title='bbox 2581 3126 2746 3192; x_wconf 83' lang='lat' dir='ltr'><strong>magis</strong></span> <span class='ocrx_word' id='word_1_470' title='bbox 2789 3126 2852 3180; x_wconf 92' lang='lat' dir='ltr'><strong>de</strong></span> <span class='ocrx_word' id='word_1_471' title='bbox 2902 3127 3137 3193; x_wconf 76' lang='lat' dir='ltr'><strong>ingenito</strong></span> <span class='ocrx_word' id='word_1_472' title='bbox 3178 3126 3287 3177; x_wconf 68' lang='lat' dir='ltr'><strong>haec</strong></span> <span class='ocrx_word' id='word_1_473' title='bbox 3315 3122 3453 3176; x_wconf 82' lang='lat' dir='ltr'><strong>afﬁr-</strong></span> 
     </span>
    </p>
   </div>
   <div class='ocr_carea' id='block_1_64' title="bbox 199 3186 1777 3282">
    <p class='ocr_par' dir='ltr' id='par_1_64' title="bbox 199 3207 1777 3277">
     <span class='ocr_line' id='line_1_64' title="bbox 199 3207 1777 3277; baseline -0.001 -15"><span class='ocrx_word' id='word_1_474' title='bbox 199 3210 356 3262; x_wconf 81' lang='grc' dir='ltr'>6ειαν</span> <span class='ocrx_word' id='word_1_475' title='bbox 394 3211 662 3276; x_wconf 73' lang='grc' dir='ltr'>συνεργεῖ.</span> <span class='ocrx_word' id='word_1_476' title='bbox 689 3207 779 3258; x_wconf 84' lang='grc' dir='ltr'>Διὸ</span> <span class='ocrx_word' id='word_1_477' title='bbox 812 3208 918 3258; x_wconf 85' lang='grc' dir='ltr'>τῶν</span> <span class='ocrx_word' id='word_1_478' title='bbox 949 3208 1148 3259; x_wconf 85' lang='grc' dir='ltr'>λοιπῶν</span> <span class='ocrx_word' id='word_1_479' title='bbox 1185 3210 1302 3259; x_wconf 72' lang='grc' dir='ltr'>οὐδὲ</span> <span class='ocrx_word' id='word_1_480' title='bbox 1340 3210 1626 3277; x_wconf 78' lang='grc' dir='ltr'>μέμνηται,</span> <span class='ocrx_word' id='word_1_481' title='bbox 1658 3210 1777 3262; x_wconf 85' lang='grc' dir='ltr'>καί-</span> 
     </span>
    </p>
   </div>
   <div class='ocr_carea' id='block_1_65' title="bbox 1883 3186 3450 3282">
    <p class='ocr_par' dir='ltr' id='par_1_65' title="bbox 1886 3214 3450 3282">
     <span class='ocr_line' id='line_1_65' title="bbox 1886 3214 3450 3282; baseline 0.003 -20"><span class='ocrx_word' id='word_1_482' title='bbox 1886 3227 2033 3264; x_wconf 86' lang='lat' dir='ltr'><strong>mare</strong></span> <span class='ocrx_word' id='word_1_483' title='bbox 2075 3214 2246 3275; x_wconf 86' lang='lat' dir='ltr'><strong>decet,</strong></span> <span class='ocrx_word' id='word_1_484' title='bbox 2286 3229 2445 3281; x_wconf 87' lang='lat' dir='ltr'><strong>quam</strong></span> <span class='ocrx_word' id='word_1_485' title='bbox 2504 3215 2567 3280; x_wconf 72' lang='lat' dir='ltr'><strong>de</strong></span> <span class='ocrx_word' id='word_1_486' title='bbox 2617 3215 3030 3282; x_wconf 82' lang='lat' dir='ltr'><strong>iucorruptibili,</strong></span> <span class='ocrx_word' id='word_1_487' title='bbox 3055 3228 3105 3268; x_wconf 92' lang='lat' dir='ltr'><strong>et</strong></span> <span class='ocrx_word' id='word_1_488' title='bbox 3140 3216 3357 3268; x_wconf 78' lang='lat' dir='ltr'><strong>oznnino</strong></span> <span class='ocrx_word' id='word_1_489' title='bbox 3387 3217 3450 3268; x_wconf 88' lang='lat' dir='ltr'><strong>de</strong></span> 
     </span>
    </p>
   </div>
   <div class='ocr_carea' id='block_1_66' title="bbox 200 3299 1532 3372">
    <p class='ocr_par' dir='ltr' id='par_1_66' title="bbox 200 3299 1532 3372">
     <span class='ocr_line' id='line_1_66' title="bbox 200 3299 1532 3372; baseline 0 -18"><span class='ocrx_word' id='word_1_490' title='bbox 200 3321 283 3357; x_wconf 76' lang='grc' dir='ltr'>τοι</span> <span class='ocrx_word' id='word_1_491' title='bbox 318 3301 524 3372; x_wconf 85' lang='grc' dir='ltr'>μυρίων</span> <span class='ocrx_word' id='word_1_492' title='bbox 555 3299 721 3352; x_wconf 73' lang='grc' dir='ltr'>ὄντων</span> <span class='ocrx_word' id='word_1_493' title='bbox 749 3299 853 3350; x_wconf 85' lang='grc' dir='ltr'><strong>τῶν</strong></span> <span class='ocrx_word' id='word_1_494' title='bbox 883 3300 1008 3368; x_wconf 70' lang='grc' dir='ltr'>περὶ</span> <span class='ocrx_word' id='word_1_495' title='bbox 1040 3299 1172 3350; x_wconf 84' lang='grc' dir='ltr'>Θεοῦ</span> <span class='ocrx_word' id='word_1_496' title='bbox 1208 3299 1532 3366; x_wconf 80' lang='grc' dir='ltr'>λεγομένων.</span> 
     </span>
    </p>
   </div>
   <div class='ocr_carea' id='block_1_67' title="bbox 1887 3304 3450 3376">
    <p class='ocr_par' dir='ltr' id='par_1_67' title="bbox 1887 3304 3450 3376">
     <span class='ocr_line' id='line_1_67' title="bbox 1887 3304 3450 3376; baseline 0.004 -21"><span class='ocrx_word' id='word_1_497' title='bbox 1887 3304 2125 3372; x_wconf 89' lang='lat' dir='ltr'><strong>qualibet</strong></span> <span class='ocrx_word' id='word_1_498' title='bbox 2163 3322 2316 3367; x_wconf 88' lang='lat' dir='ltr'><strong>voce,</strong></span> <span class='ocrx_word' id='word_1_499' title='bbox 2360 3322 2478 3374; x_wconf 67' lang='lat' dir='ltr'><strong>qua:</strong></span> <span class='ocrx_word' id='word_1_500' title='bbox 2517 3307 2707 3360; x_wconf 87' lang='lat' dir='ltr'><strong>eodem</strong></span> <span class='ocrx_word' id='word_1_501' title='bbox 2755 3309 2913 3360; x_wconf 87' lang='lat' dir='ltr'><strong>modo</strong></span> <span class='ocrx_word' id='word_1_502' title='bbox 2961 3309 3313 3376; x_wconf 68' lang='lat' dir='ltr'><strong>proferatur?</strong></span> <span class='ocrx_word' id='word_1_503' title='bbox 3345 3310 3450 3361; x_wconf 78' lang='lat' dir='ltr'><strong>Sed</strong></span> 
     </span>
    </p>
   </div>
   <div class='ocr_carea' id='block_1_68' title="bbox 200 3394 3452 3471">
    <p class='ocr_par' dir='ltr' id='par_1_68' title="bbox 200 3394 3452 3471">
     <span class='ocr_line' id='line_1_68' title="bbox 200 3394 3452 3471; baseline 0.001 -19"><span class='ocrx_word' id='word_1_504' title='bbox 200 3398 350 3452; x_wconf 87' lang='lat' dir='ltr'><strong>aliud</strong></span> <span class='ocrx_word' id='word_1_505' title='bbox 409 3396 539 3449; x_wconf 84' lang='lat' dir='ltr'><strong>nihil</strong></span> <span class='ocrx_word' id='word_1_506' title='bbox 591 3395 638 3448; x_wconf 89' lang='lat' dir='ltr'><strong>ei</strong></span> <span class='ocrx_word' id='word_1_507' title='bbox 691 3395 756 3447; x_wconf 89' lang='lat' dir='ltr'><strong>ad</strong></span> <span class='ocrx_word' id='word_1_508' title='bbox 811 3396 1140 3462; x_wconf 66' lang='lat' dir='ltr'><strong>impietatem</strong></span> <span class='ocrx_word' id='word_1_509' title='bbox 1213 3396 1487 3451; x_wconf 87' lang='lat' dir='ltr'><strong>conducit.</strong></span> <span class='ocrx_word' id='word_1_510' title='bbox 1554 3394 1732 3462; x_wconf 69' lang='lat' dir='ltr'><strong>Quane</strong></span> <span class='ocrx_word' id='word_1_511' title='bbox 1783 3413 1850 3451; x_wconf 91' lang='lat' dir='ltr'><strong>ne</strong></span> <span class='ocrx_word' id='word_1_512' title='bbox 1892 3401 2136 3455; x_wconf 89' lang='lat' dir='ltr'><strong>meminit</strong></span> <span class='ocrx_word' id='word_1_513' title='bbox 2184 3402 2399 3470; x_wconf 90' lang='lat' dir='ltr'><strong>quidem</strong></span> <span class='ocrx_word' id='word_1_514' title='bbox 2462 3402 2834 3471; x_wconf 84' lang='lat' dir='ltr'><strong>reliquorum,</strong></span> <span class='ocrx_word' id='word_1_515' title='bbox 2903 3403 3112 3456; x_wconf 76' lang='lat' dir='ltr'><strong>etiamsi</strong></span> <span class='ocrx_word' id='word_1_516' title='bbox 3171 3403 3452 3456; x_wconf 84' lang='lat' dir='ltr'><strong>innumera</strong></span> 
     </span>
    </p>
   </div>
   <div class='ocr_carea' id='block_1_69' title="bbox 201 3489 998 3560">
    <p class='ocr_par' dir='ltr' id='par_1_69' title="bbox 201 3489 998 3560">
     <span class='ocr_line' id='line_1_69' title="bbox 201 3489 998 3560; baseline -0.009 -12"><span class='ocrx_word' id='word_1_517' title='bbox 201 3495 313 3548; x_wconf 86' lang='lat' dir='ltr'><strong>sint</strong></span> <span class='ocrx_word' id='word_1_518' title='bbox 346 3506 462 3560; x_wconf 72' lang='lat' dir='ltr'><strong>qute</strong></span> <span class='ocrx_word' id='word_1_519' title='bbox 495 3490 558 3543; x_wconf 87' lang='lat' dir='ltr'><strong>de</strong></span> <span class='ocrx_word' id='word_1_520' title='bbox 600 3489 706 3543; x_wconf 89' lang='lat' dir='ltr'><strong>Deo</strong></span> <span class='ocrx_word' id='word_1_521' title='bbox 729 3489 998 3542; x_wconf 87' lang='lat' dir='ltr'><strong>dicuntur.</strong></span> 
     </span>
    </p>
   </div>
   <div class='ocr_carea' id='block_1_70' title="bbox 276 3580 1785 3651">
    <p class='ocr_par' dir='ltr' id='par_1_70' title="bbox 276 3580 1785 3651">
     <span class='ocr_line' id='line_1_70' title="bbox 276 3580 1785 3651; baseline -0.001 -16"><span class='ocrx_word' id='word_1_522' title='bbox 276 3583 363 3635; x_wconf 76' lang='grc'><strong>10.</strong></span> <span class='ocrx_word' id='word_1_523' title='bbox 411 3582 562 3651; x_wconf 89' lang='grc' dir='ltr'>Ἔχει</span> <span class='ocrx_word' id='word_1_524' title='bbox 598 3581 653 3634; x_wconf 72' lang='grc' dir='ltr'>δὲ</span> <span class='ocrx_word' id='word_1_525' title='bbox 687 3580 876 3643; x_wconf 74' lang='grc' dir='ltr'>οὕτως.</span> <span class='ocrx_word' id='word_1_526' title='bbox 920 3582 1012 3632; x_wconf 84' lang='grc' dir='ltr'><strong>’Ἑν</strong></span> <span class='ocrx_word' id='word_1_527' title='bbox 1049 3581 1148 3651; x_wconf 80' lang='grc' dir='ltr'><strong>μὲν</strong></span> <span class='ocrx_word' id='word_1_528' title='bbox 1191 3580 1340 3632; x_wconf 73' lang='grc' dir='ltr'>οὐδέν</span> <span class='ocrx_word' id='word_1_529' title='bbox 1377 3580 1522 3634; x_wconf 78' lang='grc' dir='ltr'>ἐστιν</span> <span class='ocrx_word' id='word_1_530' title='bbox 1556 3581 1725 3649; x_wconf 77' lang='grc' dir='ltr'>ὄνομα</span> <span class='ocrx_word' id='word_1_531' title='bbox 1758 3581 1785 3633; x_wconf 78' lang='grc' dir='ltr'>ὃ</span> 
     </span>
    </p>
   </div>
   <div class='ocr_carea' id='block_1_71' title="bbox 203 3669 1784 3744">
    <p class='ocr_par' dir='ltr' id='par_1_71' title="bbox 203 3669 1784 3744">
     <span class='ocr_line' id='line_1_71' title="bbox 203 3669 1784 3744; baseline -0.004 -17"><span class='ocrx_word' id='word_1_532' title='bbox 203 3678 387 3728; x_wconf 78' lang='grc' dir='ltr'>πᾶσαν</span> <span class='ocrx_word' id='word_1_533' title='bbox 419 3671 639 3744; x_wconf 76' lang='grc' dir='ltr'>ἐξαρκεῖ</span> <span class='ocrx_word' id='word_1_534' title='bbox 664 3673 761 3744; x_wconf 85' lang='grc' dir='ltr'>τὴν</span> <span class='ocrx_word' id='word_1_535' title='bbox 805 3671 896 3723; x_wconf 91' lang='grc' dir='ltr'>τοῦ</span> <span class='ocrx_word' id='word_1_536' title='bbox 929 3671 1062 3723; x_wconf 91' lang='grc' dir='ltr'>Θεοῦ</span> <span class='ocrx_word' id='word_1_537' title='bbox 1103 3671 1262 3738; x_wconf 80' lang='grc' dir='ltr'>φύσιν</span> <span class='ocrx_word' id='word_1_538' title='bbox 1305 3669 1627 3740; x_wconf 78' lang='grc' dir='ltr'>περιλαϐὸν,</span> <span class='ocrx_word' id='word_1_539' title='bbox 1668 3673 1784 3722; x_wconf 78' lang='grc' dir='ltr'>ικα-</span> 
     </span>
    </p>
   </div>
   <div class='ocr_carea' id='block_1_72' title="bbox 203 3763 1784 3834">
    <p class='ocr_par' dir='ltr' id='par_1_72' title="bbox 203 3763 1784 3834">
     <span class='ocr_line' id='line_1_72' title="bbox 203 3763 1784 3834; baseline -0.004 -14"><span class='ocrx_word' id='word_1_540' title='bbox 203 3769 312 3832; x_wconf 91' lang='grc' dir='ltr'><strong>νῶς</strong></span> <span class='ocrx_word' id='word_1_541' title='bbox 355 3765 697 3834; x_wconf 61' lang='grc' dir='ltr'><strong>ἐξαγγεῖλαι⁸</strong></span> <span class='ocrx_word' id='word_1_542' title='bbox 740 3763 909 3816; x_wconf 87' lang='grc' dir='ltr'>πλείω</span> <span class='ocrx_word' id='word_1_543' title='bbox 952 3764 1036 3815; x_wconf 80' lang='grc' dir='ltr'><strong>δὲ.</strong></span> <span class='ocrx_word' id='word_1_544' title='bbox 1067 3764 1158 3815; x_wconf 70' lang='grc' dir='ltr'><strong>καὶ</strong></span> <span class='ocrx_word' id='word_1_545' title='bbox 1218 3763 1434 3816; x_wconf 87' lang='grc' dir='ltr'>ποικίλα</span> <span class='ocrx_word' id='word_1_546' title='bbox 1478 3765 1598 3816; x_wconf 79' lang='grc' dir='ltr'>κατ’</span> <span class='ocrx_word' id='word_1_547' title='bbox 1649 3763 1784 3815; x_wconf 83' lang='grc' dir='ltr'>ίδίαν</span> 
     </span>
    </p>
   </div>
   <div class='ocr_carea' id='block_1_73' title="bbox 203 3855 1784 3927">
    <p class='ocr_par' dir='ltr' id='par_1_73' title="bbox 203 3855 1784 3927">
     <span class='ocr_line' id='line_1_73' title="bbox 203 3855 1784 3927; baseline -0.003 -15"><span class='ocrx_word' id='word_1_548' title='bbox 203 3861 435 3913; x_wconf 73' lang='grc' dir='ltr'>ἕκαστον</span> <span class='ocrx_word' id='word_1_549' title='bbox 487 3855 789 3926; x_wconf 86' lang='grc' dir='ltr'>σημασίαν,</span> <span class='ocrx_word' id='word_1_550' title='bbox 826 3855 1066 3927; x_wconf 75' lang='grc' dir='ltr'>ἀμυδρὰν</span> <span class='ocrx_word' id='word_1_551' title='bbox 1116 3855 1212 3925; x_wconf 82' lang='grc' dir='ltr'><strong>μὲν</strong></span> <span class='ocrx_word' id='word_1_552' title='bbox 1246 3856 1522 3920; x_wconf 83' lang='grc' dir='ltr'>παντελῶς</span> <span class='ocrx_word' id='word_1_553' title='bbox 1563 3858 1654 3910; x_wconf 75' lang='grc' dir='ltr'><strong>καὶ</strong></span> <span class='ocrx_word' id='word_1_554' title='bbox 1695 3874 1784 3925; x_wconf 63' lang='grc' dir='ltr'>μμ</span> 
     </span>
    </p>
   </div>
   <div class='ocr_carea' id='block_1_74' title="bbox 204 3946 1783 4022">
    <p class='ocr_par' dir='ltr' id='par_1_74' title="bbox 204 3946 1783 4022">
     <span class='ocr_line' id='line_1_74' title="bbox 204 3946 1783 4022; baseline -0.003 -17"><span class='ocrx_word' id='word_1_555' title='bbox 204 3951 499 4022; x_wconf 76' lang='grc' dir='ltr'>κροτάτην,</span> <span class='ocrx_word' id='word_1_556' title='bbox 523 3949 596 4009; x_wconf 85' lang='grc' dir='ltr'>ὡς</span> <span class='ocrx_word' id='word_1_557' title='bbox 627 3946 761 4014; x_wconf 80' lang='grc' dir='ltr'>πρὸς</span> <span class='ocrx_word' id='word_1_558' title='bbox 791 3948 848 3998; x_wconf 84' lang='grc' dir='ltr'><strong>τὸ</strong></span> <span class='ocrx_word' id='word_1_559' title='bbox 870 3950 1009 4012; x_wconf 80' lang='grc' dir='ltr'>ὅλον,</span> <span class='ocrx_word' id='word_1_560' title='bbox 1044 3951 1176 4018; x_wconf 83' lang='grc' dir='ltr'>ἡμῖν</span> <span class='ocrx_word' id='word_1_561' title='bbox 1206 3964 1270 4015; x_wconf 90' lang='grc' dir='ltr'><strong>γε</strong></span> <span class='ocrx_word' id='word_1_562' title='bbox 1306 3950 1410 4019; x_wconf 81' lang='grc' dir='ltr'>μὴν</span> <span class='ocrx_word' id='word_1_563' title='bbox 1446 3948 1783 4020; x_wconf 81' lang='grc' dir='ltr'>ἐξαρκοῦσαν</span> 
     </span>
    </p>
   </div>
   <div class='ocr_carea' id='block_1_75' title="bbox 205 4039 1783 4115">
    <p class='ocr_par' dir='ltr' id='par_1_75' title="bbox 205 4039 1783 4115">
     <span class='ocr_line' id='line_1_75' title="bbox 205 4039 1783 4115; baseline -0.001 -20"><span class='ocrx_word' id='word_1_564' title='bbox 205 4045 306 4115; x_wconf 76' lang='grc' dir='ltr'><strong>τὴν</strong></span> <span class='ocrx_word' id='word_1_565' title='bbox 350 4044 553 4094; x_wconf 81' lang='grc' dir='ltr'>ἔννοιαν</span> <span class='ocrx_word' id='word_1_566' title='bbox 599 4039 957 4109; x_wconf 77' lang='grc' dir='ltr'>συναθροίζει.</span> <span class='ocrx_word' id='word_1_567' title='bbox 1005 4042 1090 4093; x_wconf 90' lang='grc' dir='ltr'><strong>Ἑν</strong></span> <span class='ocrx_word' id='word_1_568' title='bbox 1138 4043 1315 4094; x_wconf 88' lang='grc' dir='ltr'>τοίνυν</span> <span class='ocrx_word' id='word_1_569' title='bbox 1346 4045 1456 4103; x_wconf 85' lang='grc' dir='ltr'>τοῖς</span> <span class='ocrx_word' id='word_1_570' title='bbox 1495 4044 1621 4111; x_wconf 74' lang='grc' dir='ltr'>περὶ</span> <span class='ocrx_word' id='word_1_571' title='bbox 1651 4041 1783 4094; x_wconf 87' lang='grc' dir='ltr'>Θεοῦ</span> 
     </span>
    </p>
   </div>
   <div class='ocr_carea' id='block_1_76' title="bbox 205 4133 1786 4206">
    <p class='ocr_par' dir='ltr' id='par_1_76' title="bbox 205 4133 1786 4206">
     <span class='ocr_line' id='line_1_76' title="bbox 205 4133 1786 4206; baseline -0.003 -17"><span class='ocrx_word' id='word_1_572' title='bbox 205 4135 522 4206; x_wconf 78' lang='grc' dir='ltr'>λεγομένοις</span> <span class='ocrx_word' id='word_1_573' title='bbox 555 4135 803 4202; x_wconf 81' lang='grc' dir='ltr'>ὀνόμασι,</span> <span class='ocrx_word' id='word_1_574' title='bbox 839 4133 906 4184; x_wconf 77' lang='grc' dir='ltr'>τὰ</span> <span class='ocrx_word' id='word_1_575' title='bbox 949 4134 1045 4201; x_wconf 83' lang='grc' dir='ltr'><strong>μὲν</strong></span> <span class='ocrx_word' id='word_1_576' title='bbox 1078 4135 1184 4185; x_wconf 87' lang='grc' dir='ltr'><strong>τῶν</strong></span> <span class='ocrx_word' id='word_1_577' title='bbox 1215 4135 1523 4204; x_wconf 85' lang='grc' dir='ltr'>προσόντων</span> <span class='ocrx_word' id='word_1_578' title='bbox 1568 4135 1643 4204; x_wconf 84' lang='grc' dir='ltr'><strong>τῷ</strong></span> <span class='ocrx_word' id='word_1_579' title='bbox 1668 4135 1786 4205; x_wconf 84' lang='grc' dir='ltr'>Θεῴ</span> 
     </span>
    </p>
   </div>
   <div class='ocr_carea' id='block_1_77' title="bbox 205 4223 1780 4298">
    <p class='ocr_par' dir='ltr' id='par_1_77' title="bbox 205 4223 1780 4298">
     <span class='ocr_line' id='line_1_77' title="bbox 205 4223 1780 4298; baseline -0.003 -18"><span class='ocrx_word' id='word_1_580' title='bbox 205 4225 482 4298; x_wconf 76' lang='grc' dir='ltr'>δηλωτικά</span> <span class='ocrx_word' id='word_1_581' title='bbox 516 4226 648 4287; x_wconf 78' lang='grc' dir='ltr'>ἐστι,</span> <span class='ocrx_word' id='word_1_582' title='bbox 679 4223 746 4276; x_wconf 77' lang='grc' dir='ltr'><strong>τὰ</strong></span> <span class='ocrx_word' id='word_1_583' title='bbox 773 4224 826 4277; x_wconf 84' lang='grc' dir='ltr'><strong>δὲ</strong></span> <span class='ocrx_word' id='word_1_584' title='bbox 852 4224 912 4276; x_wconf 75' lang='grc' dir='ltr'>τὸ</span> <span class='ocrx_word' id='word_1_585' title='bbox 932 4223 1190 4286; x_wconf 76' lang='grc' dir='ltr'>ἐναντίον,</span> <span class='ocrx_word' id='word_1_586' title='bbox 1217 4225 1325 4275; x_wconf 90' lang='grc' dir='ltr'><strong>τῶν</strong></span> <span class='ocrx_word' id='word_1_587' title='bbox 1355 4225 1429 4294; x_wconf 81' lang='grc' dir='ltr'><strong>μὴ</strong></span> <span class='ocrx_word' id='word_1_588' title='bbox 1453 4225 1780 4294; x_wconf 86' lang='grc' dir='ltr'>προσόντων.</span> 
     </span>
    </p>
   </div>
   <div class='ocr_carea' id='block_1_78' title="bbox 222 4317 1786 4390">
    <p class='ocr_par' dir='ltr' id='par_1_78' title="bbox 222 4317 1786 4390">
     <span class='ocr_line' id='line_1_78' title="bbox 222 4317 1786 4390; baseline -0.003 -17"><span class='ocrx_word' id='word_1_589' title='bbox 222 4322 319 4373; x_wconf 89' lang='grc' dir='ltr'>Ἐκ</span> <span class='ocrx_word' id='word_1_590' title='bbox 343 4319 436 4372; x_wconf 82' lang='grc' dir='ltr'><strong>δύο</strong></span> <span class='ocrx_word' id='word_1_591' title='bbox 468 4318 577 4390; x_wconf 81' lang='grc' dir='ltr'>γὰρ</span> <span class='ocrx_word' id='word_1_592' title='bbox 608 4317 812 4371; x_wconf 79' lang='grc' dir='ltr'>τούτων</span> <span class='ocrx_word' id='word_1_593' title='bbox 838 4318 1000 4370; x_wconf 71' lang='grc' dir='ltr'>οἱονεὶ</span> <span class='ocrx_word' id='word_1_594' title='bbox 1033 4319 1318 4389; x_wconf 76' lang='grc' dir='ltr'>χαρακτήρ</span> <span class='ocrx_word' id='word_1_595' title='bbox 1354 4335 1436 4380; x_wconf 87' lang='grc' dir='ltr'><strong>τις</strong></span> <span class='ocrx_word' id='word_1_596' title='bbox 1471 4320 1600 4387; x_wconf 80' lang='grc' dir='ltr'>ἡμῖν</span> <span class='ocrx_word' id='word_1_597' title='bbox 1636 4318 1786 4384; x_wconf 81' lang='grc' dir='ltr'>ἐγγί-</span> 
     </span>
    </p>
   </div>
   <div class='ocr_carea' id='block_1_79' title="bbox 208 4411 1788 4482">
    <p class='ocr_par' dir='ltr' id='par_1_79' title="bbox 208 4411 1788 4482">
     <span class='ocr_line' id='line_1_79' title="bbox 208 4411 1788 4482; baseline -0.003 -16"><span class='ocrx_word' id='word_1_598' title='bbox 208 4431 359 4466; x_wconf 89' lang='grc' dir='ltr'>νεται</span> <span class='ocrx_word' id='word_1_599' title='bbox 386 4412 476 4465; x_wconf 91' lang='grc' dir='ltr'>τοῦ</span> <span class='ocrx_word' id='word_1_600' title='bbox 499 4412 653 4475; x_wconf 86' lang='grc' dir='ltr'>Θεοῦ,</span> <span class='ocrx_word' id='word_1_601' title='bbox 689 4411 749 4463; x_wconf 73' lang='grc' dir='ltr'>ἐκ</span> <span class='ocrx_word' id='word_1_602' title='bbox 779 4428 838 4462; x_wconf 91' lang='grc' dir='ltr'><strong>τε</strong></span> <span class='ocrx_word' id='word_1_603' title='bbox 870 4411 966 4480; x_wconf 76' lang='grc' dir='ltr'>τῆς</span> <span class='ocrx_word' id='word_1_604' title='bbox 1007 4411 1112 4462; x_wconf 89' lang='grc' dir='ltr'><strong>τῶν</strong></span> <span class='ocrx_word' id='word_1_605' title='bbox 1145 4412 1595 4481; x_wconf 77' lang='grc' dir='ltr'>ἀπεμφαινόντων</span> <span class='ocrx_word' id='word_1_606' title='bbox 1632 4413 1788 4482; x_wconf 74' lang='grc' dir='ltr'><strong>ἀρνή-</strong></span> 
     </span>
    </p>
   </div>
   <div class='ocr_carea' id='block_1_80' title="bbox 209 4501 1784 4576">
    <p class='ocr_par' dir='ltr' id='par_1_80' title="bbox 209 4501 1784 4576">
     <span class='ocr_line' id='line_1_80' title="bbox 209 4501 1784 4576; baseline -0.006 -14"><span class='ocrx_word' id='word_1_607' title='bbox 209 4527 350 4570; x_wconf 87' lang='grc' dir='ltr'>σεως</span> <span class='ocrx_word' id='word_1_608' title='bbox 375 4510 468 4560; x_wconf 66' lang='grc' dir='ltr'>καὶ</span> <span class='ocrx_word' id='word_1_609' title='bbox 515 4511 580 4560; x_wconf 83' lang='grc' dir='ltr'><strong>ἐκ</strong></span> <span class='ocrx_word' id='word_1_610' title='bbox 615 4507 712 4576; x_wconf 78' lang='grc' dir='ltr'>τῆς</span> <span class='ocrx_word' id='word_1_611' title='bbox 743 4507 847 4558; x_wconf 90' lang='grc' dir='ltr'><strong>τῶν</strong></span> <span class='ocrx_word' id='word_1_612' title='bbox 893 4506 1240 4574; x_wconf 77' lang='grc' dir='ltr'>ὑπαρχόντων</span> <span class='ocrx_word' id='word_1_613' title='bbox 1289 4504 1596 4573; x_wconf 76' lang='grc' dir='ltr'>ὁμολογίας.</span> <span class='ocrx_word' id='word_1_614' title='bbox 1641 4501 1784 4564; x_wconf 79' lang='grc' dir='ltr'>υἶον,</span> 
     </span>
    </p>
   </div>
   <div class='ocr_carea' id='block_1_81' title="bbox 208 4595 1787 4669">
    <p class='ocr_par' dir='ltr' id='par_1_81' title="bbox 208 4595 1787 4669">
     <span class='ocr_line' id='line_1_81' title="bbox 208 4595 1787 4669; baseline -0.005 -16"><span class='ocrx_word' id='word_1_615' title='bbox 208 4601 340 4653; x_wconf 84' lang='grc' dir='ltr'>ὅταν</span> <span class='ocrx_word' id='word_1_616' title='bbox 385 4598 657 4669; x_wconf 69' lang='grc' dir='ltr'>ἄφθαρτον</span> <span class='ocrx_word' id='word_1_617' title='bbox 713 4599 1085 4668; x_wconf 77' lang='grc' dir='ltr'>ὀνομάζωμεν,</span> <span class='ocrx_word' id='word_1_618' title='bbox 1135 4597 1358 4665; x_wconf 84' lang='grc' dir='ltr'>δυνάμει</span> <span class='ocrx_word' id='word_1_619' title='bbox 1407 4595 1516 4665; x_wconf 77' lang='grc'><strong>(65)</strong></span> <span class='ocrx_word' id='word_1_620' title='bbox 1559 4595 1787 4664; x_wconf 78' lang='grc' dir='ltr'>λέγομεν</span> 
     </span>
    </p>
   </div>
   <div class='ocr_carea' id='block_1_82' title="bbox 212 4687 1787 4761">
    <p class='ocr_par' dir='ltr' id='par_1_82' title="bbox 212 4687 1787 4761">
     <span class='ocr_line' id='line_1_82' title="bbox 212 4687 1787 4761; baseline -0.008 -12"><span class='ocrx_word' id='word_1_621' title='bbox 212 4695 427 4754; x_wconf 80' lang='grc' dir='ltr'>ἑαυτοῖς</span> <span class='ocrx_word' id='word_1_622' title='bbox 473 4692 504 4761; x_wconf 83' lang='grc' dir='ltr'>ἢ</span> <span class='ocrx_word' id='word_1_623' title='bbox 549 4694 659 4751; x_wconf 83' lang='grc' dir='ltr'>τοῖς</span> <span class='ocrx_word' id='word_1_624' title='bbox 710 4692 1014 4754; x_wconf 79' lang='grc' dir='ltr'>ἀκούουσιν,</span> <span class='ocrx_word' id='word_1_625' title='bbox 1051 4691 1132 4742; x_wconf 83' lang='grc' dir='ltr'>ὅτι</span> <span class='ocrx_word' id='word_1_626' title='bbox 1188 4688 1279 4757; x_wconf 84' lang='grc' dir='ltr'><strong>Μὴ</strong></span> <span class='ocrx_word' id='word_1_627' title='bbox 1325 4689 1434 4740; x_wconf 77' lang='grc' dir='ltr'>οἴου</span> <span class='ocrx_word' id='word_1_628' title='bbox 1482 4687 1653 4756; x_wconf 77' lang='grc' dir='ltr'>φθορᾷ</span> <span class='ocrx_word' id='word_1_629' title='bbox 1699 4687 1787 4737; x_wconf 74' lang='grc' dir='ltr'><strong>τὸν</strong></span> 
     </span>
    </p>
   </div>
   <div class='ocr_carea' id='block_1_83' title="bbox 211 4779 1786 4851">
    <p class='ocr_par' dir='ltr' id='par_1_83' title="bbox 211 4779 1786 4851">
     <span class='ocr_line' id='line_1_83' title="bbox 211 4779 1786 4851; baseline -0.005 -11"><span class='ocrx_word' id='word_1_630' title='bbox 211 4787 349 4840; x_wconf 82' lang='grc' dir='ltr'>Θεὸν</span> <span class='ocrx_word' id='word_1_631' title='bbox 378 4783 731 4838; x_wconf 82' lang='grc' dir='ltr'>ὑποκεῖσθαι’</span> <span class='ocrx_word' id='word_1_632' title='bbox 770 4785 862 4835; x_wconf 76' lang='grc' dir='ltr'><strong>καὶ</strong></span> <span class='ocrx_word' id='word_1_633' title='bbox 893 4785 1019 4835; x_wconf 83' lang='grc' dir='ltr'>ὅταν</span> <span class='ocrx_word' id='word_1_634' title='bbox 1051 4783 1298 4851; x_wconf 75' lang='grc' dir='ltr'>ἀόρατον,</span> <span class='ocrx_word' id='word_1_635' title='bbox 1341 4780 1422 4830; x_wconf 78' lang='grc' dir='ltr'><strong>ὅτι</strong></span> <span class='ocrx_word' id='word_1_636' title='bbox 1460 4780 1548 4848; x_wconf 79' lang='grc' dir='ltr'>Μὴ</span> <span class='ocrx_word' id='word_1_637' title='bbox 1590 4779 1786 4832; x_wconf 79' lang='grc' dir='ltr'>ὑπολά-</span> 
     </span>
    </p>
   </div>
   <div class='ocr_carea' id='block_1_84' title="bbox 1954 3576 3455 3646">
    <p class='ocr_par' dir='ltr' id='par_1_84' title="bbox 1954 3576 3455 3646">
     <span class='ocr_line' id='line_1_84' title="bbox 1954 3576 3455 3646; baseline -0.002 -13"><span class='ocrx_word' id='word_1_638' title='bbox 1954 3581 2040 3634; x_wconf 78' lang='grc'><strong>10.</strong></span> <span class='ocrx_word' id='word_1_639' title='bbox 2085 3580 2252 3634; x_wconf 89' lang='lat' dir='ltr'><strong>llabet</strong></span> <span class='ocrx_word' id='word_1_640' title='bbox 2283 3589 2458 3634; x_wconf 90' lang='lat' dir='ltr'><strong>autem</strong></span> <span class='ocrx_word' id='word_1_641' title='bbox 2509 3595 2567 3634; x_wconf 91' lang='lat' dir='ltr'><strong>se</strong></span> <span class='ocrx_word' id='word_1_642' title='bbox 2615 3595 2698 3632; x_wconf 84' lang='lat' dir='ltr'><strong>res</strong></span> <span class='ocrx_word' id='word_1_643' title='bbox 2734 3580 2836 3630; x_wconf 89' lang='lat' dir='ltr'><strong>hoc</strong></span> <span class='ocrx_word' id='word_1_644' title='bbox 2888 3578 3062 3630; x_wconf 85' lang='lat' dir='ltr'><strong>modo.</strong></span> <span class='ocrx_word' id='word_1_645' title='bbox 3095 3576 3307 3630; x_wconf 85' lang='lat' dir='ltr'><strong>Nullum</strong></span> <span class='ocrx_word' id='word_1_646' title='bbox 3335 3578 3455 3646; x_wconf 68' lang='lat' dir='ltr'><strong>qui“</strong></span> 
     </span>
    </p>
   </div>
   <div class='ocr_carea' id='block_1_85' title="bbox 1883 3667 3454 3742">
    <p class='ocr_par' dir='ltr' id='par_1_85' title="bbox 1883 3667 3454 3742">
     <span class='ocr_line' id='line_1_85' title="bbox 1883 3667 3454 3742; baseline -0.005 -12"><span class='ocrx_word' id='word_1_647' title='bbox 1883 3676 2002 3730; x_wconf 89' lang='lat' dir='ltr'><strong>dem</strong></span> <span class='ocrx_word' id='word_1_648' title='bbox 2037 3690 2229 3728; x_wconf 89' lang='lat' dir='ltr'><strong>nomen</strong></span> <span class='ocrx_word' id='word_1_649' title='bbox 2267 3667 2350 3726; x_wconf 85' lang='lat' dir='ltr'><strong>est</strong></span> <span class='ocrx_word' id='word_1_650' title='bbox 2389 3674 2528 3742; x_wconf 87' lang='lat' dir='ltr'><strong>quod</strong></span> <span class='ocrx_word' id='word_1_651' title='bbox 2573 3681 2736 3725; x_wconf 91' lang='lat' dir='ltr'><strong>totam</strong></span> <span class='ocrx_word' id='word_1_652' title='bbox 2787 3671 2880 3725; x_wconf 90' lang='lat' dir='ltr'><strong>Dei</strong></span> <span class='ocrx_word' id='word_1_653' title='bbox 2916 3680 3160 3724; x_wconf 86' lang='lat' dir='ltr'><strong>naturam</strong></span> <span class='ocrx_word' id='word_1_654' title='bbox 3213 3671 3454 3738; x_wconf 85' lang='lat' dir='ltr'><strong>comple-</strong></span> 
     </span>
    </p>
   </div>
   <div class='ocr_carea' id='block_1_86' title="bbox 1886 3763 3454 3833">
    <p class='ocr_par' dir='ltr' id='par_1_86' title="bbox 1886 3763 3454 3833">
     <span class='ocr_line' id='line_1_86' title="bbox 1886 3763 3454 3833; baseline -0.003 -17"><span class='ocrx_word' id='word_1_655' title='bbox 1886 3781 2031 3828; x_wconf 77' lang='lat' dir='ltr'><strong>xum,</strong></span> <span class='ocrx_word' id='word_1_656' title='bbox 2071 3777 2150 3817; x_wconf 90' lang='lat' dir='ltr'><strong>sat</strong></span> <span class='ocrx_word' id='word_1_657' title='bbox 2182 3781 2299 3818; x_wconf 88' lang='lat' dir='ltr'><strong>eam</strong></span> <span class='ocrx_word' id='word_1_658' title='bbox 2341 3765 2510 3833; x_wconf 89' lang='lat' dir='ltr'><strong>possit</strong></span> <span class='ocrx_word' id='word_1_659' title='bbox 2554 3765 2843 3818; x_wconf 86' lang='lat' dir='ltr'><strong>enuntiare</strong></span> <span class='ocrx_word' id='word_1_660' title='bbox 2884 3779 2895 3813; x_wconf 94' lang='lat'>:</span> <span class='ocrx_word' id='word_1_661' title='bbox 2933 3763 3085 3829; x_wconf 90' lang='lat' dir='ltr'><strong>plura</strong></span> <span class='ocrx_word' id='word_1_662' title='bbox 3111 3775 3237 3814; x_wconf 90' lang='lat' dir='ltr'><strong>vero</strong></span> <span class='ocrx_word' id='word_1_663' title='bbox 3277 3771 3332 3814; x_wconf 85' lang='lat' dir='ltr'><strong>et</strong></span> <span class='ocrx_word' id='word_1_664' title='bbox 3361 3777 3454 3812; x_wconf 87' lang='lat' dir='ltr'><strong>va-</strong></span> 
     </span>
    </p>
   </div>
   <div class='ocr_carea' id='block_1_87' title="bbox 1887 3849 3452 3924">
    <p class='ocr_par' dir='ltr' id='par_1_87' title="bbox 1887 3849 3452 3924">
     <span class='ocr_line' id='line_1_87' title="bbox 1887 3849 3452 3924; baseline -0.004 -16"><span class='ocrx_word' id='word_1_665' title='bbox 1887 3855 1984 3919; x_wconf 85' lang='lat' dir='ltr'><strong>ria,</strong></span> <span class='ocrx_word' id='word_1_666' title='bbox 2019 3854 2227 3924; x_wconf 85' lang='lat' dir='ltr'><strong>singula</strong></span> <span class='ocrx_word' id='word_1_667' title='bbox 2282 3855 2333 3908; x_wconf 91' lang='lat' dir='ltr'><strong>in</strong></span> <span class='ocrx_word' id='word_1_668' title='bbox 2391 3855 2602 3923; x_wconf 88' lang='lat' dir='ltr'><strong>propria</strong></span> <span class='ocrx_word' id='word_1_669' title='bbox 2663 3853 3095 3920; x_wconf 76' lang='lat' dir='ltr'><strong>signiﬁcatione,</strong></span> <span class='ocrx_word' id='word_1_670' title='bbox 3156 3849 3452 3902; x_wconf 82' lang='lat' dir='ltr'><strong>obscuram</strong></span> 
     </span>
    </p>
   </div>
   <div class='ocr_carea' id='block_1_88' title="bbox 1886 3942 3456 4018">
    <p class='ocr_par' dir='ltr' id='par_1_88' title="bbox 1886 3942 3456 4018">
     <span class='ocr_line' id='line_1_88' title="bbox 1886 3942 3456 4018; baseline -0.006 -16"><span class='ocrx_word' id='word_1_671' title='bbox 1886 3950 2101 4018; x_wconf 87' lang='lat' dir='ltr'><strong>quidem</strong></span> <span class='ocrx_word' id='word_1_672' title='bbox 2152 3947 2370 4002; x_wconf 89' lang='lat' dir='ltr'><strong>omnino</strong></span> <span class='ocrx_word' id='word_1_673' title='bbox 2401 3957 2454 3999; x_wconf 89' lang='lat' dir='ltr'><strong>et</strong></span> <span class='ocrx_word' id='word_1_674' title='bbox 2497 3960 2754 4014; x_wconf 88' lang='lat' dir='ltr'><strong>perquam</strong></span> <span class='ocrx_word' id='word_1_675' title='bbox 2811 3944 3081 4010; x_wconf 78' lang='lat' dir='ltr'><strong>exiguam,</strong></span> <span class='ocrx_word' id='word_1_676' title='bbox 3111 3942 3154 3996; x_wconf 92' lang='lat' dir='ltr'><strong>si</strong></span> <span class='ocrx_word' id='word_1_677' title='bbox 3189 3957 3306 3995; x_wconf 90' lang='lat' dir='ltr'><strong>cum</strong></span> <span class='ocrx_word' id='word_1_678' title='bbox 3346 3950 3456 3994; x_wconf 91' lang='lat' dir='ltr'><strong>toto</strong></span> 
     </span>
    </p>
   </div>
   <div class='ocr_carea' id='block_1_89' title="bbox 1886 4034 3453 4109">
    <p class='ocr_par' dir='ltr' id='par_1_89' title="bbox 1886 4034 3453 4109">
     <span class='ocr_line' id='line_1_89' title="bbox 1886 4034 3453 4109; baseline -0.006 -16"><span class='ocrx_word' id='word_1_679' title='bbox 1886 4049 2245 4109; x_wconf 86' lang='lat' dir='ltr'><strong>comparetur,</strong></span> <span class='ocrx_word' id='word_1_680' title='bbox 2272 4039 2422 4095; x_wconf 89' lang='lat' dir='ltr'><strong>nobis</strong></span> <span class='ocrx_word' id='word_1_681' title='bbox 2442 4049 2618 4090; x_wconf 87' lang='lat' dir='ltr'><strong>tamen</strong></span> <span class='ocrx_word' id='word_1_682' title='bbox 2647 4035 3018 4098; x_wconf 87' lang='lat' dir='ltr'><strong>sullicieutem,</strong></span> <span class='ocrx_word' id='word_1_683' title='bbox 3051 4034 3453 4102; x_wconf 80' lang='lat' dir='ltr'><strong>intelligentiam</strong></span> 
     </span>
    </p>
   </div>
   <div class='ocr_carea' id='block_1_90' title="bbox 1887 4127 3457 4200">
    <p class='ocr_par' dir='ltr' id='par_1_90' title="bbox 1887 4127 3457 4200">
     <span class='ocr_line' id='line_1_90' title="bbox 1887 4127 3457 4200; baseline -0.008 -15"><span class='ocrx_word' id='word_1_684' title='bbox 1887 4139 2204 4200; x_wconf 78' lang='lat' dir='ltr'><strong>congerunt.</strong></span> <span class='ocrx_word' id='word_1_685' title='bbox 2241 4129 2426 4199; x_wconf 86' lang='lat' dir='ltr'><strong>Itaque</strong></span> <span class='ocrx_word' id='word_1_686' title='bbox 2453 4130 2592 4181; x_wconf 87' lang='lat' dir='ltr'><strong>inter</strong></span> <span class='ocrx_word' id='word_1_687' title='bbox 2639 4129 2852 4181; x_wconf 83' lang='lat' dir='ltr'><strong>nomina</strong></span> <span class='ocrx_word' id='word_1_688' title='bbox 2888 4141 2947 4179; x_wconf 79' lang='lat' dir='ltr'><strong>ea</strong></span> <span class='ocrx_word' id='word_1_689' title='bbox 2983 4141 3103 4194; x_wconf 82' lang='lat' dir='ltr'><strong>qme</strong></span> <span class='ocrx_word' id='word_1_690' title='bbox 3141 4127 3206 4178; x_wconf 90' lang='lat' dir='ltr'><strong>de</strong></span> <span class='ocrx_word' id='word_1_691' title='bbox 3241 4127 3346 4178; x_wconf 85' lang='lat' dir='ltr'><strong>Deo</strong></span> <span class='ocrx_word' id='word_1_692' title='bbox 3374 4127 3457 4176; x_wconf 57' lang='lat' dir='ltr'><strong>diu</strong></span> 
     </span>
    </p>
   </div>
   <div class='ocr_carea' id='block_1_91' title="bbox 1888 4217 3452 4292">
    <p class='ocr_par' dir='ltr' id='par_1_91' title="bbox 1888 4217 3452 4292">
     <span class='ocr_line' id='line_1_91' title="bbox 1888 4217 3452 4292; baseline -0.007 -15"><span class='ocrx_word' id='word_1_693' title='bbox 1888 4236 2100 4290; x_wconf 90' lang='lat' dir='ltr'><strong>cuntur,</strong></span> <span class='ocrx_word' id='word_1_694' title='bbox 2145 4225 2319 4292; x_wconf 88' lang='lat' dir='ltr'><strong>aliqua</strong></span> <span class='ocrx_word' id='word_1_695' title='bbox 2371 4222 2671 4292; x_wconf 79' lang='lat' dir='ltr'><strong>signiﬁcant</strong></span> <span class='ocrx_word' id='word_1_696' title='bbox 2711 4235 2827 4285; x_wconf 80' lang='lat' dir='ltr'><strong>qure</strong></span> <span class='ocrx_word' id='word_1_697' title='bbox 2864 4219 2971 4270; x_wconf 76' lang='lat' dir='ltr'><strong>Deo</strong></span> <span class='ocrx_word' id='word_1_698' title='bbox 3006 4221 3186 4269; x_wconf 82' lang='lat' dir='ltr'><strong>insunt</strong></span> <span class='ocrx_word' id='word_1_699' title='bbox 3224 4233 3236 4268; x_wconf 91' lang='lat'><strong>:</strong></span> <span class='ocrx_word' id='word_1_700' title='bbox 3277 4217 3452 4282; x_wconf 88' lang='lat' dir='ltr'><strong>aliqua</strong></span> 
     </span>
    </p>
   </div>
   <div class='ocr_carea' id='block_1_92' title="bbox 1887 4307 3447 4378">
    <p class='ocr_par' dir='ltr' id='par_1_92' title="bbox 1887 4307 3447 4378">
     <span class='ocr_line' id='line_1_92' title="bbox 1887 4307 3447 4378; baseline -0.007 -9"><span class='ocrx_word' id='word_1_701' title='bbox 1887 4333 2015 4371; x_wconf 91' lang='lat' dir='ltr'><strong>vero</strong></span> <span class='ocrx_word' id='word_1_702' title='bbox 2080 4318 2384 4371; x_wconf 83' lang='lat' dir='ltr'><strong>erontrario</strong></span> <span class='ocrx_word' id='word_1_703' title='bbox 2429 4315 2668 4366; x_wconf 88' lang='lat' dir='ltr'><strong>iudicant</strong></span> <span class='ocrx_word' id='word_1_704' title='bbox 2715 4325 2833 4378; x_wconf 81' lang='lat' dir='ltr'><strong>qme</strong></span> <span class='ocrx_word' id='word_1_705' title='bbox 2882 4313 2930 4362; x_wconf 91' lang='lat' dir='ltr'><strong>ei</strong></span> <span class='ocrx_word' id='word_1_706' title='bbox 2971 4325 3078 4361; x_wconf 92' lang='lat' dir='ltr'><strong>non</strong></span> <span class='ocrx_word' id='word_1_707' title='bbox 3135 4309 3338 4360; x_wconf 85' lang='lat' dir='ltr'><strong>insunt.</strong></span> <span class='ocrx_word' id='word_1_708' title='bbox 3371 4307 3447 4358; x_wconf 76' lang='lat' dir='ltr'><strong>Ex</strong></span> 
     </span>
    </p>
   </div>
   <div class='ocr_carea' id='block_1_93' title="bbox 1889 4399 3454 4471">
    <p class='ocr_par' dir='ltr' id='par_1_93' title="bbox 1889 4399 3454 4471">
     <span class='ocr_line' id='line_1_93' title="bbox 1889 4399 3454 4471; baseline -0.009 -9"><span class='ocrx_word' id='word_1_709' title='bbox 1889 4411 1972 4462; x_wconf 87' lang='lat' dir='ltr'><strong>his</strong></span> <span class='ocrx_word' id='word_1_710' title='bbox 2005 4409 2145 4461; x_wconf 85' lang='lat' dir='ltr'><strong>enim</strong></span> <span class='ocrx_word' id='word_1_711' title='bbox 2197 4407 2424 4471; x_wconf 88' lang='lat' dir='ltr'><strong>duobus,</strong></span> <span class='ocrx_word' id='word_1_712' title='bbox 2466 4415 2519 4457; x_wconf 84' lang='lat' dir='ltr'><strong>et</strong></span> <span class='ocrx_word' id='word_1_713' title='bbox 2569 4419 2632 4455; x_wconf 78' lang='lat' dir='ltr'><strong>ex</strong></span> <span class='ocrx_word' id='word_1_714' title='bbox 2683 4416 2868 4454; x_wconf 84' lang='lat' dir='ltr'><strong>eorum</strong></span> <span class='ocrx_word' id='word_1_715' title='bbox 2923 4416 3038 4467; x_wconf 79' lang='lat' dir='ltr'><strong>qua:</strong></span> <span class='ocrx_word' id='word_1_716' title='bbox 3112 4399 3454 4451; x_wconf 77' lang='lat' dir='ltr'><strong>dissentanea</strong></span> 
     </span>
    </p>
   </div>
   <div class='ocr_carea' id='block_1_94' title="bbox 1888 4490 3458 4569">
    <p class='ocr_par' dir='ltr' id='par_1_94' title="bbox 1888 4490 3458 4569">
     <span class='ocr_line' id='line_1_94' title="bbox 1888 4490 3458 4569; baseline -0.008 -14"><span class='ocrx_word' id='word_1_717' title='bbox 1888 4514 2010 4555; x_wconf 91' lang='lat' dir='ltr'><strong>sunt</strong></span> <span class='ocrx_word' id='word_1_718' title='bbox 2043 4501 2347 4569; x_wconf 72' lang='lat' dir='ltr'><strong>negatione,</strong></span> <span class='ocrx_word' id='word_1_719' title='bbox 2379 4512 2432 4550; x_wconf 91' lang='lat' dir='ltr'><strong>et</strong></span> <span class='ocrx_word' id='word_1_720' title='bbox 2461 4513 2522 4549; x_wconf 79' lang='lat' dir='ltr'><strong>ex</strong></span> <span class='ocrx_word' id='word_1_721' title='bbox 2554 4511 2742 4549; x_wconf 90' lang='lat' dir='ltr'><strong>eorum</strong></span> <span class='ocrx_word' id='word_1_722' title='bbox 2777 4509 2896 4562; x_wconf 72' lang='lat' dir='ltr'><strong>qua:</strong></span> <span class='ocrx_word' id='word_1_723' title='bbox 2943 4495 3136 4544; x_wconf 86' lang='lat' dir='ltr'><strong>adsunt</strong></span> <span class='ocrx_word' id='word_1_724' title='bbox 3169 4490 3458 4545; x_wconf 79' lang='lat' dir='ltr'><strong>confessio—</strong></span> 
     </span>
    </p>
   </div>
   <div class='ocr_carea' id='block_1_95' title="bbox 1889 4581 3453 4659">
    <p class='ocr_par' dir='ltr' id='par_1_95' title="bbox 1889 4581 3453 4659">
     <span class='ocr_line' id='line_1_95' title="bbox 1889 4581 3453 4659; baseline -0.007 -12"><span class='ocrx_word' id='word_1_725' title='bbox 1889 4611 1977 4658; x_wconf 85' lang='lat' dir='ltr'><strong>ne,</strong></span> <span class='ocrx_word' id='word_1_726' title='bbox 2018 4594 2160 4646; x_wconf 90' lang='lat' dir='ltr'><strong>velut</strong></span> <span class='ocrx_word' id='word_1_727' title='bbox 2202 4592 2414 4659; x_wconf 87' lang='lat' dir='ltr'><strong>quidam</strong></span> <span class='ocrx_word' id='word_1_728' title='bbox 2470 4589 2563 4642; x_wconf 81' lang='lat' dir='ltr'><strong>Dei</strong></span> <span class='ocrx_word' id='word_1_729' title='bbox 2598 4590 2881 4641; x_wconf 85' lang='lat' dir='ltr'><strong>character</strong></span> <span class='ocrx_word' id='word_1_730' title='bbox 2914 4583 3066 4638; x_wconf 83' lang='lat' dir='ltr'><strong>nobis</strong></span> <span class='ocrx_word' id='word_1_731' title='bbox 3108 4581 3453 4651; x_wconf 81' lang='lat' dir='ltr'><strong>imprimitur.</strong></span> 
     </span>
    </p>
   </div>
   <div class='ocr_carea' id='block_1_96' title="bbox 1890 4675 3454 4754">
    <p class='ocr_par' dir='ltr' id='par_1_96' title="bbox 1890 4675 3454 4754">
     <span class='ocr_line' id='line_1_96' title="bbox 1890 4675 3454 4754; baseline -0.01 -13"><span class='ocrx_word' id='word_1_732' title='bbox 1890 4686 2130 4754; x_wconf 83' lang='lat' dir='ltr'><strong>Exempli</strong></span> <span class='ocrx_word' id='word_1_733' title='bbox 2177 4699 2361 4746; x_wconf 88' lang='lat' dir='ltr'><strong>causa,</strong></span> <span class='ocrx_word' id='word_1_734' title='bbox 2395 4697 2516 4734; x_wconf 91' lang='lat' dir='ltr'><strong>cum</strong></span> <span class='ocrx_word' id='word_1_735' title='bbox 2574 4677 3038 4746; x_wconf 80' lang='lat' dir='ltr'><strong>incorruptiliilem</strong></span> <span class='ocrx_word' id='word_1_736' title='bbox 3095 4675 3454 4736; x_wconf 89' lang='lat' dir='ltr'><strong>nominamus,</strong></span> 
     </span>
    </p>
   </div>
   <div class='ocr_carea' id='block_1_97' title="bbox 1892 4766 3453 4834">
    <p class='ocr_par' dir='ltr' id='par_1_97' title="bbox 1892 4766 3453 4834">
     <span class='ocr_line' id='line_1_97' title="bbox 1892 4766 3453 4834; baseline -0.013 -2"><span class='ocrx_word' id='word_1_737' title='bbox 1892 4780 2030 4832; x_wconf 86' lang='lat' dir='ltr'><strong>idem</strong></span> <span class='ocrx_word' id='word_1_738' title='bbox 2069 4775 2299 4827; x_wconf 76' lang='lat' dir='ltr'><strong>lucinius</strong></span> <span class='ocrx_word' id='word_1_739' title='bbox 2334 4787 2396 4826; x_wconf 85' lang='lat' dir='ltr'><strong>ac</strong></span> <span class='ocrx_word' id='word_1_740' title='bbox 2429 4773 2470 4826; x_wconf 90' lang='lat' dir='ltr'><strong>si</strong></span> <span class='ocrx_word' id='word_1_741' title='bbox 2501 4772 2744 4825; x_wconf 88' lang='lat' dir='ltr'><strong>dicamus</strong></span> <span class='ocrx_word' id='word_1_742' title='bbox 2779 4781 2868 4820; x_wconf 88' lang='lat' dir='ltr'><strong>aut</strong></span> <span class='ocrx_word' id='word_1_743' title='bbox 2909 4767 3061 4818; x_wconf 91' lang='lat' dir='ltr'><strong>nobis</strong></span> <span class='ocrx_word' id='word_1_744' title='bbox 3093 4766 3221 4834; x_wconf 83' lang='lat' dir='ltr'><strong>ipsis</strong></span> <span class='ocrx_word' id='word_1_745' title='bbox 3249 4773 3340 4815; x_wconf 87' lang='lat' dir='ltr'><strong>aut</strong></span> <span class='ocrx_word' id='word_1_746' title='bbox 3365 4778 3453 4813; x_wconf 86' lang='lat' dir='ltr'><strong>au-</strong></span> 
     </span>
    </p>
   </div>
   <div class='ocr_carea' id='block_1_98' title="bbox 212 4843 1777 4952">
    <p class='ocr_par' dir='ltr' id='par_1_98' title="bbox 212 4871 1777 4952">
     <span class='ocr_line' id='line_1_98' title="bbox 212 4871 1777 4952; baseline -0.008 -17"><span class='ocrx_word' id='word_1_747' title='bbox 212 4879 317 4952; x_wconf 73' lang='grc' dir='ltr'>δῃς</span> <span class='ocrx_word' id='word_1_748' title='bbox 363 4877 525 4932; x_wconf 78' lang='grc' dir='ltr'>αὐτὸν</span> <span class='ocrx_word' id='word_1_749' title='bbox 577 4879 642 4947; x_wconf 83' lang='grc' dir='ltr'><strong>τῇ</strong></span> <span class='ocrx_word' id='word_1_750' title='bbox 677 4873 765 4927; x_wconf 71' lang='grc' dir='ltr'>διὰ</span> <span class='ocrx_word' id='word_1_751' title='bbox 796 4874 902 4924; x_wconf 86' lang='grc' dir='ltr'><strong>τῶν</strong></span> <span class='ocrx_word' id='word_1_752' title='bbox 959 4875 1131 4942; x_wconf 54' lang='grc' dir='ltr'>ὄψεων</span> <span class='ocrx_word' id='word_1_753' title='bbox 1165 4872 1412 4942; x_wconf 78' lang='grc' dir='ltr'>αἰσθήσει</span> <span class='ocrx_word' id='word_1_754' title='bbox 1443 4871 1777 4940; x_wconf 78' lang='grc' dir='ltr'>καταλαμϐά-</span> 
     </span>
    </p>
   </div>
   <div class='ocr_carea' id='block_1_99' title="bbox 1883 4843 3453 4952">
    <p class='ocr_par' dir='ltr' id='par_1_99' title="bbox 1890 4843 3453 4934">
     <span class='ocr_line' id='line_1_99' title="bbox 1890 4843 3453 4934; baseline -0.012 -10"><span class='ocrx_word' id='word_1_755' title='bbox 1890 4868 2163 4924; x_wconf 86' lang='lat' dir='ltr'><strong>dientibus</strong></span> <span class='ocrx_word' id='word_1_756' title='bbox 2194 4885 2206 4921; x_wconf 93' lang='lat'>:</span> <span class='ocrx_word' id='word_1_757' title='bbox 2241 4865 2385 4920; x_wconf 88' lang='lat' dir='ltr'><strong>Cave</strong></span> <span class='ocrx_word' id='word_1_758' title='bbox 2417 4874 2568 4934; x_wconf 88' lang='lat' dir='ltr'><strong>putes</strong></span> <span class='ocrx_word' id='word_1_759' title='bbox 2589 4863 2753 4916; x_wconf 90' lang='lat' dir='ltr'><strong>Deum</strong></span> <span class='ocrx_word' id='word_1_760' title='bbox 2779 4857 3054 4926; x_wconf 72' lang='lat' dir='ltr'><strong>subiacere</strong></span> <span class='ocrx_word' id='word_1_761' title='bbox 3084 4843 3453 4924; x_wconf 77' lang='lat' dir='ltr'><strong>corruptioni:</strong></span> 
     </span>
    </p>
   </div>
   <div class='ocr_carea' id='block_1_100' title="bbox 290 5047 1788 5129">
    <p class='ocr_par' dir='ltr' id='par_1_100' title="bbox 290 5047 1788 5129">
     <span class='ocr_line' id='line_1_100' title="bbox 290 5047 1788 5129; baseline -0.009 -17"><span class='ocrx_word' id='word_1_762' title='bbox 290 5057 403 5129; x_wconf 70' lang='lat'><strong>(62)</strong></span> <span class='ocrx_word' id='word_1_763' title='bbox 437 5055 569 5129; x_wconf 70' lang='lat' dir='ltr'><strong>Reg.</strong></span> <span class='ocrx_word' id='word_1_764' title='bbox 602 5055 803 5129; x_wconf 68' lang='lat' dir='ltr'><strong>tertius</strong></span> <span class='ocrx_word' id='word_1_765' title='bbox 823 5052 1037 5121; x_wconf 82' lang='grc' dir='ltr'>γένεσιν</span> <span class='ocrx_word' id='word_1_766' title='bbox 1070 5049 1236 5120; x_wconf 77' lang='grc' dir='ltr'>αὐτῷ.</span> <span class='ocrx_word' id='word_1_767' title='bbox 1268 5049 1408 5102; x_wconf 86' lang='lat' dir='ltr'><strong>Editi</strong></span> <span class='ocrx_word' id='word_1_768' title='bbox 1449 5057 1500 5102; x_wconf 90' lang='lat' dir='ltr'><strong>et</strong></span> <span class='ocrx_word' id='word_1_769' title='bbox 1534 5047 1622 5099; x_wconf 86' lang='lat' dir='ltr'><strong>alii</strong></span> <span class='ocrx_word' id='word_1_770' title='bbox 1658 5063 1788 5100; x_wconf 89' lang='lat' dir='ltr'><strong>mss.</strong></span> 
     </span>
    </p>
   </div>
   <div class='ocr_carea' id='block_1_101' title="bbox 213 5125 1624 5202">
    <p class='ocr_par' dir='ltr' id='par_1_101' title="bbox 213 5125 1624 5202">
     <span class='ocr_line' id='line_1_101' title="bbox 213 5125 1624 5202; baseline -0.001 0"><span class='ocrx_word' id='word_1_771' title='bbox 213 5125 656 5202; x_wconf 59' lang='lat' dir='ltr'><strong>imm:</strong></span> <span class='ocrx_word' id='word_1_772' title='bbox 783 5193 856 5202; x_wconf 86' lang='lat'>__</span> <span class='ocrx_word' id='word_1_773' title='bbox 974 5191 1071 5202; x_wconf 87' lang='lat'><strong>..</strong></span> <span class='ocrx_word' id='word_1_774' title='bbox 1425 5199 1434 5202; x_wconf 89' lang='lat'>_</span> <span class='ocrx_word' id='word_1_775' title='bbox 1573 5188 1624 5202; x_wconf 78' lang='lat'><strong>-.</strong></span> 
     </span>
    </p>
   </div>
   <div class='ocr_carea' id='block_1_102' title="bbox 289 5189 1790 5270">
    <p class='ocr_par' dir='ltr' id='par_1_102' title="bbox 289 5189 1790 5270">
     <span class='ocr_line' id='line_1_102' title="bbox 289 5189 1790 5270; baseline -0.011 -16"><span class='ocrx_word' id='word_1_776' title='bbox 289 5189 402 5270; x_wconf 69' lang='lat'><strong>(63)</strong></span> <span class='ocrx_word' id='word_1_777' title='bbox 431 5199 568 5251; x_wconf 88' lang='lat' dir='ltr'><strong>Editi</strong></span> <span class='ocrx_word' id='word_1_778' title='bbox 595 5189 795 5248; x_wconf 77' lang='grc' dir='ltr'>δύναιτ’</span> <span class='ocrx_word' id='word_1_779' title='bbox 833 5193 895 5246; x_wconf 86' lang='grc' dir='ltr'>ἂν</span> <span class='ocrx_word' id='word_1_780' title='bbox 930 5193 1008 5245; x_wconf 86' lang='grc' dir='ltr'><strong>τό.</strong></span> <span class='ocrx_word' id='word_1_781' title='bbox 1047 5191 1114 5244; x_wconf 83' lang='lat' dir='ltr'><strong>At</strong></span> <span class='ocrx_word' id='word_1_782' title='bbox 1145 5205 1274 5244; x_wconf 90' lang='lat' dir='ltr'><strong>mss.</strong></span> <span class='ocrx_word' id='word_1_783' title='bbox 1312 5199 1542 5258; x_wconf 87' lang='lat' dir='ltr'><strong>quatuor</strong></span> <span class='ocrx_word' id='word_1_784' title='bbox 1567 5189 1790 5241; x_wconf 72' lang='grc' dir='ltr'>δύναται</span> 
     </span>
    </p>
   </div>
   <div class='ocr_carea' id='block_1_103' title="bbox 289 5328 1788 5408">
    <p class='ocr_par' dir='ltr' id='par_1_103' title="bbox 289 5328 1788 5408">
     <span class='ocr_line' id='line_1_103' title="bbox 289 5328 1788 5408; baseline -0.01 -15"><span class='ocrx_word' id='word_1_785' title='bbox 289 5339 405 5408; x_wconf 73' lang='grc'><strong>(64)</strong></span> <span class='ocrx_word' id='word_1_786' title='bbox 435 5337 574 5391; x_wconf 84' lang='lat' dir='ltr'><strong>Editi</strong></span> <span class='ocrx_word' id='word_1_787' title='bbox 628 5334 771 5408; x_wconf 77' lang='grc' dir='ltr'>κατᾲ</span> <span class='ocrx_word' id='word_1_788' title='bbox 809 5335 908 5404; x_wconf 81' lang='grc' dir='ltr'><strong>τὴν</strong></span> <span class='ocrx_word' id='word_1_789' title='bbox 959 5333 1235 5408; x_wconf 85' lang='grc' dir='ltr'>στέρησιν.</span> <span class='ocrx_word' id='word_1_790' title='bbox 1265 5331 1540 5408; x_wconf 78' lang='lat' dir='ltr'><strong>Articulus</strong></span> <span class='ocrx_word' id='word_1_791' title='bbox 1575 5328 1623 5379; x_wconf 90' lang='lat' dir='ltr'><strong>in</strong></span> <span class='ocrx_word' id='word_1_792' title='bbox 1655 5343 1788 5408; x_wconf 71' lang='lat' dir='ltr'><strong>mss.</strong></span> 
     </span>
    </p>
   </div>
   <div class='ocr_carea' id='block_1_104' title="bbox 219 5398 1792 5473">
    <p class='ocr_par' dir='ltr' id='par_1_104' title="bbox 219 5398 1792 5473">
     <span class='ocr_line' id='line_1_104' title="bbox 219 5398 1792 5473; baseline -0.011 -6"><span class='ocrx_word' id='word_1_793' title='bbox 219 5398 326 5466; x_wconf 78' lang='lat' dir='ltr'><strong>noit</strong></span> <span class='ocrx_word' id='word_1_794' title='bbox 362 5401 656 5463; x_wconf 78' lang='lat' dir='ltr'><strong>invenitur.</strong></span> <span class='ocrx_word' id='word_1_795' title='bbox 708 5398 886 5473; x_wconf 74' lang='lat' dir='ltr'><strong>Neque</strong></span> <span class='ocrx_word' id='word_1_796' title='bbox 931 5398 1217 5456; x_wconf 69' lang='lat' dir='ltr'><strong>semiudum</strong></span> <span class='ocrx_word' id='word_1_797' title='bbox 1276 5403 1637 5473; x_wconf 77' lang='lat' dir='ltr'><strong>privationem.</strong></span> <span class='ocrx_word' id='word_1_798' title='bbox 1684 5398 1792 5473; x_wconf 70' lang='lat' dir='ltr'><strong>iluc</strong></span> 
     </span>
    </p>
   </div>
   <div class='ocr_carea' id='block_1_105' title="bbox 217 5471 1788 5548">
    <p class='ocr_par' dir='ltr' id='par_1_105' title="bbox 217 5471 1788 5548">
     <span class='ocr_line' id='line_1_105' title="bbox 217 5471 1788 5548; baseline -0.01 -14"><span class='ocrx_word' id='word_1_799' title='bbox 217 5494 318 5544; x_wconf 78' lang='lat' dir='ltr'><strong>est,</strong></span> <span class='ocrx_word' id='word_1_800' title='bbox 349 5471 1208 5548; x_wconf 31' lang='lat' dir='ltr'><strong>quemadmodum&#39;nonputamus</strong></span> <span class='ocrx_word' id='word_1_801' title='bbox 1241 5474 1400 5524; x_wconf 89' lang='lat' dir='ltr'><strong>Deum</strong></span> <span class='ocrx_word' id='word_1_802' title='bbox 1425 5471 1788 5548; x_wconf 77' lang='lat' dir='ltr'><strong>decorandum</strong></span> 
     </span>
    </p>
   </div>
   <div class='ocr_carea' id='block_1_106' title="bbox 218 5538 1788 5620">
    <p class='ocr_par' dir='ltr' id='par_1_106' title="bbox 218 5538 1788 5620">
     <span class='ocr_line' id='line_1_106' title="bbox 218 5538 1788 5620; baseline -0.013 -15"><span class='ocrx_word' id='word_1_803' title='bbox 218 5538 338 5605; x_wconf 82' lang='lat' dir='ltr'><strong>esse</strong></span> <span class='ocrx_word' id='word_1_804' title='bbox 371 5538 468 5620; x_wconf 79' lang='lat' dir='ltr'><strong>per</strong></span> <span class='ocrx_word' id='word_1_805' title='bbox 493 5547 852 5620; x_wconf 85' lang='lat' dir='ltr'><strong>privationem</strong></span> <span class='ocrx_word' id='word_1_806' title='bbox 889 5561 902 5595; x_wconf 92' lang='lat'>:</span> <span class='ocrx_word' id='word_1_807' title='bbox 942 5546 1010 5596; x_wconf 89' lang='lat' dir='ltr'><strong>ita</strong></span> <span class='ocrx_word' id='word_1_808' title='bbox 1047 5560 1148 5620; x_wconf 76' lang='lat' dir='ltr'><strong>non</strong></span> <span class='ocrx_word' id='word_1_809' title='bbox 1187 5554 1447 5620; x_wconf 72' lang='lat' dir='ltr'><strong>putamus</strong></span> <span class='ocrx_word' id='word_1_810' title='bbox 1475 5554 1595 5620; x_wconf 34' lang='lat' dir='ltr'><strong>enim</strong></span> <span class='ocrx_word' id='word_1_811' title='bbox 1631 5538 1788 5620; x_wconf 68' lang='lat' dir='ltr'><strong>deep-</strong></span> 
     </span>
    </p>
   </div>
   <div class='ocr_carea' id='block_1_107' title="bbox 218 5609 1785 5687">
    <p class='ocr_par' dir='ltr' id='par_1_107' title="bbox 218 5609 1785 5687">
     <span class='ocr_line' id='line_1_107' title="bbox 218 5609 1785 5687; baseline -0.011 -12"><span class='ocrx_word' id='word_1_812' title='bbox 218 5609 446 5675; x_wconf 75' lang='lat' dir='ltr'><strong>randtim</strong></span> <span class='ocrx_word' id='word_1_813' title='bbox 471 5609 592 5672; x_wconf 75' lang='lat' dir='ltr'><strong>esse</strong></span> <span class='ocrx_word' id='word_1_814' title='bbox 623 5632 715 5687; x_wconf 79' lang='lat' dir='ltr'><strong>per</strong></span> <span class='ocrx_word' id='word_1_815' title='bbox 748 5618 1037 5669; x_wconf 88' lang='lat' dir='ltr'><strong>humanum</strong></span> <span class='ocrx_word' id='word_1_816' title='bbox 1055 5610 1664 5687; x_wconf 52' lang='lat' dir='ltr'><strong>intelligeudinuadunt.</strong></span> <span class='ocrx_word' id='word_1_817' title='bbox 1715 5609 1785 5658; x_wconf 69' lang='lat' dir='ltr'><strong>lia</strong></span> 
     </span>
    </p>
   </div>
   <div class='ocr_carea' id='block_1_108' title="bbox 222 5679 1786 5762">
    <p class='ocr_par' dir='ltr' id='par_1_108' title="bbox 222 5679 1786 5762">
     <span class='ocr_line' id='line_1_108' title="bbox 222 5679 1786 5762; baseline -0.012 -16"><span class='ocrx_word' id='word_1_818' title='bbox 222 5694 388 5762; x_wconf 79' lang='lat' dir='ltr'><strong>igitur</strong></span> <span class='ocrx_word' id='word_1_819' title='bbox 419 5679 635 5762; x_wconf 73' lang='lat' dir='ltr'><strong>videtur</strong></span> <span class='ocrx_word' id='word_1_820' title='bbox 665 5685 832 5762; x_wconf 81' lang='lat' dir='ltr'><strong>fuisse</strong></span> <span class='ocrx_word' id='word_1_821' title='bbox 877 5699 1027 5762; x_wconf 58' lang='lat' dir='ltr'><strong>ruens</strong></span> <span class='ocrx_word' id='word_1_822' title='bbox 1053 5682 1322 5762; x_wconf 56' lang='lat' dir='ltr'><strong>Eunorpij,</strong></span> <span class='ocrx_word' id='word_1_823' title='bbox 1357 5679 1512 5732; x_wconf 85' lang='lat' dir='ltr'><strong>aliter</strong></span> <span class='ocrx_word' id='word_1_824' title='bbox 1539 5679 1786 5762; x_wconf 62' lang='lat' dir='ltr'><strong>iudican-</strong></span> 
     </span>
    </p>
   </div>
   <div class='ocr_carea' id='block_1_109' title="bbox 221 5749 1784 5824">
    <p class='ocr_par' dir='ltr' id='par_1_109' title="bbox 221 5749 1784 5824">
     <span class='ocr_line' id='line_1_109' title="bbox 221 5749 1784 5824; baseline -0.011 -8"><span class='ocrx_word' id='word_1_825' title='bbox 221 5749 344 5817; x_wconf 76' lang='lat' dir='ltr'><strong>dum</strong></span> <span class='ocrx_word' id='word_1_826' title='bbox 387 5774 508 5814; x_wconf 86' lang='lat' dir='ltr'><strong>esse</strong></span> <span class='ocrx_word' id='word_1_827' title='bbox 539 5760 606 5810; x_wconf 87' lang='lat' dir='ltr'><strong>de</strong></span> <span class='ocrx_word' id='word_1_828' title='bbox 649 5758 869 5812; x_wconf 81' lang='lat' dir='ltr'><strong>vocibus</strong></span> <span class='ocrx_word' id='word_1_829' title='bbox 907 5753 1199 5824; x_wconf 68' lang='grc' dir='ltr'>ἄφθαρτος,</span> <span class='ocrx_word' id='word_1_830' title='bbox 1229 5751 1509 5816; x_wconf 78' lang='grc' dir='ltr'>ἀθάνατος,</span> <span class='ocrx_word' id='word_1_831' title='bbox 1533 5749 1784 5817; x_wconf 71' lang='grc' dir='ltr'>ἀόρατος,</span> 
     </span>
    </p>
   </div>
   <div class='ocr_carea' id='block_1_110' title="bbox 1893 5035 3456 5116">
    <p class='ocr_par' dir='ltr' id='par_1_110' title="bbox 1893 5035 3456 5116">
     <span class='ocr_line' id='line_1_110' title="bbox 1893 5035 3456 5116; baseline -0.009 -18"><span class='ocrx_word' id='word_1_832' title='bbox 1893 5047 2053 5099; x_wconf 89' lang='lat' dir='ltr'><strong>aliter</strong></span> <span class='ocrx_word' id='word_1_833' title='bbox 2090 5045 2155 5099; x_wconf 90' lang='lat' dir='ltr'><strong>de</strong></span> <span class='ocrx_word' id='word_1_834' title='bbox 2186 5059 2318 5098; x_wconf 88' lang='lat' dir='ltr'><strong>voce</strong></span> <span class='ocrx_word' id='word_1_835' title='bbox 2340 5042 2682 5116; x_wconf 65' lang='grc' dir='ltr'><strong>(Ξιγέννητος.Δ</strong></span> <span class='ocrx_word' id='word_1_836' title='bbox 2705 5038 2794 5092; x_wconf 90' lang='lat' dir='ltr'><strong>llla</strong></span> <span class='ocrx_word' id='word_1_837' title='bbox 2829 5037 2972 5091; x_wconf 90' lang='lat' dir='ltr'><strong>enim</strong></span> <span class='ocrx_word' id='word_1_838' title='bbox 3002 5035 3263 5116; x_wconf 71' lang='lat' dir='ltr'><strong>privativa</strong></span> <span class='ocrx_word' id='word_1_839' title='bbox 3313 5041 3456 5100; x_wconf 91' lang='lat' dir='ltr'><strong>sunt,</strong></span> 
     </span>
    </p>
   </div>
   <div class='ocr_carea' id='block_1_111' title="bbox 1894 5112 3459 5186">
    <p class='ocr_par' dir='ltr' id='par_1_111' title="bbox 1894 5112 3459 5186">
     <span class='ocr_line' id='line_1_111' title="bbox 1894 5112 3459 5186; baseline -0.01 -19"><span class='ocrx_word' id='word_1_840' title='bbox 1894 5134 2014 5168; x_wconf 81' lang='lat' dir='ltr'><strong>rum</strong></span> <span class='ocrx_word' id='word_1_841' title='bbox 2045 5131 2152 5184; x_wconf 74' lang='lat' dir='ltr'><strong>prte</strong></span> <span class='ocrx_word' id='word_1_842' title='bbox 2178 5131 2235 5167; x_wconf 86' lang='lat' dir='ltr'><strong>se</strong></span> <span class='ocrx_word' id='word_1_843' title='bbox 2269 5112 2625 5186; x_wconf 82' lang='lat' dir='ltr'><strong>privationem</strong></span> <span class='ocrx_word' id='word_1_844' title='bbox 2660 5112 2854 5173; x_wconf 82' lang='lat' dir='ltr'><strong>ferant,</strong></span> <span class='ocrx_word' id='word_1_845' title='bbox 2896 5112 3290 5186; x_wconf 46' lang='lat' dir='ltr'><strong>corruptionis,</strong></span> <span class='ocrx_word' id='word_1_846' title='bbox 3316 5119 3459 5154; x_wconf 92' lang='lat' dir='ltr'><strong>mor-</strong></span> 
     </span>
    </p>
   </div>
   <div class='ocr_carea' id='block_1_112' title="bbox 1898 5184 3454 5251">
    <p class='ocr_par' dir='ltr' id='par_1_112' title="bbox 1898 5184 3454 5251">
     <span class='ocr_line' id='line_1_112' title="bbox 1898 5184 3454 5251; baseline -0.01 -12"><span class='ocrx_word' id='word_1_847' title='bbox 1898 5189 1985 5251; x_wconf 87' lang='lat' dir='ltr'><strong>tis,</strong></span> <span class='ocrx_word' id='word_1_848' title='bbox 2020 5188 2164 5237; x_wconf 83' lang='lat' dir='ltr'><strong>visus</strong></span> <span class='ocrx_word' id='word_1_849' title='bbox 2211 5199 2225 5236; x_wconf 89' lang='lat'><strong>:</strong></span> <span class='ocrx_word' id='word_1_850' title='bbox 2270 5186 2362 5237; x_wconf 89' lang='lat' dir='ltr'><strong>sed</strong></span> <span class='ocrx_word' id='word_1_851' title='bbox 2399 5185 2498 5238; x_wconf 90' lang='lat' dir='ltr'><strong>hoc</strong></span> <span class='ocrx_word' id='word_1_852' title='bbox 2539 5184 2641 5235; x_wconf 87' lang='lat' dir='ltr'><strong>tale</strong></span> <span class='ocrx_word' id='word_1_853' title='bbox 2667 5197 2770 5233; x_wconf 91' lang='lat' dir='ltr'><strong>non</strong></span> <span class='ocrx_word' id='word_1_854' title='bbox 2808 5189 3060 5251; x_wconf 22' lang='lat' dir='ltr'><strong>estacum</strong></span> <span class='ocrx_word' id='word_1_855' title='bbox 3102 5184 3454 5251; x_wconf 82' lang='lat' dir='ltr'><strong>privationem</strong></span> 
     </span>
    </p>
   </div>
   <div class='ocr_carea' id='block_1_113' title="bbox 1896 5245 3452 5322">
    <p class='ocr_par' dir='ltr' id='par_1_113' title="bbox 1896 5245 3452 5322">
     <span class='ocr_line' id='line_1_113' title="bbox 1896 5245 3452 5322; baseline -0.01 -12"><span class='ocrx_word' id='word_1_856' title='bbox 1896 5245 2000 5310; x_wconf 79' lang='lat' dir='ltr'><strong>non</strong></span> <span class='ocrx_word' id='word_1_857' title='bbox 2033 5258 2254 5318; x_wconf 87' lang='lat' dir='ltr'><strong>indicet,</strong></span> <span class='ocrx_word' id='word_1_858' title='bbox 2282 5255 2374 5308; x_wconf 87' lang='lat' dir='ltr'><strong>sed</strong></span> <span class='ocrx_word' id='word_1_859' title='bbox 2407 5257 2572 5322; x_wconf 91' lang='lat' dir='ltr'><strong>ipsam</strong></span> <span class='ocrx_word' id='word_1_860' title='bbox 2605 5262 2852 5303; x_wconf 85' lang='lat' dir='ltr'><strong>naturam</strong></span> <span class='ocrx_word' id='word_1_861' title='bbox 2883 5247 3118 5322; x_wconf 75' lang='lat' dir='ltr'><strong>divinam</strong></span> <span class='ocrx_word' id='word_1_862' title='bbox 3139 5245 3452 5322; x_wconf 82' lang='lat' dir='ltr'><strong>constituat.</strong></span> 
     </span>
    </p>
   </div>
   <div class='ocr_carea' id='block_1_114' title="bbox 1895 5315 3458 5394">
    <p class='ocr_par' dir='ltr' id='par_1_114' title="bbox 1895 5315 3458 5394">
     <span class='ocr_line' id='line_1_114' title="bbox 1895 5315 3458 5394; baseline -0.01 -15"><span class='ocrx_word' id='word_1_863' title='bbox 1895 5315 2284 5394; x_wconf 68' lang='lat' dir='ltr'><strong>Argumentum</strong></span> <span class='ocrx_word' id='word_1_864' title='bbox 2327 5315 2505 5376; x_wconf 70' lang='lat' dir='ltr'><strong>ante&quot;:</strong></span> <span class='ocrx_word' id='word_1_865' title='bbox 2544 5323 2667 5374; x_wconf 90' lang='lat' dir='ltr'><strong>illud</strong></span> <span class='ocrx_word' id='word_1_866' title='bbox 2703 5319 2949 5394; x_wconf 82' lang='lat' dir='ltr'><strong>Eunumii</strong></span> <span class='ocrx_word' id='word_1_867' title='bbox 2979 5332 3142 5384; x_wconf 84' lang='lat' dir='ltr'><strong>quam</strong></span> <span class='ocrx_word' id='word_1_868' title='bbox 3174 5315 3289 5369; x_wconf 85' lang='lat' dir='ltr'><strong>leve</strong></span> <span class='ocrx_word' id='word_1_869' title='bbox 3310 5316 3381 5368; x_wconf 83' lang='lat' dir='ltr'><strong>sit</strong></span> <span class='ocrx_word' id='word_1_870' title='bbox 3403 5323 3458 5365; x_wconf 72' lang='lat' dir='ltr'><strong>et</strong></span> 
     </span>
    </p>
   </div>
   <div class='ocr_carea' id='block_1_115' title="bbox 1895 5391 3428 5463">
    <p class='ocr_par' dir='ltr' id='par_1_115' title="bbox 1895 5391 3428 5463">
     <span class='ocr_line' id='line_1_115' title="bbox 1895 5391 3428 5463; baseline -0.01 -14"><span class='ocrx_word' id='word_1_871' title='bbox 1895 5391 2070 5457; x_wconf 82' lang='lat' dir='ltr'><strong>futile,</strong></span> <span class='ocrx_word' id='word_1_872' title='bbox 2097 5412 2161 5448; x_wconf 72' lang='lat' dir='ltr'><strong>ex</strong></span> <span class='ocrx_word' id='word_1_873' title='bbox 2195 5395 2374 5448; x_wconf 81' lang='lat' dir='ltr'><strong>Basilii</strong></span> <span class='ocrx_word' id='word_1_874' title='bbox 2407 5394 2581 5445; x_wconf 83' lang='lat' dir='ltr'><strong>verbis</strong></span> <span class='ocrx_word' id='word_1_875' title='bbox 2607 5391 2836 5463; x_wconf 78' lang='lat' dir='ltr'><strong>perSpici</strong></span> <span class='ocrx_word' id='word_1_876' title='bbox 2870 5397 3059 5455; x_wconf 72' lang='lat' dir='ltr'><strong>potest.</strong></span> <span class='ocrx_word' id='word_1_877' title='bbox 3417 5451 3428 5463; x_wconf 77' lang='lat'>_</span> 
     </span>
    </p>
   </div>
   <div class='ocr_carea' id='block_1_116' title="bbox 1972 5461 3459 5537">
    <p class='ocr_par' dir='ltr' id='par_1_116' title="bbox 1972 5461 3459 5537">
     <span class='ocr_line' id='line_1_116' title="bbox 1972 5461 3459 5537; baseline -0.013 -16"><span class='ocrx_word' id='word_1_878' title='bbox 1972 5468 2082 5537; x_wconf 71' lang='grc'><strong>((55)</strong></span> <span class='ocrx_word' id='word_1_879' title='bbox 2111 5467 2261 5526; x_wconf 79' lang='lat' dir='ltr'><strong>Illud,</strong></span> <span class='ocrx_word' id='word_1_880' title='bbox 2291 5463 2539 5537; x_wconf 81' lang='grc' dir='ltr'>δυνάμει.</span> <span class='ocrx_word' id='word_1_881' title='bbox 2571 5464 2660 5530; x_wconf 93' lang='lat' dir='ltr'><strong>qui</strong></span> <span class='ocrx_word' id='word_1_882' title='bbox 2695 5464 2762 5513; x_wconf 88' lang='lat' dir='ltr'><strong>ita</strong></span> <span class='ocrx_word' id='word_1_883' title='bbox 2796 5461 3260 5524; x_wconf 81' lang='lat' dir='ltr'><strong>interpretaretur,</strong></span> <span class='ocrx_word' id='word_1_884' title='bbox 3292 5461 3459 5537; x_wconf 48' lang='lat' dir='ltr'><strong>a&#39;quz‘:</strong></span> 
     </span>
    </p>
   </div>
   <div class='ocr_carea' id='block_1_117' title="bbox 1895 5522 3455 5606">
    <p class='ocr_par' dir='ltr' id='par_1_117' title="bbox 1895 5522 3455 5606">
     <span class='ocr_line' id='line_1_117' title="bbox 1895 5522 3455 5606; baseline -0.013 -15"><span class='ocrx_word' id='word_1_885' title='bbox 1895 5522 2173 5606; x_wconf 48' lang='lat' dir='ltr'><strong>poilert&#39;ter,</strong></span> <span class='ocrx_word' id='word_1_886' title='bbox 2209 5522 2346 5589; x_wconf 84' lang='lat' dir='ltr'><strong>bene</strong></span> <span class='ocrx_word' id='word_1_887' title='bbox 2376 5522 2725 5606; x_wconf 48' lang='lat' dir='ltr'><strong>quidem-rem</strong></span> <span class='ocrx_word' id='word_1_888' title='bbox 2760 5522 3329 5606; x_wconf 39' lang='lat' dir='ltr'><strong>expreSsurtttii_ptitp‘,</strong></span> <span class='ocrx_word' id='word_1_889' title='bbox 3364 5522 3455 5606; x_wconf 66' lang='lat' dir='ltr'><strong>sui</strong></span> 
     </span>
    </p>
   </div>
   <div class='ocr_carea' id='block_1_118' title="bbox 1896 5592 3456 5674">
    <p class='ocr_par' dir='ltr' id='par_1_118' title="bbox 1896 5592 3456 5674">
     <span class='ocr_line' id='line_1_118' title="bbox 1896 5592 3456 5674; baseline -0.012 -13"><span class='ocrx_word' id='word_1_890' title='bbox 1896 5592 1998 5661; x_wconf 77' lang='grc' dir='ltr'>ἱιοιι</span> <span class='ocrx_word' id='word_1_891' title='bbox 2031 5592 2239 5661; x_wconf 83' lang='lat' dir='ltr'><strong>Latine.</strong></span> <span class='ocrx_word' id='word_1_892' title='bbox 2267 5592 2556 5674; x_wconf 81' lang='lat' dir='ltr'><strong>Aliquanto</strong></span> <span class='ocrx_word' id='word_1_893' title='bbox 2595 5602 2735 5656; x_wconf 81' lang='lat' dir='ltr'><strong>infra</strong></span> <span class='ocrx_word' id='word_1_894' title='bbox 2769 5592 2900 5654; x_wconf 68' lang='lat' dir='ltr'><strong>mss.</strong></span> <span class='ocrx_word' id='word_1_895' title='bbox 2928 5596 3164 5652; x_wconf 89' lang='lat' dir='ltr'><strong>nonnulli</strong></span> <span class='ocrx_word' id='word_1_896' title='bbox 3201 5594 3333 5664; x_wconf 80' lang='grc' dir='ltr'>μηδὲ</span> <span class='ocrx_word' id='word_1_897' title='bbox 3359 5592 3456 5652; x_wconf 75' lang='grc' dir='ltr'><strong>ἀρ-</strong></span> 
     </span>
    </p>
   </div>
   <div class='ocr_carea' id='block_1_119' title="bbox 1893 5679 2010 5750">
    <p class='ocr_par' dir='ltr' id='par_1_119' title="bbox 1893 5679 2010 5750">
     <span class='ocr_line' id='line_1_119' title="bbox 1893 5679 2010 5750; baseline 0.017 -2"><span class='ocrx_word' id='word_1_898' title='bbox 1893 5679 2010 5750; x_wconf 58' lang='lat' dir='ltr'><strong>xii:-</strong></span> 
     </span>
    </p>
   </div>
   <div class='ocr_carea' id='block_1_120' title="bbox 2539 6403 3572 6428">
    <p class='ocr_par' dir='ltr' id='par_1_120' title="bbox 2539 6403 3572 6428">
     <span class='ocr_line' id='line_1_120' title="bbox 2539 6403 3572 6428; baseline 0 -20"><span class='ocrx_word' id='word_1_899' title='bbox 2539 6403 2672 6428; x_wconf 48' lang='grc' dir='ltr'><strong>ἘΓΗ</strong></span> <span class='ocrx_word' id='word_1_900' title='bbox 2735 6404 2812 6428; x_wconf 25' lang='grc' dir='ltr'><strong>ἓν,-</strong></span> <span class='ocrx_word' id='word_1_901' title='bbox 2901 6404 2906 6428; x_wconf 67' lang='grc' dir='ltr'><strong>Ι</strong></span> <span class='ocrx_word' id='word_1_902' title='bbox 2995 6404 3052 6428; x_wconf 62' lang='lat'><strong>,_</strong></span> <span class='ocrx_word' id='word_1_903' title='bbox 3141 6406 3170 6410; x_wconf 93' lang='lat'><em>__</em></span> <span class='ocrx_word' id='word_1_904' title='bbox 3225 6405 3246 6414; x_wconf 64' lang='grc'><strong>,.</strong></span> <span class='ocrx_word' id='word_1_905' title='bbox 3499 6405 3572 6422; x_wconf 45' lang='grc' dir='ltr'><strong>,τ</strong></span> 
     </span>
    </p>
   </div>
  </div>
