4026 6466
533 365 640 419 535

1841 363 1898 417 ὃ.
1942 361 2186 418 BASlLll
2230 361 2445 417 MAGNI

3670 361 3790 417 556

533 484 730 528 etcum
776 471 1094 525 invisibilem
1127 490 1139 525 :
1173 469 1247 526 Ne
1289 471 1688 525 existimaveris
1716 471 1885 540 ipsum
1918 474 2102 527 ovulo-

2221 473 2398 526 νεσθαι
2419 489 2434 505 ο
2473 472 2562 526 καὶ
2585 473 2712 525 ὃταν
2740 473 3024 535 ἀθάνατον,
3052 473 3133 526 ὅτι
3161 473 3385 543 Μήποτε
3410 473 3598 543 οἰηθῇς
3627 474 3792 529 θάνα-

537 582 656 621 rum
696 579 852 620 sensu
902 564 1282 633 comprehendi
1317 575 1410 618 :et
1434 581 1554 619 cmn
1592 565 1970 628 immortalem,
1996 565 2105 621 Ab-

537 661 691 712 situt
725 673 960 723 unquam
1017 658 1207 711 credas
1258 667 1485 711 mortem
1547 659 1655 711 Deo
1690 660 1937 712 accidere
1967 677 1982 709 :
2016 659 2107 713 Sic

537 749 699 818 igitur
725 757 774 800 et
805 763 924 803 cum
953 749 1266 818 ingenitum,
1308 747 1382 801 Ne.
1416 751 1696 804 arbitreris
1716 765 1782 804 ex
1808 750 1912 803 ulla
1945 765 2105 805 causa

535 851 629 895 aut
680 841 944 910 principio
989 842 1361 896 exsisteatiam
1419 843 1508 898 Dei
1547 843 1868 912 dependere.
1933 844 1998 897 Et
2048 853 2106 897 ut

534 934 698 987 verbo
722 933 922 998 dicam,
950 948 1015 986 ex
1049 949 1373 1003 unoquoque
1401 936 1594 989 borum
1632 939 1908 1000 docemur,
1951 945 2008 989 ut
2040 949 2106 990 ne

538 1024 591 1078 in
634 1025 912 1079 indecoras
939 1027 1229 1080 sententias
1255 1028 1557 1082 incidamus
1588 1038 1721 1094 tum,
1756 1045 1876 1083 cum
1901 1032 1965 1083 de
1998 1029 2105 1084 Deo

535 1116 813 1186 quidpiam
847 1117 1162 1185 cogitamus.
1194 1117 1379 1186 Itaque
1410 1127 1466 1169 ut
1492 1119 1821 1189 praecipuam
1857 1119 1946 1174 Dei
1982 1136 2104 1189 pro-

535 1209 818 1278 prietatem
868 1224 1279 1278 cognoscamus,
1308 1209 1445 1263 alter
1475 1210 1651 1274 alteri,
1701 1225 1821 1266 cum
1876 1211 1942 1266 de
1995 1212 2104 1267 Deo

536 1315 716 1354 sermo
760 1301 1005 1360 habetur,
1043 1301 1418 1356 interdicimus
1458 1316 1524 1355 ne
1567 1303 1892 1372 cogitatione
1933 1305 1999 1357 ad
2039 1319 2102 1359 ea

535 1407 654 1460 quae
703 1409 805 1445 non
848 1402 1062 1461 Oportet
1102 1393 1430 1460 deferamur,
1479 1409 1545 1448 ne
1584 1411 1818 1464 unquam
1858 1397 2104 1452 homines

534 1493 727 1553 putent
766 1485 931 1538 Deum
966 1500 1088 1539 esse
1118 1485 1411 1554 quidquam
1441 1489 1813 1559 corruptibile,
1837 1502 1929 1545 aut
1969 1491 2103 1545 visi‘

534 1575 664 1638 bile,
696 1585 787 1629 aut
823 1586 1158 1646 generatum.
1187 1575 1363 1643 Quare
1396 1593 1492 1645 per
1521 1580 1703 1634 omnia
1760 1582 1875 1635 baac
1921 1584 2105 1650 prohi-

536 1667 731 1721 bitoria
761 1669 998 1730 nomina,
1031 1668 1144 1735 ejus
1183 1671 1324 1739 quod
1355 1670 1590 1726 alienum
1620 1683 1703 1728 est
1737 1675 1796 1728 lit
1825 1675 1981 1744 quasi
2010 1691 2107 1729 ne-

536 1761 682 1830 gatio
706 1761 972 1829 quaedam,
1007 1761 1133 1815 dum
1169 1763 1376 1831 singula
1435 1765 1769 1834 distinguens
1818 1781 1970 1820 mens
2015 1782 2109 1819 no-

2203 584 2294 619 τον
2327 565 2712 637 προσγίνεσθαι
2736 566 2814 636 τῷ
2840 565 3164 635 Θεῷηοὺτω
3179 565 3242 636 δὴ
3270 566 3360 618 καὶ
3389 561 3515 618 ὅταν
3547 567 3790 636 ἀγέννη-

2204 675 2316 725 τον,
2369 659 2452 711 δτι
2503 658 2788 728 Μηδεμιᾶς
2839 658 3020 721 αἰτίας
3069 660 3202 727 μήτε
3251 657 3424 729 ἀρχῆς
3458 657 3685 726 ὲξῆφθαι
3720 658 3787 711 τὸ

2207 747 2345 802 εἶναι
2371 750 2462 803 τοῦ
2484 750 2619 804 Θεοῦ
2643 751 2888 822 νομίσῃς.
2921 750 3030 803 Καὶ
3052 749 3208 814 ὅλως,
3237 750 3294 816 ἐξ
3317 751 3546 804 ἑκάστου
3573 749 3788 804 τούτων

2206 841 2564 911 διδασκόμεθα
2620 841 2691 914 μὴ
2729 845 2807 905 εἰς
2861 842 3128 912 ἀπρεπεῖς
3179 842 3385 902 ἐννοίας
3412 843 3469 916 έν
3493 843 3611 903 ταῖς
3646 842 3785 912 περὶ

2205 931 2340 986 Θεοῦ
2385 933 2678 1004 ὑπολήψεσι
2719 933 3099 987 καταπίπτειν.
3139 931 3346 984 Οὑκοῦν
3373 933 3458 984 ἵνα
3483 932 3543 985 τὸ
3565 933 3784 1004 ἐξαίρε-

2203 1040 2294 1075 τον
2329 1023 2519 1093 ἰδίωμα
2551 1023 2644 1077 τοῦ
2689 1023 2824 1077 Θεοῦ
2859 1025 3190 1094 ὲπιγνῶμεν,
3233 1023 3646 1094 ἀπαγορεὺομεν
3680 1024 3783 1078 ἀλ-

2204 1113 2384 1184 λήλοις
2434 1116 2490 1167 ὲν
2521 1118 2630 1177 τοῖς
2656 1117 2782 1186 περὶ
2811 1114 2945 1168 Θεοῦ
2983 1115 3181 1182 λόγοις,
3217 1115 3289 1186 μὴ
3324 1116 3654 1184 καταφέρειν
3679 1116 3786 1178 τὰς

2203 1206 2440 1270 διανοίας
2480 1206 2588 1276 (66)
2620 1211 2697 1270 εἰς
2733 1208 2768 1261 ἀ
2812 1208 2886 1278 μὴ
2921 1208 3019 1269 δεῖ,
3058 1208 3144 1261 ἵνα
3199 1208 3403 1278 μήποτε
3439 1206 3691 1276 οἰηθῶσιν
3723 1205 3785 1258 ἓν

2203 1301 2310 1354 τῶν
2343 1301 2619 1372 φθαρτῶν,
2651 1300 2682 1370 ἢ
2723 1300 2778 1352 ἓν
2813 1301 2919 1354 τῶν
2954 1299 3182 1368 ὁρατῶν,
3216 1299 3248 1370 ἢ
3282 1300 3340 1352 ἒν
3368 1299 3473 1352 τῶν
3503 1299 3786 1368 γεννητῶν

2204 1396 2292 1449 τὸν
2321 1396 2451 1448 Θεὸν
2498 1395 2762 1465 ὑπάρχειν
2810 1395 2858 1445 οἰ
2890 1392 3182 1464 ἄνθρωποι.
3227 1393 3390 1445 Ὥστε
3441 1393 3529 1445 διά
3576 1391 3786 1445 τούτων

2204 1503 2268 1554 γε
2311 1486 2424 1554 (67)
2481 1485 2734 1538 ἁπάντων
2783 1483 2890 1536 τῶν
2950 1483 3414 1555 ἀπηγορευμένων
3476 1485 3782 1555 ὀνομάτων,

2204 1579 2363 1631 οἰονεί⁸
2394 1577 2702 1649 ἀπάρνησίς
2746 1577 2829 1639 τίς
2871 1576 2986 1627 ἐστι
3035 1574 3128 1627 τοῦ
3158 1575 3461 1647 ἀλλοτρίου,
3496 1575 3788 1647 διαρθροῦ-

2210 1671 2374 1741 μένης
2397 1673 2427 1740 ἡ
2438 1670 2554 1740 μῶν
2576 1671 2674 1739 τῆς
2707 1667 2961 1730 διανοίας,
2993 1666 3089 1719 καὶ
3117 1665 3213 1729 τὰς
3250 1669 3381 1737 περὶ
3425 1668 3537 1738 (68)
3565 1668 3675 1720 τῶν
3708 1669 3789 1739 μὴ

2209 1761 2516 1831 προσόντων
2559 1759 2706 1830 αὑτῷ
2755 1758 3051 1829 ὑπολήψεις
3115 1757 3529 1829 ἀποτιθεμένης,
3587 1760 3786 1822 Πάλιν,

537 1861 669 1918 stra,
709 1867 897 1906 eorum
923 1868 1041 1922 qua:
1074 1853 1124 1906 in
1159 1853 1268 1906 Deo
1299 1869 1402 1907 non
1428 1856 1609 1909 insunt
1637 1856 1918 1925 opiniones
1949 1857 2108 1927 323

2221 1826 2408 1918 ἀγαθὸν
2448 1826 2689 1921 λέγομεν-
2720 1850 2809 1902 τὸν
2840 1826 2991 1914 Θεδν,
3029 1847 3122 1901 καὶ
3144 1847 3368 1909 δίκαιον,
3399 1826 3490 1901 καί
3527 1843 3784 1920 δημιουρέ

537 1945 706 1998 exuit.
739 1945 901 1998 Deum
939 1961 1130 2000 rursus
1174 1948 1370 1999 bonum
1418 1946 1676 2006 dicimus.
1713 1957 1766 2002 et
1811 1950 2111 2016 justum,et

539 2045 866 2100 creatorem,
914 2047 970 2090 et
1010 2037 1269 2106 judicem,
1313 2037 1527 2105 aliaque
1553 2038 1876 2108 huiusmodi.
1910 2041 2109 2106 Quem-

543 2126 832 2180 admodum
883 2127 1046 2196 igitur
1088 2127 1138 2180 in
1186 2129 1292 2183 illis
1335 2130 1418 2184 ba:
1462 2122 1620 2184 voces
1677 2131 2109 2199 reprobationem

540 2219 849 2284 quamdam,
883 2233 947 2270 ac
973 2218 1401 2275 interdictionem
1429 2222 1803 2290 signiﬁcabant
1828 2225 2108 2278 notionum

541 2323 568 2359 a
616 2307 724 2361 Deo
769 2307 1109 2364 alienarum:
1146 2312 1217 2364 ita
1266 2313 1353 2366 hic
1407 2314 1727 2378 positionem
1764 2323 1818 2368 et
1866 2324 2110 2368 naturam

541 2414 723 2455 eorum
770 2416 887 2468 quae
931 2404 1146 2472 propria
1187 2404 1278 2458 Dei
1319 2413 1464 2467 sunt,
1514 2410 2005 2478 convenienterque
2060 2411 2112 2463 in

541 2506 604 2546 co
665 2493 1094 2559 considerantur,
1145 2495 1468 2565 signiﬁcant.
1531 2496 1716 2567 Itaque
1772 2515 1837 2553 ex
1887 2508 2115 2569 utroque

543 2582 954 2650 appellationum
1011 2599 1204 2653 genere
1273 2585 1544 2647 docemur,
1600 2599 1690 2640 aut
1763 2589 1829 2641 de
1864 2590 1947 2641 his
1996 2605 2116 2657 qua:

545 2675 758 2736 adsunt,
797 2674 938 2740 quod
967 2675 1144 2727 adsint
1173 2690 1187 2726 :
1223 2684 1311 2727 aut
1346 2675 1411 2729 de
1459 2677 1543 2729 his
1585 2691 1704 2746 quae
1735 2678 1948 2739 absunt,
1976 2682 2117 2745 quod

546 2761 740 2815 absint.
773 2760 884 2816 Vox
932 2773 1109 2816 autem
1151 2764 1437 2832 ingenitum
1483 2779 1544 2818 ea
1604 2781 1722 2834 qua:
1773 2782 1878 2821 non
1923 2768 2117 2822 adsunt

545 2853 856 2923 signiﬁcat:
903 2855 1102 2909 indicat
1155 2857 1298 2909 enim
1370 2857 1476 2910 Deo
1543 2861 1942 2925 generationem
2010 2877 2114 2914 non

546 2945 752 2998 adesse.
790 2942 901 2999 Hoc
927 2956 1105 2999 autem
1156 2948 1272 3000 sive
1319 2947 1439 3015 quis
1487 2950 1862 3017 privationem,
1892 2953 2004 3006 sive
2038 2954 2117 3005 in-

547 3037 943 3098 terdictionem,
971 3037 1083 3090 sive
1110 3039 1472 3105 negationem,
1505 3040 1619 3092 sive
1651 3041 1775 3108 quid
1810 3041 2115 3109 hujusmodi

2210 1942 2304 2010 γὺν
2326 1982 2340 2001 ,
2371 1942 2463 1994 καὶ
2498 1943 2711 2014 κριτὴν,
2742 1943 2836 1994 καὶ
2862 1941 2997 1996 ἄλλα
3017 1941 3115 1994 ὅσα
3147 1939 3390 1994 τοιαῦτα.
3428 1942 3516 2003 Ὠς
3549 1938 3644 1994 οὖν
3673 1942 3790 2010 (69)

2210 2035 2298 2086 ἐπ’
2331 2033 2554 2086 ἐκείνων
2581 2033 2832 2104 ἀθέτησιν
2862 2051 2983 2087 τινα
3024 2034 3116 2087 καὶ
3147 2034 3515 2103 ἀπαγόρευσιν
3555 2032 3663 2084 τῶν
3695 2034 3794 2086 ἀλ-

2211 2125 2437 2196 λοτρίων
2496 2123 2590 2177 τοῦ
2641 2125 2772 2177 Θεοῦ
2838 2127 3132 2195 ἐσήμαινον
3167 2127 3223 2178 αἰ
3281 2126 3475 2195 φωναὶ,
3509 2124 3684 2188 οὑτως
3714 2127 3794 2177 ὲν-

2212 2219 2385 2272 ταῦθα
2441 2219 2589 2272 θέσιν
2634 2219 2727 2270 καὶ
2777 2218 3010 2286 ὕπαρξιν
3057 2221 3164 2272 τῶν
3195 2221 3407 2274 οἰκείων
3439 2220 3518 2290 τῷ
3545 2220 3666 2291 Θεῷ
3695 2223 3792 2274 καὶ

2213 2312 2532 2384 πρεπόντως
2557 2310 2684 2380 περὶ
2708 2309 2866 2362 αὑτὸν
2889 2309 3271 2380 θεωρουμένων
3298 2314 3788 2383 ἀποσημαίνουσιν.

2226 2405 2321 2458 Ἐκ
2368 2405 2546 2457 τοίνυν
2605 2402 2864 2471 ἑκατέρου
2911 2400 3005 2453 τοῦ
3060 2401 3229 2463 εἴδους
3275 2401 3380 2454 τῶν
3408 2404 3797 2475 προσηγοριῶν

2214 2497 2596 2566 διδασκόμεθα,
2626 2497 2658 2566 ἢ
2695 2493 2949 2565 περὶτῶν
2983 2494 3310 2565 προσόντων,
3352 2495 3433 2546 ὅτι
3477 2497 3793 2565 πρόσεστιν,

2217 2588 2404 2657 ἢπερ).
2453 2589 2561 2638 τῶν
2599 2589 2670 2658 μὴ
2700 2589 3041 2658 προσόντων,
3074 2587 3153 2639 ὅτι
3191 2586 3264 2658 μὴ
3309 2587 3585 2658 πρόσεστι.
3632 2587 3704 2639 Τό
3730 2605 3796 2656 γε

2221 2681 2325 2753 μὴν
2347 2679 2679 2747 ἀγέννητον
2706 2680 2811 2730 τῶν
2839 2680 2910 2748 μὴ
2941 2679 3250 2748 προσόντων
3283 2680 3399 2731 ἐστὶ
3428 2678 3795 2749 σημαντικόν·

2217 2771 2366 2843 δηλοῖ
2403 2768 2508 2840 γὰρ
2531 2768 2591 2820 τὸ
2639 2768 2711 2837 μὴ
2739 2771 3018 2838 προσεῖναι
3060 2769 3310 2836 γέννησιν
3355 2769 3432 2838 τῷ
3463 2769 3599 2838 Θεῷ.
3626 2769 3800 2822 Τοῦτο

2217 2864 2273 2916 δὲ
2304 2863 2410 2915 εἴτε
2441 2857 2814 2931 ἀφαιρετικὸν,
2855 2859 2962 2909 εἴτε
2985 2859 3467 2930 ἀπαγορευτικδνῆ
3501 2861 3800 2929 ἀρνητικόν

2217 2971 2270 3008 τι
2317 2951 2554 3006 τοιοῦτον
2589 2947 2827 3020 βούλοιτό
2883 2965 2965 3010 τις
3010 2947 3435 3017 προσαγορεύειν
3460 2989 3472 3009 ,
3500 2951 3564 3000 οὑ
3598 2949 3798 3002 διοισό-

2223 3046 2382 3116 μεθα.
2411 3046 2532 3097 Ὅτι
2579 3042 2636 3094 δὲ
2663 3043 2723 3094 οὑ
2751 3039 2857 3092 τῶν
2884 3039 3239 3109 ὑπαρχόντων
3269 3036 3344 3090 τῶ
3377 3037 3496 3107 Θεῷ
3530 3054 3799 3106 σημαντι-

550 3127 822 3197 appellare
863 3128 1111 3188 voluerit,
1146 3129 1283 3180 haud
1315 3131 1720 3184 contendemus.
1759 3130 1910 3197 Quod
1937 3145 2115 3187 autem

2221 3136 2314 3188 κόν
2373 3138 2487 3187 ἐστι
2533 3133 2594 3186 τὸ
2629 3132 2951 3201 ἀγέννητον,
2990 3129 3301 3201 ἀρκούντως
3331 3126 3481 3200 οἶμαι
3508 3129 3801 3200 δηλοῦσθαι

549 3220 678 3273 nihil
710 3235 897 3273 eorum
935 3234 1054 3288 quae
1087 3219 1138 3273 in
1191 3219 1296 3275 Deo
1331 3222 1512 3276 insunt
1560 3223 1831 3293 signiﬁcet
1890 3225 2115 3294 ingeniti

548 3327 673 3388 vox,
709 3327 771 3366 ex
803 3313 912 3380 jam
952 3312 1111 3367 dictis
1152 3315 1286 3367 satis
1325 3314 1655 3368 declaratum
1704 3330 1823 3370 esse
1861 3326 2008 3383 puto.
2045 3318 2114 3371 At

550 3403 848 3455 substantia
886 3417 991 3456 non
1036 3413 1116 3455 est
1163 3403 1452 3472 quidquam
1501 3421 1688 3457 eorum
1735 3421 1855 3474 qua:
1885 3422 1990 3459 non
2024 3408 2118 3459 ad-

552 3501 719 3546 sunt:
747 3491 844 3545 sed
881 3500 965 3545 est
1013 3491 1184 3560 ipsum
1239 3508 1349 3545 esse
1387 3492 1502 3557 Dei,
1552 3494 1693 3560 quod
1732 3493 1872 3545 inter
1908 3506 1970 3546 ea
1999 3508 2117 3560 qua:

554 3596 659 3644 non
679 3593 822 3646 sunt,
848 3597 1224 3648 annumerarc,
1255 3598 1475 3637 summae
1503 3583 1749 3637 amentia:
1773 3592 1873 3638 est.
1905 3582 2114 3637 Etenim

560 3676 604 3729 si
640 3677 938 3729 substantia
985 3677 1037 3729 in
1083 3691 1309 3730 numero
1338 3692 1524 3730 eorum
1563 3693 1682 3745 quae
1719 3692 1826 3730 non
1862 3686 2006 3738 sunt,
2041 3677 2112 3729 lo-

554 3777 728 3831 catur,
754 3765 919 3818 multo
938 3767 1112 3819 minus
1131 3767 1565 3835 aliud'quidpiam
1591 3783 1775 3821 eorum
1797 3785 1915 3838 qua;
1933 3770 1998 3824 de
2017 3768 2122 3822 Deo

555 3859 826 3924 dicuntur,
861 3857 1039 3912 fuerit.
1081 3857 1509 3914 Demonstratum
1546 3868 1629 3912 est
1683 3869 1884 3924 autem,
1915 3860 2123 3930 ingeni-

555 3953 593 4002 ti
620 3966 802 4004 vocem
826 3951 963 4004 inter
979 3967 1039 4004 ea
1061 3968 1179 4019 quae
1199 3968 1300 4006 non
1332 3953 1542 4018 adsunt,
1570 3953 1873 4016 numerari;
1901 3955 2122 4006 mendax

556 4050 639 4096 est
674 4041 836 4107 igitur
863 4042 952 4109 qui
987 4043 1085 4094 hac
1108 4059 1232 4096 voce
1258 4045 1609 4096 substantiam
1641 4032 1929 4109 significari
1954 4053 2122 4110 putat.

632 4134 719 4187 Η.
757 4133 831 4186 At
862 4149 990 4186 vero
1025 4135 1320 4188 Eunontius
1355 4136 1554 4202 aliquid
1591 4139 1654 4188 de
1683 4137 1788 4188 lico
1830 4137 2121 4203 secundum

561 4229 915 4297 privationem
957 4226 1061 4280 dici
1092 4227 1469 4296 mgrelerens,
1504 4239 1755 4294 tanquam
1785 4229 1826 4281 si
1865 4246 1948 4282 res
1978 4237 2124 4282 esset

562 4318 814 4381 absurda,
860 4317 926 4372 ad
965 4316 1354 4388 religiosiorem
1389 4317 1594 4371 scilicet
1637 4315 1962 4370 sententiam
1994 4331 2124 4368 con-

639 4497 747 4565 (66)
785 4498 1055 4566 Scriptum
1103 4498 1156 4550 in
1211 4500 1454 4566 margine
1489 4498 1622 4566 Reg.
1671 4498 1844 4564 quarti
1895 4495 2124 4558 ἐννοίας.

567 4568 761 4623 Statim
798 4570 937 4622 idem
965 4569 1134 4623 codex
1173 4571 1379 4638 μήποτε
1406 4569 1676 4638 οἰηθῶμεν
1707 4569 1797 4620 sed
1831 4568 1958 4620 illud
1990 4566 2130 4633 quod

568 4639 726 4707 paulo
752 4650 872 4707 post.
893 4639 1109 4708 legitur,
1137 4641 1184 4691 οἱ
1210 4639 1507 4710 ἄνθρωποι,
1541 4655 1605 4690 eo
1653 4640 1705 4690 in
1754 4640 1939 4692 codice
1974 4639 2133 4692 omit-

570 4721 716 4762 llllll‘.

641 4779 750 4847 (67)
785 4777 983 4833 Vocula
1016 4796 1078 4846 γε
1111 4780 1161 4832 ἰιι
1194 4780 1383 4844 majori
1417 4790 1569 4847 parte
1600 4792 1730 4832 mss.
1763 4778 1934 4832 deest.

643 4850 751 4918 (68)
787 4848 947 4912 lllud,
970 4850 1191 4913 καὶτὰς
1226 4850 1371 4918 περί.
1407 4861 1537 4912 etc.,
1576 4850 1641 4902 ad
1689 4851 1906 4901 verbum
1938 4850 2016 4901 sic
2051 4849 2135 4899 in—

575 4921 944 4983 terpretahere
973 4938 985 4974 :
1035 4933 1080 4974 et
1114 4923 1322 4984 deponit
1378 4921 1642 4987 opiniones
1678 4935 1849 4972 rerum
1878 4936 1993 4988 qua,
2028 4919 2134 4971 Deo

575 5009 674 5044 non
699 4993 910 5044 adsunt.

647 5061 757 5127 (69)
786 5061 906 5114 Haec
926 5061 1108 5118 verba,
1141 5061 1225 5123 Ὠς
1245 5059 1357 5125 οὗν,
1389 5071 1518 5120 etc.,
1549 5061 1624 5114 sic.
1649 5062 1845 5114 debent
1873 5061 2090 5125 intelligi
2119 5075 2130 5108 :

579 5131 1032 5200 quemadmodum
1074 5135 1286 5185 nomina
1320 5134 1605 5199 privativa.
1632 5135 1806 5198 qualia
1841 5143 1964 5182 sunt
1996 5132 2136 5182 indi-

573 5201 795 5262 risibile,
818 5201 1226 5269 incorruptibile.
1255 5215 1382 5262 etc.,
1420 5215 1700 5255 removent
1724 5216 1750 5253 a
1793 5203 1899 5253 Deo
1930 5202 2133 5268 cogita-

578 5273 754 5325 tiones
776 5271 1036 5336 quasdam
1080 5287 1094 5325 :
1135 5273 1205 5323 ita
1254 5289 1315 5327 ea
1351 5273 1564 5325 nomina
1617 5287 1736 5338 (λικε
1782 5274 2135 5334 privationem

576 5357 682 5395 non
715 5340 1026 5406 praeferunt,
1055 5345 1195 5408 quod
1213 5359 1376 5410 genus
1400 5352 1521 5394 sunt
1558 5345 1742 5402 bonus,
1767 5342 1969 5408 justus,
1998 5357 2140 5392 crea-

579 5423 683 5467 tor.
713 5422 843 5467 etc.,
873 5412 1157 5478 positivum
1185 5414 1434 5477 quiddam
1470 5415 1518 5464 in
1548 5415 1653 5464 Deo
1687 5413 1994 5465 ostendunt.

651 5480 763 5551 (70)
801 5480 934 5552 Ειὶίιι
969 5482 1130 5552 σχολή
1167 5486 1216 5551 γ’
1241 5484 1325 5536 ἄν.
1371 5484 1498 5551 Reg.
1531 5484 1721 5536 tcrtius
1759 5480 1918 5550 σχολή
1957 5500 2017 5547 γε
2052 5481 2134 5533 ἄν.

582 5551 772 5622 Codex
794 5551 949 5604 Colb.
981 5570 1099 5605 cum
1121 5551 1127 5552 ⁷
1152 5558 1355 5607 duobus
1389 5554 1565 5620 Regiis
1614 5553 1796 5622 σχολῇ.
1835 5555 1985 5606 bene.
2033 5554 2141 5605 lloc

584 5623 716 5673 dicit
750 5621 984 5676 Ba~ilius
1018 5642 1028 5674 :
1066 5623 1122 5676 Si
1158 5625 1453 5677 substantia
1492 5624 1702 5676 locatur
1756 5627 1893 5675 inter
1929 5639 1988 5675 ca
2021 5638 2140 5690 qme

587 5692 638 5740 in
677 5690 1037 5758 Déoliosiliva
1085 5709 1186 5747 non
1243 5704 1368 5746 sunt
1424 5708 1439 5745 :
1504 5694 1661 5761 longe
1726 5694 1898 5744 minus
1929 5694 2140 5758 quidvis

585 5763 728 5815 aliud
753 5776 961 5828 eorum,
996 5779 1113 5831 quae
1160 5764 1224 5818 de
1280 5764 1384 5815 Deo
1447 5766 1827 5826 nrwdicantur,
1877 5765 2141 5817 locabilur

2219 3229 2332 3290 τοῖς
2355 3226 2682 3297 εἰρημένοις.
2720 3224 2783 3276 Ἡ
2806 3223 2860 3275 δὲ
2905 3222 3062 3275 οὑσία
3089 3224 3184 3291 οὑχ
3218 3222 3275 3274 ἓν
3303 3221 3484 3274 τιτῶν
3517 3221 3590 3293 μὴ
3628 3239 3799 3293 προσ-

2218 3319 2386 3371 όντων
2424 3318 2590 3379 ὲστίν,
2622 3316 2736 3368 ἀλλ’
2768 3316 2896 3369 αὑτὸ
2945 3315 3005 3368 τὸ
3049 3311 3197 3368 εἶναι
3225 3314 3316 3365 τοῦ
3360 3314 3524 3377 Θεοῦ,
3557 3317 3695 3387 ὅπερ
3743 3318 3801 3368 ὲν

2221 3414 2333 3473 τοῖς
2366 3411 2438 3480 μὴ
2474 3406 2591 3462 οὖσι
2634 3408 2990 3477 καταριθμεῖν
3042 3407 3339 3478 παρανοίας
3370 3409 3487 3460 ἐστι
3530 3407 3628 3476 τῆς
3657 3409 3801 3461 ἀνω-

2222 3501 2388 3552 τάτω.
2442 3500 2503 3550 Εἰ
2533 3497 2640 3567 γὰρ
2678 3499 2709 3564 ή
2757 3497 2914 3548 οὑσία
2956 3498 3011 3548 ὲν
3062 3499 3174 3558 τοῖς
3219 3497 3292 3567 μὴ
3336 3494 3474 3560 οὖσι,
3531 3498 3694 3568 σχολῇ
3736 3517 3801 3566 γε

2223 3589 2289 3643 ἂν
2321 3588 2429 3658 (70)
2466 3588 2591 3642 ἀλλο
2617 3605 2669 3640 τι
2703 3587 2810 3639 τῶν
2834 3586 3138 3657 λεγομένοιν
3167 3589 3248 3657 εἴη
3298 3589 3576 3643 Δέδεικται
3605 3591 3662 3642 δὲ
3690 3592 3799 3660 ἄρα

2226 3680 2287 3734 τὸ
2320 3681 2609 3750 ἀγέννητον
2644 3683 2755 3742 τοῖς
2785 3678 2857 3749 μὴ
2896 3677 3155 3749 προσοῦσι
3194 3683 3618 3748 συντεταγμένον
3649 3684 3801 3752 (71)·

2229 3774 2367 3827 ὥστε
2395 3775 2597 3845 ψευδὴς
2633 3777 2660 3826 ὁ
2691 3773 2970 3843 τιθέμενος
2992 3773 3089 3844 τῆς
3118 3771 3303 3836 οὐσίας
3334 3771 3505 3842 αὑτῆς
3534 3769 3671 3826 εἶναι
3702 3777 3804 3844 τὴν

2233 3869 2413 3938 φωνὴν
2441 3866 2644 3935 ταύτην
2665 3866 2984 3937 δηλωτικήν.

2301 4126 2387 4180 Η.
2429 4128 2486 4180 '0
2514 4127 2592 4190 δὲ,
2627 4127 2702 4191 ῶς
2729 4126 2814 4179 ἐπ’
2855 4126 3037 4198 ἀτόπῳ
3061 4127 3138 4198 τῷ
3176 4127 3316 4180 κατά
3353 4129 3606 4200 στέρησίν
3639 4147 3691 4182 τι
3715 4129 3804 4183 λέ-

2230 4221 2421 4289 γεσθαι
2449 4222 2574 4291 περὶ
2621 4220 2754 4274 Θεοῦ
2798 4221 3195 4290 δυσχεραίνων,
3243 4221 3334 4273 ἐπὶ
3379 4221 3437 4274 τὸ
3488 4223 3804 4275 εὐσεϐέστεο

2232 4330 2323 4383 ρον
2351 4313 2461 4383 (72)
2495 4313 2656 4381 δῆθεν
2697 4313 3064 4381 καταφεύγει,
3089 4313 3149 4365 τὸ
3175 4315 3253 4377 εἰς
3285 4315 3452 4384 αὑτὴν
3490 4315 3586 4384 τὴν
3616 4316 3805 4368 οὐσίαν

2237 4504 2378 4548 .ntcr
2403 4509 2465 4548 ea
2500 4510 2618 4563 qua:
2673 4497 2897 4565 positiva
2930 4507 3057 4551 sunt
3107 4497 3160 4550 in
3217 4496 3346 4549 Deo.
3404 4495 3614 4549 Etenim
3668 4498 3802 4551 nihil

2235 4580 2387 4632 aeque
2421 4567 2661 4635 designat
2718 4568 2768 4619 in
2821 4567 2927 4620 Deo
2978 4568 3262 4635 positivum
3312 4566 3591 4633 quiddam,
3642 4578 3806 4632 atque

2235 4637 2535 4689 substantia
2572 4639 2710 4703 ipsa,
2746 4653 2906 4704 quam
2943 4641 3181 4689 omnium
3208 4635 3378 4688 basim
3410 4653 3527 4690 esse
3565 4637 3800 4691 co'nstat.

2235 4707 2309 4759 Ex
2343 4707 2535 4771 quibus
2556 4707 2731 4773 colligi
2764 4707 2938 4763 debet,
2977 4705 3250 4775 Basilium,
3287 4717 3343 4759 ut
3373 4706 3505 4760 alias
3531 4723 3698 4775 strpe,
3731 4710 3803 4760 ita

2237 4778 2324 4829 hic
2348 4776 2702 4838 ὲλλειπτικῶς
2733 4777 2965 4842 locutum
3022 4774 3209 4839 fuisse,
3248 4777 3326 4829 sic
3369 4790 3425 4829 ut
3456 4788 3575 4842 post
3612 4774 3803 4832 vorem

2236 4847 2321 4914 εἴη
2355 4848 2702 4900 subaudiatur
2732 4848 2787 4897 ἐν
2814 4840 2951 4904 οὖσι,
2983 4847 3036 4897 in
3089 4840 3615 4912 exstantibusfquas
3669 4849 3803 4901 duas

2239 4931 2397 4968 voces
2433 4914 2651 4969 Latinas
2711 4917 2760 4966 in
2825 4918 3268 4983 interpretatione
3323 4933 3538 4984 quoque
3597 4917 3803 4970 subau-

2237 4986 2457 5038 diendas
2484 5001 2603 5036 esse,
2627 5001 2837 5038 moueo.

2310 5057 2419 5122 (7l)
2450 5057 2586 5109 Editi
2611 5057 2668 5109 ὲν
2691 5059 2802 5119 τοῖς
2831 5056 2901 5126 μὴ
2933 5056 3192 5128 προσοῦσι
3225 5055 3800 5125 τεταγμένον.Αιιιιεε.

2239 5126 2477 5196 plerique
2513 5142 2700 5179 omnes
2735 5141 2791 5180 ut
2817 5130 2865 5180 iu
2896 5126 3166 5180 contextu.

2312 5197 2422 5265 (7‘2)
2456 5197 2746 5265 Interpres,
2771 5200 2882 5264 qui,
2909 5209 2963 5249 ut
2997 5207 3146 5262 puto,
3183 5197 3284 5250 sibi
3332 5197 3660 5265 persuadere
3695 5212 3798 5250 non

2239 5278 2470 5334 poterat,
2507 5269 2800 5335 quidquam
2833 5270 2916 5334 pie
2951 5269 3017 5318 ab
3049 5267 3309 5319 Eunomio
3350 5267 3550 5316 dia-tum
3611 5269 3800 5328 luisse,

2241 5339 2340 5389 sibi
2375 5340 2522 5390 visus
2549 5349 2630 5391 est
2676 5339 2851 5408 legere.
2893 5337 2985 5389 ἐπὶ
3029 5339 3089 5388 τὸ
3134 5336 3800 5408 ἀσεϐέστερονηιιελοιιὶιιι

2239 5410 2403 5461 vertit
2445 5425 2458 5460 :
2494 5409 2561 5460 ad
2593 5405 2931 5472 aliudmagi:
2963 5409 3116 5471 impie
3145 5409 3338 5457 dictum
3370 5407 3581 5473 refugit.
3621 5405 3724 5458 Sed
3749 5414 3802 5457 et

2240 5479 2366 5529 editi
2392 5489 2445 5529 et
2481 5495 2606 5531 mss.
2637 5479 2829 5531 habent
2863 5479 2951 5529 ἐπὶ
2980 5477 3038 5529 τὸ
3072 5476 3471 5545 εὐσεϐέστερον,
3503 5478 3571 5529 ad
3602 5477 3802 5542 aliquid

2241 5549 2406 5615 magis
2459 5549 2600 5610 pium
2657 5547 2936 5615 confugit:
2988 5550 3126 5615 quod
3162 5549 3363 5600 ironit-e
3412 5549 3611 5598 dictum
3662 5559 3800 5604 esse.

2244 5633 2402 5668 neuio
2431 5634 2535 5669 non
2561 5619 2721 5669 videt.
2765 5617 2870 5668 line
2905 5619 3019 5684 ipso
3055 5619 3105 5670 in
3155 5619 3270 5668 loro
3299 5615 3463 5669 editio
3497 5615 3666 5667 Paris.
3709 5631 3803 5668 κα-

2241 5689 2520 5756 ταᾳεὺγει,
2545 5690 2637 5740 καὶ
2657 5686 2821 5757 αὐτὴν
2845 5688 2938 5756 τὴν
2959 5688 3142 5741 οὑσίαν
3169 5685 3372 5740 τίθεται
3400 5687 3466 5740 τὸ
3492 5687 3801 5753 ἀγέννητον.

2246 5757 2420 5814 Editio
2461 5760 2590 5812 Ven.
2620 5759 2975 5826 καταφεύγει,
3003 5758 3076 5828 τῷ
3103 5759 3292 5828 αὑτήν,
3325 5769 3453 5820 etc.,
3493 5769 3550 5810 ul
3605 5757 3656 5809 in
3698 5757 3808 5811 edi-
