4026 6434
224 417 328 473 857

1306 400 1669 457 ADVERSUS
1709 394 2071 455 EUNOMIUM
2111 397 2238 451 LIB.
2281 397 2321 447 1.

3328 394 3427 446 558

220 528 465 586 τίθεσθαι
491 528 551 581 τὸ
580 529 892 595 ἀγέννητον,
922 522 1013 575 καὶ
1036 522 1276 589 συνάγων
1309 517 1483 586 ἑαυτῷ
1509 518 1598 570 τὸν
1622 518 1775 584 λόγον

1903 516 2048 583 ugit;
2076 528 2140 566 eo
2166 511 2445 571 nimirum,
2477 516 2532 559 ut
2572 509 2622 558 in
2660 511 2772 575 ipsa
2809 507 3108 563 substantia
3136 505 3432 571 ingenitum

221 619 363 690 πρὸς
387 620 449 672 τὸ
469 617 779 687 κεφάλαιον,
812 610 953 665 οὕτω
974 611 1192 679 γράφει·

300 793 457 847 ΕΥΝ.
490 788 697 844 Οὐκοῦν
718 829 734 855 ,
766 789 814 841 εί
846 787 980 857 μήτε
1018 788 1135 839 κατ’
1170 788 1409 839 ἐπίνοιαν
1429 823 1442 847 ,
1476 786 1608 855 μήτε
1644 784 1783 839 κατά

224 884 516 955 στέρησιν,
550 882 685 952 μήτε
724 882 779 933 ἐν
822 878 973 950 μέρει
1001 878 1231 950 (ἀμερὴς
1256 876 1407 945 γὰρ),
1443 878 1578 946 μήτε
1610 879 1667 931 ὲν
1690 878 1786 931 αὑ-

221 977 306 1047 τῷ
332 977 405 1039 ὼς
427 975 608 1046 ἕτερον
640 972 861 1044 (ἁπλοῦς
885 970 1035 1043 γὰρ),
1069 975 1205 1045 μήτε
1248 972 1375 1042 παρ’
1407 969 1565 1027 αὑτὸν
1601 970 1785 1042 ἕτερον

224 1064 330 1138 (εἷς
356 1068 461 1136 γὰρ
501 1068 595 1119 καὶ
644 1065 800 1137 μόνος
837 1065 1182 1136 ἀγέννητος),
1230 1064 1361 1116 αὐτὸ
1394 1063 1458 1118 ἂν
1501 1062 1585 1132 εῐη
1634 1063 1786 1115 οὐσία

220 1162 544 1230 ἀγέννητος.

303 1340 450 1394 ΒΑΣ.
484 1341 692 1408 Ἥγαγε
720 1338 809 1390 τὸν
836 1337 993 1405 λόγον
1036 1335 1118 1405 ἐφ’
1148 1336 1183 1390 ἀ
1215 1337 1489 1401 ἐϐούλετο,
1531 1336 1620 1388 καὶ
1652 1351 1787 1386 παν-

223 1432 456 1501 ταχόθεν
496 1431 557 1484 τὸ
610 1430 901 1499 ἀγέννητον
941 1430 1291 1493 ἀποσπάσας,
1338 1432 1415 1491 εἰς
1466 1428 1633 1498 αὐτὴν
1677 1426 1787 1495 (75)

234 1526 550 1595 συνήλασεν,
598 1523 673 1585 ὠς
729 1521 885 1591 ᾤετο,
918 1522 1012 1594 τὴν
1039 1526 1257 1578 οὐσίαν·
1317 1522 1483 1575 εἰπὼν
1528 1524 1655 1594 περὶ
1695 1522 1787 1575 τοῦ

227 1615 368 1668 Θεοῦ
408 1615 514 1668 τῶν
554 1612 709 1675 ὅλων,
747 1614 828 1666 ὅτι
873 1616 1002 1668 αὐτὸ
1046 1617 1109 1669 ἂν
1159 1616 1242 1684 εἴη
1288 1613 1441 1666 οὐσία
1479 1614 1785 1684 ἀγέννητος.

240 1706 387 1774 Ἐγὼ
410 1706 464 1759 δὲ
508 1706 606 1777 τὴν
648 1706 745 1776 μὲν
796 1706 979 1760 οὐσίαν
1010 1707 1101 1760 τοῦ
1152 1704 1285 1757 Θεοῦ
1335 1706 1621 1775 ἀγέννητον
1654 1702 1789 1758 εἶναι

227 1801 326 1853 καὶ
343 1799 502 1863 αὐτὸς
535 1799 598 1852 ἂν
629 1800 812 1869 φαίην,
841 1800 900 1851 οὺ
934 1798 1037 1869 μὴν
1065 1799 1123 1850 τὸ
1146 1797 1433 1867 ἀγέννητον
1458 1798 1555 1867 τὴν
1582 1798 1786 1849 οὐσίαν.

232 1894 468 1946 Ἔπειτα
501 1892 680 1961 μέντοι
702 1892 935 1959 κάκείνῳ
960 1891 1243 1961 προσέχειν
1268 1890 1433 1956 ἄξιον,
1466 1892 1545 1942 ὅτι
1575 1890 1635 1941 τὸ
1662 1891 1794 1960 ἀμε-
1826 1879 1866 1932 Β

231 1984 325 2055 ρὲς
354 1984 446 2035 καὶ
471 1981 531 2034 τὸ
558 1978 779 2043 ἁπλοῦν,
804 1981 994 2034 ταυτὸν
1036 1982 1275 2053 ὑπάρχον
1297 1982 1435 2035 κατά
1468 1980 1563 2051 τὴν
1592 1980 1795 2033 ἔννοιαν

230 2074 462 2144 (ἀμερές
488 2090 545 2126 τε
576 2073 685 2143 (74)
714 2074 819 2145 γάρ
858 2076 971 2126 ἐστι
997 2072 1056 2126 τὸ
1088 2074 1161 2145 μὴ
1192 2078 1255 2127 ὲκ
1298 2072 1478 2143 μερῶν
1509 2072 1797 2139 συγκείμε-

228 2182 341 2229 νον,
372 2165 465 2218 καὶ
498 2165 700 2218 ἁπλοῦν
730 2164 985 2227 ὡσαύτως
1011 2165 1069 2217 τὸ
1096 2165 1169 2234 μὴ
1216 2166 1280 2213 ὲκ
1308 2163 1567 2215 πλειόνων
1589 2162 1685 2231 τὴν
1712 2160 1798 2213 σῦ-

231 2272 425 2308 στασιν
472 2255 634 2325 ἔχον),
674 2250 825 2316 οὗτος
873 2254 947 2315 ὡς
969 2252 1291 2321 διαφέροντα
1334 2249 1411 2319 τῷ
1458 2247 1797 2319 ὑποκειμένῳ

228 2344 498 2414 διίστησιν
526 2346 618 2398 ἀπ’
642 2343 903 2411 ἀλλήλων.
938 2337 1069 2393 Εἶτα
1094 2341 1422 2413 ἀπαγορεύει
1456 2341 1529 2411 μὴ
1558 2340 1665 2391 δεῖν
1696 2357 1795 2391 κα-

231 2436 552 2507 ταμερίζειν
581 2437 669 2489 τὸν
702 2435 854 2496 Θεὸν,
889 2434 1021 2504 μηδὲ
1060 2434 1119 2486 τὸ
1155 2433 1253 2503 μέν
1293 2451 1344 2485 τι
1377 2431 1538 2483 αὑτοῦ
1574 2431 1799 2499 ἀγέννη-

230 2545 348 2589 τον,
374 2527 434 2580 τὸ
465 2527 521 2580 δὲ
545 2526 798 2597 γεννητὸν
842 2524 1196 2577 ὑποπτεύειν·
1247 2524 1369 2593 μηδ’
1413 2519 1477 2576 αὖ
1523 2522 1799 2590 ἐγκεῖσθαι

233 2620 310 2682 ὡς
338 2619 523 2690 ἕτερον
543 2620 598 2671 ὲν
629 2618 798 2688 ἑτέρῳ
828 2617 1063 2687 νομίζειν
1084 2614 1231 2685 αὐτῷ
1258 2616 1315 2668 τὸ
1342 2616 1649 2686 ἀγέννητον.
1670 2614 1801 2666 Τού-

234 2727 345 2762 των
384 2708 441 2761 δὲ
475 2709 534 2761 τὸ
579 2709 802 2779 μάταιον
851 2707 1069 2761 ἀποκνῶ
1102 2706 1414 2777 διελέγχειν.
1464 2707 1646 2759 Ἐοικε
1694 2706 1801 2777 γάρ

238 2816 355 2861 πως
378 2798 843 2869 συνεξομοιοῦσθαι
868 2798 942 2868 τῷ
969 2798 1403 2867 ματαιολογοῦντι
1430 2800 1457 2850 ὁ
1484 2797 1796 2864 ἀντιλέγων.

239 2889 461 2958 Διόπερ,
486 2884 659 2958 οἶμαι,
686 2892 713 2941 ό
752 2890 912 2956 σοφὸς
946 2890 1230 2958 παρεγγυᾷ
1266 2887 1513 2956 Σολομῶν
1564 2887 1636 2957 μὴ
1674 2889 1802 2940 ἀπο-

240 2979 529 3049 κρίνασθαι
561 2980 670 3047 (75)
695 2980 770 3046 τῷ
805 2978 995 3051 ἄφρονι
1023 2980 1161 3031 κατά
1192 2979 1285 3049 τὴν
1323 2979 1534 3030 ὲκείιου
1568 2978 1804 3047 deposu-

240 3087 356 3139 νην.
397 3068 534 3132 Τοὺς
560 3070 665 3141 γὰρ
696 3068 804 3139 (76)
840 3070 977 3139 μήτε
1010 3070 1325 3140 εἰρημένους
1358 3069 1492 3138 μήτε
1520 3067 1803 3137 λεχθέντας

242 3163 372 3215 ποτὲ
399 3162 587 3230 λόγους
610 3160 713 3213 ὑπὸ
737 3160 996 3230 διαίρεσιν
1030 3161 1254 3231 ἢγαγεν,
1295 3158 1380 3211 ἴνα
1421 3158 1548 3232 δόξῃ
1575 3162 1631 3210 ὲν
1676 3158 1802 3211 πολ-

241 3252 351 3315 λοῖς
394 3253 507 3313 τοῖς
551 3250 1056 3321 ἀπηριθμημένοις,
1094 3249 1213 3303 καθ’
1255 3250 1349 3302 ἕνα
1391 3249 1548 3320 μόνον
1584 3250 1802 3319 τρόπον,

239 3344 456 3406 οἰκείως
489 3342 819 3412 ἐξευρίσκειν
847 3342 1134 3411 λεγόμενον
1176 3342 1236 3394 τὸ
1290 3342 1596 3412 ἀγέννητον.
1648 3344 1804 3411 Ἡμῖν

241 3436 297 3489 δὲ
347 3437 475 3497 ἴσως
522 3432 761 3495 πλείονος
811 3432 913 3484 ἔδει
951 3432 1107 3499 λόγου
1154 3431 1287 3501 πρὸς
1318 3432 1416 3503 τὴν
1457 3432 1548 3483 τοῦ
1584 3432 1805 3500 ψεύδους

245 3526 607 3597 παράστασιν,
646 3524 739 3576 καὶ
777 3524 910 3594 πρὸς
943 3523 1002 3575 τὸ
1026 3523 1224 3587 δεῖξαι,
1253 3524 1334 3575 ὄτι
1376 3540 1480 3593 περ
1523 3524 1620 3575 οὐκ
1652 3525 1808 3577 οὐσία

242 3618 377 3671 Θεοῦ
400 3619 459 3672 τὸ
484 3619 794 3687 ἀγέννητον,
823 3616 978 3687 εἴπερ
1004 3616 1071 3669 τά
1097 3619 1153 3668 ὲν
1182 3620 1245 3686 τῇ
1272 3616 1529 3686 διαιρέσει
1559 3616 1686 3685 παρ’
1720 3617 1804 3669 αὑ-

242 3710 337 3761 τοῦ
369 3710 799 3780 ἀπηριθμημένα
851 3708 924 3780 μὴ
970 3707 1153 3777 σαερῶς
1200 3707 1567 3778 ἐξελήλεγκτο.
1596 3708 1655 3759 Εἰ
1702 3708 1808 3778 γάρ

249 3800 484 3871 ἰσχυρῶς
530 3795 673 3869 εἶχεν
706 3804 733 3853 ό
771 3801 923 3869 λόγος
967 3800 1135 3870 αὐτῷ,
1165 3800 1244 3852 ὃτι
1276 3799 1397 3852 οὔτε
1429 3802 1547 3853 κατ’
1571 3802 1807 3856 ἐπίνοιαν

243 3892 369 3944 οὔτε
421 3891 557 3944 κατά
612 3892 863 3961 στέρησιν
888 3892 1219 3962 λαμὸἀνεται
1260 3894 1319 3946 τὸ
1348 3894 1637 3965 ἀγέννητον
1656 3936 1671 3959 ,
1699 3896 1804 3948 οὐδ’

243 3984 389 4036 οὓτω
421 3982 517 4052 μὲν
541 3982 604 4035 ἂν
628 3983 840 4045 πάντως
864 3983 1178 4037 ἀκολουθίαν
1210 3981 1320 4055 εἶχε
1339 3987 1398 4038 τὸ
1425 3988 1803 4057 συναγόμενον.

245 4074 345 4136 Τίς
366 4074 473 4143 γὰρ
502 4075 534 4143 ἡ
576 4072 810 4143 ἀνάγκη,
844 4074 946 4125 ὑπὸ
976 4074 1031 4125 ἓν
1071 4076 1176 4128 τῶν
1211 4076 1677 4147 ἀπηριθμημένων
1712 4079 1809 4148 τὴν

246 4165 573 4234 ἀγεννησίαν
626 4166 839 4228 πεσεῖν;
881 4165 953 4216 Οὐ
1016 4164 1119 4234 μὴν
1178 4166 1289 4218 ἀλλ’
1325 4167 1505 4237 ἐπειδὴ
1550 4170 1709 4231 αὐτὸς
1738 4168 1811 4231 ῶς

246 4252 557 4319 ἀναγκαίως
582 4252 919 4322 συνημμένον
944 4255 1053 4313 τοῖς
1088 4254 1411 4322 προάγουσιν
1447 4254 1690 4322 ἐπιφέρει
1730 4252 1809 4317 τὸ,

247 4344 458 4397 Οὐκοῦν
486 4346 533 4395 εἰ
562 4346 670 4412 (77)
706 4348 839 4415 μήτε
879 4344 998 4397 κατ’
1041 4346 1299 4417 ἐπίνοιαν,
1334 4348 1467 4417 μήτε
1508 4347 1647 4399 κατά
1692 4345 1810 4398 στέ-

252 4452 431 4507 ρησιν,
468 4438 602 4505 μήτε
836 4437 989 4491 ἀλλον
1027 4409 1149 4489 τινά
1198 4436 1303 4490 τῶν
1334 4409 1813 4508 ’ἀπηριθμημέιων

1881 606 2201 666 constituat;
2229 614 2645 667 sermonemque
2686 601 2736 651 in
2773 613 3035 653 summam
3088 595 3438 661 contrahens,

1884 697 1953 751 ita
1981 698 2163 751 scribit
2193 711 2205 745 :

1954 787 2085 842 Eua.
2127 785 2292 857 Igitur
2326 785 2368 838 si
2405 796 2582 850 neque
2618 781 2911 836 secundum
2955 779 3295 851 concipiendi
3330 794 3443 833 mo-

1884 876 2033 939 dum,
2065 892 2237 944 neque
2266 874 2555 930 secundum
2598 871 2977 941 privationem,
3004 886 3176 938 neque
3205 874 3257 926 in
3292 881 3444 940 parte

1887 972 2102 1038 (quippe
2133 978 2215 1020 est
2261 965 2644 1033 iudivisibilis),
2677 978 2848 1033 neque
2877 966 2928 1017 in
2960 965 3076 1031 ipso
3106 963 3251 1017 velut
3299 960 3443 1017 aliud

1889 1061 2137 1134 (simplex
2191 1075 2418 1128 namque
2471 1059 2600 1126 est),
2658 1072 2828 1127 neque
2882 1065 3075 1125 prazter
3128 1068 3250 1107 eum
3302 1054 3444 1109 aliud

1889 1158 2049 1227 (unus
2084 1154 2224 1207 enim
2258 1162 2341 1205 est
2372 1163 2425 1206 et
2466 1152 2610 1205 solus
2635 1148 2925 1220 ingenitus)
2959 1166 2971 1201 :
3006 1148 3105 1201 hoc
3131 1148 3301 1216 ipsum
3330 1146 3445 1200 fue-

1887 1250 1960 1301 rit
1984 1248 2165 1314 utique
2197 1244 2495 1297 subsmntia
2526 1245 2783 1312 ingenita.

1959 1340 2080 1394 Bas.
2139 1337 2393 1391 Pcrtluxit
2443 1337 2736 1389 orationem
2793 1349 2896 1402 quo
2926 1332 3121 1395 voluit;
3154 1339 3207 1384 ct
3234 1338 3445 1398 postea-

1888 1450 2047 1504 quam
2095 1432 2365 1489 undelibet
2412 1431 2705 1498 ingenitum
2756 1430 3008 1489 extrusit,
3056 1426 3109 1480 in
3157 1425 3343 1491 ipsam,
3392 1431 3451 1475 ut

1890 1529 2110 1595 putavit,
2160 1525 2511 1581 substantiam
2571 1522 2816 1581 intrusit,
2877 1520 3072 1587 quippe
3113 1518 3201 1585 qui
3244 1516 3308 1569 de
3344 1518 3450 1566 Deo

1889 1614 2259 1669 universorum
2316 1613 2553 1673 dixerit,
2600 1612 2740 1678 quod
2797 1608 3087 1676 ingenitmn
3146 1609 3259 1676 ipsa
3304 1605 3453 1673 ing-~-

1892 1708 2001 1759 nita
2031 1707 2325 1758 substantia
2368 1706 2456 1759 sit.
2509 1702 2629 1771 Ego
2669 1715 2794 1754 vero
2837 1700 3185 1753 substantiam
3232 1698 3322 1751 Dei
3371 1696 3453 1750 in-

1892 1798 2125 1867 genitam
2155 1810 2294 1852 esse.
2332 1796 2491 1846 etiam
2522 1796 2635 1863 ipse
2675 1791 2924 1854 dixerim,
2958 1805 3059 1843 non
3092 1797 3265 1842 autem
3304 1790 3451 1858 inge-

1898 1892 2071 1944 nitum
2103 1902 2221 1943 esse
2250 1886 2632 1942 substantiam.
2660 1884 2859 1938 Deinde
2888 1882 3013 1936 illud
3051 1895 3261 1951 quoque
3282 1890 3452 1933 atten-

1898 1983 2022 2033 dere
2052 1993 2227 2048 opera:
2282 1976 2509 2045 pretium
2558 1988 2661 2038 est,
2694 1977 2835 2045 quod
2886 1972 3217 2027 indivisibile
3246 1979 3300 2024 et
3326 1972 3449 2023 sim-

1899 2072 2041 2139 plex,
2079 2087 2197 2138 qua:
2224 2070 2410 2123 eadem
2445 2077 2569 2120 sunt
2602 2068 2738 2120 inter
2781 2080 2838 2118 se
2867 2065 3264 2133 signiﬁcatione
3294 2062 3453 2131 (iridi-

1897 2160 2103 2215 visibile
2133 2161 2275 2213 enim
2309 2157 2553 2225 estquod
2585 2171 2650 2209 ex
2682 2155 2924 2224 partibus
2955 2170 3058 2207 non
3090 2154 3452 2219 componitur,

1898 2263 1951 2308 et
1974 2252 2197 2320 simplex
2248 2250 2497 2303 similiter
2521 2249 2662 2319 quod
2695 2264 2723 2303 e
2757 2248 2998 2317 pluribus
3046 2262 3148 2299 non
3183 2243 3452 2313 constat);

1899 2345 1985 2399 hic
2011 2344 2160 2413 quasi
2197 2343 2408 2397 diversa
2448 2343 2555 2395 sint
2591 2340 2853 2409 subjecto,
2903 2339 3130 2392 alterum
3180 2338 3248 2391 ab
3287 2335 3456 2389 altero

1897 2449 2129 2509 separat.
2168 2439 2356 2494 Postea
2397 2447 2563 2503 vetat,
2622 2437 2787 2490 Deum
2835 2435 2998 2489 dividi
3046 2445 3318 2501 oportere,
3365 2441 3457 2485 aut

1900 2533 2058 2585 aliam
2096 2532 2261 2598 ipsius
2290 2542 2493 2597 partem
2528 2530 2845 2595 ingenitam,
2898 2525 3055 2579 aliam
3104 2526 3337 2594 genitam
3374 2540 3458 2577 su-

1900 2621 2114 2691 Spicari,
2140 2630 2234 2673 aut
2263 2634 2453 2673 rursus
2482 2619 2761 2681 arbitrari,
2793 2618 3088 2686 ingenitum
3120 2616 3172 2668 in
3204 2616 3318 2684 ipso
3344 2615 3459 2668 vel-

1902 2723 1959 2767 ut
1990 2712 2132 2765 aliud
2172 2713 2222 2764 in
2282 2710 2385 2763 alio
2448 2710 2608 2765 situm
2641 2725 2778 2765 esse.
2818 2707 3017 2763 Horum
3061 2716 3238 2760 autem
3276 2708 3457 2759 verbo-

1902 2820 2017 2857 rum
2056 2803 2348 2856 vanitatem
2382 2800 2519 2868 piget
2578 2814 2662 2852 me
2710 2798 3013 2852 confutare.
3059 2795 3281 2850 Videtur
3312 2796 3456 2849 enim

1902 2894 2295 2964 quodammodo
2345 2892 2539 2945 similis
2571 2891 2683 2944 ﬁeri
2721 2891 2769 2943 ei
2815 2890 2904 2958 qui
2944 2904 3077 2941 vana
3112 2887 3336 2951 dicit,_is
3366 2886 3457 2953 qui

1903 2987 2236 3039 contradicit.
2271 2985 2432 3055 224
2472 2984 2826 3054 Quapropter,
2853 2982 3059 3049 opinor,
3090 2981 3307 3048 sapiens
3370 2977 3464 3031 Sa-

1905 3076 2084 3129 lomon
2131 3076 2478 3141 admonet",
2532 3084 2585 3127 ut
2630 3090 2693 3126 ne
2728 3075 3141 3141 respondeamus
3189 3071 3460 3139 insipienti

1902 3165 2054 3233 juxta
2106 3164 2463 3233 insipientiam
2522 3163 2683 3218 illius.
2726 3164 2852 3228 Quae
2883 3162 3024 3215 enim
3078 3176 3251 3231 neque
3297 3160 3461 3224 dicta,

1906 3269 2078 3323 neque
2108 3253 2310 3321 prolata
2362 3260 2487 3305 sunt
2522 3267 2778 3321 unquam,
2810 3267 2873 3305 ea
2912 3252 2998 3306 liic
3047 3267 3157 3305 sua:
3209 3250 3461 3304 divisioni

1905 3346 2151 3414 subjecit,
2186 3356 2264 3409 ut,
2298 3345 2480 3398 multis
2518 3344 2875 3408 enumeratis,
2928 3344 3169 3397 invenire
3220 3342 3467 3396 videatur

1907 3439 2200 3507 ingenitum
2255 3436 2414 3490 unico
2452 3436 2611 3489 modo
2650 3434 2861 3503 proprie
2904 3434 3030 3487 dici.
3072 3431 3234 3488 Nobis
3282 3442 3463 3486 autem

1910 3529 2132 3581 fortasse
2159 3527 2380 3596 longiori
2408 3542 2540 3595 opus
2567 3536 2711 3580 esset
2741 3525 3005 3589 oratione,
3035 3533 3090 3577 ut
3128 3523 3463 3578 mendacium

1908 3621 2300 3689 detegeremus,
2348 3620 2753 3687 ingenuumque
2806 3617 3162 3671 substantiam
3224 3615 3316 3668 Dei
3358 3628 3457 3669 noc

1906 3726 2026 3763 esse
2049 3712 2541 3763 demonstraremus
2577 3726 2589 3761 :
2624 3708 2726 3761 nisi
2760 3724 2877 3776 quae
2921 3711 2987 3761 ab
3018 3723 3083 3761 eo
3122 3722 3215 3776 per
3242 3707 3463 3761 divisio-

1908 3815 2027 3853 nem
2062 3808 2372 3853 enumerata
2406 3809 2551 3863 sunt,
2577 3800 2687 3865 jam
2738 3799 2940 3867 liquido
2986 3796 3215 3851 refutata
3262 3806 3462 3851 essent.

1907 3891 2038 3945 Nam
2070 3892 2280 3946 etiamsi
2310 3893 2413 3944 vim
2449 3893 2672 3946 haberet
2708 3892 2866 3944 allata
2901 3890 2968 3944 ab
3003 3890 3094 3943 illo
3128 3889 3289 3951 ratio,
3324 3889 3466 3955 quod

1911 3997 2081 4050 neque
2127 3997 2193 4036 ex
2250 3982 2579 4053 intelligendi
2612 3985 2789 4046 modo,
2838 3995 3013 4049 neque
3052 3996 3116 4033 ex
3174 3980 3467 4047 privatione

1911 4074 2204 4143 ingenitum
2235 4076 2496 4144 accipitur
2527 4088 2542 4126 :
2580 4074 2764 4142 utique
2791 4090 2855 4126 ne
2889 4074 2968 4127 sic
2996 4073 3207 4141 quidem
3244 4073 3292 4127 id
3326 4074 3465 4141 quod

1910 4168 2128 4236 colligit,
2155 4179 2593 4235 consequeretur.
2626 4167 2763 4233 Quid
2802 4168 2944 4222 enim
2994 4182 3209 4221 necesse
3242 4176 3325 4220 est
3364 4167 3466 4220 sub

1910 4274 2016 4311 uno
2048 4270 2483 4312 enumeratorum
2516 4260 2782 4313 contineri
2817 4259 3151 4327 ingenitum?
3185 4257 3290 4313 Sed
3333 4274 3469 4326 quo-

1912 4351 2053 4404 niam
2087 4352 2198 4418 ipse
2224 4361 2476 4419 tanquam
2518 4352 2718 4421 aliquid
2772 4351 3191 4420 przecedentibus
3221 4363 3469 4403 necessa-

1913 4441 1994 4493 rio
2023 4442 2362 4510 conjunctum
2398 4441 2561 4496 infert
2599 4442 2724 4494 illud
2752 4457 2766 4493 :
2792 4442 2958 4507 Igitur
2986 4440 3031 4492 si
3066 4452 3243 4505 neque
3276 4450 3469 4490 secun-

247 4528 470 4597 τρόπον,
507 4526 637 4578 αὐτὸ
677 4526 739 4577 ἂν
782 4527 864 4596 εἴη
899 4528 1052 4579 οὐσία
1079 4529 1367 4598 ἀγέννητος
1391 4546 1403 4559 ·
1437 4528 1606 4591 οὕτως
1650 4530 1800 4598 ἡμεῖς

1912 4531 2035 4584 dum
2077 4532 2503 4601 intelligentiam,
2536 4547 2711 4600 neque
2763 4530 3056 4583 secundum
3088 4528 3466 4597 privationem,

250 4616 702 4687 ἀντιστρέψαντες
762 4616 1030 4686 εἴπωμεν,
1084 4619 1165 4669 ὅτι
1212 4618 1419 4669 Οὐκοῦν
1462 4619 1644 4689 ἐπειδὴ
1688 4621 1812 4671 κατ’

252 4709 491 4760 ἐπίνοιαν
531 4706 829 4779 θεωρεῖται,
879 4709 970 4760 καὶ
1022 4709 1335 4779 στερητικόν
1378 4712 1493 4761 ἐστι
1525 4710 1585 4761 τὸ
1616 4711 1809 4779 ὄνομα,

251 4800 373 4869 οὐχὶ
427 4800 582 4853 οὐσία
630 4798 721 4851 τοῦ
747 4797 879 4852 Θεοῦ
922 4800 980 4851 τὸ
1025 4801 1335 4871 ἀγέννητον.
1376 4801 1517 4861 Ἕως
1562 4800 1668 4869 γὰο
1714 4802 1811 4855 οὐκ

332 4956 375 4987 ⁸⁵
398 4952 555 5009 Prov.
591 4971 737 5019 xxvr,
764 4955 825 5009 4.

258 5136 406 5187 tione
438 5134 607 5188 Paris.
646 5134 823 5188 Codex
870 5133 1022 5188 Colb.
1053 5142 1107 5187 et
1136 5135 1479 5203 aliiquinque
1510 5136 1655 5204 Regii
1694 5153 1795 5190 κα-

254 5204 540 5273 ταφεύγει,
574 5206 633 5256 τὸ
661 5208 738 5267 εἰς
769 5205 934 5273 αὐτὴν
959 5206 1054 5275 τὴν
1082 5206 1267 5257 οὐσίαν
1284 5205 1520 5259 τίθεσθαι
1544 5207 1601 5259 τὸ
1636 5208 1793 5274 ἀγέν-

255 5292 435 5346 νητον.
467 5274 810 5346 διιρριεηήτοι
844 5274 951 5333 ἐπί,
988 5274 1041 5327 ut
1078 5278 1217 5343 legas
1250 5276 1365 5346 ἢτοι
1394 5278 1484 5327 ἐπὶ
1509 5278 1567 5327 τὸ
1598 5280 1673 5339 είς
1703 5279 1797 5330 αὑ-

256 5342 356 5429 την
376 5347 496 5429 τήνἶ
518 5358 624 5398 etc.
654 5342 909 5429 Videlicet
944 5361 1007 5398 eo
1031 5342 1433 5429 C'Oill'l‘lgilz-T‘atll
1455 5348 1602 5429 illud,
1637 5347 1695 5398 τὸ
1719 5349 1797 5427 εἰς

256 5414 448 5483 αὐτήν,
486 5417 708 5485 inverte,
744 5427 799 5466 ut
828 5416 987 5482 legas,
1020 5416 1097 5476 εἰς
1126 5414 1185 5467 τὸ
1213 5414 1377 5485 αὐτὴν
1408 5418 1529 5485 τήν,
1562 5428 1687 5477 ειε.,
1725 5419 1797 5467 ita

257 5495 314 5536 ω
336 5486 616 5537 arbitretur
642 5484 793 5544 illud,
829 5486 1130 5551 ingenitum,
1180 5484 1344 5550 ipsam
1375 5484 1491 5537 esse
1544 5488 1795 5539 substan-

261 5557 414 5607 tiam.
450 5555 657 5608 Etenim
699 5556 974 5621 principiis
1022 5556 1131 5607 suis
1186 5556 1436 5607 insistens
1487 5554 1797 5620 Eunomius,

260 5638 383 5677 mox
415 5627 490 5678 ait
529 5624 677 5685 illud,
710 5626 986 5692 ingenitus,
1022 5627 1188 5689 ipsam
1213 5639 1331 5676 esse
1356 5628 1734 5679 substantiam.

328 5694 439 5765 (75)
472 5695 599 5765 Reg.
628 5706 847 5763 quartus
876 5695 1195 5757 ἀποσπάσας
1228 5695 1311 5745 ἐπ’
1343 5695 1527 5765 αὑτήν.

330 5763 443 5831 (74)
470 5764 557 5817 Sic
587 5780 713 5817 inss.
748 5776 874 5816 tres.
910 5766 1150 5817 Abestza
1176 5782 1199 5814 ιι
1236 5763 1481 5831 vulgatis.

327 5834 442 5903 (75)
470 5835 686 5903 Antiqui
714 5834 820 5887 duo
846 5835 963 5889 libri
1001 5835 1073 5903 μὴ
1099 5834 1502 5895 ἀποκρίνεσθαι.

1918 4638 2089 4688 ιιειιιιε
2110 4627 2399 4676 secundum
2427 4623 2586 4675 alium
2616 4623 2778 4675 ullum
2799 4637 2865 4674 ex
2885 4620 3207 4674 enumeratis
3231 4620 3465 4678 modum,

1920 4713 2212 4780 ingenitum
2259 4716 2443 4781 utique
2507 4714 2731 4782 ipsumet
2780 4712 2941 4765 fuerit
2978 4709 3278 4767 Substantia
3324 4709 3473 4778 inge-

1923 4803 2034 4857 nita
2064 4825 2075 4859 :
2104 4819 2198 4859 nos
2232 4815 2606 4875 retorqueutes
2629 4805 2704 4858 sic
2732 4803 2999 4858 dicamus:
3021 4802 3185 4872 igitur
3216 4800 3469 4870 quoniam

1971 5137 2084 5208 (76)
2117 5136 2315 5208 llornm
2353 5134 2837 5208 verborum,”Tob;
2866 5132 2998 5208 γᾴρ,
3048 5141 3181 5208 etc._,
3213 5130 3345 5208 llaec
3392 5141 3472 5185 est

1901 5201 2166 5261 sententia
2208 5225 2220 5259 :
2268 5207 2581 5258 divisionem
2645 5206 2808 5267 illam,
2850 5201 2985 5273 μήτε
3048 5202 3163 5254 κατ’
3209 5201 3469 5264 ἐπίνοιαν,

1904 5280 2037 5348 μήτε
2062 5280 2200 5331 κατά
2249 5277 2521 5347 στέρησιν,
2570 5276 2705 5343 μήτε
2740 5276 2796 5348 ἐν
2830 5274 3011 5343 μέρει,
3043 5273 3336 5325 Eunomtus
3374 5275 3471 5324 tin-

1904 5346 2001 5412 χιι,
2038 5362 2262 5414 eamque
2298 5346 2500 5410 primus
2536 5346 2826 5411 evolgavit.

1973 5419 2081 5489 (77)
2111 5411 2219 5481 Illa,
2239 5414 2442 5469 Οὐκοῦν
2472 5416 2538 5489 εἰ,
2561 5416 2628 5466 ita
2653 5416 2899 5489 intellige
2930 5430 2941 5463 :
2983 5411 3038 5465 Si
3076 5425 3248 5477 neque
3270 5424 3468 5463 secun-

1903 5485 2025 5544 dum
2075 5500 2311 5539 nostram
2360 5485 2682 5553 intelligendi
2730 5485 3014 5546 rationein,
3065 5494 3235 5548 neque
3282 5494 3474 5533 secun-

1912 5563 2036 5613 dum
2071 5557 2444 5625 privationem,
2481 5570 2653 5621 neque
2686 5556 2975 5607 secundum
3005 5553 3137 5625 alios
3173 5564 3307 5625 quos
3340 5563 3474 5625 euu-

1915 5620 2237 5682 meravimus
2295 5620 2621 5693 intelligendi
2680 5626 2861 5676 modos
2923 5620 3311 5693 ingenitumdc
3368 5620 3475 5693 Deo

1914 5700 2141 5757 dicitur;
2189 5712 2410 5749 necesse
2454 5689 2535 5747 e'st
2563 5704 2618 5746 ut
2649 5696 2937 5761 ingenitum
2970 5689 3081 5762 ipsa
3130 5690 3200 5745 sit
3236 5689 3478 5757 ingenita

1913 5770 2149 5823 essentia
2178 5765 2604 5833 substantiaque.
