4026 6434
529 395 632 441 5-39

1843 374 1900 424 ὃ.
1942 371 2023 422 ΒΑ
2035 369 2184 423 SlLll
2223 366 2433 422 MAGNI

3665 355 3780 409 M0

530 503 740 554 ratione
774 499 1172 563 consideratur,
1209 506 1263 552 et
1286 495 1609 568 privativum
1641 509 1832 548 nomen
1853 503 1956 558 est,
1993 508 2095 546 non

2214 491 2412 560 ἐλέγχει
2462 488 2529 541 τὰ
2582 486 2862 558 εἰρημένα,
2913 483 3032 536 οὐδὲ
3069 485 3184 545 ταῖς
3213 481 3537 552 προτάσεσιν
3571 473 3779 529 ἑαυτοῦ

529 601 609 646 est
661 592 966 645 substantia
1014 593 1107 646 Dei
1169 591 1491 658 ingenitum.
1528 585 1774 652 Quandiu
1806 585 1948 640 enim
1984 599 2103 652 qua:

531 684 837 738 nobisdicta
867 693 990 737 sunt
1012 699 1116 737 non
1148 681 1364 745 refutat,
1390 695 1488 733 nec
1513 679 1624 732 suis
1653 678 2102 747 propositiooibns

529 779 697 834 robur
715 777 884 841 addit,
917 777 968 830 id
1006 778 1146 846 quod
1173 775 1396 843 colligit,
1438 773 1634 827 nullum
1660 773 1832 826 locum
1867 773 2100 825 habebit.

606 868 686 922 12.
749 869 805 922 1η
852 884 1103 934 summa,
1159 868 1299 937 quod
1365 874 1515 934 putat
1553 880 1608 918 se
1645 865 1758 928 Dei,
1810 864 1899 931 qui
1941 877 2104 931 super

531 981 713 1035 omnia
756 989 860 1047 est,
905 981 1263 1035 substantiam
1317 980 1488 1048 ipsam
1547 977 1910 1041 adinvenisse,
1940 991 2104 1044 quan-

535 1081 601 1125 tm
632 1071 894 1136 superbia:
916 1083 999 1124 est
1018 1082 1179 1141 atque
1201 1069 1486 1124 elationis!
1517 1067 1653 1122 Fere
1683 1069 1822 1121 enim
1844 1066 2103 1136 jactantia

533 1172 793 1232 Superant
821 1163 904 1215 vel
942 1163 1092 1216 illum
1154 1164 1352 1231 ipsum,
1404 1163 1494 1229 qui
1545 1161 1722 1215 dixit:
1759 1159 1929 1228 Super
1959 1170 2102 1212 astra

531 1269 719 1320 ponam
742 1254 914 1306 sedem
941 1270 1107 1304 meum
1131 1253 1174 1282 ⁷ο
1203 1270 1216 1305 :
1246 1253 1333 1320 qui
1369 1252 1576 1306 scilicet
1605 1265 1708 1304 non
1745 1259 1929 1303 contra
1963 1248 2095 1302 stel-

533 1341 613 1397 las
633 1344 936 1398 autcmlum
957 1345 1259 1414 insuugant,
1288 1345 1380 1398 sed
1407 1346 1576 1411 ipsam
1610 1341 1698 1396 Dei
1727 1342 2100 1394 universorum

536 1434 893 1488 substantiam
946 1437 1238 1503 pervadere
1272 1451 1328 1490 se
1362 1435 1683 1503 glorientur.
1719 1434 2106 1488 Percontemur

535 1534 715 1579 autem
747 1541 890 1590 eum,
914 1528 1179 1580 undenam
1215 1526 1690 1594 comprehendisse
1715 1540 1774 1579 se
1800 1540 1915 1579 eam
1941 1525 2103 1578 dicat.

536 1617 616 1670 Ex
640 1619 987 1671 communine
1011 1618 1224 1671 notione
1242 1618 1264 1670 ?
1285 1619 1350 1670 At
1367 1618 1477 1670 haec
1503 1616 1666 1669 Deum
1686 1630 1828 1679 esse,
1853 1631 1957 1668 non
1980 1613 2104 1681 quid

537 1708 629 1769 sit,
654 1723 750 1761 nos
781 1708 1051 1760 admonet.
1095 1707 1175 1760 An
1234 1722 1297 1761 ex
1341 1707 1588 1761 doctrina
1628 1705 1894 1773 Spiritus?
1927 1704 2102 1769 Quali,

537 1804 629 1849 aut
667 1797 754 1851 ubi
803 1797 1035 1850 tradita?
1071 1797 1257 1851 Nonne
1284 1812 1506 1864 magnus
1549 1796 1636 1850 ille
1689 1797 1856 1850 David
1895 1797 1979 1850 cui
2017 1811 2107 1849 oc-

539 1888 687 1941 Cnlta
712 1888 1131 1958 absconditaque
1169 1904 1278 1942 sua:
1307 1889 1583 1956 sapientia:
1618 1889 1757 1942 Deus
1784 1887 2103 1941 manifesta--

535 1982 633 2043 vit,
667 1980 842 2048 palam
893 1982 1183 2034 conﬁtetur
1214 1981 1542 2035 inaccessam
1577 1995 1694 2034 esse
1725 1980 1816 2034 Dei
1842 1980 2106 2046 cognitio-

537 2083 684 2133 nem,
724 2085 843 2121 cum
875 2069 1006 2123 dicit
1041 2086 1056 2123 :
1091 2069 1345 2124 Mirabilis
1387 2071 1530 2138 facta
1569 2081 1642 2124 est
1670 2071 1885 2124 scientia
1909 2081 1998 2123 tua
2043 2087 2107 2124 ea:

537 2177 638 2222 me,
677 2161 970 2228 confortata
1020 2172 1134 2226 est;
1192 2179 1315 2214 num
1348 2172 1529 2229 potero
1561 2164 1629 2215 ad
1675 2162 1895 2215 eam"?
1938 2161 2107 2216 Isaias

537 2259 718 2302 autem
755 2251 878 2302 dum
913 2250 1248 2318 majestatem
1287 2252 1379 2306 Dei
1424 2252 1816 2320 specularetur,
1844 2251 1971 2319 quid
2008 2267 2105 2304 no-

537 2342 621 2395 bis
649 2343 713 2396 de
744 2343 922 2396 divina
977 2344 1273 2398 substantia
1303 2343 1593 2398 declaravit
1628 2342 1650 2395 ?
1703 2343 1788 2410 qui
1827 2343 2105 2412 proferens

539 2435 605 2488 de
637 2434 856 2488 Christo
891 2437 1225 2498 vaticinium,
1257 2445 1486 2489 testatur
1515 2437 1596 2489 his
1621 2436 1801 2488 verbis
1836 2452 1850 2487 :
1877 2433 2106 2488 Genera-

541 2526 738 2578 tionem
777 2525 888 2592 ejus
922 2525 1036 2593 quis
1065 2526 1328 2577 enarrabit
1346 2524 1429 2576 "?
1456 2525 1592 2588 Quid
1619 2538 1746 2576 vero
1773 2539 1865 2577 vas
1888 2524 2108 2579 electioo

543 2618 631 2670 uis
661 2617 879 2679 Paulus,
915 2617 1005 2685 qui
1045 2617 1348 2686 loquentem
1385 2615 1436 2668 in
1475 2630 1533 2669 se
1560 2613 2105 2676 habebatChristum,

539 2711 632 2778 qui
667 2711 733 2762 ad
766 2709 982 2762 tertium
1013 2724 1183 2778 usque
1228 2709 1421 2762 cadum
1459 2719 1640 2776 raptus
1670 2718 1769 2771 est,
1797 2708 1884 2776 qui
1917 2723 2105 2761 arcana

540 2800 745 2852 audivit
795 2799 974 2861 verba,
1002 2815 1120 2868 qua:
1179 2814 1282 2852 non
1339 2799 1462 2853 licet
1493 2799 1692 2852 homini
1721 2800 1861 2867 loqui
1893 2818 1906 2864 ;
1942 2815 2106 2868 quam

541 2890 697 2943 nobis
723 2890 786 2943 de
821 2889 1118 2943 substantia
1150 2888 1243 2943 Dei
1293 2889 1594 2943 doctrinam
1636 2889 1888 2957 reliquit?
1923 2889 2020 2943 Hic
2042 2889 2106 2942 ad

542 2981 898 3050 particulares
952 2981 1302 3050 providentiae
1343 2982 1576 3033 rationes
1606 2996 1727 3033 cum
1765 2983 2107 3048 respexisset,

546 3073 692 3126 velut
722 3073 984 3140 vertigine
1019 3073 1274 3127 laborans
1293 3082 1514 3142 propter
1549 3071 1960 3139 insuperabilem
1991 3087 2112 3123 con-

551 3165 842 3234 templandi
881 3165 1274 3228 dimcultatem,
1301 3166 1452 3234 quasi
1482 3164 1721 3217 clamans
1761 3177 1943 3217 vocem
1967 3162 2108 3215 illam

546 3258 726 3311 emisit
757 3275 768 3310 :
813 3256 857 3312 0
890 3257 1120 3311 altitudo
1159 3259 1458 3310 divitiarum
1497 3268 1542 3310 et
1573 3257 1842 3324 sapientia:
1864 3265 1910 3308 et
1934 3255 2112 3324 rogni-
2145 3255 2156 3314 ζ

546 3348 703 3400 tionis
738 3346 875 3399 Dei:
908 3363 1065 3416 quam
1103 3348 1466 3399 inscrutabilia
1507 3358 1624 3398 sunt
1651 3347 1862 3414 judicia
1903 3346 2035 3412 ejus,
2064 3355 2111 3398 et

546 3438 1042 3507 impcrcestigabiles
1069 3439 1165 3491 via!
1204 3438 1316 3505 ejus
1341 3437 1421 3488 "l
1470 3436 1621 3501 Quod
1669 3438 1713 3489 si
1750 3437 1864 3489 haec
1898 3436 1972 3488 illi
2017 3438 2113 3505 ipsi

547 3530 640 3598 qui
692 3529 757 3582 ad
805 3544 1110 3583 mensuram
1165 3527 1484 3596 cognitionis
1532 3527 1679 3580 Pauli
1733 3537 2116 3594 pervenerunt,

549 3622 767 3688 assequi
803 3635 909 3674 non
961 3627 1216 3688 possunt;
1268 3629 1465 3687 quanta
1510 3628 1592 3673 est
1629 3617 1876 3686 superbia
1907 3631 2116 3680 eorum,

547 3712 643 3780 qui
674 3727 732 3765 se
765 3712 1120 3766 substantiam
1147 3708 1306 3778 225
1345 3710 1434 3762 Dei
1465 3710 1782 3778 profitentur
1824 3722 2118 3778 cognosce-

551 3803 648 3856 re?
686 3802 829 3867 Quos
861 3802 1102 3868 profecto
1150 3802 1323 3856 libens
1363 3801 1829 3872 interrogaverim,
1863 3801 2114 3871 quidnam

552 3893 618 3946 de
652 3901 794 3945 terra
837 3893 889 3943 in
923 3907 1028 3958 qua
1060 3902 1485 3956 commorantur,
1516 3903 1569 3945 et
1591 3909 1653 3947 ex
1685 3908 1790 3961 qua
1831 3893 1942 3946 nati
1971 3901 2116 3956 sunt,

550 3985 755 4046 dicant,
786 3997 948 4051 quam
985 3981 1100 4048 ejus
1140 3983 1293 4036 nobis
1321 3994 1591 4049 exponant
1625 3983 1977 4038 substantiam
2015 4001 2028 4036 :
2059 3993 2118 4036 ut

551 4081 595 4137 si
621 4080 687 4134 de
714 4081 777 4134 iis
806 4096 924 4149 quae
951 4079 1096 4134 humi
1131 4089 1258 4134 sunt
1283 4095 1347 4134 ac
1381 4082 1604 4149 pedibus
1646 4083 1946 4150 subiacent,
1971 4095 2119 4139 certo

551 4172 1024 4239 indubitanterque
1057 4171 1343 4241 disserant,
1376 4181 1502 4227 tunc
1530 4173 1610 4228 eis
1647 4189 1880 4243 quoque,
1911 4190 2028 4229 cum
2057 4179 2119 4230 de

553 4261 715 4314 rebus
750 4261 1076 4315 intellectum
1111 4277 1323 4316 omnem
1362 4266 1742 4332 superantibus
1791 4269 2114 4322 sententiam

551 4350 855 4421 proferunt,
904 4353 1059 4406 tidem
1094 4353 1410 4408 habeamus.
1443 4355 1573 4421 Qua:
1612 4359 1771 4426 igitur
1818 4359 2114 4413 substantia

553 4452 637 4495 est
668 4443 861 4495 terrae?
903 4445 1024 4511 quis
1075 4445 1573 4512 comprehensionis
1614 4450 1836 4502 modus?
1876 4451 2117 4517 llespon-

2200 584 2298 655 τὴν
2328 582 2476 652 ίσχῖιν
2509 580 2846 644 ἀποδίδωσιν,
2887 575 3137 646 οὐδεμίαν
3159 573 3305 643 αὐτῷ
3352 571 3534 642 χώραν
3554 567 3666 634 ἕξει
3706 566 3781 620 τὸ

2203 678 2584 747 συναγόμενον.

2273 856 2357 909 12.
2384 855 2558 916 ὐλως
2582 853 2636 904 δὲ
2658 894 2671 916 ,
2694 852 2753 904 τὸ
2791 849 2996 903 οἴεσθαι
3021 845 3113 900 τοῦ
3149 846 3239 898 ἐπὶ
3268 844 3481 898 πάντων
3505 842 3641 897 Θεοῦ
3671 843 3775 895 αὐ-

2203 949 2297 1019 τὴν
2349 948 2446 1018 τὴν
2493 947 2680 1000 οὐσίαν
2731 943 3114 1014 ἐξευρηκέναι,
3175 941 3348 1009 πόσης
3390 937 3773 1008 ὑπερηφανίας

2205 1041 2315 1092 ἐστὶ
2354 1042 2446 1093 καὶ
2476 1043 2788 1108 φυσιώσεως
2814 1039 2825 1089 !
2869 1036 3059 1106 Σχεδὸν
3083 1035 3188 1105 γὰρ
3219 1034 3311 1086 καὶ
3339 1032 3496 1085 αὐτὸν
3523 1030 3739 1100 ἀποκρύ
3757 1061 3771 1068 -

2205 1151 2394 1186 πτουσι
2439 1137 2500 1204 τῇ
2545 1131 2916 1203 μεγαληγορίᾳ
2947 1131 3036 1184 τὸν
3077 1131 3330 1182 εἰπόνταο
3385 1125 3614 1179 Ἐπάνω
3655 1123 3776 1176 τῶν

2204 1225 2439 1292 ἄστρων
2477 1225 2727 1294 θήσομαι
2752 1224 2856 1276 τὸν
2881 1223 3094 1290 θρόνον
3108 1239 3225 1290 μου
3246 1240 3258 1251 ·
3290 1221 3344 1272 οἵ
3380 1236 3441 1286 γε
3470 1219 3529 1270 οὐ
3537 1217 3588 1288 li.
3616 1216 3776 1268 ἀστέ-

2207 1336 2334 1389 ρων,
2386 1319 2418 1387 ἦ
2466 1317 2692 1388 οὐρανοῦ
2751 1315 3180 1385 κατατολμῶσιν,
3236 1313 3349 1366 ἀλλ’
3392 1312 3559 1381 αὐτὴν
3595 1309 3774 1379 ἐμϐα-

2203 1410 2378 1462 τεύειν
2419 1409 2512 1461 τοῦ
2563 1408 2695 1461 Θεοῦ
2750 1409 2854 1462 τῶν
2907 1409 3042 1462 ὅλων
3067 1407 3164 1478 τὴν
3195 1407 3379 1458 οὐσίαν
3431 1402 3774 1466 ἀλαζονεύον·

2205 1519 2311 1556 ται.
2375 1500 2743 1570 Ἐξετάσωμεν
2796 1503 2902 1571 γὰρ
2957 1500 3136 1560 αὐτὸν,
3224 1498 3384 1550 πόθεν
3455 1496 3620 1565 αὐτῆς
3673 1512 3778 1565 φη-

2207 1612 2289 1648 σιν
2342 1596 2399 1647 ἐν
2464 1593 2710 1663 περινοίᾳ
2764 1592 3110 1662 γεγενῆσθαι.
3159 1587 3285 1661 Ἆρ’
3327 1591 3389 1642 ὲκ
3437 1589 3535 1658 τῆς
3587 1588 3779 1656 κοινῆς

2207 1685 2414 1748 ἐννοίας
2440 1685 2548 1754 (78)
2573 1700 2586 1747 ;
2636 1682 2773 1734 Ἀλλ’
2803 1682 2938 1753 αὐτη
2979 1684 3038 1736 τὸ
3066 1679 3205 1736 εἶναι
3239 1682 3327 1734 τὸν
3366 1680 3515 1743 Θεὸν,
3547 1680 3606 1731 οὐ
3634 1679 3693 1730 τὸ
3722 1677 3778 1729 τί

2209 1774 2343 1830 εἶναι
2395 1780 2524 1847 ἡμῖν
2570 1774 2878 1828 ὑποϐάλλει.
2945 1775 3079 1827 Ἀλλ’
3146 1778 3209 1828 ἐκ
3270 1774 3371 1844 τῆς
3431 1771 3780 1834 διδασκαλίας

2209 1869 2300 1922 τοῦ
2344 1869 2686 1939 Πνεύματοςς
2722 1869 2918 1930 Ποίας;
2947 1867 2978 1936 ἥ
3008 1867 3105 1936 τῆς
3139 1867 3239 1919 ποῦ
3271 1867 3523 1936 κειμένης
3553 1882 3564 1929 ;
3602 1866 3715 1934 Οὐχ
3750 1865 3780 1916 6

2216 1961 2312 2031 μὲν
2365 1961 2534 2030 μέγας
2564 1960 2745 2020 Δασιδ,
2889 1959 2957 2010 τὰ
2997 1956 3162 2026 ἄδηλα
3205 1959 3296 2010 καὶ
3326 1959 3392 2010 τὰ
3432 1956 3635 2027 κρύφια
3680 1955 3781 2023 τῆς

2212 2049 2404 2104 ἑαυτοῦ
2452 2051 2640 2118 σοφίας
2681 2050 2945 2121 ἐδήλωσεν
2979 2049 3006 2100 6
3043 2047 3193 2109 Θεὸς,
3247 2049 3492 2119 φανερῶς
3528 2046 3782 2117 ὁμολογεῖ

2214 2142 2327 2213 (79)
2370 2142 2467 2212 τῆς
2511 2145 2760 2210 γνώσεως
2795 2142 2858 2195 τὸ
2887 2142 3199 2213 ἀπρόσιτον,
3235 2140 3434 2207 λέγων’
3491 2143 3779 2211 Ἑθαυμα-

2211 2234 2407 2301 στώθη
2440 2235 2490 2301 ,ἡ
2520 2233 2741 2302 γνῶσίς
2773 2234 2881 2304 (80)
2923 2251 3038 2286 σου
3080 2231 3147 2296 ἐξ
3175 2231 3339 2299 ἐμοῦ,
3375 2233 3736 2300 ἐκραταιώθη
3762 2248 3777 2261 ⁸

2211 2327 2282 2378 οὐ
2301 2324 2387 2393 μὴ
2422 2324 2683 2393 δύνωμαι
2707 2325 2852 2393 πρὸς
2877 2323 3107 2390 αὺτήν;
3151 2322 3372 2384 Ἡσαΐας
3401 2321 3474 2385 δὲ,
3498 2324 3525 2373 6
3556 2325 3612 2374 ὲν
3642 2323 3781 2374 θεω-

2215 2419 2305 2489 ρίᾳ
2327 2418 2426 2487 τῆς
2451 2418 2604 2486 δόξης
2638 2417 2730 2470 τοῦ
2753 2417 2886 2469 Θεοῦ
2916 2419 3224 2488 γενόμενος,
3267 2416 3319 2467 τί
3355 2416 3480 2485 περὶ
3511 2415 3608 2483 τῆς
3632 2415 3784 2477 Θείας

2213 2511 2392 2574 οὐσίας
2425 2511 2691 2580 ἐδήλωσεν
2745 2513 2910 2581 ήμῖνς
2965 2512 3022 2574 ὃς
3071 2528 3132 2577 γε
3190 2512 3246 2562 ὲν
3273 2513 3337 2580 τῇ
3369 2511 3494 2580 περὶ
3542 2508 3782 2578 Χριστοῦ

2215 2602 2516 2670 προφητείᾳ
2558 2601 2980 2672 διαμαρτύρεται
3029 2602 3231 2668 λέγων·
3278 2600 3394 2666 Τὴν
3431 2599 3646 2669 γενεὰν
3672 2601 3782 2651 αὐ-

2213 2691 2318 2744 τοῦ
2365 2692 2456 2756 τίς
2482 2691 2866 2759 διηγήσεται;
2900 2693 2963 2744 Τί
3004 2693 3058 2744 δὲ
3087 2695 3146 2744 τὸ
3186 2693 3374 2755 σκεῦος
3406 2693 3503 2762 τῆς
3554 2691 3784 2760 ἐκλογῆς

2216 2785 2441 2848 Παῦλος,
2479 2787 2506 2836 6
2535 2785 2796 2837 λαλοῦντα
2829 2785 2963 2854 ἔχων
3009 2788 3065 2837 ἐν
3106 2787 3283 2853 ἑαυτῷ
3328 2787 3416 2837 τὸν
3467 2788 3719 2856 Χριστὸν.
3755 2787 3784 2838 6

2214 2878 2316 2940 ἓως
2349 2877 2532 2948 τρίτου
2563 2877 2832 2948 ἀρπαγεὶς
2858 2875 3107 2946 οὐρανοῦ,
3138 2879 3165 2928 6
3202 2876 3270 2928 τὰ
3303 2877 3514 2946 ἄρρητα
3543 2876 3784 2939 ἀκούσας

2217 2972 2454 3042 ῥήματα,
2501 2969 2535 3023 ἀ
2566 2971 2665 3023 οὐκ
2722 2970 2838 3035 ἐξὸν
2886 2969 3156 3041 ἀνθρώπῳ
3209 2968 3455 3038 λαλῆσαι,
3501 2971 3620 3022 τίνα
3652 2973 3785 3040 ἡμῖν

2217 3063 2343 3133 περὶ
2377 3063 2561 3126 οὐσίας
2593 3064 2724 3116 Θεοῦ
2750 3064 3093 3116 διδασκαλίαν
3127 3064 3365 3134 ἀφῆκεν;
3402 3065 3458 3128 ὃς
3495 3081 3556 3131 γε
3589 3065 3676 3116 ὅτε
3701 3068 3784 3128 εἰς

2216 3155 2341 3216 τοὺς
2394 3156 2647 3224 μερικούς
2681 3155 2779 3223 τῆς
2808 3155 3115 3224 οἰκονομίας
3158 3157 3378 3225 διέκυψε
3409 3155 3616 3225 λόγους,
3671 3152 3786 3208 οἷον

2219 3251 2519 3320 ἰλιγγιάσας
2560 3251 2691 3322 πρὸς
2723 3251 2781 3302 τὸ
2813 3252 2908 3322 τῆς
2937 3251 3166 3320 θεωρίας
3211 3251 3590 3316 ἀδιεξόδευτον,
3641 3251 3787 3301 ἐκεί-

2216 3359 2312 3413 νην
2356 3343 2608 3414 ὲξεὸόησε
2660 3344 2758 3414 τὴν
2811 3346 3024 3416 φωνήνο
3062 3341 3128 3396 ’Ὤ
3170 3343 3348 3416 βάθος
3383 3345 3646 3396 πλούτου
3682 3339 3784 3395 καὶ

2216 3437 2434 3503 σοφίας
2472 3437 2568 3488 καὶ
2606 3435 2878 3503 γνώσεως
2907 3437 3051 3489 Θεοῦ
3078 3453 3091 3465 ·
3127 3437 3207 3499 ὡς
3242 3435 3674 3501 ἀνεξερεύνητα
3712 3435 3787 3488 τὰ

2217 3527 2467 3592 κρίματα
2496 3528 2701 3590 αὐτοῦ,
2725 3528 2823 3580 καὶ
2848 3527 3291 3595 ἀνεξιχνίαστοι
3318 3531 3375 3578 αἱ
3404 3527 3528 3579 ὁδοὶ
3557 3528 3744 3579 αὐτοῦ
3766 3530 3786 3579 ,⁷

2218 3615 2280 3667 El
2306 3615 2360 3665 δὲ
2387 3617 2554 3668 ταῦτα
2588 3621 2696 3680 τοῖς
2728 3621 2804 3679 είς
2837 3616 2896 3668 τὸ
2934 3617 3032 3687 τῆς
3063 3616 3272 3670 Παύλου
3307 3617 3557 3685 γνώσεως
3588 3618 3786 3688 μέτρον

2219 3705 2509 3775 ἐφθακόσιν
2539 3708 2820 3775 ἀνέφικτα,
2869 3709 3029 3773 πόσος
3060 3712 3087 3763 6
3116 3709 3283 3780 τῦφος
3316 3712 3422 3763 τῶν
3457 3712 3788 3780 ἐπαγγελλο-

2221 3801 2396 3872 μένων
2429 3799 2623 3852 είδὲναι
2661 3800 2754 3852 τοῦ
2783 3800 2916 3854 Θεοῦ
2961 3803 3059 3873 τὴν
3091 3803 3310 3868 οὐσίανς
3361 3804 3467 3866 Οὓς
3496 3805 3665 3870 ἡδέως
3719 3805 3786 3858 ἂν

2219 3893 2556 3962 ἐρωτήσαιμι
2601 3892 2731 3961 περὶ
2762 3891 2859 3962 τῆς
2892 3893 2992 3962 γῆς
3019 3893 3102 3959 ἐφ’
3128 3888 3194 3963 ἦς
3229 3897 3434 3957 ἑστᾶσι,
3473 3897 3566 3947 καὶ
3599 3897 3692 3964 ἀφ’
3720 3891 3789 3967 ἦς

2218 3986 2491 4052 γεγόνασι,
2528 3985 2581 4036 τί
2634 4003 2761 4038 ποτε
2803 3988 3052 4056 λέγουσι;
3105 3988 3224 4039 τίνα
3264 3988 3556 4059 αὐτῆςστὴν
3600 3990 3788 4042 οὐσίαν

2219 4078 2644 4145 ἀπαγγέλλουσιν
2687 4083 2856 4149 ἡμῖν;
2899 4081 3005 4144 ἵνα,
3045 4079 3136 4132 ὲάν
3177 4081 3283 4149 ἄρα
3315 4082 3440 4149 περί
3477 4081 3584 4132 τῶν
3612 4083 3790 4151 χιιιμικλ⁸

2222 4173 2311 4223 καὶ
2338 4172 2440 4222 ὐπὸ
2466 4175 2575 4234 τοῖς
2615 4173 2757 4224 ποσὶ.
2775 4172 3037 4239 κειμένων
3066 4173 3470 4242 ἀναντιρρήτως
3504 4177 3636 4243 ἡμῖν
3659 4174 3790 4226 δια-

2220 4261 2469 4331 λεχθῶσι,
2516 4263 2632 4312 τότε
2675 4262 2855 4323 αὐτοῖς
2888 4261 2976 4312 καὶ
3024 4261 3149 4331 περὶ
3184 4262 3288 4313 τῶν
3324 4261 3577 4312 ἐπέκεινα
3608 4262 3790 4329 πάσης

2222 4353 2428 4416 ἐννοίας
2461 4353 2876 4423 διατεινομένοις
2903 4353 3297 4423 πιστεύσωμεν.
3325 4355 3418 4416 Τίς
3438 4349 3529 4406 οὖν
3561 4353 3660 4422 τῆς
3687 4358 3790 4423 γῆς

2222 4448 2253 4517 ἡ
2289 4446 2477 4511 οὐσία;
2508 4449 2656 4510 ποῖος
2689 4446 2887 4518 τρόπος
2921 4447 3017 4516 τῆς
3045 4445 3422 4516 καταλήψεωςς
3470 4445 3790 4515 ’Λποκρινα-

554 4536 717 4587 deant
745 4534 900 4588 nobis
924 4546 1100 4587 utrum
1130 4550 1247 4589 eam
1276 4537 1410 4590 ratio
1436 4550 1772 4608 assequatur,
1797 4558 1863 4594 an
1893 4543 2110 4596 sensus?

2224 4538 2434 4591 σθωσαν
2471 4541 2620 4608 ἡμῖν,
2669 4541 2895 4610 πότερον
2934 4539 3091 4606 λόγος
3138 4540 3351 4607 ἐφίκετο
3385 4539 3607 4609 ταύτης,
3641 4540 3672 4608 ἢ
3710 4541 3790 4592 αἴ-

553 4625 648 4678 sed
674 4627 716 4678 si
750 4639 967 4679 sensum
1014 4626 1213 4694 dicent,
1243 4642 1349 4695 quo
1371 4644 1529 4684 sensu
1567 4642 1741 4699 potest
1768 4635 2120 4702 comprehen-

554 4716 646 4768 di?
695 4713 927 4768 Visuue?
981 4717 1047 4770 At
1079 4719 1169 4771 hic
1201 4719 1408 4773 colores
1443 4723 1688 4789 percipit.
1726 4724 1808 4780 An
1847 4726 2030 4778 tactu?
2054 4725 2122 4777 At

2219 4629 2440 4701 σΟησις;
2471 4632 2563 4682 καὶ
2606 4635 2652 4684 εἰ
2687 4633 2781 4700 μὲν
2814 4631 2911 4701 τὴν
2938 4631 3188 4700 αίσθησιν
3232 4632 3481 4700 φήσουσι,
3517 4630 3644 4699 ποίᾳ
3683 4630 3788 4682 τῶν

2215 4719 2518 4790 αἰσθήσεών
2541 4723 2655 4777 ἐστι
2686 4721 3003 4791 καταληπτή
3030 4737 3043 4785 ;
3080 4720 3332 4790 Ὀράσει;
3375 4718 3529 4770 Ἀ)λά
3559 4719 3788 4789 χρωμά-

555 4804 643 4859 hic
671 4805 924 4859 duritiem
955 4815 1010 4859 et
1053 4809 1348 4872 mollitiem,
1391 4811 1620 4864 calidum
1653 4823 1706 4866 et
1765 4811 2038 4880 frigidum,
2069 4824 2110 4868 et

2215 4829 2320 4864 των
2368 4812 2512 4863 ἐστὶν
2547 4811 2900 4882 ἀντιληπτικὴ
2931 4811 3087 4880 αῦτη.
3137 4811 3271 4862 Ἀλλ’
3319 4812 3470 4880 dam;
3508 4811 3616 4863 Καὶ
3650 4810 3789 4880 αῦτη

555 4898 659 4951 alia
703 4898 1007 4965 huiusmodi
1058 4901 1314 4954 discernit
1345 4921 1357 4955 :
1384 4919 1609 4970 quorum
1641 4905 1772 4957 nihil
1804 4907 1964 4971 ullus,
2016 4907 2117 4959 nisi

555 4990 607 5043 in
633 5006 898 5044 summam
942 4990 1263 5045 dementiam
1316 4991 1514 5060 lapsus,
1565 4995 1920 5049 substantiam
1969 4998 2120 5050 dixe-

555 5082 646 5134 rit.
698 5080 770 5134 De
802 5093 959 5150 gustu
1007 5094 1154 5143 vero,
1190 5082 1361 5151 deque
1401 5083 1598 5137 olfactu
1645 5086 1776 5153 quid
1810 5088 2000 5140 attinet
2033 5087 2116 5139 di-

555 5171 716 5225 cere?
747 5186 976 5240 quorum
1018 5171 1154 5227 alter
1184 5188 1422 5243 sapores,
1453 5174 1588 5228 alter
1622 5190 1843 5244 vapores
1883 5179 2113 5244 attingit.

2226 4903 2335 4970 (81)
2386 4902 2746 4972 σκληρότητος
2777 4905 2869 4955 καὶ
2921 4903 3275 4971 ἀπαλότητος,
3311 4905 3404 4956 καὶ⁹
3465 4901 3668 4972 θερμοῦ
3699 4905 3792 4954 καὶ

2222 4994 2446 5063 ψυχροῦ,
2486 4995 2578 5046 καὶ
2610 4995 2716 5046 τῶν
2756 4995 3006 5047 τοιούτων
3037 4996 3151 5046 ἐστὶ
3179 4995 3505 5064 διακριτικὴ,
3535 4988 3610 5044 ὧν
3640 4994 3794 5045 οὐδὲν

2221 5088 2284 5140 ἄν
2314 5104 2394 5149 τις
2431 5087 2615 5139 οὐσίαν
2657 5086 2819 5148 εἴποι,
2871 5088 2943 5156 μὴ
2988 5089 3067 5149 εἰς
3097 5086 3320 5155 ἔσχατον
3367 5085 3663 5157 παρανοίας
3692 5087 3796 5136 ὐπ-

2222 5179 2476 5248 ενεχϐείς.
2519 5181 2649 5249 Περὶ
2676 5181 2914 5247 γεύσεως
2939 5179 2992 5231 δὲ
3017 5180 3108 5231 καὶ
3129 5180 3447 5249 ὀσφρήσεως
3478 5179 3529 5229 τί
3561 5178 3664 5248 χρὴ
3701 5178 3795 5230 καὶ

636 5360 682 5391 ⁷ο
716 5357 818 5414 lsa.
847 5377 954 5427 ιιν,
991 5364 1078 5418 15.
1153 5365 1195 5396 ’³
1230 5363 1370 5422 Psal.
1403 5384 1667 5435 cum”,
1699 5368 1754 5422 6.
1831 5371 1874 5402 τ’
1902 5371 2003 5427 lsa.
2043 5384 2110 5424 ιιι

2214 5374 2244 5426 ι.
2320 5373 2364 5402 ⁷³
2389 5372 2543 5426 Rom.
2580 5389 2654 5437 Il,
2687 5371 2754 5426 33

631 5513 743 5592 (78)
779 5514 930 5592 Coll).
957 5513 1103 5592 ᾊρα
1131 5520 1198 5592 ,ἐκ
1215 5523 1311 5589 τῆς
1335 5524 1516 5591 κοινῆς
1539 5525 1758 5586 οὐσίας;
1802 5524 1878 5578 An
1901 5542 1963 5578 ex
1987 5543 2120 5579 com-

560 5587 704 5634 muni
742 5587 1002 5636 euentia.’
1038 5587 1195 5639 Male.

629 5649 739 5730 £79)
770 5651 896 5728 Reg.
930 5657 1119 5707 tertius
1148 5657 1374 5725 ἐδήλωσε
1402 5661 1644 5727 φανερῶς
1674 5664 1700 5712 ὁ
1731 5661 1882 5724 Θεὸς,
1929 5664 2120 5730 ὁμολο-

563 5719 670 5782 γεῖ,
701 5734 802 5769 non
834 5724 903 5769 ita
931 5733 1096 5774 recte.

641 5784 752 5853 (80)
798 5786 941 5840 Libri
977 5801 1183 5842 veteres
1215 5792 1248 5856 ἡ
1274 5791 1491 5854 γνῶσις.
1523 5793 1796 5846 Articulus
1821 5796 1869 5846 in
1904 5799 2116 5851 excusis

2231 5528 2586 5581 desideratur.
2620 5528 2811 5581 Statim
2834 5529 2885 5582 in
2911 5539 3140 5595 quatuor
3167 5543 3297 5581 mss.
3335 5528 3597 5589 reperitur
3631 5525 3799 5578 intrr-

2227 5601 2524 5697 rngagionis
2556 5612 2677 5650 nota
2717 5609 2835 5664 post
2889 5615 3069 5652 vocem
3096 5601 3297 5666 αὐτήν;
3344 5597 3485 5648 Nam
3512 5602 3705 5664 {potero
3731 5599 3798 5647 ad

2227 5681 2338 5714 eam
2366 5682 2376 5715 ἐ

2299 5733 2408 5800 (81)
2447 5731 2583 5782 Ε.ιίιί
2626 5733 2783 5781 Ἀλλὰ
2833 5735 2983 5800 ἀφῇς
3048 5735 3155 5785 Καὶ
3200 5734 3360 5799 αὐτή.
3403 5735 3470 5784 At
3517 5745 3649 5785 mss.
3697 5733 3802 5786 duo

2240 5799 2375 5848 ’Λλλ“
2414 5800 2554 5863 ἁφῇ;
2583 5801 2674 5849 καὶ
2702 5800 2854 5866 αῦτη.
