4026 6440
291 381 393 437 541

1389 382 1754 439 ADVERSUS
1791 382 2154 438 EUNOMIUM
2196 383 2321 440 LIB.
2365 381 2408 440 l.

3433 388 3538 442 5-12

288 496 469 563 λέγειν
495 513 510 560 ;
548 490 674 566 ὧνὴ
710 497 804 567 μὲν
827 497 1036 568 χυμῶν,
1072 500 1104 568 ἡ
1130 499 1186 552 δὲ
1217 499 1378 568 ἑτέρα
1411 499 1518 552 τῶν
1549 502 1736 570 ἀτμῶν
1759 503 1849 571 τὴν

1961 501 2196 555 Auditus
2246 501 2478 569 denique
2535 515 2696 555 sonos
2751 501 2980 572 percipit
3015 510 3070 555 et
3123 517 3307 571 voces,
3340 505 3538 574 quibus

285 587 574 658 ἀντίληψιν
607 589 737 658 ἔχει.
776 590 935 660 Ἀκοὴ
963 591 1018 643 δὲ
1061 592 1247 660 ψόφων
1280 593 1394 644 ἐστὶ
1427 594 1520 644 καὶ
1552 593 1745 660 φωνῶν
1777 595 1860 646 al-

287 677 546 750 σΘητικὴ,
582 680 687 731 τῶν
720 681 973 750 οὐδεμίαν
1000 682 1226 751 ἐχόντων
1254 683 1387 753 πρὸς
1417 683 1512 753 τὴν
1538 685 1642 754 γῆν
1675 687 1861 738 οἰκειό-

283 787 447 841 τητα.
475 772 732 824 Λείπεται
764 768 857 825 οὖν
903 772 980 842 τῷ
1007 773 1147 843 λόγῳ
1174 774 1399 842 φάσκειν
1427 776 1622 839 αὐτοὺς
1644 777 1742 848 τὴν
1771 777 1858 829 οὑ-

287 863 411 914 σίαν
451 863 620 932 αὐτῆς
649 865 957 934 εὑρηκέναι.
995 866 1136 935 Ποίῳ
1191 867 1400 938 τούτῳ;
1442 868 1544 920 ποῦ
1594 870 1690 940 τῆς
1721 871 1858 940 Γρα-

279 955 398 1024 (pi);
424 955 695 1024 κειμένῳς
726 957 828 1009 ὑπὸ
855 958 995 1020 τίνος
1029 959 1136 1010 τῶν
1163 959 1330 1027 ἁγίων
1355 961 1710 1031 παραδοθέντι
1738 979 1751 1026 ;

362 1047 449 1100 13.
491 1048 546 1099 Ὀ
578 1048 675 1118 μέν
706 1065 770 1117 γε
805 1051 930 1120 περὶ
955 1049 1054 1119 τῆς
1092 1052 1320 1116 κτίσεως
1367 1056 1498 1124 ἡμῖν
1537 1055 1857 1124 διαλεχθεὶς,

281 1139 538 1194 τοσοῦτον
579 1144 724 1212 ἡμᾶς
755 1143 1006 1209 ἐδίδαξεν,
1040 1144 1120 1196 ὃτι
1163 1143 1266 1198 Ἐν
1296 1147 1451 1215 ἀρχῆ
1501 1148 1790 1214 ἐποίησεν
1823 1152 1855 1202 ό

285 1236 433 1301 Θεὸς
448 1236 554 1288 τὸν
585 1236 843 1305 οιίιρανὸν
873 1237 970 1289 καὶ
987 1236 1101 1304 τὴν
1121 1237 1256 1306 γῆν·
1280 1241 1318 1306 τ)
1339 1239 1406 1291 δὲ
1424 1240 1498 1308 γῆ
1520 1241 1599 1308 ἦν
1613 1242 1862 1309 ἀόρατος

283 1331 386 1381 καὶ
412 1331 944 1396 ἀκατασκεύιιστος
971 1347 982 1360 ·
1003 1331 1254 1401 ἐξαρκεῖν
1278 1330 1584 1401 ἡγούμενος
1600 1335 1688 1386 τὸν
1713 1337 1862 1405 ποιή-

287 1439 457 1474 σαντα
487 1422 651 1492 αὐτὴν
673 1422 765 1473 καὶ
794 1423 1235 1494 διακοσμήσαντα
1266 1425 1601 1494 διαγγεῖλαι·
1632 1427 1714 1489 τίς
1748 1429 1860 1499 δὲή

281 1514 442 1566 οὐσία
464 1513 665 1582 ταύτης
685 1515 1158 1583 περιεργάζεσθαι,
1185 1518 1258 1579 ὡς
1289 1520 1510 1588 μάταιον
1533 1520 1624 1571 καὶ
1653 1521 1862 1589 ἀνωφε-

283 1605 377 1668 λὲς
409 1609 519 1668 τοῖς
549 1607 802 1660 ἀκούουσι
829 1610 1202 1679 παρῃτήσατο.
1233 1611 1294 1662 Εἰ
1325 1612 1502 1664 τοίνυν
1531 1614 1665 1683 μήτε
1705 1617 1768 1682 τῇ
1798 1615 1860 1666 ὲκ

280 1697 383 1766 τῆς
412 1698 714 1768 αἰσθήσεως
756 1700 1049 1770 μαρτυρίᾳ,
1095 1702 1230 1770 μήτε
1273 1705 1337 1772 τῇ
1377 1705 1438 1754 ἐκ
1469 1702 1560 1754 τοῦ
1593 1703 1749 1772 λόγου
1783 1705 1860 1756 δι-

279 1788 622 1859 δασκαλίᾳ,ἠ
658 1790 858 1858 γνῶσις
892 1792 1060 1861 αὐτῆς
1088 1791 1414 1860 βεϐαιοῦται,
1448 1793 1607 1846 πόθεν
1643 1795 1721 1848 ἔτι
1753 1797 1854 1866 φή-

1964 593 2098 646 ttihil
2133 602 2218 647 est
2253 591 2531 647 aliinitatis
2558 609 2680 648 cum
2711 603 2872 649 terra.
2913 594 3196 664 Reliquum
3230 597 3404 667 igitur
3433 609 3535 663 est,

1964 695 2020 738 ut
2053 700 2304 740 sermone
2353 685 2632 740 invenisse
2681 702 2738 740 se
2765 688 2881 755 ejus
2911 688 3269 742 substantiam
3324 691 3535 743 dicant.

1962 776 2080 841 Quo
2119 777 2383 830 tandem?
2413 788 2467 832 et
2498 794 2606 846 quo
2646 778 2763 833 loco
2805 777 3101 846 Scriptum
3138 780 3313 836 editus
3357 782 3534 836 est?a

1962 885 2070 938 quo
2099 880 2405 925 sanctorum
2433 872 2703 927 traditus?

2033 1051 2122 1105 i5.
2162 1050 2324 1106 Certe
2349 1052 2414 1105 de
2444 1051 2718 1105 creatione
2757 1053 2846 1120 qui
2881 1053 3150 1119 disseruit,
3205 1063 3409 1109 tantum
3436 1057 3529 1111 do-

1961 1145 2073 1199 cuit
2119 1159 2240 1209 nos,
2278 1145 2442 1198 Deum
2495 1145 2548 1197 in
2581 1145 2842 1211 principio
2879 1145 3072 1199 fecisse
3120 1145 3312 1199 caelum
3351 1159 3401 1200 et
3426 1159 3533 1202 ter‘

1964 1251 2102 1300 ram,
2147 1246 2310 1305 atque
2362 1246 2560 1291 terram
2627 1236 2795 1291 fuisse
2838 1237 3160 1291 invisibilem
3211 1247 3264 1292 et
3315 1239 3531 1292 inorna-

1964 1336 2072 1380 tam
2095 1325 2175 1391 7‘;
2226 1327 2359 1380 satis
2408 1325 2508 1380 sibi
2542 1341 2664 1380 esse
2713 1336 2884 1390 ratus,
2925 1329 3165 1396 eumqui
3216 1330 3353 1383 hanc
3405 1329 3531 1384 fecit

1963 1429 2125 1487 atque
2171 1420 2473 1481 exornavit,
2525 1419 2825 1486 praedicare
2883 1438 2894 1473 :
2947 1435 3064 1488 quae
3093 1435 3218 1474 vero
3261 1422 3381 1490 ejus
3405 1423 3531 1476 sub-

1963 1514 2162 1566 stantia
2219 1513 2376 1575 foret,
2435 1521 2688 1580 tanquam
2718 1511 2983 1566 sifuisset
3038 1513 3288 1582 quiddam
3334 1529 3529 1568 vanum

1960 1615 2014 1659 et
2044 1605 2389 1658 audientibus
2432 1606 2641 1667 inutile,
2670 1607 2841 1659 noluit
2869 1605 3140 1659 curiosius
3179 1605 3504 1674 investigare

1961 1700 2144 1769 Itaque
2187 1701 2230 1754 si
2272 1716 2446 1769 neque
2476 1717 2540 1755 ex
2588 1717 2842 1757 sensuum
2897 1703 3225 1768 testimonio,
3262 1718 3434 1772 neque
3462 1718 3528 1756 ex

1959 1793 2224 1846 sermonis
2253 1793 2523 1856 doctrina,
2555 1794 2790 1862 cognitio
2822 1792 2940 1859 ejus
2980 1803 3210 1859 constat,
3253 1797 3394 1848 unde
3420 1796 3528 1864 jam

283 1897 437 1932 σουσι
467 1883 563 1952 τὴν
595 1883 899 1954 κατάληψιν
938 1884 1107 1954 αὐτῆς
1149 1886 1469 1956 ὲσχηκέναι;
1508 1886 1580 1939 Τὸ
1617 1889 1716 1957 μὲν
1747 1889 1849 1958 γὰρ

1955 1885 2137 1939 dicent
2169 1886 2705 1954 comprehensionem
2747 1885 2914 1953 ipsius
2960 1885 3185 1954 adeptos
3215 1887 3371 1940 esse?
3397 1887 3528 1941 Nam

277 1975 401 2025 ὅσον
438 1976 606 2042 αὐτῆς
628 1975 902 2046 αἰσθητὸν,
934 1978 965 2045 ἢ
1013 1978 1212 2048 χρῶμά
1238 1981 1404 2043 ἐστιν,
1440 1980 1470 2049 ἢ
1497 1980 1676 2048 ὄγκος,
1701 1982 1732 2052 ἢ
1761 1982 1855 2051 βά-

280 2083 392 2136 ρος,
425 2067 456 2136 ἢ
494 2067 782 2136 κουφότης,
833 2067 863 2138 ἢ
897 2069 1189 2139 πυκνότης,
1242 2069 1274 2139 ἢ
1310 2073 1596 2144 χαυνότης,
1630 2075 1662 2146 ἢ
1708 2075 1855 2128 ἀντι-

276 2161 465 2221 τυπία,
515 2160 546 2230 ἢ
579 2159 873 2229 ἁπαλότης,
902 2160 933 2231 ἢ
967 2160 1258 2231 ψυχρότης,
1308 2164 1339 2234 ἢ
1379 2165 1666 2237 Θερμότης,
1724 2168 1754 2238 ἢ
1798 2171 1852 2221 αἱ

277 2251 421 2303 κατὰ
453 2250 578 2312 τοὺς
604 2251 810 2320 χυμοὺς
838 2252 1142 2321 ποιότητες,
1184 2252 1216 2322 ἢ
1249 2256 1302 2306 αἱ
1334 2257 1476 2307 κατὰ
1508 2257 1692 2326 σχῆμα
1736 2259 1853 2311 δια-

278 2343 444 2413 φοραί
476 2341 620 2413 (82)-
664 2338 738 2396 ὧν
774 2344 924 2397 οὐδὲν
956 2344 1020 2397 ἂν
1046 2345 1232 2397 ούσίαν
1278 2347 1480 2398 εἴποιεν
1525 2344 1689 2413 οῦτοι,
1733 2349 1852 2400 οὐδὲ

277 2437 325 2487 εἰ
357 2435 532 2488 πάντα
572 2436 767 2507 ῥαδίως
794 2437 1019 2504 λέγοιεν.
1058 2437 1213 2507 Λόγῳ
1247 2437 1303 2489 δὲ
1349 2438 1510 2491 πάλιν
1555 2440 1727 2492 οὐδενὶ
1759 2441 1851 2509 γέ-

275 2543 400 2594 γονε
455 2526 700 2599 θεωρητὴ
745 2527 851 2582 τῶν
906 2529 1084 2597 σοφῶν
1139 2531 1232 2582 καὶ
1276 2532 1559 2602 μακαρίων
1604 2533 1849 2604 ἀνδρῶν’

275 2622 428 2682 ποῖος
451 2616 542 2671 οῦν
572 2620 650 2672 ἐτι
686 2620 884 2692 τρόπος
924 2621 1023 2691 τῆς
1057 2620 1308 2690 γνώσεως
1337 2623 1683 2678 ὑπολείπεται
1707 2626 1850 2697 (85);

287 2713 800 2783 Ἀποκρινάσθωσαν
836 2715 962 2785 ἡμῖν
992 2717 1040 2768 οἱ
1063 2716 1512 2786 περιφρονοῦντες
1549 2719 1646 2788 μὲν
1679 2719 1853 2771 πάντα

273 2805 344 2857 τὰ
373 2807 432 2856 ὲν
479 2807 623 2868 ποσὶ,
665 2805 1035 2870 διαϐαίνοντες
1079 2808 1134 2859 δὲ
1159 2809 1250 2860 τὸν
1276 2809 1522 2879 οὐρανὸν,
1557 2811 1649 2862 καὶ
1674 2811 1852 2871 πάσας

271 2895 374 2959 τὰς
401 2896 802 2968 ὑπερκοσμίους
831 2899 1108 2968 δυνάμεις,
1137 2900 1270 2968 αὐτῇ
1299 2900 1355 2951 δὲ
1388 2903 1452 2970 τῇ
1487 2900 1676 2971 πρώτῃ
1697 2899 1852 2971 οὐσίᾳ

271 2990 362 3043 διὰ
395 2991 489 3042 τοῦ
515 2991 605 3042 νοῦ
644 2993 1057 3061 συναπτόμενοι.
1095 2991 1232 3042 Ἀλλ’
1254 2991 1426 3043 ἔοικεν
1454 2995 1482 3045 ό
1510 2993 1675 3060 τῦφος
1713 2993 1849 3047 πάν-

271 3100 382 3135 των
417 3077 554 3135 εἶναι
600 3083 706 3134 τῶν
737 3086 792 3134 ὲν
836 3081 1141 3154 ἀνθρώποις
1181 3083 1368 3137 παθῶν
1399 3084 1508 3156 (84)
1538 3085 1854 3154 χαλεπώτα-

269 3193 384 3239 τον,
425 3177 518 3229 καὶ
551 3177 717 3239 ὅντως
760 3176 838 3248 τῷ
877 3177 969 3230 τοῦ
1019 3177 1263 3231 διαϐόλου
1310 3178 1537 3250 κρίματι
1590 3179 1851 3252 περιϐἁλιι

270 3267 406 3328 λειν,
446 3262 527 3331 οἷς
566 3267 632 3320 ἂν
660 3268 1028 3338 προσγένηται
1059 3268 1190 3339 (85).
1227 3268 1387 3321 Ὅθεν
1436 3270 1528 3321 κα).
1561 3264 1704 3322 οῦτοι
1733 3269 1852 3321 οὐδὲ

269 3359 374 3429 τῆς
407 3359 529 3430 γῆς,
587 3361 653 3430 ἦν
707 3361 1101 3424 καταπατοῦσι,
1137 3362 1234 3428 τὴν
1287 3361 1467 3430 φύσιν,
1520 3363 1638 3432 ἥτις
1685 3363 1849 3428 ἐστὶν,

271 3451 646 3519 ἐπιστάμενοι,
683 3451 852 3522 αὐτὴν
883 3451 1205 3522 ἐμϐατεύειν
1243 3452 1340 3520 τὴν
1369 3452 1554 3505 οὐσίαν
1589 3452 1682 3504 τοῦ
1716 3451 1850 3504 Θεοῦ

270 3544 379 3596 τῶν
427 3542 563 3596 ὅλων
601 3541 1010 3606 ἀλαζονεύονται
1040 3543 1173 3614 (86).
1209 3544 1319 3595 Καὶ
1368 3546 1480 3605 τοῖς
1533 3543 1629 3612 μὲν
1678 3544 1851 3611 ἁγίοις

269 3635 437 3689 αὑτοῦ
467 3638 495 3688 ὁ
527 3635 679 3696 Θεὸς,
729 3637 806 3707 τῷ
851 3635 1099 3707 Ἀϐραὰμ
1148 3634 1243 3688 καὶ
1297 3633 1372 3704 τῷ
1413 3633 1594 3687 Ἰσαὰκ
1627 3636 1719 3688 καὶ
1774 3635 1851 3704 τῷ

282 3726 498 3790 Ἰακὼϐ,
533 3720 628 3790 ὧν,
654 3727 742 3780 διὰ
771 3728 831 3781 τὸ
860 3730 940 3792 εἰς
978 3729 1156 3781 πᾶσαν
1206 3727 1404 3799 ἀρετὴν
1431 3727 1622 3793 τελεῖν,
1673 3729 1766 3782 καὶ
1790 3727 1851 3780 τὸ

268 3819 404 3882 Θεὸς
459 3817 835 3888 ὀνομάζεσθαι,
872 3820 947 3884 ὥς
998 3838 1050 3872 τι
1110 3819 1390 3891 ἐξαίρετον
1423 3822 1516 3873 καὶ
1547 3821 1754 3892 πρέπον
1783 3823 1847 3892 τῇ

269 3909 464 3962 ἑαυτοῦ
491 3909 889 3979 μεγαλειότητι,
922 3913 1278 3982 προετίμησε,
1305 3911 1476 3978 λέγων
1504 3914 1692 3964 ἑαυτὸν
1718 3912 1849 3965 Θεὸν

283 3998 554 4070 Ἀϐραὰμ.
592 3999 684 4052 καὶ
712 3999 844 4052 Θεὸν
889 4000 1094 4063 Ἰσαὰκ,
1120 4003 1214 4053 καὶ
1234 4001 1366 4053 Θεὸν
1407 4001 1629 4054 Ἰακώϐ·
1669 4001 1847 4054 Τοῦτο

268 4091 383 4160 γάρ
399 4093 516 4160 μού
543 4093 714 4146 ἐστιν
743 4091 854 4164 (87)
887 4092 1071 4161 ὄνομα
1103 4092 1359 4161 αἰώνιον,
1389 4095 1540 4166 φησι,
1571 4093 1668 4147 καὶ
1696 4111 1848 4163 μνη-

262 4185 543 4252 μόσυνον
588 4184 808 4255 γενεῶν
857 4185 1108 4256 γενεαῖς.
1145 4185 1364 4250 Τούτοις
1411 4189 1587 4240 τοίνυν
1639 4187 1755 4241 οὐδὲ
1787 4186 1848 4239 τὸ

268 4277 440 4346 ὄνομα
466 4278 659 4330 ἑαυτοῦ
687 4279 955 4349 ἐδήλωσεν
994 4283 1021 4332 ὁ
1054 4280 1206 4343 Θεὸς,
1234 4281 1374 4350 ἦπου
1417 4297 1480 4348 γε
1513 4280 1610 4350 τὴν
1659 4280 1845 4333 οὐσίαν

266 4369 390 4437 ἥτις
440 4368 589 4420 ἐστὶν
623 4368 994 4436 ἀπεκάλυψεν.
1041 4370 1189 4437 Ἐγὼ
1236 4370 1367 4436 γὰρ,
1405 4369 1558 4438 φησι,
1594 4369 1806 4435 Κύριος
1829 4383 1842 4396 °

265 4459 366 4511 καὶ
411 4458 618 4526 ὤφθην
659 4459 808 4525 πρὸς
855 4459 1104 4526 Ἀϐραὰμ
1152 4459 1284 4528 (88),
1330 4459 1426 4512 καὶ
1491 4459 1706 4519 Ἰσαὰκ,
1748 4455 1844 4508 καὶ

1953 1979 2093 2046 quod
2128 1979 2180 2032 in
2215 1994 2275 2033 ea
2322 1977 2576 2033 sensibile
2615 1986 2719 2041 est,
2755 1987 2847 2030 aut
2878 1977 3028 2031 color
3056 1988 3158 2044 est,
3206 1987 3297 2030 aut
3339 1979 3528 2044 moles,

1953 2079 2045 2122 aut
2076 2071 2337 2138 gravitas,
2373 2080 2464 2123 aut
2492 2070 2706 2132 levitas,
2757 2077 2849 2122 aut
2890 2069 3155 2132 densitas,
3186 2079 3278 2123 attt
3310 2070 3525 2134 raritas,

1953 2173 2045 2216 aut
2077 2164 2320 2226 durities,
2370 2173 2461 2216 aut
2512 2163 2796 2229 mollities,
2833 2172 2925 2214 aut
2964 2163 3253 2231 frigiditas,
3285 2163 3528 2216 autcali-

1952 2255 2113 2319 ditas,
2140 2266 2230 2308 aut
2271 2255 2559 2308 humorum
2597 2255 2909 2322 qualitates,
2943 2263 3036 2307 aut
3087 2256 3268 2322 figurze
3295 2258 3527 2312 diversi-

1955 2356 2033 2399 tas
2063 2365 2075 2400 :
2104 2362 2331 2415 quorum
2367 2347 2416 2401 hi
2455 2348 2584 2400 nihil
2611 2348 2842 2401 dixerint
2878 2347 3262 2411 substantiam,
3311 2349 3525 2402 etiamsi

1950 2437 2132 2490 omnia
2181 2437 2339 2490 facile
2384 2436 2600 2490 soleant
2650 2437 2933 2490 allirmare.
2978 2435 3188 2489 Rursus
3227 2435 3373 2489 nullo
3410 2452 3524 2490 ser-

1953 2545 2110 2585 mone
2137 2531 2461 2600 sapientinm
2499 2531 2734 2584 virorum
2765 2541 2924 2598 atque
2959 2529 3240 2583 beatorum
3275 2540 3525 2599 percepta

1952 2631 2052 2677 est.
2090 2621 2220 2686 Quis
2252 2623 2413 2691 igitur
2438 2622 2550 2689 jam
2582 2630 2825 2689 superest
2876 2621 3064 2674 modus
3095 2622 3526 2689 comprehensio-

1955 2715 2078 2768 nis?
2121 2714 2494 2781 liespondcant
2528 2712 2682 2765 nobis
2715 2712 2803 2778 qui
2846 2721 3036 2765 cuncta
3071 2728 3192 2781 qua
3230 2715 3329 2768 sub
3373 2713 3526 2782 pedi-

1952 2803 2050 2858 bus
2081 2812 2225 2866 sunt,
2255 2803 2559 2872 deSpiciunt
2599 2821 2611 2854 :
2643 2802 2836 2856 ccelum
2869 2817 2995 2857 vero
3028 2813 3082 2857 et
3114 2804 3377 2872 quaslibet
3411 2819 3525 2859 cu:-

1951 2897 2114 2952 lestes
2164 2905 2459 2966 potestates
2504 2896 2909 2960 transcendunt,
2961 2910 3022 2948 ac
3059 2895 3154 2964 ipsi
3190 2897 3372 2963 prima:
3395 2898 3523 2950 sub-

1951 2990 2165 3046 stantia:
2193 3001 2368 3045 mente
2395 2988 2819 3058 conjunguntur.
2852 2986 2956 3041 Sed
2989 2989 3195 3041 videtur
3221 2990 3525 3057 arrogantia

1952 3086 2191 3138 Omnium
2257 3084 2613 3135 humanorum
2662 3081 3322 3148 vitiorumgravissimum
3385 3095 3520 3144 esse,

1954 3186 2008 3230 et
2031 3175 2225 3244 quibus
2266 3176 2422 3237 inest,
2467 3188 2560 3227 eos
2600 3187 2724 3226 vere
2750 3171 2944 3225 diaboli
2973 3173 3199 3226 crimine
3239 3174 3523 3240 implicari.

1960 3270 2108 3324 Unde
2128 3272 2288 3323 etiam
2321 3268 2396 3332 bi,
2434 3281 2501 3321 ne
2531 3276 2811 3321 noscentes
2837 3265 3049 3335 quidem
3080 3265 3253 3333 qualis
3269 3268 3336 3319 sit
3369 3275 3525 3321 terrae

1954 3378 2115 3432 quam
2151 3361 2360 3417 calcant
2392 3373 2604 3424 natura,
2651 3360 2819 3428 ipsam
2854 3360 2945 3412 Dei
2991 3361 3366 3414 universorum
3398 3362 3525 3415 sub-

1954 3456 2209 3510 stantiam
2269 3455 2420 3508 adire
2481 3467 2538 3508 se
2571 3461 2886 3522 arroganter
2935 3463 3204 3509 asserunt.
3262 3453 3328 3506 Et
3385 3453 3538 3512 Deus.

1953 3548 2155 3602 sanctis
2193 3547 2409 3616 quidem
2458 3547 2590 3612 suis,
2639 3546 2914 3600 Abraham
2963 3554 3019 3596 et
3053 3543 3200 3597 Isaac
3239 3554 3292 3599 et
3335 3532 3524 3608 Jacob,

1952 3653 2202 3706 quorum,
2237 3639 2306 3693 ob
2346 3639 2512 3693 totius
2534 3639 2751 3692 virtutis
2778 3635 3191 3705 perfectionem,
3225 3639 3380 3704 quasi
3421 3638 3524 3690 hoc

1954 3729 2146 3784 fuisset
2181 3732 2510 3801 pracipuum
2555 3730 2806 3797 quiddam
2844 3743 2906 3781 ac
2935 3726 3194 3794 majestati
3246 3743 3356 3782 sua:
3391 3743 3520 3782 Con~

1952 3823 2197 3884 veniens,
2234 3824 2374 3877 Deus
2417 3823 2578 3876 etiam
2615 3821 2883 3875 nominari
2932 3821 3120 3887 voluit,
3155 3821 3318 3876 Deum
3349 3822 3522 3876 Abra-

1951 3913 2072 3966 ham
2096 3915 2329 3983 seipsum
2365 3912 2660 3982 appellans,
2686 3925 2740 3966 et
2772 3914 2936 3968 Deum
2968 3913 3138 3978 Isaac,
3172 3925 3223 3967 et
3246 3916 3407 3968 Deum
3431 3912 3518 3968 Ja~

1949 4006 2049 4059 cob
2079 4025 2092 4057 :
2131 4003 2249 4058 Hoc
2282 4006 2419 4058 enim
2449 4025 2632 4061 nomen
2666 4025 2834 4062 meum
2874 4017 2948 4059 est
2993 4017 3263 4069 retentum,
3317 4006 3518 4075 inquit,

1948 4106 1997 4150 et
2057 4097 2360 4154 memoriale
2412 4103 2803 4170 generationem
2849 4099 3267 4168 generationibus
3297 4087 3519 4152 ".‘llis

1950 4188 2113 4257 igitur
2143 4206 2211 4244 ne
2235 4207 2388 4245 suum
2426 4193 2641 4260 quidem
2678 4205 2875 4245 nomen
2915 4189 3204 4244 declaravit
3243 4187 3398 4250 Deus,
3433 4205 3520 4242 ηε-

1949 4285 2072 4334 dum
2106 4297 2223 4350 quae
2279 4282 2350 4336 sit
2406 4298 2499 4336 sua
2546 4282 2715 4348 ipsius
2750 4281 3008 4343 essentia,
3073 4279 3348 4334 revelarit.
3405 4279 3518 4349 Ego

1947 4374 2104 4438 enim,
2179 4373 2350 4442 inquit
2400 4373 2654 4428 Dominus
2685 4388 2703 4425 :
2731 4386 2778 4427 et
2839 4374 2976 4426 visus
3008 4385 3122 4422 sum
3153 4369 3427 4422 Abraham
3466 4383 3515 4422 et

1949 4461 2103 4515 Isaac
2147 4464 2310 4534 226
2348 4475 2393 4517 ει
2424 4467 2617 4528 Jacob,
2676 4465 2810 4516 Deus
2853 4463 3104 4514 exsistetts
3153 4461 3420 4529 ipsorum;
3469 4471 3517 4514 et

279 4549 505 4624 Ἰακὼϐ,
549 4548 692 4616 Θεὸς
726 4548 810 4603 ὢν
849 4547 1081 4602 αὐτῶνο
1130 4550 1225 4601 καὶ
1268 4552 1332 4601 τὸ
1371 4547 1556 4617 ὄνομά
1577 4567 1695 4616 μου
1731 4550 1840 4601 οὐχ

1952 4570 2130 4608 numen
2169 4572 2334 4607 meum
2370 4573 2472 4609 non
2504 4557 2730 4609 iudicavi
2764 4556 2890 4624 ipsis
2919 4556 2998 4619 7‘;
3052 4564 3304 4622 tanquam
3342 4557 3514 4623 majus

262 4642 546 4711 ἐδήλωσα
579 4642 820 4708 αὐτοῖς’
869 4642 941 4704 ὼς
1002 4640 1184 4710 μεῖζον
1225 4641 1526 4711 δηλονότιῆ
1574 4640 1714 4692 ὥστε
1756 4641 1848 4692 ἀν-

263 4735 511 4806 θρωπίνῃ
546 4735 682 4805 ἀκοῇ
717 4734 1048 4807 χωρηθῆναι.
1093 4733 1340 4802 Εὑνομίῳ
1371 4733 1479 4802 (89)
1521 4733 1597 4796 δὲ,
1631 4734 1705 4795 ὡς
1739 4731 1845 4784 ἔοι-

339 4826 386 4856 “
411 4824 546 4879 Gen.
568 4840 608 4887 ι,
639 4825 763 4888 1,2.
840 4826 886 4856 τ’
920 4826 1088 4879 Exod.
1121 4840 1207 4888 ιιι,
1231 4823 1318 4878 15.
1392 4824 1436 4853 ⁷⁸
1463 4824 1634 4877 Exod.
1671 4823 1802 4887 v1,2,
1834 4823 1885 4876 3.

340 4920 449 4990 (82)
478 4921 614 4975 Etliti
658 4921 933 4992 διαφοραὶ,
975 4921 1007 4991 ἢ
1047 4921 1292 4992 μέγεθος.
1341 4918 1444 4974 Sed
1479 4920 1627 4982 illud,
1663 4919 1694 4991 ἦ
1738 4919 1835 4989 μέ-

262 4993 444 5060 γεθος,
472 4993 756 5045 delendum
787 4992 1119 5057 censuimus,
1155 4994 1307 5044 tidem
1333 5000 1574 5045 veterum
1606 5001 1838 5058 quatuor

264 5064 527 5116 librorum
562 5064 752 5116 secuti.
791 5061 894 5116 Nec
935 5061 1089 5114 valde
1126 5062 1409 5116 admodum
1452 5061 1656 5124 dubito,
1705 5063 1834 5130 quin

263 5131 457 5186 melius
494 5132 654 5196 absit,
690 5147 812 5186 cum
837 5133 1110 5200 aliquanto
1168 5142 1292 5185 ante
1324 5147 1422 5185 vox
1452 5130 1615 5198 ὖγκος
1662 5133 1831 5198 posita

261 5205 356 5266 sit,
392 5215 510 5269 qua:
546 5218 651 5260 non
689 5216 832 5266 raro,
870 5213 927 5255 ut
965 5212 1147 5254 notum
1192 5211 1295 5265 est,
1331 5202 1470 5254 idem
1509 5201 1649 5254 valet
1692 5203 1832 5267 quod

261 5287 368 5326 vox
419 5272 666 5339 μεγέθος.
710 5274 934 5326 Accedit
978 5273 1161 5336 etiam,
1205 5278 1344 5339 quod
1383 5272 1478 5325 has
1507 5272 1639 5324 duas
1677 5286 1834 5324 voces

263 5343 543 5411 interpres
579 5352 734 5395 vetns
784 5358 887 5396 non
932 5344 1231 5411 agnoverit.
1275 5340 1477 5396 ibidem
1515 5357 1644 5396 mss.
1676 5341 1827 5394 οὐδὲν

262 5411 348 5465 ἄν.
381 5409 580 5463 Vocula
601 5411 667 5464 ἄν
695 5415 746 5464 ἱη
774 5413 932 5467 editis
965 5409 1170 5466 deerat.

333 5479 450 5552 (85)
478 5479 608 5544 Reg.
637 5495 861 5552 quartus
888 5481 1140 5549 γνώσεως
1186 5480 1591 5552 ὑπολέλειπται.
1627 5481 1824 5552 Ibidem

260 5549 909 5620 ειΙίἰὶνὰτοοκρινέσθωσαν
953 5555 1083 5620 ἡμῖν
1121 5554 1170 5603 οἱ
1199 5551 1652 5620 περιφρονοῦντες
1691 5550 1828 5601 πάν.

259 5635 351 5671 τα.
385 5619 562 5671 Codex
609 5619 761 5671 Colb.
803 5631 855 5670 et
898 5619 1048 5686 Regii
1083 5632 1191 5673 tres
1221 5619 1312 5675 ita.
1341 5630 1395 5668 ut
1429 5620 1720 5686 edi-diutius.

333 5686 445 5749 (84)
477 5688 613 5755 Reg.
640 5697 861 5755 quartus
896 5685 1004 5739 τῶν
1032 5688 1382 5755 ἀνθρωπίνων
1406 5685 1612 5736 παθῶν.

333 5755 443 5819 (80)
472 5754 653 5805 Potest
685 5754 772 5804 hic
806 5755 972 5814 locus,
999 5758 1042 5805 si
1069 5754 1216 5817 libet,
1253 5755 1383 5804 verti
1412 5763 1462 5803 et
1493 5755 1590 5802 hoc
1617 5754 1772 5804 modo
1806 5768 1820 5802 :

260 5831 308 5875 tt
337 5825 388 5872 in
421 5823 606 5873 quibus
631 5825 779 5882 tuest,
811 5837 896 5872 eos
927 5838 1035 5873 rere
1059 5823 1254 5873 diaboli
1289 5821 1712 5872 condenmationi
1741 5820 1821 5870 ob-

1954 4645 2217 4706 videlieet,
2247 4661 2405 4714 quam
2440 4658 2497 4700 ut
2525 4648 2770 4701 humana:
2796 4662 2954 4701 aures
2977 4647 3211 4715 capiant.
3240 4646 3306 4696 At
3334 4643 3517 4699 Euno-

1955 4736 2084 4800 mio,
2120 4746 2177 4789 ut
2207 4739 2440 4804 videtur,
2481 4755 2584 4793 non
2611 4755 2803 4793 nomen
2843 4740 3020 4802 modo,
3048 4736 3142 4790 sed
3168 4737 3330 4790 etiam
3363 4751 3515 4792 suam

1940 4919 2126 4973 noxios
2155 4919 2387 4991 reddere.
2439 4919 2559 4974 Mox
2605 4920 2734 4973 editi
2756 4914 2823 4991 ἦς
2853 4915 3248 4972 καταπατοῦσι.
3281 4917 3346 4969 At
3381 4931 3512 4971 mss.

1939 4989 2345 5070 ιιυιιηρξιιιειῆνι

2011 5054 2121 5131 (86)
2151 5054 2294 5113 Editi
2350 5054 2822 5131 ὁιλαζονεύοντσις,⁴
2845 5057 3178 5131 negligentia
3203 5071 3506 5131 operarum.

1939 5126 2227 5199 Aliquanto
2277 5136 2400 5200 post.
2445 5126 2578 5198 Reg.
2622 5137 2846 5198 quartus
2897 5130 2964 5197 τῇ
3016 5126 3181 5179 αὑτοῦ
3232 5127 3514 5198 μεγαλειό-

1935 5217 2077 5254 τητι.

1971 5218 2120 5338 T1:821)
2151 5269 2281 5333 Reg.
2314 5277 2538 5338 quartus
2563 5268 2672 5338 γάρ
2701 5267 2789 5338 μοί
2815 5269 2982 5322 ἐστιν.
3028 5268 3171 5322 Infra
3203 5283 3331 5323 mss.
3357 5267 3510 5321 multi

1934 5340 2072 5410 ἦπου
2104 5339 2199 5410 τὴν
2221 5339 2428 5393 οὐσίαν.

2005 5358 2072 5392 του
2104 5358 2134 5392 τ
2172 5359 2199 5392 ν
2221 5357 2428 5393 ουσιαν.

2005 5411 2115 5476 (88)
2137 5357 2282 5462 ⁷ίιῖιιὶιι
2309 5419 2359 5462 ει
2392 5423 2528 5463 unus
2561 5407 2854 5478 codexrxa‘t
2884 5408 3071 5478 ὤφθην
3109 5407 3188 5478 τῷ
3226 5406 3505 5478 (Ἀϐραάμ.

1932 5480 2034 5531 Alii
2065 5480 2300 5548 quinque
2345 5495 2472 5533 mss.
2507 5478 2600 5548 και
2639 5476 2830 5548 ῲςρρῃν
2861 5479 2995 5545 πρὸς
3027 5476 3304 5546 Ἅϐραάμ,
3337 5476 3390 5528 ει
3429 5478 3504 5528 ita

1933 5544 2134 5600 editum
2170 5544 2436 5600 invenitur
2464 5547 2601 5610 apud
2636 5544 2800 5600 LXX.

2004 5617 2114 5682 (89)
2147 5615 2283 5666 Editi
2313 5626 2366 5666 et
2395 5615 2524 5679 Reg.
2554 5621 2824 5682 secandus
2842 5611 3152 5682 χωρηθῆναι
3177 5610 3493 5682 δυνάμενον.

1929 5677 2032 5735 Alii
2070 5677 2178 5734 tres
2230 5677 2705 5750 ιηεεεχωρηθῇναι
2741 5682 2815 5750 μὴ
2843 5677 3172 5750 δυνάμενον.
3212 5677 3362 5750 Βεείἰ
3387 5686 3492 5750 duo

1927 5759 1981 5800 et
2006 5750 2156 5812 Colb.
2201 5746 2540 5816 xwpqeﬁvdt.
2573 5746 2841 5816 Εὑνρμίῳ,
2865 5759 2918 5798 ει
2951 5749 3019 5816 ita
3040 5746 3320 5816 edendum
3345 5746 3489 5808 )udia

1927 5812 2296 5869 cavimusrﬂt'
2312 5812 2437 5868 vero
2485 5813 2632 5878 illud,
2664 5812 2824 5874 ὥστε,
2859 5815 2992 5880 regit
3036 5812 3350 5864 inﬁnitivum
3382 5825 3483 5875 χω-
