4026 6508
513 401 616 453 545

1898 397 2137 452 BASlLll
2178 395 2390 452 MAGNI

3608 391 3674 439 5,5
3697 392 3725 440 ί

510 515 676 580 ipsam
701 520 986 565 essentiam
1012 511 1150 565 Deus
1180 513 1432 580 patefecit
1455 529 1467 564 :
1492 521 1544 565 et
1567 528 1821 570 arcanum
1845 523 2050 566 tantum

2180 529 2265 573 εεν,
2294 511 2351 562 οὑ
2388 509 2446 562 τὸ
2490 510 2658 577 ὄνομα
2691 509 2870 578 μόνον,
2901 506 3033 560 ἀλλὰ
3076 507 3169 558 καὶ
3205 505 3367 577 αὐτὴν
3404 502 3565 555 αὑτοῦ
3604 503 3725 569 (90)

507 601 648 668 quod
686 599 812 651 nulli
843 610 1150 654 sanctorum
1194 602 1295 656 fuit
1323 612 1587 668 apertum,
1621 606 1735 674 ipse
1773 607 1823 657 in
1855 604 1965 656 suis
1994 603 2057 654 li—

507 689 619 745 bris
645 691 991 746 conscribeus
1031 693 1225 761 prodit,
1255 708 1316 747 ac
1355 702 1555 749 temere
1582 700 1720 767 apud
1748 712 1935 751 omnes
1969 697 2060 750 ho-

506 783 678 834 mines
730 780 922 838 ell'utit.
976 782 1042 837 Et
1089 799 1206 854 quae
1253 785 1471 852 quidem
1523 786 1577 841 in
1618 788 2060 858 promissiouibus

505 871 661 925 nobis
689 873 915 940 reposita
958 884 1103 937 sunt,
1129 875 1417 928 humanam
1457 891 1671 935 omnem
1703 879 2059 949 cognitionem

505 962 795 1026 excedunt,
821 974 875 1019 et
901 980 1002 1033 pax
1031 964 1124 1018 Dei
1156 964 1484 1021 intellectum
1509 984 1720 1024 omnem
1750 970 2023 1039 superat"
2047 986 2059 998 -

506 1055 674 1123 ipsam
714 1071 840 1111 vero
875 1056 965 1110 Dei
1003 1061 1293 1114 essentiam
1319 1075 1478 1128 supra
1519 1078 1734 1118 omnem
1761 1063 2065 1134 intelligen-

510 1146 642 1201 tiam
678 1158 733 1202 et
783 1163 944 1218 supra
971 1151 1260 1206 humanam
1307 1168 1520 1212 omnem
1566 1155 1923 1225 cognitionem
1947 1170 2065 1210 esse

508 1253 614 1292 non
647 1238 779 1294 vult.

585 1329 668 1384 l4.
701 1330 811 1400 Ego
835 1347 964 1388 vero
1003 1332 1173 1403 ipsius
1196 1335 1730 1403 comprehensionem
1766 1350 1870 1391 non
1898 1337 2068 1392 homi-

509 1434 607 1475 nes
633 1421 827 1484 solum,
865 1424 958 1476 sed
1005 1439 1218 1480 omnem
1263 1427 1428 1479 etiam
1467 1428 1783 1483 rationalem
1822 1439 2067 1483 naturam

510 1511 776 1564 excedere
815 1511 1072 1568 arbitror.
1109 1513 1257 1568 Nunc
1300 1525 1478 1569 autem
1525 1533 1644 1570 cum
1677 1519 1796 1572 dico
1829 1519 2069 1574 rationao

511 1602 640 1666 lein,
673 1614 912 1658 creatam
945 1607 1085 1659 dico.
1127 1605 1261 1660 Nam
1291 1610 1387 1662 soli
1423 1609 1561 1664 Filio
1588 1621 1747 1664 notus
1778 1622 1861 1665 est
1897 1607 2075 1676 Pater;

511 1703 567 1748 et
613 1693 836 1764 Spiritui
890 1707 1098 1752 sancto.
1161 1697 1328 1752 Nemo
1375 1703 1513 1753 enim
1564 1704 1700 1756 novit
1740 1702 1948 1757 Patrem
1976 1707 2074 1759 nisi

513 1783 684 1839 Filius
701 1787 765 1842 ".
814 1787 880 1840 Et
914 1805 929 1840 ε
967 1786 1198 1855 Spiritus
1240 1792 1417 1846 omnia
1444 1801 1730 1859 scrutatur,
1763 1799 1918 1849 etiam
1947 1812 2072 1866 pro--

2155 601 2252 670 τὴν
2276 602 2458 654 οὐσίαν
2483 601 2510 650 ὁ
2537 600 2666 663 Θεὸς
2695 600 2974 668 ἐνεφάνισε
2997 615 3010 628 °
3048 597 3139 649 καὶ
3168 597 3228 648 τὸ
3262 596 3508 650 τοσοῦτον
3539 595 3725 663 ἀπόρ-

2160 691 2338 760 ρητον,
2373 692 2401 744 ὃ
2433 689 2617 760 μηδενὶ
2653 689 2758 741 τῶν
2789 690 2960 757 ἁγίων
2993 685 3326 758 ἐφανερώθη,
3359 686 3518 748 αὐτὸς
3548 687 3607 736 ὲν
3639 683 3722 750 βί-

2158 778 2302 842 ϐλοις
2335 783 2557 851 γράφων
2597 778 2904 850 δημοσιεὺει
2949 781 3042 833 καὶ
3072 775 3284 832 ὲκλαλεῖ
3315 779 3475 829 πᾶσιν
3509 771 3728 842 ἀνθρώ-

2159 887 2279 934 ποις
2305 871 2734 943 ἀπερισκέπτως.
2769 871 2878 923 Καὶ
2903 870 2970 922 τὰ
3001 872 3098 940 μὲν
3131 873 3187 922 ὲν
3212 868 3561 933 ἐπαγγελίαις
3594 865 3729 917 ἁπο-

2161 961 2386 1032 κείμενα
2416 966 2544 1034 ἡμῖν
2577 963 2714 1031 ὑπὲρ
2747 963 2924 1014 πᾶσαν
2949 963 3145 1028 γνῶσίν
3179 966 3321 1015 ἐστιν
3351 958 3727 1028 ἀνθρωπίνην,

2162 1055 2256 1107 καὶ
2287 1056 2319 1124 ἡ
2367 1059 2552 1128 είρήνη
2587 1055 2678 1107 τοῦ
2707 1053 2839 1106 Θεοῦ
2869 1054 3122 1123 ὑπερέχει
3154 1055 3330 1108 πάντα
3365 1049 3522 1103 νοῦν·
3555 1048 3728 1115 αὑτὴν

2161 1144 2219 1196 δὲ
2251 1146 2346 1215 τὴν
2378 1147 2565 1200 οὐσίαν
2597 1143 2690 1196 τοῦ
2727 1144 2859 1196 Θεοῦ
2893 1142 2953 1196 οὑ
2987 1143 3334 1214 καταδέχεται
3373 1139 3514 1208 ὑπὲρ
3546 1139 3728 1190 πάντα

2163 1235 2286 1289 νοῦν
2306 1238 2398 1288 καὶ
2429 1238 2566 1309 ὑπὲρ
2600 1237 2774 1288 πᾶσαν
2796 1235 2991 1304 γνῶσιν
3015 1233 3313 1304 ἀνθρώπων
3338 1230 3495 1287 εἶναι.

2236 1326 2322 1379 Η.
2354 1324 2516 1398 Οἶμαι
2548 1328 2602 1380 δὲ
2635 1327 2732 1378 οὑκ
2766 1325 3078 1396 ἀνθρώπους
3117 1325 3295 1395 μόνον,
3339 1322 3471 1378 ἀλλὰ
3502 1321 3593 1372 καὶ
3625 1320 3732 1370 πᾶ-

2169 1435 2266 1471 σαν
2303 1417 2523 1492 λογικὴν
2557 1420 2714 1488 φύσιν
2748 1416 3093 1489 ὑπερϐαίνειν
3139 1417 3307 1486 αὑτῆς
3353 1417 3450 1486 τὴν
3494 1412 3730 1478 κατάλη-

2167 1510 2279 1578 ψιν.
2315 1511 2548 1582 Λογικὴν
2581 1512 2636 1565 δὲ
2663 1509 2754 1563 νῦν
2778 1511 2876 1581 τὴν
2901 1510 2958 1561 ὲν
2988 1511 3053 1578 τῇ
3086 1507 3258 1561 κτίσει
3287 1508 3446 1575 λέγω.
3481 1502 3592 1572 Υἱῷ
3623 1501 3732 1571 γὰρ

2174 1600 2317 1670 μόνῳ
2353 1603 2587 1670 γνωστὸς
2611 1605 2638 1654 ὁ
2668 1599 2872 1670 Πατὴρ,
2907 1601 3000 1653 καὶ
3026 1599 3103 1668 τῷ
3141 1597 3278 1666 άγίῳ
3315 1597 3588 1679 ῌνεύματι
3607 1610 3619 1622 ·
3648 1593 3731 1643 ὅτι

2175 1691 2383 1759 Οὐδεὶς
2431 1689 2552 1745 οἶδε
2603 1690 2708 1743 τὸν
2733 1689 2962 1758 Πατέρα
3004 1691 3057 1742 εὶ
3079 1688 3163 1757 μὴ
3213 1689 3245 1740 ὁ
3285 1688 3446 1750 Υἱός·
3495 1683 3608 1744 καὶ,
3660 1682 3733 1735 Τὸ

2173 1784 2411 1854 Πνεῦμα
2441 1782 2633 1835 πάντα
2669 1779 2903 1849 ἐρευνᾷ,
2947 1781 3044 1834 καὶ
3097 1778 3168 1832 τὰ
3209 1777 3374 1846 ,βάθη
3410 1777 3516 1831 τοῦ
3562 1773 3734 1828 Θεοῦ.

515 1877 804 1944 funditates
837 1878 951 1933 Dci.
987 1876 1155 1934 Nemo
1195 1882 1330 1935 cnim
1363 1884 1522 1947 novit,
1549 1885 1742 1952 inquit,
1772 1904 1889 1956 qum
1905 1858 2070 1940 homi-

2180 1873 2384 1940 Οὐδεὶς
2447 1874 2554 1940 γὰρ
2592 1869 2737 1936 οἵδε,
2768 1872 2920 1943 φησὶ,
2966 1872 3037 1926 τὰ
3068 1872 3172 1925 τοῦ
3210 1869 3521 1939 ἀνθρώπου
3561 1870 3613 1919 εί
3645 1864 3736 1934 μὴ

513 1968 594 2019 nis
627 1977 773 2030 sunt,
800 1970 900 2023 nisi
933 1971 1148 2040 spiritus
1192 1972 1418 2026 hominis
1448 1976 1537 2044 qui
1569 1986 1644 2028 est
1672 1976 1728 2029 in
1763 1993 1820 2030 eo
1844 1993 1861 2032 :
1889 1988 1934 2031 et
1960 1992 2072 2045 qua:

515 2056 613 2111 Dei
640 2071 786 2124 sunt,
814 2077 960 2114 nemo
993 2063 1151 2125 novit,
1182 2065 1282 2116 nisi
1307 2063 1537 2133 Spiritus
1569 2069 1656 2132 qui
1683 2081 1756 2123 est
1786 2087 1849 2124 ea:
1885 2070 2069 2123 Deo".

516 2149 654 2216 Quid
688 2153 849 2221 igitur
872 2154 1122 2222 prmcipui
1145 2155 1446 2225 relinquent
1468 2156 1735 2229 Unigeniti
1759 2162 2072 2230 cognitioni,

516 2250 612 2294 aut
641 2243 812 2296 sancti
841 2242 1093 2311 Spiritus,
1143 2247 1405 2315 siquidem
1446 2250 1543 2317 ipsi
1578 2251 1742 2316 ipsam
1782 2253 2072 2306 essentiam

517 2333 1020 2400 comprehendunt?
1069 2335 1179 2391 Nec
1228 2338 1370 2391 enim
1419 2341 1693 2406 potentia),
1732 2341 1987 2396 bonitatis
2015 2360 2076 2397 ac

521 2421 800 2489 sapientiae
832 2423 921 2478 Dei
948 2427 1450 2496 contemplationem
1471 2428 1755 2500 Unigenito
1785 2433 2077 2488 attribuen-

519 2522 621 2577 tes,
651 2522 1106 2570 accommodatam
1142 2519 1247 2573 sibi
1271 2534 1389 2574 esse
1409 2524 1654 2579 essentia:
1679 2524 2077 2594 intelligentiam

518 2604 807 2672 putabunt.
841 2604 973 2661 Nam
1019 2620 1209 2662 contra
1246 2611 1489 2676 omnino,
1525 2615 1926 2683 constatipsam
1961 2620 2080 2687 qui-

520 2694 639 2746 deiu
674 2698 959 2752 essentiam
1015 2700 1141 2754 nulli
1166 2702 1269 2755 nisi
1309 2701 1594 2772 Unigenito
1626 2715 1679 2760 et
1703 2705 1921 2774 Spiritui
1956 2723 2080 2762 sau-

520 2793 609 2838 cto
646 2788 981 2856 cogitabilem
1011 2804 1161 2857 esse;
1194 2793 1287 2846 sed
1320 2795 1387 2846 ab
1414 2796 1814 2861 Operationibus
1841 2797 1929 2849 Dei
1959 2800 2082 2852 sub.

519 2886 703 2933 vectos
733 2895 847 2944 nos,
883 2889 936 2935 et
966 2895 1061 2950 per
1087 2897 1150 2936 ea
1199 2899 1316 2952 qua:
1342 2886 1558 2940 condita
1589 2895 1716 2940 sunt
1748 2889 2080 2943 conditorem

526 2969 909 3043 intelligentes,
961 2976 1041 3029 sic
1061 2975 1354 3030 bonitatem
1381 2993 1443 3031 ac
1483 2979 1801 3046 sapientiam
1829 2981 1942 3045 ejus
1962 2994 2083 3048 per-

524 3061 728 3129 cipere.
758 3061 830 3114 De
859 3066 964 3116 Deo
987 3069 1127 3116 enim
1161 3075 1342 3118 notum
1374 3077 1478 3131 est,
1509 3068 1648 3135 quod
1681 3069 1890 3123 cunctis
1921 3070 2085 3124 homi-

2174 1966 2239 2018 τὸ
2267 1966 2496 2034 πνεῦμα
2520 1965 2622 2018 τοῦ
2647 1965 2956 2034 ἀνθρώπου
2985 1965 3051 2018 τὸ
3077 1965 3147 2018 ἐν
3177 1962 3333 2028 αὐτῷ
3357 1963 3467 2031 (9i)
3489 1977 3502 1989 ’
3537 1958 3633 2011 καὶ
3663 1957 3737 2008 τὰ

2172 2055 2279 2109 τοῦ
2311 2055 2454 2109 Θεοῦ
2483 2056 2680 2122 οὐδεὶς
2712 2057 2973 2126 ἔγνωκεν
3005 2061 3057 2109 εί
3078 2057 3164 2125 μὴ
3210 2057 3274 2108 τὸ
3308 2054 3548 2122 Πνεῦμα
3573 2052 3639 2103 τὸ
3667 2055 3736 2103 ἐκ

2174 2146 2280 2200 τοῦ
2306 2145 2471 2200 Θεοῦ.
2507 2147 2570 2198 Τί
2609 2144 2701 2200 οὖν
2738 2147 3009 2216 ἐξαίρετον
3040 2149 3104 2216 τῇ
3149 2145 3344 2214 γνώσει
3375 2145 3467 2198 τοῦ
3501 2146 3737 2211 Μονογες

2175 2237 2360 2307 νοῦςῆ
2401 2237 2495 2290 τοῦ
2542 2240 2693 2308 ἁγίου
2755 2238 3067 2308 Πνεὺματος
3102 2238 3537 2307 καταλείψουσιν,
3584 2240 3738 2306 sinat

2176 2331 2324 2382 αὑτοὶ
2366 2329 2464 2399 τῆς
2498 2333 2685 2394 οὐσίας
2725 2333 2890 2401 αὑτῆς
2924 2331 3103 2401 ἔχουσι
3142 2333 3239 2402 τὴν
3283 2330 3616 2400 κατάληψιν;
3664 2331 3741 2382 Οὐ

2175 2421 2281 2492 γὰρ
2311 2421 2394 2492 δὴ,
2424 2423 2519 2492 τῆς
2552 2423 2850 2493 δυνάμεως,
2880 2425 2973 2477 καὶ
3004 2426 3100 2496 τῆς
3131 2424 3480 2494 ἀγαθὸτητος,
3510 2423 3603 2476 καὶ
3643 2424 3742 2492 τῆς

2180 2513 2367 2580 σοφίας
2398 2515 2487 2566 τοῦ
2517 2514 2650 2567 Θεοῦ
2682 2515 2759 2584 τῷ
2789 2516 3079 2585 Μονογενεῖ
3103 2517 3197 2586 τὴν
3231 2516 3461 2586 θεωρίαν
3494 2516 3725 2584 προσνείι

2183 2620 2402 2674 μαντες,
2438 2603 2747 2677 σύμμετρον
2790 2609 3000 2670 ἑαυτοῖς
3035 2608 3283 2676 θήσονται
3309 2608 3408 2677 τῆς
3434 2607 3622 2669 οὐσίας
3647 2608 3746 2676 τὴν

2181 2697 2518 2767 κατανόησιν.
2557 2699 2670 2751 Πᾶν
2700 2699 2806 2768 γάρ
2835 2716 2936 2750 που
2989 2699 3050 2750 τὸ
3099 2695 3356 2762 ἐναντίον,
3403 2699 3548 2761 είκὸς
3575 2700 3747 2769 αὑτὴν

2185 2788 2281 2856 μὲν
2315 2787 2410 2858 τὴν
2448 2789 2632 2842 οὑσίαν
2662 2789 2987 2858 ἀπερίοπτον
3022 2785 3156 2842 εἶναι
3189 2790 3370 2854 παντὶ,
3416 2789 3552 2860 πλὴν
3591 2793 3641 2843 εί
3668 2791 3748 2861 τῷ

2184 2878 2294 2948 (92)
2339 2881 2636 2948 Μονογενεῖ
2675 2882 2765 2934 καὶ
2815 2882 2889 2953 τῷ
2933 2884 3073 2951 ἁγίῳ
3105 2884 3413 2952 Πνεῦμα-ιι·
3460 2884 3524 2936 ὲκ
3557 2885 3612 2936 δὲ
3637 2885 3749 2935 τῶν

2183 2968 2471 3037 ἐνεργειῶν
2503 2970 2594 3022 τοῦ
2628 2971 2760 3024 Θεοῦ
2797 2973 3158 3042 ἀναγομένους
3185 2976 3361 3045 ἡμᾶς,
3397 2975 3489 3027 καὶ
3521 2974 3608 3026 διά
3639 2975 3749 3027 τῶν

2184 3061 2497 3130 ποιημάτων
2533 3062 2624 3115 τὸν
2655 3063 2880 3134 ποιητὴν
2915 3066 3244 3128 ἐννοοῦντας,
3278 3067 3376 3135 τῆς
3415 3067 3748 3138 ἀγαθότητος

525 3151 682 3204 nibus
735 3152 875 3207 Deus
917 3153 1370 3209 manilestavit“.
1423 3156 1551 3210 Nam
1597 3173 1715 3225 qua:
1759 3165 1897 3228 apud
1933 3162 2083 3215 theo-

2186 3149 2346 3202 αὑτοῦ
2381 3152 2590 3222 καὶτῆς
2624 3153 2810 3223 σοφίας
2847 3153 3140 3224 λαμϐάνειν
3177 3157 3272 3227 τὴν
3311 3157 3541 3211 σύνεσιν.
3577 3158 3750 3212 Τοῦτο

526 3239 680 3310 logos
710 3241 775 3294 de
808 3243 1040 3296 essentia
1079 3244 1167 3297 Dei
1210 3246 1510 3317 conscripta
1548 3264 1668 3303 esse
1698 3251 1966 3314 videntur,
1994 3268 2083 3320 per

2187 3241 2293 3312 γάρ
2325 3242 2438 3294 ἐστι
2467 3243 2527 3294 τὸ
2557 3245 2794 3310 γνωστὸν
2823 3244 2916 3298 τοῦ
2951 3246 3083 3300 Θεοῦ
3115 3247 3246 3316 (95),
3276 3247 3304 3300 ὃ
3339 3250 3500 3300 πᾶσιν
3534 3250 3748 3322 ἀνθρὼ-

529 3331 790 3400 quasdam
833 3334 1158 3406 tropologias
1194 3347 1286 3391 aut
1329 3340 1489 3391 etiam
1518 3339 1821 3410 allegorias,
1865 3345 1929 3397 ad
1956 3345 2083 3400 alias

2189 3351 2308 3398 ποις
2339 3336 2367 3386 ὁ
2408 3334 2538 3399 Θεὸς
2581 3337 2936 3408 ἐφανέρωσεν.
2988 3339 3135 3392 Ἐπεί
3188 3357 3249 3407 γε
3293 3342 3391 3393 ὅσα
3443 3341 3592 3412 παρά
3634 3347 3750 3409 τοῖς

528 3423 779 3477 notiones
813 3423 1010 3479 lerunt.
1051 3426 1227 3495 Quare
1253 3431 1295 3483 si
1328 3430 1448 3498 quis
1478 3432 1610 3486 citra
1643 3448 1864 3489 examen
1902 3450 2092 3490 secun-

527 3515 653 3569 dum
681 3529 896 3570 sensum
922 3519 1094 3586 magis
1135 3521 1354 3575 obvium
1403 3522 1595 3578 litterae
1643 3525 1796 3579 nuda:
1844 3526 2092 3582 insistere

528 3609 837 3674 contendat,
869 3610 933 3662 ad
964 3609 1214 3665 Judaicas
1239 3623 1290 3666 et
1327 3614 1497 3668 aniles
1541 3616 1753 3671 fabulas
1792 3618 2087 3684 devolutus,

527 3698 747 3751 omnino
783 3697 899 3762 ejus
938 3699 1004 3751 de
1047 3701 1151 3753 Deo
1192 3703 1444 3765 notionis,
1470 3719 1588 3770 qua:
1612 3706 1770 3776 digna
1807 3709 1894 3770 sit,
1940 3708 2089 3776 inops

527 3799 894 3842 consenescet.
951 3789 1083 3842 Nam
1147 3803 1502 3862 praeterquam
1554 3797 1698 3865 quod
1755 3797 2086 3851 malet-ialem

528 3879 814 3949 quamdam
840 3882 1126 3935 essentiam
1159 3882 1250 3937 Dei
1283 3884 1562 3956 intelliget,
1607 3901 1777 3957 eaque
1810 3888 1862 3942 in
1901 3904 1957 3942 re
1990 3891 2090 3942 im-

531 3971 636 4040 piis
685 3973 933 4042 gentibus
965 3975 1310 4038 assentietur,
1347 3976 1517 4046 ipsam
1549 3993 1764 4048 quoque
1801 3989 1856 4034 et
1884 3982 2088 4034 variam

532 4073 586 4119 et
603 4063 952 4134 compositam
978 4067 1159 4120 animo
1178 4067 1277 4122 sibi
1301 4066 1487 4138 finget.
1510 4067 1641 4125 Cum
1666 4071 1806 4126 enim
1834 4072 2090 4141 prOpheta

535 4167 720 4210 narret
756 4156 1072 4211 electrinum
1111 4160 1328 4228 quidem
1369 4160 1536 4215 Deum
1567 4177 1686 4218 esse
1724 4178 1753 4216 a
1785 4163 1977 4216 lumbis
2006 4179 2095 4217 us-

534 4261 639 4317 que
664 4249 728 4302 ad
768 4263 1021 4317 superna,
1058 4266 1122 4304 ex
1169 4252 1288 4319 igne
1340 4268 1466 4308 vero
1511 4253 1715 4308 inferna
1758 4253 1980 4308 cunilata
2008 4270 2096 4310 es-

533 4353 592 4394 se
611 4340 654 4370 ⁸¹
699 4356 714 4393 :
751 4341 1062 4409 quicunque
1089 4343 1155 4395 ad
1189 4344 1430 4396 altiorem
1462 4345 1791 4398 intellectum
1833 4361 1924 4414 per
1952 4348 2094 4400 litte-

535 4446 649 4486 ram
679 4447 781 4485 non
817 4433 1080 4496 ascendit,
1123 4432 1216 4486 sed
1268 4435 1540 4501 corporeis
1585 4437 1852 4490 inbarrens
1890 4439 2092 4492 descri-

2190 3425 2454 3496 θεολόγοις
2490 3431 2614 3499 περ)¹
2641 3432 2825 3494 οὑσίας
2864 3431 2996 3484 Θεοῦ
3024 3431 3426 3503 ἀναγεγράφθαι
3457 3433 3601 3486 δοκεῖ
3625 3452 3750 3506 τρο-

2191 3521 2466 3589 πολογίαις
2495 3524 2636 3575 τισὶν
2665 3524 2696 3593 ἦ
2729 3526 2822 3576 καὶ
2858 3524 3224 3594 ἀλληγορίαις,
3271 3525 3405 3595 πρὸς
3438 3527 3629 3597 ἑτέρας
3664 3531 3750 3581 ἐν-

2190 3613 2336 3674 νοίας
2369 3614 2418 3664 οἱ
2468 3613 2609 3680 λόγοι
2643 3614 2910 3683 φέρουσιν.
2949 3617 3107 3668 Ὥστε
3155 3619 3206 3670 sl
3256 3635 3337 3680 τις
3374 3619 3750 3686 ἀϐασανίστως

2191 3702 2330 3754 κατά
2363 3704 2460 3773 τὴν
2489 3704 2776 3775 πρόχειρον
2803 3706 3028 3776 ἐκδοχὴν
3075 3707 3214 3778 ψιλῷ
3253 3711 3616 3780 παρίστασθαι
3666 3731 3754 3780 φι-

2187 3793 2448 3864 λονεικοίη
2481 3794 2556 3864 τῷ
2587 3797 2892 3866 γράμματι,
2930 3798 3063 3870 πρὸς
3107 3800 3424 3866 Ἰουδαϊκοὺς
3447 3804 3540 3856 καὶ
3567 3803 3753 3874 γραώ-

2188 3885 2297 3948 δεις
2321 3884 2519 3954 μύθους
2545 3888 2859 3958 ὲκτραπεὶς,
2883 3892 3093 3961 πτωχὸς
3139 3893 3412 3957 παντελῶς
3445 3894 3552 3947 τῶν
3582 3894 3752 3961 ἀξίων

2189 3977 2315 4046 περὶ
2346 3976 2477 4029 Θεοῦ
2511 3978 2794 4048 νοημάτων
2822 3985 3206 4055 καταγηράσει.
3232 3983 3372 4054 Πρὸς
3394 3985 3501 4054 γὰρ
3533 3984 3609 4054 τῷ
3638 3987 3755 4038 ὑλι-

2189 4067 2292 4137 κήν
2321 4085 2442 4122 τινα
2465 4071 2658 4124 ἐννοεῖν
2687 4071 2784 4142 τὴν
2814 4074 2998 4129 οὑσίαν
3020 4075 3112 4128 τοῦ
3137 4075 3287 4138 Θεοῦ,
3319 4077 3410 4128 καὶ
3436 4076 3574 4128 κατὰ
3593 4078 3755 4130 τοῦτο

2189 4165 2301 4226 τοῖς
2334 4164 2508 4227 ἀθέοις
2537 4165 2644 4217 τῶν
2678 4165 2938 4236 Ἐλλήνων
2975 4168 3362 4238 συμφέρεσθαι,
3405 4169 3483 4221 ἔτι
3511 4169 3603 4223 καὶ
3637 4187 3753 4222 ποι-

2196 4254 2344 4326 κίλην
2382 4255 2472 4307 καὶ
2508 4255 2753 4309 σύνθετον
2781 4256 3108 4325 ὑπολήψεται
3143 4256 3362 4327 ταύτην.
3409 4257 3755 4329 Ἦλέκτρινον

2197 4346 2292 4415 μὲν
2321 4347 2379 4397 τὸ
2415 4345 2520 4398 άπὸ
2553 4343 2748 4412 ὀσφύος
2779 4346 2882 4408 ἕως
2909 4346 3019 4398 ἄνω
3044 4346 3133 4398 τὸν
3163 4347 3290 4398 Θεὸν
3328 4341 3465 4399 εἶναι
3496 4347 3588 4399 τοῦ
3619 4364 3753 4416 προ-

2195 4437 2360 4504 φήτου
2413 4435 2787 4504 διηγουμένου,
2820 4437 2882 4486 ἐκ
2913 4434 3081 4507 πυρὸς
3116 4435 3172 4487 δὲ
3225 4436 3629 4506 συμϐεὗλῆσθαι
3683 4438 3755 4489 τὰ

537 4524 830 4593 ptionibus,
864 4535 918 4579 et
948 4523 1105 4589 talem
1134 4539 1250 4579 esse
1273 4522 1365 4579 Dei
1400 4526 1686 4579 essentiam
1712 4528 1777 4580 ab
1813 4527 2083 4583 Ezechiele

2196 4527 2370 4577 κάτω·
2405 4529 2432 4579 ὁ
2469 4527 2523 4578 δὲ
2560 4527 2633 4597 μὴ
2663 4524 2797 4598 πρὸς
2829 4526 3158 4597 ὑψηλοτέρας
3198 4529 3400 4591 ἐννοίας
3451 4529 3755 4582 ἀναϐαίνων

537 4616 778 4680 edoctus,
803 4631 991 4669 rursus
1021 4616 1183 4670 Deum
1215 4617 1390 4685 ignem
1424 4631 1542 4671 esse
1566 4633 1594 4671 a
1619 4616 1798 4688 Moyse
1827 4619 2088 4682 audiet",

535 4714 699 4775 atque
730 4721 758 4760 a
790 4707 1027 4776 sapiente
1052 4706 1270 4764 Daniele
1302 4713 1366 4764 ad
1391 4709 1522 4764 alias
1549 4710 1828 4779 opiniones
1855 4711 2089 4764 deduce-

606 4925 650 4958 "
676 4925 904 4996 Philipp.
932 4941 1008 4991 tv,
1031 4926 1082 4982 7.
1155 4927 1201 4960 ⁷⁸
1218 4927 1404 4984 Matth.
1438 4944 1514 4998 xl,
1535 4929 1627 4986 27.
1702 4929 1748 4960 "
1770 4927 1930 4983 lCor.
1957 4942 2018 4992 ιι,
2038 4925 2124 4994 l0,
2150 4927 2235 4980 ll.

546 5153 802 5229 ρηθῆναι,
853 5165 952 5229 nec
1003 5165 1222 5229 necesse
1271 5149 1368 5204 fuit
1398 5149 1610 5229 addere,
1654 5148 2095 5229 ευρ-δυνάμενον,

541 5219 630 5278 Ξιιιὶ
659 5219 731 5294 μὴ
756 5221 1050 5292 δυνάμενον
1085 5237 1101 5252 ο
1135 5223 1239 5274 imo
1265 5230 1371 5271 tum
1414 5224 1531 5283 hoc,
1566 5232 1676 5273 tum
1730 5219 1860 5272 illud
1895 5219 2098 5287 puriter

539 5295 833 5368 παρέλκειν
853 5301 1144 5368 _obsrurum
1171 5305 1276 5368 non
1307 5299 1406 5368 est.
1484 5358 1508 5368 _
1569 5357 1614 5368 η

610 5355 720 5433 (90)
755 5364 1098 5433 Codexunus
1126 5359 1289 5433 αὑτὴν
1321 5358 1533 5433 εαυτοῦ.
1555 5357 1684 5433 Mox
1733 5357 1858 5411 editi
1893 5355 1985 5409 καὶ
2017 5372 2098 5433 τοο

542 5427 728 5486 σοῦτον
756 5433 815 5485 τὸ
845 5431 1169 5502 ἀπόρρητον.
1209 5427 1718 5505 ίΙΙυιίηάπόρρητον,
1758 5436 1912 5505 _caret
1959 5427 2093 5505 arti-

540 5506 660 5558 culo
694 5504 747 5556 in
775 5497 1023 5555 omnibus
1049 5497 1250 5553 nostris
1282 5497 1570 5576 codicibus~
1615 5515 1630 5552 :
1681 5497 1771 5551 sed
1833 5497 2096 5564 reperitur

543 5577 595 5627 in
628 5585 856 5643 quatuor
888 5586 1014 5623 mss.
1052 5581 1177 5622 ante
1204 5584 1686 5643 vocetiiaocouyov.
1767 5636 1778 5643 ι
1835 5637 1847 5643 _
1970 5633 1981 5643 _
2040 5632 2062 5643 _

614 5633 721 5710 (91)
752 5641 974 5694 Codices
1016 5655 1117 5692 non
1163 5638 1316 5710 pauci
1373 5639 1432 5710 τὸ
1476 5636 1802 5710 πνεῦμαΔτὸ-
1833 5637 1887 5686 ὲν
1926 5633 2093 5710 αὑτῷ.

546 5704 684 5764 Editi
705 5704 764 5765 et
791 5710 920 5779 Reg.
948 5704 1174 5777 quintus
1188 5708 1246 5760 τὸ
1274 5708 1485 5779 πνεῦμα
1511 5707 1603 5779 τοῦ
1620 5704 1917 5779 ίάνθρώπου
1949 5704 2007 5755 τὸ
2041 5708 2098 5779 ἐν

548 5778 713 5841 αὐτῷ.
739 5773 933 5835 ιὺῑύθῖιὶ
959 5773 1085 5833 editi
1109 5779 1156 5829 εἰ
1186 5779 1258 5848 μὴ
1284 5773 1498 5847 πνεῦμα
1524 5778 1602 5829 τό.
1631 5773 1771 5831 Libri
1805 5785 2007 5830 veteres
2039 5773 2099 5825 τὸ

2196 4617 2279 4669 διὰ
2307 4617 2397 4670 τοῦ
2429 4618 2750 4688 γράμματος
2784 4619 2914 4689 (94),
2945 4619 3056 4671 ἀλλ’
3086 4619 3247 4672 αὑτοῦ
3277 4637 3378 4673 που
3413 4624 3530 4682 ταῖς
3568 4637 3753 4690 σωμα-

2194 4711 2368 4772 τικαῖς
2408 4709 2786 4777 ἐγκατααένων
2833 4708 3193 4780 ὑπογραφαῖς,
3227 4712 3319 4765 καὶ
3364 4712 3617 4765 τοιαύτην
3658 4711 3754 4764 τοῦ

2312 4925 2357 4957 ⁸⁰
2380 4926 2532 4980 Rom.
2567 4940 2606 4990 ι,
2627 4925 2716 4982 l9.
2791 4924 3047 4984 “Ezech.
3070 4942 3188 4989 vni.
3212 4928 3268 4982 2.
3342 4928 3560 4984 "Deut.
3588 4929 3622 4982 4
3659 4928 3750 4982 24.

2202 5158 2638 5284 mfgéi'liditiet
2661 5213 2825 5266 codex
2858 5228 2995 5267 unus
3024 5214 3163 5284 πλὴν
3189 5212 3221 5284 ἦ
3246 5213 3340 5284 τῷ.
3371 5216 3470 5269 Alii
3502 5231 3592 5269 sex
3625 5232 3754 5269 mss.

2201 5284 2338 5354 πλὴν
2367 5287 2414 5336 εί
2441 5283 2537 5352 τῷ.
2574 5283 2690 5336 Mox
2724 5284 2848 5336 editi
2900 5287 3000 5354 τῆς
3030 5283 3220 5353 σοφίας
3252 5283 3433 5337 αὑτοῦ.
3473 5287 3622 5342 Illud,
3661 5287 3759 5338 αὑ-

2197 5353 2312 5418 τοῦ,
2344 5354 2396 5406 in
2432 5368 2559 5407 mss.
2591 5367 2694 5406 non
2719 5353 3019 5420 invenitur;
3045 5359 3114 5409 ob
3145 5356 3300 5424 idque
3322 5355 3602 5408 delendum
3634 5370 3761 5409 cen—

2197 5438 2419 5476 sumius.

2267 5491 2380 5561 (93)
2415 5492 2564 5554 lllud,
2601 5493 2840 5560 γνωστὸν
2881 5492 2974 5545 τοῦ
2999 5493 3154 5556 Θεοῦ,
3190 5494 3260 5545 ita
3287 5491 3552 5546 redditum
3585 5504 3666 5549 est
3704 5496 3759 5548 iu

2198 5555 2422 5628 Vulgata
2458 5582 2470 5614 :
2501 5555 2653 5624 Quod
2677 5577 2854 5614 notum
2887 5574 2960 5616 cst
2997 5555 3292 5631 Deirapud
3318 5561 3620 5630 Erasmuni,
3659 5565 3762 5620 hoc

2201 5633 2356 5685 modo
2383 5648 2397 5688 :
2435 5631 2498 5682 Id
2526 5635 2662 5698 quod
2694 5633 2756 5684 de
2797 5631 2902 5684 Deo
2931 5633 3166 5698 cognosci
3195 5641 3378 5696 potest.

2270 5701 2378 5771 (94)
2414 5703 2543 5772 lieg.
2571 5712 2793 5771 quartus
2826 5701 2912 5755 διὰ
2938 5701 3045 5754 τῶν
3069 5701 3427 5773 γραμμάτωνι
