4026 6458
269 378 379 432 5ιὸ

1346 371 1708 429 ADVERSUS
1746 374 2107 431 EUNOMIUM
2151 375 2274 429 LIB.
2321 376 2359 431 l.

3376 373 3477 428 5ιῦ

255 489 395 543 Θεοῦ
426 487 517 557 τὴν
550 485 733 537 οὐσίαν
769 484 915 554 παρὰ
954 484 1046 537 τοῦ
1087 483 1338 553 Ίεζεκιὴλ
1382 484 1663 553 διδαχθεὶς,
1720 485 1799 537 πάη

1905 496 2001 538 tur
2024 487 2098 553 ⁸³;
2125 498 2287 556 atque
2320 488 2419 539 hoc
2451 495 2606 555 pacto
2637 502 2740 539 non
2788 486 2948 540 falsas
2975 487 3169 549 solum,
3208 487 3301 541 sed
3338 490 3475 543 inter

254 582 345 631 λιν
370 578 479 647 πῦρ
505 572 638 628 εἶναι
657 574 746 627 τὸν
775 574 905 627 Θεὸν
936 574 1081 644 παρὰ
1115 573 1204 626 τοῦ
1235 575 1474 637 Μωσέως
1507 575 1813 637 ἀκούσεται,

255 670 355 723 καὶ
400 668 545 740 παρά
572 666 662 719 τοῦ
697 665 858 734 σοφοῦ
906 666 1100 735 Δανιὴλ
1148 665 1282 735 πρὸς
1319 664 1481 728 ἄλλας
1522 666 1816 736 ὑπολήψεις

254 759 716 829 ἁπενεχθήσεται·
777 758 867 809 καὶ
895 755 1064 817 οὓτως
1106 755 1165 807 οὐ
1215 754 1427 824 ψευδεῖς
1461 756 1637 825 μόνον,
1684 756 1820 809 ἀλλᾶ

257 852 358 904 κα).
388 848 693 921 μαχομένας
722 848 970 917 ἀλλήλαις
1004 847 1068 899 ὲκ
1098 846 1205 899 τῶν
1224 847 1569 918 Γραμμάτων
1598 848 1820 920 εὑρεθή-

261 957 420 993 σεται
464 938 560 1001 τάς
593 938 885 1007 φαντασίας
919 936 1327 1007 ἀναλεγόμενος.
1377 939 1685 1010 Ἀφεμένοις
1713 938 1820 1009 (95)

255 1028 356 1085 οὖν
378 1033 475 1103 τῆς
501 1030 639 1085 κατὰ
663 1031 759 1101 τὴν
782 1030 967 1082 οὐσίαν
1000 1029 1522 1101 πολυπραγμοσύνης
1553 1031 1627 1093 ὡς
1657 1032 1821 1097 ἀνεφ-

262 1126 439 1191 ίκτου,
471 1128 535 1194 τῇ
575 1123 715 1193 ἁπλῇ
736 1123 1047 1193 παραινέσει
1078 1124 1170 1176 τοῦ
1202 1122 1519 1177 Ἀποστόλου
1551 1123 1815 1182 πειστέον,

255 1214 543 1283 λέγοντος·
580 1212 906 1266 Πιστεῦσαι
957 1212 1067 1280 γὰρ
1113 1210 1205 1263 δεῖ
1251 1210 1504 1279 πρῶτον,
1561 1211 1648 1264 ὅτι
1691 1212 1821 1265 ἔστι

257 1307 426 1372 Θεὸς,
455 1304 549 1358 καὶ
598 1302 721 1369 τοῖς
761 1301 1109 1369 ἐκζητοῦσιν
1150 1303 1334 1356 αὑτὸν
1375 1304 1819 1371 μισθαποδότης

254 1399 501 1465 γίνεται.
536 1394 609 1446 Οὐ
642 1394 749 1464 γὰρ
774 1397 806 1463 ὴ
844 1394 937 1446 τοῦ
965 1394 1018 1446 τί
1051 1395 1197 1445 ἐστιν
1237 1393 1598 1464 ἐξερεύνησις,
1639 1395 1752 1447 ἀλλ’
1782 1399 1814 1465 ἡ

253 1487 351 1541 τοῦ
381 1490 461 1540 ὅτι
493 1486 637 1538 ἐστιν
668 1484 921 1555 ὁμολογία
960 1483 1055 1554 τὴν
1096 1485 1363 1554 σωτηρίαν
1399 1486 1528 1554 ἡμῖν
1561 1484 1673 1555 (96)
1709 1502 1815 1537 πα-

258 1576 602 1650 ρασκευάζει.
640 1577 790 1631 Ἐπεὶ
828 1571 918 1628 οὖν
952 1574 1300 1645 ἀπερινόητος
1333 1574 1615 1646 ἀνθρώπου
1658 1576 1812 1644 φύσει

254 1672 350 1723 καὶ
380 1671 610 1741 apem;
639 1667 909 1729 παντελῶς
930 1670 961 1735 ἠ
982 1666 1135 1718 οὐσία
1155 1666 1244 1718 τοῦ
1270 1666 1402 1719 Θεοῦ
1424 1667 1811 1731 ἀποδέδεικται,

1923 591 1980 629 se
2009 577 2167 630 etiam
2201 587 2497 646 pugnantes
2522 575 2929 644 imaginationes
2950 591 3013 629 ex
3042 576 3339 644 Scripturis
3371 580 3475 630 col-

1923 670 2083 735 ligere
2125 667 2443 736 reperietur.
2472 666 2703 719 Proinde
2729 666 2940 719 curiosa
2979 664 3473 735 essentiaa'indaga-

1927 761 2086 819 tione,
2114 768 2365 827 tanquam
2394 773 2512 828 quae
2539 768 2750 827 captum
2776 768 3017 811 nostrum
3042 766 3283 823 superet,
3309 755 3472 827 227

1924 850 2129 913 relicta,
2159 850 2483 903 credendum
2524 850 2673 903 nobis
2702 857 2785 902 est
2817 848 3043 916 simplici
3078 848 3303 902 consilio
3333 849 3469 915 Apo-

1920 941 2059 1000 stoli,
2109 942 2197 1009 qui
2234 942 2360 994 dicit
2398 958 2412 994 :
2452 939 2587 993 Nam
2632 941 2853 1010 primunt
2885 941 3091 993 credere
3124 949 3340 1009 oportet,
3365 955 3473 992 esse

1921 1030 2103 1093 Deum,
2130 1042 2176 1084 et
2198 1048 2307 1085 esse
2336 1046 2774 1085 remuneratorem
2807 1032 3157 1101 quaerentibus
3192 1049 3246 1085 se
3266 1031 3330 1083 “.
3355 1031 3469 1086 Non

1920 1123 2059 1177 enim
2104 1122 2441 1190 investigatio
2497 1138 2599 1191 qua
2635 1133 3035 1192 perscrutamur
3079 1123 3205 1191 quid
3248 1125 3338 1186 sit,
3379 1125 3471 1178 sed

1921 1213 2185 1267 confessio
2220 1227 2325 1281 qua
2357 1214 2529 1283 ipsum
2553 1227 2673 1268 esse
2697 1213 3039 1279 confitemur,
3068 1214 3290 1268 salutem
3320 1216 3475 1268 nobis

1922 1306 2190 1361 conciliat.
2225 1305 2402 1373 Quare
2423 1320 2543 1359 cum
2589 1306 3012 1359 demonstratum
3048 1307 3138 1370 sit,
3185 1305 3469 1361 essentiam

1923 1396 2014 1450 Dei
2057 1397 2124 1449 ab
2163 1395 2389 1449 humans
2415 1404 2602 1448 natura
2649 1394 2866 1464 intelligi
2917 1409 2980 1449 ac
3014 1394 3269 1464 explicari
3328 1394 3472 1447 nullo

1921 1485 2078 1538 modo
2106 1498 2263 1550 posse
2283 1523 2298 1548 ,
2340 1484 2603 1552 reliqumn
2628 1494 2705 1537 est
2736 1494 2792 1536 ut
2828 1485 2895 1537 de
2932 1484 3041 1550 ipsa
3069 1484 3472 1553 ingeneratione

1920 1574 2251 1642 inquiramus
2292 1576 2417 1643 quid
2449 1574 2539 1638 sit,
2589 1584 2644 1628 et
2672 1578 2935 1644 quomodo
2984 1589 3099 1629 eam
3135 1576 3187 1630 in
3217 1574 3327 1630 Deo
3352 1576 3470 1629 uni-

1922 1678 2194 1718 versorum
2234 1664 2584 1731 speculemur.

252 1761 569 1831 λειπόμενόν
619 1764 732 1812 ἐστι
775 1760 901 1826 περὶ
965 1758 1063 1828 τῆς
1104 1758 1426 1830 ἀγεννησίας
1481 1762 1648 1832 αὐτῆς
1696 1761 1747 1813 τί
1786 1759 1845 1813 τέ
1880 1761 2014 1822 ἐστι,
2044 1758 2138 1810 καὶ
2176 1755 2292 1820 πῶς
2341 1757 2714 1827 ὲπιθεωρεῖται
2763 1756 2840 1827 τῷ
2866 1757 2983 1828 Θεῷ
3022 1758 3130 1811 τῶν
3171 1757 3305 1811 ὅλων
3330 1755 3469 1822 διεξ,

251 1852 447 1907 ελθεῖν.

326 1944 413 1997 l5.
448 1942 775 2013 Εὐρίσκομεν
820 1936 911 1995 οὖν
964 1940 1320 2012 λογιζόμενοι,
1382 1945 1463 1995 ὅτι
1509 1945 1607 1997 οὐκ
1655 1946 1711 1997 ἐν
1744 1948 1799 2014 τῗ

1985 1938 2072 1992 15.
2134 1936 2449 2006 Reperimus
2512 1938 2693 2006 itaque
2755 1952 2867 1992 rem
2934 1946 3263 2006 reputantes,
3323 1939 3465 2006 quod

247 2036 342 2087 τοῦ
386 2035 436 2087 τί
468 2036 611 2086 ἐστιν
644 2036 987 2104 ἀνερευνήσει
1018 2036 1049 2105 ἡ
1094 2033 1187 2086 τοῦ
1231 2035 1522 2104 ἁγεννήτου
1563 2036 1693 2104 ἡμῖν
1728 2034 1809 2086 έν-

246 2145 366 2180 νοια
389 2126 699 2189 ὑποπίπτει,
726 2126 857 2178 ἀλλὰ
883 2125 1100 2196 μᾶλλον,
1129 2127 1213 2178 ἵνα
1243 2126 1569 2195 βιασάμενος
1597 2125 1705 2196 (97)
1740 2128 1808 2178 εῖ-

248 2237 337 2271 πω
364 2218 454 2271 τὸν
480 2219 654 2286 λόγον,
686 2221 741 2271 ὲν
765 2221 829 2289 τῇ
860 2218 953 2271 τοῦ
988 2221 1133 2279 ὅπως
1169 2212 1331 2271 ἐστίν.
1381 2216 1674 2284 Ἐξετάζων
1702 2218 1807 2288 γὰρ

250 2309 405 2380 ἡμῶν
423 2309 452 2362 ὁ
479 2309 620 2373 νοῦς,
643 2311 690 2362 ei
722 2312 749 2362 ὁ
771 2311 861 2362 ἐπὶ
887 2310 1100 2362 πάντων
1123 2308 1253 2371 Θεὸς
1275 2308 1465 2361 ἑαυτοῦ
1484 2326 1601 2362 τινα
1632 2310 1805 2363 αἰτίαν

246 2400 643 2471 ὑπερκειμένην
692 2400 821 2469 ἔχει,
859 2395 974 2452 εἶτα
1011 2399 1070 2450 οὐ
1114 2399 1404 2469 δυνάμενος
1452 2401 1686 2454 ἐπινοεῖν
1715 2403 1805 2455 οὑ-

244 2493 460 2562 δεμίαν,
490 2492 550 2544 τὸ
576 2492 805 2559 ἄναρχον
831 2489 992 2542 αὐτοῦ
1025 2490 1123 2560 τῆς
1154 2490 1297 2561 ζωῆς
1324 2493 1612 2562 ἀγέννητον
1643 2511 1806 2564 προσ-

243 2587 563 2655 ηγόρευσεν.
614 2583 698 2644 Ὡς
729 2582 837 2653 γὰρ
865 2584 921 2635 ὲν
959 2585 1067 2645 τοῖς
1105 2584 1227 2654 περὶ
1256 2584 1363 2637 τῶν
1396 2585 1694 2656 ἀνθρώπων
1718 2586 1804 2638 λό-

245 2693 381 2743 γοις,
409 2678 535 2727 ὅταν
565 2675 812 2744 λέγωμεν
840 2676 943 2738 ὅτι,
972 2676 1029 2729 '0
1048 2675 1190 2729 δεῖνα
1220 2677 1281 2727 ὲκ
1310 2676 1460 2729 τοῦδε
1488 2677 1801 2745 γέγονεν,οὑ

242 2767 303 2819 τὸ
325 2766 376 2819 τί
404 2769 547 2820 ἐστιν
580 2768 828 2829 ἑκάστου,
858 2766 991 2820 ἀλλὰ
1012 2767 1071 2819 τδ
1095 2766 1214 2820 ὅθεν
1239 2769 1423 2835 γέγονε
1452 2769 1799 2839 διηγούμεθα’

246 2860 390 2914 οὕτω
419 2861 511 2916 καὶ
546 2862 602 2913 ἐν
634 2864 741 2925 τοῖς
767 2865 888 2931 περὶ
912 2860 1045 2914 Θεοῦ
1075 2863 1107 2931 ἡ
1137 2862 1459 2929 ἀγέννητος
1488 2860 1634 2930 φῳνὴ
1655 2861 1713 2912 οὐ
1744 2861 1801 2914 τὸ

243 2952 318 3014 τί,
347 2951 483 3004 ἀλλά
508 2952 567 3005 τὸ
594 2951 702 3022 (98)
736 2952 1042 3021 μηδαμόθεν
1073 2950 1235 3004 αὑτοῦ
1270 2949 1539 3017 σημαίνει.
1577 2949 1728 3002 Οὕτω
1755 2951 1799 3003 δ’

244 3043 309 3097 ἂν
340 3044 663 3114 σαφέστερον
690 3044 717 3095 ὃ
745 3042 885 3110 λέγω
913 3044 1138 3110 γένοιτο.
1181 3041 1236 3090 Ὀ
1260 3039 1641 3111 εὐαγγελιστὴς
1668 3043 1801 3094 Λου-

243 3135 365 3196 κᾶς,
399 3134 496 3204 τὴν
526 3134 664 3187 κατὰ
696 3134 871 3203 σάρκα
901 3131 1244 3197 γενεαλογίαν
1278 3128 1369 3181 τοῦ
1397 3130 1529 3185 Θεοῦ
1567 3133 1657 3185 καὶ
1690 3134 1800 3187 Σω-

250 3227 406 3297 τῆρος
449 3226 603 3297 ἡμῶν
655 3225 824 3295 Ἰησοῦ
874 3224 1102 3294 Χριστοῦ
1153 3225 1514 3297 ἐκτιθέμενος,
1553 3226 1644 3279 καὶ
1694 3226 1799 3280 ἀπὸ

250 3322 346 3374 τῶν
379 3320 697 3373 τελευταίων
726 3318 818 3369 ἐπὶ
857 3319 983 3382 τοὺς
1023 3318 1270 3389 πρώτους
1317 3320 1668 3383 ἀναποδίζων,
1698 3322 1797 3391 ἧρ-

243 3413 367 3477 ξατο
403 3412 500 3481 μὲν
538 3409 643 3462 ἀπὸ
672 3408 764 3461 τοῦ
807 3409 999 3481 Ἰωσήφ
1021 3428 1033 3440 ο
1082 3410 1249 3463 εἰπὼν
1281 3412 1336 3463 δὲ
1366 3411 1551 3464 τοῦτον
1581 3412 1675 3480 μὲν
1707 3410 1799 3463 τοῦ

251 3504 419 3566 Ἠλεὶ,
458 3501 547 3554 τὸν
588 3502 643 3553 δὲ
674 3500 767 3554 τοῦ
798 3503 1052 3565 Ματθάν,
1086 3503 1178 3555 καὶ
1221 3502 1361 3555 οὕτω
1409 3503 1548 3556 κατά
1601 3503 1798 3555 ἀνάλυ-

240 3614 323 3651 σιν
370 3595 478 3665 (99)
529 3596 660 3664 πρὸς
697 3595 788 3647 τὸν
843 3595 1010 3663 Ἀδὰμ
1045 3594 1141 3663 τὴν
1188 3594 1443 3664 ἐξήγησιν
1490 3595 1795 3661 ἐπανάγων,

240 3683 356 3739 εἶτα
390 3683 556 3738 ἐλθὼν
601 3684 693 3737 ἐπὶ
730 3684 855 3746 τοὺς
897 3685 1027 3743 ἀνω,
1065 3683 1158 3735 καὶ
1216 3682 1381 3736 εἰπὼν
1415 3684 1495 3736 ὅτι
1528 3684 1555 3734 ὁ
1590 3682 1693 3752 Σὴθ
1735 3684 1798 3735 ἐκ

244 3778 330 3839 τοῦ
377 3777 568 3849 Ἀδὰμ,
603 3780 631 3831 ὁ
678 3777 734 3830 δὲ
779 3775 946 3844 Ἀδὰμ
991 3776 1054 3826 ὲκ
1100 3772 1191 3825 τοῦ
1228 3773 1381 3836 Θεοῦ,
1424 3771 1653 3827 ἐνταῦθα
1699 3775 1798 3843 τῆς

238 3870 553 3932 ἀναϐάσεως
586 3868 799 3937 ἔληξεν·
836 3868 954 3936 οὐχὶ
980 3865 1079 3929 τὰς
1128 3863 1311 3927 οὐσίας
1344 3866 1420 3931 (1)
1454 3865 1559 3917 τῶν
1595 3864 1795 3936 ἀπηρι-

236 3962 529 4033 θμημένων
568 3960 742 4028 δηλῶν
774 3961 830 4010 ὲν
862 3962 926 4026 τῇ
971 3958 1214 4028 διηγήσει
1247 3957 1343 4026 τῆς
1378 3956 1606 4009 ἑκάστου
1644 3958 1795 4025 γενέ-

236 4073 394 4117 σεως,
426 4052 558 4107 ἀλλά
586 4052 684 4112 τὰς
720 4053 999 4122 προσεχεῖς
1031 4049 1202 4120 ἀρχὰς
1234 4049 1323 4118 ἀφ’
1358 4042 1424 4119 ἧς
1448 4049 1675 4112 ἕκαστος
1706 4050 1796 4116 γέ-

233 4162 393 4215 γονεν
430 4142 792 4214 ἐκτιθέμενος.
830 4142 1035 4210 Ὥσπερ
1069 4137 1160 4193 οὖν
1195 4142 1397 4203 ἐκεῖνος
1439 4134 1610 4201 εἶπεν,
1640 4139 1718 4191 ὅτι
1764 4139 1793 4190 ὁ

1911 2046 2013 2086 non
2060 2031 2111 2083 in
2169 2030 2517 2093 scrutatione,
2576 2044 2677 2099 qua
2725 2031 2851 2097 quid
2892 2029 2963 2084 sit
3001 2039 3321 2092 scrutamur,
3382 2031 3465 2084 in-

1908 2123 2070 2192 geniti
2133 2121 2285 2176 nobis
2351 2122 2495 2175 notio
2554 2122 2759 2177 accedit
2808 2140 2822 2177 :
2869 2122 2961 2176 sed
3007 2122 3203 2191 potius,
3258 2130 3318 2175 ut
3369 2135 3461 2176 co-

1908 2222 2054 2267 actus
2092 2212 2408 2265 sententiam
2437 2211 2630 2277 dicam,
2684 2212 2735 2265 in
2762 2212 3108 2277 scrutatione,
3158 2227 3261 2284 qua
3309 2226 3462 2267 scru-

1907 2313 2082 2358 tamur
2136 2303 2406 2373 quomodo
2459 2303 2548 2357 sit.
2609 2302 2741 2357 Nam
2799 2319 2917 2357 cum
2953 2319 3103 2359 mens
3142 2314 3325 2360 nostra
3368 2321 3465 2361 ex-

1905 2401 2087 2470 pendit
2133 2416 2201 2455 an
2255 2400 2397 2455 Deus
2440 2399 2528 2470 qui
2582 2408 2665 2455 est
2716 2413 2875 2468 super
2925 2402 3104 2455 omnia
3125 2401 3194 2467 ⁸⁵,
3244 2416 3458 2457 causam

1904 2493 2137 2561 aliquam
2191 2505 2247 2547 se
2296 2492 2629 2561 superiorem
2674 2490 2891 2559 habeat,
2923 2506 3022 2547 nec
3072 2505 3245 2548 tamen
3300 2493 3460 2547 ullam

1905 2585 2215 2653 excogitare
2245 2592 2449 2653 potest,
2490 2583 2609 2651 ejus
2647 2584 2809 2637 vitam
2844 2583 3108 2653 principio
3149 2591 3420 2639 carentem
3442 2624 3459 2651 ,

1906 2677 2197 2746 ingenitum
2224 2676 2539 2744 ’appellavit.
2578 2674 3037 2741 Quemadmodum
3074 2677 3219 2728 enim
3250 2676 3304 2729 in
3349 2692 3462 2730 ser-

1904 2768 2149 2821 monibus
2183 2766 2270 2835 qui
2304 2766 2373 2820 de
2400 2766 2709 2820 hominibus
2750 2764 3122 2830 instituuntur,
3162 2781 3286 2820 cum
3321 2766 3458 2821 dici-

1904 2873 2057 2912 mus:
2093 2857 2191 2913 llic
2220 2872 2284 2913 ex
2315 2856 2404 2911 illo
2439 2867 2598 2912 natus
2628 2866 2747 2923 est;
2779 2871 2882 2910 non
2913 2858 3039 2926 quid
3068 2860 3158 2920 sit.
3194 2860 3288 2914 sed
3320 2861 3459 2914 unde

1902 2960 2057 3005 natus
2083 2950 2174 3015 sit,
2205 2961 2485 3009 narramus
2511 2967 2523 3001 :
2551 2950 2630 3003 sic
2651 2957 2705 3001 et
2733 2949 2785 3002 in
2811 2948 2876 3005 iis
2896 2951 2985 3018 qui
3023 2950 3088 3003 de
3114 2949 3221 3006 Deo
3253 2950 3458 3004 haben-

1902 3052 1987 3096 tur
2015 3042 2369 3106 sermonibus,
2397 3055 2497 3094 vox
2519 3039 2777 3108 ingenitus
2801 3054 2903 3094 non
2932 3041 3058 3113 quid
3089 3042 3178 3105 sit,
3209 3041 3303 3094 sed
3330 3055 3453 3095 eum

1901 3136 1966 3189 ab
1998 3136 2104 3189 alio
2148 3148 2253 3187 non
2298 3147 2419 3188 esse
2468 3134 2753 3201 significat.
2799 3134 2950 3200 Quod
2985 3143 3160 3189 autem
3197 3134 3353 3200 dico,
3405 3133 3457 3187 id

1900 3227 2001 3281 hoc
2031 3228 2191 3282 modo
2219 3227 2310 3283 fiet
2336 3227 2507 3296 magis
2534 3228 2900 3294 perspicuum.
2924 3227 3098 3283 Lucas
3125 3228 3451 3297 evangelista

1901 3318 2263 3390 genealogiam
2314 3321 2403 3375 Dei
2444 3330 2499 3375 et
2544 3320 2839 3377 Salvatoris
2886 3322 3054 3377 nostri
3092 3320 3215 3377 Jesu
3252 3322 3452 3377 Christi

1900 3412 2189 3465 secundum
2222 3427 2436 3466 carnem
2468 3427 2761 3481 exponens,
2791 3422 2846 3466 et
2891 3412 2958 3467 ab
3004 3412 3210 3467 ultimis
3241 3413 3306 3467 ad
3341 3414 3454 3482 pri-

1901 3516 2015 3556 mos
2039 3503 2265 3562 rediens.
2304 3503 2503 3572 incepit
2528 3504 2744 3574 quidem
2773 3519 2800 3556 a
2824 3503 3022 3573 Joseph
3047 3518 3063 3555 :
3090 3503 3182 3558 sed
3207 3503 3295 3558 ubi
3321 3505 3455 3558 dixit

1902 3593 2043 3648 hunc
2091 3592 2205 3645 Heli
2255 3608 2394 3658 esse,
2440 3595 2581 3648 hunc
2611 3608 2739 3649 vero
2772 3594 3006 3659 Mathan,
3044 3594 3231 3664 sicque
3266 3595 3456 3651 ordino

1901 3686 2114 3739 inverso
2148 3688 2212 3737 ad
2240 3686 2409 3738 Adam
2438 3701 2610 3755 usque
2633 3687 3004 3741 narrationem
3037 3687 3307 3757 perduxit,
3342 3697 3450 3741 tum

1904 3775 1969 3828 ad
2008 3776 2316 3843 superim-es
2359 3791 2696 3846 progressus,
2727 3791 2848 3831 cum
2898 3778 3124 3833 dixisset
3166 3775 3296 3833 Seth
3332 3793 3452 3834 esse

1900 3881 1965 3920 ex
1998 3867 2187 3933 Adam,
2219 3870 2388 3922 Adam
2414 3882 2543 3925 vero
2568 3884 2634 3925 ex
2668 3869 2797 3935 Deo,
2828 3870 2917 3924 hic
2955 3884 3237 3925 ascensum
3271 3870 3453 3924 termi-

1901 3958 2049 4011 navit
2078 3958 2140 4010 ".
2176 3958 2280 4014 Nec
2310 3967 2508 4025 tamen,
2549 3976 2670 4015 cum
2700 3959 3125 4031 uniuscujusque
3149 3964 3451 4032 generatio-

1899 4065 2022 4104 nem
2056 4063 2320 4118 narraret,
2362 4067 2548 4108 eorum
2583 4053 2673 4124 qni
2716 4056 3014 4109 ennmerati
3056 4054 3273 4108 fuerant
3305 4054 3450 4108 indi-

1898 4142 2039 4195 cavit
2072 4144 2372 4197 essentias:
2406 4142 2500 4199 sed
2528 4143 2761 4213 origines
2791 4143 3064 4212 proximas
3090 4143 3234 4199 unde
3268 4158 3445 4199 unus-

303 4329 348 4362 ⁸³
374 4327 505 4381 Dan.
544 4340 637 4389 vn,
668 4325 722 4378 9.
795 4323 842 4356 "
872 4322 1034 4378 llebr.
1064 4336 1140 4385 xI,
1168 4320 1219 4373 6.
1294 4320 1337 4351 ⁸⁸
1366 4318 1524 4372 Rom.
1556 4332 1632 4380 ις,
1663 4314 1714 4368 5.
1794 4318 1799 4345 ¹

1902 4333 2005 4372 .nc.
2038 4332 2118 4380 Ill,
2145 4318 2333 4373 23—58.

310 4488 419 4559 (95)
451 4486 626 4559 Codex
653 4500 813 4559 _unus_
853 4482 1174 4553 ἀφεμένους.
1208 4480 1309 4559 Alii
1360 4483 1623 4559 quinque.
1647 4493 1775 4532 mss.
1812 4483 1859 4540 υ

233 4549 355 4613 ςἰιιή
393 4549 618 4622 vulgatis
642 4549 928 4622 ἀφεμένοις
962 4549 975 4607 Ξ
1005 4568 1161 4622 quam
1193 4552 1509 4622 scripturam
1532 4549 1777 4601 vitiosam

233 4644 353 4685 esse
379 4618 727 4680 Corribelisitis
752 4618 978 4675 credidit
1004 4618 1037 4687 ;’
1055 4632 1107 4676 et
1141 4622 1213 4673 ita
1241 4621 1380 4674 hunc
1404 4618 1574 4687 locum
1603 4632 1786 4671 emen-

232 4701 399 4760 davit,
436 4706 491 4750 ιιι
522 4710 615 4766 pro
637 4690 925 4766 ἀφεμένοις
954 4685 1091 4760 legat
1112 4688 1416 4766 Δἀφεμένης.
1448 4685 1641 4741 Fateor
1671 4688 1787 4754 qui-

236 4772 356 4822 dem
404 4762 540 4820 liane
569 4764 994 4819 emendationem
1045 4762 1217 4828 primo
1262 4766 1476 4828 aspectu
1540 4772 1787 4828 necessa-

238 4844 373 4892 riam
401 4836 565 4889 videri
621 4851 635 4886 :
673 4835 763 4887 sed
806 4832 847 4887 si
900 4826 1159 4897 quispiam
1197 4826 1507 4895 rem'paulo
1533 4827 1783 4897 attentius

235 4907 558 4962 consideret.
608 4904 888 4958 lectionem
918 4895 1074 4953 aliain
1106 4900 1316 4955 defendi
1357 4911 1514 4966 posse,
1545 4895 1783 4966 fortasse

236 4992 341 5030 non
382 4975 613 5043 negabit,
649 4984 756 5025 tum
793 4973 861 5026 ob
883 4982 1201 5043 consensum
1234 4964 1471 5043 veterum
1504 4964 1779 5043 librorum,

236 5057 345 5101 tum
372 5036 508 5114 quae
535 5036 633 5114 vox
661 5044 792 5114 ἡμῖν
827 5041 991 5114 possit
1026 5037 1279 5114 suppleri,
1317 5038 1421 5114 hoc
1440 5036 1596 5087 modo
1622 5052 1634 5087 :
1665 5050 1782 5114 erat:

235 5105 401 5169 στέρν’
418 5116 545 5185 ἡμῖν
572 5105 859 5185 ἀφεμένοις
885 5111 981 5185 τῆς
1019 5106 1154 5160 κατὰ
1179 5107 1291 5185 τὴν.
1308 5108 1363 5158 οὐ
1375 5106 1490 5185 σίαν
1532 5143 1544 5157 .
1572 5141 1587 5156 .
1613 5143 1626 5185 ς
1650 5141 1662 5154 .
1715 5105 1777 5173 τῇ

231 5187 400 5256 ἁπλῇ,
434 5175 536 5238 etc.
580 5175 768 5256 Νοῦἱι,
807 5175 1070 5256 curiosum
1108 5175 1341 5256 essentne
1389 5175 1778 5256 indagationein

232 5243 601 5314 amitientibus,
650 5248 959 5304 credendum
992 5258 1064 5302 est
1096 5246 1334 5313 simplici.
1375 5253 1480 5298 elc.
1514 5243 1580 5297 Et
1632 5252 1778 5314 certe

231 5340 353 5376 cum
392 5313 594 5378 Latine
632 5322 734 5375 dici
769 5319 957 5389 possit,
984 5314 1493 5389 nobisucredendum
1527 5323 1599 5389 est
1647 5313 1779 5389 ᾼρρ-

230 5395 388 5455 stolo,
431 5409 533 5447 non
582 5393 733 5444 video
767 5383 862 5443 cur
898 5387 1081 5441 Graece
1125 5387 1226 5440 dici
1277 5400 1393 5455 non
1428 5383 1612 5451 possit,
1645 5383 1776 5451 ἡμῖν

231 5454 476 5516 πειστέον
507 5461 585 5533 τῷ
617 5458 920 5533 Ἀποστόλῳ
977 5474 990 5509 :
1024 5471 1129 5533 quo
1160 5455 1333 5533 semel
1366 5454 1510 5533 dato,
1551 5466 1649 5533 vox
1676 5456 1777 5533 ῥιφ-

229 5536 442 5602 εμένοις
471 5535 534 5585 ad
557 5522 902 5602 ἴνορεειιιὴμῖν⁷
920 5536 1007 5602 aut
1032 5526 1099 5602 ad
1128 5526 1351 5602 similem
1372 5522 1650 5575 referetur.
1675 5522 1775 5573 Le—

229 5592 371 5670 gitur
400 5592 450 5654 iii
502 5618 605 5655 uno
632 5592 811 5653 codice
837 5608 889 5652 et
919 5601 968 5651 in
1017 5597 1258 5670 vulgatis
1277 5592 1525 5659 λέγοντος
1553 5608 1775 5644 πιστευ-

226 5665 365 5726 τέον.
396 5672 498 5727 Alii
523 5686 651 5725 mss.
680 5670 879 5723 habent
913 5666 1177 5727 πειστέον,
1204 5665 1469 5730 λέγοντος.

296 5745 407 5815 (96)
448 5742 584 5795 Editi
627 5750 681 5815 et
719 5754 853 5815 unus
907 5740 1072 5790 codex
1117 5734 1386 5805 σωτηρίαν
1449 5730 1623 5802 ἡμῶν.
1669 5730 1770 5787 Alii

228 5810 458 5883 quinque
488 5826 615 5865 mss.
654 5810 803 5878 ἡμῖν.

499 5907 767 5965 Ρλτιιοι.
814 5903 930 5962 Gn.
978 5900 1207 5960 XXlX.

1956 4474 2065 4546 (97)
2098 4474 2248 4533 Illud.
2278 4477 2361 4531 ἵνα
2395 4478 2737 4549 βιασάμενος.
2762 4488 2890 4544 etc.,
2932 4480 3003 4534 ita
3029 4489 3264 4536 verterat
3288 4481 3444 4537 inter-

1889 4561 2054 4614 pres:
2087 4555 2141 4596 ut
2177 4551 2326 4614 quasi
2352 4560 2560 4602 coactus
2594 4552 2691 4601 hoc
2724 4550 2895 4602 dicam
2919 4550 3146 4606 verbum.
3181 4552 3250 4604 At
3278 4552 3439 4607 Com-

1889 4613 2126 4677 befisius,
2151 4613 2346 4682 rejecta
2373 4618 2474 4671 hac
2502 4619 2959 4686 interpretatione,
2992 4621 3129 4673 hunc
3156 4620 3328 4676 locum
3361 4623 3439 4677 sic

1887 4686 2189 4757 expressit:
2222 4701 2278 4740 ut
2308 4688 2600 4741 doctrinam
2628 4689 2860 4757 proferre
2904 4691 3061 4742 nitar.
3101 4690 3318 4745 Videtur
3343 4691 3440 4745 Ba-

1886 4754 2037 4808 silius
2093 4755 2191 4809 lioc
2226 4760 2341 4809 loco
2364 4754 2637 4811 excusare
2667 4754 2819 4813 sede
2853 4760 3069 4813 minutis
3117 4759 3221 4813 illis
3249 4760 3433 4823 rebus,

1884 4837 2002 4891 qua:
2037 4823 2101 4877 ad
2131 4825 2344 4879 scholas
2370 4831 2659 4893 pertinent,
2682 4838 2734 4880 et
2758 4830 2823 4879 ad
2847 4828 3251 4896 grammaticam
3277 4847 3290 4893 ;
3328 4846 3436 4883 mn-

1886 4904 2082 4967 netque
2127 4896 2347 4967 invitum
2386 4912 2443 4951 se
2493 4897 2575 4951 liis
2605 4898 2657 4950 in
2683 4897 2831 4967 tricis
2859 4898 3077 4967 morari.
3106 4898 3180 4952 Ex
3207 4915 3314 4967 quo
3344 4901 3443 4953 in»

1886 4964 2141 5035 telligitur
2167 4966 2655 5033 interpretationem
2686 4966 3022 5035 Trapezuntii
3068 4983 3096 5021 ιι
3129 4964 3304 5023 mente
3333 4968 3431 5023 Ba-

1882 5034 1985 5085 silii
2021 5047 2121 5084 non
2161 5035 2229 5087 ita
2273 5037 2498 5089 alienam
2528 5036 2715 5099 videri,
2754 5046 2984 5092 nectam
3018 5036 3174 5093 facile
3204 5054 3232 5092 ti
3268 5036 3430 5096 Com-

1881 5102 2067 5156 befisio
2098 5105 2363 5171 repudiari
2392 5107 2653 5159 debuisse.

1951 5172 2061 5241 (98)
2101 5172 2278 5227 Codex
2320 5190 2455 5228 unus
2486 5176 2547 5227 οὐ
2579 5175 2640 5227 τὸ
2674 5176 2725 5229 τί
2774 5177 2939 5241 ἐστιν,
2989 5175 3124 5229 ἀλλά
3170 5177 3254 5231 τό.
3311 5178 3430 5233 Mox

1877 5243 2007 5365 gili‘ti
2054 5251 2106 5295 et
2159 5258 2300 5300 unus
2344 5259 2443 5299 ms.
2487 5245 2683 5298 οὑτωσὶ
2733 5246 2777 5298 δ’
2817 5245 2899 5299 ἀν.
2948 5244 3050 5300 Alii
3112 5262 3240 5302 mss.
3291 5249 3431 5303 οὕτω

1984 5330 2031 5363 ν.

1984 5330 2031 5363 ν.

1950 5381 2060 5450 (99)
2099 5380 2261 5449 Illud,
2314 5384 2453 5438 κατά
2503 5384 2601 5454 τὴν
2652 5386 2926 5450 ἀνάλυσιν,
2979 5385 3048 5439 ita
3094 5388 3162 5441 ad
3207 5387 3428 5443 verbum

1884 5454 2372 5523 vertitiinterpres
2417 5472 2429 5504 ε
2483 5472 2575 5523 per
2648 5458 3030 5510 resolutionem.
3085 5455 3179 5510 Eat
3249 5469 3429 5513 autem

1876 5536 2041 5589 genus
2073 5522 2359 5589 loquendi,
2405 5522 2511 5592 quo
2551 5523 2723 5581 Graeci
2761 5528 2836 5580 uti
2874 5526 3138 5589 solebant,
3187 5540 3308 5582 cum
3346 5544 3433 5585 res

1877 5592 2053 5659 aliqua
2111 5593 2323 5648 inverso
2375 5595 2563 5648 ordine
2616 5608 2774 5666 atque
2830 5606 3159 5667 praepostero
3212 5598 3429 5654 dicere-

1876 5669 1979 5713 tur.

1945 5731 2021 5802 (1)
2056 5732 2273 5802 Antiqui
2324 5742 2431 5789 tres
2474 5734 2593 5787 libri
2643 5737 2702 5788 οὐ
2749 5737 2848 5800 τὰς
2894 5736 3100 5800 οὐσίας.
3147 5737 3266 5793 Mox
3301 5739 3428 5797 editi

1875 5799 2183 5871 ἐκθέμενος.
2203 5799 2282 5858 Ἀι
2321 5819 2450 5859 mss.
2480 5805 2627 5859 multi
2656 5799 3021 5877 ἐκτιθέμενος.

3046 5902 3119 5961 18
