4026 6444
579 365 686 422 ΞΠ

1883 361 1938 415 S.
1985 362 2225 418 BASILII
2267 363 2482 420 MAGNI

3700 366 3802 422 548

576 487 806 554 quisque
833 489 986 534 natus
1007 485 1172 540 esset,
1190 476 1458 546 exposuit.
1485 476 1947 543 Quemadmodum
1974 479 2134 546 igitur

2249 481 2416 548 Ἀδὰμ
2457 483 2519 533 ἐκ
2547 480 2638 532 τοῦ
2669 480 2803 533 Θεοῦ
2824 497 2836 510 ·
2863 480 3033 542 οὕτως
3071 481 3230 550 ἡμεῖς
3255 480 3480 544 ἑαυτοὺς
3509 481 3774 551 ἐρωτήσω
3792 511 3804 522 ο

579 577 666 630 ille
697 573 834 627 dixit
862 572 1030 624 Adam
1066 583 1133 622 ex
1168 569 1278 620 Deo
1307 583 1428 623 esse
1457 587 1469 621 :
1515 568 1593 621 sic
1632 583 1731 622 nos
1773 570 2135 636 nosmetipsos

579 674 974 737 pcrcontemur,
1008 663 1147 715 Deus
1175 670 1352 713 antem
1382 676 1444 712 ex
1478 660 1623 728 quo?
1655 659 1844 712 Nonne
1867 660 1917 712 in
1949 662 2134 711 unius-

576 759 836 828 cujusque
889 765 1070 809 mente
1119 762 1422 822 promptum
1467 754 1629 806 l‘nerit
1679 753 2024 819 respondere,
2070 767 2134 806 ex

578 851 762 905 nullo?
791 849 943 915 Quod
970 855 1147 899 autem
1171 861 1233 899 ex
1265 846 1407 899 nullo
1434 855 1542 906 est,
1575 846 1759 914 utique
1789 846 1906 898 sine
1938 844 2138 911 princi-

577 944 664 1009 pio
693 950 776 992 est
805 957 818 992 :
847 948 900 992 et
947 939 1086 1006 quod
1131 939 1248 992 sine
1291 938 1558 1006 principio
1596 947 1679 990 est
1705 976 1720 999 ,
1757 936 1808 988 id
1843 936 2135 1004 ingenitum

578 1041 682 1086 est.
721 1031 872 1085 Sicut
909 1045 1036 1100 ergo
1076 1030 1129 1084 in
1165 1029 1476 1082 hominibus
1509 1027 1658 1097 origo
1697 1041 1763 1080 ex
1792 1027 1996 1094 aliquo,
2030 1042 2133 1080 non

578 1133 866 1177 esteorum
899 1122 1133 1175 essentia
1166 1137 1179 1171 :
1209 1121 1289 1175 sic
1321 1133 1498 1188 neque
1533 1120 1586 1172 in
1615 1119 1722 1172 Deo
1760 1119 2130 1171 universorum

580 1213 750 1280 ipsum
782 1211 1078 1281 ingenitmn
1107 1210 1246 1277 quod
1276 1208 1415 1263 idem
1441 1218 1525 1261 est
1549 1217 1708 1277 atque
1730 1224 1795 1262 ex
1827 1208 1970 1262 nullo
1992 1224 2131 1272 esse,

578 1303 694 1369 ejus
723 1305 1017 1357 essentiam
1046 1302 1209 1372 228
1258 1301 1440 1355 dicere
1469 1315 1766 1367 possumus.
1812 1299 1980 1360 Porro
2015 1316 2138 1355 esse

578 1396 696 1448 sine
728 1395 996 1463 principio
1018 1430 1034 1457 ,
1062 1393 1350 1446 essentiam
1390 1406 1511 1445 esse
1536 1393 1623 1460 qui
1655 1393 1803 1452 dicit.
1844 1410 1947 1447 non
1981 1395 2138 1447 aliter

581 1489 711 1540 facit
752 1500 816 1539 ac
855 1485 900 1538 si
944 1485 1067 1554 quis
1115 1486 1476 1553 interrogatus
1533 1498 1650 1552 qua:
1707 1482 1872 1536 fuerit
1905 1485 2135 1538 essentia

579 1579 728 1643 Ade,
751 1587 806 1632 et
830 1592 947 1647 qua:
969 1576 1136 1645 ipsius
1163 1584 1376 1637 natura,
1405 1575 1746 1645 respondeat,
1773 1591 1875 1630 non
1901 1591 1965 1629 ex
1990 1577 2134 1629 coitu

580 1673 681 1726 viri
722 1681 776 1726 et
811 1670 1090 1733 mulieris,
1139 1667 1234 1722 sed
1293 1667 1474 1720 divina
1522 1681 1682 1720 manu
1735 1665 2134 1720 conformatum

580 1779 702 1819 eum
736 1763 922 1817 fuisse.
957 1762 1046 1826 At,
1077 1761 1283 1828 inquiet
1310 1761 1450 1829 quis,
1481 1775 1586 1814 non
1621 1758 1835 1812 modum
1869 1772 1976 1828 quo
2007 1758 2133 1812 sub-

2243 586 2355 636 μεν,
2391 571 2419 619 ὁ
2453 569 2508 621 δὲ
2540 569 2669 630 Θεὸς
2702 571 2762 620 ἐκ
2793 569 2969 632 τίνος;
3009 563 3151 638 Ἄρα
3187 570 3307 637 οὐχ),
3341 570 3626 640 πρόχειρόν
3661 571 3804 623 ἐστιν

2239 661 2295 710 ἐν
2323 663 2386 730 τῇ
2419 660 2630 729 ἑκάστῳ
2655 660 2880 730 διανοίᾳ,
2913 661 2991 712 ὃτι
3018 661 3073 726 ἐξ
3104 661 3346 724 οὐδενός;
3378 662 3450 713 Τὸ
3492 661 3550 713 δὲ
3592 661 3653 727 ἐξ
3685 661 3804 712 οὑδ-

2239 751 2354 812 ενὺς
2383 751 2440 803 τὸ
2464 752 2694 821 ἄναρχόν
2727 754 2841 804 ἐστι
2865 752 3124 820 δηλονότι·
3151 753 3211 805 τὸ
3236 753 3291 805 δὲ
3313 753 3543 823 ἄναρχον
3568 753 3630 806 τὸ
3654 753 3806 821 ἀγένο

2238 858 2414 911 νητον.
2457 844 2542 904 Ὡς
2573 840 2663 896 οὖν
2693 845 2784 896 ἐπὶ
2813 844 3109 914 ἀνθρώπων
3139 846 3240 896 οὐκ
3263 839 3330 914 ἧν
3360 845 3513 897 οὐσία
3546 845 3605 897 τὸ
3639 845 3702 897 ἐκ
3729 863 3805 896 τι·

2239 949 2345 995 νος,
2371 933 2539 997 οῦτως
2555 936 2672 988 οὐδὲ
2695 937 2786 987 ἐπὶ
2809 936 2901 988 τοῦ
2928 935 3058 989 θεοῦ
3081 936 3187 988 τῶν
3209 937 3344 990 ὅλων
3361 937 3546 990 οὐσίαν
3567 939 3712 989 ἐστὶν
3735 940 3806 989 εί·

2239 1029 2360 1078 πεῖν
2400 1027 2461 1079 τὸ
2497 1029 2789 1098 ἀγέννητον
2824 1029 2898 1098 (9.)
2923 1047 2934 1060 ο
2969 1031 3104 1100 ὅπερ
3142 1028 3256 1082 ἴσον
3291 1031 3408 1083 ἐστὶ
3450 1029 3526 1100 τῷ
3575 1029 3634 1093 ἐξ
3684 1031 3802 1083 οὑδ-

2237 1117 2372 1180 ενός.
2423 1119 2480 1170 Ὀ
2501 1119 2555 1172 δὲ
2587 1120 2645 1172 τὸ
2676 1121 2907 1191 ἄναρχον
2930 1121 3114 1174 οὐσίαν
3147 1118 3284 1175 εἶναι
3316 1122 3486 1189 λέγων
3517 1123 3805 1192 παραπλή-

2239 1225 2349 1260 σιον
2387 1213 2562 1274 ποιεῖ,
2601 1211 2789 1283 ὥσπερ
2820 1213 2884 1266 ἂν
2913 1213 2965 1265 εἴ
2992 1231 3095 1276 τις,
3129 1213 3499 1284 ἐρωτώμενος,
3533 1213 3616 1276 τίς
3650 1216 3682 1283 ἡ
3715 1215 3804 1267 τοῦ

2248 1299 2417 1369 Ἀδὰμ
2451 1301 2627 1365 οὐσία,
2669 1304 2763 1356 καὶ
2791 1303 2873 1367 τίς
2922 1307 2954 1374 ἡ
3002 1304 3160 1372 φύσις
3211 1305 3438 1374 αὺτῷ;ὀ
3481 1305 3537 1357 δὲ
3577 1305 3805 1373 ἀποκρί-

2235 1407 2396 1454 νοιτο,
2452 1392 2525 1463 μὴ
2562 1393 2634 1462 (5)
2680 1396 2740 1446 ἐκ
2789 1395 3126 1464 συνδυασμοῦ
3171 1396 3360 1465 ἀνδρὸς
3400 1397 3492 1449 καὶ
3528 1397 3801 1464 γυναικδς,

2235 1483 2348 1534 ἀλλ’
2402 1486 2465 1536 ἐκ
2505 1487 2601 1555 τῆς
2640 1486 2784 1549 Θείας
2832 1488 3009 1558 χειρὸς
3042 1488 3454 1558 διαπλασθῆναι.
3513 1489 3651 1541 Ἀλλ’
3690 1488 3804 1557 οὐχὶ

2234 1574 2324 1627 τὸν
2350 1578 2550 1647 τρόπον
2572 1578 2668 1647 τῆς
2698 1580 3044 1643 ὑποστάσεως
3074 1580 3334 1651 ἐπιζητῶ,
3359 1582 3580 1650 φήσειεν
3608 1582 3673 1634 ἀν
3701 1597 3802 1643 τις,

2234 1667 2349 1720 ἀλλ’
2385 1668 2516 1720 αὐτὸ
2557 1669 2649 1721 τοῦ
2702 1671 2988 1742 ἀνθρώπου
3035 1674 3092 1725 τὸ
3131 1673 3312 1726 ὑλικὸν
3356 1673 3742 1742 ὑποκείμενον·
3777 1672 3804 1724 δ

2236 1759 2429 1812 πολλοῦ
2465 1761 2567 1813 δέω
2599 1762 2887 1830 μανθάνειν
2920 1765 3006 1817 διὰ
3036 1766 3133 1835 τῆς
3163 1766 3520 1836 ἀποκρίσεως.
3552 1765 3721 1818 Τοῦτο
3748 1766 3802 1818 δὲ

586 1859 764 1920 sistat,
800 1855 1030 1922 inquiro,
1073 1853 1165 1906 sed
1202 1855 1374 1921 ipsum
1412 1851 1692 1907 materiale
1740 1852 1972 1904 hominis
2005 1851 2135 1905 sub-

2242 1854 2329 1905 καὶ
2367 1855 2496 1923 ἡμῖν
2531 1856 2810 1923 συμϐαίνει
2845 1858 2908 1908 ὲκ
2939 1857 3036 1926 τῆς
3061 1857 3153 1908 τοῦ
3183 1859 3512 1926 ἀγεννήτου
3531 1857 3715 1928 φωνῆς
3744 1859 3802 1910 τὸ

578 1951 779 2019 jectum
811 1965 827 2002 :
868 1946 1012 2017 quod
1047 1945 1204 2016 longe
1239 1946 1425 1999 absum
1473 1953 1531 1996 ut
1564 1943 1766 1996 discam
1816 1956 1882 1995 ex
1912 1957 2134 2010 respon-

581 2044 750 2098 sione.
788 2040 900 2095 Hoc
945 2049 1123 2093 autem
1177 2039 1333 2092 nobis
1381 2037 1544 2090 etiam
1592 2034 1876 2103 contingit,
1917 2049 2039 2087 cum
2071 2049 2136 2088 ex

584 2135 805 2206 inqeniti
839 2147 965 2186 voce
1012 2131 1181 2199 magis
1211 2129 1484 2198 quomodo
1519 2128 1660 2184 Deus
1689 2129 1796 2193 sit,
1830 2141 1992 2196 quam
2021 2140 2140 2195 qua

583 2231 652 2283 sit
681 2228 798 2297 ejus
828 2237 1014 2281 natura
1048 2226 1397 2279 edoceamur.

655 2318 738 2373 16.
782 2316 836 2370 In
863 2331 1096 2378 summa,
1130 2315 1171 2367 si
1205 2314 1329 2382 quis
1356 2311 1783 2367 velitveritatem
1805 2326 1988 2366 eorum
2021 2325 2140 2382 quae

583 2429 612 2466 a
654 2411 808 2465 nobis
839 2409 1092 2463 dicuntur
1124 2407 1456 2475 perdiscere,
1492 2419 1549 2458 se
1579 2403 1695 2472 ipse
1725 2414 2095 2471 perscrutetur
2123 2423 2136 2458 :

584 2518 711 2557 num
737 2502 802 2553 ad
836 2500 1055 2567 ingeniti
1096 2498 1368 2550 notionem
1401 2494 1681 2562 perveniat
1713 2503 1847 2557 tum,
1882 2509 2002 2546 cum
2030 2495 2144 2548 vult

582 2593 785 2663 aliquid
812 2593 876 2645 de
901 2591 1006 2643 Deo
1031 2587 1348 2656 intelligere.
1374 2585 1485 2655 Ego
1513 2585 1761 2655 equidem
1794 2584 1973 2648 video,
1999 2587 2140 2654 quod

583 2682 909 2754 cogitatione
963 2679 1109 2733 velut
1157 2677 1440 2731 inventura
1497 2672 1690 2728 sarcula
1741 2682 1981 2737 extenta,
2038 2672 2143 2726 line

586 2785 858 2832 carentem
899 2772 1126 2826 dicimus
1149 2783 1294 2833 eum,
1321 2766 1478 2836 cujus
1505 2765 1610 2818 vita
1643 2764 1790 2819 nullo
1821 2765 1927 2819 (lue
1955 2765 2142 2817 termi-

585 2879 793 2924 natur:
838 2867 908 2920 ita
955 2865 1112 2918 etiam
1168 2862 1294 2914 dum
1343 2860 1408 2912 ad
1448 2859 1726 2927 superiora
1768 2857 1963 2911 saecula
2011 2872 2141 2910 con-

589 2961 904 3016 scendentes
932 2954 1274 3024 cogitatione,
1302 2962 1463 3020 atque
1491 2952 1544 3005 in
1577 2951 1995 3004 immensitatem
2019 2952 2144 3005 vita:

591 3053 680 3106 Dei
723 3050 866 3104 velut
900 3049 951 3100 in
1005 3053 1216 3099 vastum
1258 3043 1527 3111 quoddam
1581 3041 1802 3111 pelagus
1851 3041 2140 3106 intuentes,

2235 1948 2380 2010 ὅπως
2401 1946 2495 2000 τοῦ
2522 1947 2656 2000 Θεοῦ
2695 1949 2889 2002 μᾶλλον
2919 1949 2951 2019 ἢ
2979 1949 3149 2020 αὐτὴν
3179 1951 3278 2020 τὴν
3306 1950 3466 2018 φύσιν
3493 1949 3802 2020 διδασκομέ-

2237 2059 2365 2105 νοις.

2309 2319 2396 2374 16.
2443 2319 2618 2384 Ὀλως
2662 2319 2718 2372 δὲ
2764 2319 2815 2371 ετ
2855 2335 2938 2381 τις
2980 2315 3218 2387 βούλοιτο
3261 2315 3359 2387 τὴν
3401 2315 3656 2386 ἀλήθειαν
3700 2315 3806 2368 τῶν

2242 2413 2368 2482 παρ’
2411 2413 2564 2482 ἡμῶν
2608 2413 2914 2483 λεγομένων
2955 2409 3308 2481 καταμαθεῖν,
3353 2407 3540 2460 ἑαυτὸν
3583 2409 3804 2477 ἀνερευ-

2243 2502 2414 2553 νάτω·
2448 2503 2574 2554 ὅταν
2606 2520 2658 2555 τι
2689 2504 2875 2573 νοῆσαι
2914 2501 3021 2555 τῶν
3049 2502 3173 2573 περὶ
3199 2500 3331 2553 Θεοῦ
3362 2499 3613 2570 βουληθῇ,
3652 2502 3701 2552 εί
3729 2500 3806 2562 είς

2241 2591 2300 2643 τὸ
2337 2594 2727 2662 σημαινόμενον
2758 2595 2831 2663 (4)
2860 2595 2951 2648 τοῦ
2981 2595 3271 2665 ἀγεννήτου
3303 2593 3488 2663 χωρεῖ.
3537 2590 3677 2658 Ἐγὼ
3712 2592 3807 2661 μιν

2241 2680 2349 2750 γὰρ
2387 2678 2516 2749 ὁρῶ,
2555 2681 2658 2738 ὅτι,
2696 2679 2882 2751 ὥσπερ
2917 2683 3026 2744 τοῖς
3080 2680 3462 2750 ἐπερχομένοις
3504 2676 3665 2730 αἰῶσι
3709 2678 3808 2747 τὴν

2240 2774 2474 2826 διάνοιαν
2505 2771 2927 2834 ἐπεκτείνοντες,
2958 2771 3308 2840 ἀτελεύτητον
3327 2770 3558 2840 λέγομεν
3585 2768 3676 2823 τὸν
3698 2769 3809 2821 οὑδ-

2241 2867 2322 2920 ενὶ
2367 2865 2560 2936 πέρατι
2593 2864 2692 2934 τὴν
2757 2863 2901 2931 ςωὴν
2940 2863 3280 2932 ὁριζόμενονο
3317 2862 3458 2914 οὓτω
3505 2863 3598 2915 καὶ
3631 2862 3711 2923 εἰς
3749 2863 3808 2912 τι)

2243 2958 2353 3009 ἄνω
2395 2957 2503 3009 τῶν
2552 2954 2762 3009 αίώνων
2810 2957 2918 3015 τοῖς
2958 2953 3231 3023 λογισμοῖς
3271 2953 3646 3014 ἀναϐαίνοντες
3669 2993 3684 3015 ,
3718 2969 3808 3004 κα.

2244 3045 2352 3102 οἷον
2383 3050 2463 3113 είς
2507 3067 2560 3102 τι
2593 3049 2826 3117 πέλαγος
2859 3047 3056 3117 ἀχανὲς
3087 3047 3177 3097 ἐπὶ
3218 3045 3277 3098 τὸ
3320 3046 3541 3114 ἄπειρον
3573 3045 3674 3116 τῆς
3716 3044 3806 3098 τοῦ

589 3160 710 3200 cum
736 3140 1055 3213 principium
1090 3135 1292 3190 nullum
1321 3134 1460 3188 unde
1487 3133 1558 3188 sit
1587 3132 1986 3202 apprehendere
2021 3148 2140 3199 pus-

2245 3141 2377 3194 Θεοῦ
2428 3141 2571 3212 ζωῆς
2620 3141 3043 3204 διακόπτοντες,
3087 3138 3339 3208 οὐδεμιᾶς
3387 3139 3560 3207 ἀρχῆς
3605 3140 3698 3207 ἀφ’
3743 3134 3807 3209 ἧς

590 3239 788 3298 simus;
836 3235 943 3286 imo
972 3245 1092 3284 cum
1135 3229 1410 3284 videamus
1441 3225 1534 3281 Dei
1585 3227 1751 3280 vitam
1803 3226 1939 3280 ultra
1985 3241 2144 3281 omne

589 3327 730 3396 quod
754 3323 1132 3381 intelleximus,
1159 3331 1371 3385 semper
1395 3317 1610 3370 extendi
1635 3332 1698 3371 ac
1723 3319 1990 3386 protrahi,
2021 3320 2141 3382 hoc,

591 3418 732 3488 quod
761 3417 814 3470 in
845 3414 986 3468 illius
1023 3411 1129 3465 vita
1163 3409 1432 3479 principio
1462 3417 1615 3461 caret
1648 3417 1703 3461 et
1727 3409 1961 3476 origine,
1997 3409 2146 3475 inge-

594 3512 762 3565 nitum
796 3506 1130 3561 vocavimus.
1171 3500 1296 3555 Haec
1320 3507 1405 3554 est
1441 3499 1585 3552 enim
1615 3498 1762 3553 vocis
1792 3499 2010 3567 ingeniti
2045 3513 2144 3552 no-

591 3604 686 3664 tio,
719 3616 822 3654 non
863 3594 1308 3653 habere,aliunde
1347 3591 1647 3647 exsistendi
1697 3590 2046 3661 principium.
2077 3591 2146 3643 At

591 3693 922 3756 Eunomius,
954 3688 1208 3757 quoniam
1241 3687 1293 3740 in
1338 3685 1453 3739 solo
1497 3686 1874 3739 universorum
1911 3685 2020 3739 Deo
2061 3684 2145 3738 in-

592 3783 827 3852 genitum
861 3777 1162 3845 inspicitur,
1192 3775 1649 3830 lacinorosissime
1676 3775 1916 3829 omnium
1947 3777 2048 3829 hoc
2076 3775 2141 3828 ad

595 3871 861 3943 Unigeniti
898 3864 1285 3936 blasphemiam
1333 3866 1527 3932 rapuit.
1561 3866 1698 3931 Quid
1740 3866 1883 3920 enim
1918 3881 2142 3935 progre-

590 3973 742 4028 diens
770 3968 876 4024 ait?

663 4065 796 4119 Eua.
837 4059 1110 4130 ingenitus
1141 4063 1322 4110 autem
1371 4067 1494 4109 cum
1535 4052 1642 4115 sit,
1673 4060 1731 4105 ut
1771 4053 2014 4121 superius
2053 4054 2145 4108 de-

593 4156 1039 4216 monstravimus,
1077 4165 1348 4220 nunquam
1400 4156 1577 4218 potest
1613 4145 2009 4213 generationem
2054 4147 2145 4198 ad—

594 4255 825 4316 mittere,
859 4247 994 4301 adeo
1026 4255 1086 4298 ut
1127 4259 1278 4298 suam
1305 4242 1473 4311 ipsius
1507 4248 1756 4293 naturam
1783 4237 2145 4290 communicet

591 4358 713 4397 cum
744 4340 962 4409 genito:
997 4334 1108 4394 sed
1129 4350 1342 4391 omnem
1391 4329 1850 4400 comparationem
1884 4341 1946 4380 ac
1979 4329 2145 4395 parti-

591 4430 911 4507 cipationem
939 4446 1058 4484 cum
1084 4427 1267 4496 genito
1306 4424 1492 4494 fugiet.

2245 3235 2432 3302 γέγονε
2455 3234 2712 3286 λαϐέσθαι
2745 3233 3050 3304 δυνάμενοι,
3083 3231 3214 3284 ἀλλὰ
3245 3231 3335 3284 τοῦ
3363 3231 3651 3302 νοουμένου
3681 3231 3808 3298 ἐξω-

2244 3324 2406 3394 τέραν
2435 3325 2519 3376 ἀεὶ
2559 3325 2651 3374 καὶ
2687 3325 3194 3393 ὑπερεκπίπτουσαν
3223 3320 3316 3374 τοῦ
3365 3320 3500 3374 Θεοῦ
3538 3321 3636 3391 τὴν
3667 3319 3807 3390 ζωὴν

2245 3413 2574 3477 ἐννοοῦντες,
2618 3413 2773 3464 τοῦτο
2809 3413 2867 3464 τὸ
2914 3414 3144 3482 ἄναρχον
3183 3414 3280 3481 τῆς
3327 3413 3472 3483 ζωῆς
3519 3412 3807 3482 ἀγέννητον

2249 3507 2706 3577 προσειρήκαμεν.
2735 3503 2880 3574 Αῦτη
2910 3503 3018 3573 γὰρ
3047 3503 3138 3554 τοῦ
3172 3504 3499 3572 ἀγεννηξτου
3535 3509 3566 3577 ἡ
3602 3505 3804 3566 ἔννοια,

2246 3597 2304 3649 τὸ
2335 3598 2407 3667 μὴ
2451 3599 2592 3666 ἔχειν
2625 3596 2888 3668 ἑτέρωθεν
2933 3597 3029 3668 τὴν
3062 3595 3234 3666 ἀρχὴν
3283 3596 3375 3648 τοῦ
3415 3593 3573 3650 εἶναι.
3631 3599 3688 3650 ’0
3721 3597 3806 3659 δὲ,

2246 3689 2433 3760 ἐπειδὴ
2464 3689 2589 3759 περὶ
2618 3688 2773 3760 μόνον
2803 3687 2891 3740 τὸν
2931 3687 3062 3740 Θεὸν
3101 3685 3208 3738 τῶν
3253 3684 3386 3737 ὅλων
3417 3686 3478 3736 τὸ
3519 3687 3806 3756 ἀγέννητον

2245 3782 2525 3847 θεωρεῖται
2575 3782 2686 3851 (ὅ),
2741 3780 3151 3852 κακουργότατα
3200 3777 3415 3830 πάντων
3463 3776 3541 3847 ((5)
3582 3779 3662 3840 εἰς
3710 3778 3806 3847 τὴν

2246 3874 2385 3927 κατὰ
2415 3875 2507 3926 τοῦ
2539 3874 2870 3941 Μονογενοῦς
2902 3875 3148 3944 ἥρπασεν
3175 3868 3305 3926 αὐτὸ
3339 3868 3703 3940 βλασφημίαν.
3744 3869 3806 3921 Τί

2245 3967 2348 4036 γάρ
2384 3983 2514 4036 φησι
2549 3967 2750 4035 προῖὼν
2771 3982 2784 4028 ;

2315 4057 2473 4112 ΕΥΝ.
2523 4055 2836 4124 Ἀγέννητος
2879 4054 2934 4105 δὲ
2981 4052 3055 4105 ὢν
3094 4053 3232 4106 κατὰ
3281 4055 3378 4123 τὴν
3430 4050 3805 4124 προλαϐοῦσαν

2247 4145 2536 4209 ἀπόδειξιν,
2571 4147 2670 4196 οὐκ
2704 4146 2766 4197 ἄν
2799 4160 2927 4195 ποτε
2954 4145 3204 4214 πρόσοιτο
3233 4145 3504 4213 γέννησιν,
3532 4144 3673 4197 ὥστε
3708 4145 3807 4214 τῆς

2251 4237 2383 4300 ἰδίας
2419 4236 2736 4306 μεταδοῦναι
2762 4234 2839 4304 τῷ
2866 4237 3188 4305 γεννωμένῳ
3226 4236 3459 4302 φύσεως,
3491 4238 3718 4304 ἐκφύγοι
3752 4254 3807 4287 τε

2248 4330 2312 4382 ἂν
2340 4331 2515 4381 πᾶσαν
2554 4327 2837 4398 σύγκρισιν
2869 4327 2961 4378 καὶ
2995 4327 3274 4379 κοινωνίαν
3299 4325 3397 4396 τὴν
3430 4327 3566 4396 πρὸς
3597 4327 3659 4378 τὸ
3688 4343 3809 4394 γεν-

2247 4424 2424 4494 νητόν.

663 4529 789 4582 ΒΑε.
835 4523 879 4579 Ο
915 4523 1274 4590 impudentem
1297 4529 1352 4571 et
1388 4517 1686 4588 improbam
1719 4511 2139 4584 blasphemiam!

2317 4516 2461 4567 ΒΑΣ.
2499 4515 2559 4565 Ὢ
2587 4515 2680 4584 τῆς
2705 4513 3055 4583 ἀναισχύντου
3079 4513 3153 4580 (7)
3179 4512 3272 4566 καὶ
3304 4514 3544 4583 πονηρᾶς
3569 4513 3808 4583 βλασφη-

590 4622 634 4678 0
660 4616 927 4675 occultum
954 4610 1132 4665 dolum
1171 4619 1225 4662 et
1255 4608 1603 4679 multiplicem
1629 4606 1949 4662 versutiam!
1981 4618 2141 4672 quam

591 4713 876 4784 diligenter
917 4722 982 4761 ex
1028 4705 1144 4773 ipso
1191 4701 1386 4756 diaboli
1423 4701 1653 4755 artilicio
1699 4700 1954 4768 loquitur.
2011 4696 2142 4750 Nam

591 4804 714 4874 quia
744 4796 1057 4856 dissimilem
1081 4793 1189 4850 Deo
1211 4809 1274 4849 ac
1305 4793 1450 4848 Patri
1477 4791 1809 4861 unigenitum
1845 4789 2040 4844 Filium
2074 4802 2136 4841 ac

662 5029 740 5098 (2)
781 5027 912 5096 Reg.
943 5027 1132 5098 tertius
1162 5033 1217 5098 et
1248 5023 1396 5098 colli.
1446 5024 1593 5098 έστὶν
1644 5022 1835 5098 εἰπεῖν.
1863 5021 1925 5098 το
1958 5020 2035 5098 ἐξ..
2061 5021 2150 5073 οὑ-

586 5088 736 5164 δεκὶδέ
775 5088 912 5167 ὅπὲρ
956 5096 1065 5148 ἴσον
1097 5095 1213 5149 ἐστὶ
1250 5094 1327 5163 τῷ
1373 5094 1700 5167 ἀγέννητος’
1735 5092 1848 5167 ουδὲ
1881 5093 1959 5167 τὸ*
1988 5088 2149 5162 ἄναρ.

591 5162 857 5243 χονλιιιιΔ
884 5162 1044 5243 itaque
1093 5168 1147 5218 in
1194 5162 1549 5243 uniuersorum
1606 5163 1713 5243 Deo
1755 5162 1989 5243 illu‘dfle
2026 5170 2149 5214 sub-

589 5233 786 5295 iitantia
819 5239 938 5291 licet
960 5233 1161 5298 dicere,
1191 5235 1326 5302 quod
1350 5249 1413 5286 ea:
1433 5235 1575 5286 nullo
1613 5235 1698 5292 sit.
1729 5233 1864 5299 quod
1905 5233 2038 5283 idem
2073 5242 2147 5283 est

591 5324 743 5378 atque
775 5301 1405 5378 generotioniiobnoxium
1453 5320 1556 5356 non
1593 5319 1722 5378 esse.
1749 5301 1878 5378 _§etl
1928 5312 2146 5368 prrestat

593 5371 719 5448 legi.
748 5371 807 5432 u't
843 5378 969 5429 mihi
1005 5377 1218 5448 quidem
1265 5373 1494 5448 videtur,
1527 5385 1580 5448 ut
1619 5374 1666 5424 in
1707 5371 1833 5448 aliis
1865 5374 2142 5424 codicibus

590 5442 727 5504 et'in
758 5447 1034 5514 impressis
1063 5445 1214 5498 libris
1250 5442 1503 5514 scriptum
1543 5443 1832 5514 invenitur.

659 5519 740 5589 (5)
779 5510 911 5589 Reg.
935 5524 1159 5589 quartus
1188 5511 1530 5589 ἀποκρίνοιτο
1557 5513 1743 5589 τὸμὴ.
1776 5510 2048 5589 Μοτιιιεδ.
2079 5512 2143 5562 ἐκ

590 5581 1092 5659 τῆςίθείίαξχεὶρός.
1127 5581 1398 5659 Articulus
1425 5588 1606 5659 deerat
1632 5581 1681 5635 in
1702 5581 1959 5659 vulgatis.

659 5650 734 5729 (4)
776 5650 928 5729 Εμὶῑῖ
957 5650 1136 5729 «εἰ-δᾳ
1183 5668 1308 5708 mss.
1353 5650 1619 5729 βουληθῇ,
1668 5654 1745 5714 είς
1786 5653 1845 5703 τὸ
1889 5653 2144 5719 σημαινό-

595 5725 770 5798 μενον.
798 5726 977 5781 Codex
1011 5725 1156 5798 C_olb.
1185 5727 1413 5798 secunda
1435 5727 1669 5798 Aquiuem
1709 5738 1889 5798 manu,
1922 5734 2010 5772 seu
2047 5741 2143 5774 an—

593 5792 737 5866 tiqua
775 5809 983 5857 tamen,
1030 5793 1262 5864 βουληθῇ
1305 5796 1350 5845 εἰ
1403 5795 1477 5856 εἰς
1522 5796 1578 5845 τὸ
1628 5792 2042 5864 σημαινόμενον,
2092 5808 2142 5845 se

2255 4608 2412 4678 μίαςί
2449 4608 2510 4658 Ὢ
2531 4607 2624 4659 τοῦ
2667 4607 3046 4677 κεκρυμμένου
3095 4605 3244 4658 δόλου
3290 4606 3382 4658 καὶ
3423 4606 3520 4675 τῆς
3563 4606 3808 4674 ποικίλης

2253 4698 2623 4768 ῥᾳδιουργίαςὲ
2655 4699 2729 4761 ὠς
2757 4697 2998 4766 ἀκριϐῶς
3030 4697 3086 4761 ἐξ
3120 4696 3287 4765 αὐτῆς
3317 4696 3407 4748 τοῦ
3435 4695 3681 4748 διαϐόλου
3715 4697 3808 4766 τῆς

2246 4790 2521 4860 μεθοδείας
2553 4789 2880 4860 φθέγγεταιί
2932 4788 3204 4856 Ἀνόμοιον
3246 4786 3353 4855 γὰρ
3385 4785 3704 4856 βουλόμενος
3736 4785 3808 4855 τῷ

2246 5024 2352 5086 ipse
2381 5029 2735 5090 perscrutatur
2771 5035 2839 5071 an
2871 5017 3115 5090 procedat
3151 5017 3216 5068 ad
3259 5016 3520 5090 notionem
3557 5013 3804 5081 ingeniri;

2245 5085 2298 5145 et
2334 5085 2402 5144 ita
2451 5093 2546 5160 legi
2578 5101 2826 5156 Oportere
2863 5085 3110 5160 arbitror,
3136 5103 3250 5160 nec
3279 5088 3346 5139 ob
3378 5085 3538 5137 aliam
3585 5099 3802 5160 causam

2244 5156 2559 5229 particulam
2589 5163 2637 5212 εἰ
2683 5158 3092 5229 praetermissam
3129 5158 3312 5229 fuisse.
3361 5169 3518 5222 quam
3554 5156 3706 5229 quod
3740 5157 3801 5207 li-

2243 5227 2406 5286 brarii
2438 5236 2483 5284 εξ
2517 5247 2635 5284 cum
2671 5231 2749 5291 εἰς
2785 5228 3140 5288 confuderint,
3173 5228 3525 5292 ultimamque
3554 5227 3800 5280 Voculam

2245 5304 2482 5356 Scribere
2518 5302 2650 5352 satis
2690 5300 2994 5353 habuerint.

2315 5372 2388 5441 (5)
2423 5373 2490 5425 Τὸ
2518 5370 2847 5437 ἀγέννητον
2878 5368 3189 5437 θεωρεῖται,
3216 5365 3805 5441 consideraturingeni-

2241 5437 2378 5503 tum,
2404 5446 2502 5495 hoc
2533 5453 2634 5502 est,
2663 5443 2796 5491 ratio
2838 5441 3075 5507 ingeniti,
3107 5440 3398 5508 proprietas
3431 5437 3668 5502 ingeniti,
3709 5451 3800 5486 nu-

2241 5518 2313 5567 tio
2345 5513 2581 5581 ingeniti,
2612 5523 2656 5563 et
2688 5511 2800 5576 ejus
2833 5520 3041 5561 natura.

2303 5574 2556 5653 (tij'lﬂditi
2613 5574 2848 5653 πάντως.
2894 5581 3070 5632 Codex
3120 5576 3278 5653 C_n|b._
3317 5583 3369 5627 et
3422 5574 3511 5653 alii
3581 5574 3800 5644 quidam

2242 5644 2374 5706 mss;
2402 5654 2633 5704 πάντων.
2673 5651 2788 5703 Mox
2826 5653 2931 5701 duo
2965 5666 3092 5702 mss.
3122 5649 3199 5709 εἰς
3230 5645 3326 5715 τὴν
3358 5644 3472 5698 τοῦ.

2336 5724 2389 5776 7l
2429 5724 2566 5776 Editi
2603 5724 2666 5773 ’Ὡ
2694 5719 2784 5772 τοῦ
2820 5718 3193 5772 ἀναιστύντου.
3225 5713 3292 5770 At
3332 5732 3462 5772 mss.
3489 5716 3554 5768 Ὤ
3577 5713 3700 5786 τῆς.
