4026 6440
247 376 358 432 555

1341 369 1707 427 ADVERSUS
1743 371 2111 430 EUNOMIUM
2151 373 2279 429 LIB.
2324 375 2363 430 I.

3369 381 3473 440 551

239 493 302 544 δὲ
337 491 432 543 καὶ
466 491 546 551 τὸ,
571 489 638 542 ἐν
676 488 786 560 (9.5)
813 486 1016 557 μορφῇ
1046 487 1191 542 Θεοῦ
1213 487 1524 557 ὑπάρχειν,
1551 489 1650 559 τῆς
1674 488 1816 551 θείας

1924 491 2094 557 [orum
2121 488 2216 542 Dei
2241 506 2370 554 esse,
2408 505 2628 559 prorsus
2654 491 2846 546 divina:
2886 494 3202 549 substantiae
3231 501 3470 566 proprler

239 583 435 644 οὐσίας
468 582 759 655 παρίστησι
790 580 1004 642 πάντως
1029 581 1127 652 τὴν
1163 580 1418 650 ἰδιότητα.
1457 582 1510 632 Ὀ
1551 579 1818 648 ἑωρακὼς

239 673 370 739 ἐμὲ,
402 671 585 741 φησὶν,
615 669 833 738 ἑώρακε
854 671 959 723 τὸν
982 667 1231 736 Πατέρα.
1256 663 1420 730 Οὗτος
1441 668 1497 721 δὲ
1524 665 1816 736 ἀλλοτριῶν

240 763 341 816 105
374 763 586 832 Πατρὸς
614 761 704 814 τὸν
729 759 1024 829 Μονογενῆ,
1055 761 1149 812 καί¹
1189 758 1467 821 παντελῶς
1510 758 1816 827 ἀποσχίζων

243 855 348 925 τῆς
393 853 530 926 πρὸς
566 853 727 907 αὐτὸν
766 850 1062 914 κοινωνίας,
1101 851 1198 922 τὴν
1235 851 1302 904 δι’
1323 850 1484 905 αὐτοῦ
1522 854 1816 920 γενομένην

244 950 350 1017 τῆς
375 946 626 1015 γνώσεως
657 944 858 1008 ἄνοδον,
890 943 951 995 τδ
979 943 1100 996 ὅσον
1145 945 1229 996 ἐπ’
1271 941 1417 1012 αὐτῷ
1463 941 1595 1012 (2-1),
1631 941 1816 995 διακό-

249 1053 396 1090 πτει,
427 1034 629 1089 Πάντα
659 1033 774 1086 ὅσα
803 1034 925 1102 ἔχει
960 1036 992 1086 ὁ
1018 1031 1238 1100 Πατὴρ,
1274 1031 1386 1101 ἐμὰ
1421 1032 1608 1095 ἐστιν,
1642 1033 1671 1084 6
1702 1031 1816 1084 Κύ-

251 1128 366 1199 ριός
390 1145 570 1199 φησιν.
601 1126 858 1196 Εὑνόμιος
888 1126 944 1178 δὲ
979 1125 1231 1196 οὐδεμίαν
1267 1125 1413 1192 λέγει
1435 1123 1716 1177 κοινωνίαν
1743 1119 1816 1175 εἷ-

248 1239 339 1274 ναι
365 1220 440 1290 τῷ
467 1219 638 1289 Πατρὶ
670 1218 805 1289 πρὸς
835 1219 924 1272 τὸν
953 1218 1010 1284 ἐξ
1036 1216 1220 1271 αὑτοῦ.
1242 1217 1372 1280 Καὶ,
1395 1217 1618 1285 Ὠσπερ
1649 1219 1680 1271 ὀ
1707 1219 1818 1270 Ila-

247 1312 362 1380 τὴρ
392 1311 542 1378 ζωὴν
572 1309 694 1378 ἔχει
723 1311 792 1363 ἐν
822 1308 1032 1373 ἐαυτῷ,
1063 1309 1250 1374 οὕτως
1270 1307 1452 1362 ἔδωκε
1479 1309 1573 1362 καὶ
1600 1306 1678 1373 τῷ
1708 1306 1815 1371 Υἱῴ

246 1403 404 1472 ζωὴν
432 1403 593 1472 ἔχειν
621 1403 691 1456 ἐν
711 1402 919 1466 ἐαυτῷ.
953 1399 1121 1454 Τοῦτο
1152 1401 1278 1472 παρ’
1309 1399 1473 1453 αὐτοῦ
1502 1399 1814 1467 δεδιδάγμε-

247 1496 317 1548 θα
343 1493 433 1547 105
474 1495 674 1564 Κυρίου
693 1512 706 1524 ·
743 1493 890 1563 παρά
911 1492 966 1545 δὲ
993 1491 1254 1560 Εὐνομίου
1279 1493 1329 1545 τί
1355 1508 1368 1556 ;
1423 1491 1569 1559 Μηδε
1579 1489 1703 1559 μίαν
1732 1483 1810 1539 εἷ-

246 1603 337 1640 ναι
375 1586 659 1656 σύγκρισιν
698 1585 775 1656 τῷ
813 1585 1123 1655 γεννηθέντι
1158 1584 1294 1655 πρὸς
1331 1584 1418 1635 τὸν
1455 1582 1809 1651 γεννήσαντα.

247 1679 360 1732 Καὶ
384 1678 736 1743 ἁπαξαπλῶς,
761 1677 848 1731 διὰ
887 1678 1014 1748 μιᾶς
1038 1675 1243 1744 ταύτης
1269 1673 1450 1743 φωνῆς
1474 1675 1687 1744 ἀναιρεί
1718 1672 1814 1742 μὲν

243 1771 338 1824 τὸν
368 1773 466 1842 τῆς
501 1771 706 1834 είκόνος
739 1770 915 1838 λόγον,
947 1769 1128 1822 ἀθετεῖ
1145 1767 1201 1818 δὲ
1233 1765 1294 1818 τὸ
1314 1764 1650 1835 ἀπαύγασμα
1675 1759 1814 1817 εἶναι

244 1863 342 1917 καὶ
369 1861 687 1934 χαρακτῆρα
705 1861 805 1930 τῆς
834 1859 1197 1920 ὑποστάσεως.
1227 1854 1364 1909 Οὐτε
1393 1855 1501 1926 γὰρ
1526 1855 1706 1908 εἰκόνα
1727 1854 1815 1907 δυ-
1845 1843 1887 1897 Β

246 1955 405 2008 νατὺν
435 1955 530 2008 105
567 1954 898 2023 ἀσυγκρίτου
924 1949 1178 2013 νοεῖσθαι,
1217 1947 1342 2002 οὕτε
1371 1947 1706 2017 ἀπαύγασμα
1738 1942 1812 1999 εἷο

244 2068 336 2104 ναι
380 2049 473 2103 τοῦ
513 2048 872 2116 ἀκοινωνήτου
924 2041 1064 2096 κατά
1107 2041 1205 2112 τὴν
1240 2040 1416 2110 φύσιν.
1463 2038 1553 2109 Tt?)
1583 2039 1638 2091 δὲ
1667 2036 1814 2107 αὐτῷ

246 2143 375 2196 εἴδει
414 2142 575 2196 πάλιν
609 2137 703 2191 105
735 2135 1106 2207 τεχνάσματος
1139 2133 1406 2204 ἐπιμένει,
1430 2131 1508 2202 τῷ
1537 2131 1814 2200 ἀγεννήτῳ

244 2232 420 2300 λέγων
461 2231 533 2299 μὴ
569 2227 706 2282 εἶναι
751 2227 885 2297 πρὸς
932 2225 993 2278 τὺ
1033 2225 1287 2293 γεννητὸν
1329 2222 1644 2293 σύγκρισιν·
1696 2220 1814 2290 οὐχὶ

244 2324 324 2394 τῷ
351 2323 524 2393 Πατρὶ
560 2322 696 2391 πρὸς
727 2321 818 2373 τὸν
845 2317 903 2383 ἐξ
934 2317 1119 2382 αὐτοῦ,
1154 2317 1238 2370 ἵνα
1266 2317 1440 2386 ἥνπερ
1464 2315 1528 2367 ἂν
1554 2315 1672 2376 ταῖς
1699 2330 1811 2382 φω-

244 2418 366 2478 ναῖς
396 2414 620 2477 ταύταις
643 2413 990 2484 ὑπάρχουσαν
1019 2408 1290 2463 ἀντίθεσιν
1313 2405 1572 2476 ἐπιδείξῃ,
1610 2404 1813 2475 ταύτην

246 2507 333 2559 ἐπ’
356 2504 528 2576 αὐτῆς
567 2505 663 2568 τῆς
693 2503 879 2566 οὐσίας
907 2501 1001 2554 τοῦ
1041 2497 1247 2568 Πατρδς
1281 2497 1372 2550 καὶ
1405 2495 1498 2549 105
1528 2495 1658 2548 Υίοῦ
1690 2513 1815 2567 μετ-

245 2599 465 2668 ενέγκῃ.

317 2691 402 2744 19.
439 2689 622 2748 Ὅπως
647 2683 704 2737 δὲ
741 2681 835 2754 μὴ,
865 2697 1064 2744 πάσαις
1092 2679 1253 2733 αὑτοῦ
1295 2680 1814 2743 κατακολουθοῦντες

245 2782 362 2841 ταῖς
398 2773 790 2846 βλασφημίαις,
825 2771 918 2824 καὶ
950 2770 1177 2824 ἕκαστον
1202 2770 1443 2824 εὐθύνειν
1469 2770 1574 2824 τῶν
1601 2771 1815 2841 εἰρημέ-

244 2887 351 2921 νων
380 2865 799 2938 ἐπιχειροῦντες,
825 2864 905 2928 είς
941 2863 1073 2918 πολὺ
1123 2863 1293 2934 μῆκος
1329 2865 1418 2915 τὸν
1448 2863 1600 2926 λόγον
1637 2861 1814 2914 ἐκτεί-

245 2977 425 3031 νωμεν
456 2959 566 3027 (25)
587 2976 599 2988 ·
623 2959 722 3012 ὅσα
743 2958 839 3029 μὲν
861 2956 954 3011 καὶ
977 2955 1261 3027 πρόχειρον
1285 2954 1395 3022 ἔχει
1419 2954 1514 3022 τὴν
1539 2952 1811 3018 ἀσέϐειαν,

244 3051 339 3103 καὶ
386 3049 608 3104 αὐτόθεν
652 3049 856 3117 φανερὰ
906 3049 1016 3107 τοῖς
1058 3043 1471 3113 ὲντυγχάνουσίν
1505 3046 1643 3108 ἐστι,
1679 3064 1816 3119 παρ-

1922 591 2085 634 tntent
2109 581 2349 634 exhibet.
2383 580 2487 646 Qui
2512 583 2638 634 vidit
2674 599 2774 646 me,
2799 584 2990 653 inquit,
3028 586 3160 638 uidit
3189 585 3474 645 Putrem”.

1921 671 2017 725 llic
2039 680 2218 727 autem
2242 672 2471 727 alienum
2496 688 2525 726 a
2567 672 2727 729 Patre
2759 673 3109 744 Unigenitutn
3146 677 3368 744 faciens,
3409 695 3473 735 ac

1918 778 2143 832 prorsus
2189 765 2502 819 rescindens
2533 764 2601 818 ab
2650 767 2767 832 ejus
2812 767 3096 832 societate,
3148 771 3475 839 cognitionis

1917 869 2199 909 ascensum
2229 856 2320 925 qui
2369 871 2466 926 per
2497 857 2667 926 ipsum
2718 857 2795 924 tlt,
2843 869 3102 926 quantum
3134 861 3185 914 in
3222 861 3337 931 ipso
3367 872 3470 928 est,

1918 949 2206 1006 abscindit.
2245 949 2578 1018 Qumcunque
2623 950 2775 1004 habet
2821 950 2999 1019 Pater,
3052 969 3169 1008 mea
3199 966 3340 1020 sunt,
3390 956 3474 1010 in-

1916 1041 2033 1109 quit
2058 1039 2314 1094 Dominus
2335 1041 2401 1094 ".
2430 1041 2502 1093 At
2534 1039 2828 1096 Eunomius
2879 1045 3309 1099 communionem
3350 1047 3470 1100 nul-

1916 1133 2019 1185 lam
2047 1146 2164 1186 esse
2196 1134 2272 1186 ait
2305 1133 2449 1186 Patri
2477 1148 2598 1187 cum
2629 1149 2696 1188 eo
2727 1135 2816 1203 qui
2849 1149 2913 1188 ex
2948 1136 3063 1204 ipso
3091 1147 3195 1192 est.
3218 1138 3302 1203 Et,
3327 1136 3470 1194 Sicut

1921 1222 2082 1277 Pater
2111 1224 2166 1276 in
2204 1224 2369 1291 “ipso
2401 1225 2558 1278 vitam
2579 1225 2757 1287 habet,
2782 1228 2856 1280 sic
2887 1227 3027 1280 dedit
3055 1237 3104 1281 et
3145 1226 3289 1282 Filio
3312 1231 3469 1284 vitam

1916 1314 2104 1368 habere
2129 1314 2186 1368 in
2213 1314 2486 1384 semetipso
2520 1314 2588 1372 ".
2623 1314 2734 1369 Hoc
2766 1332 2953 1372 smnus
2976 1318 3043 1372 ab
3079 1317 3193 1388 ipso
3245 1320 3471 1374 Donnino

1913 1406 2134 1459 edocti:
2182 1406 2251 1460 ab
2295 1405 2560 1461 Eunomia
2613 1421 2742 1461 vero
2789 1407 2953 1476 quid?
2987 1406 3230 1479 Nempe,
3269 1410 3468 1465 nullam

1911 1511 2030 1551 esse
2072 1496 2535 1565 comparationem
2590 1498 2754 1567 geniti
2797 1513 2919 1553 cum
2966 1499 3227 1569 genitore.
3262 1501 3331 1557 Et
3363 1517 3470 1557 uno

1911 1589 2098 1652 verbo,
2135 1599 2192 1642 ut
2222 1589 2477 1659 imaginis
2507 1590 2771 1646 rationem
2806 1591 2905 1646 bac
2932 1591 3089 1647 unica
3141 1608 3276 1649 voce
3310 1595 3466 1660 tollit,

1913 1679 1986 1732 ita
2021 1678 2364 1749 splendorem
2406 1692 2470 1732 ac
2518 1679 2888 1734 characterem
2916 1694 3036 1736 esse
3081 1681 3396 1738 substantia:
3422 1683 3478 1715 ’τ’

1916 1781 2093 1840 negat.
2144 1768 2328 1842 Neque
2373 1771 2515 1825 enim
2563 1770 2675 1825 fieri
2723 1779 2917 1840 potest,
2954 1782 3013 1828 ut
3059 1773 3342 1844 imaginem
3388 1777 3468 1829 in-

1918 1863 2123 1932 telligas
2147 1862 2263 1930 ejus
2285 1862 2374 1932 qtti
2408 1862 2606 1915 nullam
2643 1861 2804 1917 habet
2843 1866 3328 1933 comparationem,
3374 1882 3464 1922 ne-

1914 1969 2037 2023 que,
2064 1964 2121 2010 ut
2155 1953 2409 2023 splendor
2437 1953 2508 2007 sit
2529 1951 2645 2020 ejus
2674 1954 2768 2022 qui
2800 1955 3001 2009 nullam
3038 1959 3468 2014 communionem

1913 2045 2203 2100 secundum
2224 2055 2474 2101 naturam
2505 2043 2686 2099 habet.
2733 2045 3001 2100 Caeterum
3029 2046 3084 2102 in
3120 2048 3308 2103 eodem
3334 2053 3468 2104 arti—

1915 2137 2022 2192 ﬁcii
2063 2153 2264 2207 genere
2293 2155 2477 2195 rursus
2500 2142 2762 2212 persistit,
2789 2142 2914 2195 dum
2941 2140 3017 2195 ait
3049 2155 3152 2196 non
3180 2155 3302 2197 esse
3323 2155 3470 2197 com-

1912 2229 2245 2296 parationem
2278 2228 2496 2298 ingeni"
2530 2246 2650 2284 cum
2686 2231 2904 2300 genito:
2958 2245 3065 2286 non
3113 2229 3314 2296 Patris,
3346 2246 3468 2286 cum

1913 2336 1980 2376 eo
2006 2321 2096 2390 qui
2138 2335 2204 2376 ex
2246 2322 2366 2393 ipso
2398 2331 2499 2387 est,
2532 2333 2590 2378 ut
2620 2337 2781 2393 quam
2813 2324 2898 2378 his
2927 2323 3148 2379 vocibus
3178 2325 3354 2379 inesse
3376 2339 3469 2393 op-

1915 2413 2234 2483 positiouem
2269 2414 2588 2481 ostenderit,
2615 2429 2732 2469 eam
2767 2414 2819 2470 in
2851 2415 3021 2486 ipsam
3046 2414 3225 2470 Patris
3261 2425 3316 2469 et
3349 2414 3468 2471 Filii

1913 2505 2271 2561 substantiam
2296 2503 2610 2560 transferat.

1985 2685 2069 2741 19.
2103 2686 2208 2741 Sed
2238 2701 2321 2751 ne,
2354 2686 2399 2741 si
2440 2699 2629 2740 omnes
2660 2686 2828 2756 ipsius
2873 2684 3237 2756 blaspliemias
3290 2699 3471 2754 perse-

1913 2792 2161 2846 quamur,
2195 2788 2249 2831 et
2281 2778 2488 2847 singula
2518 2793 2638 2847 quae
2664 2778 2800 2832 dixit
2839 2776 3119 2832 confutare
3170 2791 3427 2832 conemur
3451 2817 3469 2843 ,

1915 2869 2122 2939 longius
2174 2871 2470 2924 orationem
2503 2869 2880 2940 protrahamus
2909 2887 2924 2924 :
2957 2884 3076 2938 quae
3107 2869 3322 2939 quidem
3359 2883 3469 2922 ma-

1918 2962 2166 3018 nifestam
2193 2964 2392 3018 habent
2423 2963 2781 3032 impietatem,
2812 2970 2868 3018 et
2911 2976 3007 3030 per
3049 2977 3108 3016 se
3167 2961 3470 3032 legentibus

1918 3063 2119 3124 patent,
2156 3055 2583 3122 prteteribimus;
2611 3070 2728 3123 qua:
2751 3068 2877 3109 vero
2901 3054 3080 3122 aliqua
3111 3054 3317 3108 ratione
3339 3067 3473 3122 opus

245 3146 482 3214 ήσομεν·
536 3143 570 3196 ἀ
602 3142 658 3194 δὲ
696 3141 850 3207 λόγου
897 3137 1039 3202 τινὸς
1076 3135 1209 3208 πρὸς
1240 3137 1329 3191 τὸν
1369 3137 1587 3208 ἔλεγχον
1619 3139 1809 3205 δεῖται,

1917 3158 1998 3203 est
2044 3151 2380 3218 redarguere,
2439 3149 2551 3201 lucc
2587 3147 2921 3215 proferemus
2957 3146 3008 3200 in
3051 3146 3306 3200 medium.
3339 3143 3471 3200 Nam

245 3237 420 3290 ταῦτα
469 3231 915 3304 παραθησόμεθα.
972 3229 1235 3293 Ποικίλως
1278 3229 1386 3301 γὰρ
1437 3231 1496 3282 τὸ
1547 3230 1680 3300 πρὸς
1722 3231 1812 3283 τὸν

1917 3239 2003 3293 ubi
2029 3239 2193 3293 variis
2235 3238 2405 3293 modis
2431 3238 2789 3293 subsmntiam
2819 3237 2992 3292 Patris
3011 3236 3148 3292 Filio
3174 3236 3472 3292 incommu-

246 3329 376 3381 Υἱδν
408 3322 763 3393 ἀκοινώνητον
796 3323 892 3393 τῆς
918 3321 1011 3376 τοῦ
1033 3321 1246 3392 Πατρδς
1269 3321 1454 3385 οὐσίας
1473 3320 1812 3374 κατασκευά-

249 3438 368 3481 σας,
397 3418 490 3470 καὶ
511 3414 862 3486 πανταχόθεν,
893 3415 967 3478 ὡς
985 3413 1174 3476 οἴεται,
1207 3412 1267 3466 τὸ
1296 3414 1493 3467 ἄτοπον
1520 3413 1812 3477 ἐπιδείξας,

245 3513 444 3578 ἐπάγει
464 3526 478 3540 ο

320 3602 478 3656 ΕΥΝ.
511 3604 585 3656 Οὐ
623 3602 731 3672 γάρ
793 3600 856 3671 δὴ
909 3597 1065 3651 τοῦτο
1105 3598 1170 3651 ἂν
1213 3597 1477 3668 εἴποιμεν,
1515 3597 1588 3660 ὡς
1648 3595 1801 3670 κοινῂ

250 3698 352 3766 μὲν
399 3695 598 3764 ἀμφοῖν
653 3694 686 3764 ἡ
736 3691 926 3746 οὐσίαο
968 3688 1117 3754 τάξει
1159 3689 1216 3743 δὲ
1252 3689 1486 3752 καὶτοῖς
1519 3689 1582 3741 ὲκ
1623 3687 1811 3758 χρόνου

245 3784 560 3856 πρεσϐείοις
610 3785 639 3836 6
679 3785 779 3853 μὲν
823 3783 934 3837 ἐστι
977 3781 1210 3854 πρῶτος.
1259 3785 1287 3835 6
1319 3782 1374 3834 δὲ
1401 3781 1647 3853 δεύτερος
1680 3779 1810 3851 (26).

261 3879 479 3949 Ἐπειδή
521 3895 584 3945 γε
624 3876 705 3928 δεῖ
736 3878 1015 3948 προσεῖναι
1044 3877 1100 3927 ἐν
1136 3877 1245 3935 τοῖς
1285 3875 1605 3944 ὑπερέχουσι
1634 3873 1692 3926 τὸ
1719 3872 1812 3942 τῆ.⁸

251 3970 526 4038 ὑπεροχῆς
575 3968 742 4020 αῖτιον
767 3986 780 3998 ο
837 3968 897 4020 οὐ
941 3967 1286 4031 συνέζευκται
1332 3966 1388 4018 δὲ
1430 3970 1495 4035 τῇ
1532 3965 1690 4036 οὐσίᾳ⁵
1721 3963 1812 4017 105

249 4062 386 4115 Θεοῦ
416 4062 477 4113 οὐ
515 4059 725 4130 χρόνος,
765 4058 863 4111 οὐκ
906 4058 1059 4120 αἰὼν,
1100 4059 1160 4112 οὐ
1192 4054 1362 4121 τάξις.
1400 4058 1472 4108 ’Ἡ
1496 4073 1553 4108 τε
1587 4055 1693 4126 γάρ
1715 4055 1812 4108 τά-

254 4156 336 4218 ξις
370 4152 598 4225 δευτέρα
631 4151 724 4204 105
750 4152 1064 4214 τάττοντος·
1104 4151 1254 4204 οὐδὲν
1304 4148 1361 4202 δὲ
1401 4149 1510 4203 τῶν
1551 4147 1644 4202 τοῦ
1680 4147 1813 4200 Θεοῦ

254 4247 346 4315 ὑφ’
381 4244 566 4314 ἑτέρου
593 4243 864 4297 τέτακται.
900 4243 967 4296 Ὅ
1003 4259 1062 4296 τε
1089 4241 1276 4312 χρόνος
1305 4239 1546 4312 ἀστέρων
1580 4238 1707 4292 ποιά
1732 4238 1814 4302 τίς

254 4341 371 4390 ἐστι
415 4338 626 4408 κίνησις
655 4335 767 4405 (27)
791 4352 806 4366 ·
836 4335 1063 4406 ἀστέρες
1092 4333 1147 4386 δὲ
1177 4334 1236 4386 οὑ
1264 4333 1362 4402 τῆς
1393 4333 1683 4402 ἀγεννήτου
1720 4330 1812 4399 μό-

253 4446 344 4482 νον
372 4428 556 4490 οὐσίας
595 4426 686 4480 καὶ
712 4426 916 4496 νοητῶν
943 4425 1216 4488 ἁπάντων,
1253 4424 1385 4477 ἀλλά
1414 4425 1506 4477 καὶ
1530 4423 1636 4475 τῶν
1667 4421 1786 4494 τιρὼ

1918 3331 2203 3386 nicabilem
2253 3343 2374 3386 esse
2405 3330 2713 3394 aﬂirmavit,
2752 3339 2807 3385 et
2851 3329 3233 3398 undecunque,
3277 3337 3336 3382 ut
3368 3327 3472 3384 εἰιιι

1923 3425 2156 3490 videtur,
2191 3424 2446 3492 ineptiam
2474 3423 2729 3490 ostendit,
2758 3422 2868 3477 bac
2889 3422 3128 3492 adjungit
3160 3440 3175 3477 :

1986 3606 2119 3660 Eun.
2150 3604 2262 3658 Non
2285 3605 2426 3660 enim
2448 3605 2628 3660 dicere
2649 3618 2953 3673 possumus,
2985 3615 3322 3657 communem
3349 3615 3471 3670 qui-

1917 3697 2036 3749 dem
2067 3698 2304 3764 utrisque
2328 3697 2684 3749 substantiam
2716 3707 2856 3757 esse,
2885 3692 3074 3746 ordine
3094 3704 3220 3745 vero
3246 3700 3302 3744 et
3336 3702 3474 3745 tem-

1915 3786 2061 3856 poris
2111 3783 2464 3855 praerogativa
2500 3783 2647 3838 illum
2693 3784 2921 3850 primum
2974 3794 3130 3847 esse,
3166 3779 3308 3836 hunc
3346 3793 3476 3835 vero

1917 3878 2230 3936 secundum.
2251 3877 2525 3946 Siquidem
2553 3884 2702 3931 certe
2728 3875 2780 3930 in
2802 3873 2867 3928 iis
2889 3889 3010 3944 qua:
3031 3881 3311 3944 praestant,
3339 3887 3477 3943 prte-

1919 3973 2128 4026 stantiae
2177 3986 2394 4026 causam
2444 3971 2620 4024 inesse
2649 3976 2906 4037 Oportet;
2951 3966 3268 4021 substantiae
3294 3973 3474 4019 autem

1923 4065 2010 4118 Dei
2046 4078 2149 4117 non
2195 4073 2428 4131 tempus,
2487 4076 2592 4115 non
2634 4075 2830 4125 aevum,
2853 4073 2960 4113 non
2993 4056 3128 4113 ordo
3161 4054 3478 4124 coniunctus

1920 4164 2020 4207 est.
2057 4151 2190 4207 Nam
2221 4163 2276 4208 et
2311 4153 2444 4207 ordo
2471 4151 2754 4205 ordinante
2773 4149 3037 4218 posterior
3061 4155 3178 4212 est,
3209 4158 3307 4198 nec
3328 4142 3480 4213 quid-

1918 4260 2079 4313 quam
2103 4259 2287 4298 eorum
2313 4258 2430 4313 quae
2461 4242 2549 4295 Dei
2584 4249 2726 4304 sunt,
2751 4242 2820 4293 ab
2841 4239 3012 4293 altero
3044 4236 3347 4292 ordinatum
3372 4243 3473 4290 est.

1921 4334 1985 4388 Et
2017 4344 2227 4404 tempus
2244 4333 2460 4400 quidam
2487 4327 2644 4399 231
2664 4337 2744 4383 est
2767 4328 3041 4385 stellarum
3065 4336 3240 4381 tnottts
3262 4326 3327 4380 ad
3343 4339 3479 4396 qua-

1920 4424 2124 4479 litatem
2155 4423 2428 4493 pertinens
2458 4439 2472 4475 :
2503 4421 2673 4475 stellae
2709 4431 2887 4476 autem
2915 4435 3020 4475 non
3039 4430 3162 4488 post
3188 4417 3476 4488 ingenitam

251 4539 363 4574 των
433 4521 697 4591 σωμάτων
769 4521 1049 4586 γεγόνασιν
1110 4516 1325 4588 ὕστεροι
1378 4516 1507 4586 (28).
1571 4517 1705 4587 Περὶ
1762 4514 1816 4568 δὲ

1923 4516 2090 4570 solum
2123 4513 2481 4569 substantiam
2513 4529 2577 4568 ac
2608 4523 2831 4568 cunctas
2867 4523 3143 4566 creaturas
3174 4508 3478 4576 intelligen-

253 4610 465 4665 αἰώνων
521 4611 572 4663 τί
620 4610 716 4666 ,δεῖ
768 4609 858 4661 κα)⁸
921 4610 1132 4677 λέγειν,
1185 4609 1285 4679 τῆς
1342 4608 1381 4659 Γ
1387 4606 1562 4678 ραφῆς
1630 4604 1811 4673 σαφῶς

252 4701 705 4772 διαγορευούσης,
779 4699 884 4769 πρὸ
946 4701 1051 4752 τῶν
1114 4698 1322 4752 αἰώνων
1393 4696 1652 4767 ὑπάρχειν
1718 4695 1813 4747 τὸν

253 4796 388 4850 Θεόν
410 4811 424 4860 ;

331 4931 376 4963 ’⁸
401 4927 557 4984 Joan.
607 4943 715 4994 xlv,
749 4930 801 4984 9.
877 4928 925 4960 "
948 4924 1102 4983 Joan.
1129 4944 1262 4994 xm,
1309 4929 1395 4984 10.
1472 4930 1517 4961 ’⁸
1546 4927 1698 4982 Joaii.
1729 4943 1780 4990 ν,
1812 4926 1907 4981 26.

328 5055 442 5127 (23)
475 5051 652 5127 Codex
697 5067 834 5127 unus
884 5067 1004 5127 cum
1032 5050 1201 5127 editis
1241 5049 1382 5127 οὕτω
1422 5051 1594 5119 λέγων
1610 5050 1689 5127 -τὸ
1735 5051 1812 5127 ὲν..

253 5120 357 5181 Alii
393 5120 502 5178 tres
528 5121 668 5177 οὕτω
708 5122 880 5190 λέγων
911 5123 987 5176 ὲν.
1031 5122 1264 5190 Denique
1294 5121 1382 5173 alii
1431 5133 1538 5176 tres
1579 5120 1719 5175 οὑτω
1759 5121 1816 5174 δὲ

254 5198 350 5248 καὶ
397 5194 460 5248 τὸ
487 5196 564 5247 ὲν.
598 5193 836 5255 Respicit
868 5191 1097 5247 Basilius
1123 5193 1186 5247 ad
1237 5191 1360 5245 illud
1394 5191 1664 5255 Apostoli:
1708 5190 1813 5255 Qui

255 5281 376 5318 cum
403 5267 458 5318 in
486 5264 656 5333 {arma
689 5262 780 5316 Dei
817 5271 1016 5333 esset._.
1045 5301 1060 5316 .
1086 5303 1095 5317 .
1122 5298 1138 5315 .
1174 5263 1500 5333 semetipsum
1533 5262 1816 5317 exinanivit

254 5331 494 5404 [ornum
516 5335 645 5388 servi
676 5334 953 5404 accipiens,
983 5331 1212 5402 Philipp.
1241 5347 1301 5404 ιι,
1329 5332 1383 5395 6,
1412 5332 1463 5404 7.

329 5403 443 5473 (24)
487 5404 627 5485 ἱξάίιί
675 5399 1272 5526 γενομένην....’.’ὲφ’
1316 5399 1514 5484 ἐαυτῷ.
1564 5404 1630 5454 At
1688 5415 1814 5453 mss.

329 5488 371 5526 rs
416 5482 472 5525 ut
511 5491 559 5524 ιιι
593 5485 864 5526 contextu.
903 5473 1031 5525 llud
1078 5474 1217 5526 quod
1260 5483 1519 5526 sequitur.
1549 5471 1731 5525 ἀθετεῖ
1761 5471 1814 5523 δὲ

259 5471 371 5528 tres
416 5482 472 5525 ut
510 5475 559 5524 in
593 5471 864 5527 contextu.
903 5471 1031 5526 Illud
1078 5471 1519 5543 quod'sequitnr.
1549 5471 1731 5543 ἀθετεῖ
1761 5471 1817 5523 δὲ

262 5545 340 5608 τό,
367 5543 433 5596 ad
461 5544 682 5597 verbum
713 5541 1205 5613 interpretabiniur,
1229 5543 1462 5612 reprobat
1492 5541 1815 5609 splendorem

265 5631 369 5669 esse
396 5629 413 5667 :
448 5614 550 5667 hoc
579 5624 684 5676 est,
722 5625 900 5684 negat.

333 5683 445 5753 (25)
491 5684 635 5738 Unus
665 5680 831 5737 code'x
874 5685 1001 5752 Reg.
1043 5685 1122 5746 είς
1151 5683 1283 5736 πολὺ
1327 5684 1584 5753 μήκιστον
1610 5680 1700 5733 τὸν
1729 5682 1814 5734 λό-

275 5751 358 5825 γον
403 5753 738 5825 ἐκϐάλωμεν.
769 5754 919 5825 Colb.
956 5751 1038 5817 εἰς
1090 5755 1222 5806 πολὺ
1279 5751 1448 5825 μῆκος
1486 5751 1594 5806 τῶν
1644 5753 1814 5825 λόγων

265 5823 744 5892 ὲκ6ἀλωμεν.Λ11ἱ
778 5824 879 5878 (luo
907 5833 961 5879 et
1003 5826 1127 5880 editi
1179 5825 1253 5880 uti
1281 5823 1350 5879 in
1392 5833 1665 5887 contextu,
1712 5824 1811 5878 nisi

1923 4617 2021 4670 tes,
2059 4607 2149 4660 sed
2179 4617 2297 4676 post
2325 4606 2500 4676 prima
2531 4605 2692 4660 etiam
2726 4619 2952 4672 corpora
2998 4602 3155 4657 iactat
3184 4610 3330 4655 sunt.
3357 4597 3476 4653 Jam

1921 4713 2048 4752 vero
2069 4698 2135 4751 de
2159 4699 2371 4754 smcnlis
2399 4698 2527 4768 quid
2573 4697 2766 4752 attinet
2814 4697 3015 4757 dicere.
3042 4709 3161 4748 cum
3196 4690 3476 4761 Scriptura

1924 4800 2110 4858 aperte
2133 4790 2442 4858 pronuntiet
2466 4788 2634 4842 Deum
2666 4795 2792 4843 ante
2816 4785 3008 4842 saecula
3031 4784 3188 4841 esse?

2001 4926 2212 4995 (Hebr.
2243 4942 2282 4988 ι,
2304 4926 2357 4981 ‘5.

1922 5050 2230 5131 quotlmun‘us
2253 5064 2361 5131 pro
2383 5049 2710 5131 ἐκτείνωμεν
2736 5045 2900 5131 habet
2931 5045 3302 5131 ξκῇάλλωμεν.

2013 5118 2104 5188 26)
2144 5111 2360 5186 Antiqui
2393 5134 2483 5173 sex
2515 5111 2634 5173 libri
2663 5117 2898 5188 πρῶτος,
2925 5118 2952 5188 6
2983 5116 3039 5169 δὲ
3068 5111 3312 5185 ὕστερος.
3344 5111 3480 5188 Editi

1921 5199 1975 5260 et
2001 5183 2385 5260 Reg..quin'tus
2433 5188 2669 5260 πρῶτος,
2711 5183 3139 5260 ὅδὲ-δεύτερος,
3178 5183 3283 5260 nec
3326 5183 3485 5260 aliter

1923 5252 2116 5327 legito?-
2145 5252 2199 5314 in
2227 5252 2686 5326 Eunomii'opere,
2713 5258 2854 5328 quod
2885 5260 2937 5328 in
2967 5252 3147 5328 codice
3171 5252 3484 5328 Golbertino

1922 5323 2191 5400 integrum
2224 5330 2515 5400 invenitur.
2541 5323 2664 5383 Mox
2696 5323 2886 5400 vocula
2917 5327 2980 5400 ἐν
3019 5326 3074 5380 in
3115 5323 3322 5380 duobus
3349 5337 3482 5377 mss.

1921 5393 2088 5462 dees't.
2116 5410 2169 5453 et
2201 5403 2252 5454 in
2285 5400 2376 5453 illo
2407 5399 2526 5464 ipso
2551 5413 2713 5469 opere
2740 5393 3007 5469 Ennomii.

1991 5459 2100 5540 (27')
2142 5469 2273 5538 Reg.
2324 5459 2511 5524 tertius
2555 5459 2601 5523 δ’
2626 5485 2686 5521 τε
2727 5467 2924 5540 χρόνος
2957 5464 3086 5540 ποιά
3136 5462 3292 5540 τάσις
3335 5459 3485 5540 ἐστιν

1920 5531 2164 5612 ἀστέρων
2209 5531 2444 5609 κίνησις,
2475 5550 2529 5595 ει
2575 5540 2644 5594 ita
2675 5531 2886 5612 quoque
2918 5537 3105 5590 imbuit
3139 5537 3310 5612 codex
3359 5531 3484 5612 ϐρι-

1919 5599 2160 5664 bertinus
2207 5599 2364 5664 manu
2405 5599 2615 5680 prima.
2665 5599 2768 5663 Alii
2803 5599 2922 5663 'duo
2964 5623 3093 5660 tnss.
3139 5606 3205 5659 '0
3255 5619 3314 5657 τε
3372 5599 3483 5675 γάρ

1918 5682 2127 5753 χρόνος,
2145 5691 2249 5735 etc.

1991 5742 2120 5820 (28)
2146 5751 2282 5805 Editi
2325 5766 2447 5803 cum
2493 5750 2624 5819 Reg.
2666 5748 2882 5820 quinto
2925 5747 3179 5817 γεγόνασι
3216 5742 3477 5815 δεύτεροι.

1921 5823 2020 5875 Alii
2055 5837 2145 5876 sex
2177 5837 2306 5876 mss.
2336 5820 2619 5890 γεγόνασιν
2650 5819 2885 5888 ὕστεροι.
