4026 6460
569 343 674 399 555

1860 338 1917 393 S.
1960 335 2205 390 BASlLlI
2244 336 2456 392 MAGNI

3677 351 3780 406 556

643 466 767 521 Bas.
810 463 1098 533 Postquam
1133 463 1367 532 sumpsit
1398 462 1499 517 sibi
1531 463 1582 516 in
1612 461 1856 516 oratione
1893 473 2010 529 qua:
2036 474 2118 511 vo‘

2298 459 2443 514 ΒΔΣ.
2505 462 2860 533 Ὑποθέμενος
2913 463 3022 532 (29)
3072 464 3246 534 ἑαυτῷ
3297 466 3438 519 κατά
3481 468 3572 521 τὸν
3628 468 3784 538 λόγον

569 557 689 618 luit,
707 563 761 610 et
777 569 838 610 ea
867 571 985 624 qua:
1005 569 1116 610 sua:
1138 569 1315 609 causa:
1337 553 1736 609 accommodata
1775 560 1899 607 sunt
1925 551 2121 620 posuit,

574 657 683 702 tum
734 649 786 701 in
829 647 1092 702 absurdos
1123 661 1313 701 sensus
1347 647 1521 714 seipse
1550 644 1861 706 detrttdens,
1890 643 2012 696 hinc
2034 643 2124 694 de-

572 749 902 793 monstrasse
949 752 1006 792 se
1055 745 1226 805 putat,
1282 737 1587 791 necessario
1643 735 1944 802 recipienda
2001 747 2122 786 esse

567 827 828 896 dogmata
850 844 970 884 sua.
997 829 1088 881 Ait
1113 830 1255 882 enim
1283 845 1299 882 :
1324 826 1436 882 Hoc
1464 827 1648 882 dicere
1682 840 1786 879 non
1815 838 2119 894 possumus,

568 920 710 986 quod
742 919 1048 973 communis
1079 919 1294 987 quidem
1317 920 1390 972 sit
1416 917 1633 985 utrique
1657 915 1952 970 substantia
1978 931 1993 978 ;
2032 928 2122 966 or—

568 1009 694 1063 dine
716 1023 864 1073 vero,
899 1017 953 1064 et
995 1011 1252 1078 temporis
1285 1008 1640 1077 praerogativa
1675 1008 1761 1060 hic
1791 1005 1861 1058 sit
1897 1004 2121 1073 primus,

568 1100 656 1155 ille
679 1115 808 1156 vero
837 1104 1129 1156 secundus.
1155 1102 1306 1167 Quod
1333 1099 1378 1154 si
1401 1115 1738 1154 communem
1768 1097 2121 1152 substantiam

567 1192 645 1245 sic
672 1206 700 1244 a
733 1206 792 1246 se
814 1200 1095 1261 acceptam
1145 1193 1366 1256 dixerit,
1397 1202 1455 1244 ut
1476 1192 1761 1259 quamdam
1800 1204 1862 1244 ex
1897 1187 2121 1242 materia

568 1282 716 1350 prius
736 1285 1031 1338 exsistente
1051 1284 1482 1338 distributionem
1524 1299 1586 1337 ac
1616 1284 1951 1345 divisionem,
1977 1283 2028 1334 in
2061 1296 2121 1334 ea

568 1392 685 1445 qua:
708 1379 775 1431 ab
804 1379 918 1446 ipsa
947 1387 1096 1441 sunt,
1127 1379 1431 1448 intelligat;
1473 1392 1569 1431 nos
1611 1377 1748 1430 hanc
1801 1377 2121 1430 sententiam

570 1482 673 1518 non
703 1481 988 1535 possumus
1015 1467 1322 1535 suscipere;
1359 1467 1498 1520 absit
1529 1468 1543 1519 ί
1572 1477 1626 1521 et
1654 1468 1742 1536 qui
1787 1468 1886 1521 hoc
1913 1467 2122 1527 dicunt,

569 1557 613 1610 si
646 1557 737 1624 qui
766 1565 915 1624 sunt,
936 1570 1032 1611 eos
1056 1557 1121 1611 iis
1148 1557 1240 1625 qui
1267 1557 1753 1611 dissimilitudinem
1782 1557 2120 1627 proﬁtentur,

571 1646 844 1716 impietate
896 1647 1183 1701 inferiores
1233 1661 1336 1702 non
1378 1661 1498 1700 esse
1524 1645 1877 1700 allirmamus.
1910 1645 1964 1698 Si
1998 1661 2122 1699 vero

568 1738 689 1806 quis
728 1738 1044 1794 substantiae
1074 1739 1508 1793 communionem
1542 1739 1612 1790 ita
1640 1738 1856 1805 accipit,
1882 1747 1938 1790 ut
1963 1753 2119 1790 unam

568 1835 621 1880 et
645 1829 888 1882 eamdem
913 1829 1119 1883 essendt'
1142 1831 1401 1882 rationem
1436 1829 1486 1880 in
1521 1828 1764 1897 utrisque
1791 1829 2113 1893 consideret,

569 1927 627 1972 ut
653 1921 698 1974 si
735 1934 802 1973 ex
838 1921 1121 1990 bypothesi
1173 1921 1333 1976 Pater
1365 1919 1452 1972 lux
1484 1920 1722 1987 subjecto
1764 1921 2074 1990 intelligitur
2097 1961 2115 1988 ,

572 2013 843 2083 Unigeniti
869 2029 1080 2084 quoque
1133 2013 1424 2070 essentiam
1473 2014 1646 2068 lucem
1682 2014 2029 2081 conﬁteatur;
2065 2025 2119 2068 et

567 2121 938 2176 quamcunque
954 2108 1072 2176 quis
1084 2103 1286 2160 essendi
1300 2107 1552 2160 rationem
1573 2106 1858 2160 reddiderit
1875 2108 1923 2160 in
1940 2108 2116 2175 Patre,

568 2199 810 2252 eamdem
845 2207 898 2252 et
923 2198 1062 2251 Filio
1086 2198 1454 2251 accommodet
1480 2213 1494 2262 ;
1520 2197 1563 2251 si
1597 2197 1668 2250 ita
1697 2199 1946 2252 essentia:
1973 2215 2120 2253 com-

569 2290 749 2343 munio
799 2289 1078 2357 accipitur,
1131 2287 1484 2353 admittimus,
1525 2298 1686 2356 atque
1725 2288 1826 2342 boc
1879 2300 2117 2343 nostrum

568 2383 757 2450 dagma
790 2395 906 2435 esse
938 2380 1327 2450 prolitebimur.
1364 2377 1497 2430 Nam
1535 2380 1636 2432 hoc
1660 2389 1818 2448 pacto
1850 2390 1904 2434 et
1949 2381 2121 2435 deitas

567 2488 670 2526 una
697 2472 821 2534 erit,
853 2471 1059 2523 unitate
1089 2470 1341 2523 videlicet
1389 2471 1680 2524 secundum
1732 2472 1977 2525 essentia:
2035 2487 2120 2524 ra-

571 2564 769 2617 tionem
791 2561 1079 2626 intellecta,
1101 2561 1231 2614 adeo
1251 2570 1303 2612 ιιι
1324 2559 1377 2612 in
1394 2574 1617 2614 numero
1633 2561 1846 2630 quidem
1864 2563 1978 2616 etin
2007 2578 2121 2632 pro-

565 2654 884 2724 prietatibus
914 2663 1202 2720 utrumque
1231 2652 1635 2720 designantibus
1659 2652 1961 2709 diﬂ‘erentia
1997 2657 2068 2709 sit
2102 2670 2116 2708 :

566 2748 617 2802 in
646 2746 862 2803 deitatis
881 2760 1008 2800 vero
1037 2745 1245 2799 ratione
1267 2745 1442 2798 unitas
1471 2745 1861 2801 consideretur.

632 2921 722 2975 20.
751 2921 882 2976 Cum
916 2921 1079 2992 igitur
1113 2922 1459 2976 constitutum
1495 2923 1851 2992 sitquomodo
1876 2939 2122 2994 oporteat

565 3013 1006 3067 communitatem
1063 3013 1380 3067 substantiae
1435 3015 1627 3082 accipi,
1681 3031 1797 3085 quae
1826 3031 2120 3086 sequuntur

2225 548 2365 618 ἅπερ
2395 550 2658 615 ἐϐούλετο,
2698 554 2787 606 καὶ
2817 553 2885 606 τά
2919 555 3184 608 ἀκόλουθα
3217 557 3390 611 λαϐὼν
3429 562 3544 622 ταῖς
3585 561 3782 614 ὑποθέ-

2225 657 2391 705 σεσιν,
2444 639 2557 694 εἶτα
2615 647 2693 708 εἰς
2745 647 2975 709 ἀτόπους
3031 649 3236 711 ἐννοίας
3297 651 3484 704 ἐαυτὸν
3541 653 3779 719 ἐξωθῶν,

2222 734 2520 801 ἀναγκαίαν
2561 735 2802 790 ἐντεῦθεν
2841 738 3008 791 οἴεται
3036 739 3132 810 τὴν
3160 742 3465 811 παραδοχὴν
3503 744 3608 797 τῶν
3641 745 3782 797 ἰδίων

2220 823 2501 892 δογμάτων
2535 823 2648 894 (30)
2679 825 3059 879 ἐπιδεικνύναι.
3097 828 3232 896 Φησί
3272 829 3380 898 γὰρ
3423 830 3524 893 ὅτι,
3579 832 3693 884 Οὐκ
3719 831 3781 884 ἂν

2221 914 2374 966 τοῦτο
2397 915 2660 984 εἴποιμεν,
2696 915 2770 978 ὡς
2805 917 2954 987 κοινὴ
2991 917 3085 986 μὲν
3119 919 3318 988 ἀμφοῖν
3349 921 3380 989 ἡ
3407 921 3594 972 οὐσίαο
3629 923 3780 988 τάξει

2221 1007 2278 1058 δὲ
2307 1007 2400 1060 καὶ
2431 1010 2542 1070 τοῖς
2576 1010 2638 1060 ἐκ
2664 1008 2852 1078 χρόνου
2887 1008 3189 1079 πρεσϐείοις
3211 1013 3239 1062 ό
3275 1010 3372 1080 μὲν
3402 1010 3516 1064 ἔστι
3546 1014 3776 1082 πρῶτος,

2221 1099 2248 1150 ό
2286 1098 2342 1150 δὲ
2368 1099 2634 1168 δεύτερος.
2681 1101 2741 1152 Εἰ
2774 1101 2869 1169 μὲν
2899 1095 2990 1152 οὖν
3012 1101 3072 1152 τὸ
3097 1102 3268 1153 κοινὸν
3299 1102 3398 1172 τῆς
3425 1103 3610 1165 οὐσίας
3642 1105 3781 1158 οὕτω

2221 1190 2421 1261 νοήσας
2459 1186 2628 1254 εἶπεν,
2675 1192 2748 1253 ὡς
2778 1192 2834 1256 ἐξ
2864 1191 2994 1262 mn;
3025 1195 3480 1265 προῦπαρχούσης
3521 1197 3781 1266 διανομήν

2219 1299 2339 1335 τινα
2383 1283 2474 1334 καὶ
2505 1281 2901 1352 καταδιαίρεσιν
2940 1284 3049 1353 (51)
3093 1286 3260 1347 είςτά
3285 1288 3376 1338 ἀπ’
3414 1288 3580 1356 αὐτῆς
3615 1292 3778 1350 νοεῖν,

2221 1371 2327 1424 οὔτ’
2355 1373 2418 1430 ἂν
2461 1373 2614 1424 αὐτοὶ
2661 1374 3087 1445 καταδεξαίμεθα
3135 1375 3233 1446 τὴν
3273 1376 3507 1429 διάνοιαν
3548 1378 3777 1445 ταύτηνο

2225 1466 2297 1534 μὴ
2331 1466 2562 1532 γένοιτοὲ
2594 1465 2687 1518 καὶ
2726 1466 2849 1526 τοὺς
2893 1465 3170 1533 λέγοντας,
3221 1467 3275 1518 εί
3309 1485 3450 1529 τινες
3497 1469 3589 1520 καί
3623 1471 3777 1528 εἰσιν,

2221 1555 2366 1607 οὐδὲν
2391 1556 2606 1610 ἔλαττον
2641 1556 2853 1608 ἀσεϐεῖν
2886 1556 2990 1610 τῶν
3008 1559 3067 1610 τὸ
3088 1560 3336 1629 ἀνόμοιον
3366 1561 3632 1627 λεγόντων
3657 1563 3782 1613 ἀπο-

2222 1647 2547 1717 φαινόμεθα·
2582 1651 2629 1700 sl
2664 1649 2719 1700 δὲ
2755 1646 2895 1699 οὕτω
2919 1665 3001 1711 τις
3032 1651 3360 1720 ἐκλαμϐάνοι
3389 1651 3447 1703 τὸ
3475 1653 3572 1721 τῆς
3598 1654 3781 1714 οὐσίας

2223 1737 2418 1802 κοινὸν,
2449 1737 2522 1801 ὡς
2555 1740 2642 1791 τὸν
2679 1738 2769 1790 τοῦ
2802 1732 2942 1790 εἷναι
2966 1738 3118 1806 λόγον
3147 1742 3241 1793 ἕνα
3271 1743 3362 1794 καὶ
3387 1741 3476 1793 τὸν
3507 1743 3668 1794 αὐτὸν
3697 1745 3780 1795 ἐπ’

2219 1833 2422 1900 ἀμφοῖν
2449 1830 2787 1901 θεωρεῖσθαι,
2809 1829 2948 1883 ὥστε
2981 1830 3075 1882 καὶ⁴
3097 1833 3143 1882 εἰ
3176 1832 3294 1884 καθ’
3330 1833 3584 1886 ὑπόθεσιν
3613 1835 3727 1901 φῶς
3757 1837 3782 1887 ό

2218 1922 2405 1992 Πατὴρ
2421 1921 2496 1991 τῷ
2510 1922 2845 1992 ὑποκειμένῳ
2859 1921 2970 1991 (ὗὲ)
2989 1924 3175 1983 νοοῖτο,
3193 1923 3304 1990 φῶς
3325 1927 3415 1976 καὶ
3430 1926 3526 1995 τὴν
3550 1925 3645 1978 τοῦ
3675 1926 3783 1977 Mo-

2217 2012 2462 2082 νογενοῦς
2493 2013 2676 2064 οὐσίαν
2701 2010 3091 2081 ὁμολογεῖσθαι,
3124 2013 3214 2063 καὶ
3245 2013 3410 2084 ὅνπερ
3439 2015 3502 2068 ἄν
3525 2033 3608 2078 τις
3646 2019 3780 2068 ἀποο

2216 2106 2291 2175 δῷ
2336 2107 2427 2158 ἐπὶ
2481 2103 2574 2156 τοῦ
2614 2103 2819 2174 Πατρδς
2855 2102 2946 2154 τὸν
2988 2101 3080 2154 τοῦ
3117 2097 3259 2156 εἶναι.
3292 2104 3465 2174 λόγον,
3499 2107 3588 2159 τὸν
3623 2108 3780 2160 αὐτὸν

2216 2198 2402 2250 τούτων
2426 2197 2516 2249 καὶ
2541 2194 2618 2266 τῷ
2643 2194 2754 2264 Υἱῷ
2781 2194 3108 2265 ἐφαρμόζειν
3126 2209 3138 2222 ⁸
3162 2194 3210 2244 εί
3238 2190 3378 2246 οῑτω
3403 2197 3460 2248 τὸ
3490 2198 3665 2249 κοινὸν
3685 2199 3778 2268 τῆς

2218 2291 2403 2352 οὐσίας
2427 2287 2775 2360 λαμϐάνοιτο,
2803 2285 3094 2355 δεχόμεθα’
3136 2285 3228 2338 καὶ
3258 2285 3521 2355 ἡμέτερον
3554 2285 3692 2340 εἶναι
3723 2290 3780 2340 τὸ

2219 2380 2391 2448 δόγμα
2415 2383 2673 2449 φήσομεν.
2731 2376 2886 2429 Κατά
2936 2375 3093 2428 τοῦτο
3147 2373 3254 2445 γὰρ
3296 2377 3388 2427 καὶ
3431 2376 3618 2444 θεότης
3647 2379 3776 2445 μία·

2219 2469 2455 2537 δηλονότι
2492 2470 2629 2522 κατά
2661 2468 2749 2522 τὸν
2779 2468 2873 2536 τῆς
2901 2468 3085 2530 οὐσίας
3115 2467 3268 2532 λόγον
3287 2467 3384 2536 τῆς
3413 2467 3658 2536 ἐνότητος
3695 2485 3779 2518 νο-

2219 2561 2474 2631 ουμένης,
2509 2561 2647 2612 ὥστε
2682 2559 2894 2630 ἀριθμῷ
2931 2560 3026 2628 μὲν
3050 2559 3147 2628 τὴν
3172 2558 3430 2629 διαφορὰν
3459 2559 3569 2627 (55)
3604 2558 3777 2628 ὐπάρ-

2219 2671 2353 2725 χειν,
2389 2651 2482 2705 καὶ
2510 2653 2627 2712 ταῖς
2661 2651 2878 2719 ἰδιότησι
2904 2653 3022 2713 ταῖς
3049 2650 3573 2721 χαρακτηριζούσαις
3600 2651 3780 2702 ἑκάτε-

2222 2764 2314 2819 ρον
2335 2762 2347 2774 ’
2381 2746 2436 2796 ἐν
2459 2743 2515 2795 δὲ
2541 2741 2616 2811 τῷ
2636 2740 2775 2809 λόγῳ
2801 2741 2895 2810 ’τῆς
2917 2741 3161 2809 θεότητος
3189 2742 3284 2806 τὴν
3310 2744 3536 2812 ἑνότητα
3565 2743 3778 2813 θεωρεῖ.

2221 2841 2362 2894 σθαι.

2286 2931 2375 2985 ‘20.
2403 2925 2764 2998 Διωρισμένου
2799 2922 2974 2975 τοίνυν
3006 2919 3120 2982 πῶς
3145 2923 3249 2991 χρὴ
3275 2923 3334 2974 τὸ
3356 2923 3528 2974 κοινὸν
3564 2925 3663 2992 τῆς
3687 2927 3774 2976 οὐ-

2223 3022 2341 3084 σίας
2383 3014 2717 3086 ἐκδέχεσθαι,
2763 3011 2830 3063 τά
2871 3007 3063 3079 ἐφεξῆς
3099 3007 3457 3076 ἐξετάσωμεν,
3496 3009 3614 3060 τίνα
3657 3027 3776 3062 συν-

564 3105 951 3172 expendamus,
985 3117 1145 3171 quam
1180 3103 1387 3158 scilicet
1417 3106 1646 3160 habeant
1666 3123 1786 3161 cum
1815 3111 2118 3178 praeceden-

2221 3121 2409 3185 ἀφειαν
2436 3111 2547 3180 ἔχει
2582 3107 2716 3177 πρὸς
2745 3105 2809 3157 τὰ
2841 3103 3164 3174 προάγοντα.
3191 3099 3350 3164 Τάξει
3383 3101 3457 3161 δὲ,
3501 3104 3651 3169 φησὶ,
3687 3122 3776 3155 και

569 3197 708 3250 tibus
737 3196 1150 3252 connexionem.
1173 3196 1371 3251 Ordine
1408 3214 1558 3264 vero,
1585 3199 1780 3268 inquit,
1814 3211 1868 3254 et
1915 3213 2116 3270 tenipo-

571 3287 644 3340 ris
677 3288 1055 3354 praarogativa,
1088 3286 1176 3339 ille
1208 3287 1410 3352 primus
1431 3298 1533 3352 est,
1559 3290 1647 3342 hic
1671 3293 1956 3346 secundas.
1982 3294 2117 3357 Quid

569 3393 793 3433 necesse
821 3387 902 3430 est
930 3390 991 3431 ea
1027 3391 1257 3446 quorum
1304 3381 1604 3433 communis
1645 3389 1728 3434 est
1767 3385 2018 3447 essentia,
2070 3395 2122 3439 et

568 3470 743 3523 nrtlini
797 3467 1006 3538 subjici,
1061 3475 1116 3520 et
1177 3480 1298 3521 esse
1354 3474 1592 3536 tempore
1624 3472 1960 3537 posteriora?
2005 3471 2118 3526 Non

567 3561 708 3613 enim
748 3559 861 3613 lieri
892 3567 1084 3627 potest,
1145 3569 1201 3612 ut
1257 3557 1625 3613 universorum
1663 3561 1802 3616 Dens
1851 3577 1970 3616 cum
2023 3581 2118 3619 sua

571 3653 741 3720 ipsius
774 3651 1006 3720 imagine
1034 3666 1153 3720 qua!
1180 3651 1315 3704 citra
1367 3654 1624 3720 temporis
1669 3655 2039 3710 accessionem-
2067 3658 2123 3710 il-

572 3743 797 3795 lustrata
847 3750 949 3806 est,
1001 3743 1067 3794 ab
1113 3751 1312 3794 aeterno
1344 3757 1451 3796 non
1479 3744 1568 3808 sit,
1597 3753 1650 3798 et
1690 3748 2118 3816 conjunctionem

571 3848 674 3887 non
712 3833 910 3886 habeat
959 3847 1064 3885 non
1127 3832 1299 3886 solum
1337 3833 1473 3886 ultra
1525 3846 1785 3906 tempora,
1830 3844 1922 3895 sed
1960 3846 2120 3898 etiam

569 3925 708 3976 ultra
750 3925 926 3977 omnia
954 3922 1170 3978 saecula.
1201 3921 1336 3976 Nam
1388 3923 1589 3977 idcirco
1627 3928 1877 3992 splendor
1915 3933 1959 3963 ⁸⁸
1989 3933 2122 3987 dici-

571 4030 674 4079 tur,
709 4027 765 4069 ut
812 4017 1241 4084 conjnttctionem
1277 4015 1636 4086 intelligamus
1667 4036 1679 4070 :
1712 4029 1765 4072 et
1797 4024 1962 4091 ligura
1993 4027 2118 4081 stib-

568 4107 780 4160 stantize
800 4106 865 4169 ”,
894 4116 951 4158 ut
972 4105 1579 4161 consubstantialitatcm
1596 4107 1980 4174 perdiscamus.
2009 4115 2112 4171 Sed

644 4224 690 4254 ⁸⁸
720 4221 883 4276 Hebr.
927 4238 964 4279 ι,
1005 4224 1055 4275 5.
1133 4222 1176 4254 ⁵⁸
1215 4223 1342 4275 ibid.

639 4333 748 4404 (9.9)
790 4331 963 4404 Illud,
1000 4328 1361 4404 ὑποθέμενος,
1406 4329 1490 4404 sic
1507 4329 1767 4404 __retldidit
1803 4331 2068 4404 interpres
2100 4353 2112 4388 :

571 4397 861 4470 supposuit
885 4402 1050 4470 primo
1094 4397 1231 4468 quod
1281 4399 1458 4452 voluit.
1505 4397 1696 4452 Fateor
1732 4397 1959 4466 quidem‘
1995 4419 2115 4456 ver-

2209 3214 2322 3272 τοῖς
2367 3208 2432 3258 ἐκ
2462 3204 2654 3274 χρόνου
2691 3193 2991 3266 πρεσϐείοις
3027 3193 3056 3243 ὁ
3103 3191 3200 3261 μὲν
3244 3190 3356 3242 ἔστι
3392 3190 3621 3260 πρῶτος,
3663 3192 3688 3240 ὁ
3723 3192 3776 3243 δὲ

2211 3302 2480 3369 δεύτερος.
2513 3295 2608 3353 Τίς
2638 3293 2669 3359 ἡ
2705 3287 2913 3355 ἀνάγκη
2955 3284 3037 3352 ἐφ’
3064 3277 3136 3334 ὧν
3170 3285 3201 3352 ὴ
3241 3282 3392 3334 οὐσία
3423 3283 3595 3351 κοινὴ,
3629 3283 3775 3345 τάξει

2213 3410 2272 3444 τε
2336 3381 2736 3450 ὐποδεϐλῆσθαι
2781 3376 2973 3441 ταῦτα,
3032 3375 3124 3427 καὶ
3179 3375 3368 3444 χρόνου
3413 3370 3548 3426 εἷναι
3594 3372 3776 3425 δεύτε-

2220 3501 2285 3555 ρα
2317 3480 2461 3551 (54);
2497 3476 2569 3527 Οὐ
2594 3473 2700 3542 γὰρ
2729 3469 2946 3523 δυνατὸν
2979 3470 3042 3536 τῇ
3066 3466 3254 3518 ἑαυτοῦ
3291 3465 3452 3517 εἰκόνι
3482 3467 3592 3531 (55)
3620 3465 3779 3534 ἀχρό-

2214 3589 2320 3634 νως
2349 3564 2758 3633 ἀπαυγασθείσῃ
2798 3561 2888 3611 τὸν
2925 3558 3053 3610 Θεὸν
3085 3557 3191 3609 τῶν
3218 3557 3353 3609 ὅλων
3390 3556 3462 3623 μὴ
3505 3556 3565 3618 ἐξ
3609 3556 3775 3609 ἀϊδίου

2217 3663 2476 3720 συνεῖναι,
2527 3657 2618 3710 καὶ
2671 3655 2741 3723 μὴ
2781 3651 2966 3719 χρόνον
2999 3649 3176 3717 μόνον,
3226 3647 3318 3698 καὶ
3344 3644 3551 3697 αἰώνων
3582 3647 3637 3697 δὲ
3668 3647 3775 3711 (frti)

2216 3751 2431 3806 πάντων
2455 3748 2705 3801 ἐπέκεινα
2729 3742 2824 3812 τὴν
2856 3739 3142 3806 συνάφειαν
3175 3737 3337 3806 ἔχειν.
3376 3735 3470 3786 Διά
3495 3736 3652 3786 τοῦτο
3673 3736 3778 3805 γὰρ

2216 3843 2554 3910 ἀπαύγασμα
2606 3838 2838 3907 εἴρηται,
2879 3833 2964 3884 ἵνα
3007 3832 3064 3882 τὸ
3107 3829 3443 3899 συνημμένον
3478 3827 3774 3895 νοήσωμεν,

2216 3937 2310 3989 καὶ
2340 3931 2622 4005 χαρακτὴρ
2650 3929 2747 3996 τῆς
2781 3923 3144 3984 ὑποστάσεως,
3182 3923 3264 3972 ἵνα
3292 3920 3349 3971 τὸ
3381 3918 3661 3987 ὁμοούσιον
3683 3919 3776 3971 ἐκ·-

2220 4027 2596 4099 μανθὰνωμεν.
2630 4019 2785 4074 Ἀλλά
2808 4019 2901 4068 καὶ
2925 4015 3071 4077 τάξις
3097 4016 3128 4082 ἡ
3161 4014 3254 4081 μὲν
3284 4012 3479 4079 φυσική
3505 4011 3586 4070 τίς
3613 4012 3775 4067 ἐστιν,

2218 4121 2250 4189 ἡ
2285 4120 2340 4170 δὲ
2374 4120 2492 4168 κατ’
2528 4113 2885 4181 ἐπιτήδευσιν,
2925 4105 3128 4170 Φυσικὴ
3179 4103 3296 4170 μὲν,
3342 4103 3414 4161 ὡς
3459 4104 3490 4169 ἡ
3524 4100 3627 4151 τῶν
3661 4117 3774 4152 κτι-

2226 4345 2416 4386 vetus:
2453 4333 2515 4385 Et
2553 4341 3000 4400 quantumcunque
3035 4331 3223 4398 aliquis
3266 4325 3414 4379 Patri
3469 4333 3773 4383 attributio-

2226 4421 2360 4464 nem,
2390 4403 2522 4455 hanc
2553 4405 2716 4468 ipsam
2743 4413 2786 4454 et
2819 4400 2957 4453 Filio
2984 4400 3327 4454 accommodet
3351 4415 3368 4450 :
3397 4400 3487 4449 sed
3519 4413 3771 4463 quantum

721 4450 1069 4523 δ’τὲόέιὸεέθάι
1098 4450 1441 4523 1ttsilalertiit'i
1479 4450 1667 4536 praet)
1709 4450 1965 4538 (ιῖιέιιῖῖξέι
1997 4450 2121 4539 siti)-
2154 4450 2195 4503 ί)
2226 4450 3295 4528 διώξεις
3316 4476 3478 4539 patet.
3510 4450 3775 4534 litum-.6?)

567 4558 752 4607 ponere
778 4557 796 4593 :
827 4543 918 4593 sed
954 4540 1186 4591 arbitror
1233 4539 1318 4591 bic
1358 4541 1494 4607 idem
1536 4540 1715 4591 valere
1749 4542 1886 4606 quod
1917 4559 2120 4597 sumere

567 4606 806 4663 alicunde
834 4610 1104 4661 materiam
1138 4606 1419 4660 scribendi.

638 4678 748 4748 (50)
790 4679 1004 4748 Antiqui
1049 4693 1138 4748 sex
1189 4677 1306 4748 libri
1350 4674 1601 4730 τοιούτων
1647 4675 1946 4747 δογμάτων.
1981 4682 2116 4738 Editi

566 4761 618 4805 et
650 4746 781 4815 Reg.
806 4747 1022 4815 quintus
1047 4746 1152 4800 τῶν
1190 4746 1354 4799 ἰδίων.

639 4813 757 4888 (51)
787 4813 928 4871 Ειιιιι
972 4824 1025 4868 et
1053 4816 1205 4888 μεθ.
1252 4813 1760 4888 ψιίιιιιιεᾷδιανομήν
1812 4835 1932 4872 τινα
1980 4825 2118 4875 κατὰ

570 4885 848 4960 διαίρεσιν,
883 4899 984 4960 nec
1017 4885 1172 4960 aliter
1217 4889 1417 4960 legerat
1451 4885 1757 4960 Cornarius,
1792 4892 1880 4955 qui
1923 4891 2008 4943 ita:
2039 4894 2118 4944 in.

577 4953 897 5025 terpretattts
924 4955 1032 5009 sit:
1064 4953 1491 5008 Distributionem
1521 4953 2117 5022 quamdam'secundum

573 5029 875 5082 divisionem
906 5026 962 5078 in
990 5041 1051 5078 ea
1077 5040 1191 5091 quae
1222 5027 1284 5096 ab
1311 5027 1424 5089 ὶίειδα
1450 5037 1566 5077 sunt
1588 5039 1610 5096 7:
1636 5027 1772 5090 quod
1804 5029 1929 5094 quid
1962 5031 2118 5096 signi-

573 5103 736 5152 licare
771 5097 961 5164 possit,
998 5110 1064 5148 ex
1103 5109 1188 5155 eo,
1228 5095 1272 5148 si
1311 5096 1540 5156 viveret,
1583 5095 1755 5164 libens
1798 5095 2112 5162 quaererem.

569 5169 668 5222 Alii
704 5163 940 5234 quinque
967 5179 1115 5236 _mss.
1144 5164 1530 5236 διανομὴνσκαὶ
1559 5163 1980 5236 καταδιαίρεσιν,
2013 5184 2116 5221 ιιιιο

568 5238 752 5301 verbo,
783 5233 936 5289 bene.
967 5233 1100 5305 Reg.
1128 5235 1335 5306 primus
1362 5233 1620 5306 διανομήν
1662 5251 1780 5286 τινα
1813 5233 1918 5288 ’καὶ
1952 5254 2118 5289 κατα-

567 5306 859 5376 διαίρεσιν,
913 5303 1072 5371 paulo
1125 5303 1332 5358 melius.
1389 5303 1663 5375 Hoc'ipso
1711 5307 1763 5356 in
1814 5307 1931 5360 loco
1983 5307 2112 5376 lteg.

569 5395 669 5448 qua
681 5386 790 5448 rtus
803 5376 1034 5448 ἐννοεῖν.

639 5446 750 5514 (5'3)
790 5446 919 5498 Cum
960 5461 1060 5498 vox
1110 5445 1463 5515 ὑποκείμενον
1513 5445 1616 5498 late
1651 5454 1845 5512 pateat,
1890 5445 2115 5500 fortasse

571 5519 728 5571 debet
770 5517 867 5566 hoc
913 5517 1029 5568 loco
1072 5519 1209 5568 sumi
1258 5532 1351 5582 pro
1397 5516 1510 5578 ipsa
1562 5517 1869 5579 substantia,
1908 5527 1961 5566 nt
2015 5517 2114 5569 hoc

573 5589 711 5639 dicat
741 5583 968 5637 Basilius
994 5600 1008 5637 :
1036 5584 1096 5638 Si
1132 5585 1289 5638 Pater
1315 5603 1377 5637 ea:
1401 5586 1664 5650 bypothesi
1695 5586 1996 5654 intelligitur
2024 5588 2114 5637 lux

572 5673 679 5708 esse
722 5657 776 5708 in
814 5670 866 5706 se
898 5663 944 5707 et
985 5658 1038 5706 in
1073 5672 1166 5707 sua
1200 5657 1510 5718 substantia,
1539 5665 1643 5707 clc.
1681 5657 1827 5718 Quod
1864 5671 1982 5706 mox
2030 5671 2113 5708 se-

575 5729 771 5792 quitur,
824 5726 915 5778 xat
962 5725 1144 5794 ὅνπερ,
1185 5729 1425 5790 ctc.,.ita
1472 5735 1801 5780 converterat
1852 5726 2112 5796 interpres

2220 4542 2311 4594 τοῦ
2361 4539 2497 4595 εἶναι
2545 4543 2725 4609 λόγον,
2771 4544 2832 4592 ad
2883 4544 3099 4593 verbum
3170 4538 3525 4609 reddidimus.
3572 4542 3776 4592 essendi

2223 4615 2508 4675 rationem,
2564 4607 2665 4665 non
2723 4610 2910 4662 Latine
2961 4611 3206 4677 quidem,
3256 4609 3348 4661 sed
3401 4607 3776 4672 significantis-

2221 4699 2371 4736 Sillle.

2291 4752 2400 4818 (55)
2434 4750 2545 4804 Vox
2583 4748 2813 4818 διαφορά
2839 4746 3187 4801 differentiam
3211 4745 3434 4818 quidem
3470 4748 3771 4815 signiﬁcat:

2218 4823 2308 4875 sed
2342 4817 2461 4873 cunt
2496 4836 2683 4872 nomen
2717 4820 3027 4872 ttili'erentia:
3052 4817 3311 4869 latissime
3347 4825 3545 4881 pateat,
3578 4819 3646 4868 ita
3686 4819 3772 4872 hic

2219 4901 2271 4942 et
2313 4893 2361 4942 in
2399 4891 2660 4943 similibus
2689 4889 2819 4942 locis
2871 4888 3293 4949 restringendnttt
3335 4895 3438 4946 est,
3473 4897 3528 4938 nt
3564 4891 3777 4954 proptie

2219 4975 2314 5024 pro
2341 4959 2680 5028 distinctione
2709 4960 3020 5027 accipiatur.
3049 4955 3241 5008 Statim
3275 4970 3400 5008 mss.
3430 4959 3670 5008 nonnulli
3699 4957 3776 5028 τῷ

2217 5030 2354 5100 λόγῳ
2382 5027 2456 5096 τῷ
2481 5029 2598 5096 τῆς.

2287 5095 2420 5170 (54)
2462 5095 2678 5170 antiqui
2711 5114 2825 5170 sex
2879 5097 2996 5170 libri
3054 5110 3170 5147 cum
3221 5096 3452 5164 editione
3503 5095 3774 5170 νου-,καὶ

2216 5165 2404 5240 χρόνου
2454 5165 2586 5220 εἶναι
2611 5165 2876 5238 δεύτερα.
2915 5168 3042 5240 ljeg.
3074 5171 3337 5240 secundan
3371 5179 3490 5240 cum
3539 5167 3776 5240 editione.

2216 5231 2384 5292 paris.
2413 5240 2506 5290 καὶ
2537 5237 2724 5307 χρόνου
2774 5231 3077 5305 πρεσϐείοις
3128 5233 3263 5286 εἶναι
3302 5231 3548 5307 δεύτερα.
3584 5233 3770 5298 Nisum,

2215 5314 2424 5374 Opinor,
2469 5301 2626 5360 ltoiiit)
2674 5323 2773 5358 non
2810 5301 2951 5359 videt
2987 5321 3167 5357 vocem
3201 5301 3522 5374 νπρεσϐείοις
3567 5319 3630 5356 ex
3680 5326 3772 5358 sn-

2216 5373 2516 5445 perioribus
2572 5379 2779 5428 incaute
2823 5378 3138 5430 accersitam
3189 5373 3374 5431 fuisse,
3424 5381 3474 5422 et
3519 5373 3616 5426 hoc
3655 5376 3771 5428 loco

2217 5450 2395 5509 inepte
2430 5447 2731 5513 repetitam.

2284 5519 2394 5584 (35)
2436 5511 2609 5570 Codex
2647 5531 2781 5567 unus
2804 5517 2867 5584 τῇ
2898 5515 2989 5566 ἀπ’
3017 5513 3179 5564 αὐτοῦ
3208 5511 3392 5584 εἰκόνι.

2287 5581 2398 5654 (56)
2442 5587 2665 5642 Codices
2715 5581 2938 5654 aliquot
2973 5586 3164 5654 μόνον,
3215 5581 3422 5654 αἰώνων
3464 5586 3540 5637 δέ.
3586 5583 3770 5654 ltitiam

2214 5652 2342 5710 mss.
2383 5652 2628 5711 nonnulli
2694 5653 3032 5724 συνημμένον
3087 5653 3310 5722 ννιῶμεν.
3353 5653 3587 5707 Subinde
3643 5652 3772 5722 Reg.

2214 5736 2433 5796 quartus
2467 5735 2557 5779 και
2589 5725 2785 5795 φυσικὴ
2820 5724 2914 5791 μὲν
2945 5725 3036 5785 ὡς.
