4026 6460
255 421 364 476 557

1335 409 1701 466 ADVERSUS
1740 410 2104 466 EUNOMIUM
2145 411 2271 465 LIB.
2313 411 2353 470 1.

3365 408 3468 460 558

258 534 482 604 σμάτων
519 546 654 585 κατα
690 532 811 592 τοὺς
854 530 1270 600 δημιουργικοὺς
1297 530 1484 597 λόγους
1523 530 1817 600 διαταχθεῖ-

1928 542 1974 586 ει
2012 533 2142 587 ordo
2172 533 2309 586 alios
2333 531 2593 585 naturalis
2627 539 2730 597 est,
2762 530 2897 584 alius
2938 527 3254 582 artiﬁcialis.
3301 525 3466 581 Natu-

262 641 331 676 σα
365 624 494 689 157),
537 621 625 673 καὶ
652 621 725 682 ὡς
748 622 780 689 ἡ
802 620 917 672 ,τῶν
946 620 1257 690 άριθμητῶν
1281 621 1390 690 (58)
1428 619 1594 684 θέσις,
1627 623 1716 673 καὶ
1741 621 1816 683 ὡς

257 718 293 785 ἡ
339 715 448 767 τῶν
481 713 666 765 αἰτίων
701 713 835 782 πρὸς
865 713 932 764 τὰ
963 713 1172 765 αἰτιατὰ
1207 713 1408 781 σχέσις,
1445 713 1650 765 ἐκείνου
1686 731 1816 784 προ·-

256 803 727 874 διωμολογημένου
758 803 849 854 τοῦ
877 803 970 855 καὶ
1005 803 1101 872 τῆς
1141 805 1352 869 φύσεως
1388 804 1556 872 αὐτῆς
1589 805 1818 875 ποιητὴν

259 895 400 950 εἶναι
431 896 522 948 καὶ
554 894 878 964 δημιουργὸν
915 895 1005 946 τὸν
1034 893 1162 944 Θεόν
1186 910 1198 922 °
1264 895 1717 964 ἐπιτετηδευμένη
1763 895 1818 947 δὲ

259 989 356 1042 καὶ
383 987 620 1057 τεχνικὴ,
649 988 724 1050 ὡς
765 988 797 1056 ή
828 989 883 1038 ἐν
909 989 1020 1048 τοῖς
1048 987 1547 1055 κατασκευάσμασι,
1584 987 1676 1038 καὶ
1719 1003 1820 1056 μα-

261 1077 488 1146 θήμασι,
527 1077 619 1128 καὶ
657 1075 942 1144 ἀξιώμασι,
992 1077 1082 1126 καὶ
1112 1075 1346 1145 ἀριθμῷ,
1391 1077 1483 1128 καὶ
1514 1079 1621 1138 τοῖς
1649 1077 1823 1128 τοιούο

260 1184 394 1230 τοις.
425 1168 639 1219 Τούτων
673 1168 849 1218 τοίνυν
875 1167 934 1218 τὸ
974 1167 1232 1236 πρότερον
1256 1168 1704 1237 ἀποκρυψάμενος
1737 1164 1822 1220 οῦ-

261 1276 374 1321 τος,
399 1258 492 1311 τοῦ
527 1259 773 1327 δευτέρου
798 1257 968 1320 εἴδους
996 1258 1094 1327 τῆς
1120 1257 1321 1321 τάξεως
1353 1258 1688 1329 ἐπεμνήσθη,
1729 1259 1821 1312 καί

264 1370 415 1422 φησι,
449 1351 520 1421 μὴ
560 1353 752 1420 χρῆναι
791 1350 967 1415 λέγειν
1008 1351 1098 1401 ἐπὶ
1134 1349 1265 1401 Θεοῦ
1310 1349 1477 1414 τάξιν,
1526 1351 1753 1421 ἐπείπερ
1792 1353 1822 1420 ή

261 1445 416 1510 τάξις
454 1443 676 1510 δευτέρα
713 1442 828 1494 ἐστὶ
864 1441 956 1493 τοῦ
1000 1442 1298 1505 τάττοντος.
1355 1443 1558 1494 Ἐκεῖνο
1599 1441 1655 1494 δὲ
1697 1441 1728 1510 ἢ
1764 1442 1822 1492 οὺ

267 1536 520 1596 συνεῖδεν,
575 1535 607 1603 ἢ
666 1533 803 1584 ἐκὼν
837 1532 1207 1602 ἀπεκρύψατο,
1262 1534 1343 1585 ὅτι
1377 1533 1490 1585 ἔστι
1532 1549 1582 1583 τι
1623 1531 1825 1594 τάξεως

264 1624 424 1687 εἶδος,
469 1625 566 1676 οὐκ
616 1627 677 1677 ἐκ
719 1625 814 1694 τῆς
855 1623 1160 1694 παρ’ήμῶν
1184 1624 1382 1686 θέσεως
1424 1623 1822 1691 συνιστάμενον,

265 1717 379 1769 ἀλλ’
408 1718 540 1786 αὐτῇ
565 1719 628 1785 τῇ
665 1716 801 1769 κατὰ
827 1716 983 1783 φύσιν
1009 1716 1292 1787 ἀκολουθίᾳ
1317 1716 1624 1783 συμὸαῖνον,
1648 1715 1721 1776 ὡς
1750 1714 1827 1784 τῷ

265 1809 401 1877 πυρὶ
429 1807 560 1880 πρὸς
589 1809 649 1860 τὸ
675 1825 786 1876 φως
823 1811 934 1860 ἐστι
967 1809 1027 1860 τὸ
1051 1807 1110 1871 ἐξ
1139 1806 1320 1860 αὑτοῦ.
1357 1808 1442 1859 Ἐν
1477 1805 1684 1869 τούτοις
1715 1807 1820 1877 γὰρ

266 1896 528 1966 πρότερον
567 1897 626 1949 τὸ
663 1898 830 1949 αἴτιον
869 1898 1114 1966 λέγομεν,
1163 1896 1407 1967 δεύτερον
1448 1896 1505 1948 δὲ
1547 1897 1606 1949 τὸ
1637 1897 1693 1961 ἐξ
1727 1898 1822 1949 αὑ-

263 1984 360 2036 τοῦ
409 1985 553 2053 (59)'
606 1986 666 2036 οὐ
719 1985 1041 2056 διαστήματι
1097 1986 1416 2055 χωρίζοντες
1453 1989 1546 2040 ἀπ’
1583 1988 1822 2056 ἀλλήλων

263 2074 460 2135 ταῦτα,
491 2075 624 2128 ἀλλὰ
668 2076 742 2145 τῷ
773 2077 1011 2146 λογισμῷ
1045 2076 1133 2130 τοῦ
1163 2077 1404 2131 αἰτιατοῦ
1448 2078 1823 2148 προεπινοοῦν-

263 2185 358 2229 τες
387 2167 448 2219 τὸ
476 2168 661 2219 αἴτιον.
699 2169 818 2229 Πῶς
858 2165 948 2219 οὖν
981 2167 1194 2235 εῦλογον
1224 2167 1498 2239 ἀρνεῖσθαι
1525 2169 1621 2237 τὴν
1649 2168 1819 2233 τάξιν,

263 2261 350 2328 ἐφ’
377 2252 450 2311 ὧν
475 2259 589 2309 ἐστι
623 2259 881 2328 πρότερον
912 2261 1002 2312 καὶ
1025 2259 1290 2329 δεύτερον,
1322 2260 1381 2310 οὐ
1399 2259 1537 2310 κατὰ
1562 2259 1658 2329 τὴν
1684 2261 1821 2329 ἠμε-

263 2349 429 2420 τέραν
461 2347 624 2408 θέσιν,
662 2348 774 2400 ἀλλ’
799 2351 860 2402 ἐκ
892 2351 987 2420 τῆς
1016 2350 1153 2403 κατά
1190 2349 1347 2417 φύσιν
1378 2349 1558 2412 αὐτοῖς
1593 2351 1824 2421 ἐνυπαρ-

264 2442 466 2510 χούσης
495 2440 840 2505 ἀκολουθίας
873 2443 1024 2504 Τίνος
1062 2439 1151 2493 οὖν
1185 2441 1366 2493 ἕνεκεν
1398 2441 1578 2493 ἀθετεῖ
1607 2442 1703 2513 τὴν
1731 2444 1824 2496 τά·

265 2532 347 2596 ξιν
376 2533 466 2583 ἐπὶ
484 2532 617 2585 Θεοῦ
642 2533 1034 2603 λαμϐάνεσθαι;
1065 2533 1324 2600 Ἠγεῖται,
1345 2535 1390 2585 εί
1415 2535 1522 2602 (40)
1545 2535 1824 2599 ἐπιδείξειε

270 2621 537 2691 μηδαμῶς
585 2623 754 2684 ἄλλως
804 2623 864 2673 τὸ
915 2623 1175 2693 πρότερον
1227 2625 1318 2676 ἐπὶ
1377 2624 1510 2676 Θεοῦ
1568 2625 1823 2690 νοεῖσθαι,

264 2715 585 2783 λειπόμενον
624 2713 784 2778 ἕξειν,
824 2717 942 2767 κατ’
976 2717 1142 2786 αὐτὴν
1172 2717 1268 2786 τὴν
1302 2717 1486 2770 οὐσίαν
1533 2719 1628 2788 τὴν
1663 2720 1826 2789 ὑπερ-

264 2808 397 2876 οχὴν
450 2805 843 2859 ἐπιδείκνυσθαι
881 2807 1010 2872 (Il-1).
1054 2809 1243 2877 Ἡμεῖς
1269 2807 1344 2871 δέ,
1401 2809 1539 2862 κατὰ
1593 2810 1688 2879 μὲν
1729 2810 1824 2880 τὴν

264 2898 374 2950 τῶν
439 2899 624 2952 αἰτίων
687 2901 822 2971 πρὸς
869 2901 945 2953 ’τά
1010 2900 1068 2964 ἐξ
1127 2900 1303 2952 αὐτῶν
1371 2901 1569 2969 σχέσιν,
1634 2919 1825 2972 προτε-

264 2989 458 3057 τάχθαι
484 2989 576 3041 τοῦ
613 2990 737 3042 Υίοῦ
756 2990 845 3043 τὸν
875 2991 1093 3060 Πατέρα
1123 2990 1299 3060 φαμέν
1321 3008 1332 3020 ’
1370 2991 1508 3043 κατὰ
1529 2992 1582 3043 δὲ
1605 2991 1702 3061 τὴν
1731 2992 1825 3060 τῆς

267 3079 481 3146 φύσεως
515 3081 791 3150 διαφορὰν,
841 3082 1040 3144 οὐκέτι,
1093 3081 1209 3132 οὐδέ
1256 3079 1392 3130 κατὰ
1437 3081 1534 3151 τήν
1572 3083 1664 3134 τοῦ
1700 3083 1824 3153 χρό-

1920 627 2046 680 ralis
2065 626 2300 695 quidem,
2324 638 2380 678 ut
2401 633 2791 687 creaturarum,
2808 623 2896 692 qui
2924 636 2989 676 ex
3013 620 3233 676 creandi
3267 620 3471 673 ratione

1918 717 2203 786 dispositus
2231 725 2332 781 est,
2363 723 2416 769 et
2445 716 2584 767 sicut
2603 713 3008 767 numerabilium
3033 711 3247 782 positio,
3268 722 3321 764 et
3339 725 3469 764 cau-

1919 822 2097 861 sarum
2134 807 2199 860 ad
2232 806 2492 875 producta
2517 806 2770 872 habitus;
2800 819 2920 859 cum
2973 818 3060 858 res
3107 803 3348 858 confessa
3380 803 3473 864 sit.

1920 897 2084 949 Deum
2113 897 2272 950 etiam
2313 896 2481 965 ipsius
2508 905 2715 949 natura:
2744 897 3073 951 conditorem
3108 910 3229 950 esse
3261 904 3314 950 et
3355 896 3467 962 opio

1922 987 2095 1039 licem.
2129 986 2476 1054 Excogitatus
2511 985 2670 1056 232
2710 1003 2837 1039 vero
2861 995 2912 1040 et
2937 987 3256 1048 artiﬁcialis,
3287 995 3342 1038 ut
3365 985 3471 1048 ille,

1921 1077 2008 1144 qui
2043 1077 2464 1145 deprehenditur
2513 1078 2564 1130 in
2613 1078 3036 1145 probationibus,
3071 1077 3121 1130 in
3155 1078 3470 1146 disciplinis.

1924 1169 1976 1220 in
2009 1168 2391 1238 dignitatibus,
2426 1168 2478 1221 in
2515 1183 2739 1220 numero
2785 1178 2838 1220 et
2884 1169 3101 1236 reliquis
3146 1169 3471 1237 huiusmodi.

1928 1260 2221 1313 Eunomius
2258 1260 2442 1330 itaque
2472 1261 2663 1316 horum
2714 1263 2894 1330 priore
2923 1262 3216 1328 occultato,
3267 1261 3335 1315 de
3388 1275 3474 1313 se-

1925 1351 2099 1404 cumlo
2130 1352 2335 1404 ordinis
2368 1367 2562 1422 genere
2590 1352 2714 1405 fecit
2746 1353 3066 1405 mentionem
3095 1369 3110 1418 ;
3158 1352 3337 1418 aitque
3371 1367 3476 1404 non

1924 1453 2171 1507 oportere
2202 1443 2380 1494 dicere
2412 1441 2463 1494 in
2493 1443 2600 1495 Deo
2628 1441 2871 1493 ordinem
2903 1455 3041 1506 esse,
3074 1439 3327 1508 quoniam
3345 1444 3478 1493 ordo

1926 1533 2210 1585 ordinante
2240 1533 2504 1598 posterior
2549 1540 2650 1588 εει.
2696 1531 2825 1584 Illud
2859 1547 2984 1586 vero
3007 1541 3096 1585 aut
3127 1546 3228 1585 non
3266 1531 3474 1585 intelle-

1927 1621 2024 1686 xit,
2062 1630 2152 1673 aut
2186 1621 2328 1675 ultro
2356 1622 2613 1683 occuluit,
2635 1623 2899 1690 quoddam
2926 1622 3130 1676 ordinis
3156 1636 3274 1675 esse
3290 1637 3476 1690 genus,

1929 1729 2031 1766 non
2069 1721 2249 1765 nostra
2285 1713 2636 1766 constitutum
2687 1713 3044 1776 ordinatione,
3081 1716 3174 1766 sed
3231 1714 3346 1782 ipsa
3381 1727 3476 1766 ne-

1930 1803 2260 1857 cessitudine
2320 1804 2547 1856 naturali
2600 1803 2940 1868 contingens,
2983 1818 3088 1871 quo
3115 1818 3175 1858 se
3205 1805 3363 1858 modo
3393 1804 3484 1856 hu-

1929 1895 2057 1948 bent
2087 1895 2224 1964 ignis
2253 1904 2306 1947 et
2340 1895 2452 1959 lux,
2476 1909 2596 1962 qua:
2629 1909 2694 1947 ex
2720 1895 2833 1963 ipso
2857 1903 2959 1948 est.
2998 1895 3131 1948 Nam
3175 1894 3226 1948 in
3266 1895 3331 1948 iis
3360 1907 3482 1946 cau-

1927 2000 2040 2038 sam
2079 1987 2310 2055 priorem
2339 2001 2456 2040 esse
2498 1988 2726 2040 dicimus
2755 2007 2768 2041 :
2808 1987 3074 2056 posterius
3103 2001 3231 2041 vero
3263 1987 3313 2042 id
3338 1987 3480 2057 quod

1928 2078 1995 2131 ab
2019 2077 2127 2145 ipsa
2163 2088 2266 2144 est,
2307 2093 2409 2130 non
2464 2077 2746 2132 intervallo
2775 2079 2886 2132 haec
2935 2094 2963 2131 a
2999 2093 3054 2132 se
3085 2078 3310 2131 invicem
3351 2079 3476 2132 diri-

1929 2175 2153 2230 mentes,
2192 2168 2284 2221 sed
2309 2167 2631 2237 cogitatione
2680 2181 2896 2220 causam
2953 2178 3079 2222 ante
3125 2165 3370 2222 ell'ectum
3402 2169 3484 2221 iii-

1929 2255 2246 2327 telligentes.
2277 2259 2520 2323 Quonam
2565 2258 2731 2326 igitur
2785 2268 2940 2325 pacto
2975 2258 3164 2312 rationi
3197 2268 3482 2311 consenta-

1929 2365 2085 2403 neum
2127 2348 2309 2413 l'uerit,
2335 2349 2576 2403 ordinem
2606 2349 2657 2402 in
2700 2349 2767 2403 iis
2807 2365 3023 2419 negare,
3062 2350 3116 2402 in
3160 2351 3354 2416 quibus
3402 2359 3484 2403 est

1929 2445 2077 2512 prius
2103 2453 2157 2498 et
2198 2444 2481 2511 posterius,
2517 2457 2619 2496 non
2655 2456 2720 2496 ex
2750 2452 2936 2496 nostra
2972 2441 3350 2511 dispositione,
3386 2443 3480 2495 sed

1930 2549 1996 2586 ex
2031 2532 2262 2586 naturali
2299 2533 2526 2600 quadam
2559 2548 2736 2586 rerum
2770 2531 3199 2586 consecutione?
3239 2531 3348 2587 Cur
3385 2531 3482 2602 igi-

1933 2635 2018 2678 tur
2050 2625 2254 2678 l'astidit
2282 2625 2525 2678 ordinem
2574 2625 2625 2677 in
2656 2625 2765 2679 Deo
2786 2624 3110 2679 admittere?
3149 2624 3479 2686 Arbitratur,

1930 2718 1974 2772 si
2003 2717 2300 2772 ostenderit
2327 2733 2429 2772 non
2465 2717 2623 2771 aliter
2648 2717 2796 2786 prius
2838 2717 2890 2770 iu
2932 2718 3040 2772 Deo
3075 2718 3319 2787 intelligi,
3356 2719 3481 2771 relic

1929 2824 2092 2876 quum
2127 2824 2185 2862 se
2219 2809 2547 2871 habiturum,
2583 2809 2634 2861 in
2671 2810 2781 2876 ipsa
2801 2809 3319 2864 scilicetsubstantia
3347 2824 3483 2878 pra:-

1929 2901 2180 2954 stantiam
2211 2900 2593 2958 demonstrari.
2618 2898 2726 2954 Nos
2756 2909 2956 2962 autem,
2990 2915 3085 2969 pro
3127 2901 3311 2954 habitu
3347 2916 3479 2954 can-

1930 3008 2110 3048 sarum
2143 2993 2208 3047 ad
2235 3008 2297 3046 ea
2324 3007 2442 3062 quae
2479 3007 2545 3047 ex
2586 2991 2718 3060 ipsis
2749 3003 2895 3058 sunt,
2937 2990 3147 3046 Patrem
3178 2991 3312 3046 Filio
3346 3007 3482 3060 prae-

1940 3086 2062 3154 poni
2098 3087 2326 3140 dicimus
2359 3104 2370 3139 :
2399 3095 2451 3138 at
2481 3101 2610 3139 vero
2636 3087 2927 3140 secundum
2967 3095 3168 3139 naturae
3198 3086 3479 3139 diversita-

267 3189 359 3222 νου
407 3172 710 3242 ὑπεροχήν·
764 3171 796 3240 ἢ
855 3171 993 3222 οὕτω
1033 3187 1094 3238 γε
1152 3172 1243 3225 καὶ
1288 3173 1416 3226 αὐτὸ
1451 3173 1580 3243 (4'2),
1615 3176 1675 3227 τὸ
1716 3177 1823 3227 Πα-

1933 3188 2059 3241 tem,
2086 3194 2187 3231 non
2225 3178 2369 3241 item,
2396 3193 2566 3248 neque
2584 3180 2874 3232 secundum
2899 3177 3150 3246 temporis
3170 3189 3478 3231 excessum:

266 3264 400 3334 τέρα
456 3259 592 3316 εἶναι
647 3263 735 3314 τὸν
776 3261 926 3327 Θεὸν,
984 3261 1333 3333 ἀθετήσομεν,
1385 3267 1482 3335 τῆς
1539 3266 1674 3318 κατὰ
1725 3267 1822 3337 τὴν

265 3355 453 3407 οὐσίαν
507 3353 908 3424 ἀλλοτριότητος
948 3355 1045 3427 τὴν
1093 3355 1321 3428 φυσικὴν
1371 3359 1659 3427 συνάφειαι)
1703 3357 1824 3411 ἀθε-

266 3446 486 3514 τοῦσης.

336 3535 426 3587 21.
468 3535 617 3588 Ἐπεὶ
648 3538 826 3608 μέντοι
863 3539 1219 3609 ἀφορίσασθαι
1245 3542 1373 3611 ἡμῖν
1398 3542 1488 3594 τοῦ
1511 3542 1698 3612 χρόνου
1729 3543 1825 3610 τὴν

268 3628 430 3696 φύσιν
473 3630 501 3680 ὁ
539 3630 696 3697 σοφὸς
731 3630 797 3682 τὰ
830 3633 1001 3683 πάντα
1032 3633 1296 3702 προήχθη,
1330 3635 1420 3686 καὶ
1449 3634 1676 3687 ἐνταῦθα
1717 3634 1825 3704 (43)

267 3721 434 3775 αὑτοῦ
480 3721 537 3773 τὸ
589 3721 799 3788 βέϐαιον
837 3723 926 3774 καὶ
953 3725 1418 3794 περιεσκεμμένον
1454 3725 1549 3793 τῆς
1593 3725 1828 3792 διανοίας

271 3813 488 3880 ἴδωμεν.
535 3813 737 3881 Χρόνον
763 3814 937 3866 τοίνυν
984 3812 1118 3867 εἷναί
1147 3834 1276 3886 φησι
1307 3818 1462 3869 ποιάν
1479 3835 1598 3870 τινα
1619 3819 1828 3889 κίνησιν

269 3904 547 3974 ἀστέρων·
581 3905 727 3976 ἡλίου
768 3907 1005 3976 δηλονότι
1049 3909 1141 3961 καὶ
1187 3909 1412 3979 σελήνης
1462 3912 1554 3962 καὶ
1591 3912 1698 3963 τῶν
1727 3913 1832 3964 λοι·

269 3996 408 4059 πῶν,
448 3998 588 4060 ὅσοις
634 3999 752 4050 καθ’
783 3999 948 4050 ἐαυτὰ
980 4000 1089 4067 (44)
1137 3999 1396 4052 κινεῖσθαι
1429 4001 1654 4071 δύναμίς
1690 4006 1822 4058 ἐστι.

269 4087 344 4139 Τὸ
382 4086 555 4140 τοίνυν
587 4089 694 4140 ἀπὸ
729 4089 990 4155 γενέσεως
1027 4089 1252 4159 οὐρανοῦ
1282 4090 1373 4142 καὶ
1405 4090 1506 4159 γῆς
1544 4093 1702 4160 μέχρι
1729 4093 1826 4161 τῆς

346 4291 454 4361 (57)
497 4290 631 4343 Editi
663 4288 849 4358 λόγους
877 4290 1151 4360 ταχθεῖσα.
1191 4291 1410 4349 Veteres
1435 4293 1668 4361 quinque
1713 4293 1832 4346 libri

272 4361 637 4429 διαταχθεῖσα.

341 4431 707 4502 (58)”Antiqui
755 4430 860 4484 duo
913 4430 1031 4483 libri
1083 4431 1174 4484 τοῦ
1216 4432 1474 4502 ἀριθμοῦ.
1524 4433 1673 4502 Alius
1726 4431 1829 4484 τῶν

273 4501 542 4574 αριθξιῶλρ
573 4500 672 4551 Alii
705 4509 814 4574 tres
842 4517 962 4574 cunt
991 4501 1146 4574 editis
1180 4500 1650 4574 τῶνῷἁριθμήτῶν.

346 4569 457 4640 (59)
507 4569 636 4635 Reg.
685 4571 874 4640 tertius
916 4569 976 4621 τὸ
1014 4571 1106 4622 ἀπ’
1149 4572 1333 4625 αὑτοῦ.
1360 4569 1668 4638 ἈΙὶιιίιιιιιιο
1714 4584 1829 4640 post

275 4644 442 4712 codex
475 4656 610 4712 unus
637 4639 894 4712 πρότερον
926 4643 1018 4693 καὶ
1049 4640 1268 4712 ὕστερον
1299 4645 1356 4695 οὐ
1391 4643 1546 4696 κατά.

341 4711 452 4778 (40)
493 4709 604 4771 illa,
636 4710 866 4777 ἡγεῖται,
898 4712 966 4774 εί,
1001 4709 1378 4778 elc.,.possunt
1430 4711 1673 4766 fortassis
1725 4712 1827 4766 hoc

271 4783 430 4833 modo
473 4780 733 4850 intelligi:
767 4779 1057 4850 Eunomius
1097 4783 1196 4834 sibi
1245 4783 1453 4836 videtur
1497 4784 1826 4850 propositum

270 4860 548 4920 assecutus
593 4849 787 4920 fuisse,
816 4849 860 4920 si
899 4851 1240 4916 probaverit,
1288 4849 1541 4920 quidquid
1578 4853 1724 4920 prius
1775 4853 1825 4904 in

272 4919 382 4972 Deo
411 4920 729 4983 concipitur,
779 4919 829 4972 id
865 4922 1168 4974 necessario
1200 4922 1343 4989 prius
1377 4919 1496 4976 esse
1531 4919 1587 4975 et
1612 4937 1745 4980 aevo.
1774 4931 1828 4974 et

273 5001 542 5056 tempore,
583 4997 639 5040 et
683 4991 889 5045 ordine.
946 4990 1049 5042 Sed
1101 4990 1206 5043 falli
1261 5007 1380 5044 eum
1428 5001 1657 5045 constat.
1712 4992 1823 5045 Etsi

271 5061 415 5111 enim
449 5058 612 5110 Filius
642 5059 850 5111 dicatur
885 5060 1150 5126 posterior
1183 5076 1302 5115 esse
1329 5063 1538 5123 ordine,
1573 5062 1693 5114 inde
1720 5078 1823 5114 non

269 5129 500 5182 ellicitur
535 5142 653 5179 eum
690 5137 782 5179 aut
816 5129 960 5182 Patri
994 5143 1110 5183 esse
1140 5131 1476 5195 dissimilem,
1506 5141 1596 5184 aut
1629 5145 1693 5183 eo
1733 5149 1826 5198 po-

268 5201 552 5320 εξεῐὶοὲερέ
581 5211 697 5249 εεεε
723 5207 878 5250 aetate
902 5208 956 5252 et
983 5209 1238 5269 tempore.
1266 5200 1396 5270 Reg.
1423 5203 1609 5255 tertius
1631 5201 1822 5264 οἴεται,

268 5284 316 5320 ε.
348 5286 439 5320 ἐπι
473 5285 495 5319 ε
554 5283 650 5319 ειε.

268 5270 316 5320 εξ
348 5270 650 5321 ἐπιδείξειε.

348 5267 650 5332 ἐπιδείξειε.
1094 5267 1105 5269 ⁷
1350 5267 1367 5270 ’

493 5338 838 5421 ρράεχ-υῐιηιιε
862 5336 1132 5408 ὑπεροχὴν
1158 5339 1492 5421 θεωρεῖσθαι.

337 5406 450 5475 (42)
490 5408 641 5476 Illud,
669 5407 701 5476 ἢ
733 5407 870 5459 οὓτω
896 5406 981 5474 γε,
1009 5406 1140 5470 etc},
1165 5413 1242 5462 sic
1269 5406 1648 5476 interpretatur
1673 5410 1824 5464 Corn-

273 5473 517 5538 lmiisius,
547 5473 846 5544 Ηοεζιμιοίλ
881 5473 953 5530 est
986 5477 1146 5529 Deum
1182 5473 1550 5541 Pntrent'esse,
1593 5484 1824 5534 destrue-

265 5565 407 5601 mus.
437 5547 494 5600 ln
529 5561 634 5613 quo
663 5550 876 5615 quidem
912 5549 1378 5616 reprehendendus
1415 5567 1516 5602 non
1546 5560 1647 5612 est,
1681 5554 1820 5618 quod

266 5633 380 5687 rem
414 5633 517 5670 non
543 5620 875 5687 expresserit
905 5637 918 5672 :
952 5619 1066 5682 sed,
1108 5620 1248 5687 quod
1280 5618 1484 5674 locutus
1529 5620 1599 5673 sit
1647 5625 1823 5674 minus

265 5685 474 5752 Latine,
507 5685 556 5739 id
588 5696 689 5749 est,
715 5702 812 5740 suo
843 5704 1010 5743 more.

339 5757 450 5826 (43)
484 5757 704 5832 Editiet
732 5757 863 5832 Reg.
887 5759 1101 5827 quintus
1127 5760 1221 5814 καὶ
1249 5759 1514 5815 ἐντεῦθεν.
1544 5762 1643 5817 Alii
1674 5763 1822 5832 quiu-

267 5842 372 5894 (δάιε
406 5843 530 5883 mss.
559 5827 651 5880 καὶ
679 5828 930 5887 ἐνταῦθα.

435 4433 481 4510 )-

442 4572 457 4635 )

1928 3268 2159 3337 alioquin
2195 3269 2296 3321 hoc
2329 3279 2486 3338 pacto
2533 3271 2694 3321 etiam
2726 3268 2890 3321 Deum
2933 3267 3144 3320 Patrem
3177 3280 3294 3319 esse
3321 3279 3481 3334 nega-

1929 3359 2142 3427 bimus;
2205 3375 2327 3415 cum
2383 3360 2636 3413 alienatio
2666 3375 2783 3428 qua:
2813 3361 2864 3412 in
2897 3358 3132 3412 essentia
3168 3359 3432 3426 reperitur
3463 3398 3478 3421 ,

1930 3453 2360 3524 coniunctionem
2395 3453 2692 3508 naturalem
2728 3453 2957 3507 aboleat.

1999 3545 2088 3597 21.
2118 3545 2220 3598 Sed
2249 3544 2498 3613 quoniam
2524 3544 2626 3598 huc
2656 3544 2742 3596 ille
2772 3543 2823 3595 in
2848 3542 3096 3596 omnibus
3118 3541 3332 3610 sapiens
3365 3555 3480 3610 pro-

1937 3651 2155 3706 gressus
2183 3645 2287 3699 est,
2326 3636 2481 3690 nobis
2513 3644 2567 3687 ut
2588 3634 2836 3688 deﬁniret
2857 3633 3112 3702 temporis
3131 3642 3397 3696 naturam,
3424 3643 3481 3685 et

1927 3731 2011 3783 hic
2048 3744 2206 3798 quam
2244 3729 2417 3791 ﬁrma,
2453 3742 2613 3796 quam
2653 3727 3040 3796 circumspecta
3067 3725 3134 3779 sit
3169 3738 3321 3778 mens
3342 3724 3476 3794 ejus,

1925 3821 2218 3874 videamus.
2249 3818 2482 3888 Tempus
2499 3833 2626 3889 ergo
2653 3831 2856 3873 certum
2891 3818 3175 3888 quemdam
3206 3815 3476 3874 sbiiarum

1925 3923 2126 3967 motum
2162 3927 2280 3967 esse
2301 3913 2452 3978 dicit,
2494 3913 2622 3967 solis
2645 3913 2890 3965 videlicet
2920 3923 2972 3965 et
2997 3913 3133 3964 lunae
3157 3926 3220 3964 ac
3252 3910 3481 3979 reliqua-

1933 4019 2071 4066 rum,
2109 4004 2304 4073 quibus
2345 4006 2483 4058 inest
2541 4019 2649 4072 qua
2694 4018 2791 4072 per
2843 4015 2900 4056 se
2935 4011 3270 4056 moveantur.
3312 3999 3482 4054 luter-

1933 4096 2128 4151 vallum
2171 4099 2331 4167 igitur
2361 4095 2502 4165 quod
2535 4097 2602 4150 ab
2627 4095 2832 4164 origine
2861 4094 3049 4149 coaliet
3070 4103 3226 4148 terra:
3260 4091 3325 4146 ad
3349 4091 3478 4146 stel-

2010 4294 2117 4364 (44)
2160 4295 2292 4364 Editi
2320 4310 2438 4347 cum
2473 4295 2599 4360 Reg.
2628 4295 2858 4346 secundo
2886 4294 3029 4355 ὅσοις
3053 4293 3108 4344 ἐν
3134 4289 3311 4353 ἄλλοις
3342 4292 3482 4364 κατὰ

1938 4362 2141 4417 τούτων
2176 4363 2297 4417 καθ’
2342 4364 2549 4418 ἐαυτάι
2585 4365 2723 4432 quod
2752 4364 2878 4431 quin
2926 4364 3174 4416 vitiosum
3202 4364 3292 4427 sit,
3323 4362 3480 4432 dubi-

1939 4437 2039 4487 tari
2075 4452 2177 4488 non
2224 4445 2414 4500 potest.
2462 4436 2524 4487 Et
2569 4431 2714 4488 certe
2763 4434 3090 4495 hominibus.
3128 4433 3216 4500 qui
3264 4431 3480 4501 paulum

1939 4508 2095 4558 modo
2124 4508 2174 4557 in
2208 4506 2305 4557 hoc
2335 4506 2626 4558 studiorum
2659 4517 2852 4568 genere
2879 4505 3076 4556 versati
3105 4509 3253 4566 sunt,
3281 4503 3482 4554 erroris

1933 4589 2152 4627 causam
2181 4575 2428 4641 detegere
2458 4572 2671 4626 tliilicile
2708 4587 2812 4625 non
2841 4582 2941 4626 est.
2969 4573 3192 4626 Caecutit
3219 4572 3359 4641 enim
3388 4571 3478 4637 qui

1931 4659 2035 4696 non
2069 4645 2212 4696 videt
2258 4639 2495 4694 errorem
2531 4644 2653 4696 hinc
2686 4653 2932 4695 exortum
2971 4657 3110 4704 esse,
3140 4640 3280 4707 quod
3320 4639 3481 4693 libra-

1929 4715 2040 4765 rius
2081 4713 2271 4778 aliquis
2302 4713 2408 4773 illa,
2437 4713 2495 4764 ἐν
2529 4711 2706 4774 ἄλλοις
2751 4713 2892 4764 κατὰ
2929 4711 3150 4773 τούτων,
3183 4712 3232 4762 iu
3263 4725 3356 4763 ora
3398 4712 3478 4762 sui

1930 4782 2050 4834 libri
2073 4783 2394 4851 scripsisset,
2412 4793 2468 4834 ut
2493 4792 2836 4836 monerentnr
2852 4783 2939 4848 qui
2968 4784 3222 4848 legerent,
3238 4794 3335 4848 pro
3356 4779 3479 4832 καθ’

1931 4852 2095 4904 ἐαυτὰ
2142 4854 2396 4919 scriptum
2442 4852 2666 4921 inveniri
2714 4852 2764 4904 in
2800 4851 2920 4905 aliis
2958 4851 3272 4921 quibusdam
3301 4864 3481 4901 exem-

1930 4922 2166 4989 plaribus
2201 4921 2340 4974 κατὰ
2387 4920 2588 4974 τούτων
2619 4938 2632 4975 :
2665 4937 2728 4974 ex
2766 4936 2872 4988 quo
2911 4920 3159 4989 contigit,
3206 4929 3262 4989 ut
3311 4927 3478 4972 totum

1931 4988 2080 5055 illud,
2112 4995 2169 5044 ἐν
2203 4992 2379 5052 ἄλλοις
2412 4992 2551 5043 κατὰ
2591 4992 2812 5054 τούτων,
2853 5006 2919 5044 ex
2965 4988 3082 5043 libri
3129 5003 3222 5041 ora
3254 4988 3306 5040 in
3352 5003 3480 5040 cou-

1930 5070 2128 5116 textum
2181 5062 2477 5129 irrepserit.
2508 5062 2863 5115 Conibelisius
2894 5061 3003 5112 vitii
3040 5058 3236 5126 aliquid
3282 5059 3333 5110 in
3378 5061 3478 5109 im-

1927 5131 2129 5200 pressis
2161 5130 2312 5184 libris
2349 5133 2571 5187 subesse
2618 5133 3066 5184 animadverterat
3097 5129 3480 5200 quidemised

1927 5196 2050 5252 dum
2106 5203 2246 5255 hunc
2298 5201 2471 5254 locum
2518 5204 2590 5254 ita
2637 5201 2969 5262 emendavit,
3016 5199 3160 5260 ὅσοις
3202 5198 3266 5250 ἂν
3302 5196 3480 5260 ἄλλοις

1927 5269 2066 5322 κατὰ
2109 5270 2328 5334 τούτους
2367 5270 2486 5323 καθ’
2515 5270 2698 5330 ἑαυτά,
2734 5271 2902 5338 magis
2949 5271 3107 5322 etiam
3136 5281 3256 5320 eum
3289 5283 3479 5338 corru-

1925 5345 2022 5408 pit.
2053 5341 2174 5394 Haec
2202 5354 2376 5394 autem
2407 5351 2570 5404 recte,
2601 5350 2657 5392 ut
2691 5337 2928 5406 putabat,
2956 5339 3233 5391 emendata
3265 5337 3344 5390 sic
3368 5351 3478 5390 ver-

1927 5422 2067 5464 terat
2097 5430 2107 5463 :
2143 5412 2199 5465 Si
2232 5428 2346 5482 quw
2376 5411 2495 5482 alite
2529 5422 2679 5482 situt,
2718 5411 2903 5479 quibus
2939 5420 2994 5482 ut
3038 5408 3142 5470 Itis,
3183 5423 3307 5482 ause
3350 5409 3478 5482 ipsis

1924 5496 2093 5535 motus
2126 5483 2200 5535 vis
2244 5476 2502 5544 competit.
2542 5476 2763 5534 Codices
2800 5491 2910 5531 tres
2942 5479 3085 5540 ὅσοις
3135 5476 3256 5530 καθ’
3286 5477 3473 5530 ἑαυτά.

1923 5551 2027 5605 Alii
2068 5554 2285 5605 totidem
2336 5550 2480 5612 ὅσοις
2531 5550 2649 5603 καθ’
2693 5547 2934 5610 ἑαυτούς.
2985 5549 3144 5602 Certe
3197 5557 3315 5600 utro
3358 5547 3479 5612 quis

1925 5623 2081 5676 modo
2113 5620 2322 5689 legerit,
2369 5633 2714 5686 peccaturum
2748 5636 2868 5672 eum
2919 5633 3024 5672 non
3071 5627 3238 5689 puto.
3273 5614 3476 5689 Sed_st

1923 5691 2069 5759 legas
2108 5685 2228 5744 καθ’
2259 5685 2423 5744 ἑαυτά
2443 5731 2456 5752 ,
2501 5693 2688 5761 supple
2729 5690 2902 5760 ἄστρα
2928 5707 2941 5744 :
2973 5690 3017 5744 si
3051 5689 3195 5756 legas
3224 5685 3477 5749 ἑαυτούς,

1923 5763 2105 5832 Supple
2133 5761 2382 5833 ἀστέρας.
