4026 6448
559 344 667 402 559

1860 345 1916 399 S.
1962 344 2204 400 BASILII
2243 342 2456 398 MAGNI

3659 338 3764 393 560

556 455 730 511 larum
753 469 921 526 usque
955 456 1284 512 creationem
1333 458 1654 521 intercessit,
1697 459 1951 526 quidnam
1989 475 2104 514 esse

2217 460 2472 528 ποιήσεως
2499 473 2606 509 των
2633 458 2876 526 ἀστέρων
2905 453 3172 522 διάστημα
3199 470 3245 501 το
3277 469 3402 505 ποτε
3437 452 3542 525 ἄρα
3569 446 3706 504 εἶναι
3737 453 3766 504 ό

557 548 808 600 decernet
834 547 1064 600 eximius
1094 547 1180 602 ille
1208 563 1387 601 rerum
1431 546 1734 602 sublimium
1766 551 2104 617 speculator?

557 636 689 690 Nam
723 635 808 705 qui
840 638 1020 691 mundi
1039 639 1366 693 creationem
1388 639 1584 692 virtute
1618 639 1849 708 Spiritus
1874 642 2108 695 conscri-

558 726 686 796 psit,
717 741 909 798 magna
957 727 1044 782 illa
1090 727 1377 783 luminaria
1426 739 1482 784 et
1533 730 1769 799 reliquas
1809 731 1991 786 stellas
2023 733 2107 787 die

556 826 754 886 quarta
795 820 1089 888 productas
1121 833 1240 875 esse
1268 822 1547 889 perspicue
1582 833 1766 877 narrat
1796 825 1832 878 ³.
1879 821 2108 893 Tcmpns

557 909 740 977 igitur,
782 918 840 962 ut
885 910 1072 980 liquet,
1124 910 1177 964 in
1233 912 1501 979 prioribus
1551 913 1738 968 diebus
1769 927 2104 983 nequaquam

558 1010 718 1054 erat:
759 1000 1020 1069 siquidem
1069 1003 1298 1057 nondum
1335 1004 1689 1060 movebantur
1739 1005 1928 1060 stellae.
1963 1004 2106 1071 Quo-

560 1091 719 1146 modo
744 1092 888 1145 enim
927 1092 977 1146 id
1012 1092 1128 1148 ﬁeri
1154 1096 1438 1162 potuisset,
1475 1111 1594 1150 cum
1631 1110 1698 1149 ne
1733 1097 1960 1150 condita:
1988 1098 2110 1165 qni-

557 1183 678 1237 dem
715 1183 944 1237 fuissent
969 1184 1159 1239 initio?
1193 1185 1254 1239 Et
1275 1186 1495 1250 iterum,
1525 1201 1647 1240 cum
1666 1183 1822 1241 Jesus
1851 1185 1992 1240 Nave
2014 1188 2109 1239 ad-

557 1288 743 1328 versus
770 1272 1101 1330 Gabaonitas
1139 1284 1418 1345 pugnaret,
1447 1278 1696 1345 quoniam
1731 1278 1812 1331 sol
1843 1286 2108 1347 praecepto

559 1363 753 1434 ligatus
784 1367 1033 1420 manebat
1064 1366 1369 1430 immobilis,
1399 1381 1460 1420 ac
1487 1367 1608 1420 luna
1635 1366 1689 1420 in
1716 1367 1831 1422 loco
1855 1367 2030 1422 stabat
2063 1371 2104 1430 ',

560 1464 769 1524 tempus
799 1465 926 1508 tunc
951 1471 1054 1509 non
1087 1456 1245 1510 erat?
1276 1455 1551 1522 Quodnam
1587 1457 1748 1526 igitur
1796 1473 1987 1514 nomen
2034 1457 2107 1510 illi

559 1543 662 1598 diei
691 1544 864 1615 spatio
890 1545 1277 1615 imponemus?
1334 1562 1491 1616 quam
1543 1549 1877 1620 excogitabis
1929 1549 2110 1617 appel-

557 1635 810 1691 lationem
853 1635 1122 1692 iEteuim
1173 1637 1218 1692 si
1265 1641 1518 1708 temporis
1573 1640 1839 1695 deiecerat
1886 1649 2107 1703 natura,

557 1742 727 1781 sevum
777 1729 959 1797 utique
1003 1731 1051 1784 ei
1094 1729 1371 1786 successit.
1407 1732 1474 1784 At
1515 1747 1682 1785 mvum
1721 1733 1970 1800 exiguam
2005 1730 2108 1784 diei

2203 550 2374 611 δεινὸς
2401 549 2466 600 τά
2499 546 2744 617 μετέωρα
2773 541 2922 607 οὗτος
2948 545 3331 613 ἀποφανεῖται;
3370 542 3563 611 Σαφῶς
3597 543 3707 614 γὰρ
3738 545 3766 595 ὁ

2203 641 2296 710 τὴν
2327 637 2678 710 κοσμογονίαν
2708 636 2817 707 (45)
2847 639 2911 707 τῇ
2933 635 3157 706 δυνάμει
3184 635 3276 688 τοῦ
3310 635 3620 705 Πνεύματος
3643 635 3767 687 ἁνα-

2204 733 2417 802 γράψας
2460 733 2523 800 τῇ
2559 729 2795 799 τετάρτῃ
2818 728 2998 799 ἡμέρᾳ
3025 728 3147 789 τοὺς
3176 726 3440 797 μεγάλους
3469 724 3764 795 φωστῆρας

2205 825 2296 875 καὶ
2356 823 2480 884 τοὺς
2531 820 2747 883 λοιποὺς
2793 820 3023 890 ἀστέρας
3069 817 3390 887 γεγενῆσθαὶ
3427 834 3578 885 φησι.
3626 817 3765 886 Χρό-

2205 930 2291 975 νος
2344 908 2435 964 ούν
2480 912 2578 964 οὐκ
2611 907 2698 981 ἦν,
2749 911 2823 973 ὼς
2864 909 3058 971 ἔοικεν,
3101 911 3158 962 ἐν
3200 910 3318 971 ταῖς
3355 907 3582 960 κατόπιν
3630 906 3762 977 ἡμέ-

2210 1019 2325 1074 ραις
2343 1020 2356 1033 ·
2389 1003 2448 1055 οὐ
2478 1006 2585 1073 γάρ
2612 1001 2881 1054 ὲκινοῦντό
2909 1018 2993 1052 πω
3014 1002 3061 1053 οἱ
3085 1000 3307 1070 ἀστέρες
3329 998 3459 1069 (46).
3489 997 3612 1060 Πῶς
3633 998 3763 1068 γάρ,

2206 1095 2259 1147 οἵ
2299 1110 2360 1161 γε
2393 1095 2510 1163 μηδ’
2542 1092 2882 1161 ἐγεγόνεισαν
2911 1093 3009 1162 τὴν
3038 1092 3209 1162 ἀρχήν
3230 1093 3374 1160 (4⁸ης
3429 1091 3536 1143 Καὶ
3581 1091 3761 1154 πάλιν,

2205 1187 2291 1238 ὅτε
2345 1183 2594 1254 ἐπολέμει
2638 1186 2750 1246 τοῖς
2812 1182 3176 1244 Γαδαωνίταις
3227 1184 3255 1234 ό
3301 1179 3397 1233 τοῦ
3445 1181 3602 1248 Ναυῆ
3662 1181 3765 1249 Ἰη-

2207 1276 2350 1340 σοῦς.
2385 1275 2569 1346 ἐπειδὴ
2606 1277 2856 1346 ἀκίνητος
2898 1277 2925 1328 ό
2965 1275 3114 1344 ἥλιος
3143 1274 3320 1344 ἔμεινε
3354 1274 3465 1342 (48)
3495 1272 3571 1342 τῷ
3601 1289 3765 1342 προσ-

2206 1367 2439 1437 τάγματι
2471 1365 2737 1434 πεδηθεὶς,
2779 1369 2870 1419 καὶ
2908 1368 2940 1436 ἡ
2983 1366 3173 1435 σελήνη
3205 1366 3341 1418 κατά
3369 1363 3551 1434 χώραν
3593 1365 3766 1434 εἱστή-

2207 1476 2312 1521 κει,
2368 1458 2552 1528 χρόνος
2597 1458 2694 1510 οὐκ
2743 1452 2809 1527 ἦν
2860 1458 3190 1526 τηνικαῦτα;
3250 1457 3313 1508 Τί
3372 1459 3546 1510 ἐκεῖνο
3575 1451 3666 1510 οὖν
3709 1456 3765 1508 τὸ

2206 1553 2474 1622 διάστημα
2517 1551 2617 1621 τῆς
2647 1551 2855 1622 ἡμέρας
2909 1549 3179 1620 εῐπωμεν;
3226 1550 3347 1602 τίνα
3397 1548 3765 1620 προσηγορίαν

2210 1646 2546 1713 ἐπινοήσειςς
2591 1643 2652 1695 Εἰ
2691 1642 2799 1710 γὰρ
2837 1643 2870 1712 ἡ
2906 1641 3000 1694 τοῦ
3031 1641 3136 1711 (49)
3164 1642 3353 1712 χρόνου
3393 1642 3553 1710 φύσις
3583 1641 3766 1694 ἐπιλε-

2208 1732 2400 1795 λοίπει,
2431 1731 2564 1784 αἰὼν
2595 1729 2910 1799 ἀντεισῆλθε
2942 1729 3209 1798 δηλονότι.
3254 1729 3432 1781 Αξῶνα
3474 1729 3530 1781 δὲ
3573 1729 3765 1799 μικρὸν

557 1817 715 1889 233
766 1827 973 1886 partem
1019 1820 1304 1889 appellare.
1357 1836 1516 1889 quem
1578 1821 1859 1875 dementiae
1905 1824 2113 1875 modum

2217 1822 2422 1891 ἡμέρας
2462 1826 2624 1892 μέρος
2653 1819 3076 1893 προσαγορεύειν
3107 1819 3225 1871 τίνα
3251 1821 3346 1888 τῆς
3381 1820 3562 1882 ἀνοίας
3604 1820 3768 1889 ὑπερ-

559 1925 664 1961 non
688 1910 948 1977 superat?
983 1909 1110 1976 Sed,
1148 1927 1266 1980 quae
1297 1912 1459 1965 multa
1497 1923 1580 1965 est
1613 1911 1725 1979 ejus
1755 1912 1995 1977 solertia,
2022 1928 2112 1980 pu-

561 2009 676 2052 tare
719 1999 953 2065 videtur,
981 2000 1120 2054 diem
1166 2015 1230 2052 ac
1277 2012 1486 2056 noctem
1517 2002 1628 2055 lleri
1657 2003 1902 2071 quapiam
1937 2002 2114 2055 stella-

559 2107 672 2145 rum
724 2094 962 2146 motione
1007 2093 1072 2146 ad
1117 2093 1429 2163 qualitatem
1464 2095 1784 2162 pertinente,
1811 2102 1972 2162 atque
2017 2095 2114 2148 has

557 2195 678 2236 esse
703 2185 956 2252 temporis
980 2194 1188 2254 partes:
1212 2185 1348 2237 unde
1375 2195 1582 2254 tempus
1612 2185 1801 2239 statuit
1828 2187 2112 2252 quemdam

461 2271 466 2276 ’
557 2288 679 2329 esse
737 2274 1009 2330 stellarum
1068 2284 1268 2330 motum
1301 2276 1558 2344 qualitate
1602 2278 1916 2346 praeditum,
1951 2291 2017 2330 ne
2059 2277 2112 2331 id

557 2365 774 2434 quidem
821 2369 962 2436 quod
1011 2367 1139 2422 dicit
1175 2366 1494 2437 intelligens.
1552 2367 1666 2420 Non
1721 2368 1860 2422 enim
1914 2376 2112 2421 motum

559 2458 814 2527 qualitate
843 2458 1120 2527 praeditum
1142 2496 1159 2522 ,
1193 2459 1284 2513 sed
1316 2458 1610 2526 quantitate
1641 2458 1914 2518 donatum,
1951 2461 1995 2511 si
2034 2467 2114 2509 ta-

565 2565 680 2605 men
710 2551 780 2604 ita
810 2550 952 2618 loqui
982 2549 1062 2603 l'as
1086 2561 1190 2614 est,
1208 2550 1384 2603 dit-ere
1408 2551 1575 2619 magis
1595 2550 1962 2603 conveniebat.
1987 2549 2117 2616 Quis

564 2645 702 2696 enim
749 2643 828 2698 sic
870 2644 1089 2696 omnino
1123 2657 1252 2711 puer
1292 2650 1376 2696 est
1425 2652 1622 2709 mente,
1661 2651 1718 2694 ut
1746 2643 1951 2711 ignoret
1979 2641 2114 2706 dies,

563 2733 745 2796 horas,
775 2746 1006 2797 menses,
1037 2746 1225 2796 annos,
1249 2732 1503 2802 temporis
1532 2746 1831 2798 mensuras,
1867 2746 1970 2785 non
1999 2746 2117 2800 par-

563 2837 643 2880 tes
682 2823 1099 2892 esse‘iTempus
1145 2833 1320 2878 autem
1371 2823 1604 2892 spatium
1639 2831 1744 2887 est,
1776 2822 1916 2892 quod
1967 2837 2116 2891 mque

561 2916 864 2970 extenditur
892 2926 1051 2983 atque
1081 2913 1190 2981 ipsa
1213 2913 1390 2966 mundi
1413 2914 1728 2967 constitutio
1751 2932 1764 2967 :
1790 2928 1894 2981 quo
1918 2923 2117 2965 motum

563 3018 775 3057 omnem
807 3004 918 3057 sive
959 3002 1254 3063 stellarum,
1287 3003 1399 3055 sive
1433 3001 1765 3063 animalium,
1799 3002 1909 3054 sive
1942 3002 2119 3068 cujus-

565 3108 774 3162 cunque
804 3092 878 3148 rei
903 3107 1022 3162 qute
1044 3101 1305 3155 movetur,
1335 3092 1686 3156 admetimur,
1714 3099 1869 3160 prout
1891 3090 2118 3144 dicimus

565 3187 706 3240 aliud
745 3185 850 3242 alio
893 3185 1125 3241 velocius
1164 3194 1256 3241 aut
1299 3184 1500 3240 tardius
1538 3199 1698 3239 esse:
1733 3183 1964 3238 velocius
2001 3182 2120 3251 qui-

566 3281 704 3341 dem,
735 3280 784 3334 id
809 3279 950 3348 quod
975 3279 1180 3332 minore
1210 3287 1444 3346 tempore
1472 3277 1586 3345 plus
1613 3277 1873 3345 percurrit
1914 3276 2067 3342 spatii
2100 3291 2114 3338 ;

570 3370 770 3424 tardius
794 3385 941 3433 vero,
958 3367 1097 3437 quod
1130 3367 1303 3420 minus
1331 3367 1570 3434 longiore
1595 3376 1832 3434 tempore
1856 3375 2114 3418 movetur.

571 3459 860 3514 Eunnmius
890 3474 1015 3516 vero
1042 3460 1292 3531 quoniam
1325 3459 1377 3515 in
1433 3469 1668 3526 tempore
1692 3457 1856 3510 stella:
1900 3467 2117 3507 moveu-

571 3562 676 3618 tur,
706 3553 955 3623 temporis
983 3553 1124 3622 ipsas
1145 3566 1264 3609 esse
1287 3551 1505 3620 opillces
1541 3546 1865 3618 pronuntiat.
1893 3545 2120 3599 Proinde

567 3659 629 3696 es
664 3644 1042 3713 sapientissimi
1079 3645 1220 3700 illius
1257 3643 1543 3705 sententia,
1585 3641 1834 3711 quoniam
1881 3637 2123 3692 scarabei

569 3751 779 3806 quoque
814 3738 866 3791 in
899 3747 1135 3807 tempore
1166 3746 1467 3800 moventur,
1509 3733 1892 3788 constituamus
1918 3740 2120 3797 tempus

572 3828 730 3880 talem
772 3829 1053 3897 quamdam
1097 3830 1381 3884 motionem
1416 3841 1537 3881 esse
1583 3826 1998 3877 scarabeorum:
2035 3829 2117 3874 et-

571 3918 710 3972 enim
745 3923 884 3986 quod
912 3921 1068 3983 dixit,
1105 3921 1155 3974 id
1207 3921 1275 3974 ab
1310 3921 1408 3972 hoe
1442 3917 1570 3971 nihil
1616 3910 1813 3973 dili'ert,
1847 3911 2117 3962 nominum

572 4011 826 4078 dignitate
852 4020 1089 4080 excepta.
1116 4011 1179 4064 Et
1213 4010 1323 4063 inec
1344 4009 1556 4076 quidem
1576 4007 1648 4060 ita
1678 4018 1737 4059 se
1764 4001 1977 4057 habent.
1993 3999 2120 4064 Quae

570 4113 743 4156 autem
783 4112 1076 4168 sequuntur
1093 4143 1109 4166 ,
1135 4101 1482 4156 considerate.

639 4193 729 4247 22.
761 4194 890 4249 Eun.
916 4194 1094 4260 Atqui,
1126 4192 1314 4262 inquit,
1349 4208 1416 4245 ne
1446 4189 1560 4243 ﬁeri
1591 4190 1802 4258 quidem
1842 4195 2032 4257 potest,
2061 4194 2118 4240 ut

626 4307 642 4336 ¹
672 4306 805 4362 Gen.
833 4321 872 4372 Ι,
907 4307 1090 4364 “49.
1162 4309 1184 4341 ³
1216 4305 1327 4364 ³08.
1363 4321 1428 4370 x,
1479 4304 1669 4368 “2,15.

643 4395 754 4466 (45)
795 4394 886 4451 Sic
919 4398 1037 4452 libri
1073 4405 1310 4457 veteres;
1343 4393 1469 4466 editi
1500 4393 1904 4466 κοσμογένειαν,

641 4461 750 4537 (46)
793 4466 930 4519 Editi
960 4463 1475 4537 operarumjncuria
1497 4461 1571 4515 Οὐ
1596 4461 1713 4537 γάρ
1738 4462 1946 4537 ἐκινοῦν
1974 4464 2123 4533 τόπῳ

571 4532 911 4591 οε.’(;ἇ›ι1ἰεεε
957 4532 1060 4588 duo
1105 4533 1376 4588 ὲκινοῦντό
1426 4550 1530 4586 πω.
1578 4532 1681 4584 Alii
1728 4535 1942 4599 quidam
1991 4532 2121 4588 mss.

574 4603 844 4659 ἐκινοῦντό
875 4621 1009 4667 πως.
1043 4601 1239 4658 Ibidem
1267 4605 1480 4659 codices
1514 4602 1617 4655 duo
1642 4602 1689 4652 oi
1727 4602 1878 4670 μηδέ.

643 4675 753 4744 (47)
794 4675 924 4741 Πῶς
961 4672 1094 4743 γὰρ,
1124 4674 1178 4726 οἳ
1216 4689 1281 4739 τε
1305 4672 1446 4742 μηδ’
1474 4673 1854 4744 ἐγεγόνεισαν
1882 4672 1994 4740 τὴν
2026 4672 2125 4739 ἀρα

576 4743 740 4813 χήν-ἶ
760 4745 1030 4811 Quomodo
1058 4744 1192 4798 anim
1223 4744 1276 4794 id
1305 4744 1417 4813 [icti
1447 4743 1718 4813 potuisset,
1748 4757 1863 4793 cum
1895 4759 1956 4796 ne
1998 4759 2121 4795 con-

575 4812 698 4867 dita:
728 4817 933 4882 quidem
963 4817 1168 4867 omnino
1199 4812 1409 4882 (stellag)
1439 4812 1702 4882 fuissent?

667 4878 755 4956 ἐξ)
793 4883 932 4956 Editi
957 4882 1136 4956 ἔμενε,
1168 4878 1386 4956 Antiqui
1424 4878 1532 4956 tres
1569 4881 1687 4933 libri
1717 4878 1918 4956 έμεινε.

671 4899 755 4956 ἐΙνβ)
793 4899 932 4964 hil!“
957 4899 1136 5004 εὲένε.
1168 4899 1386 4962 Aul-MIHI
1424 4899 1532 4961 ιιι-εδ
1569 4899 1687 4933 ΙΙυΓΙ
1717 4899 1918 4946 εμεινε.
2072 4951 2095 4960 κ

671 4954 756 5021 ιθ)
796 4953 956 5015 Edtti,
1027 4955 1041 5004 ι
1071 4952 1177 5023 γάρ
1193 4969 1307 5023 του.
1327 4949 1703 5023 Codicestres,
1731 4948 1975 5023 Eiyapa‘)
2005 4967 2118 5023 τους

575 5019 662 5092 alii
695 5019 820 5086 duo,
862 5023 931 5074 ’Ἡ
981 5023 1089 5092 γὰρ
1132 5019 1225 5076 τοῦ
1270 5021 1460 5092 χρόνου
1506 5020 1665 5092 φύσις
1707 5019 2048 5080 ἐπιλελοίπει,
2094 5020 2122 5088 ἣ

576 5090 728 5154 αἰών,
753 5101 843 5144 aut
870 5094 1001 5144 enim
1032 5090 1278 5157 temporis
1297 5090 1493 5144 natura
1530 5090 1806 5156 defecerat,
1838 5101 1927 5142 aut
1962 5105 2124 5143 tecum

578 5164 631 5214 in
665 5163 833 5215 locum
872 5160 1013 5214 illius
1052 5162 1318 5214 successit.

649 5231 758 5299 (50)
795 5231 932 5284 Editt
969 5229 1165 5298 μᾶλλον
1193 5232 1276 5284 ἄν.
1324 5229 1468 5284 Libri
1504 5236 1712 5282 veteres
1742 5228 1936 5300 μᾶλλον
1967 5225 2051 5300 ἦν.

649 5296 760 5366 (51)
801 5300 937 5354 Editi
964 5296 1153 5371 χρόνου
1190 5300 1354 5353 ἐστίν.
1377 5299 1457 5371 _At
1490 5315 1619 5371 mss.
1658 5296 1814 5371 εἰσίν.

650 5371 758 5440 (52)
800 5371 890 5424 Sic
935 5367 1054 5440 libri
1096 5379 1324 5440 veteres.
1375 5369 1512 5440 Editi
1563 5369 1594 5439 ἢ
1645 5367 2121 5440 οὑτινοσοῦν.Μοι

582 5456 710 5492 mss.
742 5437 859 5495 tres
886 5440 942 5492 ὲν
970 5439 1229 5494 ἐλάττονι.
1257 5437 1524 5492 Particula
1551 5437 1608 5492 ἐν
1632 5439 1698 5489 ab
1717 5441 1930 5492 excusis
1953 5438 2124 5492 abest.

582 5507 817 5563 Subinde
852 5525 979 5564 mss.
1015 5510 1252 5564 nonnulli
1287 5509 1558 5577 διάστημα
1591 5507 1881 5561 διαϐαῖνον.

650 5579 761 5648 (55)
801 5577 1184 5648 Reg.quartus
1231 5575 1589 5648 δημιουργοὺς
1635 5579 1966 5648 ἀπεφήνατο.
2005 5575 2121 5629 Mox

578 5647 703 5728 eniti
735 5647 782 5701 οι
825 5647 1168 5720 κάνθαροι....
1221 5647 1530 5719 ὁριούμεθα.
1564 5648 1782 5703 (lodices
1808 5647 1932 5702 non
1970 5649 2123 5716 pauci

579 5731 632 5772 ttt
667 5736 719 5773 tu
751 5729 1018 5774 contextu.

2215 1911 2375 1981 ϐολὴν
2407 1912 2722 1976 ἀπολείπει;
2767 1911 2905 1964 Ἀλλ’
2935 1910 3109 1964 ἔοικεν
3151 1912 3215 1964 ἐκ
3260 1910 3461 1979 πολλῆς
3489 1911 3767 1979 ἀγχινοίας

2213 2003 2424 2074 ἡμέραν
2455 2003 2552 2072 μὲν
2577 2003 2668 2056 καὶ
2693 2003 2861 2058 νύκτα
2885 2006 2941 2057 ἐν
2961 2006 3026 2073 τῇ
3062 2005 3187 2074 ποιᾷ
3217 2002 3322 2055 τῶν
3350 2003 3587 2071 ἀστέρων
3618 2004 3767 2073 κινή-

2216 2113 2298 2148 σει
2348 2094 2589 2164 νομίζειν
2621 2095 2887 2162 γίνεσθαι,
2932 2095 3104 2149 ταῦτα
3143 2096 3200 2148 δὲ
3248 2090 3385 2147 εἶναι
3431 2092 3523 2145 τοῦ
3573 2094 3765 2164 χρόνου

2216 2188 2354 2258 μέρη
2378 2203 2390 2215 ·
2420 2185 2541 2240 ὅθεν
2576 2187 2664 2238 τὸν
2703 2187 2889 2256 χρόνον
2923 2187 3079 2239 ποιάν
3114 2203 3234 2239 τινα
3268 2185 3480 2254 κῖνησιν
3525 2183 3767 2254 ἀστέρων

2213 2281 2558 2351 ἀπεφήνατο,
2607 2278 2726 2331 ούδέ
2769 2278 2898 2330 αὐτὸ
2935 2266 3091 2330 τοῦτο
3127 2279 3300 2341 συνεὶς
3341 2279 3369 2331 ὃ
3408 2295 3459 2330 τι
3491 2277 3655 2345 λέγει.
3692 2276 3765 2328 Οὑ

2219 2373 2328 2444 γάρ
2365 2373 2545 2435 ποιάν,
2580 2372 2692 2425 ἀλλ’
2722 2373 2879 2441 εἴπερ
2913 2370 3044 2441 ἄρα.
3091 2371 3280 2440 ποσὴν,
3325 2371 3523 2440 μᾶλλον
3553 2366 3621 2440 ἧν
3656 2369 3766 2434 (ΞΟ)

2216 2465 2391 2516 εἰπεῖν
2418 2465 2761 2532 οἰκειότερον.
2806 2461 2962 2513 Ἀλλὰ
3003 2461 3086 2524 τίς
3135 2459 3275 2513 οὕτω
3321 2463 3448 2524 παῖς
3493 2459 3768 2518 παντελῶς

2214 2556 2311 2625 τὴν
2327 2556 2580 2620 διάνοιαν,
2601 2556 2737 2608 ὥστε
2763 2557 2994 2622 ἀγνοεῖν,
3025 2555 3104 2606 ὅτι
3133 2553 3334 2623 ἡμέραι
3359 2552 3475 2622 μὲν,
3495 2552 3587 2604 καὶ
3606 2545 3764 2622 ὧραι,

2216 2647 2305 2698 καὶ
2331 2646 2517 2715 μῆνες,
2545 2648 2638 2698 καὶ
2663 2647 2914 2708 ἐνιαυτοὶ,
2944 2648 3112 2717 μέτρα
3140 2645 3231 2699 τοῦ
3248 2645 3438 2714 χρόνου
3470 2646 3604 2698 εἰσὶν
3633 2645 3765 2714 (51),

2215 2736 2332 2805 οὐχὶ
2365 2733 2504 2805 μέρη
2525 2750 2538 2799 ;
2574 2735 2775 2805 Χρόνος
2797 2734 2853 2786 δέ
2871 2735 2982 2785 ἐστι
3004 2733 3062 2787 τὸ
3088 2751 3148 2786 συ
3157 2735 3679 2805 μπαρεκτεινόμενον
3700 2736 3765 2804 τῇ

2220 2827 2477 2880 συστάσει
2528 2825 2620 2879 τοῦ
2677 2826 2882 2894 κόσμου
2912 2825 3212 2893 διάστημα·
3261 2820 3304 2892 ᾧ
3351 2829 3497 2880 πᾶσα
3523 2844 3770 2897 παραμε-

2215 2923 2422 2990 τρεῖται
2456 2919 2684 2988 κίνησις,
2718 2918 2826 2969 εἴτε
2854 2916 3112 2984 ἀστέρων,
3143 2917 3248 2967 εἴτε
3276 2915 3446 2980 ζώων,
3483 2919 3589 2970 εἴτε
3623 2921 3766 2971 οὑτι-

2217 3010 2401 3063 νοσοῦν
2436 3011 2558 3081 (52)
2581 3010 2688 3063 τῶν
2735 3010 3086 3079 κινουμένων.
3117 3007 3250 3060 καθὸ
3275 3006 3499 3076 λέγομεν
3539 3009 3766 3077 ταχύτε-

2223 3117 2312 3171 ρον
2344 3101 2377 3170 ἢ
2418 3099 2736 3172 βραδύτερον
2765 3100 2948 3171 ἕτερον
2980 3099 3161 3170 ἐτέρου
3181 3114 3193 3127 ·
3241 3097 3532 3167 ταχύτερον
3575 3098 3672 3166 μὲν
3709 3099 3768 3150 τὺ

2221 3193 2278 3245 ἐν
2312 3192 2548 3245 ἐλάττονι
2569 3192 2742 3262 χρόνῳ
2776 3191 2954 3244 πλεῖον
2986 3191 3253 3260 διάστημα
3277 3187 3612 3258 μεταϐαῖνον.
3646 3189 3769 3259 βρα-

2219 3281 2436 3352 δύτερον
2470 3282 2525 3334 δὲ
2557 3282 2618 3334 τὸ
2653 3283 2871 3334 ἔλαττον
2913 3283 2969 3334 ἐν
3005 3281 3201 3333 πλείονι
3230 3280 3403 3352 χρόνῳ
3437 3279 3764 3349 κινούμενον.

2233 3372 2289 3422 'O
2317 3371 2392 3434 δὲ,
2433 3372 2615 3439 ἐπειδὴ
2651 3373 2706 3420 ὲν
2726 3372 2899 3440 χρόνῳ
2926 3373 2973 3422 oi
3012 3371 3233 3438 ἀστέρες
3265 3371 3554 3432 κινοῦνται,
3581 3371 3768 3441 χρόνου

2221 3462 2416 3523 αὐτοὺς
2451 3458 2585 3512 εἶναι
2619 3460 2976 3530 δημιουργοὺς
3010 3461 3358 3529 ἀποφαίνεται
3399 3462 3528 3532 (55).
3564 3462 3770 3515 Οὐκοῦν

2223 3552 2362 3605 κατά
2381 3555 2470 3606 τὸν
2493 3551 2585 3605 τοῦ
2623 3551 2932 3619 σοφωτάτου
2958 3552 3130 3620 λόγον,
3173 3554 3354 3623 ἐπειδὴ
3388 3556 3476 3606 καὶ
3510 3555 3769 3625 κάνθαροι

2225 3645 2281 3697 ἐν
2304 3645 2475 3716 χρόνῳ
2500 3645 2788 3706 κινοῦνται,
2809 3643 3114 3713 ὁρισώμεοα
3139 3646 3228 3695 τὸν
3248 3645 3431 3713 χρόνον
3454 3641 3591 3698 εἶναι
3614 3647 3769 3699 ποιάν

2223 3753 2342 3789 τινα
2378 3736 2662 3806 κανθάρων
2707 3736 2946 3805 κίνησιν·
2983 3734 3132 3786 οὐδὲν
3164 3735 3270 3802 γάρ
3301 3735 3486 3788 τούτου
3533 3738 3592 3790 τὸ
3641 3742 3768 3809 παρ’

2223 3828 2384 3881 αὑτοῦ
2443 3826 2633 3897 λεχθὲν
2681 3827 2943 3898 διαφέρει,
2995 3824 3130 3895 πλὴν
3162 3825 3258 3895 τῆς
3306 3829 3629 3898 σεμνότητος
3665 3830 3769 3881 τῶν

2221 3919 2516 3988 ὀνομάτων.
2551 3920 2659 3972 Καὶ
2688 3918 2857 3984 ταῦτα
2906 3919 3001 3989 μὲν
3030 3916 3270 3983 τοιαῦτα,
3307 3919 3576 3987 σκέψασθε
3609 3921 3664 3973 δὲ
3705 3923 3769 3973 τά

2222 4011 2438 4078 ἐφεξῆς.

2291 4187 2379 4240 22.
2415 4187 2571 4240 ΕΥΝ.
2607 4186 2763 4238 Ἀλλὰ
2795 4188 2899 4255 μὴν
2930 4188 3058 4255 (Eii),
3091 4190 3270 4258 φησὶν,
3305 4188 3421 4238 ούδέ
3449 4187 3768 4254 ἐνυπάρχειν

2155 4409 2198 4462 ι)
2236 4471 2239 4472 ν
2297 4390 2406 4458 (54)
2445 4388 2559 4472 ill‘a,
2605 4389 2762 4472 ’ᾼλλά
2812 4391 2918 4472 μήν
2948 4401 3088 4472 etc.._
3113 4389 3403 4472 ita.l‘.alinﬂe
3435 4389 3660 4470 reddens
3692 4392 3768 4472 inf

2229 4471 2453 4532 terpres,
2484 4460 2659 4528 Atqui,
2705 4460 2898 4530 inquit,
2947 4479 3007 4515 ne
3037 4463 3088 4513 id
3117 4462 3319 4532 quidem
3349 4460 3463 4526 fieri
3499 4471 3677 4532 potest.
3713 4471 3764 4511 ut

2227 4531 2395 4595 [arma
2422 4532 2700 4597 quapiam,
2752 4532 2826 4584 vel
2871 4531 3147 4597 crassities.
3195 4532 3268 4583 vel
3307 4532 3572 4592 quantitas
3615 4531 3681 4582 sit
3716 4533 3767 4581 in

2226 4596 2514 4653 substantia
2563 4600 2678 4664 Dei,
2724 4601 2828 4652 vim
2877 4602 3021 4654 vocis
3069 4596 3177 4652 οἷον
3221 4614 3322 4651 non
3363 4599 3492 4652 satis
3522 4602 3763 4652 attendit.

2226 4669 2498 4736 Suspicari
2543 4670 2767 4723 fortasse
2794 4673 2958 4737 possit
2995 4671 3255 4738 quispiam
3285 4683 3404 4720 cum
3427 4670 3549 4738 viro
3571 4669 3767 4720 doctis-

2226 4741 2362 4793 simo
2417 4738 2774 4800 Combcﬁsio,
2826 4743 2936 4793 lucc
2989 4737 3124 4792 dicta
3182 4739 3346 4791 fuisse
3396 4737 3764 4798 ἐλλειπτικῶς,

2227 4823 2514 4871 vocemque
2573 4808 2695 4861 Υξόν
2751 4809 3164 4861 snlmudientlam
3225 4823 3359 4860 osse.
3418 4809 3515 4859 hoc
3572 4812 3762 4858 modo:

2225 4878 2343 4931 οὐδὲ
2371 4877 2588 4949 δυνατὸν
2611 4876 2861 4949 τὸνΜΥἰ-ὸν
2905 4878 3222 4949 ἐνυπάρχειν
3249 4879 3312 4945 τῇ
3339 4877 3515 4949 οὐσίας,
3541 4886 3644 4949 etc.
3674 4877 3766 4949 ᾼιτ

2225 4950 2331 5016 qui.
2371 4948 2562 5013 inquit,
2604 4964 2664 4999 ne
2693 4947 2808 5012 ﬁeri
2859 4933 3359 5016 quidcnt'p'otesl,"ttt
3392 4933 3562 5016 Filius
3587 4946 3640 4995 in
3675 4943 3765 4996 Dei

2227 5015 2517 5069 substantia
2549 5018 2764 5069 exsistat
2802 5027 3047 5083 tanquam
3094 5020 3284 5082 forma,
3328 5027 3415 5066 aut
3448 5015 3625 5076 moles,
3661 5025 3765 5065 etc.

2227 5087 2420 5141 Fateor
2447 5087 2664 5153 quidem
2713 5085 2847 5140 lianc
2879 5087 3237 5151 conjecturam
3279 5085 3532 5152 optimam
3577 5085 3764 5140 videri.

2226 5169 2385 5222 atque
2438 5157 2502 5208 ad
2551 5157 2692 5208 hunc
2738 5155 2908 5208 locum
2961 5156 3111 5208 facile
3146 5153 3538 5208 aet-oiuinmlari
3571 5168 3762 5216 posse:

2227 5226 2474 5293 quoniam
2527 5235 2704 5278 tamen
2756 5228 2890 5293 apud
2919 5227 3091 5278 virum
3136 5223 3550 5277 eruditissimum
3583 5222 3767 5276 Fabri-

2225 5297 2386 5354 cium,
2424 5299 2515 5362 qui
2551 5293 2742 5346 librum
2772 5295 3013 5346 Ennomii
3045 5309 3210 5360 nnper
3238 5294 3422 5349 edidit,
3461 5293 3529 5342 ita
3563 5295 3764 5362 editum

2227 5361 2544 5424 invenimus,
2586 5363 2742 5433 Ἀλλά
2778 5365 2882 5433 μὴν
2914 5365 3032 5417 οὐδέ
3062 5365 3380 5432 ἐνυπάρχειν
3401 5379 3451 5413 τι
3478 5361 3647 5432 ταύτῃ
3676 5361 3764 5433 ούτ

2227 5436 2315 5504 σία
2354 5435 2573 5487 δυνατὸν
2612 5429 2720 5504 οἷον
2756 5429 2890 5495 εἶδος
2921 5444 3050 5495 etc,
3087 5429 3572 5504 banc'scripturam
3618 5429 3764 5486 senui

2226 5502 2394 5558 satius
2443 5505 2597 5557 duco.
2646 5502 2709 5556 Et
2753 5514 2895 5557 certe
2941 5505 3039 5555 hoc
3087 5512 3324 5554 nostrum
3370 5502 3624 5567 judicium
3665 5517 3765 5550 tum

2228 5590 2410 5640 parum
2445 5574 2673 5640 adjuvat.
2720 5575 2858 5641 quod
2911 5573 2959 5623 in
2997 5571 3303 5624 Colbertino
3349 5571 3550 5630 codice,
3584 5571 3676 5641 qui
3715 5580 3768 5620 et

2230 5639 2338 5709 ipse
2363 5639 2716 5695 ittter’rtetera
2740 5639 2870 5710 opus
2892 5642 3134 5694 Eunornii
3167 5641 3557 5705 complectitur.
3581 5639 3766 5718 eodem

2234 5704 2383 5779 plane
2416 5714 2569 5766 modo
2603 5704 2859 5782 scriptum
2892 5714 2981 5777 sit,
3006 5712 3105 5766 nisi
3133 5713 3270 5778 quod
3295 5704 3356 5763 in
3390 5712 3500 5776 ipso
3529 5723 3623 5776 pro
3651 5704 3767 5757 οὐδὲ
