4026 6464
248 407 352 465 561

1341 407 1704 464 ADVERSUS
1743 409 2101 466 EUNOMIUM
2140 398 2265 466 Lt'n.
2306 409 2346 465 ι.

3362 413 3467 467 562

249 539 308 577 τι
339 525 404 593 τῇ
435 521 591 592 οὐσίᾳ
618 521 711 574 τοῦ
743 522 876 574 Θεοῦ
902 523 1142 588 δυνατὸν,
1177 518 1285 577 οἷον
1310 520 1468 588 εἶδος,
1503 526 1535 594 ἢ
1569 525 1750 593 ὄγκον,
1777 526 1807 596 ἢ

1913 530 2200 597 quidquam
2230 527 2280 580 in
2322 525 2416 581 Dei
2461 525 2751 581 substantia
2802 526 3048 588 exsistat,
3071 522 3216 579 velut
3269 523 3464 594 forma,

253 614 610 686 πηλικότητα,
649 614 736 666 διὰ
767 615 827 666 τὸ
856 615 1028 687 πάντη
1056 617 1327 686 συνθήκης
1365 616 1644 688 ἐλεύθερον
1669 614 1806 670 εἶναι

247 705 343 757 τὸν
370 704 520 758 Θεόν.
551 705 611 757 Εἰ
637 705 692 758 δὲ
717 706 916 760 τούτων
939 710 1030 760 καὶ
1051 708 1158 759 τῶν
1185 709 1438 761 τοιούτων
1463 726 1512 760 τι
1538 709 1647 778 (55)
1671 710 1808 779 μήτε

248 795 371 848 ἐστὶ
401 796 538 866 μήτε
577 797 705 848 ποτὲ
737 797 930 865 γένοιτ’
962 797 1024 849 ἂν
1054 798 1247 866 εὐαγὲς
1293 798 1572 868 ἐπινοῆσαι
1599 813 1808 868 συμπε-

252 887 557 958 πλεγμένον
581 891 648 960 τῇ
675 889 829 958 οὐσίᾳ
851 889 941 941 τοῦ
975 889 1106 941 Θεοῦ
1141 890 1274 959 (56),
1311 891 1459 952 ποῖος
1489 889 1567 942 ἔτι
1590 905 1805 959 συγχω-

255 980 414 1048 ρήσει
445 979 600 1048 λόγος
638 982 774 1052 πρὸς
799 983 896 1050 τήν
923 981 1212 1050 ἀγέννητον
1241 981 1458 1052 ὁμοιοῦν
1494 981 1592 1051 τὴν
1620 998 1808 1051 γεννη-

249 1072 388 1141 τήν;
412 1073 510 1142 τῆς
543 1075 662 1126 κατ’
689 1073 870 1126 οὐσίαν
903 1072 1010 1142 (57)
1039 1074 1421 1144 ὁμοιότητος,ἢ
1453 1074 1804 1144 συγκρίσεως,

249 1161 286 1231 ἢ
328 1165 633 1227 κοινωνίας,
683 1165 946 1234 μηδεμίαν
985 1166 1256 1236 ὑπεροχὴν
1289 1166 1322 1235 ἢ
1354 1165 1609 1236 διαφορὰν
1641 1183 1807 1219 κατα-

249 1255 536 1325 λιπούσης,
583 1257 799 1326 ἰσότητα
827 1257 881 1308 δὲ
923 1257 1104 1324 σαφῶς
1138 1257 1530 1328 ἐργαζομένης,
1582 1257 1717 1326 μετά
1752 1258 1807 1310 δὲ

248 1347 352 1416 τῆς
384 1347 622 1416 ἰσότητος
657 1347 948 1418 ἀγέννητον
978 1347 1378 1418 ἀποφαινούσης
1404 1349 1494 1400 τὸν
1520 1347 1808 1418 ὁμοιούμε-

249 1453 364 1498 νον,
394 1438 427 1507 ή
459 1439 896 1508 συγκρινόμενον.
937 1438 1121 1500 Οὐδεὶς
1152 1437 1208 1490 δὲ
1247 1438 1418 1502 οὕτως
1446 1436 1557 1509 (58)
1586 1440 1806 1509 ἀνόητος

249 1530 345 1580 καὶ
395 1527 528 1595 πρὸς
575 1528 826 1582 ἀσέϐειαν
853 1529 1139 1599 τολμηρὸς,
1184 1528 1322 1582 ὥστε
1377 1530 1485 1582 ἴσον
1518 1532 1689 1582 εἰπεῖν
1728 1529 1804 1599 τῷ

251 1619 428 1687 Ila-cpi.
454 1620 543 1671 τὸν
573 1620 717 1682 Υῐὸν,
747 1620 909 1673 αὐτοῦ
933 1621 1024 1673 τοῦ
1055 1622 1258 1692 Κυρίου
1301 1620 1595 1692 διαρρήδην
1629 1620 1803 1672 εἰπόν-

247 1728 360 1772 τος·
407 1711 459 1762 '0
497 1713 696 1781 Πατὴρ
734 1717 764 1766 ό
811 1713 1049 1782 πέμψεις
1107 1731 1184 1783 με
1215 1712 1425 1783 μείζων
1457 1731 1574 1781 μου
1634 1713 1800 1766 ἐστι’

248 1801 346 1851 καὶ
381 1800 538 1854 πάλιν
588 1804 702 1872 μετ’
733 1803 907 1870 ὀλίγα.
954 1803 1087 1855 Ἀλλ’
1113 1803 1193 1856 ὅτι
1239 1803 1337 1872 μὲν
1367 1797 1446 1865 οἷς
1477 1804 1504 1853 ὁ
1534 1803 1643 1856 τῶν
1669 1803 1804 1856 πάν-

1913 632 2004 677 aut
2037 621 2228 686 moles,
2268 629 2358 672 aut
2382 619 2673 687 quantitas,
2709 618 2846 687 quod
2897 616 3283 686 compositione
3320 618 3466 671 omni

1911 729 2128 784 prorsus
2167 711 2421 765 imtnunis
2458 717 2540 764 est
2581 710 2737 763 Deus.
2777 708 2926 774 Quod
2955 709 2998 762 si
3029 705 3262 777 cogitare
3296 719 3468 774 neque

1909 805 1991 859 l'as
2019 813 2121 868 est,
2156 817 2326 870 neque
2355 814 2590 869 unquam
2619 797 2798 862 fuerit,
2823 801 3005 852 horum
3035 807 3088 851 et
3109 796 3290 850 talium
3312 795 3468 866 quid-

1911 913 2068 967 quam
2102 912 2221 950 cum
2256 896 2346 949 Dei
2382 893 2680 948 substantia
2712 891 3083 960 complicatum
3116 903 3235 942 esse
3271 905 3286 950 ;
3317 901 3466 957 quae-

1913 1005 2035 1042 nam
2075 989 2246 1043 adlme
2281 987 2415 1040 ratio
2450 986 2610 1048 sinet,
2652 992 2709 1037 ut
2749 999 2867 1038 cum
2905 981 3198 1037 substantia
3233 980 3468 1046 ingenita

1911 1080 2143 1148 genitam
2205 1076 2827 1146 conieramus?quippe
2883 1090 2945 1129 ea
3000 1089 3120 1143 qua:
3175 1072 3464 1128 secundum

1912 1172 2265 1225 substantiam
2312 1180 2395 1224 est
2441 1169 2891 1231 similitudo,sive
2949 1165 3310 1232 comparatio,
3354 1162 3467 1215 sive

1908 1261 2235 1326 communio,
2268 1261 2467 1315 nullam
2508 1260 2868 1329 prmstantiam
2897 1266 2987 1311 aut
3009 1255 3358 1310 diﬂ'erentiaut
3392 1268 3467 1308 re-

1906 1354 2132 1422 linquit,
2159 1354 2264 1407 imo
2307 1353 2666 1421 aequalitatem
2708 1360 2890 1420 aperte
2933 1348 3126 1411 eﬂicit;
3157 1356 3315 1416 atque
3342 1363 3464 1400 cum

1904 1447 2211 1513 aequalitate
2262 1445 2554 1516 ingenitum
2601 1445 2928 1497 demonstrat
2960 1456 3102 1503 eum.
3133 1441 3222 1509 qui
3248 1440 3463 1495 assimi-

1906 1537 2063 1598 latur,
2089 1537 2168 1591 vel
2199 1547 2566 1605 comparatur.
2602 1533 2769 1589 Nemo
2809 1545 2982 1588 autem
3019 1534 3089 1585 ita
3131 1540 3212 1586 est
3241 1533 3465 1588 stolidus

1904 1636 1958 1680 et
1981 1627 2046 1681 ad
2078 1628 2410 1696 impietatem
2453 1627 2650 1688 audax,
2683 1626 2771 1694 qui
2801 1623 3057 1693 aequalem
3094 1622 3235 1676 Patri
3269 1623 3463 1678 Filium

1905 1721 2070 1781 dicat,
2105 1733 2225 1772 cum
2257 1716 2514 1772 Dominus
2545 1717 2662 1786 ipse
2693 1716 2866 1785 palam
2904 1715 3098 1770 dixerit
3126 1711 3329 1796 {Pater
3373 1717 3466 1783 qui

1904 1827 1983 1863 me
2022 1811 2181 1870 misit,
2210 1810 2378 1879 major
2411 1825 2488 1862 me
2518 1819 2588 1862 est
2611 1809 2649 1861 ³.
2670 1807 2733 1860 Et
2771 1822 2956 1861 rursus
2986 1807 3143 1876 paulo
3168 1817 3305 1875 pust.
3335 1804 3460 1869 Sed,

246 1909 357 1944 των
379 1891 508 1956 Θεὸς
535 1895 826 1964 ἀγέννητος
856 1895 946 1946 κα)⁸
969 1894 1315 1965 ἀσύγκριτος,
1353 1895 1608 1947 πλειόνων
1638 1896 1804 1947 ὄντων

1910 1900 2087 1954 missis
2139 1901 2398 1967 pluribus,
2433 1914 2493 1952 ea
2536 1913 2652 1968 qua:
2697 1898 2928 1966 diximus
2964 1899 3118 1964 satis,
3175 1908 3337 1966 puto,
3369 1897 3462 1950 tle-

246 1983 360 2035 τῶν
413 1985 955 2056 παραλελειμμένων,
1008 1987 1253 2056 ἀποχρῆν
1304 1987 1540 2059 ἠγοῦμαι
1596 1988 1688 2040 καὶ
1740 1987 1807 2039 τὰ

250 2077 484 2146 ρηθέντα
515 2079 647 2148 πρὸς
669 2080 951 2142 ἀπόδειξιν.

319 2169 468 2222 ΒΑΣ.
508 2171 673 2222 Ὅταν
703 2171 844 2233 τινὸς
869 2169 1131 2224 ἅπτεσθαι
1171 2171 1334 2242 μέλλῃ
1369 2171 1601 2242 πονηροῦ
1628 2171 1805 2238 λόγου,

247 2260 624 2330 προλαμϐάνει
657 2260 766 2330 (59)
821 2264 941 2316 τινὰ
993 2265 1413 2335 συγχωρούμενα
1472 2263 1622 2334 παρά
1669 2263 1804 2315 πάν-

245 2372 377 2417 των,
404 2353 491 2406 ἵνα
521 2353 608 2405 διὰ
630 2355 726 2426 τῆς
757 2356 813 2409 ὲν
835 2357 1042 2420 τούτοις
1069 2357 1480 2428 εὐγνωμοσύνης
1515 2357 1647 2425 μηδὲ
1682 2356 1807 2425 περὶ

245 2447 355 2498 τῶν
393 2445 591 2502 λοιπῶν
621 2451 934 2520 ἁπιστῆται.
970 2452 1133 2503 υύδὲν
1194 2452 1324 2519 (60),
1361 2449 1542 2519 φησὶν,
1587 2443 1697 2501 οἷόν
1748 2466 1807 2501 τε

246 2539 575 2611 ἐνυπάρχειν
596 2543 689 2595 τοῦ
705 2543 837 2596 Θεοῦ
867 2547 932 2613 τῇ
960 2544 1134 2612 οὐσίᾳ,
1152 2543 1273 2595 οὐτε
1295 2538 1448 2606 εἶδος,
1475 2540 1594 2594 οὕτε
1621 2541 1802 2610 ὄγκον,

247 2631 372 2685 οὐτε
402 2634 756 2703 πηλικότητα,
803 2634 889 2687 διὰ
921 2635 980 2686 τὸ
1021 2635 1194 2705 πάντη
1230 2634 1498 2704 συνθήκης
1529 2635 1804 2704 ἐλεύθερον

248 2720 387 2775 εἶναι
421 2723 509 2774 τὸν
548 2724 696 2776 Θεόν.
733 2725 905 2794 Μέχρι
936 2725 1133 2778 τούτων
1159 2728 1303 2779 ἐστὶν
1332 2725 1641 2795 εὐγνώμων·
1672 2726 1728 2776 ἐν
1753 2725 1807 2777 δὲ

248 2815 360 2874 τοῖς
388 2811 513 2882 ἑξῆς
546 2814 622 2874 είς
651 2815 834 2867 ἑαυτὸν
860 2817 1176 2886 ἐπανῆλθεν.
1227 2817 1312 2878 Ὠς
1351 2818 1458 2886 γὰρ
1499 2816 1805 2882 ἀναγκαίως

247 2902 774 2971 τοῖςπροεκτεθείσιν
795 2908 1062 2978 ἑπομένην
1093 2909 1188 2978 τήν
1225 2908 1566 2978 βλασφημίαν
1596 2910 1810 2957 ἐπισυν-

250 2990 433 3055 ἅπτει,
496 2991 663 3060 λέγων
719 2996 780 3047 Εἰ
833 2996 886 3048 δὲ
925 2997 1124 3048 τούτων
1161 2997 1254 3048 καὶ
1305 2993 1410 3044 τῶν
1461 2991 1710 3045 τοιούτων
1756 3007 1806 3042 τι

255 3085 393 3154 μήτε
445 3085 580 3150 ἐστὶ,
627 3087 880 3156 μηδέποτ’
913 3087 976 3139 ἂν
1030 3088 1236 3152 γένοιτο
1288 3083 1481 3148 εὐαγὲς
1526 3082 1807 3151 ἐπινοῆσαι

252 3176 736 3246 συμπεπλεγμένον
764 3179 826 3244 τῇ
845 3175 1016 3245 οὐσίᾳ,
1045 3175 1127 3238 τίς
1151 3173 1661 3246 συγχωρήσειλόγος
1695 3174 1803 3246 (Gl)

251 3267 390 3339 πρὸς
421 3267 516 3338 τὴν
562 3268 850 3336 ἀγέννητον
897 3267 1113 3338 ὁμοιοῦν
1161 3269 1257 3340 τὴν
1310 3270 1604 3338 γεννητήν;
1643 3266 1802 3317 Ποίαν

249 3360 568 3413 ἀκολουθίαν
592 3359 702 3428 ἔχει
715 3358 884 3413 ταῦτα
900 3362 1033 3432 πρὸς
1049 3362 1270 3432 ἄλληλα,
1290 3365 1336 3414 εἰ
1361 3359 1647 3421 ἀσύνθετός
1665 3361 1808 3410 ὲστιν

247 3455 277 3503 ὁ
323 3452 474 3513 Θεὸς,
510 3451 851 3504 ἀνεπίδεκτον
887 3449 1021 3505 εἶναι
1057 3454 1146 3505 τὸν
1177 3453 1300 3505 Υἱὺν
1333 3452 1434 3521 τῆς
1463 3450 1598 3521 πρὸς
1646 3449 1808 3500 αὐτὸν

249 3543 605 3612 ὀμοιότητος;
637 3544 770 3597 Elite
799 3546 935 3614 γάρ·
970 3547 1088 3612 οὐχὶ
1129 3545 1182 3596 δὲ
1213 3545 1306 3596 καὶ
1340 3545 1403 3595 σὺ
1432 3545 1519 3596 τὸν
1550 3543 1675 3595 Υξδν
1705 3559 1809 3595 πα-

257 3634 575 3706 ραπλησίως
606 3638 748 3705 ἐρεῖς
779 3639 912 3706 μήτε
942 3633 1098 3697 εἶδος,
1139 3636 1273 3705 μήτε
1308 3634 1469 3702 ὄγκον
1509 3634 1641 3704 (6‘2),
1675 3636 1809 3705 μήτε

251 3731 589 3801 πηλικότητα
640 3732 780 3802 ἔχειν
816 3736 872 3785 ἐν
920 3732 1129 3802 ἐαυτῷ,
1167 3734 1258 3784 καὶ
1314 3732 1485 3801 πάντη
1543 3728 1810 3800 συνθήκης

249 3824 536 3894 ἐλεύθερον
571 3820 705 3877 εἶναι
725 3844 740 3891 ;

325 4005 412 4057 25.
457 4000 596 4071 Ἐγὼ
634 4004 731 4074 μὲν
763 4005 869 4076 γὰρ
901 4007 1020 4058 οὐδὲ
1052 4024 1284 4075 μανέντα
1325 4025 1383 4060 σε
1413 4007 1653 4078 ἡγοῦμαί
1683 4025 1809 4062 ποτε

250 4096 545 4165 τολμήσειν
571 4095 696 4150 ἄλλο
724 4115 774 4149 τι
807 4100 979 4150 εἰπεῖν
1021 4099 1111 4151 τὸν
1143 4100 1266 4151 Υἱὸν
1298 4100 1330 4169 ἢ
1379 4101 1664 4168 ἀσώματον
1720 4102 1811 4153 καί

258 4184 497 4239 ἀνείδεον
526 4185 620 4238 καὶ
671 4188 1092 4258 ἀσχημάτιστον,
1127 4191 1219 4241 καὶ
1267 4191 1440 4242 πάντα
1490 4192 1694 4261 ὅσαπερ
1747 4191 1810 4244 ἀν

257 4279 350 4330 ἐπὶ
375 4275 467 4330 τοῦ
512 4277 720 4350 Πατρὸς
749 4279 938 4344 εἴποις.
974 4280 1097 4342 Πῶς
1123 4276 1213 4334 οὖν
1244 4281 1342 4334 οὐκ
1367 4280 1583 4344 εὐσεϐὲς
1617 4282 1706 4334 τὸν
1738 4280 1809 4351 μὴ

257 4372 454 4440 έχοντα
487 4367 621 4434 εἶδος
655 4372 733 4442 τῷ
763 4370 899 4435 εἶδος
936 4375 1010 4442 μὴ
1053 4374 1225 4444 ἔχοντι
1260 4374 1623 4445 παραϐάλλειν
1654 4373 1759 4443 (65)
1793 4389 1808 4434 ;

255 4463 352 4514 καὶ
393 4464 483 4515 τὸν
517 4463 589 4533 μὴ
627 4463 814 4532 ἔχοντα
864 4463 1200 4534 πηλικότητα
1243 4465 1319 4533 τῷ
1361 4466 1431 4534 μὴ
1481 4466 1652 4534 ἔχοντι
1687 4464 1812 4517 ταύ-

255 4571 395 4623 την;
448 4556 540 4607 καὶ
585 4555 675 4607 τὸν
720 4555 1006 4608 ἀσύνθετον
1060 4555 1192 4619 ὅλως
1239 4555 1315 4625 τῷ
1377 4556 1696 4626 ἀσυνθέτῳ;

330 4711 350 4741 ³
381 4707 534 4795 Joan.
579 4729 691 4777 xw,
720 4713 810 4767 28.

256 4851 466 4915 legatur
489 4848 660 4902 οὐδέν.
679 4847 991 4902 Addidimus
1019 4849 1180 4915 igitur
1203 4863 1264 4900 ex
1293 4848 1373 4900 his
1396 4848 1545 4901 libris
1571 4848 1809 4902 voculam

255 4920 330 4974 τί.
365 4918 549 4985 sicque
579 4918 911 4986 interpretati
937 4934 1121 4971 sumus
1148 4937 1159 4971 :
1185 4918 1368 4986 Atqui.
1397 4919 1587 4985 inquit,
1610 4935 1669 4970 ne
1697 4920 1810 4984 fieri

253 4989 462 5056 quidem
489 4999 671 5059 potest,
699 4999 751 5042 ut
781 4988 1059 5059 quidquam
1083 4990 1135 5041 in
1169 4988 1260 5041 Dei
1283 4987 1570 5041 substantia
1595 4990 1809 5042 exsistat

258 5074 505 5123 tanquam
539 5058 727 5126 forma.
757 5071 862 5112 etc.

331 5128 443 5196 (55)
480 5127 677 5182 Vocula
708 5128 759 5179 τί
797 5131 944 5180 deest
982 5128 1033 5179 in
1090 5128 1288 5182 nostris
1330 5136 1531 5194 septem
1575 5143 1706 5181 mss.
1757 5138 1813 5182 et

259 5201 310 5251 in
364 5199 598 5268 editione
636 5197 762 5251 Ven.
797 5200 890 5251 sed
925 5198 1118 5268 legitur
1159 5199 1211 5251 in
1253 5199 1489 5252 editione
1541 5197 1714 5252 Paris.
1760 5209 1815 5251 et

258 5268 397 5335 apud
433 5267 756 5322 Fabricium.

330 5336 442 5408 (56)
473 5337 576 5391 Pro
608 5338 719 5403 illo,
751 5341 815 5407 τῇ
842 5339 996 5408 οὐσίᾳ
1018 5337 1110 5391 τοῦ
1133 5337 1289 5402 Θεοῦ,
1308 5339 1357 5391 in
1386 5351 1544 5407 opere
1567 5336 1813 5392 Eunomii

256 5407 575 5475 sitttplicilel‘
607 5409 801 5478 legitur
834 5407 1003 5478 ταύτῃ
1030 5427 1043 5461 :
1071 5410 1164 5464 sed
1203 5411 1276 5462 ita
1315 5417 1575 5462 mutatum
1607 5424 1634 5460 a
1664 5408 1814 5461 Basi-

259 5479 330 5530 lio
364 5488 523 5547 υηιοε
546 5487 602 5529 ut
629 5480 874 5533 Eunomii
907 5480 1167 5533 sententia
1197 5479 1364 5547 magis
1392 5486 1616 5546 pateret.

330 5547 443 5618 (57)
489 5545 596 5599 Vox
642 5549 823 5601 οὐσίαν
869 5550 1047 5603 addita
1099 5561 1181 5602 est
1224 5545 1453 5617 inilleg.
1507 5548 1662 5600 tertio
1695 5556 1812 5614 post

259 5634 444 5672 vocem
494 5621 777 5688 γεννητὴν,
828 5620 1010 5673 sinon
1061 5621 1241 5674 eadem
1295 5635 1475 5679 manu,
1511 5627 1562 5669 at
1593 5620 1807 5688 antiqua

261 5698 438 5741 tamen
466 5705 480 5740 :
510 5687 600 5742 sed
645 5687 764 5741 cum
810 5703 979 5757 neque
1017 5689 1069 5741 in
1104 5688 1348 5757 vulgatis,
1395 5704 1564 5754 neque
1602 5687 1650 5757 in
1691 5689 1809 5740 aliis

265 5774 391 5812 mss.
435 5759 749 5824 reperiatur,
810 5756 1104 5813 addendam
1165 5756 1280 5811 eam
1321 5776 1423 5812 non
1469 5756 1804 5816 censuimus;

262 5846 325 5882 eo
377 5830 562 5888 magis.
598 5829 737 5885 quod
771 5828 930 5884 facile
964 5845 1028 5884 ex
1077 5829 1333 5884 orationis
1384 5830 1522 5884 serie
1572 5827 1808 5892 suppleri

1909 2000 2208 2045 monstrant
2245 1991 2614 2044 universorum
2665 1991 2828 2044 Deum
2861 1989 3153 2060 ingenitum
3183 2001 3342 2059 atque
3388 1990 3467 2044 in-

1907 2082 2342 2152 comparabilem,
2375 2097 2536 2135 unum
2565 2096 2706 2136 esse.

1980 2174 2098 2228 Bas.
2129 2173 2262 2228 Cum
2305 2175 2603 2243 improbum
2642 2174 2870 2244 aliquem
2917 2188 3218 2228 sermonem
3245 2172 3355 2226 vult
3381 2183 3463 2226 at-

1911 2268 2148 2334 tingere,
2206 2267 2459 2318 nonnulla
2517 2282 2636 2334 qua:
2684 2269 2750 2321 ab
2815 2267 3062 2321 omnibus
3103 2266 3466 2320 conceduntur

1907 2359 2201 2426 praemittit,
2259 2369 2316 2412 ut
2367 2367 2683 2428 propterea,
2715 2341 2853 2426 quod
2911 2360 2974 2408 de
3023 2359 3087 2411 iis
3132 2356 3293 2428 234
3324 2369 3468 2411 reete

1907 2451 2091 2515 sentit,
2135 2451 2186 2504 in
2223 2450 2442 2519 reliquis
2483 2464 2694 2520 quoque
2722 2441 3009 2502 sibi'lidem
3054 2459 3225 2518 paret.
3261 2448 3463 2518 Neque,

1910 2543 2099 2612 inquit,
2125 2543 2236 2598 fieri
2265 2553 2528 2612 potest,ut
2550 2543 2602 2596 in
2630 2541 2722 2598 Dei
2745 2541 3036 2596 substantia
3065 2540 3289 2594 exsistat
3319 2541 3468 2610 quid.

1909 2649 2091 2701 quam,
2129 2648 2298 2699 neque
2334 2633 2526 2699 forma,
2556 2647 2727 2702 neque
2761 2631 2946 2696 moles,
2976 2647 3146 2700 neque
3175 2633 3463 2700 quantitas,

1908 2727 2049 2794 quod
2092 2725 2228 2780 Deus
2276 2739 2492 2792 prorsus
2555 2739 2748 2793 expers
2781 2733 2865 2776 est
2913 2723 3334 2792 compositionis.
3387 2722 3467 2774 Ad

1910 2815 2020 2866 licet:
2051 2829 2218 2881 usque
2245 2816 2398 2866 verba
2428 2827 2607 2881 aequus
2634 2821 2747 2867 est:
2777 2814 2829 2867 in
2858 2814 2923 2868 iis
2947 2828 3071 2867 vero
3101 2827 3216 2882 qua:
3238 2825 3467 2880 sequun-

1911 2916 2012 2967 tur,
2043 2905 2108 2958 ad
2133 2921 2190 2959 se
2212 2906 2324 2974 ipse
2349 2907 2503 2959 redit.
2531 2905 2662 2958 Nam
2692 2905 3079 2975 blasphemiam
3118 2904 3258 2957 velut
3281 2919 3468 2957 neces-

1909 2996 2052 3050 sario
2077 3010 2142 3048 ex
2191 2996 2478 3064 praemissis
2522 3005 2941 3063 cousequeutem
2983 2993 3243 3063 adjungit,
3286 2994 3465 3046 verbis

1910 3088 2014 3142 illis
2042 3105 2054 3140 :
2078 3086 2229 3151 Quod
2260 3088 2302 3142 si
2335 3088 2574 3157 cogitare
2607 3103 2778 3157 neque
2808 3091 2886 3140 l'as
2919 3099 3018 3151 est,
3041 3102 3212 3156 neque
3232 3101 3466 3155 unquam

1910 3179 2089 3242 fuerit,
2122 3179 2312 3232 horum
2339 3188 2391 3231 et
2422 3179 2607 3231 talium
2627 3180 2914 3248 quidquam
2944 3194 3064 3232 cum
3111 3181 3199 3233 Dei
3225 3181 3469 3233 substan-

1912 3271 1983 3324 tia
2016 3269 2389 3339 eomplicatum
2422 3283 2560 3334 esse,
2598 3283 2842 3338 quaenam
2901 3271 3074 3322 adhuc
3132 3272 3267 3324 ratio
3305 3269 3465 3327 sinet.

1913 3373 1968 3415 ut
1996 3379 2114 3416 cum
2147 3362 2443 3418 substantia
2486 3361 2720 3431 ingenita
2768 3361 3002 3429 genitam
3044 3358 3469 3429 comparemus?

1911 3458 2206 3522 Quamnam
2236 3456 2374 3510 inter
2424 3472 2481 3509 se
2532 3456 2900 3522 cognationem
2959 3447 3154 3506 habent
3200 3453 3320 3516 illa,
3355 3453 3468 3504 lieri

1913 3564 2014 3601 non
2070 3561 2249 3614 posse,
2303 3547 2348 3600 si
2387 3547 2522 3600 Deus
2561 3545 2947 3614 incompositus
2989 3553 3092 3610 est,
3126 3553 3184 3598 ut
3216 3543 3384 3598 Filius
3417 3546 3467 3598 ei

1911 3639 1982 3692 sit
2017 3637 2310 3691 consimilis
2339 3638 2361 3689 ?
2395 3637 2487 3692 Die
2524 3637 2688 3701 enim,
2723 3651 2898 3691 nonne
2925 3647 2978 3691 tu
3013 3652 3227 3706 quoque
3270 3638 3470 3706 pariter

1911 3731 2058 3784 dices
2087 3728 2280 3783 Filium
2334 3741 2506 3796 neque
2549 3728 2798 3791 formam,
2834 3743 3006 3795 neque
3053 3726 3265 3788 molem,
3297 3741 3470 3792 neque

1911 3821 2264 3887 quantitatem
2302 3820 2351 3872 in
2385 3821 2561 3887 seipso
2591 3819 2806 3882 habere,
2835 3827 2993 3886 atque
3031 3831 3249 3886 prorsus
3269 3832 3298 3870 a
3322 3831 3470 3870 eom-

1912 3913 2177 3978 pmitione
2205 3910 2428 3963 liberum
2460 3925 2576 3962 esse
2600 3909 2622 3960 ί

1979 3999 2067 4053 25.
2104 4000 2210 4069 Ego
2236 3999 2504 4067 equidem,
2542 3997 2620 4051 vel
2648 3998 2692 4052 si
2736 3997 3024 4062 insanires,
3069 4013 3172 4053 non
3207 4006 3333 4067 puto
3370 4013 3469 4050 au-

1913 4107 2093 4145 surmu
2125 4103 2174 4144 te
2206 4105 2323 4144 esse
2355 4090 2496 4142 aliud
2519 4090 2642 4158 quid
2673 4089 2848 4143 dicere
2879 4089 3067 4142 Filium
3097 4104 3254 4156 quam
3295 4090 3469 4142 ineor-

1912 4200 2150 4253 poreum,
2183 4198 2340 4251 quam
2375 4183 2555 4236 [eruite
2592 4191 2860 4249 expertem
2891 4192 2944 4238 et
2977 4183 3176 4250 tiguraa,
3205 4189 3260 4235 et
3290 4181 3470 4235 omnia

1913 4293 2029 4346 qua:
2059 4279 2121 4330 de
2166 4275 2325 4330 Patre
2365 4277 2540 4329 dicere
2586 4272 2777 4341 possis.
2819 4274 3104 4339 Quomodo
3131 4273 3294 4343 igitur
3322 4273 3467 4341 pium

1914 4385 2015 4424 non
2043 4368 2222 4433 fuerit,
2241 4385 2360 4424 eum
2387 4367 2476 4436 qui
2505 4365 2728 4420 formam
2761 4382 2865 4419 non
2897 4367 3080 4429 habet,
3106 4366 3331 4419 formam
3362 4379 3470 4419 non

1914 4461 2127 4515 habenti
2153 4458 2502 4526 comparare?
2535 4457 2683 4522 item,
2712 4472 2831 4510 eum
2869 4456 3326 4524 quiquantitatem
3364 4470 3470 4507 non

1755 4557 1812 4608 '0
1847 4572 1890 4627 ι)
1922 4554 2122 4617 habet,
2157 4550 2508 4619 quantitatem
2563 4565 2665 4603 non
2715 4547 2930 4602 habenti
2971 4548 3170 4612 ?item,
3211 4561 3331 4601 eum
3379 4547 3469 4614 qui

1921 4841 2108 4910 possit.
2146 4839 2343 4910 Statim
2367 4839 2453 4893 ubi
2495 4837 2691 4910 legitur
2723 4837 2775 4910 in
2808 4837 3019 4910 excusis
3049 4832 3468 4910 καταλιπούσης,

1918 4902 2182 4978 scripturn
2221 4913 2272 4964 in
2319 4909 2523 4963 duobus
2549 4902 2852 4962 'eodicibus
2913 4908 3176 4958 invenitur
3224 4902 3471 4956 καταλει-

1917 4998 2141 5043 πουσης.

1988 5029 2265 5120 (δέ)ἶῆᾖῆιί
2309 5059 2363 5102 et
2406 5049 2535 5120 Reg.
2569 5049 2757 5120 tertius
2802 5044 2986 5106 Οὐδεὶς
3033 5043 3140 5113 γὰρ
3181 5043 3370 5106 οὕτως.
3407 5045 3473 5095 At

1919 5117 2104 5190 reliqui
2146 5136 2270 5174 mss.
2308 5120 2492 5181 Οὐδεὶς
2519 5119 2573 5171 δὲ
2602 5117 2791 5190 οὕτως.

1990 5181 2098 5263 (59)
2132 5192 2352 5263 Ειιίιί-εξι
2401 5207 2530 5263 mss.
2577 5188 2729 5263 multi
2778 5182 3200 5257 προσλαμϐάνει.
3237 5183 3304 5235 At
3341 5181 3470 5249 Reg.

1917 5258 2017 5330 qua
2030 5258 2141 5314 rtus
2180 5260 2582 5331 xpokapb’dvst,
2606 5258 2838 5331 rectius.»
2911 5325 2946 5331 __
3295 5320 3305 5331 _

1989 5333 2102 5403 (60)
2134 5325 2308 5403 Editin
2339 5325 2511 5382 Paris.
2537 5329 2674 5381 οὐδέ.
2705 5329 2880 5381 Editio
2911 5325 3039 5379 Ven.
3063 5332 3117 5377 et
3141 5325 3307 5375 nostri
3343 5334 3469 5373 mss.

1917 5401 2102 5456 omnes
2131 5401 2301 5453 οὐδέν.

1987 5472 2096 5541 (61)
2130 5473 2261 5541 Reg.
2297 5478 2519 5538 quartus
2541 5471 2605 5538 τῇ
2637 5468 2813 5538 οὐσίᾳ,
2849 5469 2994 5527 ποῖος
3028 5462 3106 5516 ἔτι
3133 5460 3472 5531 συγχωρήσει

1915 5543 2087 5597 λόγος.

2131 5613 2222 5667 Sic
2249 5610 2396 5665 Colb.
2431 5619 2483 5662 el
2512 5610 2614 5662 duo
2647 5607 2815 5678 Regii.
2850 5607 3000 5667 Illud,
3036 5603 3171 5672 μήτε
3207 5600 3390 5668 δγκον,
3420 5600 3471 5652 in

1918 5685 2148 5750 vulgatis
2178 5682 2603 5750 desiderabatur.

1988 5742 2095 5823 (iiii)
2135 5753 2266 5806 Editi
2297 5749 2484 5820 ἔχοντα
2512 5745 2644 5823 εἶδος
2680 5749 2752 5818 μὴ
2793 5747 2962 5823 ἔχοντι
2996 5743 3380 5817 παραϐάλλειν.
3406 5742 3476 5796 At

1917 5817 2044 5881 mss.
2075 5817 2531 5894 plerique'omnes
2570 5822 2661 5888 ita,
2684 5817 2748 5873 ut
2782 5817 3064 5873 edidimus.
