4026 6456
546 352 652 409 565

1843 362 1901 416 S.
1946 362 2190 417 BASILH
2233 364 2445 421 MAGNI

3660 371 3767 426 364

542 469 762 525 omnino
816 468 1199 540 incompositus
1250 483 1351 539 est,
1393 474 1803 543 incomposito?
1847 474 1943 528 Hic
1983 492 2104 531 vero

2210 478 2266 531 δὲ
2303 480 2363 532 τὸ
2402 482 2584 551 ὅμοιον
2614 485 2670 537 ἐν
2696 486 2772 554 τῷ
2808 486 2936 538 εῖδει
2961 484 3195 549 τίθεται,
3231 488 3323 538 καὶ
3352 486 3412 538 τὸ
3444 487 3557 539 θεον
3596 489 3653 540 ἐν
3686 490 3767 560 τῷ

541 560 597 615 in
627 559 793 614 forma
832 562 1018 615 statuit
1054 563 1478 629 similitudinem,
1519 575 1574 620 et
1622 566 1673 618 in
1712 566 1850 620 mole
1898 568 2106 636 aequali-

543 660 705 704 tatem
742 667 757 704 :
789 653 1140 720 quantitatem
1177 664 1351 709 autem
1381 656 1509 723 quid
1541 665 1738 725 prmter
1763 658 1955 711 molem
1988 674 2105 713 esse

539 752 712 812 putet,
750 744 861 813 ipse
890 760 1019 800 sane
1050 748 1230 815 aptius
1257 748 1588 814 exposuerit.

611 832 743 886 an.
779 833 1018 899 Idcirco,
1054 836 1245 903 inquit,
1297 850 1394 890 nec
1437 834 1691 903 aequalis,
1736 851 1833 890 nec
1888 836 2100 903 similis,

542 925 795 992 quoniam
829 934 884 979 et
910 926 1208 994 quantitate
1239 936 1387 981 caret
1422 936 1476 980 et
1502 926 1692 979 forma.

610 1013 735 1071 Bas.
776 1016 887 1086 Ego
910 1031 1037 1071 vero
1093 1018 1143 1071 in
1198 1021 1297 1072 hoc
1338 1019 1453 1086 ipso
1499 1034 1639 1088 pono
1675 1018 2101 1075 similitudinem.

539 1104 1000 1172 Quemadmodum
1036 1110 1175 1162 enim
1208 1109 1367 1162 Pater
1404 1110 1537 1164 liher
1565 1121 1645 1165 est
1672 1117 1738 1164 ab
1775 1113 1918 1166 omni
1954 1128 2103 1167 com-

539 1197 830 1266 positione,
883 1199 952 1252 ita
1006 1209 1061 1252 et
1090 1200 1257 1255 Filius
1300 1200 1527 1269 simplex
1562 1202 1778 1256 omnino
1819 1212 1902 1256 est
1941 1214 2101 1272 atque

544 1291 949 1359 incompositus.
974 1290 1109 1356 Quin
1146 1292 1306 1346 etiam
1344 1293 1743 1347 similitudinem
1782 1309 1884 1347 non
1906 1309 2101 1350 secun-

542 1381 665 1433 dum
693 1382 876 1436 formae
912 1383 1263 1449 identitatem,
1297 1386 1389 1439 sed
1430 1388 1719 1440 secundum
1758 1388 1928 1457 ipsam
1975 1390 2102 1443 sub-

544 1473 799 1525 stantiam
824 1475 1051 1544 perspici
1084 1474 1335 1529 arbitror.
1354 1475 1558 1542 Quibus
1591 1480 1732 1533 enim
1764 1478 1934 1533 forma
1971 1479 2102 1549 ﬁgu-

542 1579 710 1633 raque
740 1564 1107 1633 circumjacet.
1138 1568 1205 1620 iis
1231 1568 1523 1622 secundum
1554 1569 1737 1625 formas
1771 1572 2099 1625 identitatcm

542 1657 684 1711 inest
715 1658 1007 1711 similitudo
1037 1677 1049 1712 :
1091 1674 1208 1727 qua:
1243 1674 1368 1715 vero
1398 1671 1587 1717 natura
1618 1678 1717 1718 nec
1757 1664 1980 1718 formam
2006 1677 2102 1717 nec

544 1748 769 1817 ﬁguram
791 1750 1045 1815 admittit,
1074 1751 1332 1820 reliquum
1365 1764 1446 1807 est
1474 1763 1531 1807 ut
1575 1755 1626 1807 in
1666 1756 1780 1822 ipsa
1804 1753 2100 1808 substantia

2206 572 2388 643 ὄγκῳ·
2440 575 2536 646 τὴν
2583 576 2639 629 δὲ
2693 578 3025 647 πηλικότητα
3080 576 3212 649 (64),
3260 579 3287 630 ὃ
3339 595 3391 630 τι
3445 579 3541 630 καὶ
3592 579 3765 632 οῑεται

2206 664 2358 736 παρά
2390 665 2478 719 τὸν
2511 667 2671 734 ὄγκον
2705 664 2861 732 εἶναι,
2902 669 3061 731 αὐτὸς
3106 668 3170 722 ἂν
3205 668 3525 739 οἰκειότερον
3560 670 3760 741 ἐξηγή-

2206 771 2372 809 σαιτο.

2275 848 2431 902 ΕΥΝ.
2478 850 2577 903 Διὰ
2623 850 2781 906 τοῦτο
2824 852 2946 905 οὔτε
2987 854 3120 917 ἴσος,
3178 852 3360 921 φησὶν,
3396 848 3515 902 οὔτε
3550 852 3757 921 ὅμοιος.

2204 938 2387 1009 ἐπειδὴ
2416 941 2507 992 καὶ
2535 940 2734 1005 ἀποσός
2764 944 2877 995 έστι
2900 944 2993 995 καὶ
3013 942 3267 1004 ἀνείδεος.

2272 1030 2416 1103 ΒΑΣ.
2454 1031 2594 1099 Ἐγὼ
2619 1032 2826 1087 δὲ·κατ’
2856 1034 2986 1087 αὑτὸ
3013 1033 3168 1086 τοῦτο
3193 1035 3287 1104 τὴν
3307 1036 3596 1105 ὁμοιότητα
3624 1032 3761 1085 τίθε-

2206 1138 2323 1190 μαι.
2372 1123 2586 1194 Ἐπειδὴ
2628 1124 2812 1197 ῶσπερ
2842 1127 2869 1178 ὁ
2894 1126 3082 1195 Πατὴρ
3113 1126 3381 1196 συνθήκης
3410 1124 3527 1177 ἐστὶ
3580 1123 3759 1189 πάσης

2201 1210 2502 1283 ἐλεύθερος,
2559 1213 2698 1266 οὕτω
2743 1216 2835 1268 καὶ
2863 1217 2891 1268 ὁ
2929 1214 3054 1276 Υἱὸς
3084 1215 3285 1279 ἁπλοῦς
3331 1213 3627 1276 παντελῶς,
3664 1214 3758 1266 καὶ

2200 1302 2515 1370 ἀσύνθετος,
2551 1306 2646 1357 καὶ
2691 1305 2752 1357 τὸ
2796 1307 2996 1373 ὅμοιον,
3033 1308 3105 1378 μὴ
3158 1308 3297 1361 κατὰ
3323 1307 3419 1378 τὴν
3456 1306 3550 1360 τοῦ
3588 1305 3759 1368 εἴδους

2200 1395 2503 1466 ταύτότητα
2544 1395 2888 1468 θεωρεῖσθαι,
2918 1400 3049 1453 ἀλλὰ
3076 1402 3192 1454 κατ’
3228 1400 3392 1471 αὐτὴν
3419 1400 3518 1471 τὴν
3549 1398 3753 1453 οὐσίαν.

2202 1486 2386 1552 "Utrm;
2433 1489 2530 1558 μὲν
2575 1489 2685 1561 γὰρ
2720 1489 2899 1560 μορφὴ
2944 1492 3034 1543 καὶ
3066 1493 3247 1562 σχῆμα
3285 1493 3610 1563 περίκειται,
3642 1487 3760 1540 τού-

2200 1595 2332 1643 τοις,
2367 1581 2507 1634 κατὰ
2539 1580 2637 1653 τὴν
2676 1582 2978 1650 ταύτότητα
3009 1581 3100 1633 τοῦ
3149 1583 3353 1647 εἴδους,
3397 1584 3430 1653 ὴ
3469 1581 3756 1652 ὁμοιότης·

2201 1671 2298 1739 τὴν
2323 1671 2380 1723 δὲ
2427 1672 2660 1725 ἀνείδεον
2689 1672 2783 1725 καὶ
2821 1671 3223 1743 ἀσχημάτιστον
3254 1674 3413 1741 φύσιν
3440 1675 3498 1725 ὲν
3529 1673 3667 1741 αὐτῇ
3691 1672 3757 1739 τῇ

2200 1761 2359 1831 οὐσίᾳ
2384 1761 2628 1815 λείπεται
2655 1761 2801 1832 ἔχειν
2822 1763 2919 1833 τὴν
2952 1760 3243 1832 ὁμοιότητα
3270 1779 3281 1791 ·
3322 1763 3417 1815 καὶ
3449 1762 3509 1814 το
3538 1762 3650 1814 ἴσον
3685 1760 3759 1830 μὴ

541 1837 740 1894 habeat
775 1840 1200 1909 similitudinem,
1232 1845 1591 1913 aequalitatem
1617 1859 1746 1900 vero
1772 1862 1875 1900 non
1901 1846 1952 1899 in
1977 1861 2104 1899 mo—

2203 1854 2260 1904 ἆν
2289 1855 2353 1921 τῇ
2385 1851 2489 1906 τῶν
2517 1852 2693 1922 ὄγκων
2716 1853 3148 1923 παραμετρήσει,
3175 1850 3285 1904 ἀλλ’
3310 1854 3367 1904 ὲν
3387 1855 3453 1923 τῇ
3472 1850 3761 1921 ταύτότητι

541 1928 609 1983 1³8
637 1930 987 1998 dimensione,
1017 1934 1108 1988 sed
1140 1935 1191 1988 in
1221 1936 1459 2002 potentia
1487 1935 1770 2015 identitate
1806 1938 2097 2006 possideat.

540 2017 808 2085 Christus,
838 2020 1030 2091 inquit,
1052 2025 1143 2076 Dei
1169 2024 1424 2092 potentia,
1446 2035 1501 2079 et
1527 2025 1617 2079 Dei
1639 2026 1955 2094 sapientia‘,
1990 2035 2101 2080 tota

541 2111 791 2166 videlicet
820 2123 1045 2183 paterna
1075 2123 1337 2182 potestate
1381 2118 1435 2170 in
1470 2118 1585 2187 ipso
1624 2118 1916 2171 residente.
1954 2115 2103 2169 Unde

542 2220 877 2274 quaecunque
899 2206 1041 2262 videt
1068 2207 1281 2264 Patrem
1312 2209 1618 2276 facientem,
1642 2224 1705 2263 ea
1737 2218 1789 2263 et
1828 2207 1993 2262 Filius
2028 2208 2104 2262 si-

541 2294 737 2349 militer
759 2295 940 2352 facit“.

614 2387 745 2443 Eun.
782 2389 886 2445 Sed
915 2391 1228 2455 similitudo,
1262 2391 1455 2461 inquit,
1487 2408 1603 2461 quae
1646 2391 1939 2445 secundum
1974 2392 2102 2447 sub-

543 2481 792 2537 stantiam
829 2491 931 2548 est,
969 2491 1062 2536 aut
1092 2484 1444 2551 comparatio,
1481 2491 1571 2535 aut
1596 2483 1974 2546 communitas,
2007 2497 2098 2536 ne-

543 2589 647 2643 que
673 2574 1070 2641 przestantiam,
1114 2587 1286 2643 neque
1335 2572 1691 2627 diﬂ'erentiam
1725 2573 1887 2627 ullam
1937 2574 2102 2628 relin-

543 2681 735 2736 quens,
766 2664 1123 2735 mqualitatem
1149 2675 1331 2735 aperte
1358 2664 1538 2719 efﬁcit.

617 2758 738 2811 Bas.
762 2757 1040 2824 Quomodo
1090 2758 1248 2826 igitur
1298 2757 1653 2813 diﬂ‘erentiam
1704 2756 1901 2812 nullam
1939 2756 2103 2811 relin-

544 2847 679 2915 quit,
706 2861 769 2899 ne
795 2861 913 2899 eam
945 2847 1182 2915 quidem,
1208 2861 1325 2915 qua:
1366 2846 1544 2901 causis
1570 2847 1710 2902 inest
1738 2862 1861 2902 cum
1892 2847 1958 2902 iis
1985 2861 2103 2917 qua:

544 2954 611 2993 ex
644 2938 773 3006 ipsis
807 2945 933 2990 sunt
961 2938 984 2991 ?
1012 2935 1298 3008 Subjungit
1338 2948 1519 3008 postea
1546 2956 1560 2992 :

612 3028 745 3083 Eua.
774 3026 905 3093 Quis
934 3037 1110 3083 autem
1141 3030 1215 3083 ita
1247 3031 1471 3085 stolidus
1507 3040 1611 3092 est.
1642 3027 1725 3086 vel
1754 3029 1821 3083 ad
1857 3027 2103 3096 impieta-

545 3134 651 3178 tem
684 3124 754 3177 ita
785 3123 979 3189 audax,
1005 3132 1062 3178 ut
1088 3127 1346 3194 aequalem
1377 3126 1522 3180 Patri
1556 3125 1749 3181 Filium
1778 3123 1965 3181 dicat?

612 3217 733 3271 ΒΑε.
770 3216 851 3271 Ad
898 3216 1011 3271 haic
1058 3215 1301 3272 dicamus
1342 3217 1391 3272 ei
1436 3217 1522 3271 illa
1567 3213 2101 3287 prophetiazFacies

543 3308 828 3361 meretricis
891 3307 1032 3375 facta
1075 3318 1147 3361 est
1202 3310 1329 3375 tibi;
1368 3310 1589 3363 amisisti
1637 3311 1887 3377 pudorem
1941 3306 2101 3378 235

545 3416 667 3467 erga
697 3415 870 3454 omnes
911 3401 951 3455 ⁸.
988 3400 1198 3456 Etenim
1225 3408 1281 3453 ut
1317 3400 1418 3453 illa:
1455 3402 1566 3454 suis
1618 3401 1849 3468 ipsarum
1894 3402 2102 3468 probris

546 3502 693 3545 caste
716 3492 953 3547 viventes
979 3502 1286 3563 aSpergunt,
1309 3492 1377 3545 ita
1409 3493 1491 3547 hic
1513 3507 1727 3563 quoque
1754 3509 1846 3547 eos
1872 3492 1964 3562 qui
1992 3506 2103 3545 nia-

544 3581 789 3649 iestatem
835 3585 1106 3655 Unigeniti
1155 3586 1496 3655 magniﬁcare
1525 3589 1764 3657 cupiunt,
1801 3586 2023 3641 stolidos
2051 3593 2105 3639 et

547 3679 612 3730 ad
642 3678 965 3746 impietatem
998 3683 1225 3733 audaces
1254 3690 1424 3741 vocat,
1462 3682 1649 3736 iisdem
1693 3680 1949 3741 oll'ensus,
1983 3680 2103 3748 qui-

552 3772 646 3822 bus
680 3778 733 3822 et
760 3768 924 3823 Judaei
954 3771 1426 3836 exacerbabantur,
1454 3774 1688 3825 dicentes
1716 3782 1841 3826 tunc
1870 3769 2106 3840 :AEqua-

550 3861 648 3915 lem
677 3862 902 3928 seipsum
929 3864 1054 3930 facit
1094 3864 1193 3916 Deo
1222 3864 1264 3916 ".

622 4034 712 4088 24.
749 4033 812 4087 Et
849 4044 993 4090 certe
1025 4034 1243 4106 (nemini
1276 4038 1517 4091 videatur
1560 4040 1749 4091 mirum
1785 4038 1925 4108 quod
1964 4038 2105 4107 dico)

551 4124 625 4178 illi
657 4125 1046 4192 quodammodo
1093 4130 1530 4197 consequentiam
1582 4142 1760 4181 rerum
1792 4129 1959 4195 magis
1988 4142 2109 4195 pcr-

553 4217 764 4284 spicere
795 4216 1130 4271 videbantur.
1158 4218 1289 4273 Nam
1323 4236 1462 4291 aegre
1489 4219 1728 4275 ferebant
1767 4220 1909 4289 quod
1942 4220 2106 4274 Deum

553 4307 767 4362 Patrem
797 4324 949 4363 suum
978 4309 1337 4379 appellaret“:
1374 4316 1510 4368 hanc
1546 4314 1668 4368 inde
1698 4329 1726 4367 a
1768 4314 1958 4371 seiosis
1989 4328 2110 4368 con-

554 4402 882 4455 secutionem
942 4402 1273 4474 colligentes,
1326 4405 1468 4473 quod
1532 4405 1632 4460 hoc
1692 4415 1848 4476 pacto
1913 4404 2110 4460 faceret

554 4494 811 4559 aequalem
843 4508 901 4547 se
926 4496 1070 4561 Deo;
1102 4497 1254 4561 quasi
1287 4498 1588 4552 necessario
1614 4507 1887 4566 sequatur,
1930 4498 1972 4551 si
2004 4496 2105 4551 Pa-

559 4594 693 4638 trem
741 4585 931 4639 habeat
975 4586 1167 4650 lieum,
1201 4587 1309 4643 Deo
1341 4590 1596 4643 maualem
1631 4603 1768 4644 esse.
1812 4589 2104 4644 Eunomius

556 4686 754 4734 autem,
792 4674 943 4742 prius
992 4675 1117 4729 illud
1166 4679 1482 4740 concedens,
1530 4680 1791 4746 posterius
1827 4688 2006 4747 negat,
2041 4696 2102 4734 ac

556 4766 764 4821 Domini
789 4782 972 4823 vocem
998 4769 1179 4835 objicit
1199 4770 1373 4836 nobis,
1398 4771 1623 4825 dicentis
1657 4789 1670 4824 :
1704 4769 1887 4834 Pater,
1910 4770 1999 4837 qui
2026 4788 2106 4825 me

2201 1944 2304 2013 τῆς
2361 1944 2657 2013 δυνάμεως.
2694 1946 2947 2016 Χριστὸς,
2998 1944 3151 2015 φησὶ,
3201 1942 3334 1995 Θεοῦ
3367 1943 3614 2013 δύναμις,
3664 1942 3761 1995 καὶ

2202 2035 2336 2089 Θεοῦ
2369 2037 2527 2105 σοιρία
2550 2054 2561 2066 ·
2592 2038 2717 2107 ὅλης
2743 2038 2838 2108 τῆς
2869 2038 3137 2109 πατρικῆς
3172 2036 3452 2106 δυνάμεως
3480 2038 3763 2088 ἐναποκει-

2207 2126 2374 2197 μένης
2420 2125 2568 2195 αὐτῷ
2611 2126 2867 2195 δηλονότι.
2898 2129 3056 2181 Ὅθεν
3091 2129 3298 2198 ὅσαπερ
3345 2124 3411 2178 ἂν
3465 2124 3637 2197 βλέπῃ
3667 2125 3761 2177 τδν

2203 2216 2421 2289 Πατέρα
2445 2215 2721 2281 ποιοῦντα,
2738 2217 2908 2270 ταῦτα
2940 2220 3032 2271 καὶ
3058 2222 3086 2271 ὁ
3110 2219 3236 2283 Υἱὸς
3258 2217 3457 2288 ὁμοίως
3491 2217 3653 2268 ποιεῖ.

2268 2393 2427 2446 ΕΥΝ.
2474 2392 2675 2462 Ἀλλἰή
2729 2394 2848 2445 κατ’
2884 2392 3089 2453 οὐσίαν.
3144 2393 3329 2465 φησὶν,
3386 2390 3664 2463 ὁμοιότης,
3727 2389 3759 2459 ἢ

2203 2485 2506 2556 σύγκρισις,
2537 2486 2570 2556 ἦ
2598 2486 2871 2548 κοινωνία,
2905 2485 3170 2557 μηδεμίαν
3208 2487 3478 2557 ὑπεροχὴν
3509 2484 3540 2556 ἢ
3579 2484 3767 2550 διαφο-

2205 2575 2302 2645 ρὰν
2318 2575 2732 2639 καταλείπουσα,
2764 2577 2981 2647 ἰσότητα
3014 2576 3197 2645 σαφῶς
3224 2575 3593 2647 ἀπεργάζεται
3623 2574 3760 2645 (65).

2270 2752 2418 2804 ΒΑΣ.
2462 2750 2584 2814 Πῶς
2608 2745 2700 2803 οὖν
2721 2750 2974 2819 οὐδεμίαν
2994 2750 3253 2821 διαφορὰν
3275 2751 3611 2815 καταλείπει,
3640 2749 3765 2803 οὐδὲ

2199 2843 2299 2914 τὴν
2348 2845 2461 2906 τοῖς
2488 2841 2681 2906 αἰτίοις
2722 2841 2859 2912 πρὸς
2905 2841 2972 2894 τὰ
3001 2840 3061 2906 ἐξ
3089 2842 3266 2895 αὐτῶν
3307 2845 3759 2915 ὲνυπάρχουσανς

2202 2932 2337 2989 Εἶτα
2369 2936 2565 3003 έπάγει
2585 2952 2598 2965 ’

2271 3028 2431 3081 ΕΥΝ.
2457 3028 2552 3091 Τίς
2577 3028 2634 3081 δὲ
2660 3027 2832 3090 οὕτως
2862 3026 3106 3096 ἀνόητος,
3137 3026 3170 3095 ἢ
3203 3023 3337 3096 πρὸς
3361 3025 3613 3078 ἀσέϐειαν
3645 3024 3765 3078 τολ-

2208 3121 2400 3192 μηρὸς,
2422 3120 2560 3174 ὥστε
2595 3120 2707 3173 ἴσον
2734 3122 2908 3174 εἰπεῖν
2929 3120 3021 3174 τὸν
3045 3118 3171 3172 Υίδν
3196 3118 3275 3191 τῷ
3295 3119 3503 3189 Πατρί;

2128 3181 2170 3239 C'
2209 3181 2219 3189 I
2452 3212 2704 3281 Εἴπωμεν
2733 3211 2878 3281 αὑτῷ
2904 3212 2971 3264 τὰ
2998 3208 3091 3263 τοῦ
3110 3181 3385 3283 προςρήτου
3416 3181 3551 3281 προς
3567 3208 3760 3262 ταῦτα’

2203 3303 2306 3365 ὅτι,
2335 3304 2513 3369 "opm
2533 3304 2759 3368 πόρνης
2785 3300 3019 3369 ἐγένετό
3045 3314 3163 3353 σοι’
3188 3301 3766 3370 ἀπηναισχύντησας

2202 3394 2350 3462 πρὸς
2379 3394 2628 3458 πάντας.
2660 3393 2769 3445 Καὶ
2809 3392 2918 3462 γὰρ
2969 3394 3170 3445 ἐκεῖναι
3214 3396 3282 3447 τὰ
3325 3394 3532 3447 ἑαυτῶν
3589 3392 3765 3459 ὀνείδη

2201 3488 2313 3547 τοῖς
2344 3482 2555 3554 σεμνῶς
2585 3482 2873 3553 βεϐιωκόσι
2895 3482 3330 3554 προστρίϐονται·
3358 3486 3451 3536 καὶ
3472 3478 3625 3545 οὗτος
3641 3484 3767 3544 τοὺς

2201 3578 2299 3644 τὴν
2328 3574 2483 3639 δόξαν
2509 3575 2602 3627 τοῦ
2631 3574 2966 3642 Μονογενοῦς
3014 3572 3333 3644 μεγαλύνειν
3365 3573 3765 3643 ἐπιθυμοῦντας

2202 3669 2462 3739 ἀνοήτους
2506 3668 2771 3720 ἀποκαλεῖ
2812 3668 2905 3720 καὶ
2950 3668 3086 3737 πρὸς
3130 3666 3382 3720 ἀσέϐειαν
3425 3666 3763 3736 τολμηροὺς,

2202 3759 2294 3811 ἐπὶ
2314 3761 2424 3820 τοῖς
2449 3758 2630 3820 αὐτοῖς
2655 3756 3012 3827 χαλεπαίνων,
3040 3753 3217 3826 ὲφόἴς
3244 3758 3338 3810 καὶ
3365 3758 3610 3811 Ἰουδαῖοι
3624 3775 3766 3830 παρ-

2201 3852 2464 3917 ωξύνοντο
2516 3848 2819 3921 τηνικαῦτα
2875 3848 3123 3915 λέγοντες
3187 3850 3290 3913 ὅτι,
3331 3850 3506 3902 Ἴσον
3550 3849 3770 3902 ἑαυτὸν

2204 3941 2363 3997 ποιεῖ
2378 3940 2457 4007 τῷ
2490 3941 2627 4007 Θεῷ.

2273 4034 2363 4088 ‘24.
2394 4032 2582 4086 Καίτοι
2608 4049 2671 4100 γε
2706 4033 2820 4101 (καὶ
2853 4031 3038 4103 μηδενὶ
3068 4029 3363 4102 παράδοξον
3388 4030 3450 4084 τὺ
3477 4032 3768 4101 λεγόμενον

2204 4126 2349 4198 δόξῃ)
2376 4124 2574 4194 μᾶλλόν
2616 4142 2729 4187 πως
2759 4125 2974 4177 ἐδόκουν
3003 4126 3197 4176 ἐκεῖνοι
3223 4124 3283 4176 τὸ
3314 4124 3602 4177 ἀκόλουθον
3650 4126 3771 4177 ἐπι·-

2207 4223 2443 4274 6>.ἐπειν.
2480 4220 2849 4288 Ἦγανάκτουν
2894 4219 3021 4287 γὰρ,
3045 4220 3125 4271 ὅτι
3148 4220 3364 4288 Πατέρα
3389 4220 3584 4271 ἑαυτοῦ
3617 4220 3768 4287 ἔλεγε

2205 4317 2295 4368 τὸν
2325 4315 2454 4367 Θεὸν
2482 4330 2494 4342 ·
2525 4314 2583 4365 τὸ
2621 4311 2816 4380 ὲςρεξῆς
2847 4312 2936 4378 ἀφ’
2973 4308 3180 4362 ἑαυτῶν
3204 4308 3663 4379 συλλογιζόμενοι,
3687 4312 3772 4364 ὃτι

2205 4407 2295 4461 διὰ
2356 4405 2546 4458 τούτου
2603 4403 2715 4455 ἴσον
2772 4402 2962 4455 ἑαυτὸν
3013 4404 3154 4454 ποιεί
3210 4400 3319 4470 (66)
3380 4402 3459 4472 τῷ
3509 4402 3661 4472 Θεῷ·
3695 4404 3772 4467 ὡς

2208 4498 2519 4568 ἀναγκαίως
2553 4495 2817 4566 ἑπομένου
2851 4494 2927 4562 τῷ
2955 4494 3169 4565 Πατέρα
3216 4494 3358 4564 ἔχειν
3386 4494 3476 4547 τὸν
3505 4495 3637 4547 Θεὸν
3674 4494 3769 4547 τοῦ

2210 4574 2327 4645 ἴσον]
2347 4589 2455 4661 (67)
2485 4589 2744 4659 ὑπάρχειν
2778 4586 2943 4657 αὐτῷ.
2963 4587 3020 4638 '0
3042 4587 3119 4649 δὲ,
3150 4587 3210 4637 τὸ
3232 4585 3447 4655 πρῶτον
3470 4587 3771 4654 συγχωρῶν

2208 4682 2389 4752 δῆθεν,
2425 4680 2561 4751 πρὸς
2593 4679 2653 4730 τὸ
2681 4677 2931 4747 δεύτερον
2971 4676 3240 4731 ἀνανεύει.
3274 4678 3369 4729 καὶ
3399 4678 3496 4747 τὴν
3528 4676 3623 4729 τοῦ
3658 4679 3773 4729 Κυ-

2210 4774 2323 4844 ρίου
2352 4773 2533 4842 φωνὴν
2560 4773 2691 4840 ἡμῖν
2726 4767 3083 4841 προϐάλλεται
3131 4769 3373 4832 εἰπόντος
3393 4784 3409 4800 ο
3454 4770 3509 4821 '0
3542 4769 3767 4838 Πατὴρν

630 4899 689 4953 ⁸1
714 4902 838 4955 Cor.
871 4920 910 4969 ι,
946 4903 1036 4957 24.
1111 4906 1131 4936 ⁸
1160 4904 1318 4959 Joan.
1346 4919 1397 4967 ν,
1434 4904 1519 4958 19.
1596 4906 1616 4936 ⁶
1650 4902 1849 4959 Jerem.
1884 4920 1964 4966 ιιι,
1990 4904 2043 4957 5.

2202 4921 2321 4959 oau.
2355 4921 2415 4971 ν,
2449 4905 2535 4958 18.
2610 4903 2631 4935 ⁸
2663 4903 2790 4957 ibid.

628 5125 735 5191 (64)
768 5125 1081 5180 Eunomium
1117 5128 1254 5181 ridet
1284 5126 1534 5186 Basilius,
1564 5128 1713 5196 quasi
1767 5128 1947 5181 dicat:
1979 5126 2103 5179 Plii—

559 5197 902 5264 losophorum
960 5198 1434 5264 praestantissimus
1482 5198 1777 5251 Eunomius
1822 5197 2108 5264 distinguit

561 5267 753 5319 molem
810 5281 837 5317 a
884 5266 1202 5332 quantitate.
1252 5268 1406 5321 Dicat
1455 5278 1632 5322 autem
1678 5268 1835 5321 velim
1882 5267 2009 5336 quid
2041 5268 2109 5319 sit

559 5336 883 5389 discriminis
910 5338 1048 5389 inter
1077 5337 1375 5404 utraque.

632 5405 991 5477 {65)_Cod_ices
1027 5405 1563 5477 θΙὶιιιιοιίὲργᾶζεται.
1584 5405 1784 5461 Ibidem
1818 5421 1948 5459 mss.
1980 5414 2109 5470 tres,

560 5474 683 5537 Πῶς
716 5472 825 5527 οὖν.
859 5475 969 5530 Vox
1004 5472 1190 5530 ultima
1224 5472 1371 5532 deest
1400 5481 1450 5529 iu
1487 5477 1721 5531 excusis.
1758 5478 1830 5530 Ex
1867 5478 1948 5528 bis
1977 5491 2108 5527 cott-

561 5555 669 5597 stat
713 5546 923 5613 aliquod
976 5546 1291 5602 diﬂ'erentite
1326 5564 1493 5612 genus
1541 5548 1592 5600 in
1639 5546 1795 5600 Patre
1836 5555 1889 5598 et
1921 5544 2056 5598 Filio
2082 5561 2111 5598 a

562 5613 780 5677 Basilio,
812 5631 953 5669 more
982 5628 1035 5670 et
1061 5618 1302 5685 exemplo
1333 5617 1547 5671 Patrum
1582 5616 1915 5680 Grmcorum,
1956 5616 2113 5685 plane

564 5686 813 5752 agnosci;
860 5688 1014 5752 quale
1044 5698 1125 5741 est
1152 5688 1436 5750 videlicet,
1468 5690 1609 5755 quod
1659 5688 1927 5739 invenitur
1974 5688 2113 5739 inter

570 5770 783 5810 causam
810 5766 863 5811 et
894 5757 944 5811 id
993 5758 1132 5826 quod
1158 5758 1224 5813 ab
1262 5774 1323 5814 ea
1353 5768 1454 5825 est,
1489 5768 1578 5812 aut
1621 5758 1778 5828 quale
1824 5767 1928 5823 est,
1970 5756 2110 5827 quod

2207 5129 2473 5196 reperitur
2510 5128 2651 5181 inter
2690 5127 3015 5196 principium
3059 5136 3111 5180 et
3143 5127 3192 5180 id
3225 5127 3365 5196 quod
3408 5127 3476 5180 ab
3504 5143 3570 5181 eo
3605 5129 3769 5193 origi-

2210 5195 2328 5250 nem
2359 5199 2535 5251 trahit.
2568 5197 2670 5249 Sed
2700 5197 2825 5249 illud
2850 5195 3158 5251 differentias
3184 5195 3353 5264 genus
3382 5208 3587 5249 natura!
3618 5200 3769 5254 iden-

2211 5270 2417 5321 titatcm
2452 5269 2503 5320 in
2541 5266 2698 5319 Patre
2729 5276 2784 5320 et
2817 5265 2952 5321 Filio
2998 5282 3102 5322 non
3143 5268 3396 5329 destruit,
3447 5266 3557 5322 imo
3591 5268 3772 5324 firmat

2210 5352 2261 5390 et
2292 5338 2622 5391 Constahilit.

2281 5406 2393 5537 (66;
2435 5407 2570 5459 Ειιὶιί
2604 5406 2791 5460 ἐποίει.
2822 5406 2889 5460 At
2916 5421 3045 5461 mss.
3074 5409 3236 5459 ποιεῖ.

2282 5479 2367 5537 (67
2430 5476 2567 5537 ΕιΙίιὶ
2601 5476 2661 5529 τὸ
2706 5478 2840 5537 ἴσον,
2878 5477 3035 5531 male.
3068 5479 3236 5531 Codex

2282 5476 2392 5547 (67)
2430 5476 2567 5540 ΕιΙίιὶ
2601 5476 2661 5529 τὸ
2706 5478 2840 5547 ἴσον,
2878 5477 3035 5531 male.
3068 5479 3244 5531 Codex
3276 5476 3621 5547 Colbet‘tinus
3647 5492 3769 5547 cum

2216 5545 2423 5602 duobus
2457 5547 2638 5615 Regiis
2661 5546 2755 5598 τοῦ
2790 5545 2922 5608 ἴσον,
2963 5548 3289 5616 bene:quod
3320 5561 3375 5599 tit
3400 5546 3590 5599 melius
3616 5546 3773 5600 intel-

2215 5618 2433 5684 ligatur,
2458 5617 2588 5669 ordo
2615 5620 2893 5670 vcrhormu
2924 5618 2999 5669 sic
3031 5618 3390 5669 ininintmnlus
3413 5627 3514 5679 est,
3540 5617 3634 5668 τοῦ
3662 5618 3772 5669 ἴτον

2215 5688 2474 5758 ὑπάρχειν
2508 5686 2651 5758 αὐτῷ
2686 5686 2946 5740 έποιιένου
2974 5685 3049 5757 τῷ
3075 5687 3294 5757 Πατέρα
3324 5687 3462 5756 ἔχειν
3496 5686 3585 5740 τὸν
3620 5688 3768 5741 Θεὸν.
