  <div class='ocr_page' id='page_1' title='image "/cluster/home/n/w/nwhite01/storage/ocr_20150623/29/ien.35556001660547/691.png"; bbox 0 0 4026 6430; ppageno 0'>
   <div class='ocr_carea' id='block_1_1' title="bbox 208 382 318 435">
    <p class='ocr_par' dir='ltr' id='par_1_1' title="bbox 208 382 318 435">
     <span class='ocr_line' id='line_1_1' title="bbox 208 382 318 435; baseline -0.009 0"><span class='ocrx_word' id='word_1_1' title='bbox 208 382 318 435; x_wconf 74' lang='grc'><strong>565</strong></span> 
     </span>
    </p>
   </div>
   <div class='ocr_carea' id='block_1_2' title="bbox 1313 382 2317 442">
    <p class='ocr_par' dir='ltr' id='par_1_2' title="bbox 1313 382 2317 442">
     <span class='ocr_line' id='line_1_2' title="bbox 1313 382 2317 442; baseline -0.005 -3"><span class='ocrx_word' id='word_1_2' title='bbox 1313 385 1684 442; x_wconf 81' lang='lat' dir='ltr'><strong>ADVERSUS</strong></span> <span class='ocrx_word' id='word_1_3' title='bbox 1723 382 2090 440; x_wconf 75' lang='lat' dir='ltr'><strong>EUNOMIUM</strong></span> <span class='ocrx_word' id='word_1_4' title='bbox 2130 383 2257 438; x_wconf 88' lang='lat' dir='ltr'><strong>LIB.</strong></span> <span class='ocrx_word' id='word_1_5' title='bbox 2301 382 2317 434; x_wconf 97' lang='lat' dir='ltr'><strong>I</strong></span> 
     </span>
    </p>
   </div>
   <div class='ocr_carea' id='block_1_3' title="bbox 3321 383 3423 438">
    <p class='ocr_par' dir='ltr' id='par_1_3' title="bbox 3321 383 3423 438">
     <span class='ocr_line' id='line_1_3' title="bbox 3321 383 3423 438; baseline -0.01 0"><span class='ocrx_word' id='word_1_6' title='bbox 3321 383 3423 438; x_wconf 76' lang='lat'><strong>566</strong></span> 
     </span>
    </p>
   </div>
   <div class='ocr_carea' id='block_1_4' title="bbox 206 494 1759 574">
    <p class='ocr_par' dir='ltr' id='par_1_4' title="bbox 206 499 1759 574">
     <span class='ocr_line' id='line_1_4' title="bbox 206 499 1759 574; baseline 0.004 -22"><span class='ocrx_word' id='word_1_7' title='bbox 206 505 242 552; x_wconf 77' lang='grc' dir='ltr'><em>ὁ</em></span> <span class='ocrx_word' id='word_1_8' title='bbox 280 499 390 569; x_wconf 88' lang='grc'><strong>(68)</strong></span> <span class='ocrx_word' id='word_1_9' title='bbox 441 501 678 569; x_wconf 69' lang='grc' dir='ltr'>πέμψας</span> <span class='ocrx_word' id='word_1_10' title='bbox 699 519 792 571; x_wconf 83' lang='grc' dir='ltr'><strong>με,</strong></span> <span class='ocrx_word' id='word_1_11' title='bbox 819 503 1026 571; x_wconf 78' lang='grc' dir='ltr'>μείζων</span> <span class='ocrx_word' id='word_1_12' title='bbox 1046 523 1163 574; x_wconf 86' lang='grc' dir='ltr'>μου</span> <span class='ocrx_word' id='word_1_13' title='bbox 1192 505 1324 559; x_wconf 85' lang='grc' dir='ltr'>ἐστί</span> <span class='ocrx_word' id='word_1_14' title='bbox 1341 523 1352 534; x_wconf 82' lang='grc'><strong>”</strong></span> <span class='ocrx_word' id='word_1_15' title='bbox 1384 506 1477 558; x_wconf 81' lang='grc' dir='ltr'>τοῦ</span> <span class='ocrx_word' id='word_1_16' title='bbox 1520 506 1574 557; x_wconf 79' lang='grc' dir='ltr'><strong>δὲ</strong></span> <span class='ocrx_word' id='word_1_17' title='bbox 1617 507 1759 558; x_wconf 83' lang='grc' dir='ltr'><strong>Ἀπο-</strong></span> 
     </span>
    </p>
   </div>
   <div class='ocr_carea' id='block_1_5' title="bbox 1862 494 3429 574">
    <p class='ocr_par' dir='ltr' id='par_1_5' title="bbox 1875 494 3429 568">
     <span class='ocr_line' id='line_1_5' title="bbox 1875 494 3429 568; baseline -0.005 -12"><span class='ocrx_word' id='word_1_18' title='bbox 1875 504 2030 566; x_wconf 83' lang='lat' dir='ltr'><strong>misit,</strong></span> <span class='ocrx_word' id='word_1_19' title='bbox 2068 503 2236 568; x_wconf 87' lang='lat' dir='ltr'><strong><em>major</em></strong></span> <span class='ocrx_word' id='word_1_20' title='bbox 2264 517 2341 552; x_wconf 82' lang='lat' dir='ltr'><strong>me</strong></span> <span class='ocrx_word' id='word_1_21' title='bbox 2372 509 2443 552; x_wconf 84' lang='lat' dir='ltr'><strong>est</strong></span> <span class='ocrx_word' id='word_1_22' title='bbox 2469 501 2488 532; x_wconf 85' lang='grc'><strong><em>⁹</em></strong></span> <span class='ocrx_word' id='word_1_23' title='bbox 2520 515 2533 552; x_wconf 90' lang='lat'><strong>:</strong></span> <span class='ocrx_word' id='word_1_24' title='bbox 2575 512 2673 551; x_wconf 89' lang='lat' dir='ltr'><strong>nec</strong></span> <span class='ocrx_word' id='word_1_25' title='bbox 2697 496 2844 551; x_wconf 97' lang='lat' dir='ltr'><strong>audit</strong></span> <span class='ocrx_word' id='word_1_26' title='bbox 2871 494 3203 566; x_wconf 81' lang='lat' dir='ltr'><strong>Apostolum,</strong></span> <span class='ocrx_word' id='word_1_27' title='bbox 3237 498 3328 566; x_wconf 89' lang='lat' dir='ltr'><strong>qui</strong></span> <span class='ocrx_word' id='word_1_28' title='bbox 3350 497 3429 549; x_wconf 89' lang='lat' dir='ltr'><strong>di-</strong></span> 
     </span>
    </p>
   </div>
   <div class='ocr_carea' id='block_1_6' title="bbox 209 592 1760 667">
    <p class='ocr_par' dir='ltr' id='par_1_6' title="bbox 209 592 1760 667">
     <span class='ocr_line' id='line_1_6' title="bbox 209 592 1760 667; baseline 0.004 -24"><span class='ocrx_word' id='word_1_29' title='bbox 209 592 399 644; x_wconf 87' lang='grc' dir='ltr'>στόλου</span> <span class='ocrx_word' id='word_1_30' title='bbox 428 592 674 660; x_wconf 86' lang='grc' dir='ltr'>λέγοντος</span> <span class='ocrx_word' id='word_1_31' title='bbox 704 595 802 648; x_wconf 85' lang='grc' dir='ltr'><strong>οὐκ</strong></span> <span class='ocrx_word' id='word_1_32' title='bbox 829 595 1013 648; x_wconf 83' lang='grc' dir='ltr'>ἀκούει</span> <span class='ocrx_word' id='word_1_33' title='bbox 1039 595 1145 664; x_wconf 81' lang='grc'>(69)</span> <span class='ocrx_word' id='word_1_34' title='bbox 1179 598 1279 660; x_wconf 81' lang='grc' dir='ltr'>ὅτι,</span> <span class='ocrx_word' id='word_1_35' title='bbox 1312 599 1422 666; x_wconf 77' lang='grc' dir='ltr'><strong>Οὐχ</strong></span> <span class='ocrx_word' id='word_1_36' title='bbox 1473 597 1760 667; x_wconf 83' lang='grc' dir='ltr'>ἁρπαγμὸν</span> 
     </span>
    </p>
   </div>
   <div class='ocr_carea' id='block_1_7' title="bbox 203 678 1760 755">
    <p class='ocr_par' dir='ltr' id='par_1_7' title="bbox 203 678 1760 755">
     <span class='ocr_line' id='line_1_7' title="bbox 203 678 1760 755; baseline 0.003 -21"><span class='ocrx_word' id='word_1_37' title='bbox 203 685 455 752; x_wconf 74' lang='grc' dir='ltr'>ἡγήσατο</span> <span class='ocrx_word' id='word_1_38' title='bbox 479 681 538 734; x_wconf 82' lang='grc' dir='ltr'>τὸ</span> <span class='ocrx_word' id='word_1_39' title='bbox 563 678 699 736; x_wconf 75' lang='grc' dir='ltr'>εἶναι</span> <span class='ocrx_word' id='word_1_40' title='bbox 736 684 824 736; x_wconf 79' lang='grc' dir='ltr'><strong>ἴσα</strong></span> <span class='ocrx_word' id='word_1_41' title='bbox 867 684 1002 754; x_wconf 83' lang='grc' dir='ltr'>Θεῷ.</span> <span class='ocrx_word' id='word_1_42' title='bbox 1036 685 1142 755; x_wconf 89' lang='grc'>(70)</span> <span class='ocrx_word' id='word_1_43' title='bbox 1175 687 1364 738; x_wconf 78' lang='grc' dir='ltr'><strong>Καίτοι</strong></span> <span class='ocrx_word' id='word_1_44' title='bbox 1395 689 1442 738; x_wconf 92' lang='grc' dir='ltr'><strong>εἰ</strong></span> <span class='ocrx_word' id='word_1_45' title='bbox 1491 687 1632 738; x_wconf 76' lang='grc' dir='ltr'>κατὰ</span> <span class='ocrx_word' id='word_1_46' title='bbox 1669 687 1760 738; x_wconf 88' lang='grc' dir='ltr'><strong>τὸν</strong></span> 
     </span>
    </p>
   </div>
   <div class='ocr_carea' id='block_1_8' title="bbox 207 773 1759 849">
    <p class='ocr_par' dir='ltr' id='par_1_8' title="bbox 207 773 1759 849">
     <span class='ocr_line' id='line_1_8' title="bbox 207 773 1759 849; baseline 0.002 -21"><span class='ocrx_word' id='word_1_47' title='bbox 207 775 304 828; x_wconf 83' lang='grc' dir='ltr'>σὸν</span> <span class='ocrx_word' id='word_1_48' title='bbox 335 777 549 847; x_wconf 83' lang='grc' dir='ltr'>λόγονὴ</span> <span class='ocrx_word' id='word_1_49' title='bbox 593 779 884 848; x_wconf 86' lang='grc' dir='ltr'>ἀγεννησία</span> <span class='ocrx_word' id='word_1_50' title='bbox 933 779 1087 830; x_wconf 82' lang='grc' dir='ltr'>οὐσία</span> <span class='ocrx_word' id='word_1_51' title='bbox 1136 773 1234 848; x_wconf 77' lang='grc' dir='ltr'>ἦν,</span> <span class='ocrx_word' id='word_1_52' title='bbox 1292 779 1534 832; x_wconf 77' lang='grc' dir='ltr'>ἐϐούλετο</span> <span class='ocrx_word' id='word_1_53' title='bbox 1571 778 1624 831; x_wconf 81' lang='grc' dir='ltr'>δὲ</span> <span class='ocrx_word' id='word_1_54' title='bbox 1661 780 1759 849; x_wconf 83' lang='grc' dir='ltr'><strong>τὴν</strong></span> 
     </span>
    </p>
   </div>
   <div class='ocr_carea' id='block_1_9' title="bbox 208 867 1758 939">
    <p class='ocr_par' dir='ltr' id='par_1_9' title="bbox 208 867 1758 939">
     <span class='ocr_line' id='line_1_9' title="bbox 314 867 1526 900; baseline -0.001 -13"><span class='ocrx_word' id='word_1_55' title='bbox 314 870 326 887; x_wconf 77' lang='grc' dir='ltr'><strong>ιι</strong></span> <span class='ocrx_word' id='word_1_56' title='bbox 388 869 398 885; x_wconf 71' lang='grc' dir='ltr'><strong>ς</strong></span> <span class='ocrx_word' id='word_1_57' title='bbox 570 870 582 887; x_wconf 73' lang='grc' dir='ltr'><strong>ι</strong></span> <span class='ocrx_word' id='word_1_58' title='bbox 992 869 1067 900; x_wconf 51' lang='grc' dir='ltr'><strong>ρον</strong></span> <span class='ocrx_word' id='word_1_59' title='bbox 1217 867 1240 885; x_wconf 69' lang='grc' dir='ltr'><strong>γ</strong></span> <span class='ocrx_word' id='word_1_60' title='bbox 1287 888 1307 898; x_wconf 47' lang='grc' dir='ltr'><strong>ρ</strong></span> <span class='ocrx_word' id='word_1_61' title='bbox 1374 871 1394 886; x_wconf 78' lang='grc' dir='ltr'><strong><em>ν</em></strong></span> <span class='ocrx_word' id='word_1_62' title='bbox 1453 887 1465 898; x_wconf 77' lang='lat'><em>_</em></span> <span class='ocrx_word' id='word_1_63' title='bbox 1515 871 1526 886; x_wconf 76' lang='grc' dir='ltr'><strong>σ</strong></span> 
     </span>
     <span class='ocr_line' id='line_1_10' title="bbox 208 869 1758 939; baseline -0.001 -19"><span class='ocrx_word' id='word_1_64' title='bbox 208 885 311 920; x_wconf 85' lang='grc' dir='ltr'><strong>κατ</strong></span> <span class='ocrx_word' id='word_1_65' title='bbox 349 869 533 920; x_wconf 86' lang='grc' dir='ltr'>ουσίαν</span> <span class='ocrx_word' id='word_1_66' title='bbox 561 869 828 939; x_wconf 81' lang='grc' dir='ltr'>υπεροχὴν</span> <span class='ocrx_word' id='word_1_67' title='bbox 868 869 1149 933; x_wconf 75' lang='grc' dir='ltr'>ἐπιδειςαι,</span> <span class='ocrx_word' id='word_1_68' title='bbox 1190 888 1339 922; x_wconf 71' lang='grc' dir='ltr'>ειπεν</span> <span class='ocrx_word' id='word_1_69' title='bbox 1367 887 1430 922; x_wconf 89' lang='grc' dir='ltr'><strong>αν</strong></span> <span class='ocrx_word' id='word_1_70' title='bbox 1530 872 1570 921; x_wconf 93' lang='grc' dir='ltr'>Ο</span> <span class='ocrx_word' id='word_1_71' title='bbox 1599 869 1758 936; x_wconf 74' lang='grc' dir='ltr'>ἀγέν-</span> 
     </span>
    </p>
   </div>
   <div class='ocr_carea' id='block_1_10' title="bbox 205 961 1754 1034">
    <p class='ocr_par' dir='ltr' id='par_1_10' title="bbox 205 961 1754 1034">
     <span class='ocr_line' id='line_1_11' title="bbox 205 961 1754 1034; baseline 0 -23"><span class='ocrx_word' id='word_1_72' title='bbox 205 977 366 1027; x_wconf 86' lang='grc' dir='ltr'>νητος</span> <span class='ocrx_word' id='word_1_73' title='bbox 394 961 590 1030; x_wconf 79' lang='grc' dir='ltr'>μείζων</span> <span class='ocrx_word' id='word_1_74' title='bbox 623 979 722 1030; x_wconf 84' lang='grc' dir='ltr'><strong>μου</strong></span> <span class='ocrx_word' id='word_1_75' title='bbox 753 961 918 1014; x_wconf 79' lang='grc' dir='ltr'>ἐστίν.</span> <span class='ocrx_word' id='word_1_76' title='bbox 963 962 1255 1034; x_wconf 83' lang='grc' dir='ltr'>’Υμέτερος</span> <span class='ocrx_word' id='word_1_77' title='bbox 1287 963 1341 1014; x_wconf 79' lang='grc' dir='ltr'><strong>δέ</strong></span> <span class='ocrx_word' id='word_1_78' title='bbox 1369 965 1512 1014; x_wconf 81' lang='grc' dir='ltr'>ἐστιν</span> <span class='ocrx_word' id='word_1_79' title='bbox 1533 963 1561 1013; x_wconf 86' lang='grc' dir='ltr'>ὁ</span> <span class='ocrx_word' id='word_1_80' title='bbox 1581 961 1754 1028; x_wconf 75' lang='grc' dir='ltr'>λόγος,</span> 
     </span>
    </p>
   </div>
   <div class='ocr_carea' id='block_1_11' title="bbox 203 1050 1757 1124">
    <p class='ocr_par' dir='ltr' id='par_1_11' title="bbox 203 1050 1757 1124">
     <span class='ocr_line' id='line_1_12' title="bbox 203 1050 1757 1124; baseline 0 -22"><span class='ocrx_word' id='word_1_81' title='bbox 203 1050 290 1102; x_wconf 84' lang='grc' dir='ltr'>ὅτι</span> <span class='ocrx_word' id='word_1_82' title='bbox 341 1055 373 1120; x_wconf 80' lang='grc' dir='ltr'>ἡ</span> <span class='ocrx_word' id='word_1_83' title='bbox 411 1051 501 1103; x_wconf 83' lang='grc' dir='ltr'>τοῦ</span> <span class='ocrx_word' id='word_1_84' title='bbox 542 1051 752 1122; x_wconf 85' lang='grc' dir='ltr'>Πατρὸς</span> <span class='ocrx_word' id='word_1_85' title='bbox 800 1053 1136 1124; x_wconf 81' lang='grc' dir='ltr'><strong>προσηγορία</strong></span> <span class='ocrx_word' id='word_1_86' title='bbox 1189 1053 1464 1123; x_wconf 79' lang='grc' dir='ltr'>ἐνεργείας</span> <span class='ocrx_word' id='word_1_87' title='bbox 1517 1053 1633 1103; x_wconf 76' lang='grc' dir='ltr'>ἐστὶ</span> <span class='ocrx_word' id='word_1_88' title='bbox 1666 1052 1757 1103; x_wconf 81' lang='grc' dir='ltr'>καὶ</span> 
     </span>
    </p>
   </div>
   <div class='ocr_carea' id='block_1_12' title="bbox 204 1140 1754 1213">
    <p class='ocr_par' dir='ltr' id='par_1_12' title="bbox 204 1140 1754 1213">
     <span class='ocr_line' id='line_1_13' title="bbox 204 1140 1754 1213; baseline 0.001 -19"><span class='ocrx_word' id='word_1_89' title='bbox 204 1143 308 1194; x_wconf 74' lang='grc' dir='ltr'><strong>οὐκ</strong></span> <span class='ocrx_word' id='word_1_90' title='bbox 357 1143 544 1205; x_wconf 77' lang='grc' dir='ltr'>οὐσίας</span> <span class='ocrx_word' id='word_1_91' title='bbox 589 1145 918 1213; x_wconf 83' lang='grc' dir='ltr'>σημαντικὴ.</span> <span class='ocrx_word' id='word_1_92' title='bbox 970 1143 1206 1207; x_wconf 75' lang='grc' dir='ltr'>Μείζονα</span> <span class='ocrx_word' id='word_1_93' title='bbox 1258 1140 1349 1196; x_wconf 79' lang='grc' dir='ltr'><strong>οὖν</strong></span> <span class='ocrx_word' id='word_1_94' title='bbox 1391 1144 1634 1211; x_wconf 83' lang='grc' dir='ltr'>λέγοντες</span> <span class='ocrx_word' id='word_1_95' title='bbox 1663 1143 1754 1195; x_wconf 77' lang='grc' dir='ltr'>τοῦ</span> 
     </span>
    </p>
   </div>
   <div class='ocr_carea' id='block_1_13' title="bbox 204 1232 1756 1305">
    <p class='ocr_par' dir='ltr' id='par_1_13' title="bbox 204 1232 1756 1305">
     <span class='ocr_line' id='line_1_14' title="bbox 204 1232 1756 1305; baseline -0.019 10"><span class='ocrx_word' id='word_1_96' title='bbox 204 1232 338 1285; x_wconf 68' lang='grc' dir='ltr'>Υἱοῦ</span> <span class='ocrx_word' id='word_1_97' title='bbox 367 1235 455 1287; x_wconf 69' lang='grc' dir='ltr'><strong>τὸν</strong></span> <span class='ocrx_word' id='word_1_98' title='bbox 486 1233 719 1303; x_wconf 59' lang='grc' dir='ltr'><strong>Πατέρα,</strong></span> <span class='ocrx_word' id='word_1_99' title='bbox 751 1233 970 1303; x_wconf 78' lang='grc' dir='ltr'>μείζονα</span> <span class='ocrx_word' id='word_1_100' title='bbox 1000 1234 1091 1286; x_wconf 77' lang='grc' dir='ltr'>τοῦ</span> <span class='ocrx_word' id='word_1_101' title='bbox 1117 1235 1274 1304; x_wconf 78' lang='grc' dir='ltr'>ἔργον</span> <span class='ocrx_word' id='word_1_102' title='bbox 1308 1235 1441 1303; x_wconf 75' lang='grc' dir='ltr'>φατὲ</span> <span class='ocrx_word' id='word_1_103' title='bbox 1479 1237 1576 1303; x_wconf 83' lang='grc' dir='ltr'><strong>τὴν</strong></span> <span class='ocrx_word' id='word_1_104' title='bbox 1607 1236 1756 1305; x_wconf 79' lang='grc' dir='ltr'>ἐνέρ-</span> 
     </span>
    </p>
   </div>
   <div class='ocr_carea' id='block_1_14' title="bbox 202 1323 1757 1395">
    <p class='ocr_par' dir='ltr' id='par_1_14' title="bbox 202 1323 1757 1395">
     <span class='ocr_line' id='line_1_15' title="bbox 202 1323 1757 1395; baseline 0 -19"><span class='ocrx_word' id='word_1_105' title='bbox 202 1341 382 1392; x_wconf 87' lang='grc' dir='ltr'>γειαν.</span> <span class='ocrx_word' id='word_1_106' title='bbox 417 1325 570 1376; x_wconf 76' lang='grc' dir='ltr'>Πᾶσα</span> <span class='ocrx_word' id='word_1_107' title='bbox 603 1323 658 1375; x_wconf 79' lang='grc' dir='ltr'>δὲ</span> <span class='ocrx_word' id='word_1_108' title='bbox 687 1324 853 1394; x_wconf 83' lang='grc' dir='ltr'>δήπου</span> <span class='ocrx_word' id='word_1_109' title='bbox 899 1325 1007 1394; x_wconf 78' lang='grc'>(71)</span> <span class='ocrx_word' id='word_1_110' title='bbox 1061 1325 1308 1395; x_wconf 75' lang='grc' dir='ltr'>ἐνέργεια</span> <span class='ocrx_word' id='word_1_111' title='bbox 1356 1326 1638 1394; x_wconf 77' lang='grc' dir='ltr'>συμϐαίνει</span> <span class='ocrx_word' id='word_1_112' title='bbox 1681 1323 1757 1393; x_wconf 84' lang='grc' dir='ltr'><strong>τῷ</strong></span> 
     </span>
    </p>
   </div>
   <div class='ocr_carea' id='block_1_15' title="bbox 206 1415 1756 1488">
    <p class='ocr_par' dir='ltr' id='par_1_15' title="bbox 206 1415 1756 1488">
     <span class='ocr_line' id='line_1_16' title="bbox 206 1415 1756 1488; baseline 0 -21"><span class='ocrx_word' id='word_1_113' title='bbox 206 1415 394 1485; x_wconf 81' lang='grc' dir='ltr'>μέτρῳ</span> <span class='ocrx_word' id='word_1_114' title='bbox 430 1417 538 1475; x_wconf 86' lang='grc' dir='ltr'>τοῖς</span> <span class='ocrx_word' id='word_1_115' title='bbox 590 1415 646 1478; x_wconf 76' lang='grc' dir='ltr'>ἐξ</span> <span class='ocrx_word' id='word_1_116' title='bbox 685 1415 853 1483; x_wconf 68' lang='grc' dir='ltr'>αὐτῆς</span> <span class='ocrx_word' id='word_1_117' title='bbox 884 1417 1216 1486; x_wconf 74' lang='grc' dir='ltr'>γι-νομένοιςο</span> <span class='ocrx_word' id='word_1_118' title='bbox 1255 1420 1346 1469; x_wconf 72' lang='grc' dir='ltr'><strong>καὶ</strong></span> <span class='ocrx_word' id='word_1_119' title='bbox 1405 1419 1609 1488; x_wconf 80' lang='grc' dir='ltr'>μεγάλη</span> <span class='ocrx_word' id='word_1_120' title='bbox 1661 1418 1756 1484; x_wconf 85' lang='grc' dir='ltr'><strong>μὲν</strong></span> 
     </span>
    </p>
   </div>
   <div class='ocr_carea' id='block_1_16' title="bbox 201 1505 1758 1579">
    <p class='ocr_par' dir='ltr' id='par_1_16' title="bbox 201 1505 1758 1579">
     <span class='ocr_line' id='line_1_17' title="bbox 201 1505 1758 1579; baseline 0.001 -22"><span class='ocrx_word' id='word_1_121' title='bbox 201 1505 312 1558; x_wconf 82' lang='grc' dir='ltr'>τῶν</span> <span class='ocrx_word' id='word_1_122' title='bbox 348 1505 591 1573; x_wconf 76' lang='grc' dir='ltr'>μεγάλων</span> <span class='ocrx_word' id='word_1_123' title='bbox 637 1505 811 1576; x_wconf 83' lang='grc' dir='ltr'>ἔργων</span> <span class='ocrx_word' id='word_1_124' title='bbox 853 1506 985 1569; x_wconf 73' lang='grc' dir='ltr'>ἐστὶ,</span> <span class='ocrx_word' id='word_1_125' title='bbox 1023 1509 1227 1577; x_wconf 74' lang='grc' dir='ltr'>σμικρὰ</span> <span class='ocrx_word' id='word_1_126' title='bbox 1256 1509 1310 1560; x_wconf 78' lang='grc' dir='ltr'>δὲ</span> <span class='ocrx_word' id='word_1_127' title='bbox 1341 1509 1446 1560; x_wconf 81' lang='grc' dir='ltr'><strong>τῶν</strong></span> <span class='ocrx_word' id='word_1_128' title='bbox 1475 1508 1758 1579; x_wconf 78' lang='grc' dir='ltr'>σμικροτέ-</span> 
     </span>
    </p>
   </div>
   <div class='ocr_carea' id='block_1_17' title="bbox 204 1591 1758 1668">
    <p class='ocr_par' dir='ltr' id='par_1_17' title="bbox 204 1591 1758 1668">
     <span class='ocr_line' id='line_1_18' title="bbox 204 1591 1758 1668; baseline 0.003 -22"><span class='ocrx_word' id='word_1_129' title='bbox 204 1612 335 1663; x_wconf 88' lang='grc' dir='ltr'>ρων.</span> <span class='ocrx_word' id='word_1_130' title='bbox 375 1594 446 1646; x_wconf 86' lang='grc' dir='ltr'><strong>Τὸ</strong></span> <span class='ocrx_word' id='word_1_131' title='bbox 496 1591 586 1648; x_wconf 75' lang='grc' dir='ltr'><strong>οὖν</strong></span> <span class='ocrx_word' id='word_1_132' title='bbox 633 1597 852 1666; x_wconf 78' lang='grc' dir='ltr'>μείζονα</span> <span class='ocrx_word' id='word_1_133' title='bbox 905 1597 997 1648; x_wconf 76' lang='grc' dir='ltr'>τοῦ</span> <span class='ocrx_word' id='word_1_134' title='bbox 1033 1599 1161 1650; x_wconf 78' lang='grc' dir='ltr'><strong>Υἰοῦ</strong></span> <span class='ocrx_word' id='word_1_135' title='bbox 1208 1599 1295 1649; x_wconf 84' lang='grc' dir='ltr'><strong>τὸν</strong></span> <span class='ocrx_word' id='word_1_136' title='bbox 1355 1599 1568 1668; x_wconf 78' lang='grc' dir='ltr'>Πατέρα</span> <span class='ocrx_word' id='word_1_137' title='bbox 1621 1597 1758 1650; x_wconf 75' lang='grc' dir='ltr'>κατὰ</span> 
     </span>
    </p>
   </div>
   <div class='ocr_carea' id='block_1_18' title="bbox 199 1686 1755 1760">
    <p class='ocr_par' dir='ltr' id='par_1_18' title="bbox 199 1686 1755 1760">
     <span class='ocr_line' id='line_1_19' title="bbox 199 1686 1755 1760; baseline 0.004 -24"><span class='ocrx_word' id='word_1_138' title='bbox 199 1686 390 1737; x_wconf 78' lang='grc' dir='ltr'>τοῦτον</span> <span class='ocrx_word' id='word_1_139' title='bbox 421 1687 509 1739; x_wconf 84' lang='grc' dir='ltr'><strong>τὸν</strong></span> <span class='ocrx_word' id='word_1_140' title='bbox 559 1688 714 1755; x_wconf 86' lang='grc' dir='ltr'>λόγον</span> <span class='ocrx_word' id='word_1_141' title='bbox 757 1688 1036 1757; x_wconf 79' lang='grc' dir='ltr'>ὁμολογεῖν</span> <span class='ocrx_word' id='word_1_142' title='bbox 1087 1690 1236 1740; x_wconf 76' lang='grc' dir='ltr'>οὐδὲν</span> <span class='ocrx_word' id='word_1_143' title='bbox 1285 1690 1466 1759; x_wconf 74' lang='grc' dir='ltr'>ἕτερόν</span> <span class='ocrx_word' id='word_1_144' title='bbox 1520 1692 1686 1752; x_wconf 79' lang='grc' dir='ltr'>ἐστιν,</span> <span class='ocrx_word' id='word_1_145' title='bbox 1724 1690 1755 1760; x_wconf 80' lang='grc' dir='ltr'>ἢ</span> 
     </span>
    </p>
   </div>
   <div class='ocr_carea' id='block_1_19' title="bbox 199 1777 1759 1851">
    <p class='ocr_par' dir='ltr' id='par_1_19' title="bbox 199 1777 1759 1851">
     <span class='ocr_line' id='line_1_20' title="bbox 199 1777 1759 1851; baseline 0.003 -24"><span class='ocrx_word' id='word_1_146' title='bbox 199 1777 551 1847; x_wconf 82' lang='grc' dir='ltr'>ἀσύμμετρον</span> <span class='ocrx_word' id='word_1_147' title='bbox 587 1778 662 1848; x_wconf 80' lang='grc' dir='ltr'><strong>τῷ</strong></span> <span class='ocrx_word' id='word_1_148' title='bbox 715 1778 857 1848; x_wconf 79' lang='grc' dir='ltr'>ἔργῳ</span> <span class='ocrx_word' id='word_1_149' title='bbox 908 1778 1147 1832; x_wconf 78' lang='grc' dir='ltr'>τίθεσθαι</span> <span class='ocrx_word' id='word_1_150' title='bbox 1195 1781 1288 1849; x_wconf 78' lang='grc' dir='ltr'><strong>τὴν</strong></span> <span class='ocrx_word' id='word_1_151' title='bbox 1336 1782 1630 1851; x_wconf 76' lang='grc' dir='ltr'>ἐνέργειαν,</span> <span class='ocrx_word' id='word_1_152' title='bbox 1668 1782 1759 1832; x_wconf 75' lang='grc' dir='ltr'>καὶ</span> 
     </span>
    </p>
   </div>
   <div class='ocr_carea' id='block_1_20' title="bbox 1863 589 3430 662">
    <p class='ocr_par' dir='ltr' id='par_1_20' title="bbox 1863 589 3430 662">
     <span class='ocr_line' id='line_1_21' title="bbox 1863 589 3430 662; baseline -0.002 -15"><span class='ocrx_word' id='word_1_153' title='bbox 1863 595 1936 648; x_wconf 90' lang='lat' dir='ltr'><strong>cit</strong></span> <span class='ocrx_word' id='word_1_154' title='bbox 1973 594 2112 662; x_wconf 89' lang='lat' dir='ltr'><strong>quod</strong></span> <span class='ocrx_word' id='word_1_155' title='bbox 2142 606 2244 644; x_wconf 90' lang='lat' dir='ltr'><strong>non</strong></span> <span class='ocrx_word' id='word_1_156' title='bbox 2280 592 2520 659; x_wconf 83' lang='lat' dir='ltr'><strong>rapinam</strong></span> <span class='ocrx_word' id='word_1_157' title='bbox 2565 590 2861 644; x_wconf 75' lang='lat' dir='ltr'><strong>arbitratus</strong></span> <span class='ocrx_word' id='word_1_158' title='bbox 2892 589 2963 644; x_wconf 91' lang='lat' dir='ltr'><strong>sit</strong></span> <span class='ocrx_word' id='word_1_159' title='bbox 3001 604 3118 644; x_wconf 89' lang='lat' dir='ltr'><strong>esse</strong></span> <span class='ocrx_word' id='word_1_160' title='bbox 3147 605 3206 643; x_wconf 89' lang='lat' dir='ltr'><strong>se</strong></span> <span class='ocrx_word' id='word_1_161' title='bbox 3246 605 3430 658; x_wconf 74' lang='lat' dir='ltr'><strong>requa-</strong></span> 
     </span>
    </p>
   </div>
   <div class='ocr_carea' id='block_1_21' title="bbox 1858 684 3428 754">
    <p class='ocr_par' dir='ltr' id='par_1_21' title="bbox 1858 684 3428 754">
     <span class='ocr_line' id='line_1_22' title="bbox 1858 684 3428 754; baseline -0.002 -13"><span class='ocrx_word' id='word_1_162' title='bbox 1858 687 1960 741; x_wconf 90' lang='lat' dir='ltr'><strong>lem</strong></span> <span class='ocrx_word' id='word_1_163' title='bbox 2015 688 2122 740; x_wconf 88' lang='lat' dir='ltr'><strong>Deo</strong></span> <span class='ocrx_word' id='word_1_164' title='bbox 2169 687 2232 739; x_wconf 89' lang='grc'><strong>¹⁰.</strong></span> <span class='ocrx_word' id='word_1_165' title='bbox 2276 686 2436 754; x_wconf 84' lang='lat' dir='ltr'><strong>Atqui</strong></span> <span class='ocrx_word' id='word_1_166' title='bbox 2463 687 2530 746; x_wconf 90' lang='lat' dir='ltr'><strong>si,</strong></span> <span class='ocrx_word' id='word_1_167' title='bbox 2587 696 2646 738; x_wconf 92' lang='lat' dir='ltr'><strong>ut</strong></span> <span class='ocrx_word' id='word_1_168' title='bbox 2705 685 2857 747; x_wconf 91' lang='lat' dir='ltr'><strong>dicis,</strong></span> <span class='ocrx_word' id='word_1_169' title='bbox 2906 684 3241 754; x_wconf 86' lang='lat' dir='ltr'><strong>ingeneratio</strong></span> <span class='ocrx_word' id='word_1_170' title='bbox 3298 685 3428 738; x_wconf 91' lang='lat' dir='ltr'><strong>sub-</strong></span> 
     </span>
    </p>
   </div>
   <div class='ocr_carea' id='block_1_22' title="bbox 1860 775 3424 843">
    <p class='ocr_par' dir='ltr' id='par_1_22' title="bbox 1860 775 3424 843">
     <span class='ocr_line' id='line_1_23' title="bbox 1860 775 3424 843; baseline -0.001 -14"><span class='ocrx_word' id='word_1_171' title='bbox 1860 777 2054 830; x_wconf 91' lang='lat' dir='ltr'><strong>stantia</strong></span> <span class='ocrx_word' id='word_1_172' title='bbox 2096 784 2259 842; x_wconf 81' lang='lat' dir='ltr'><strong>esset,</strong></span> <span class='ocrx_word' id='word_1_173' title='bbox 2292 775 2653 842; x_wconf 87' lang='lat' dir='ltr'><strong>voluissetque</strong></span> <span class='ocrx_word' id='word_1_174' title='bbox 2709 775 3072 843; x_wconf 64' lang='lat' dir='ltr'><strong>praestantiam</strong></span> <span class='ocrx_word' id='word_1_175' title='bbox 3129 775 3424 828; x_wconf 90' lang='lat' dir='ltr'><strong>secundum</strong></span> 
     </span>
    </p>
   </div>
   <div class='ocr_carea' id='block_1_23' title="bbox 1859 861 3426 932">
    <p class='ocr_par' dir='ltr' id='par_1_23' title="bbox 1859 861 3426 932">
     <span class='ocr_line' id='line_1_24' title="bbox 1859 861 3426 932; baseline -0.003 -12"><span class='ocrx_word' id='word_1_176' title='bbox 1859 865 2218 920; x_wconf 87' lang='lat' dir='ltr'><strong>substantiam</strong></span> <span class='ocrx_word' id='word_1_177' title='bbox 2270 865 2573 925; x_wconf 83' lang='lat' dir='ltr'><strong>ostendere,</strong></span> <span class='ocrx_word' id='word_1_178' title='bbox 2611 863 2836 918; x_wconf 78' lang='lat' dir='ltr'><strong>dixisset</strong></span> <span class='ocrx_word' id='word_1_179' title='bbox 2887 863 3114 932; x_wconf 88' lang='lat' dir='ltr'><strong>utique:</strong></span> <span class='ocrx_word' id='word_1_180' title='bbox 3150 861 3426 932; x_wconf 83' lang='lat' dir='ltr'><strong>lngenltus</strong></span> 
     </span>
    </p>
   </div>
   <div class='ocr_carea' id='block_1_24' title="bbox 1859 954 3426 1026">
    <p class='ocr_par' dir='ltr' id='par_1_24' title="bbox 1859 954 3426 1026">
     <span class='ocr_line' id='line_1_25' title="bbox 1859 954 3426 1026; baseline 0 -16"><span class='ocrx_word' id='word_1_181' title='bbox 1859 957 2029 1026; x_wconf 85' lang='lat' dir='ltr'><strong>major</strong></span> <span class='ocrx_word' id='word_1_182' title='bbox 2061 971 2144 1009; x_wconf 91' lang='lat' dir='ltr'><strong>me</strong></span> <span class='ocrx_word' id='word_1_183' title='bbox 2170 965 2272 1010; x_wconf 87' lang='lat' dir='ltr'><strong>est.</strong></span> <span class='ocrx_word' id='word_1_184' title='bbox 2306 954 2438 1007; x_wconf 87' lang='lat' dir='ltr'><strong>Nam</strong></span> <span class='ocrx_word' id='word_1_185' title='bbox 2465 955 2730 1008; x_wconf 80' lang='lat' dir='ltr'><strong>sententia</strong></span> <span class='ocrx_word' id='word_1_186' title='bbox 2759 965 2932 1008; x_wconf 90' lang='lat' dir='ltr'><strong>vestra</strong></span> <span class='ocrx_word' id='word_1_187' title='bbox 2967 958 3079 1008; x_wconf 68' lang='lat' dir='ltr'><strong>haec</strong></span> <span class='ocrx_word' id='word_1_188' title='bbox 3115 966 3218 1021; x_wconf 88' lang='lat' dir='ltr'><strong>est,</strong></span> <span class='ocrx_word' id='word_1_189' title='bbox 3252 956 3426 1010; x_wconf 83' lang='lat' dir='ltr'><strong>Patris</strong></span> 
     </span>
    </p>
   </div>
   <div class='ocr_carea' id='block_1_25' title="bbox 1858 1045 3424 1116">
    <p class='ocr_par' dir='ltr' id='par_1_25' title="bbox 1858 1045 3424 1116">
     <span class='ocr_line' id='line_1_26' title="bbox 1858 1045 3424 1116; baseline 0 -16"><span class='ocrx_word' id='word_1_190' title='bbox 1858 1047 2216 1116; x_wconf 81' lang='lat' dir='ltr'><strong>appellatione</strong></span> <span class='ocrx_word' id='word_1_191' title='bbox 2232 1046 2593 1116; x_wconf 87' lang='lat' dir='ltr'><strong>operationem</strong></span> <span class='ocrx_word' id='word_1_192' title='bbox 2614 1061 2716 1098; x_wconf 91' lang='lat' dir='ltr'><strong>non</strong></span> <span class='ocrx_word' id='word_1_193' title='bbox 2736 1045 3090 1099; x_wconf 86' lang='lat' dir='ltr'><strong>substantiam</strong></span> <span class='ocrx_word' id='word_1_194' title='bbox 3107 1046 3424 1116; x_wconf 77' lang='lat' dir='ltr'><strong>signiﬁcari.</strong></span> 
     </span>
    </p>
   </div>
   <div class='ocr_carea' id='block_1_26' title="bbox 1856 1137 3426 1207">
    <p class='ocr_par' dir='ltr' id='par_1_26' title="bbox 1856 1137 3426 1207">
     <span class='ocr_line' id='line_1_27' title="bbox 1856 1137 3426 1207; baseline 0.002 -17"><span class='ocrx_word' id='word_1_195' title='bbox 1856 1137 2042 1207; x_wconf 90' lang='lat' dir='ltr'><strong>Itaque</strong></span> <span class='ocrx_word' id='word_1_196' title='bbox 2065 1153 2183 1191; x_wconf 92' lang='lat' dir='ltr'><strong>cum</strong></span> <span class='ocrx_word' id='word_1_197' title='bbox 2217 1137 2395 1192; x_wconf 90' lang='lat' dir='ltr'><strong>dicitis</strong></span> <span class='ocrx_word' id='word_1_198' title='bbox 2431 1137 2644 1191; x_wconf 87' lang='lat' dir='ltr'><strong>Patrem</strong></span> <span class='ocrx_word' id='word_1_199' title='bbox 2680 1137 2816 1190; x_wconf 89' lang='lat' dir='ltr'><strong>Filio</strong></span> <span class='ocrx_word' id='word_1_200' title='bbox 2849 1137 3127 1205; x_wconf 87' lang='lat' dir='ltr'><strong>majorem,</strong></span> <span class='ocrx_word' id='word_1_201' title='bbox 3154 1140 3426 1207; x_wconf 90' lang='lat' dir='ltr'><strong>operatio-</strong></span> 
     </span>
    </p>
   </div>
   <div class='ocr_carea' id='block_1_27' title="bbox 1856 1229 3420 1299">
    <p class='ocr_par' dir='ltr' id='par_1_27' title="bbox 1856 1229 3420 1299">
     <span class='ocr_line' id='line_1_28' title="bbox 1856 1229 3420 1299; baseline 0.002 -16"><span class='ocrx_word' id='word_1_202' title='bbox 1856 1246 1974 1284; x_wconf 90' lang='lat' dir='ltr'><strong>nem</strong></span> <span class='ocrx_word' id='word_1_203' title='bbox 2008 1244 2169 1298; x_wconf 92' lang='lat' dir='ltr'><strong>opere</strong></span> <span class='ocrx_word' id='word_1_204' title='bbox 2216 1229 2472 1298; x_wconf 83' lang='lat' dir='ltr'><strong>majorem</strong></span> <span class='ocrx_word' id='word_1_205' title='bbox 2515 1229 2714 1283; x_wconf 90' lang='lat' dir='ltr'><strong>dicitis.</strong></span> <span class='ocrx_word' id='word_1_206' title='bbox 2763 1230 2952 1284; x_wconf 89' lang='lat' dir='ltr'><strong>Omnis</strong></span> <span class='ocrx_word' id='word_1_207' title='bbox 2986 1232 3129 1284; x_wconf 89' lang='lat' dir='ltr'><strong>enim</strong></span> <span class='ocrx_word' id='word_1_208' title='bbox 3161 1232 3420 1299; x_wconf 83' lang='lat' dir='ltr'><strong>operatio.</strong></span> 
     </span>
    </p>
   </div>
   <div class='ocr_carea' id='block_1_28' title="bbox 1856 1317 3425 1394">
    <p class='ocr_par' dir='ltr' id='par_1_28' title="bbox 1856 1317 3425 1394">
     <span class='ocr_line' id='line_1_29' title="bbox 1856 1317 3425 1394; baseline 0.001 -18"><span class='ocrx_word' id='word_1_209' title='bbox 1856 1325 2202 1394; x_wconf 90' lang='lat' dir='ltr'><strong>proportione</strong></span> <span class='ocrx_word' id='word_1_210' title='bbox 2239 1323 2557 1387; x_wconf 88' lang='lat' dir='ltr'><strong>servata,iis</strong></span> <span class='ocrx_word' id='word_1_211' title='bbox 2587 1337 2704 1390; x_wconf 72' lang='lat' dir='ltr'><strong>quae</strong></span> <span class='ocrx_word' id='word_1_212' title='bbox 2730 1337 2792 1376; x_wconf 80' lang='lat' dir='ltr'><strong>ex</strong></span> <span class='ocrx_word' id='word_1_213' title='bbox 2828 1323 2916 1376; x_wconf 87' lang='lat' dir='ltr'><strong>illa</strong></span> <span class='ocrx_word' id='word_1_214' title='bbox 2951 1324 3103 1388; x_wconf 83' lang='lat' dir='ltr'><strong>llum,</strong></span> <span class='ocrx_word' id='word_1_215' title='bbox 3135 1317 3425 1394; x_wconf 65' lang='lat' dir='ltr'><strong>congruit;</strong></span> 
     </span>
    </p>
   </div>
   <div class='ocr_carea' id='block_1_29' title="bbox 1854 1416 3426 1485">
    <p class='ocr_par' dir='ltr' id='par_1_29' title="bbox 1854 1416 3426 1485">
     <span class='ocr_line' id='line_1_30' title="bbox 1854 1416 3426 1485; baseline 0.003 -16"><span class='ocrx_word' id='word_1_216' title='bbox 1854 1428 1907 1470; x_wconf 91' lang='lat' dir='ltr'><strong>et</strong></span> <span class='ocrx_word' id='word_1_217' title='bbox 1950 1431 2140 1482; x_wconf 83' lang='lat' dir='ltr'><strong>magna</strong></span> <span class='ocrx_word' id='word_1_218' title='bbox 2172 1416 2386 1483; x_wconf 84' lang='lat' dir='ltr'><strong>quidem</strong></span> <span class='ocrx_word' id='word_1_219' title='bbox 2414 1430 2722 1483; x_wconf 88' lang='lat' dir='ltr'><strong>magnorum</strong></span> <span class='ocrx_word' id='word_1_220' title='bbox 2743 1431 2961 1482; x_wconf 85' lang='lat' dir='ltr'><strong>operum</strong></span> <span class='ocrx_word' id='word_1_221' title='bbox 2979 1425 3080 1480; x_wconf 90' lang='lat' dir='ltr'><strong>est,</strong></span> <span class='ocrx_word' id='word_1_222' title='bbox 3103 1433 3268 1485; x_wconf 87' lang='lat' dir='ltr'><strong>parva</strong></span> <span class='ocrx_word' id='word_1_223' title='bbox 3295 1433 3426 1474; x_wconf 88' lang='lat' dir='ltr'><strong>vero</strong></span> 
     </span>
    </p>
   </div>
   <div class='ocr_carea' id='block_1_30' title="bbox 1855 1506 3424 1575">
    <p class='ocr_par' dir='ltr' id='par_1_30' title="bbox 1855 1506 3424 1575">
     <span class='ocr_line' id='line_1_31' title="bbox 1855 1506 3424 1575; baseline 0.004 -16"><span class='ocrx_word' id='word_1_224' title='bbox 1855 1508 2143 1559; x_wconf 87' lang='lat' dir='ltr'><strong>minorum.</strong></span> <span class='ocrx_word' id='word_1_225' title='bbox 2180 1506 2410 1560; x_wconf 88' lang='lat' dir='ltr'><strong>Proinde</strong></span> <span class='ocrx_word' id='word_1_226' title='bbox 2437 1506 2690 1575; x_wconf 87' lang='lat' dir='ltr'><strong>majorem</strong></span> <span class='ocrx_word' id='word_1_227' title='bbox 2728 1506 2862 1560; x_wconf 86' lang='lat' dir='ltr'><strong>Filio</strong></span> <span class='ocrx_word' id='word_1_228' title='bbox 2889 1507 3096 1561; x_wconf 78' lang='lat' dir='ltr'><strong>Patrem</strong></span> <span class='ocrx_word' id='word_1_229' title='bbox 3130 1510 3233 1563; x_wconf 88' lang='lat' dir='ltr'><strong>hoc</strong></span> <span class='ocrx_word' id='word_1_230' title='bbox 3264 1511 3424 1565; x_wconf 88' lang='lat' dir='ltr'><strong>modo</strong></span> 
     </span>
    </p>
   </div>
   <div class='ocr_carea' id='block_1_31' title="bbox 1856 1597 3420 1669">
    <p class='ocr_par' dir='ltr' id='par_1_31' title="bbox 1856 1597 3420 1669">
     <span class='ocr_line' id='line_1_32' title="bbox 1856 1597 3420 1669; baseline 0.003 -19"><span class='ocrx_word' id='word_1_231' title='bbox 1856 1597 2119 1661; x_wconf 83' lang='lat' dir='ltr'><strong>conliteri,</strong></span> <span class='ocrx_word' id='word_1_232' title='bbox 2155 1597 2287 1650; x_wconf 87' lang='lat' dir='ltr'><strong>nihil</strong></span> <span class='ocrx_word' id='word_1_233' title='bbox 2317 1598 2458 1650; x_wconf 88' lang='lat' dir='ltr'><strong>aliud</strong></span> <span class='ocrx_word' id='word_1_234' title='bbox 2485 1607 2587 1659; x_wconf 92' lang='lat' dir='ltr'><strong>est,</strong></span> <span class='ocrx_word' id='word_1_235' title='bbox 2611 1613 2770 1666; x_wconf 88' lang='lat' dir='ltr'><strong>quam</strong></span> <span class='ocrx_word' id='word_1_236' title='bbox 2806 1599 3242 1666; x_wconf 85' lang='lat' dir='ltr'><strong>incongruentem</strong></span> <span class='ocrx_word' id='word_1_237' title='bbox 3267 1601 3420 1669; x_wconf 84' lang='lat' dir='ltr'><strong>operi</strong></span> 
     </span>
    </p>
   </div>
   <div class='ocr_carea' id='block_1_32' title="bbox 1856 1687 3420 1755">
    <p class='ocr_par' dir='ltr' id='par_1_32' title="bbox 1856 1687 3420 1755">
     <span class='ocr_line' id='line_1_33' title="bbox 1856 1687 3420 1755; baseline 0.004 -15"><span class='ocrx_word' id='word_1_238' title='bbox 1856 1687 2221 1755; x_wconf 85' lang='lat' dir='ltr'><strong>operationem</strong></span> <span class='ocrx_word' id='word_1_239' title='bbox 2258 1697 2514 1753; x_wconf 90' lang='lat' dir='ltr'><strong>statuere,</strong></span> <span class='ocrx_word' id='word_1_240' title='bbox 2547 1698 2600 1740; x_wconf 90' lang='lat' dir='ltr'><strong>et</strong></span> <span class='ocrx_word' id='word_1_241' title='bbox 2652 1689 2830 1743; x_wconf 89' lang='lat' dir='ltr'><strong>dicere</strong></span> <span class='ocrx_word' id='word_1_242' title='bbox 2887 1691 3084 1744; x_wconf 90' lang='lat' dir='ltr'><strong>frustra</strong></span> <span class='ocrx_word' id='word_1_243' title='bbox 3148 1691 3312 1744; x_wconf 90' lang='lat' dir='ltr'><strong>Deum</strong></span> <span class='ocrx_word' id='word_1_244' title='bbox 3353 1693 3420 1746; x_wconf 89' lang='lat' dir='ltr'><strong>ad</strong></span> 
     </span>
    </p>
   </div>
   <div class='ocr_carea' id='block_1_33' title="bbox 1861 1781 3422 1850">
    <p class='ocr_par' dir='ltr' id='par_1_33' title="bbox 1861 1781 3422 1850">
     <span class='ocr_line' id='line_1_34' title="bbox 1861 1781 3422 1850; baseline 0.003 -16"><span class='ocrx_word' id='word_1_245' title='bbox 1861 1781 2190 1848; x_wconf 87' lang='lat' dir='ltr'><strong>operationis</strong></span> <span class='ocrx_word' id='word_1_246' title='bbox 2217 1781 2639 1850; x_wconf 80' lang='lat' dir='ltr'><strong>magnitudinem</strong></span> <span class='ocrx_word' id='word_1_247' title='bbox 2666 1792 2990 1836; x_wconf 86' lang='lat' dir='ltr'><strong>commotqu</strong></span> <span class='ocrx_word' id='word_1_248' title='bbox 3015 1798 3291 1848; x_wconf 87' lang='lat' dir='ltr'><strong>esse,curn</strong></span> <span class='ocrx_word' id='word_1_249' title='bbox 3315 1799 3422 1839; x_wconf 90' lang='lat' dir='ltr'><strong>non</strong></span> 
     </span>
    </p>
   </div>
   <div class='ocr_carea' id='block_1_34' title="bbox 202 1863 1759 1944">
    <p class='ocr_par' dir='ltr' id='par_1_34' title="bbox 202 1868 1759 1942">
     <span class='ocr_line' id='line_1_35' title="bbox 202 1868 1759 1942; baseline 0.004 -24"><span class='ocrx_word' id='word_1_250' title='bbox 202 1868 383 1936; x_wconf 81' lang='grc' dir='ltr'><strong>μάτην</strong></span> <span class='ocrx_word' id='word_1_251' title='bbox 418 1869 641 1936; x_wconf 73' lang='grc' dir='ltr'>φάσκειν</span> <span class='ocrx_word' id='word_1_252' title='bbox 673 1869 806 1939; x_wconf 86' lang='grc' dir='ltr'>πρὸς</span> <span class='ocrx_word' id='word_1_253' title='bbox 842 1870 900 1921; x_wconf 85' lang='grc' dir='ltr'><strong>τὸ</strong></span> <span class='ocrx_word' id='word_1_254' title='bbox 935 1871 1045 1938; x_wconf 68' lang='grc'>(72)</span> <span class='ocrx_word' id='word_1_255' title='bbox 1086 1871 1183 1940; x_wconf 75' lang='grc' dir='ltr'>τῆς</span> <span class='ocrx_word' id='word_1_256' title='bbox 1215 1873 1490 1942; x_wconf 78' lang='grc' dir='ltr'>ἐνεργείας</span> <span class='ocrx_word' id='word_1_257' title='bbox 1536 1873 1759 1942; x_wconf 78' lang='grc' dir='ltr'>μέγεθος</span> 
     </span>
    </p>
   </div>
   <div class='ocr_carea' id='block_1_35' title="bbox 1862 1863 3421 1944">
    <p class='ocr_par' dir='ltr' id='par_1_35' title="bbox 1862 1872 3421 1944">
     <span class='ocr_line' id='line_1_36' title="bbox 1862 1872 3421 1944; baseline 0.001 -19"><span class='ocrx_word' id='word_1_258' title='bbox 1862 1873 2094 1941; x_wconf 89' lang='lat' dir='ltr'><strong>potuerit</strong></span> <span class='ocrx_word' id='word_1_259' title='bbox 2127 1872 2381 1927; x_wconf 75' lang='lat' dir='ltr'><strong>eﬂectum</strong></span> <span class='ocrx_word' id='word_1_260' title='bbox 2409 1875 2708 1943; x_wconf 90' lang='lat' dir='ltr'><strong>operationi</strong></span> <span class='ocrx_word' id='word_1_261' title='bbox 2748 1876 3045 1944; x_wconf 77' lang='lat' dir='ltr'><strong>adaequare.</strong></span> <span class='ocrx_word' id='word_1_262' title='bbox 3085 1877 3263 1942; x_wconf 86' lang='lat' dir='ltr'><strong>Quare</strong></span> <span class='ocrx_word' id='word_1_263' title='bbox 3284 1878 3421 1931; x_wconf 84' lang='lat' dir='ltr'><strong>duo-</strong></span> 
     </span>
    </p>
   </div>
   <div class='ocr_carea' id='block_1_36' title="bbox 195 1956 1757 2034">
    <p class='ocr_par' dir='ltr' id='par_1_36' title="bbox 195 1956 1757 2034">
     <span class='ocr_line' id='line_1_37' title="bbox 195 1956 1757 2034; baseline 0.005 -26"><span class='ocrx_word' id='word_1_264' title='bbox 195 1956 290 2009; x_wconf 76' lang='grc' dir='ltr'><strong>τὺν</strong></span> <span class='ocrx_word' id='word_1_265' title='bbox 313 1958 441 2010; x_wconf 84' lang='grc' dir='ltr'>Θεὸν</span> <span class='ocrx_word' id='word_1_266' title='bbox 465 1959 801 2028; x_wconf 84' lang='grc' dir='ltr'>κεκινῆσθαι,</span> <span class='ocrx_word' id='word_1_267' title='bbox 835 1962 893 2013; x_wconf 80' lang='grc' dir='ltr'><strong>οὐ</strong></span> <span class='ocrx_word' id='word_1_268' title='bbox 924 1961 1211 2032; x_wconf 78' lang='grc' dir='ltr'>δυνηθέντα</span> <span class='ocrx_word' id='word_1_269' title='bbox 1240 1967 1301 2034; x_wconf 80' lang='grc' dir='ltr'>τῇ</span> <span class='ocrx_word' id='word_1_270' title='bbox 1328 1965 1574 2034; x_wconf 66' lang='grc' dir='ltr'>ἐνεργείᾳ</span> <span class='ocrx_word' id='word_1_271' title='bbox 1623 1982 1757 2034; x_wconf 84' lang='grc' dir='ltr'>παρ-</span> 
     </span>
    </p>
   </div>
   <div class='ocr_carea' id='block_1_37' title="bbox 200 2049 1757 2126">
    <p class='ocr_par' dir='ltr' id='par_1_37' title="bbox 200 2049 1757 2126">
     <span class='ocr_line' id='line_1_38' title="bbox 200 2049 1757 2126; baseline 0.006 -26"><span class='ocrx_word' id='word_1_272' title='bbox 200 2049 399 2103; x_wconf 86' lang='grc' dir='ltr'>ισῶσαι</span> <span class='ocrx_word' id='word_1_273' title='bbox 417 2052 473 2102; x_wconf 74' lang='grc' dir='ltr'><strong>τὸ</strong></span> <span class='ocrx_word' id='word_1_274' title='bbox 501 2051 647 2114; x_wconf 69' lang='grc' dir='ltr'>τέλος</span> <span class='ocrx_word' id='word_1_275' title='bbox 686 2054 844 2106; x_wconf 85' lang='grc' dir='ltr'>Ὥστε</span> <span class='ocrx_word' id='word_1_276' title='bbox 874 2054 932 2106; x_wconf 78' lang='grc' dir='ltr'><strong>τὸ</strong></span> <span class='ocrx_word' id='word_1_277' title='bbox 957 2055 1140 2125; x_wconf 75' lang='grc' dir='ltr'>ἕτερον</span> <span class='ocrx_word' id='word_1_278' title='bbox 1163 2058 1274 2108; x_wconf 93' lang='grc' dir='ltr'>τοῖν</span> <span class='ocrx_word' id='word_1_279' title='bbox 1304 2056 1446 2108; x_wconf 81' lang='grc' dir='ltr'>δυοῖν</span> <span class='ocrx_word' id='word_1_280' title='bbox 1479 2057 1757 2126; x_wconf 79' lang='grc' dir='ltr'><strong>(75)ἀναγ-</strong></span> 
     </span>
    </p>
   </div>
   <div class='ocr_carea' id='block_1_38' title="bbox 197 2143 1752 2218">
    <p class='ocr_par' dir='ltr' id='par_1_38' title="bbox 197 2143 1752 2218">
     <span class='ocr_line' id='line_1_39' title="bbox 197 2143 1752 2218; baseline 0.005 -24"><span class='ocrx_word' id='word_1_281' title='bbox 197 2143 373 2206; x_wconf 84' lang='grc' dir='ltr'><strong>καίως</strong></span> <span class='ocrx_word' id='word_1_282' title='bbox 395 2144 757 2197; x_wconf 83' lang='grc' dir='ltr'>διαπεσεῖται”</span> <span class='ocrx_word' id='word_1_283' title='bbox 803 2147 832 2216; x_wconf 81' lang='grc' dir='ltr'>ἢ</span> <span class='ocrx_word' id='word_1_284' title='bbox 871 2147 944 2216; x_wconf 83' lang='grc' dir='ltr'>μὴ</span> <span class='ocrx_word' id='word_1_285' title='bbox 980 2146 1168 2216; x_wconf 81' lang='grc' dir='ltr'>δηλοῦν</span> <span class='ocrx_word' id='word_1_286' title='bbox 1202 2148 1479 2218; x_wconf 73' lang='grc' dir='ltr'>ἐνέργειαν</span> <span class='ocrx_word' id='word_1_287' title='bbox 1517 2149 1606 2200; x_wconf 80' lang='grc' dir='ltr'><strong>τὸν</strong></span> <span class='ocrx_word' id='word_1_288' title='bbox 1637 2151 1752 2201; x_wconf 85' lang='grc' dir='ltr'>Πα-</span> 
     </span>
    </p>
   </div>
   <div class='ocr_carea' id='block_1_39' title="bbox 195 2237 1750 2310">
    <p class='ocr_par' dir='ltr' id='par_1_39' title="bbox 195 2237 1750 2310">
     <span class='ocr_line' id='line_1_40' title="bbox 195 2237 1750 2310; baseline 0.001 -20"><span class='ocrx_word' id='word_1_289' title='bbox 195 2238 353 2307; x_wconf 82' lang='grc' dir='ltr'>τέρα,</span> <span class='ocrx_word' id='word_1_290' title='bbox 413 2237 545 2290; x_wconf 74' lang='grc' dir='ltr'>ἀλλὰ</span> <span class='ocrx_word' id='word_1_291' title='bbox 575 2239 781 2301; x_wconf 77' lang='grc' dir='ltr'>οὐσίαν,</span> <span class='ocrx_word' id='word_1_292' title='bbox 818 2241 910 2291; x_wconf 83' lang='grc' dir='ltr'>καὶ</span> <span class='ocrx_word' id='word_1_293' title='bbox 938 2239 1107 2303; x_wconf 72' lang='grc' dir='ltr'>θ’ῗιτως</span> <span class='ocrx_word' id='word_1_294' title='bbox 1143 2240 1321 2303; x_wconf 73' lang='grc' dir='ltr'>αὐτοῖς</span> <span class='ocrx_word' id='word_1_295' title='bbox 1354 2243 1380 2292; x_wconf 86' lang='grc' dir='ltr'><strong>ό</strong></span> <span class='ocrx_word' id='word_1_296' title='bbox 1431 2241 1750 2310; x_wconf 72' lang='grc' dir='ltr'>σεσοφισμέ-</span> 
     </span>
    </p>
   </div>
   <div class='ocr_carea' id='block_1_40' title="bbox 196 2327 1750 2400">
    <p class='ocr_par' dir='ltr' id='par_1_40' title="bbox 196 2327 1750 2400">
     <span class='ocr_line' id='line_1_41' title="bbox 196 2327 1750 2400; baseline 0.001 -20"><span class='ocrx_word' id='word_1_297' title='bbox 196 2345 289 2392; x_wconf 85' lang='grc' dir='ltr'><strong>νος</strong></span> <span class='ocrx_word' id='word_1_298' title='bbox 320 2327 418 2396; x_wconf 80' lang='grc' dir='ltr'>τῆς</span> <span class='ocrx_word' id='word_1_299' title='bbox 446 2329 760 2400; x_wconf 77' lang='grc' dir='ltr'>ὁμοιότητος</span> <span class='ocrx_word' id='word_1_300' title='bbox 793 2330 900 2399; x_wconf 73' lang='grc'>(74)</span> <span class='ocrx_word' id='word_1_301' title='bbox 929 2331 1080 2396; x_wconf 81' lang='grc' dir='ltr'>λόγος</span> <span class='ocrx_word' id='word_1_302' title='bbox 1106 2331 1540 2400; x_wconf 52' lang='grc' dir='ltr'>διαγεγράᾲεται,</span> <span class='ocrx_word' id='word_1_303' title='bbox 1571 2331 1750 2398; x_wconf 80' lang='grc' dir='ltr'>ὅμοιον</span> 
     </span>
    </p>
   </div>
   <div class='ocr_carea' id='block_1_41' title="bbox 196 2418 1755 2492">
    <p class='ocr_par' dir='ltr' id='par_1_41' title="bbox 196 2418 1755 2492">
     <span class='ocr_line' id='line_1_42' title="bbox 196 2418 1755 2492; baseline 0.001 -22"><span class='ocrx_word' id='word_1_304' title='bbox 196 2418 275 2488; x_wconf 81' lang='grc' dir='ltr'><strong>τῷ</strong></span> <span class='ocrx_word' id='word_1_305' title='bbox 330 2420 502 2492; x_wconf 74' lang='grc' dir='ltr'>Πατρὶ</span> <span class='ocrx_word' id='word_1_306' title='bbox 546 2421 634 2472; x_wconf 79' lang='grc' dir='ltr'>τὸν</span> <span class='ocrx_word' id='word_1_307' title='bbox 689 2420 811 2470; x_wconf 81' lang='grc' dir='ltr'>Υίὸν</span> <span class='ocrx_word' id='word_1_308' title='bbox 852 2420 1163 2487; x_wconf 77' lang='grc' dir='ltr'>τιθεμένων,</span> <span class='ocrx_word' id='word_1_309' title='bbox 1205 2420 1463 2483; x_wconf 80' lang='grc' dir='ltr'>τουτέστι,</span> <span class='ocrx_word' id='word_1_310' title='bbox 1497 2423 1560 2490; x_wconf 82' lang='grc' dir='ltr'>τῇ</span> <span class='ocrx_word' id='word_1_311' title='bbox 1608 2422 1755 2488; x_wconf 83' lang='grc' dir='ltr'>ὲνερ-</span> 
     </span>
    </p>
   </div>
   <div class='ocr_carea' id='block_1_42' title="bbox 197 2507 1754 2580">
    <p class='ocr_par' dir='ltr' id='par_1_42' title="bbox 197 2507 1754 2580">
     <span class='ocr_line' id='line_1_43' title="bbox 197 2507 1754 2580; baseline 0.002 -20"><span class='ocrx_word' id='word_1_312' title='bbox 197 2510 353 2580; x_wconf 73' lang='grc' dir='ltr'>γείᾳο</span> <span class='ocrx_word' id='word_1_313' title='bbox 388 2507 496 2562; x_wconf 79' lang='grc' dir='ltr'>οἷον</span> <span class='ocrx_word' id='word_1_314' title='bbox 546 2511 653 2578; x_wconf 76' lang='grc' dir='ltr'>γὰρ</span> <span class='ocrx_word' id='word_1_315' title='bbox 708 2509 966 2577; x_wconf 74' lang='grc' dir='ltr'>ἠθέλησεν</span> <span class='ocrx_word' id='word_1_316' title='bbox 998 2513 1025 2561; x_wconf 86' lang='grc' dir='ltr'>ὁ</span> <span class='ocrx_word' id='word_1_317' title='bbox 1060 2509 1264 2580; x_wconf 77' lang='grc' dir='ltr'>Πατὴρ,</span> <span class='ocrx_word' id='word_1_318' title='bbox 1297 2512 1460 2580; x_wconf 75' lang='grc' dir='ltr'>φησὶ,</span> <span class='ocrx_word' id='word_1_319' title='bbox 1516 2513 1754 2563; x_wconf 77' lang='grc' dir='ltr'>τοιοῦτον</span> 
     </span>
    </p>
   </div>
   <div class='ocr_carea' id='block_1_43' title="bbox 196 2600 1754 2672">
    <p class='ocr_par' dir='ltr' id='par_1_43' title="bbox 196 2600 1754 2672">
     <span class='ocr_line' id='line_1_44' title="bbox 196 2600 1754 2672; baseline 0.001 -21"><span class='ocrx_word' id='word_1_320' title='bbox 196 2602 451 2669; x_wconf 75' lang='grc' dir='ltr'>ἐποίησε,</span> <span class='ocrx_word' id='word_1_321' title='bbox 503 2600 633 2651; x_wconf 77' lang='grc' dir='ltr'>καθὸ</span> <span class='ocrx_word' id='word_1_322' title='bbox 680 2601 772 2651; x_wconf 71' lang='grc' dir='ltr'><strong>καὶ</strong></span> <span class='ocrx_word' id='word_1_323' title='bbox 815 2601 994 2652; x_wconf 79' lang='grc' dir='ltr'>εἰκόνα</span> <span class='ocrx_word' id='word_1_324' title='bbox 1049 2601 1350 2670; x_wconf 76' lang='grc' dir='ltr'>βουλήσεως</span> <span class='ocrx_word' id='word_1_325' title='bbox 1397 2603 1508 2672; x_wconf 78' lang='grc'>(75)</span> <span class='ocrx_word' id='word_1_326' title='bbox 1557 2603 1754 2672; x_wconf 81' lang='grc' dir='ltr'>ὀνομά-</span> 
     </span>
    </p>
   </div>
   <div class='ocr_carea' id='block_1_44' title="bbox 198 2690 1755 2765">
    <p class='ocr_par' dir='ltr' id='par_1_44' title="bbox 198 2690 1755 2765">
     <span class='ocr_line' id='line_1_45' title="bbox 198 2690 1755 2765; baseline 0.003 -23"><span class='ocrx_word' id='word_1_327' title='bbox 198 2691 378 2754; x_wconf 77' lang='grc' dir='ltr'>ζουσιν</span> <span class='ocrx_word' id='word_1_328' title='bbox 400 2709 410 2720; x_wconf 93' lang='grc'>·</span> <span class='ocrx_word' id='word_1_329' title='bbox 448 2691 480 2761; x_wconf 76' lang='grc' dir='ltr'>ἢ</span> <span class='ocrx_word' id='word_1_330' title='bbox 514 2691 669 2743; x_wconf 80' lang='grc' dir='ltr'>τοῦτο</span> <span class='ocrx_word' id='word_1_331' title='bbox 704 2692 1092 2761; x_wconf 79' lang='grc' dir='ltr'>φυλάσσοντας,</span> <span class='ocrx_word' id='word_1_332' title='bbox 1141 2693 1212 2764; x_wconf 84' lang='grc' dir='ltr'>μὴ</span> <span class='ocrx_word' id='word_1_333' title='bbox 1255 2690 1391 2747; x_wconf 85' lang='grc' dir='ltr'>εἶναι</span> <span class='ocrx_word' id='word_1_334' title='bbox 1427 2695 1604 2763; x_wconf 81' lang='grc' dir='ltr'>λέγειν</span> <span class='ocrx_word' id='word_1_335' title='bbox 1642 2695 1755 2765; x_wconf 84' lang='grc' dir='ltr'>μεί-</span> 
     </span>
    </p>
   </div>
   <div class='ocr_carea' id='block_1_45' title="bbox 198 2782 1758 2856">
    <p class='ocr_par' dir='ltr' id='par_1_45' title="bbox 198 2782 1758 2856">
     <span class='ocr_line' id='line_1_46' title="bbox 198 2782 1758 2856; baseline 0.003 -22"><span class='ocrx_word' id='word_1_336' title='bbox 198 2782 328 2846; x_wconf 74' lang='grc' dir='ltr'>ζονα</span> <span class='ocrx_word' id='word_1_337' title='bbox 396 2783 486 2834; x_wconf 77' lang='grc' dir='ltr'><strong>τον</strong></span> <span class='ocrx_word' id='word_1_338' title='bbox 569 2784 808 2853; x_wconf 79' lang='grc' dir='ltr'>Πατέρα.</span> <span class='ocrx_word' id='word_1_339' title='bbox 867 2785 1188 2855; x_wconf 80' lang='grc' dir='ltr'>Ἐπειδήπερ</span> <span class='ocrx_word' id='word_1_340' title='bbox 1260 2787 1403 2838; x_wconf 78' lang='grc' dir='ltr'>πᾶσα</span> <span class='ocrx_word' id='word_1_341' title='bbox 1486 2787 1758 2856; x_wconf 76' lang='grc' dir='ltr'>ἐνέργεια,</span> 
     </span>
    </p>
   </div>
   <div class='ocr_carea' id='block_1_46' title="bbox 200 2871 1761 2946">
    <p class='ocr_par' dir='ltr' id='par_1_46' title="bbox 200 2871 1761 2946">
     <span class='ocr_line' id='line_1_47' title="bbox 200 2871 1761 2946; baseline 0.002 -22"><span class='ocrx_word' id='word_1_342' title='bbox 200 2871 429 2944; x_wconf 79' lang='grc' dir='ltr'>μηδενὸς</span> <span class='ocrx_word' id='word_1_343' title='bbox 466 2873 850 2944; x_wconf 82' lang='grc' dir='ltr'>ἀνθισταμένου</span> <span class='ocrx_word' id='word_1_344' title='bbox 889 2876 994 2927; x_wconf 82' lang='grc' dir='ltr'><strong>τῶν</strong></span> <span class='ocrx_word' id='word_1_345' title='bbox 1018 2875 1232 2940; x_wconf 75' lang='grc' dir='ltr'>ἔξωθεν,</span> <span class='ocrx_word' id='word_1_346' title='bbox 1292 2875 1598 2946; x_wconf 78' lang='grc' dir='ltr'>σύμμετρός</span> <span class='ocrx_word' id='word_1_347' title='bbox 1647 2879 1761 2928; x_wconf 80' lang='grc' dir='ltr'>ἐστι</span> 
     </span>
    </p>
   </div>
   <div class='ocr_carea' id='block_1_47' title="bbox 1861 1966 3417 2033">
    <p class='ocr_par' dir='ltr' id='par_1_47' title="bbox 1861 1966 3417 2033">
     <span class='ocr_line' id='line_1_48' title="bbox 1861 1966 3417 2033; baseline 0.004 -17"><span class='ocrx_word' id='word_1_348' title='bbox 1861 1980 1976 2017; x_wconf 89' lang='lat' dir='ltr'><strong>rum</strong></span> <span class='ocrx_word' id='word_1_349' title='bbox 2005 1966 2232 2018; x_wconf 86' lang='lat' dir='ltr'><strong>alterum</strong></span> <span class='ocrx_word' id='word_1_350' title='bbox 2264 1967 2476 2019; x_wconf 78' lang='lat' dir='ltr'><strong>eveniat</strong></span> <span class='ocrx_word' id='word_1_351' title='bbox 2511 1981 2730 2020; x_wconf 90' lang='lat' dir='ltr'><strong>necesse</strong></span> <span class='ocrx_word' id='word_1_352' title='bbox 2778 1976 2883 2033; x_wconf 76' lang='lat' dir='ltr'><strong>est,</strong></span> <span class='ocrx_word' id='word_1_353' title='bbox 2910 1978 2966 2021; x_wconf 91' lang='lat' dir='ltr'><strong>ut</strong></span> <span class='ocrx_word' id='word_1_354' title='bbox 2997 1977 3086 2021; x_wconf 89' lang='lat' dir='ltr'><strong>aut</strong></span> <span class='ocrx_word' id='word_1_355' title='bbox 3116 1967 3275 2022; x_wconf 90' lang='lat' dir='ltr'><strong>Pater</strong></span> <span class='ocrx_word' id='word_1_356' title='bbox 3315 1984 3417 2024; x_wconf 90' lang='lat' dir='ltr'><strong>non</strong></span> 
     </span>
    </p>
   </div>
   <div class='ocr_carea' id='block_1_48' title="bbox 1859 2055 3420 2126">
    <p class='ocr_par' dir='ltr' id='par_1_48' title="bbox 1859 2055 3420 2126">
     <span class='ocr_line' id='line_1_49' title="bbox 1859 2055 3420 2126; baseline 0.003 -17"><span class='ocrx_word' id='word_1_357' title='bbox 1859 2055 2122 2126; x_wconf 84' lang='lat' dir='ltr'><strong>signiﬁcet</strong></span> <span class='ocrx_word' id='word_1_358' title='bbox 2154 2057 2545 2125; x_wconf 83' lang='lat' dir='ltr'><strong>Operationem,</strong></span> <span class='ocrx_word' id='word_1_359' title='bbox 2565 2057 2655 2111; x_wconf 91' lang='lat' dir='ltr'><strong>sed</strong></span> <span class='ocrx_word' id='word_1_360' title='bbox 2686 2056 3268 2126; x_wconf 88' lang='lat' dir='ltr'><strong>substantiam;sicque</strong></span> <span class='ocrx_word' id='word_1_361' title='bbox 3297 2074 3420 2113; x_wconf 85' lang='lat' dir='ltr'><strong>eva-</strong></span> 
     </span>
    </p>
   </div>
   <div class='ocr_carea' id='block_1_49' title="bbox 1856 2149 3419 2220">
    <p class='ocr_par' dir='ltr' id='par_1_49' title="bbox 1856 2149 3419 2220">
     <span class='ocr_line' id='line_1_50' title="bbox 1856 2149 3419 2220; baseline 0.001 -18"><span class='ocrx_word' id='word_1_362' title='bbox 1856 2159 2037 2202; x_wconf 89' lang='lat' dir='ltr'><strong>nescet</strong></span> <span class='ocrx_word' id='word_1_363' title='bbox 2066 2151 2369 2220; x_wconf 81' lang='lat' dir='ltr'><strong>excogitata</strong></span> <span class='ocrx_word' id='word_1_364' title='bbox 2390 2151 2453 2204; x_wconf 89' lang='lat' dir='ltr'><strong>ab</strong></span> <span class='ocrx_word' id='word_1_365' title='bbox 2485 2150 2563 2204; x_wconf 90' lang='lat' dir='ltr'><strong>eis</strong></span> <span class='ocrx_word' id='word_1_366' title='bbox 2588 2149 2951 2203; x_wconf 88' lang='lat' dir='ltr'><strong>similitudinis</strong></span> <span class='ocrx_word' id='word_1_367' title='bbox 2979 2152 3135 2212; x_wconf 88' lang='lat' dir='ltr'><strong>ratio,</strong></span> <span class='ocrx_word' id='word_1_368' title='bbox 3161 2167 3261 2220; x_wconf 90' lang='lat' dir='ltr'><strong>qua</strong></span> <span class='ocrx_word' id='word_1_369' title='bbox 3290 2167 3419 2205; x_wconf 77' lang='lat' dir='ltr'><strong>san~</strong></span> 
     </span>
    </p>
   </div>
   <div class='ocr_carea' id='block_1_50' title="bbox 1854 2240 3413 2310">
    <p class='ocr_par' dir='ltr' id='par_1_50' title="bbox 1854 2240 3413 2310">
     <span class='ocr_line' id='line_1_51' title="bbox 1854 2240 3413 2310; baseline 0.003 -17"><span class='ocrx_word' id='word_1_370' title='bbox 1854 2241 2002 2293; x_wconf 91' lang='lat' dir='ltr'><strong>ciunt</strong></span> <span class='ocrx_word' id='word_1_371' title='bbox 2025 2241 2216 2294; x_wconf 89' lang='lat' dir='ltr'><strong>Filium</strong></span> <span class='ocrx_word' id='word_1_372' title='bbox 2247 2240 2389 2294; x_wconf 88' lang='lat' dir='ltr'><strong>Patri</strong></span> <span class='ocrx_word' id='word_1_373' title='bbox 2423 2242 2650 2296; x_wconf 88' lang='lat' dir='ltr'><strong>similem</strong></span> <span class='ocrx_word' id='word_1_374' title='bbox 2688 2244 3150 2310; x_wconf 88' lang='lat' dir='ltr'><strong>esse,operatione</strong></span> <span class='ocrx_word' id='word_1_375' title='bbox 3173 2244 3413 2299; x_wconf 89' lang='lat' dir='ltr'><strong>scilicet:</strong></span> 
     </span>
    </p>
   </div>
   <div class='ocr_carea' id='block_1_51' title="bbox 1854 2333 3421 2408">
    <p class='ocr_par' dir='ltr' id='par_1_51' title="bbox 1854 2333 3421 2408">
     <span class='ocr_line' id='line_1_52' title="bbox 1854 2333 3421 2408; baseline 0.005 -24"><span class='ocrx_word' id='word_1_376' title='bbox 1854 2333 2062 2400; x_wconf 89' lang='lat' dir='ltr'><strong>qualem</strong></span> <span class='ocrx_word' id='word_1_377' title='bbox 2090 2335 2230 2386; x_wconf 91' lang='lat' dir='ltr'><strong>enim</strong></span> <span class='ocrx_word' id='word_1_378' title='bbox 2263 2333 2424 2387; x_wconf 88' lang='lat' dir='ltr'><strong>voluit</strong></span> <span class='ocrx_word' id='word_1_379' title='bbox 2450 2333 2624 2398; x_wconf 84' lang='lat' dir='ltr'><strong>Pater,</strong></span> <span class='ocrx_word' id='word_1_380' title='bbox 2658 2335 2922 2402; x_wconf 86' lang='lat' dir='ltr'><strong>inquiunt,</strong></span> <span class='ocrx_word' id='word_1_381' title='bbox 2950 2336 3101 2389; x_wconf 89' lang='lat' dir='ltr'><strong>talem</strong></span> <span class='ocrx_word' id='word_1_382' title='bbox 3141 2337 3285 2402; x_wconf 90' lang='lat' dir='ltr'><strong>fecit,</strong></span> <span class='ocrx_word' id='word_1_383' title='bbox 3315 2353 3421 2408; x_wconf 90' lang='lat' dir='ltr'><strong>quo</strong></span> 
     </span>
    </p>
   </div>
   <div class='ocr_carea' id='block_1_52' title="bbox 1856 2425 3418 2495">
    <p class='ocr_par' dir='ltr' id='par_1_52' title="bbox 1856 2425 3418 2495">
     <span class='ocr_line' id='line_1_53' title="bbox 1856 2425 3418 2495; baseline 0.003 -17"><span class='ocrx_word' id='word_1_384' title='bbox 1856 2425 2020 2478; x_wconf 88' lang='lat' dir='ltr'><strong>etiam</strong></span> <span class='ocrx_word' id='word_1_385' title='bbox 2060 2435 2215 2493; x_wconf 91' lang='lat' dir='ltr'><strong>pacto</strong></span> <span class='ocrx_word' id='word_1_386' title='bbox 2244 2426 2534 2480; x_wconf 82' lang='lat' dir='ltr'><strong>voluntatis</strong></span> <span class='ocrx_word' id='word_1_387' title='bbox 2569 2426 2852 2494; x_wconf 84' lang='lat' dir='ltr'><strong>imaginem</strong></span> <span class='ocrx_word' id='word_1_388' title='bbox 2875 2444 2995 2480; x_wconf 89' lang='lat' dir='ltr'><strong>eum</strong></span> <span class='ocrx_word' id='word_1_389' title='bbox 3035 2439 3227 2482; x_wconf 89' lang='lat' dir='ltr'><strong>vocant</strong></span> <span class='ocrx_word' id='word_1_390' title='bbox 3261 2448 3273 2481; x_wconf 96' lang='lat'>:</span> <span class='ocrx_word' id='word_1_391' title='bbox 3305 2440 3418 2495; x_wconf 82' lang='lat' dir='ltr'><strong>aut,</strong></span> 
     </span>
    </p>
   </div>
   <div class='ocr_carea' id='block_1_53' title="bbox 1862 2516 3416 2589">
    <p class='ocr_par' dir='ltr' id='par_1_53' title="bbox 1862 2516 3416 2589">
     <span class='ocr_line' id='line_1_54' title="bbox 1862 2516 3416 2589; baseline 0.002 -18"><span class='ocrx_word' id='word_1_392' title='bbox 1862 2517 1905 2572; x_wconf 90' lang='lat' dir='ltr'><strong>si</strong></span> <span class='ocrx_word' id='word_1_393' title='bbox 1938 2518 2005 2569; x_wconf 89' lang='lat' dir='ltr'><strong>ab</strong></span> <span class='ocrx_word' id='word_1_394' title='bbox 2037 2517 2136 2570; x_wconf 84' lang='lat' dir='ltr'><strong>hoc</strong></span> <span class='ocrx_word' id='word_1_395' title='bbox 2169 2516 2270 2570; x_wconf 89' lang='lat' dir='ltr'><strong>sibi</strong></span> <span class='ocrx_word' id='word_1_396' title='bbox 2306 2527 2548 2577; x_wconf 88' lang='lat' dir='ltr'><strong>caveant,</strong></span> <span class='ocrx_word' id='word_1_397' title='bbox 2581 2533 2683 2569; x_wconf 90' lang='lat' dir='ltr'><strong>non</strong></span> <span class='ocrx_word' id='word_1_398' title='bbox 2716 2518 2893 2570; x_wconf 84' lang='lat' dir='ltr'><strong>dicent</strong></span> <span class='ocrx_word' id='word_1_399' title='bbox 2927 2517 3137 2572; x_wconf 89' lang='lat' dir='ltr'><strong>Patrem</strong></span> <span class='ocrx_word' id='word_1_400' title='bbox 3167 2522 3416 2589; x_wconf 82' lang='lat' dir='ltr'><strong>majorem</strong></span> 
     </span>
    </p>
   </div>
   <div class='ocr_carea' id='block_1_54' title="bbox 1866 2606 3421 2674">
    <p class='ocr_par' dir='ltr' id='par_1_54' title="bbox 1866 2606 3421 2674">
     <span class='ocr_line' id='line_1_55' title="bbox 1866 2606 3421 2674; baseline 0 -12"><span class='ocrx_word' id='word_1_401' title='bbox 1866 2622 2007 2662; x_wconf 90' lang='lat' dir='ltr'><strong>esse.</strong></span> <span class='ocrx_word' id='word_1_402' title='bbox 2048 2606 2176 2659; x_wconf 77' lang='lat' dir='ltr'><strong>Nam</strong></span> <span class='ocrx_word' id='word_1_403' title='bbox 2203 2609 2445 2674; x_wconf 88' lang='lat' dir='ltr'><strong>operatio</strong></span> <span class='ocrx_word' id='word_1_404' title='bbox 2475 2610 2667 2673; x_wconf 89' lang='lat' dir='ltr'><strong>oumis,</strong></span> <span class='ocrx_word' id='word_1_405' title='bbox 2703 2617 2923 2663; x_wconf 73' lang='lat' dir='ltr'><strong>externa</strong></span> <span class='ocrx_word' id='word_1_406' title='bbox 2955 2610 3095 2663; x_wconf 88' lang='lat' dir='ltr'><strong>nulla</strong></span> <span class='ocrx_word' id='word_1_407' title='bbox 3119 2627 3174 2663; x_wconf 88' lang='lat' dir='ltr'><strong>re</strong></span> <span class='ocrx_word' id='word_1_408' title='bbox 3205 2611 3421 2664; x_wconf 85' lang='lat' dir='ltr'><strong>obstan-</strong></span> 
     </span>
    </p>
   </div>
   <div class='ocr_carea' id='block_1_55' title="bbox 1863 2697 3422 2768">
    <p class='ocr_par' dir='ltr' id='par_1_55' title="bbox 1863 2697 3422 2768">
     <span class='ocr_line' id='line_1_56' title="bbox 1863 2697 3422 2768; baseline 0.002 -16"><span class='ocrx_word' id='word_1_409' title='bbox 1863 2709 1933 2758; x_wconf 88' lang='lat' dir='ltr'><strong>te,</strong></span> <span class='ocrx_word' id='word_1_410' title='bbox 1979 2699 2134 2751; x_wconf 87' lang='lat' dir='ltr'><strong>habet</strong></span> <span class='ocrx_word' id='word_1_411' title='bbox 2161 2713 2282 2751; x_wconf 88' lang='lat' dir='ltr'><strong>emn</strong></span> <span class='ocrx_word' id='word_1_412' title='bbox 2316 2697 2593 2750; x_wconf 75' lang='lat' dir='ltr'><strong>effectibus</strong></span> <span class='ocrx_word' id='word_1_413' title='bbox 2639 2700 2749 2751; x_wconf 87' lang='lat' dir='ltr'><strong>suis</strong></span> <span class='ocrx_word' id='word_1_414' title='bbox 2804 2700 3220 2766; x_wconf 87' lang='lat' dir='ltr'><strong>proportionem.</strong></span> <span class='ocrx_word' id='word_1_415' title='bbox 3247 2699 3422 2768; x_wconf 82' lang='lat' dir='ltr'><strong>Atque</strong></span> 
     </span>
    </p>
   </div>
   <div class='ocr_carea' id='block_1_56' title="bbox 1865 2788 3419 2857">
    <p class='ocr_par' dir='ltr' id='par_1_56' title="bbox 1865 2788 3419 2857">
     <span class='ocr_line' id='line_1_57' title="bbox 1865 2788 3419 2857; baseline 0.001 -15"><span class='ocrx_word' id='word_1_416' title='bbox 1865 2789 1975 2842; x_wconf 77' lang='lat' dir='ltr'><strong>htec</strong></span> <span class='ocrx_word' id='word_1_417' title='bbox 2002 2791 2065 2840; x_wconf 89' lang='lat' dir='ltr'><strong>ad</strong></span> <span class='ocrx_word' id='word_1_418' title='bbox 2091 2788 2468 2841; x_wconf 79' lang='lat' dir='ltr'><strong>confutandam</strong></span> <span class='ocrx_word' id='word_1_419' title='bbox 2499 2789 2732 2855; x_wconf 87' lang='lat' dir='ltr'><strong>ipsorum</strong></span> <span class='ocrx_word' id='word_1_420' title='bbox 2769 2790 2819 2841; x_wconf 92' lang='lat' dir='ltr'><strong>in</strong></span> <span class='ocrx_word' id='word_1_421' title='bbox 2852 2790 3184 2857; x_wconf 80' lang='lat' dir='ltr'><strong>dogmatibus</strong></span> <span class='ocrx_word' id='word_1_422' title='bbox 3209 2789 3419 2844; x_wconf 88' lang='lat' dir='ltr'><strong>dissen-</strong></span> 
     </span>
    </p>
   </div>
   <div class='ocr_carea' id='block_1_57' title="bbox 1865 2881 2390 2934">
    <p class='ocr_par' dir='ltr' id='par_1_57' title="bbox 1865 2881 2390 2934">
     <span class='ocr_line' id='line_1_58' title="bbox 1865 2881 2390 2934; baseline 0.002 -3"><span class='ocrx_word' id='word_1_423' title='bbox 1865 2881 2068 2932; x_wconf 89' lang='lat' dir='ltr'><strong>sionem</strong></span> <span class='ocrx_word' id='word_1_424' title='bbox 2099 2881 2235 2934; x_wconf 89' lang='lat' dir='ltr'><strong>dicta</strong></span> <span class='ocrx_word' id='word_1_425' title='bbox 2261 2881 2390 2933; x_wconf 88' lang='lat' dir='ltr'><strong>sint.</strong></span> 
     </span>
    </p>
   </div>
   <div class='ocr_carea' id='block_1_58' title="bbox 197 2963 3420 3041">
    <p class='ocr_par' dir='ltr' id='par_1_58' title="bbox 197 2963 3420 3041">
     <span class='ocr_line' id='line_1_59' title="bbox 197 2963 3420 3041; baseline 0.002 -23"><span class='ocrx_word' id='word_1_426' title='bbox 197 2967 310 3027; x_wconf 83' lang='grc' dir='ltr'>τοῖς</span> <span class='ocrx_word' id='word_1_427' title='bbox 360 2965 576 3029; x_wconf 75' lang='grc' dir='ltr'>οἰκείοις</span> <span class='ocrx_word' id='word_1_428' title='bbox 625 2966 1042 3036; x_wconf 80' lang='grc' dir='ltr'>ἀποτελέσμασι.</span> <span class='ocrx_word' id='word_1_429' title='bbox 1089 2966 1273 3019; x_wconf 81' lang='grc' dir='ltr'>Ταῦτα</span> <span class='ocrx_word' id='word_1_430' title='bbox 1332 2967 1431 3036; x_wconf 84' lang='grc' dir='ltr'>μὲν</span> <span class='ocrx_word' id='word_1_431' title='bbox 1491 2963 1582 3018; x_wconf 80' lang='grc' dir='ltr'>οὖν</span> <span class='ocrx_word' id='word_1_432' title='bbox 1629 2966 1760 3035; x_wconf 85' lang='grc' dir='ltr'>πρὸς</span> <span class='ocrx_word' id='word_1_433' title='bbox 1799 2966 2016 3040; x_wconf 76' lang='grc' dir='ltr'>ἔλεγχον</span> <span class='ocrx_word' id='word_1_434' title='bbox 2042 2971 2140 3040; x_wconf 81' lang='grc' dir='ltr'><strong>τῆς</strong></span> <span class='ocrx_word' id='word_1_435' title='bbox 2166 2971 2223 3024; x_wconf 83' lang='grc' dir='ltr'><strong>ἐν</strong></span> <span class='ocrx_word' id='word_1_436' title='bbox 2251 2973 2360 3034; x_wconf 86' lang='grc' dir='ltr'>τοῖς</span> <span class='ocrx_word' id='word_1_437' title='bbox 2388 2969 2649 3040; x_wconf 85' lang='grc' dir='ltr'>δόγμασιν</span> <span class='ocrx_word' id='word_1_438' title='bbox 2706 2970 2879 3023; x_wconf 81' lang='grc' dir='ltr'>αὐτῶν</span> <span class='ocrx_word' id='word_1_439' title='bbox 2937 2969 3286 3041; x_wconf 82' lang='grc' dir='ltr'>ἀσυμφωνίας</span> <span class='ocrx_word' id='word_1_440' title='bbox 3311 2963 3420 3039; x_wconf 81' lang='grc'>(76)</span> 
     </span>
    </p>
   </div>
   <div class='ocr_carea' id='block_1_59' title="bbox 198 3057 453 3130">
    <p class='ocr_par' dir='ltr' id='par_1_59' title="bbox 198 3057 453 3130">
     <span class='ocr_line' id='line_1_60' title="bbox 198 3057 453 3130; baseline 0.008 -22"><span class='ocrx_word' id='word_1_441' title='bbox 198 3057 453 3130; x_wconf 76' lang='grc' dir='ltr'>εἰρήσθω.</span> 
     </span>
    </p>
   </div>
   <div class='ocr_carea' id='block_1_60' title="bbox 267 3149 1759 3231">
    <p class='ocr_par' dir='ltr' id='par_1_60' title="bbox 267 3149 1756 3220">
     <span class='ocr_line' id='line_1_61' title="bbox 267 3149 1756 3220; baseline 0.003 -18"><span class='ocrx_word' id='word_1_442' title='bbox 267 3149 357 3204; x_wconf 69' lang='grc'><strong>25.</strong></span> <span class='ocrx_word' id='word_1_443' title='bbox 411 3151 613 3202; x_wconf 84' lang='grc' dir='ltr'>Ἐκεῖνο</span> <span class='ocrx_word' id='word_1_444' title='bbox 665 3152 720 3202; x_wconf 83' lang='grc' dir='ltr'>δὲ</span> <span class='ocrx_word' id='word_1_445' title='bbox 752 3153 852 3202; x_wconf 86' lang='grc' dir='ltr'>τίνι</span> <span class='ocrx_word' id='word_1_446' title='bbox 900 3151 1007 3201; x_wconf 79' lang='grc' dir='ltr'>τῶν</span> <span class='ocrx_word' id='word_1_447' title='bbox 1056 3152 1272 3203; x_wconf 81' lang='grc' dir='ltr'>πάντων</span> <span class='ocrx_word' id='word_1_448' title='bbox 1321 3150 1533 3220; x_wconf 78' lang='grc' dir='ltr'>ἄδηλον,</span> <span class='ocrx_word' id='word_1_449' title='bbox 1577 3153 1656 3205; x_wconf 83' lang='grc' dir='ltr'><strong>ὅτι</strong></span> <span class='ocrx_word' id='word_1_450' title='bbox 1696 3154 1756 3206; x_wconf 80' lang='grc' dir='ltr'><strong>τὸ</strong></span> 
     </span>
    </p>
   </div>
   <div class='ocr_carea' id='block_1_61' title="bbox 1862 3149 3420 3231">
    <p class='ocr_par' dir='ltr' id='par_1_61' title="bbox 1922 3149 3420 3220">
     <span class='ocr_line' id='line_1_62' title="bbox 1922 3149 3420 3220; baseline 0 -15"><span class='ocrx_word' id='word_1_451' title='bbox 1922 3153 2012 3205; x_wconf 75' lang='lat'><strong>‘25.</strong></span> <span class='ocrx_word' id='word_1_452' title='bbox 2055 3149 2182 3202; x_wconf 92' lang='lat' dir='ltr'><strong>Illud</strong></span> <span class='ocrx_word' id='word_1_453' title='bbox 2205 3162 2378 3204; x_wconf 91' lang='lat' dir='ltr'><strong>autem</strong></span> <span class='ocrx_word' id='word_1_454' title='bbox 2413 3152 2494 3204; x_wconf 90' lang='lat' dir='ltr'><strong>cui</strong></span> <span class='ocrx_word' id='word_1_455' title='bbox 2526 3166 2628 3204; x_wconf 89' lang='lat' dir='ltr'><strong>non</strong></span> <span class='ocrx_word' id='word_1_456' title='bbox 2662 3162 2742 3205; x_wconf 92' lang='lat' dir='ltr'><strong>est</strong></span> <span class='ocrx_word' id='word_1_457' title='bbox 2775 3153 3130 3220; x_wconf 85' lang='lat' dir='ltr'><strong>perspicuum,</strong></span> <span class='ocrx_word' id='word_1_458' title='bbox 3155 3153 3294 3220; x_wconf 90' lang='lat' dir='ltr'><strong>quod</strong></span> <span class='ocrx_word' id='word_1_459' title='bbox 3321 3152 3420 3205; x_wconf 82' lang='lat' dir='ltr'><strong>ali-</strong></span> 
     </span>
    </p>
   </div>
   <div class='ocr_carea' id='block_1_62' title="bbox 197 3239 1754 3314">
    <p class='ocr_par' dir='ltr' id='par_1_62' title="bbox 197 3239 1754 3314">
     <span class='ocr_line' id='line_1_63' title="bbox 197 3239 1754 3314; baseline 0.003 -22"><span class='ocrx_word' id='word_1_460' title='bbox 197 3239 386 3312; x_wconf 76' lang='grc' dir='ltr'>μεῖζον</span> <span class='ocrx_word' id='word_1_461' title='bbox 438 3242 469 3310; x_wconf 82' lang='grc' dir='ltr'>ἦ</span> <span class='ocrx_word' id='word_1_462' title='bbox 510 3241 647 3293; x_wconf 80' lang='grc' dir='ltr'>κατὰ</span> <span class='ocrx_word' id='word_1_463' title='bbox 696 3241 783 3292; x_wconf 83' lang='grc' dir='ltr'><strong>τὸν</strong></span> <span class='ocrx_word' id='word_1_464' title='bbox 828 3241 927 3309; x_wconf 77' lang='grc' dir='ltr'>τῆς</span> <span class='ocrx_word' id='word_1_465' title='bbox 971 3242 1146 3304; x_wconf 80' lang='grc' dir='ltr'>αἰτίας</span> <span class='ocrx_word' id='word_1_466' title='bbox 1183 3243 1336 3310; x_wconf 87' lang='grc' dir='ltr'>λόγον</span> <span class='ocrx_word' id='word_1_467' title='bbox 1380 3244 1509 3314; x_wconf 88' lang='grc'>(77),</span> <span class='ocrx_word' id='word_1_468' title='bbox 1544 3245 1576 3313; x_wconf 76' lang='grc' dir='ltr'>ἢ</span> <span class='ocrx_word' id='word_1_469' title='bbox 1619 3245 1754 3297; x_wconf 81' lang='grc' dir='ltr'>κατὰ</span> 
     </span>
    </p>
   </div>
   <div class='ocr_carea' id='block_1_63' title="bbox 199 3332 1751 3407">
    <p class='ocr_par' dir='ltr' id='par_1_63' title="bbox 199 3332 1751 3407">
     <span class='ocr_line' id='line_1_64' title="bbox 199 3332 1751 3407; baseline 0.003 -24"><span class='ocrx_word' id='word_1_470' title='bbox 199 3332 290 3385; x_wconf 79' lang='grc' dir='ltr'><strong>τὸν</strong></span> <span class='ocrx_word' id='word_1_471' title='bbox 335 3334 432 3401; x_wconf 79' lang='grc' dir='ltr'>τῆς</span> <span class='ocrx_word' id='word_1_472' title='bbox 483 3333 760 3402; x_wconf 81' lang='grc' dir='ltr'>δυνάμεως</span> <span class='ocrx_word' id='word_1_473' title='bbox 823 3334 1184 3404; x_wconf 79' lang='grc' dir='ltr'>πλεονασμὸν,</span> <span class='ocrx_word' id='word_1_474' title='bbox 1233 3337 1264 3407; x_wconf 86' lang='grc' dir='ltr'><strong>ἢ</strong></span> <span class='ocrx_word' id='word_1_475' title='bbox 1315 3338 1453 3390; x_wconf 77' lang='grc' dir='ltr'>κατὰ</span> <span class='ocrx_word' id='word_1_476' title='bbox 1513 3337 1606 3406; x_wconf 81' lang='grc' dir='ltr'>τὴν</span> <span class='ocrx_word' id='word_1_477' title='bbox 1659 3336 1751 3388; x_wconf 76' lang='grc' dir='ltr'>τοῦ</span> 
     </span>
    </p>
   </div>
   <div class='ocr_carea' id='block_1_64' title="bbox 199 3419 1757 3496">
    <p class='ocr_par' dir='ltr' id='par_1_64' title="bbox 199 3419 1757 3496">
     <span class='ocr_line' id='line_1_65' title="bbox 199 3419 1757 3496; baseline 0.006 -28"><span class='ocrx_word' id='word_1_478' title='bbox 199 3419 506 3487; x_wconf 63' lang='grc' dir='ltr'>ἀξιώματος</span> <span class='ocrx_word' id='word_1_479' title='bbox 539 3421 824 3493; x_wconf 80' lang='grc' dir='ltr'>ὑπεροχὴν,</span> <span class='ocrx_word' id='word_1_480' title='bbox 850 3425 880 3494; x_wconf 86' lang='grc' dir='ltr'>ἣ</span> <span class='ocrx_word' id='word_1_481' title='bbox 914 3425 1051 3478; x_wconf 74' lang='grc' dir='ltr'>κατὰ</span> <span class='ocrx_word' id='word_1_482' title='bbox 1083 3426 1187 3496; x_wconf 80' lang='grc' dir='ltr'><strong>τὴν</strong></span> <span class='ocrx_word' id='word_1_483' title='bbox 1210 3427 1314 3479; x_wconf 81' lang='grc' dir='ltr'><strong>τῶν</strong></span> <span class='ocrx_word' id='word_1_484' title='bbox 1338 3428 1511 3492; x_wconf 76' lang='grc' dir='ltr'>ὄγκων</span> <span class='ocrx_word' id='word_1_485' title='bbox 1542 3444 1757 3495; x_wconf 83' lang='grc' dir='ltr'>περιου-</span> 
     </span>
    </p>
   </div>
   <div class='ocr_carea' id='block_1_65' title="bbox 199 3509 1759 3587">
    <p class='ocr_par' dir='ltr' id='par_1_65' title="bbox 199 3509 1759 3587">
     <span class='ocr_line' id='line_1_66' title="bbox 199 3509 1759 3587; baseline 0.006 -27"><span class='ocrx_word' id='word_1_486' title='bbox 199 3509 320 3561; x_wconf 90' lang='grc' dir='ltr'>σίαν</span> <span class='ocrx_word' id='word_1_487' title='bbox 365 3509 607 3577; x_wconf 86' lang='grc' dir='ltr'>λέγεται;</span> <span class='ocrx_word' id='word_1_488' title='bbox 659 3516 812 3568; x_wconf 78' lang='grc' dir='ltr'>Κατὰ</span> <span class='ocrx_word' id='word_1_489' title='bbox 858 3517 952 3585; x_wconf 78' lang='grc' dir='ltr'><strong>μὲν</strong></span> <span class='ocrx_word' id='word_1_490' title='bbox 1000 3513 1090 3568; x_wconf 80' lang='grc' dir='ltr'><strong>οὖν</strong></span> <span class='ocrx_word' id='word_1_491' title='bbox 1143 3517 1231 3568; x_wconf 75' lang='grc' dir='ltr'><strong>τὸν</strong></span> <span class='ocrx_word' id='word_1_492' title='bbox 1277 3516 1434 3583; x_wconf 74' lang='grc' dir='ltr'>ὄγκον</span> <span class='ocrx_word' id='word_1_493' title='bbox 1486 3517 1557 3586; x_wconf 77' lang='grc' dir='ltr'>μὴ</span> <span class='ocrx_word' id='word_1_494' title='bbox 1618 3517 1759 3587; x_wconf 87' lang='grc' dir='ltr'>εἰλῆ-</span> 
     </span>
    </p>
   </div>
   <div class='ocr_carea' id='block_1_66' title="bbox 299 3685 1301 3757">
    <p class='ocr_par' dir='ltr' id='par_1_66' title="bbox 299 3685 1301 3757">
     <span class='ocr_line' id='line_1_67' title="bbox 299 3685 1301 3757; baseline 0.007 -19"><span class='ocrx_word' id='word_1_495' title='bbox 299 3687 318 3716; x_wconf 88' lang='grc'><strong><em>⁹</em></strong></span> <span class='ocrx_word' id='word_1_496' title='bbox 349 3685 502 3739; x_wconf 82' lang='lat' dir='ltr'><strong>Joan.</strong></span> <span class='ocrx_word' id='word_1_497' title='bbox 535 3703 641 3752; x_wconf 81' lang='lat' dir='ltr'><strong>xw,</strong></span> <span class='ocrx_word' id='word_1_498' title='bbox 692 3686 783 3742; x_wconf 73' lang='lat'><strong>28.</strong></span> <span class='ocrx_word' id='word_1_499' title='bbox 859 3687 898 3718; x_wconf 85' lang='grc'><strong>¹⁰</strong></span> <span class='ocrx_word' id='word_1_500' title='bbox 935 3687 1106 3757; x_wconf 80' lang='lat' dir='ltr'><strong>Philip</strong></span> <span class='ocrx_word' id='word_1_501' title='bbox 1153 3704 1220 3753; x_wconf 90' lang='lat' dir='ltr'><strong>II,</strong></span> <span class='ocrx_word' id='word_1_502' title='bbox 1248 3690 1301 3745; x_wconf 79' lang='lat'><strong>6.</strong></span> 
     </span>
    </p>
   </div>
   <div class='ocr_carea' id='block_1_67' title="bbox 274 3841 1758 3915">
    <p class='ocr_par' dir='ltr' id='par_1_67' title="bbox 274 3841 1758 3915">
     <span class='ocr_line' id='line_1_68' title="bbox 274 3841 1758 3915; baseline -0.001 -20"><span class='ocrx_word' id='word_1_503' title='bbox 274 3841 384 3915; x_wconf 84' lang='grc'>(68)</span> <span class='ocrx_word' id='word_1_504' title='bbox 428 3841 648 3915; x_wconf 79' lang='lat' dir='ltr'><strong>Veteres</strong></span> <span class='ocrx_word' id='word_1_505' title='bbox 701 3843 916 3915; x_wconf 77' lang='lat' dir='ltr'><strong>aliquot</strong></span> <span class='ocrx_word' id='word_1_506' title='bbox 962 3842 1078 3896; x_wconf 86' lang='lat' dir='ltr'><strong>libri</strong></span> <span class='ocrx_word' id='word_1_507' title='bbox 1133 3858 1253 3896; x_wconf 91' lang='lat' dir='ltr'><strong>cum</strong></span> <span class='ocrx_word' id='word_1_508' title='bbox 1282 3844 1457 3906; x_wconf 86' lang='lat' dir='ltr'><strong>editis,</strong></span> <span class='ocrx_word' id='word_1_509' title='bbox 1506 3848 1532 3896; x_wconf 85' lang='grc' dir='ltr'>ὁ</span> <span class='ocrx_word' id='word_1_510' title='bbox 1573 3845 1758 3915; x_wconf 80' lang='grc' dir='ltr'>Πατήρ</span> 
     </span>
    </p>
   </div>
   <div class='ocr_carea' id='block_1_68' title="bbox 203 3914 1571 3984">
    <p class='ocr_par' dir='ltr' id='par_1_68' title="bbox 203 3914 1571 3984">
     <span class='ocr_line' id='line_1_69' title="bbox 203 3914 1571 3984; baseline 0.002 -21"><span class='ocrx_word' id='word_1_511' title='bbox 203 3931 304 3981; x_wconf 84' lang='grc' dir='ltr'><strong>μου</strong></span> <span class='ocrx_word' id='word_1_512' title='bbox 333 3914 380 3965; x_wconf 85' lang='grc' dir='ltr'>ὁ.</span> <span class='ocrx_word' id='word_1_513' title='bbox 412 3914 512 3984; x_wconf 59' lang='lat' dir='ltr'><strong>Alii</strong></span> <span class='ocrx_word' id='word_1_514' title='bbox 557 3915 769 3984; x_wconf 83' lang='lat' dir='ltr'><strong>codices</strong></span> <span class='ocrx_word' id='word_1_515' title='bbox 803 3914 1036 3966; x_wconf 82' lang='lat' dir='ltr'><strong>melioris</strong></span> <span class='ocrx_word' id='word_1_516' title='bbox 1067 3923 1223 3974; x_wconf 61' lang='lat' dir='ltr'><strong>notae,</strong></span> <span class='ocrx_word' id='word_1_517' title='bbox 1256 3916 1282 3964; x_wconf 81' lang='grc' dir='ltr'><strong>ό</strong></span> <span class='ocrx_word' id='word_1_518' title='bbox 1312 3915 1496 3984; x_wconf 75' lang='grc' dir='ltr'>Πατὴρ</span> <span class='ocrx_word' id='word_1_519' title='bbox 1527 3919 1571 3966; x_wconf 87' lang='grc' dir='ltr'><strong>ὁ.</strong></span> 
     </span>
    </p>
   </div>
   <div class='ocr_carea' id='block_1_69' title="bbox 274 3982 1756 4049">
    <p class='ocr_par' dir='ltr' id='par_1_69' title="bbox 274 3982 1756 4049">
     <span class='ocr_line' id='line_1_70' title="bbox 274 3982 1756 4049; baseline 0.001 -15"><span class='ocrx_word' id='word_1_520' title='bbox 274 3984 386 4049; x_wconf 69' lang='grc'>(61))</span> <span class='ocrx_word' id='word_1_521' title='bbox 427 3982 554 4044; x_wconf 73' lang='lat' dir='ltr'><strong>Reg.</strong></span> <span class='ocrx_word' id='word_1_522' title='bbox 598 3983 784 4033; x_wconf 87' lang='lat' dir='ltr'><strong>tertius</strong></span> <span class='ocrx_word' id='word_1_523' title='bbox 829 3984 879 4033; x_wconf 92' lang='lat' dir='ltr'><strong>iu</strong></span> <span class='ocrx_word' id='word_1_524' title='bbox 916 3992 1165 4036; x_wconf 77' lang='lat' dir='ltr'><strong>contextu</strong></span> <span class='ocrx_word' id='word_1_525' title='bbox 1206 3984 1416 4049; x_wconf 84' lang='lat' dir='ltr'><strong>quidem</strong></span> <span class='ocrx_word' id='word_1_526' title='bbox 1465 3982 1621 4037; x_wconf 72' lang='grc' dir='ltr'>Ιιειιιρι</span> <span class='ocrx_word' id='word_1_527' title='bbox 1662 3987 1756 4036; x_wconf 70' lang='grc' dir='ltr'>οὐκ</span> 
     </span>
    </p>
   </div>
   <div class='ocr_carea' id='block_1_70' title="bbox 199 4051 1760 4115">
    <p class='ocr_par' dir='ltr' id='par_1_70' title="bbox 199 4051 1760 4115">
     <span class='ocr_line' id='line_1_71' title="bbox 199 4051 1760 4115; baseline 0.001 -11"><span class='ocrx_word' id='word_1_528' title='bbox 199 4051 390 4104; x_wconf 78' lang='grc' dir='ltr'>ἀκούει</span> <span class='ocrx_word' id='word_1_529' title='bbox 418 4069 430 4101; x_wconf 94' lang='lat'>:</span> <span class='ocrx_word' id='word_1_530' title='bbox 461 4052 552 4101; x_wconf 88' lang='lat' dir='ltr'><strong>sed</strong></span> <span class='ocrx_word' id='word_1_531' title='bbox 589 4053 639 4101; x_wconf 85' lang='lat' dir='ltr'><strong>in</strong></span> <span class='ocrx_word' id='word_1_532' title='bbox 673 4066 764 4100; x_wconf 86' lang='lat' dir='ltr'><strong>ora</strong></span> <span class='ocrx_word' id='word_1_533' title='bbox 814 4052 932 4104; x_wconf 84' lang='lat' dir='ltr'><strong>libri</strong></span> <span class='ocrx_word' id='word_1_534' title='bbox 972 4056 1130 4105; x_wconf 81' lang='lat' dir='ltr'><strong>habet</strong></span> <span class='ocrx_word' id='word_1_535' title='bbox 1161 4053 1259 4104; x_wconf 73' lang='grc' dir='ltr'><strong>οὐκ</strong></span> <span class='ocrx_word' id='word_1_536' title='bbox 1298 4054 1532 4115; x_wconf 74' lang='grc' dir='ltr'>ἀκούεις.</span> <span class='ocrx_word' id='word_1_537' title='bbox 1569 4057 1760 4106; x_wconf 73' lang='lat' dir='ltr'><strong>Statim</strong></span> 
     </span>
    </p>
   </div>
   <div class='ocr_carea' id='block_1_71' title="bbox 201 4115 1757 4193">
    <p class='ocr_par' dir='ltr' id='par_1_71' title="bbox 201 4115 1757 4193">
     <span class='ocr_line' id='line_1_72' title="bbox 201 4115 1757 4193; baseline 0.002 -19"><span class='ocrx_word' id='word_1_538' title='bbox 201 4122 334 4193; x_wconf 64' lang='lat' dir='ltr'><strong>editi</strong></span> <span class='ocrx_word' id='word_1_539' title='bbox 365 4121 609 4193; x_wconf 78' lang='grc' dir='ltr'>ἡγήσατο</span> <span class='ocrx_word' id='word_1_540' title='bbox 648 4115 977 4193; x_wconf 43' lang='lat' dir='ltr'><strong>eivaLLIabri</strong></span> <span class='ocrx_word' id='word_1_541' title='bbox 1008 4133 1212 4174; x_wconf 75' lang='lat' dir='ltr'><strong>veteres</strong></span> <span class='ocrx_word' id='word_1_542' title='bbox 1243 4127 1482 4193; x_wconf 71' lang='grc' dir='ltr'>ἡγήσατο</span> <span class='ocrx_word' id='word_1_543' title='bbox 1510 4126 1568 4175; x_wconf 73' lang='grc' dir='ltr'><strong>τὸ</strong></span> <span class='ocrx_word' id='word_1_544' title='bbox 1603 4120 1757 4177; x_wconf 77' lang='grc' dir='ltr'>εἶναι.</span> 
     </span>
    </p>
   </div>
   <div class='ocr_carea' id='block_1_72' title="bbox 275 4190 1761 4260">
    <p class='ocr_par' dir='ltr' id='par_1_72' title="bbox 275 4190 1761 4260">
     <span class='ocr_line' id='line_1_73' title="bbox 275 4190 1761 4260; baseline 0.003 -18"><span class='ocrx_word' id='word_1_545' title='bbox 275 4191 385 4260; x_wconf 85' lang='grc'>(70)</span> <span class='ocrx_word' id='word_1_546' title='bbox 417 4191 488 4242; x_wconf 87' lang='lat' dir='ltr'><strong>Ita</strong></span> <span class='ocrx_word' id='word_1_547' title='bbox 521 4193 617 4243; x_wconf 87' lang='lat' dir='ltr'><strong>hoc</strong></span> <span class='ocrx_word' id='word_1_548' title='bbox 648 4191 765 4243; x_wconf 90' lang='lat' dir='ltr'><strong>loco</strong></span> <span class='ocrx_word' id='word_1_549' title='bbox 789 4190 1011 4244; x_wconf 84' lang='lat' dir='ltr'><strong>Basilius</strong></span> <span class='ocrx_word' id='word_1_550' title='bbox 1047 4190 1381 4246; x_wconf 70' lang='lat' dir='ltr'><strong>adversarios</strong></span> <span class='ocrx_word' id='word_1_551' title='bbox 1409 4197 1668 4256; x_wconf 85' lang='lat' dir='ltr'><strong>adoritur,</strong></span> <span class='ocrx_word' id='word_1_552' title='bbox 1707 4209 1761 4247; x_wconf 90' lang='lat' dir='ltr'><strong>ut</strong></span> 
     </span>
    </p>
   </div>
   <div class='ocr_carea' id='block_1_73' title="bbox 203 4261 1758 4326">
    <p class='ocr_par' dir='ltr' id='par_1_73' title="bbox 203 4261 1758 4326">
     <span class='ocr_line' id='line_1_74' title="bbox 203 4261 1758 4326; baseline -0.001 -10"><span class='ocrx_word' id='word_1_553' title='bbox 203 4277 298 4316; x_wconf 87' lang='lat' dir='ltr'><strong>eos</strong></span> <span class='ocrx_word' id='word_1_554' title='bbox 335 4263 447 4313; x_wconf 88' lang='lat' dir='ltr'><strong>suis</strong></span> <span class='ocrx_word' id='word_1_555' title='bbox 490 4262 727 4326; x_wconf 90' lang='lat' dir='ltr'><strong>ipsorum</strong></span> <span class='ocrx_word' id='word_1_556' title='bbox 769 4262 934 4313; x_wconf 84' lang='lat' dir='ltr'><strong>armis</strong></span> <span class='ocrx_word' id='word_1_557' title='bbox 978 4261 1268 4316; x_wconf 85' lang='lat' dir='ltr'><strong>eonfodiat.</strong></span> <span class='ocrx_word' id='word_1_558' title='bbox 1302 4264 1488 4317; x_wconf 75' lang='lat' dir='ltr'><strong>Dicitis</strong></span> <span class='ocrx_word' id='word_1_559' title='bbox 1516 4281 1634 4326; x_wconf 88' lang='lat' dir='ltr'><strong>vos,</strong></span> <span class='ocrx_word' id='word_1_560' title='bbox 1683 4267 1758 4317; x_wconf 87' lang='lat' dir='ltr'><strong>in-</strong></span> 
     </span>
    </p>
   </div>
   <div class='ocr_carea' id='block_1_74' title="bbox 201 4331 1760 4398">
    <p class='ocr_par' dir='ltr' id='par_1_74' title="bbox 201 4331 1760 4398">
     <span class='ocr_line' id='line_1_75' title="bbox 201 4331 1760 4398; baseline 0.004 -17"><span class='ocrx_word' id='word_1_561' title='bbox 201 4335 322 4397; x_wconf 81' lang='lat' dir='ltr'><strong>quit</strong></span> <span class='ocrx_word' id='word_1_562' title='bbox 353 4331 595 4390; x_wconf 75' lang='lat' dir='ltr'><strong>Basilius,</strong></span> <span class='ocrx_word' id='word_1_563' title='bbox 629 4347 821 4384; x_wconf 85' lang='lat' dir='ltr'><strong>nomen</strong></span> <span class='ocrx_word' id='word_1_564' title='bbox 855 4331 1026 4383; x_wconf 84' lang='lat' dir='ltr'><strong>Patris</strong></span> <span class='ocrx_word' id='word_1_565' title='bbox 1067 4336 1454 4398; x_wconf 86' lang='lat' dir='ltr'><strong>operationem,</strong></span> <span class='ocrx_word' id='word_1_566' title='bbox 1493 4351 1593 4386; x_wconf 90' lang='lat' dir='ltr'><strong>non</strong></span> <span class='ocrx_word' id='word_1_567' title='bbox 1633 4338 1760 4388; x_wconf 88' lang='lat' dir='ltr'><strong>sub-</strong></span> 
     </span>
    </p>
   </div>
   <div class='ocr_carea' id='block_1_75' title="bbox 201 4401 1761 4462">
    <p class='ocr_par' dir='ltr' id='par_1_75' title="bbox 201 4401 1761 4462">
     <span class='ocr_line' id='line_1_76' title="bbox 201 4401 1761 4462; baseline 0.002 -10"><span class='ocrx_word' id='word_1_568' title='bbox 201 4402 458 4452; x_wconf 87' lang='lat' dir='ltr'><strong>stantiam</strong></span> <span class='ocrx_word' id='word_1_569' title='bbox 490 4401 744 4454; x_wconf 87' lang='lat' dir='ltr'><strong>indicare.</strong></span> <span class='ocrx_word' id='word_1_570' title='bbox 782 4401 841 4453; x_wconf 87' lang='lat' dir='ltr'><strong>Id</strong></span> <span class='ocrx_word' id='word_1_571' title='bbox 872 4411 1046 4452; x_wconf 84' lang='lat' dir='ltr'><strong>autem</strong></span> <span class='ocrx_word' id='word_1_572' title='bbox 1083 4403 1123 4453; x_wconf 91' lang='lat' dir='ltr'><strong>si</strong></span> <span class='ocrx_word' id='word_1_573' title='bbox 1155 4417 1336 4454; x_wconf 77' lang='lat' dir='ltr'><strong>verum</strong></span> <span class='ocrx_word' id='word_1_574' title='bbox 1367 4415 1467 4462; x_wconf 77' lang='lat' dir='ltr'><strong>est,</strong></span> <span class='ocrx_word' id='word_1_575' title='bbox 1501 4406 1623 4457; x_wconf 86' lang='lat' dir='ltr'><strong>hinc</strong></span> <span class='ocrx_word' id='word_1_576' title='bbox 1655 4407 1761 4456; x_wconf 87' lang='lat' dir='ltr'><strong>elli-</strong></span> 
     </span>
    </p>
   </div>
   <div class='ocr_carea' id='block_1_76' title="bbox 203 4470 1757 4541">
    <p class='ocr_par' dir='ltr' id='par_1_76' title="bbox 203 4470 1757 4541">
     <span class='ocr_line' id='line_1_77' title="bbox 203 4470 1757 4541; baseline 0.001 -20"><span class='ocrx_word' id='word_1_577' title='bbox 203 4472 372 4541; x_wconf 85' lang='lat' dir='ltr'><strong>citur,</strong></span> <span class='ocrx_word' id='word_1_578' title='bbox 417 4470 624 4522; x_wconf 78' lang='lat' dir='ltr'><strong>Patrem</strong></span> <span class='ocrx_word' id='word_1_579' title='bbox 671 4486 771 4521; x_wconf 88' lang='lat' dir='ltr'><strong>non</strong></span> <span class='ocrx_word' id='word_1_580' title='bbox 806 4473 1099 4524; x_wconf 76' lang='lat' dir='ltr'><strong>substantia</strong></span> <span class='ocrx_word' id='word_1_581' title='bbox 1138 4471 1271 4525; x_wconf 81' lang='lat' dir='ltr'><strong>Filio</strong></span> <span class='ocrx_word' id='word_1_582' title='bbox 1323 4473 1578 4541; x_wconf 88' lang='lat' dir='ltr'><strong>majorem</strong></span> <span class='ocrx_word' id='word_1_583' title='bbox 1621 4491 1757 4535; x_wconf 74' lang='lat' dir='ltr'><strong>esse,</strong></span> 
     </span>
    </p>
   </div>
   <div class='ocr_carea' id='block_1_77' title="bbox 205 4540 952 4604">
    <p class='ocr_par' dir='ltr' id='par_1_77' title="bbox 205 4540 952 4604">
     <span class='ocr_line' id='line_1_78' title="bbox 205 4540 952 4604; baseline 0.001 -13"><span class='ocrx_word' id='word_1_584' title='bbox 205 4540 299 4591; x_wconf 88' lang='lat' dir='ltr'><strong>sed</strong></span> <span class='ocrx_word' id='word_1_585' title='bbox 335 4541 646 4604; x_wconf 87' lang='lat' dir='ltr'><strong>operatione</strong></span> <span class='ocrx_word' id='word_1_586' title='bbox 677 4543 952 4591; x_wconf 77' lang='lat' dir='ltr'><strong>duntaxat.</strong></span> 
     </span>
    </p>
   </div>
   <div class='ocr_carea' id='block_1_78' title="bbox 281 4607 1764 4681">
    <p class='ocr_par' dir='ltr' id='par_1_78' title="bbox 281 4607 1764 4681">
     <span class='ocr_line' id='line_1_79' title="bbox 281 4607 1764 4681; baseline 0.001 -22"><span class='ocrx_word' id='word_1_587' title='bbox 281 4607 392 4675; x_wconf 80' lang='lat' dir='ltr'><strong>(7i)</strong></span> <span class='ocrx_word' id='word_1_588' title='bbox 421 4609 565 4681; x_wconf 75' lang='lat' dir='ltr'><strong>Editi</strong></span> <span class='ocrx_word' id='word_1_589' title='bbox 587 4619 639 4681; x_wconf 86' lang='lat' dir='ltr'><strong>et</strong></span> <span class='ocrx_word' id='word_1_590' title='bbox 675 4625 811 4681; x_wconf 78' lang='lat' dir='ltr'><strong>unus</strong></span> <span class='ocrx_word' id='word_1_591' title='bbox 835 4626 938 4681; x_wconf 90' lang='lat' dir='ltr'><strong>ms.</strong></span> <span class='ocrx_word' id='word_1_592' title='bbox 964 4610 1116 4663; x_wconf 80' lang='grc' dir='ltr'>Πᾶσα</span> <span class='ocrx_word' id='word_1_593' title='bbox 1147 4611 1252 4681; x_wconf 82' lang='grc' dir='ltr'><strong>γὰρ</strong></span> <span class='ocrx_word' id='word_1_594' title='bbox 1278 4611 1465 4678; x_wconf 73' lang='grc' dir='ltr'>δήπου.</span> <span class='ocrx_word' id='word_1_595' title='bbox 1499 4613 1598 4663; x_wconf 79' lang='lat' dir='ltr'><strong>Alii</strong></span> <span class='ocrx_word' id='word_1_596' title='bbox 1635 4628 1764 4678; x_wconf 76' lang='lat' dir='ltr'><strong>qua-</strong></span> 
     </span>
    </p>
   </div>
   <div class='ocr_carea' id='block_1_79' title="bbox 209 4678 1762 4751">
    <p class='ocr_par' dir='ltr' id='par_1_79' title="bbox 209 4678 1762 4751">
     <span class='ocr_line' id='line_1_80' title="bbox 209 4678 1762 4751; baseline 0.002 -21"><span class='ocrx_word' id='word_1_597' title='bbox 209 4690 332 4751; x_wconf 80' lang='lat' dir='ltr'><strong>tuor</strong></span> <span class='ocrx_word' id='word_1_598' title='bbox 369 4692 492 4751; x_wconf 67' lang='lat' dir='ltr'><strong>mss.</strong></span> <span class='ocrx_word' id='word_1_599' title='bbox 523 4680 676 4730; x_wconf 82' lang='grc' dir='ltr'>Πᾶσα</span> <span class='ocrx_word' id='word_1_600' title='bbox 707 4679 761 4751; x_wconf 62' lang='grc' dir='ltr'>δὲ</span> <span class='ocrx_word' id='word_1_601' title='bbox 790 4678 978 4747; x_wconf 81' lang='grc' dir='ltr'>δήπου.</span> <span class='ocrx_word' id='word_1_602' title='bbox 1021 4678 1304 4751; x_wconf 77' lang='lat' dir='ltr'><strong>Aliquanto</strong></span> <span class='ocrx_word' id='word_1_603' title='bbox 1343 4692 1460 4749; x_wconf 79' lang='lat' dir='ltr'><strong>post</strong></span> <span class='ocrx_word' id='word_1_604' title='bbox 1492 4689 1594 4732; x_wconf 89' lang='lat' dir='ltr'><strong>duo</strong></span> <span class='ocrx_word' id='word_1_605' title='bbox 1636 4699 1762 4734; x_wconf 84' lang='lat' dir='ltr'><strong>mss.</strong></span> 
     </span>
    </p>
   </div>
   <div class='ocr_carea' id='block_1_80' title="bbox 206 4747 762 4820">
    <p class='ocr_par' dir='ltr' id='par_1_80' title="bbox 206 4747 762 4820">
     <span class='ocr_line' id='line_1_81' title="bbox 206 4747 762 4820; baseline 0 -22"><span class='ocrx_word' id='word_1_606' title='bbox 206 4751 240 4820; x_wconf 82' lang='grc' dir='ltr'><strong>ἢ</strong></span> <span class='ocrx_word' id='word_1_607' title='bbox 277 4747 640 4820; x_wconf 68' lang='grc' dir='ltr'>ἀσυμμέτρως</span> <span class='ocrx_word' id='word_1_608' title='bbox 664 4747 762 4816; x_wconf 83' lang='grc' dir='ltr'><strong>τῷ.</strong></span> 
     </span>
    </p>
   </div>
   <div class='ocr_carea' id='block_1_81' title="bbox 278 4818 1765 4891">
    <p class='ocr_par' dir='ltr' id='par_1_81' title="bbox 278 4818 1765 4891">
     <span class='ocr_line' id='line_1_82' title="bbox 278 4818 1765 4891; baseline 0.005 -25"><span class='ocrx_word' id='word_1_609' title='bbox 278 4820 391 4891; x_wconf 60' lang='grc'>(72).)</span> <span class='ocrx_word' id='word_1_610' title='bbox 426 4818 533 4891; x_wconf 71' lang='lat' dir='ltr'><strong>|_l_la,</strong></span> <span class='ocrx_word' id='word_1_611' title='bbox 567 4821 698 4890; x_wconf 78' lang='grc' dir='ltr'>πρὸς</span> <span class='ocrx_word' id='word_1_612' title='bbox 726 4819 804 4881; x_wconf 89' lang='grc' dir='ltr'><strong>τό,</strong></span> <span class='ocrx_word' id='word_1_613' title='bbox 837 4827 965 4891; x_wconf 82' lang='lat' dir='ltr'><strong>etc.,</strong></span> <span class='ocrx_word' id='word_1_614' title='bbox 997 4819 1097 4873; x_wconf 93' lang='lat' dir='ltr'><strong>hoc</strong></span> <span class='ocrx_word' id='word_1_615' title='bbox 1124 4837 1282 4875; x_wconf 63' lang='lat' dir='ltr'><strong>sensu</strong></span> <span class='ocrx_word' id='word_1_616' title='bbox 1315 4823 1448 4874; x_wconf 82' lang='lat' dir='ltr'><strong>dicta</strong></span> <span class='ocrx_word' id='word_1_617' title='bbox 1482 4820 1646 4873; x_wconf 84' lang='lat' dir='ltr'><strong>fuisse.</strong></span> <span class='ocrx_word' id='word_1_618' title='bbox 1681 4836 1765 4873; x_wconf 86' lang='lat' dir='ltr'><strong>ar-</strong></span> 
     </span>
    </p>
   </div>
   <div class='ocr_carea' id='block_1_82' title="bbox 207 4887 1763 4957">
    <p class='ocr_par' dir='ltr' id='par_1_82' title="bbox 207 4887 1763 4957">
     <span class='ocr_line' id='line_1_83' title="bbox 207 4887 1763 4957; baseline 0 -15"><span class='ocrx_word' id='word_1_619' title='bbox 207 4887 402 4943; x_wconf 81' lang='lat' dir='ltr'><strong>bitror.</strong></span> <span class='ocrx_word' id='word_1_620' title='bbox 435 4887 646 4941; x_wconf 83' lang='lat' dir='ltr'><strong>Patrem</strong></span> <span class='ocrx_word' id='word_1_621' title='bbox 692 4891 828 4942; x_wconf 87' lang='lat' dir='ltr'><strong>Filio</strong></span> <span class='ocrx_word' id='word_1_622' title='bbox 866 4890 1120 4957; x_wconf 87' lang='lat' dir='ltr'><strong>majorem</strong></span> <span class='ocrx_word' id='word_1_623' title='bbox 1154 4907 1271 4945; x_wconf 84' lang='lat' dir='ltr'><strong>esse</strong></span> <span class='ocrx_word' id='word_1_624' title='bbox 1303 4895 1344 4944; x_wconf 91' lang='lat' dir='ltr'><strong>si</strong></span> <span class='ocrx_word' id='word_1_625' title='bbox 1385 4892 1763 4957; x_wconf 78' lang='lat' dir='ltr'><strong>proﬁteamini,</strong></span> 
     </span>
    </p>
   </div>
   <div class='ocr_carea' id='block_1_83' title="bbox 208 4957 1769 5027">
    <p class='ocr_par' dir='ltr' id='par_1_83' title="bbox 208 4957 1769 5027">
     <span class='ocr_line' id='line_1_84' title="bbox 208 4957 1769 5027; baseline 0.002 -18"><span class='ocrx_word' id='word_1_626' title='bbox 208 4973 548 5027; x_wconf 62' lang='lat' dir='ltr'><strong>consequens</strong></span> <span class='ocrx_word' id='word_1_627' title='bbox 578 4968 660 5009; x_wconf 88' lang='lat' dir='ltr'><strong>est</strong></span> <span class='ocrx_word' id='word_1_628' title='bbox 693 4970 749 5012; x_wconf 90' lang='lat' dir='ltr'><strong>ut</strong></span> <span class='ocrx_word' id='word_1_629' title='bbox 788 4961 979 5013; x_wconf 83' lang='lat' dir='ltr'><strong>dicatis</strong></span> <span class='ocrx_word' id='word_1_630' title='bbox 1008 4957 1169 5012; x_wconf 89' lang='lat' dir='ltr'><strong>Deum</strong></span> <span class='ocrx_word' id='word_1_631' title='bbox 1217 4963 1410 5014; x_wconf 80' lang='lat' dir='ltr'><strong>l&#39;rustra</strong></span> <span class='ocrx_word' id='word_1_632' title='bbox 1448 4963 1498 5011; x_wconf 89' lang='lat' dir='ltr'><strong>in</strong></span> <span class='ocrx_word' id='word_1_633' title='bbox 1531 4963 1579 5012; x_wconf 92' lang='lat' dir='ltr'><strong>id</strong></span> <span class='ocrx_word' id='word_1_634' title='bbox 1622 4962 1769 5013; x_wconf 85' lang='lat' dir='ltr'><strong>incu-</strong></span> 
     </span>
    </p>
   </div>
   <div class='ocr_carea' id='block_1_84' title="bbox 207 5030 1764 5096">
    <p class='ocr_par' dir='ltr' id='par_1_84' title="bbox 207 5030 1764 5096">
     <span class='ocr_line' id='line_1_85' title="bbox 207 5030 1764 5096; baseline 0 -14"><span class='ocrx_word' id='word_1_635' title='bbox 207 5030 413 5091; x_wconf 87' lang='lat' dir='ltr'><strong>buisse,</strong></span> <span class='ocrx_word' id='word_1_636' title='bbox 448 5038 502 5080; x_wconf 92' lang='grc' dir='ltr'><strong>ιιι</strong></span> <span class='ocrx_word' id='word_1_637' title='bbox 537 5043 784 5096; x_wconf 82' lang='lat' dir='ltr'><strong>magnum</strong></span> <span class='ocrx_word' id='word_1_638' title='bbox 819 5032 1100 5096; x_wconf 87' lang='lat' dir='ltr'><strong>quemdam</strong></span> <span class='ocrx_word' id='word_1_639' title='bbox 1131 5030 1376 5084; x_wconf 66' lang='lat' dir='ltr'><strong>etinctum</strong></span> <span class='ocrx_word' id='word_1_640' title='bbox 1411 5032 1612 5096; x_wconf 74' lang='lat' dir='ltr'><strong>ederet,</strong></span> <span class='ocrx_word' id='word_1_641' title='bbox 1644 5047 1764 5082; x_wconf 89' lang='lat' dir='ltr'><strong>emn</strong></span> 
     </span>
    </p>
   </div>
   <div class='ocr_carea' id='block_1_85' title="bbox 207 5098 1768 5168">
    <p class='ocr_par' dir='ltr' id='par_1_85' title="bbox 207 5098 1768 5168">
     <span class='ocr_line' id='line_1_86' title="bbox 207 5098 1768 5168; baseline 0.001 -17"><span class='ocrx_word' id='word_1_642' title='bbox 207 5101 352 5167; x_wconf 92' lang='lat' dir='ltr'><strong>quod</strong></span> <span class='ocrx_word' id='word_1_643' title='bbox 373 5100 528 5152; x_wconf 86' lang='lat' dir='ltr'><strong>vellet</strong></span> <span class='ocrx_word' id='word_1_644' title='bbox 549 5101 758 5164; x_wconf 87' lang='lat' dir='ltr'><strong>assequi</strong></span> <span class='ocrx_word' id='word_1_645' title='bbox 788 5116 889 5153; x_wconf 92' lang='lat' dir='ltr'><strong>non</strong></span> <span class='ocrx_word' id='word_1_646' title='bbox 920 5101 1168 5168; x_wconf 88' lang='lat' dir='ltr'><strong>potuerit.</strong></span> <span class='ocrx_word' id='word_1_647' title='bbox 1196 5098 1298 5152; x_wconf 88' lang='lat' dir='ltr'><strong>Ista</strong></span> <span class='ocrx_word' id='word_1_648' title='bbox 1323 5110 1403 5154; x_wconf 85' lang='lat' dir='ltr'><strong>est</strong></span> <span class='ocrx_word' id='word_1_649' title='bbox 1426 5101 1564 5152; x_wconf 90' lang='lat' dir='ltr'><strong>enim</strong></span> <span class='ocrx_word' id='word_1_650' title='bbox 1595 5110 1768 5153; x_wconf 87' lang='lat' dir='ltr'><strong>vestra</strong></span> 
     </span>
    </p>
   </div>
   <div class='ocr_carea' id='block_1_86' title="bbox 208 5170 1766 5235">
    <p class='ocr_par' dir='ltr' id='par_1_86' title="bbox 208 5170 1766 5235">
     <span class='ocr_line' id='line_1_87' title="bbox 208 5170 1766 5235; baseline 0 -15"><span class='ocrx_word' id='word_1_651' title='bbox 208 5171 498 5230; x_wconf 86' lang='lat' dir='ltr'><strong>sententia,</strong></span> <span class='ocrx_word' id='word_1_652' title='bbox 537 5170 851 5235; x_wconf 90' lang='lat' dir='ltr'><strong>productum</strong></span> <span class='ocrx_word' id='word_1_653' title='bbox 879 5187 980 5222; x_wconf 90' lang='lat' dir='ltr'><strong>non</strong></span> <span class='ocrx_word' id='word_1_654' title='bbox 1017 5170 1178 5221; x_wconf 85' lang='lat' dir='ltr'><strong>fuisse</strong></span> <span class='ocrx_word' id='word_1_655' title='bbox 1204 5184 1233 5220; x_wconf 87' lang='lat' dir='ltr'><strong>a</strong></span> <span class='ocrx_word' id='word_1_656' title='bbox 1262 5171 1386 5232; x_wconf 89' lang='lat' dir='ltr'><strong>Deo,</strong></span> <span class='ocrx_word' id='word_1_657' title='bbox 1424 5185 1543 5222; x_wconf 89' lang='lat' dir='ltr'><strong>cum</strong></span> <span class='ocrx_word' id='word_1_658' title='bbox 1573 5170 1766 5223; x_wconf 88' lang='lat' dir='ltr'><strong>Filimn</strong></span> 
     </span>
    </p>
   </div>
   <div class='ocr_carea' id='block_1_87' title="bbox 208 5238 1766 5308">
    <p class='ocr_par' dir='ltr' id='par_1_87' title="bbox 208 5238 1766 5308">
     <span class='ocr_line' id='line_1_88' title="bbox 208 5238 1766 5308; baseline 0.003 -20"><span class='ocrx_word' id='word_1_659' title='bbox 208 5240 414 5304; x_wconf 78' lang='lat' dir='ltr'><strong>genuit,</strong></span> <span class='ocrx_word' id='word_1_660' title='bbox 458 5238 706 5292; x_wconf 71' lang='lat' dir='ltr'><strong>cﬂeetum</strong></span> <span class='ocrx_word' id='word_1_661' title='bbox 742 5241 1069 5306; x_wconf 84' lang='lat' dir='ltr'><strong>quempiam,</strong></span> <span class='ocrx_word' id='word_1_662' title='bbox 1104 5240 1192 5305; x_wconf 93' lang='lat' dir='ltr'><strong>qui</strong></span> <span class='ocrx_word' id='word_1_663' title='bbox 1224 5251 1316 5292; x_wconf 88' lang='lat' dir='ltr'><strong>aut</strong></span> <span class='ocrx_word' id='word_1_664' title='bbox 1355 5242 1648 5308; x_wconf 86' lang='lat' dir='ltr'><strong>operationi</strong></span> <span class='ocrx_word' id='word_1_665' title='bbox 1681 5257 1766 5293; x_wconf 80' lang='lat' dir='ltr'><strong>re—</strong></span> 
     </span>
    </p>
   </div>
   <div class='ocr_carea' id='block_1_88' title="bbox 210 5310 1764 5374">
    <p class='ocr_par' dir='ltr' id='par_1_88' title="bbox 210 5310 1764 5374">
     <span class='ocr_line' id='line_1_89' title="bbox 210 5310 1764 5374; baseline 0.003 -16"><span class='ocrx_word' id='word_1_666' title='bbox 210 5310 494 5373; x_wconf 81' lang='lat' dir='ltr'><strong>spondeat,</strong></span> <span class='ocrx_word' id='word_1_667' title='bbox 539 5317 631 5360; x_wconf 89' lang='lat' dir='ltr'><strong>aut</strong></span> <span class='ocrx_word' id='word_1_668' title='bbox 665 5324 782 5361; x_wconf 90' lang='lat' dir='ltr'><strong>cmn</strong></span> <span class='ocrx_word' id='word_1_669' title='bbox 816 5324 873 5360; x_wconf 89' lang='lat' dir='ltr'><strong>ea</strong></span> <span class='ocrx_word' id='word_1_670' title='bbox 910 5311 1304 5374; x_wconf 88' lang='lat' dir='ltr'><strong>proportionem</strong></span> <span class='ocrx_word' id='word_1_671' title='bbox 1355 5311 1547 5362; x_wconf 85' lang='lat' dir='ltr'><strong>haheat</strong></span> <span class='ocrx_word' id='word_1_672' title='bbox 1583 5311 1764 5362; x_wconf 88' lang='lat' dir='ltr'><strong>ullam.</strong></span> 
     </span>
    </p>
   </div>
   <div class='ocr_carea' id='block_1_89' title="bbox 213 5379 1767 5449">
    <p class='ocr_par' dir='ltr' id='par_1_89' title="bbox 213 5379 1767 5449">
     <span class='ocr_line' id='line_1_90' title="bbox 213 5379 1767 5449; baseline 0.002 -19"><span class='ocrx_word' id='word_1_673' title='bbox 213 5379 287 5430; x_wconf 68' lang='lat' dir='ltr'><strong>lix</strong></span> <span class='ocrx_word' id='word_1_674' title='bbox 316 5393 422 5446; x_wconf 90' lang='lat' dir='ltr'><strong>quo</strong></span> <span class='ocrx_word' id='word_1_675' title='bbox 449 5380 502 5428; x_wconf 91' lang='lat' dir='ltr'><strong>lit</strong></span> <span class='ocrx_word' id='word_1_676' title='bbox 535 5390 584 5430; x_wconf 92' lang='lat' dir='ltr'><strong>ut</strong></span> <span class='ocrx_word' id='word_1_677' title='bbox 614 5379 788 5439; x_wconf 88' lang='lat' dir='ltr'><strong>Pater,</strong></span> <span class='ocrx_word' id='word_1_678' title='bbox 825 5395 942 5430; x_wconf 88' lang='lat' dir='ltr'><strong>eum</strong></span> <span class='ocrx_word' id='word_1_679' title='bbox 968 5379 1158 5431; x_wconf 78' lang='lat' dir='ltr'><strong>Filium</strong></span> <span class='ocrx_word' id='word_1_680' title='bbox 1190 5381 1490 5449; x_wconf 79' lang='lat' dir='ltr'><strong>generavit,</strong></span> <span class='ocrx_word' id='word_1_681' title='bbox 1525 5395 1634 5433; x_wconf 88' lang='lat' dir='ltr'><strong>rem</strong></span> <span class='ocrx_word' id='word_1_682' title='bbox 1665 5396 1767 5433; x_wconf 90' lang='lat' dir='ltr'><strong>non</strong></span> 
     </span>
    </p>
   </div>
   <div class='ocr_carea' id='block_1_90' title="bbox 212 5449 932 5516">
    <p class='ocr_par' dir='ltr' id='par_1_90' title="bbox 212 5449 932 5516">
     <span class='ocr_line' id='line_1_91' title="bbox 212 5449 932 5516; baseline -0.001 -15"><span class='ocrx_word' id='word_1_683' title='bbox 212 5450 283 5501; x_wconf 87' lang='lat' dir='ltr'><strong>ita</strong></span> <span class='ocrx_word' id='word_1_684' title='bbox 320 5463 562 5513; x_wconf 84' lang='lat' dir='ltr'><strong>magnam</strong></span> <span class='ocrx_word' id='word_1_685' title='bbox 605 5449 932 5516; x_wconf 80' lang='lat' dir='ltr'><strong>produxerit.</strong></span> 
     </span>
    </p>
   </div>
   <div class='ocr_carea' id='block_1_91' title="bbox 281 5517 1770 5584">
    <p class='ocr_par' dir='ltr' id='par_1_91' title="bbox 281 5517 1770 5584">
     <span class='ocr_line' id='line_1_92' title="bbox 281 5517 1770 5584; baseline 0.003 -16"><span class='ocrx_word' id='word_1_686' title='bbox 281 5517 396 5584; x_wconf 80' lang='grc'>(75)</span> <span class='ocrx_word' id='word_1_687' title='bbox 438 5518 618 5569; x_wconf 82' lang='grc' dir='ltr'>’Ὥστε</span> <span class='ocrx_word' id='word_1_688' title='bbox 649 5519 715 5570; x_wconf 79' lang='grc' dir='ltr'>τὸ</span> <span class='ocrx_word' id='word_1_689' title='bbox 741 5518 944 5584; x_wconf 80' lang='grc' dir='ltr'>ἕτερον</span> <span class='ocrx_word' id='word_1_690' title='bbox 969 5517 1093 5570; x_wconf 77' lang='grc' dir='ltr'>τοῖν</span> <span class='ocrx_word' id='word_1_691' title='bbox 1128 5518 1316 5579; x_wconf 72' lang='grc' dir='ltr'>δυοῖν,</span> <span class='ocrx_word' id='word_1_692' title='bbox 1346 5530 1450 5575; x_wconf 83' lang='lat' dir='ltr'><strong>etc.</strong></span> <span class='ocrx_word' id='word_1_693' title='bbox 1483 5519 1647 5572; x_wconf 89' lang='lat' dir='ltr'><strong>Totus</strong></span> <span class='ocrx_word' id='word_1_694' title='bbox 1683 5519 1770 5572; x_wconf 85' lang='lat' dir='ltr'><strong>Itic</strong></span> 
     </span>
    </p>
   </div>
   <div class='ocr_carea' id='block_1_92' title="bbox 212 5587 1770 5657">
    <p class='ocr_par' dir='ltr' id='par_1_92' title="bbox 212 5587 1770 5657">
     <span class='ocr_line' id='line_1_93' title="bbox 212 5587 1770 5657; baseline 0.001 -19"><span class='ocrx_word' id='word_1_695' title='bbox 212 5589 362 5640; x_wconf 87' lang='lat' dir='ltr'><strong>locus</strong></span> <span class='ocrx_word' id='word_1_696' title='bbox 390 5587 470 5640; x_wconf 87' lang='lat' dir='ltr'><strong>sic</strong></span> <span class='ocrx_word' id='word_1_697' title='bbox 509 5587 717 5641; x_wconf 78' lang='lat' dir='ltr'><strong>videtur</strong></span> <span class='ocrx_word' id='word_1_698' title='bbox 761 5589 1058 5642; x_wconf 77' lang='lat' dir='ltr'><strong>reddendus</strong></span> <span class='ocrx_word' id='word_1_699' title='bbox 1090 5607 1101 5641; x_wconf 90' lang='lat'>:</span> <span class='ocrx_word' id='word_1_700' title='bbox 1141 5588 1323 5657; x_wconf 81' lang='lat' dir='ltr'><strong>Itaque</strong></span> <span class='ocrx_word' id='word_1_701' title='bbox 1363 5591 1669 5641; x_wconf 79' lang='lat' dir='ltr'><strong>alterutrum</strong></span> <span class='ocrx_word' id='word_1_702' title='bbox 1708 5605 1770 5640; x_wconf 67' lang='lat' dir='ltr'><strong>ex</strong></span> 
     </span>
    </p>
   </div>
   <div class='ocr_carea' id='block_1_93' title="bbox 211 5657 1769 5720">
    <p class='ocr_par' dir='ltr' id='par_1_93' title="bbox 211 5657 1769 5720">
     <span class='ocr_line' id='line_1_94' title="bbox 211 5657 1769 5720; baseline 0.002 -13"><span class='ocrx_word' id='word_1_703' title='bbox 211 5660 413 5710; x_wconf 84' lang='lat' dir='ltr'><strong>duobus</strong></span> <span class='ocrx_word' id='word_1_704' title='bbox 448 5660 736 5710; x_wconf 85' lang='lat' dir='ltr'><strong>necessario</strong></span> <span class='ocrx_word' id='word_1_705' title='bbox 767 5659 1061 5720; x_wconf 75' lang='lat' dir='ltr'><strong>admittant,</strong></span> <span class='ocrx_word' id='word_1_706' title='bbox 1101 5660 1172 5710; x_wconf 91' lang='lat' dir='ltr'><strong>ita</strong></span> <span class='ocrx_word' id='word_1_707' title='bbox 1205 5672 1256 5711; x_wconf 87' lang='lat' dir='ltr'><strong>ut</strong></span> <span class='ocrx_word' id='word_1_708' title='bbox 1283 5660 1357 5711; x_wconf 77' lang='lat' dir='ltr'><strong>vel</strong></span> <span class='ocrx_word' id='word_1_709' title='bbox 1387 5657 1548 5710; x_wconf 81' lang='lat' dir='ltr'><strong>Pater</strong></span> <span class='ocrx_word' id='word_1_710' title='bbox 1569 5677 1668 5711; x_wconf 86' lang='lat' dir='ltr'><strong>non</strong></span> <span class='ocrx_word' id='word_1_711' title='bbox 1697 5661 1769 5710; x_wconf 88' lang='lat' dir='ltr'><strong>si-</strong></span> 
     </span>
    </p>
   </div>
   <div class='ocr_carea' id='block_1_94' title="bbox 213 5729 1770 5795">
    <p class='ocr_par' dir='ltr' id='par_1_94' title="bbox 213 5729 1770 5795">
     <span class='ocr_line' id='line_1_95' title="bbox 213 5729 1770 5795; baseline 0.001 -17"><span class='ocrx_word' id='word_1_712' title='bbox 213 5729 423 5794; x_wconf 82' lang='lat' dir='ltr'><strong>gniﬁcet</strong></span> <span class='ocrx_word' id='word_1_713' title='bbox 471 5729 839 5795; x_wconf 84' lang='lat' dir='ltr'><strong>operationem,</strong></span> <span class='ocrx_word' id='word_1_714' title='bbox 877 5730 966 5780; x_wconf 78' lang='lat' dir='ltr'><strong>sed</strong></span> <span class='ocrx_word' id='word_1_715' title='bbox 1017 5731 1362 5781; x_wconf 73' lang='lat' dir='ltr'><strong>substantia»:</strong></span> <span class='ocrx_word' id='word_1_716' title='bbox 1418 5731 1611 5795; x_wconf 77' lang='lat' dir='ltr'><strong>(sicque</strong></span> <span class='ocrx_word' id='word_1_717' title='bbox 1663 5729 1770 5780; x_wconf 81' lang='lat' dir='ltr'><strong>illis</strong></span> 
     </span>
    </p>
   </div>
   <div class='ocr_carea' id='block_1_95' title="bbox 213 5797 1769 5865">
    <p class='ocr_par' dir='ltr' id='par_1_95' title="bbox 213 5797 1769 5865">
     <span class='ocr_line' id='line_1_96' title="bbox 213 5797 1769 5865; baseline 0.002 -18"><span class='ocrx_word' id='word_1_718' title='bbox 213 5810 472 5851; x_wconf 72' lang='lat' dir='ltr'><strong>evanescat</strong></span> <span class='ocrx_word' id='word_1_719' title='bbox 508 5799 800 5864; x_wconf 76' lang='lat' dir='ltr'><strong>exrogitata</strong></span> <span class='ocrx_word' id='word_1_720' title='bbox 849 5800 1208 5852; x_wconf 79' lang='lat' dir='ltr'><strong>similitudinis</strong></span> <span class='ocrx_word' id='word_1_721' title='bbox 1255 5801 1406 5865; x_wconf 84' lang='lat' dir='ltr'><strong>ratio,</strong></span> <span class='ocrx_word' id='word_1_722' title='bbox 1448 5803 1570 5850; x_wconf 83' lang='lat' dir='ltr'><strong>dum</strong></span> <span class='ocrx_word' id='word_1_723' title='bbox 1620 5797 1769 5850; x_wconf 84' lang='lat' dir='ltr'><strong>I&#39;atri</strong></span> 
     </span>
    </p>
   </div>
   <div class='ocr_carea' id='block_1_96' title="bbox 1860 3238 3418 3308">
    <p class='ocr_par' dir='ltr' id='par_1_96' title="bbox 1860 3238 3418 3308">
     <span class='ocr_line' id='line_1_97' title="bbox 1860 3238 3418 3308; baseline 0 -16"><span class='ocrx_word' id='word_1_724' title='bbox 1860 3241 1983 3308; x_wconf 84' lang='lat' dir='ltr'><strong>quid</strong></span> <span class='ocrx_word' id='word_1_725' title='bbox 2006 3241 2103 3293; x_wconf 86' lang='lat' dir='ltr'><strong>diei</strong></span> <span class='ocrx_word' id='word_1_726' title='bbox 2134 3240 2301 3293; x_wconf 89' lang='lat' dir='ltr'><strong>oossit</strong></span> <span class='ocrx_word' id='word_1_727' title='bbox 2333 3238 2523 3305; x_wconf 81' lang='lat' dir='ltr'><strong>majus,</strong></span> <span class='ocrx_word' id='word_1_728' title='bbox 2545 3252 2632 3294; x_wconf 89' lang='lat' dir='ltr'><strong>aut</strong></span> <span class='ocrx_word' id='word_1_729' title='bbox 2663 3242 2868 3294; x_wconf 88' lang='lat' dir='ltr'><strong>ratione</strong></span> <span class='ocrx_word' id='word_1_730' title='bbox 2898 3257 3092 3305; x_wconf 83' lang='lat' dir='ltr'><strong>causae,</strong></span> <span class='ocrx_word' id='word_1_731' title='bbox 3123 3249 3418 3308; x_wconf 85' lang='lat' dir='ltr'><strong>autpoten-</strong></span> 
     </span>
    </p>
   </div>
   <div class='ocr_carea' id='block_1_97' title="bbox 1860 3331 3420 3401">
    <p class='ocr_par' dir='ltr' id='par_1_97' title="bbox 1860 3331 3420 3401">
     <span class='ocr_line' id='line_1_98' title="bbox 1860 3331 3420 3401; baseline 0.003 -17"><span class='ocrx_word' id='word_1_732' title='bbox 1860 3334 1944 3386; x_wconf 74' lang='lat' dir='ltr'><strong>tite</strong></span> <span class='ocrx_word' id='word_1_733' title='bbox 1977 3333 2346 3397; x_wconf 88' lang='lat' dir='ltr'><strong>redundantia,</strong></span> <span class='ocrx_word' id='word_1_734' title='bbox 2370 3340 2461 3384; x_wconf 86' lang='lat' dir='ltr'><strong>aut</strong></span> <span class='ocrx_word' id='word_1_735' title='bbox 2489 3331 2801 3386; x_wconf 81' lang='lat' dir='ltr'><strong>excellentia</strong></span> <span class='ocrx_word' id='word_1_736' title='bbox 2835 3332 3128 3401; x_wconf 74' lang='lat' dir='ltr'><strong>dignitatis,</strong></span> <span class='ocrx_word' id='word_1_737' title='bbox 3153 3343 3244 3386; x_wconf 89' lang='lat' dir='ltr'><strong>aut</strong></span> <span class='ocrx_word' id='word_1_738' title='bbox 3266 3333 3420 3388; x_wconf 89' lang='lat' dir='ltr'><strong>molis</strong></span> 
     </span>
    </p>
   </div>
   <div class='ocr_carea' id='block_1_98' title="bbox 1865 3424 3418 3494">
    <p class='ocr_par' dir='ltr' id='par_1_98' title="bbox 1865 3424 3418 3494">
     <span class='ocr_line' id='line_1_99' title="bbox 1865 3424 3418 3494; baseline 0.001 -18"><span class='ocrx_word' id='word_1_739' title='bbox 1865 3425 2228 3494; x_wconf 74' lang='lat' dir='ltr'><strong>magnitudine</strong></span> <span class='ocrx_word' id='word_1_740' title='bbox 2261 3424 2283 3475; x_wconf 83' lang='lat'><strong>?</strong></span> <span class='ocrx_word' id='word_1_741' title='bbox 2313 3424 2494 3490; x_wconf 88' lang='lat' dir='ltr'><strong>Itaque</strong></span> <span class='ocrx_word' id='word_1_742' title='bbox 2539 3439 2642 3476; x_wconf 93' lang='lat' dir='ltr'><strong>non</strong></span> <span class='ocrx_word' id='word_1_743' title='bbox 2702 3424 2867 3490; x_wconf 91' lang='lat' dir='ltr'><strong>accipi</strong></span> <span class='ocrx_word' id='word_1_744' title='bbox 2913 3424 3082 3492; x_wconf 81' lang='lat' dir='ltr'><strong>majus</strong></span> <span class='ocrx_word' id='word_1_745' title='bbox 3130 3425 3418 3478; x_wconf 91' lang='lat' dir='ltr'><strong>secundum</strong></span> 
     </span>
    </p>
   </div>
   <div class='ocr_carea' id='block_1_99' title="bbox 1866 3516 3423 3587">
    <p class='ocr_par' dir='ltr' id='par_1_99' title="bbox 1866 3516 3423 3587">
     <span class='ocr_line' id='line_1_100' title="bbox 1866 3516 3423 3587; baseline -0.001 -17"><span class='ocrx_word' id='word_1_746' title='bbox 1866 3519 2304 3586; x_wconf 74' lang='lat' dir='ltr'><strong>magnitudinem,</strong></span> <span class='ocrx_word' id='word_1_747' title='bbox 2323 3527 2373 3571; x_wconf 91' lang='lat' dir='ltr'><strong>et</strong></span> <span class='ocrx_word' id='word_1_748' title='bbox 2404 3517 2486 3570; x_wconf 90' lang='lat' dir='ltr'><strong>hic</strong></span> <span class='ocrx_word' id='word_1_749' title='bbox 2518 3517 2630 3584; x_wconf 89' lang='lat' dir='ltr'><strong>ipse</strong></span> <span class='ocrx_word' id='word_1_750' title='bbox 2662 3516 2805 3582; x_wconf 89' lang='lat' dir='ltr'><strong>prior</strong></span> <span class='ocrx_word' id='word_1_751' title='bbox 2832 3516 2959 3568; x_wconf 77' lang='lat' dir='ltr'><strong>dixit</strong></span> <span class='ocrx_word' id='word_1_752' title='bbox 2979 3532 2992 3580; x_wconf 88' lang='lat'><strong>;</strong></span> <span class='ocrx_word' id='word_1_753' title='bbox 3013 3516 3174 3587; x_wconf 76' lang='lat'><strong>236</strong></span> <span class='ocrx_word' id='word_1_754' title='bbox 3188 3526 3240 3571; x_wconf 91' lang='lat' dir='ltr'><strong>et</strong></span> <span class='ocrx_word' id='word_1_755' title='bbox 3267 3516 3423 3586; x_wconf 84' lang='lat' dir='ltr'><strong>plane</strong></span> 
     </span>
    </p>
   </div>
   <div class='ocr_carea' id='block_1_100' title="bbox 1867 3844 3422 3916">
    <p class='ocr_par' dir='ltr' id='par_1_100' title="bbox 1867 3844 3422 3916">
     <span class='ocr_line' id='line_1_101' title="bbox 1867 3844 3422 3916; baseline 0.001 -19"><span class='ocrx_word' id='word_1_756' title='bbox 1867 3845 2085 3916; x_wconf 79' lang='lat' dir='ltr'><strong>similem</strong></span> <span class='ocrx_word' id='word_1_757' title='bbox 2139 3844 2337 3916; x_wconf 80' lang='lat' dir='ltr'><strong>Filium</strong></span> <span class='ocrx_word' id='word_1_758' title='bbox 2380 3847 2579 3908; x_wconf 84' lang='lat' dir='ltr'><strong>dicunt,</strong></span> <span class='ocrx_word' id='word_1_759' title='bbox 2638 3848 2692 3898; x_wconf 82' lang='lat' dir='ltr'><strong>id</strong></span> <span class='ocrx_word' id='word_1_760' title='bbox 2739 3856 2810 3900; x_wconf 88' lang='lat' dir='ltr'><strong>est</strong></span> <span class='ocrx_word' id='word_1_761' title='bbox 2851 3848 3138 3912; x_wconf 81' lang='lat' dir='ltr'><strong>Operationi</strong></span> <span class='ocrx_word' id='word_1_762' title='bbox 3169 3860 3187 3898; x_wconf 89' lang='lat'><strong><em>:</em></strong></span> <span class='ocrx_word' id='word_1_763' title='bbox 3217 3851 3422 3916; x_wconf 84' lang='lat' dir='ltr'><strong>qualem</strong></span> 
     </span>
    </p>
   </div>
   <div class='ocr_carea' id='block_1_101' title="bbox 1865 3915 3420 3983">
    <p class='ocr_par' dir='ltr' id='par_1_101' title="bbox 1865 3915 3420 3983">
     <span class='ocr_line' id='line_1_102' title="bbox 1865 3915 3420 3983; baseline -0.001 -16"><span class='ocrx_word' id='word_1_764' title='bbox 1865 3915 1994 3967; x_wconf 82' lang='lat' dir='ltr'><strong>enim</strong></span> <span class='ocrx_word' id='word_1_765' title='bbox 2041 3916 2198 3966; x_wconf 70' lang='lat' dir='ltr'><strong>voluit</strong></span> <span class='ocrx_word' id='word_1_766' title='bbox 2257 3915 2432 3977; x_wconf 80' lang='lat' dir='ltr'><strong>Pater,</strong></span> <span class='ocrx_word' id='word_1_767' title='bbox 2480 3917 2738 3981; x_wconf 88' lang='lat' dir='ltr'><strong>inquiunt,</strong></span> <span class='ocrx_word' id='word_1_768' title='bbox 2779 3917 2930 3970; x_wconf 88' lang='lat' dir='ltr'><strong>talem</strong></span> <span class='ocrx_word' id='word_1_769' title='bbox 2976 3917 3144 3983; x_wconf 56' lang='lat' dir='ltr'><strong>fecit:</strong></span> <span class='ocrx_word' id='word_1_770' title='bbox 3186 3915 3321 3969; x_wconf 82' lang='lat' dir='ltr'><strong>unde</strong></span> <span class='ocrx_word' id='word_1_771' title='bbox 3374 3927 3420 3968; x_wconf 90' lang='lat' dir='ltr'><strong>et</strong></span> 
     </span>
    </p>
   </div>
   <div class='ocr_carea' id='block_1_102' title="bbox 1864 3985 3422 4053">
    <p class='ocr_par' dir='ltr' id='par_1_102' title="bbox 1864 3985 3422 4053">
     <span class='ocr_line' id='line_1_103' title="bbox 1864 3985 3422 4053; baseline 0.001 -17"><span class='ocrx_word' id='word_1_772' title='bbox 1864 3986 2134 4051; x_wconf 82' lang='lat' dir='ltr'><strong>imaginem</strong></span> <span class='ocrx_word' id='word_1_773' title='bbox 2171 3985 2444 4037; x_wconf 73' lang='lat' dir='ltr'><strong>voluntatis</strong></span> <span class='ocrx_word' id='word_1_774' title='bbox 2484 3986 2631 4038; x_wconf 83' lang='lat' dir='ltr'><strong>illum</strong></span> <span class='ocrx_word' id='word_1_775' title='bbox 2682 3987 3002 4053; x_wconf 80' lang='lat' dir='ltr'><strong>appellant);</strong></span> <span class='ocrx_word' id='word_1_776' title='bbox 3038 3989 3113 4038; x_wconf 81' lang='lat' dir='ltr'><strong>vel</strong></span> <span class='ocrx_word' id='word_1_777' title='bbox 3139 3989 3182 4039; x_wconf 88' lang='lat' dir='ltr'><strong>si</strong></span> <span class='ocrx_word' id='word_1_778' title='bbox 3214 3989 3267 4038; x_wconf 82' lang='lat' dir='ltr'><strong>id</strong></span> <span class='ocrx_word' id='word_1_779' title='bbox 3297 3987 3422 4040; x_wconf 83' lang='lat' dir='ltr'><strong>reti-</strong></span> 
     </span>
    </p>
   </div>
   <div class='ocr_carea' id='block_1_103' title="bbox 1871 4053 3051 4121">
    <p class='ocr_par' dir='ltr' id='par_1_103' title="bbox 1871 4053 3051 4121">
     <span class='ocr_line' id='line_1_104' title="bbox 1871 4053 3051 4121; baseline 0.002 -17"><span class='ocrx_word' id='word_1_780' title='bbox 1871 4067 2006 4117; x_wconf 80' lang='lat' dir='ltr'><strong>nent,</strong></span> <span class='ocrx_word' id='word_1_781' title='bbox 2035 4053 2204 4115; x_wconf 75' lang='lat' dir='ltr'><strong>maior</strong></span> <span class='ocrx_word' id='word_1_782' title='bbox 2237 4053 2375 4106; x_wconf 76' lang='lat' dir='ltr'><strong>Filio</strong></span> <span class='ocrx_word' id='word_1_783' title='bbox 2412 4055 2569 4106; x_wconf 76' lang='lat' dir='ltr'><strong>Pater</strong></span> <span class='ocrx_word' id='word_1_784' title='bbox 2602 4057 2703 4106; x_wconf 74' lang='lat' dir='ltr'><strong>diri</strong></span> <span class='ocrx_word' id='word_1_785' title='bbox 2742 4073 2840 4108; x_wconf 87' lang='lat' dir='ltr'><strong>non</strong></span> <span class='ocrx_word' id='word_1_786' title='bbox 2867 4059 3051 4121; x_wconf 74' lang='lat' dir='ltr'><strong>possit.</strong></span> 
     </span>
    </p>
   </div>
   <div class='ocr_carea' id='block_1_104' title="bbox 1940 4123 3420 4195">
    <p class='ocr_par' dir='ltr' id='par_1_104' title="bbox 1940 4123 3420 4195">
     <span class='ocr_line' id='line_1_105' title="bbox 1940 4123 3420 4195; baseline 0.002 -22"><span class='ocrx_word' id='word_1_787' title='bbox 1940 4123 2050 4190; x_wconf 72' lang='grc'>(74)</span> <span class='ocrx_word' id='word_1_788' title='bbox 2086 4127 2261 4175; x_wconf 65' lang='lat' dir='ltr'><strong>Codex</strong></span> <span class='ocrx_word' id='word_1_789' title='bbox 2311 4126 2458 4177; x_wconf 87' lang='lat' dir='ltr'><strong>Colb.</strong></span> <span class='ocrx_word' id='word_1_790' title='bbox 2495 4141 2612 4176; x_wconf 87' lang='lat' dir='ltr'><strong>cum</strong></span> <span class='ocrx_word' id='word_1_791' title='bbox 2654 4125 2784 4193; x_wconf 78' lang='lat' dir='ltr'><strong>Reg.</strong></span> <span class='ocrx_word' id='word_1_792' title='bbox 2823 4127 2977 4178; x_wconf 88' lang='lat' dir='ltr'><strong>tertio</strong></span> <span class='ocrx_word' id='word_1_793' title='bbox 3022 4125 3420 4195; x_wconf 78' lang='grc' dir='ltr'>ἀνομοιότητος,</span> 
     </span>
    </p>
   </div>
   <div class='ocr_carea' id='block_1_105' title="bbox 1869 4195 3420 4274">
    <p class='ocr_par' dir='ltr' id='par_1_105' title="bbox 1869 4195 3420 4274">
     <span class='ocr_line' id='line_1_106' title="bbox 1869 4195 3420 4274; baseline 0.003 -30"><span class='ocrx_word' id='word_1_794' title='bbox 1869 4205 2136 4274; x_wconf 79' lang='lat' dir='ltr'><strong>corrupte.</strong></span> <span class='ocrx_word' id='word_1_795' title='bbox 2168 4196 2269 4246; x_wconf 76' lang='lat' dir='ltr'><strong>Alii</strong></span> <span class='ocrx_word' id='word_1_796' title='bbox 2303 4213 2427 4273; x_wconf 81' lang='lat' dir='ltr'><strong>mss.</strong></span> <span class='ocrx_word' id='word_1_797' title='bbox 2461 4207 2510 4274; x_wconf 61' lang='lat' dir='ltr'><strong>et</strong></span> <span class='ocrx_word' id='word_1_798' title='bbox 2552 4197 2676 4248; x_wconf 87' lang='lat' dir='ltr'><strong>editi</strong></span> <span class='ocrx_word' id='word_1_799' title='bbox 2719 4196 3254 4274; x_wconf 36' lang='grc' dir='ltr'>όμοιότητοςητυριρ.</span> <span class='ocrx_word' id='word_1_800' title='bbox 3290 4195 3420 4248; x_wconf 87' lang='lat' dir='ltr'><strong>Illud</strong></span> 
     </span>
    </p>
   </div>
   <div class='ocr_carea' id='block_1_106' title="bbox 1867 4266 3423 4332">
    <p class='ocr_par' dir='ltr' id='par_1_106' title="bbox 1867 4266 3423 4332">
     <span class='ocr_line' id='line_1_107' title="bbox 1867 4266 3423 4332; baseline 0.005 -22"><span class='ocrx_word' id='word_1_801' title='bbox 1867 4266 2007 4327; x_wconf 77' lang='lat' dir='ltr'><strong>quod</strong></span> <span class='ocrx_word' id='word_1_802' title='bbox 2038 4280 2157 4316; x_wconf 80' lang='lat' dir='ltr'><strong>mox</strong></span> <span class='ocrx_word' id='word_1_803' title='bbox 2191 4266 2449 4330; x_wconf 84' lang='lat' dir='ltr'><strong>sequitur,</strong></span> <span class='ocrx_word' id='word_1_804' title='bbox 2483 4266 2662 4332; x_wconf 80' lang='grc' dir='ltr'>ὅμοιον</span> <span class='ocrx_word' id='word_1_805' title='bbox 2689 4266 2764 4332; x_wconf 80' lang='grc' dir='ltr'><strong>τῷ</strong></span> <span class='ocrx_word' id='word_1_806' title='bbox 2794 4277 2921 4328; x_wconf 87' lang='lat' dir='ltr'><strong>ete.,</strong></span> <span class='ocrx_word' id='word_1_807' title='bbox 2955 4267 3022 4317; x_wconf 88' lang='lat' dir='ltr'><strong>ita</strong></span> <span class='ocrx_word' id='word_1_808' title='bbox 3063 4267 3423 4332; x_wconf 88' lang='lat' dir='ltr'><strong>interpretans</strong></span> 
     </span>
    </p>
   </div>
   <div class='ocr_carea' id='block_1_107' title="bbox 1869 4332 3421 4400">
    <p class='ocr_par' dir='ltr' id='par_1_107' title="bbox 1869 4332 3421 4400">
     <span class='ocr_line' id='line_1_108' title="bbox 1869 4332 3421 4400; baseline 0.001 -16"><span class='ocrx_word' id='word_1_809' title='bbox 1869 4334 2279 4400; x_wconf 69' lang='lat' dir='ltr'><strong>&#39;l‘rapeutnlius,</strong></span> <span class='ocrx_word' id='word_1_810' title='bbox 2315 4350 2428 4384; x_wconf 87' lang='lat' dir='ltr'><strong>cum</strong></span> <span class='ocrx_word' id='word_1_811' title='bbox 2482 4332 2628 4384; x_wconf 75' lang='lat' dir='ltr'><strong>Pam&quot;</strong></span> <span class='ocrx_word' id='word_1_812' title='bbox 2672 4332 2890 4396; x_wconf 81' lang='lat' dir='ltr'><strong>Filium,</strong></span> <span class='ocrx_word' id='word_1_813' title='bbox 2928 4336 2981 4386; x_wconf 86' lang='lat' dir='ltr'><strong>id</strong></span> <span class='ocrx_word' id='word_1_814' title='bbox 3027 4345 3099 4387; x_wconf 86' lang='lat' dir='ltr'><strong>est</strong></span> <span class='ocrx_word' id='word_1_815' title='bbox 3136 4337 3421 4399; x_wconf 81' lang='lat' dir='ltr'><strong>operationi</strong></span> 
     </span>
    </p>
   </div>
   <div class='ocr_carea' id='block_1_108' title="bbox 1867 4401 3415 4461">
    <p class='ocr_par' dir='ltr' id='par_1_108' title="bbox 1867 4401 3415 4461">
     <span class='ocr_line' id='line_1_109' title="bbox 1867 4401 3415 4461; baseline -0.001 -7"><span class='ocrx_word' id='word_1_816' title='bbox 1867 4407 2085 4454; x_wconf 70' lang='lat' dir='ltr'><strong>similem</strong></span> <span class='ocrx_word' id='word_1_817' title='bbox 2133 4401 2467 4461; x_wconf 79' lang='lat' dir='ltr'><strong>arbitrentur,</strong></span> <span class='ocrx_word' id='word_1_818' title='bbox 2500 4419 2718 4455; x_wconf 79' lang='lat' dir='ltr'><strong>sensum</strong></span> <span class='ocrx_word' id='word_1_819' title='bbox 2765 4407 3046 4456; x_wconf 85' lang='lat' dir='ltr'><strong>verborum</strong></span> <span class='ocrx_word' id='word_1_820' title='bbox 3097 4405 3200 4456; x_wconf 88' lang='lat' dir='ltr'><strong>alio</strong></span> <span class='ocrx_word' id='word_1_821' title='bbox 3231 4407 3415 4455; x_wconf 83' lang='lat' dir='ltr'><strong>detor—</strong></span> 
     </span>
    </p>
   </div>
   <div class='ocr_carea' id='block_1_109' title="bbox 1820 4471 3421 4557">
    <p class='ocr_par' dir='ltr' id='par_1_109' title="bbox 1820 4471 3421 4557">
     <span class='ocr_line' id='line_1_110' title="bbox 1820 4471 3421 4557; baseline 0.002 -34"><span class='ocrx_word' id='word_1_822' title='bbox 1820 4528 1836 4557; x_wconf 31' lang='grc' dir='ltr'>ἢ</span> <span class='ocrx_word' id='word_1_823' title='bbox 1868 4475 1953 4550; x_wconf 81' lang='lat' dir='ltr'><strong>sit.</strong></span> <span class='ocrx_word' id='word_1_824' title='bbox 1975 4472 2089 4557; x_wconf 45' lang='lat' dir='ltr'><strong>Illae</strong></span> <span class='ocrx_word' id='word_1_825' title='bbox 2117 4473 2244 4524; x_wconf 85' lang='lat' dir='ltr'><strong>diett</strong></span> <span class='ocrx_word' id='word_1_826' title='bbox 2267 4471 2513 4557; x_wconf 43' lang='lat' dir='ltr'><strong>I&#39;i‘asilius,</strong></span> <span class='ocrx_word' id='word_1_827' title='bbox 2547 4475 2792 4554; x_wconf 79' lang='lat' dir='ltr'><strong>arbitrari</strong></span> <span class='ocrx_word' id='word_1_828' title='bbox 2825 4474 3200 4528; x_wconf 83' lang='lat' dir='ltr'><strong>Eunomiauos.</strong></span> <span class='ocrx_word' id='word_1_829' title='bbox 3229 4473 3421 4526; x_wconf 86' lang='lat' dir='ltr'><strong>Filium</strong></span> 
     </span>
    </p>
   </div>
   <div class='ocr_carea' id='block_1_110' title="bbox 1867 4541 2778 4609">
    <p class='ocr_par' dir='ltr' id='par_1_110' title="bbox 1867 4541 2778 4609">
     <span class='ocr_line' id='line_1_111' title="bbox 1867 4541 2778 4609; baseline 0 -15"><span class='ocrx_word' id='word_1_830' title='bbox 1867 4544 2096 4594; x_wconf 83' lang='lat' dir='ltr'><strong>similem</strong></span> <span class='ocrx_word' id='word_1_831' title='bbox 2128 4557 2246 4593; x_wconf 75' lang='lat' dir='ltr'><strong>esse</strong></span> <span class='ocrx_word' id='word_1_832' title='bbox 2276 4541 2417 4594; x_wconf 84' lang='lat' dir='ltr'><strong>Patri</strong></span> <span class='ocrx_word' id='word_1_833' title='bbox 2449 4544 2778 4609; x_wconf 82' lang='lat' dir='ltr'><strong>operatione.</strong></span> 
     </span>
    </p>
   </div>
   <div class='ocr_carea' id='block_1_111' title="bbox 1941 4611 3423 4682">
    <p class='ocr_par' dir='ltr' id='par_1_111' title="bbox 1941 4611 3423 4682">
     <span class='ocr_line' id='line_1_112' title="bbox 1941 4611 3423 4682; baseline 0.002 -20"><span class='ocrx_word' id='word_1_834' title='bbox 1941 4613 2050 4679; x_wconf 74' lang='grc'>(75)</span> <span class='ocrx_word' id='word_1_835' title='bbox 2091 4613 2214 4677; x_wconf 77' lang='lat' dir='ltr'><strong>lleg.</strong></span> <span class='ocrx_word' id='word_1_836' title='bbox 2259 4612 2446 4665; x_wconf 85' lang='lat' dir='ltr'><strong>tertius</strong></span> <span class='ocrx_word' id='word_1_837' title='bbox 2495 4613 2676 4665; x_wconf 78' lang='grc' dir='ltr'>εἰκόνα</span> <span class='ocrx_word' id='word_1_838' title='bbox 2723 4614 2934 4682; x_wconf 77' lang='grc' dir='ltr'>βουλῆς.</span> <span class='ocrx_word' id='word_1_839' title='bbox 2989 4613 3138 4677; x_wconf 88' lang='lat' dir='ltr'><strong>Illud,</strong></span> <span class='ocrx_word' id='word_1_840' title='bbox 3190 4613 3223 4682; x_wconf 83' lang='grc' dir='ltr'>ἢ</span> <span class='ocrx_word' id='word_1_841' title='bbox 3265 4611 3423 4665; x_wconf 78' lang='grc' dir='ltr'>τοῦτο</span> 
     </span>
    </p>
   </div>
   <div class='ocr_carea' id='block_1_112' title="bbox 1870 4683 3423 4749">
    <p class='ocr_par' dir='ltr' id='par_1_112' title="bbox 1870 4683 3423 4749">
     <span class='ocr_line' id='line_1_113' title="bbox 1870 4683 3423 4749; baseline 0.001 -16"><span class='ocrx_word' id='word_1_842' title='bbox 1870 4683 2258 4749; x_wconf 69' lang='grc' dir='ltr'>φυλάσσοντας,</span> <span class='ocrx_word' id='word_1_843' title='bbox 2293 4683 2367 4733; x_wconf 76' lang='lat' dir='ltr'><strong>sic</strong></span> <span class='ocrx_word' id='word_1_844' title='bbox 2395 4686 2550 4736; x_wconf 86' lang='lat' dir='ltr'><strong>debet</strong></span> <span class='ocrx_word' id='word_1_845' title='bbox 2581 4685 2766 4748; x_wconf 86' lang='lat' dir='ltr'><strong>accipi.</strong></span> <span class='ocrx_word' id='word_1_846' title='bbox 2795 4687 2898 4735; x_wconf 80' lang='lat' dir='ltr'><strong>Aut</strong></span> <span class='ocrx_word' id='word_1_847' title='bbox 2929 4685 2970 4736; x_wconf 90' lang='lat' dir='ltr'><strong>si</strong></span> <span class='ocrx_word' id='word_1_848' title='bbox 3004 4684 3185 4735; x_wconf 86' lang='lat' dir='ltr'><strong>dicunt</strong></span> <span class='ocrx_word' id='word_1_849' title='bbox 3218 4698 3318 4735; x_wconf 90' lang='lat' dir='ltr'><strong>non</strong></span> <span class='ocrx_word' id='word_1_850' title='bbox 3345 4687 3423 4735; x_wconf 79' lang='lat' dir='ltr'><strong>si-</strong></span> 
     </span>
    </p>
   </div>
   <div class='ocr_carea' id='block_1_113' title="bbox 1871 4751 3421 4820">
    <p class='ocr_par' dir='ltr' id='par_1_113' title="bbox 1871 4751 3421 4820">
     <span class='ocr_line' id='line_1_114' title="bbox 1871 4751 3421 4820; baseline -0.001 -16"><span class='ocrx_word' id='word_1_851' title='bbox 1871 4753 2111 4819; x_wconf 78' lang='lat' dir='ltr'><strong>gttilieari</strong></span> <span class='ocrx_word' id='word_1_852' title='bbox 2161 4753 2511 4804; x_wconf 71' lang='lat' dir='ltr'><strong>substantiam</strong></span> <span class='ocrx_word' id='word_1_853' title='bbox 2561 4755 2918 4820; x_wconf 83' lang='lat' dir='ltr'><strong>appellatione</strong></span> <span class='ocrx_word' id='word_1_854' title='bbox 2952 4751 3145 4813; x_wconf 84' lang='lat' dir='ltr'><strong>Patris,</strong></span> <span class='ocrx_word' id='word_1_855' title='bbox 3179 4755 3270 4805; x_wconf 85' lang='lat' dir='ltr'><strong>sed</strong></span> <span class='ocrx_word' id='word_1_856' title='bbox 3295 4767 3421 4819; x_wconf 84' lang='lat' dir='ltr'><strong>ope-</strong></span> 
     </span>
    </p>
   </div>
   <div class='ocr_carea' id='block_1_114' title="bbox 1872 4820 3422 4879">
    <p class='ocr_par' dir='ltr' id='par_1_114' title="bbox 1872 4820 3422 4879">
     <span class='ocr_line' id='line_1_115' title="bbox 1872 4820 3422 4879; baseline 0.001 -7"><span class='ocrx_word' id='word_1_857' title='bbox 1872 4823 2152 4879; x_wconf 79' lang='lat' dir='ltr'><strong>rationem,</strong></span> <span class='ocrx_word' id='word_1_858' title='bbox 2181 4821 2262 4871; x_wconf 75' lang='lat' dir='ltr'><strong>vel</strong></span> <span class='ocrx_word' id='word_1_859' title='bbox 2311 4820 2464 4874; x_wconf 85' lang='lat' dir='ltr'><strong>inviti</strong></span> <span class='ocrx_word' id='word_1_860' title='bbox 2514 4822 2784 4875; x_wconf 81' lang='lat' dir='ltr'><strong>fateantur</strong></span> <span class='ocrx_word' id='word_1_861' title='bbox 2827 4837 3043 4875; x_wconf 84' lang='lat' dir='ltr'><strong>necesse</strong></span> <span class='ocrx_word' id='word_1_862' title='bbox 3083 4833 3163 4875; x_wconf 89' lang='lat' dir='ltr'><strong>est</strong></span> <span class='ocrx_word' id='word_1_863' title='bbox 3209 4821 3422 4874; x_wconf 89' lang='lat' dir='ltr'><strong>Patrem</strong></span> 
     </span>
    </p>
   </div>
   <div class='ocr_carea' id='block_1_115' title="bbox 1870 4891 3422 4955">
    <p class='ocr_par' dir='ltr' id='par_1_115' title="bbox 1870 4891 3422 4955">
     <span class='ocr_line' id='line_1_116' title="bbox 1870 4891 3422 4955; baseline 0 -13"><span class='ocrx_word' id='word_1_864' title='bbox 1870 4891 2006 4942; x_wconf 78' lang='lat' dir='ltr'><strong>Filio</strong></span> <span class='ocrx_word' id='word_1_865' title='bbox 2045 4891 2301 4955; x_wconf 85' lang='lat' dir='ltr'><strong>majorem</strong></span> <span class='ocrx_word' id='word_1_866' title='bbox 2351 4906 2454 4945; x_wconf 89' lang='lat' dir='ltr'><strong>non</strong></span> <span class='ocrx_word' id='word_1_867' title='bbox 2501 4908 2638 4946; x_wconf 89' lang='lat' dir='ltr'><strong>esse.</strong></span> <span class='ocrx_word' id='word_1_868' title='bbox 2677 4893 2908 4953; x_wconf 86' lang='lat' dir='ltr'><strong>Etenim,</strong></span> <span class='ocrx_word' id='word_1_869' title='bbox 2939 4901 2995 4943; x_wconf 90' lang='lat' dir='ltr'><strong>ut</strong></span> <span class='ocrx_word' id='word_1_870' title='bbox 3022 4893 3096 4944; x_wconf 88' lang='lat' dir='ltr'><strong>ait</strong></span> <span class='ocrx_word' id='word_1_871' title='bbox 3127 4909 3247 4946; x_wconf 75' lang='lat' dir='ltr'><strong>mox</strong></span> <span class='ocrx_word' id='word_1_872' title='bbox 3276 4891 3422 4944; x_wconf 86' lang='lat' dir='ltr'><strong>Basi-</strong></span> 
     </span>
    </p>
   </div>
   <div class='ocr_carea' id='block_1_116' title="bbox 1870 4960 3424 5029">
    <p class='ocr_par' dir='ltr' id='par_1_116' title="bbox 1870 4960 3424 5029">
     <span class='ocr_line' id='line_1_117' title="bbox 1870 4960 3424 5029; baseline 0.003 -18"><span class='ocrx_word' id='word_1_873' title='bbox 1870 4961 1993 5018; x_wconf 85' lang='lat' dir='ltr'><strong>lius,</strong></span> <span class='ocrx_word' id='word_1_874' title='bbox 2030 4965 2274 5027; x_wconf 88' lang='lat' dir='ltr'><strong>operatio</strong></span> <span class='ocrx_word' id='word_1_875' title='bbox 2305 4964 2479 5015; x_wconf 88' lang='lat' dir='ltr'><strong>omnis</strong></span> <span class='ocrx_word' id='word_1_876' title='bbox 2508 4964 2663 5016; x_wconf 87' lang='lat' dir='ltr'><strong>habet</strong></span> <span class='ocrx_word' id='word_1_877' title='bbox 2694 4978 2812 5014; x_wconf 91' lang='lat' dir='ltr'><strong>cum</strong></span> <span class='ocrx_word' id='word_1_878' title='bbox 2846 4962 2957 5014; x_wconf 89' lang='lat' dir='ltr'><strong>suis</strong></span> <span class='ocrx_word' id='word_1_879' title='bbox 2984 4960 3260 5014; x_wconf 69' lang='lat' dir='ltr'><strong>effectibus</strong></span> <span class='ocrx_word' id='word_1_880' title='bbox 3302 4976 3424 5029; x_wconf 89' lang='lat' dir='ltr'><strong>pro-</strong></span> 
     </span>
    </p>
   </div>
   <div class='ocr_carea' id='block_1_117' title="bbox 1870 5031 3419 5098">
    <p class='ocr_par' dir='ltr' id='par_1_117' title="bbox 1870 5031 3419 5098">
     <span class='ocr_line' id='line_1_118' title="bbox 1870 5031 3419 5098; baseline -0.001 -15"><span class='ocrx_word' id='word_1_881' title='bbox 1870 5031 2188 5098; x_wconf 82' lang='lat' dir='ltr'><strong>pertionem.</strong></span> <span class='ocrx_word' id='word_1_882' title='bbox 2223 5032 2352 5083; x_wconf 79' lang='lat' dir='ltr'><strong>Cum</strong></span> <span class='ocrx_word' id='word_1_883' title='bbox 2400 5033 2559 5097; x_wconf 76' lang='lat' dir='ltr'><strong>igitur</strong></span> <span class='ocrx_word' id='word_1_884' title='bbox 2606 5032 2845 5098; x_wconf 85' lang='lat' dir='ltr'><strong>operatio</strong></span> <span class='ocrx_word' id='word_1_885' title='bbox 2887 5032 3057 5082; x_wconf 89' lang='lat' dir='ltr'><strong>Patris</strong></span> <span class='ocrx_word' id='word_1_886' title='bbox 3096 5032 3299 5082; x_wconf 80' lang='lat' dir='ltr'><strong>infinita</strong></span> <span class='ocrx_word' id='word_1_887' title='bbox 3329 5031 3419 5091; x_wconf 88' lang='lat' dir='ltr'><strong>sit,</strong></span> 
     </span>
    </p>
   </div>
   <div class='ocr_carea' id='block_1_118' title="bbox 1869 5098 3421 5168">
    <p class='ocr_par' dir='ltr' id='par_1_118' title="bbox 1869 5098 3421 5168">
     <span class='ocr_line' id='line_1_119' title="bbox 1869 5098 3421 5168; baseline 0 -16"><span class='ocrx_word' id='word_1_888' title='bbox 1869 5111 1921 5152; x_wconf 90' lang='lat' dir='ltr'><strong>et</strong></span> <span class='ocrx_word' id='word_1_889' title='bbox 1955 5102 2063 5168; x_wconf 81' lang='lat' dir='ltr'><strong>ipse</strong></span> <span class='ocrx_word' id='word_1_890' title='bbox 2099 5116 2309 5168; x_wconf 88' lang='lat' dir='ltr'><strong>quoque</strong></span> <span class='ocrx_word' id='word_1_891' title='bbox 2339 5098 2560 5153; x_wconf 53' lang='lat' dir='ltr'><strong>etractus</strong></span> <span class='ocrx_word' id='word_1_892' title='bbox 2597 5101 2833 5152; x_wconf 89' lang='lat' dir='ltr'><strong>inlinitus</strong></span> <span class='ocrx_word' id='word_1_893' title='bbox 2873 5115 2990 5152; x_wconf 88' lang='lat' dir='ltr'><strong>esse</strong></span> <span class='ocrx_word' id='word_1_894' title='bbox 3021 5101 3196 5162; x_wconf 88' lang='lat' dir='ltr'><strong>debet,</strong></span> <span class='ocrx_word' id='word_1_895' title='bbox 3226 5101 3421 5165; x_wconf 89' lang='lat' dir='ltr'><strong>alioqui</strong></span> 
     </span>
    </p>
   </div>
   <div class='ocr_carea' id='block_1_119' title="bbox 1871 5170 3425 5240">
    <p class='ocr_par' dir='ltr' id='par_1_119' title="bbox 1871 5170 3425 5240">
     <span class='ocr_line' id='line_1_120' title="bbox 1871 5170 3425 5240; baseline -0.002 -17"><span class='ocrx_word' id='word_1_896' title='bbox 1871 5187 1968 5223; x_wconf 88' lang='lat' dir='ltr'><strong>nec</strong></span> <span class='ocrx_word' id='word_1_897' title='bbox 2010 5171 2305 5240; x_wconf 81' lang='lat' dir='ltr'><strong>similitudo</strong></span> <span class='ocrx_word' id='word_1_898' title='bbox 2337 5184 2432 5222; x_wconf 84' lang='lat' dir='ltr'><strong>nec</strong></span> <span class='ocrx_word' id='word_1_899' title='bbox 2470 5173 2742 5240; x_wconf 88' lang='lat' dir='ltr'><strong>proportio</strong></span> <span class='ocrx_word' id='word_1_900' title='bbox 2772 5181 2914 5224; x_wconf 83' lang='lat' dir='ltr'><strong>esset</strong></span> <span class='ocrx_word' id='word_1_901' title='bbox 2954 5173 3318 5238; x_wconf 89' lang='lat' dir='ltr'><strong>operationem</strong></span> <span class='ocrx_word' id='word_1_902' title='bbox 3347 5170 3425 5221; x_wconf 84' lang='lat' dir='ltr'><strong>in-</strong></span> 
     </span>
    </p>
   </div>
   <div class='ocr_carea' id='block_1_120' title="bbox 1876 5239 2335 5294">
    <p class='ocr_par' dir='ltr' id='par_1_120' title="bbox 1876 5239 2335 5294">
     <span class='ocr_line' id='line_1_121' title="bbox 1876 5239 2335 5294; baseline -0.002 -2"><span class='ocrx_word' id='word_1_903' title='bbox 1876 5251 1955 5294; x_wconf 86' lang='lat' dir='ltr'><strong>ter</strong></span> <span class='ocrx_word' id='word_1_904' title='bbox 1988 5251 2039 5291; x_wconf 89' lang='lat' dir='ltr'><strong>et</strong></span> <span class='ocrx_word' id='word_1_905' title='bbox 2071 5239 2335 5292; x_wconf 56' lang='lat' dir='ltr'><strong>enectum.</strong></span> 
     </span>
    </p>
   </div>
   <div class='ocr_carea' id='block_1_121' title="bbox 1940 5308 3423 5378">
    <p class='ocr_par' dir='ltr' id='par_1_121' title="bbox 1940 5308 3423 5378">
     <span class='ocr_line' id='line_1_122' title="bbox 1940 5308 3423 5378; baseline 0.001 -19"><span class='ocrx_word' id='word_1_906' title='bbox 1940 5309 2047 5376; x_wconf 79' lang='grc'>(76)</span> <span class='ocrx_word' id='word_1_907' title='bbox 2094 5310 2230 5362; x_wconf 84' lang='lat' dir='ltr'><strong>Editi</strong></span> <span class='ocrx_word' id='word_1_908' title='bbox 2277 5322 2328 5362; x_wconf 88' lang='lat' dir='ltr'><strong>et</strong></span> <span class='ocrx_word' id='word_1_909' title='bbox 2359 5309 2489 5378; x_wconf 77' lang='lat' dir='ltr'><strong>Reg.</strong></span> <span class='ocrx_word' id='word_1_910' title='bbox 2523 5312 2737 5377; x_wconf 90' lang='lat' dir='ltr'><strong>quintus</strong></span> <span class='ocrx_word' id='word_1_911' title='bbox 2781 5311 2957 5365; x_wconf 77' lang='grc' dir='ltr'>αὐτῶν</span> <span class='ocrx_word' id='word_1_912' title='bbox 3005 5308 3339 5378; x_wconf 77' lang='grc' dir='ltr'>συμφωνίας,</span> <span class='ocrx_word' id='word_1_913' title='bbox 3371 5318 3423 5362; x_wconf 90' lang='lat' dir='ltr'><strong>et</strong></span> 
     </span>
    </p>
   </div>
   <div class='ocr_carea' id='block_1_122' title="bbox 1871 5379 3423 5448">
    <p class='ocr_par' dir='ltr' id='par_1_122' title="bbox 1871 5379 3423 5448">
     <span class='ocr_line' id='line_1_123' title="bbox 1871 5379 3423 5448; baseline 0 -18"><span class='ocrx_word' id='word_1_914' title='bbox 1871 5379 1942 5431; x_wconf 90' lang='lat' dir='ltr'><strong>ita</strong></span> <span class='ocrx_word' id='word_1_915' title='bbox 1975 5381 2173 5447; x_wconf 73' lang='lat' dir='ltr'><strong>legerat</strong></span> <span class='ocrx_word' id='word_1_916' title='bbox 2205 5381 2489 5448; x_wconf 88' lang='lat' dir='ltr'><strong>interpres,</strong></span> <span class='ocrx_word' id='word_1_917' title='bbox 2518 5399 2638 5434; x_wconf 91' lang='lat' dir='ltr'><strong>cum</strong></span> <span class='ocrx_word' id='word_1_918' title='bbox 2673 5384 2914 5443; x_wconf 86' lang='lat' dir='ltr'><strong>verterit,</strong></span> <span class='ocrx_word' id='word_1_919' title='bbox 2951 5384 3016 5433; x_wconf 84' lang='lat' dir='ltr'><strong>ad</strong></span> <span class='ocrx_word' id='word_1_920' title='bbox 3051 5380 3423 5448; x_wconf 80' lang='lat' dir='ltr'><strong>reprehenden-</strong></span> 
     </span>
    </p>
   </div>
   <div class='ocr_carea' id='block_1_123' title="bbox 1870 5450 3420 5518">
    <p class='ocr_par' dir='ltr' id='par_1_123' title="bbox 1870 5450 3420 5518">
     <span class='ocr_line' id='line_1_124' title="bbox 1870 5450 3420 5518; baseline 0.001 -19"><span class='ocrx_word' id='word_1_921' title='bbox 1870 5453 1991 5501; x_wconf 85' lang='lat' dir='ltr'><strong>dam</strong></span> <span class='ocrx_word' id='word_1_922' title='bbox 2039 5454 2261 5516; x_wconf 83' lang='lat' dir='ltr'><strong>ipsorum</strong></span> <span class='ocrx_word' id='word_1_923' title='bbox 2315 5453 2366 5501; x_wconf 87' lang='lat' dir='ltr'><strong>in</strong></span> <span class='ocrx_word' id='word_1_924' title='bbox 2413 5450 2736 5518; x_wconf 78' lang='lat' dir='ltr'><strong>dogmatibus</strong></span> <span class='ocrx_word' id='word_1_925' title='bbox 2779 5453 3128 5505; x_wconf 82' lang='lat' dir='ltr'><strong>concordiam.</strong></span> <span class='ocrx_word' id='word_1_926' title='bbox 3180 5451 3281 5501; x_wconf 86' lang='lat' dir='ltr'><strong>Alii</strong></span> <span class='ocrx_word' id='word_1_927' title='bbox 3328 5463 3420 5502; x_wconf 82' lang='lat' dir='ltr'><strong>sex</strong></span> 
     </span>
    </p>
   </div>
   <div class='ocr_carea' id='block_1_124' title="bbox 1872 5520 3424 5589">
    <p class='ocr_par' dir='ltr' id='par_1_124' title="bbox 1872 5520 3424 5589">
     <span class='ocr_line' id='line_1_125' title="bbox 1872 5520 3424 5589; baseline -0.001 -18"><span class='ocrx_word' id='word_1_928' title='bbox 1872 5536 1999 5571; x_wconf 87' lang='lat' dir='ltr'><strong>mss.</strong></span> <span class='ocrx_word' id='word_1_929' title='bbox 2061 5520 2451 5588; x_wconf 68' lang='grc' dir='ltr'>ἀσυμφωνίας,</span> <span class='ocrx_word' id='word_1_930' title='bbox 2495 5523 2560 5571; x_wconf 86' lang='lat' dir='ltr'><strong>ad</strong></span> <span class='ocrx_word' id='word_1_931' title='bbox 2617 5526 3027 5589; x_wconf 77' lang='lat' dir='ltr'><strong>redarguendam</strong></span> <span class='ocrx_word' id='word_1_932' title='bbox 3082 5522 3309 5586; x_wconf 82' lang='lat' dir='ltr'><strong>ipsorum</strong></span> <span class='ocrx_word' id='word_1_933' title='bbox 3369 5524 3424 5570; x_wconf 83' lang='lat' dir='ltr'><strong>in</strong></span> 
     </span>
    </p>
   </div>
   <div class='ocr_carea' id='block_1_125' title="bbox 1870 5591 2815 5657">
    <p class='ocr_par' dir='ltr' id='par_1_125' title="bbox 1870 5591 2815 5657">
     <span class='ocr_line' id='line_1_126' title="bbox 1870 5591 2815 5657; baseline 0.005 -18"><span class='ocrx_word' id='word_1_934' title='bbox 1870 5594 2191 5656; x_wconf 84' lang='lat' dir='ltr'><strong>dagmatibus</strong></span> <span class='ocrx_word' id='word_1_935' title='bbox 2228 5591 2566 5649; x_wconf 85' lang='lat' dir='ltr'><strong>discordiam,</strong></span> <span class='ocrx_word' id='word_1_936' title='bbox 2600 5593 2815 5657; x_wconf 87' lang='lat' dir='ltr'><strong>optime.</strong></span> 
     </span>
    </p>
   </div>
   <div class='ocr_carea' id='block_1_126' title="bbox 1942 5656 3424 5730">
    <p class='ocr_par' dir='ltr' id='par_1_126' title="bbox 1942 5656 3424 5730">
     <span class='ocr_line' id='line_1_127' title="bbox 1942 5656 3424 5730; baseline -0.001 -21"><span class='ocrx_word' id='word_1_937' title='bbox 1942 5660 2051 5729; x_wconf 87' lang='grc'>(77)</span> <span class='ocrx_word' id='word_1_938' title='bbox 2079 5660 2305 5712; x_wconf 75' lang='lat' dir='ltr'><strong>Codices</strong></span> <span class='ocrx_word' id='word_1_939' title='bbox 2341 5663 2442 5714; x_wconf 90' lang='lat' dir='ltr'><strong>duo</strong></span> <span class='ocrx_word' id='word_1_940' title='bbox 2476 5662 2507 5730; x_wconf 78' lang='grc' dir='ltr'><strong>ἦ</strong></span> <span class='ocrx_word' id='word_1_941' title='bbox 2538 5656 2655 5713; x_wconf 72' lang='grc' dir='ltr'>κατ’</span> <span class='ocrx_word' id='word_1_942' title='bbox 2692 5661 2850 5713; x_wconf 74' lang='grc' dir='ltr'>αὑτὸν</span> <span class='ocrx_word' id='word_1_943' title='bbox 2886 5663 2976 5714; x_wconf 76' lang='grc' dir='ltr'><strong>τὸν</strong></span> <span class='ocrx_word' id='word_1_944' title='bbox 3016 5661 3111 5729; x_wconf 83' lang='grc' dir='ltr'><strong>τῆς</strong></span> <span class='ocrx_word' id='word_1_945' title='bbox 3134 5659 3315 5730; x_wconf 79' lang='grc' dir='ltr'>αἰτίας</span> <span class='ocrx_word' id='word_1_946' title='bbox 3340 5656 3424 5709; x_wconf 88' lang='grc' dir='ltr'>λό-</span> 
     </span>
    </p>
   </div>
   <div class='ocr_carea' id='block_1_127' title="bbox 1871 5728 3422 5800">
    <p class='ocr_par' dir='ltr' id='par_1_127' title="bbox 1871 5728 3422 5800">
     <span class='ocr_line' id='line_1_128' title="bbox 1871 5728 3422 5800; baseline 0 -21"><span class='ocrx_word' id='word_1_947' title='bbox 1871 5747 1982 5796; x_wconf 90' lang='grc' dir='ltr'>γον.</span> <span class='ocrx_word' id='word_1_948' title='bbox 2014 5728 2209 5783; x_wconf 79' lang='lat' dir='ltr'><strong>Ibidem</strong></span> <span class='ocrx_word' id='word_1_949' title='bbox 2244 5731 2368 5782; x_wconf 84' lang='lat' dir='ltr'><strong>editi</strong></span> <span class='ocrx_word' id='word_1_950' title='bbox 2402 5743 2455 5783; x_wconf 88' lang='lat' dir='ltr'><strong>et</strong></span> <span class='ocrx_word' id='word_1_951' title='bbox 2499 5728 2638 5784; x_wconf 80' lang='lat' dir='ltr'><strong>unus</strong></span> <span class='ocrx_word' id='word_1_952' title='bbox 2679 5747 2778 5783; x_wconf 88' lang='lat' dir='ltr'><strong>tus.</strong></span> <span class='ocrx_word' id='word_1_953' title='bbox 2808 5733 2838 5800; x_wconf 87' lang='grc' dir='ltr'>ἢ</span> <span class='ocrx_word' id='word_1_954' title='bbox 2885 5734 3000 5784; x_wconf 72' lang='grc' dir='ltr'>κατ’</span> <span class='ocrx_word' id='word_1_955' title='bbox 3029 5728 3185 5782; x_wconf 64' lang='grc' dir='ltr'>αὺτὸν</span> <span class='ocrx_word' id='word_1_956' title='bbox 3213 5728 3300 5778; x_wconf 82' lang='grc' dir='ltr'><strong>τὸν</strong></span> <span class='ocrx_word' id='word_1_957' title='bbox 3330 5730 3422 5796; x_wconf 75' lang='grc' dir='ltr'><strong>τῆς</strong></span> 
     </span>
    </p>
   </div>
   <div class='ocr_carea' id='block_1_128' title="bbox 1873 5801 3244 5870">
    <p class='ocr_par' dir='ltr' id='par_1_128' title="bbox 1873 5801 3244 5870">
     <span class='ocr_line' id='line_1_129' title="bbox 1873 5801 3244 5870; baseline 0.009 -20"><span class='ocrx_word' id='word_1_958' title='bbox 1873 5801 2165 5870; x_wconf 59' lang='grc' dir='ltr'>δυνάμεως.</span> <span class='ocrx_word' id='word_1_959' title='bbox 2198 5801 2298 5854; x_wconf 77' lang='lat' dir='ltr'><strong>Alii</strong></span> <span class='ocrx_word' id='word_1_960' title='bbox 2327 5815 2418 5856; x_wconf 83' lang='lat' dir='ltr'><strong>sex</strong></span> <span class='ocrx_word' id='word_1_961' title='bbox 2449 5818 2575 5856; x_wconf 81' lang='lat' dir='ltr'><strong>mss.</strong></span> <span class='ocrx_word' id='word_1_962' title='bbox 2619 5802 2649 5869; x_wconf 72' lang='grc' dir='ltr'>ἢ</span> <span class='ocrx_word' id='word_1_963' title='bbox 2680 5801 2816 5852; x_wconf 71' lang='grc' dir='ltr'>κατᾶ</span> <span class='ocrx_word' id='word_1_964' title='bbox 2851 5805 2939 5854; x_wconf 60' lang='grc' dir='ltr'>τὸν</span> <span class='ocrx_word' id='word_1_965' title='bbox 2966 5803 3062 5869; x_wconf 73' lang='grc' dir='ltr'>τῆς</span> <span class='ocrx_word' id='word_1_966' title='bbox 3087 5801 3244 5852; x_wconf 64' lang='grc' dir='ltr'>δυνη-</span> 
     </span>
    </p>
   </div>
  </div>
