4026 6440
587 369 693 426 567

1898 367 1954 420 S.
1995 365 2235 421 BASILII
2267 365 2476 419 MAGNI

3707 366 3814 422 568

584 501 674 544 res
699 486 770 540 ita
804 499 862 540 se
891 485 1083 548 habet;
1115 498 1234 538 cum
1269 485 1319 536 in
1354 482 1722 552 magnitudine
1746 483 1916 552 majus
1941 493 2144 537 tantum

2249 483 2377 550 φθαι
2403 483 2463 535 τὸ
2490 483 2670 551 μεῖζον
2704 483 2815 552 (78)
2846 483 3004 544 αὑτός
3035 497 3092 533 τε
3127 475 3276 544 οὗτος
3306 481 3591 552 προλαϐὼν
3621 481 3810 552 ἔφησε,

585 582 675 642 sit,
707 586 969 646 quantum
997 585 1049 630 et
1081 577 1254 630 minus
1292 585 1346 629 et
1384 577 1630 644 amplius.
1665 576 1793 642 Qua:
1843 577 1985 630 enim
2034 593 2145 630 ma-

587 669 866 735 gnitudine
922 682 1023 718 non
1075 672 1293 732 possunt
1346 665 1763 732 comprehendi,
1800 666 1906 717 imo
1956 666 2149 732 potius,

585 774 704 826 qme
744 755 1110 825 magnitudine
1159 770 1224 808 ac
1254 755 1552 823 quantitate
1601 757 1820 808 omnino
1854 765 2062 818 carent,
2088 771 2150 809 ea

581 840 708 916 quis
731 847 898 916 possit
933 847 1070 898 inter
1099 860 1157 900 se
1186 845 1414 899 dimetiri
1438 847 1594 914 ?quat
1612 855 1788 899 autem
1817 861 1920 900 non
1949 857 2154 915 queunt

587 940 724 992 inter
750 952 810 992 se
847 938 1166 1006 comparari,
1197 938 1461 1006 quomodo
1503 939 1555 992 in
1595 939 1658 992 iis
1693 940 1743 993 id
1776 942 1915 1009 quod
1945 942 2152 995 excedit

586 1039 941 1098 cognoscetur
983 1028 1005 1080 ?
1040 1027 1224 1082 Dicere
1263 1038 1438 1082 autem
1497 1029 1770 1083 Christum
1820 1031 1910 1085 Dei
1967 1041 2153 1100 poten-

587 1121 736 1184 tiam,
776 1119 1009 1187 potentia
1035 1118 1341 1172 inferiorem
1377 1133 1516 1183 esse,
1554 1120 1706 1174 valde
1736 1121 1938 1188 puerile
1972 1131 2073 1186 est,
2098 1130 2153 1174 et

584 1227 772 1267 eorum
799 1212 891 1278 qui
921 1226 986 1264 ue
1016 1210 1299 1264 audierunt
1327 1213 1537 1278 quidem
1579 1225 1762 1264 vocem
1805 1212 2033 1274 Domini,
2061 1216 2150 1279 qui

586 1306 720 1359 dixit
751 1323 764 1358 :
801 1305 912 1374 Ego
940 1313 986 1356 et
1035 1301 1195 1356 Pater
1237 1320 1396 1356 unum
1451 1320 1629 1356 sumus
1660 1304 1700 1333 “
1731 1320 1742 1354 :
1771 1306 1965 1372 quique
2001 1305 2146 1367 illud,

587 1412 770 1461 unum,
802 1411 896 1464 pro
934 1395 1237 1463 :equalitate
1268 1396 1516 1464 potentia:
1558 1398 1779 1464 accepit,
1823 1408 1878 1450 ut
1922 1414 1984 1451 ex
2023 1400 2151 1466 ipsis

587 1488 858 1557 Evangelii
897 1489 1070 1542 verbis
1097 1489 1463 1542 ostendemus.
1505 1487 1634 1542 Cum
1675 1490 1814 1542 enim
1838 1490 2058 1545 dixisset
2086 1493 2151 1545 de

587 1581 653 1634 iis
679 1581 768 1648 qui
800 1579 1129 1633 crediderant
1154 1597 1166 1632 :
1193 1577 1389 1632 Nullus
1430 1595 1516 1633 eos
1561 1597 1588 1634 ε
1639 1597 1794 1634 manu
1823 1599 1932 1636 mea
1951 1585 2150 1650 rapiet;

585 1679 660 1733 et,
709 1669 870 1722 Pater
917 1672 1004 1738 qui
1049 1669 1174 1722 mihi
1221 1671 1400 1732 dedit,
1444 1671 1613 1739 major
1663 1674 1899 1727 omnibus
1926 1685 2042 1739 ut;
2074 1686 2148 1740 et,

590 1761 785 1817 Nullus
813 1782 840 1817 ε
863 1781 1020 1816 manu
1069 1761 1248 1815 Patris
1283 1763 1382 1816 mei
1406 1773 1568 1832 potest
1622 1780 1823 1830 rapere,
1855 1766 2098 1834 adjunxit
2134 1787 2146 1820 :

586 1854 700 1924 Ego
721 1867 768 1908 et
800 1853 960 1908 Pater
982 1871 1141 1908 unum
1165 1872 1338 1909 sumus
1372 1857 1435 1918 η,
1467 1858 1545 1910 sic
1570 1864 1627 1909 ut
1649 1866 1829 1925 aperte
1860 1875 2020 1910 unum
2051 1876 2146 1928 pro

586 1945 891 2014 :equalitate
932 1960 994 1999 ac
1026 1947 1299 2000 identitate
1330 1947 1579 2014 potentia:
1605 1946 1853 2016 accipiat.
1885 1947 2145 2004 Praeterea

584 2038 628 2090 si
660 2038 750 2091 Dei
781 2039 956 2098 sedes,
993 2046 1050 2090 ut
1079 2053 1171 2092 nos
1192 2038 1481 2101 credimus,
1503 2037 1779 2107 dignitatis
1817 2054 2009 2094 nomen
2042 2051 2144 2104 est,

586 2129 670 2182 illa
705 2127 838 2182 Filio
865 2144 892 2180 a
943 2127 1148 2184 dextris
1195 2129 1370 2183 Patris
1399 2130 1667 2198 assignata
1703 2130 1858 2185 sedes
1891 2133 2145 2200 quidnam

585 2221 727 2274 aliud
757 2235 914 2287 quam
945 2220 1221 2287 dignitatis
1261 2221 1616 2289 aequalitatem
1653 2222 1972 2292 signiﬁcat?
2007 2223 2145 2289 Quin

584 2322 638 2366 et
669 2313 928 2367 Dominus
965 2314 1014 2366 in
1069 2314 1232 2383 gloria
1288 2313 1462 2369 Patris
1511 2326 1794 2369 venturum
1842 2330 1901 2370 se
1931 2317 2146 2382 pollice-

585 2404 749 2459 tur“.
777 2404 1052 2475 Reliquum
1085 2415 1167 2462 est
1201 2408 1382 2476 igitur.
1415 2417 1472 2460 ut
1504 2423 1601 2460 vox
1638 2407 1810 2474 majus
1842 2408 1926 2460 hic
1955 2423 2146 2462 secmt-

584 2498 707 2550 dum
739 2513 914 2551 causa
964 2497 1220 2552 rationem
1263 2500 1494 2552 dicatur.
1528 2497 1658 2550 Nam
1695 2498 1946 2565 quoniam
1978 2514 2008 2552 a
2043 2497 2144 2552 Pa-

587 2597 669 2640 tre
688 2587 839 2656 origo
873 2597 953 2639 est
980 2585 1120 2650 Filii,
1155 2587 1254 2642 hoc
1294 2589 1462 2652 major
1483 2601 1563 2643 est
1597 2588 1774 2652 Pater,
1811 2590 1950 2659 quod
1985 2605 2145 2643 causa

586 2678 728 2730 sitet
753 2677 1093 2746 principium.
1121 2678 1458 2747 Quapmpter
1487 2688 1540 2732 et
1563 2677 1820 2734 Dominus
1856 2680 1932 2734 sic
1959 2679 2093 2732 dixit
2131 2700 2142 2733 :

591 2769 747 2823 Pater
774 2787 916 2824 metu
956 2788 1034 2824 me
1065 2772 1233 2839 major
1265 2782 1359 2838 est,
1392 2782 1548 2839 prout
1597 2771 1756 2826 Pater
1781 2772 2040 2827 videlicet.
2079 2771 2146 2825 ll-

583 2864 671 2915 lnd
701 2874 902 2925 autem,
941 2860 1137 2927 Pater,
1175 2862 1303 2930 quid
1357 2861 1497 2916 aliud
1549 2863 1748 2918 indicat
1785 2864 1885 2918 nisi
1930 2880 2143 2918 causam

585 2963 744 3021 atque
783 2954 1044 3025 originem
1080 2967 1199 3008 esse
1245 2953 1360 3020 ejus
1389 2953 1480 3022 qui
1512 2969 1574 3007 ex
1607 2955 1722 3022 ipso
1768 2957 1982 3026 genitus
2019 2956 2146 3009 est?

588 3045 820 3111 Denique
868 3047 1158 3100 secundum
1208 3055 1436 3100 vestram
1477 3049 1814 3116 sapientiam,
1848 3048 2143 3100 substantia

583 3136 697 3203 ipsa
730 3139 1024 3190 substantia
1064 3154 1166 3192 non
1198 3141 1391 3192 dicitur
1423 3139 1588 3207 major
1623 3149 1714 3194 aut
1743 3141 1936 3195 minor.
1971 3140 2146 3205 Quare

581 3242 635 3283 et
678 3228 967 3283 secundum
1033 3228 1149 3283 illos
1211 3230 1381 3297 ipsos,
1425 3241 1478 3285 et
1525 3232 1813 3286 secundum
1867 3234 2144 3287 veritatem

584 3323 774 3388 ipsam,
811 3337 911 3373 vox
961 3320 1173 3388 majoris
1223 3336 1341 3389 qua:
1395 3332 1648 3390 usurpata
1679 3333 1782 3384 est,
1817 3324 1958 3375 nullo
1990 3336 2146 3390 pacto

585 3411 941 3476 praestantiam
975 3413 1269 3466 secundum
1323 3413 1672 3465 substantiam
1716 3413 1998 3482 signiﬁcat.
2036 3413 2144 3468 “Nec

585 3517 710 3557 vero
749 3504 836 3556 hic
871 3504 984 3573 ipse
1017 3507 1179 3559 Deum
1217 3504 1426 3559 Patrem
1452 3505 1704 3572 majorem
1739 3505 1934 3560 dixerit
1957 3521 2144 3560 secun-

582 3595 705 3646 dum
743 3597 958 3658 molem,
985 3599 1076 3666 qui
1132 3598 1336 3652 scilicet
1380 3601 1647 3664 statuerit,
1690 3599 2039 3668 quantitatem
2092 3601 2141 3653 in

585 3684 690 3738 Deo
718 3686 936 3758 intelligi
970 3704 1072 3743 non
1115 3700 1381 3758 Oportere.
1405 3691 1654 3757 Superest
1687 3692 1845 3759 igitur
1875 3693 1941 3757 is,
1982 3708 2138 3762 quem

583 3791 678 3829 nos
719 3776 965 3840 diximus,
1013 3781 1230 3848 majoris
1280 3780 1485 3844 modus,
1532 3780 2141 3850 priucipii,inquam,et

582 3879 775 3917 causa.
807 3866 975 3932 Quam
1017 3870 1194 3937 itaque
1227 3871 1607 3938 blasphemiam
1644 3872 1786 3924 circa
1818 3888 1999 3928 vocem
2029 3890 2136 3925 ma-

580 3954 665 4019 jus
709 3959 950 4021 tentavit,
980 3976 1039 4012 ea
1071 3962 1327 4028 ejusmodi
1354 3972 1451 4016 est.

2253 576 2346 626 καὶ
2388 575 2447 627 τὸ
2493 575 2637 637 είκὸς
2668 573 2840 636 οὕτως
2887 572 3032 642 ἔχει·
3087 573 3378 644 ἐπειδήπερ
3419 574 3480 626 τὸ
3526 574 3728 643 μεῖζον
3755 577 3812 628 ὲν

2250 670 2362 729 τοῖς
2399 666 2651 736 μεγέθεσι
2681 665 2930 719 τοσοῦτόν
2971 668 3138 728 ἐστιν,
3173 665 3294 718 ὅσον
3326 667 3419 719 καὶ
3459 666 3521 719 τὸ
3567 667 3807 729 ἔλαττον,

2249 762 2342 813 καὶ
2387 760 2484 814 ἔτι.
2514 760 2593 812 Τὰ.
2633 761 2688 812 δὲ
2720 762 3061 832 ἀπερίληπτα
3099 762 3174 832 τῷ
3220 760 3463 831 μεγέθει,
3515 763 3716 832 μᾶλλον
3755 763 3811 816 δὲ

2254 853 2495 922 ἀμεγέθη
2533 852 2626 911 καὶ
2673 852 2850 906 ἀποσα
2882 853 3177 918 παντελῶς,
3207 853 3290 916 τίς
3320 853 3385 906 ἂν
3425 853 3669 924 ἀλλήλοις
3717 871 3812 908 πα-

2257 947 2670 1016 ραμετρήσειεν;
2703 938 2777 997 ὧν
2809 945 2864 998 δὲ
2891 946 3164 1016 ἀμήχανος
3197 948 3231 1017 ἡ
3273 945 3711 1016 παράθεσις,τίνι
3747 947 3810 1000 ἂν

2253 1038 2434 1108 τρόπῳ
2465 1041 2520 1091 ὲν
2548 1038 2754 1101 τούτοις
2794 1039 2855 1090 τὸ
2891 1040 3221 1110 ὑπερϐάλλον
3260 1039 3660 1110 ὲπιγνωσθείη;
3707 1046 3806 1094 Δυ-

2252 1132 2411 1199 νάμει
2442 1132 2498 1184 δὲ
2528 1131 2706 1199 λέγειν
2740 1131 3003 1184 ἐλλείπειν
3038 1132 3127 1184 τὸν
3161 1133 3394 1202 Χριστὸν
3418 1132 3515 1203 τὴν
3547 1133 3640 1185 τοῦ
3676 1134 3808 1188 Θεοῦ

2253 1219 2480 1289 δύναμιν
2508 1221 2699 1291 κομιδῆ
2736 1222 2942 1292 νηπίων
2985 1223 3079 1275 καὶ
3111 1222 3228 1275 οὑδὲ
3262 1223 3668 1277 κατακουόντων
3715 1226 3810 1295 τῆς

2254 1312 2436 1381 φωνῆς
2468 1312 2560 1364 τοῦ
2585 1313 2786 1383 Κυρίου
2812 1314 2944 1383 (79),
2975 1313 3220 1381 λέγοντος
3238 1331 3252 1346 ·
3269 1315 3410 1385 Ἐγὼ
3431 1315 3528 1368 καί
3551 1319 3583 1369 ό
3609 1316 3810 1384 Πατὴρ

2249 1404 2318 1457 ἓν
2351 1404 2569 1472 ἐσμεν·
2611 1405 2703 1455 καὶ
2747 1406 2806 1457 τὸ
2847 1404 2916 1458 ἓν
2955 1405 3074 1458 ἀντὶ
3122 1403 3215 1457 τοῦ
3259 1405 3398 1459 κατά
3441 1407 3539 1475 τὴν
3587 1405 3810 1475 δύναμιν

2253 1495 2365 1548 ἴσου
2415 1492 2946 1564 παραλαμϐάνοντος,
2990 1495 3066 1558 ὼς
3115 1493 3174 1558 ἐξ
3223 1494 3402 1548 αὑτῶν
3444 1495 3688 1565 δείξομεν
3717 1496 3809 1548 τοῦ

2251 1584 2579 1654 Εὑαγγελίου
2640 1584 2747 1635 τῶν
2809 1585 3081 1653 ῥημάτων.
3134 1583 3316 1637 Εἰπὼν
3367 1585 3472 1656 γὰρ
3527 1587 3653 1658 περὶ
3704 1586 3811 1638 τῶν

2251 1676 2654 1729 πιστευσάντων
2679 1675 2782 1739 ὅτι,
2813 1675 2894 1726 Οὐ
2922 1674 3005 1741 μή
3041 1691 3126 1740 τις
3169 1673 3413 1743 ἁρπάσῃ
3442 1676 3509 1728 ἐκ
3545 1676 3655 1744 τῆς
3690 1692 3811 1744 χει-

2243 1771 2353 1836 ρός
2391 1783 2537 1836 μου’
2576 1766 2666 1819 καὶ
2712 1766 2792 1817 ὅτι
2843 1764 2895 1814 Ὁ
2927 1763 3143 1830 Πατὴρ,
3179 1764 3247 1831 ὃς
3277 1763 3496 1818 δέδωκέ
3527 1783 3658 1834 μοι,
3689 1769 3813 1835 μει.

2184 1825 2222 1879 Β
2391 1825 2639 1910 ’πάντων
2675 1855 2839 1909 ἐστί·
2875 1855 2988 1919 καὶ,
3033 1825 3238 1921 Οὑδεὶςἰ
3268 1825 3812 1926 ὃὺναταινάρκᾶσαι

2249 1951 2316 2002 ἐκ
2350 1949 2458 2016 τῆς
2504 1949 2698 2017 χειρὸς
2735 1948 2840 2002 τοῦ
2876 1947 3102 2014 Πατρός
3127 1965 3263 2014 μου,
3302 1951 3615 2020 ἐπήγαγενο
3666 1950 3814 2019 Ἐγὼ

2251 2040 2348 2094 καὶ
2374 2044 2406 2094 ὁ
2437 2040 2634 2107 Πατὴρ
2662 2040 2730 2092 ἕν
2771 2040 2976 2109 ἐσμεν,
3009 2037 3193 2106 σαφῶς
3223 2040 3283 2092 τὸ
3309 2039 3379 2094 ἐν
3407 2043 3526 2094 ἀντὶ
3556 2042 3651 2095 τοῦ
3697 2041 3812 2095 [σου

2251 2135 2344 2186 καὶ
2411 2132 2604 2186 ταὺτοῦ
2665 2133 2803 2186 κατά
2854 2132 3080 2204 δύναμιν
3136 2131 3594 2203 παραλαμϐάνων.
3654 2134 3814 2188 Ἀλλά

2253 2225 2358 2296 μὴν
2388 2226 2441 2277 εί
2467 2242 2527 2293 γε
2562 2225 2655 2276 καὶ
2695 2227 2723 2277 6
2756 2224 2939 2294 θρόνος
2969 2227 2998 2278 6
3041 2223 3134 2277 τοῦ
3167 2223 3300 2276 Θεοῦ
3335 2225 3468 2296 (80),
3497 2227 3687 2298 ὥσπερ
3720 2223 3814 2280 οὖν

2247 2318 2408 2386 ἡμεῖς
2444 2316 2902 2385 πεπιστεύκαμεν,
2947 2316 3253 2386 ἀξιώματός
3293 2317 3438 2368 ἐστιν
3462 2318 3650 2387 ὄνομα,
3687 2320 3721 2388 ἠ
3750 2321 3813 2372 ὲκ

2247 2407 2432 2472 δεξιῶν
2479 2408 2572 2461 τοῦ
2608 2409 2816 2480 [ἰατρὸς
2854 2408 3205 2478 ἀφωρισμένη
3241 2407 3318 2478 τῷ
3351 2408 3461 2477 Υίῷ
3499 2411 3732 2481 καθέδρα
3759 2413 3813 2463 τί

2250 2516 2379 2552 ποτε
2407 2500 2610 2570 ἕτερον,
2652 2502 2742 2554 καὶ
2768 2501 2887 2570 οὐχὶ
2918 2501 2976 2554 τὸ
3001 2500 3256 2570 ὁμότιμον
3284 2500 3384 2569 τῆς
3413 2499 3564 2565 ἀξίας
3607 2502 3812 2571 ἀποση-

2254 2589 2463 2659 μαίνεις
2501 2589 2656 2641 Ἀλλὰ
2688 2591 2782 2642 καὶ
2832 2589 2978 2659 ἥξειν
3017 2592 3045 2643 6
3073 2590 3278 2660 Κύριος
3321 2587 3710 2656 ἐπαγγέλλεται
3757 2590 3813 2640 ὲν

2249 2685 2312 2749 τῇ
2345 2680 2468 2752 δόξῃ
2497 2680 2588 2732 τού
2635 2681 2861 2750 Πατρός.
2901 2682 3154 2734 Λείπεται
3185 2683 3359 2735 τοίνυν
3404 2680 3543 2734 κατά
3575 2680 3664 2734 τὸν
3715 2680 3812 2747 τῆς

2250 2773 2427 2837 αἰτίας
2464 2772 2617 2840 λόγον
2666 2769 2898 2830 ἐνταῦθα
2937 2769 2997 2822 τὸ
3021 2771 3225 2839 μεῖζον
3270 2773 3540 2841 λέγεσθαι.
3595 2770 3812 2841 Ἐπιδὴ

2249 2865 2358 2937 γὰρ
2385 2864 2517 2933 (80‘)
2537 2864 2643 2917 ἀπὸ
2672 2862 2765 2915 τοῦ
2787 2861 2998 2932 Πατρὸς
3026 2861 3220 2932 ἡάρχὴ
3251 2862 3324 2930 τῷ
3351 2862 3478 2930 Υἱῷ,
3498 2864 3638 2916 κατά
3654 2862 3813 2915 τοῦτο

2253 2957 2452 3026 μείζων
2479 2958 2506 3008 6
2536 2956 2746 3026 Πατὴρ,
2774 2955 2849 3018 ὡς
2881 2954 3051 3016 αἴτιος
3080 2953 3172 3004 καὶ
3199 2953 3358 3022 ἀρχή.
3387 2955 3476 3005 Διὸ
3507 2956 3600 3006 καὶ
3636 2956 3665 3004 6
3695 2955 3811 3008 Κύ-

2254 3066 2363 3119 ριος
2394 3048 2563 3110 οὕτως
2593 3045 2741 3100 εἶπεν
2761 3065 2773 3078 '
2816 3049 2871 3100 Ὀ
2904 3045 3102 3113 Πατήρ
3133 3062 3250 3112 μου
3275 3042 3482 3113 μείζων
3508 3061 3622 3113 μου
3655 3045 3808 3111 ἐστι,

2250 3139 2381 3192 καθὸ
2430 3140 2613 3210 Πατὴρ
2659 3139 2915 3209 δηλονότι.
2953 3137 3025 3190 Τὸ
3073 3136 3151 3200 δὲ,
3189 3135 3407 3203 Πατὴρ,
3440 3135 3491 3187 τί
3540 3134 3666 3188 ἄλλο
3712 3153 3810 3207 ση-

2249 3230 2424 3300 μαίνει
2453 3232 2483 3300 ἢ
2517 3231 2635 3301 οὑχὶ
2665 3230 2724 3283 τὸ
2751 3231 2894 3283 αἰτία
2952 3224 3089 3283 εἶναι
3122 3230 3212 3282 καὶ
3241 3229 3380 3298 ἀρχὴ
3414 3226 3507 3280 τοῦ
3540 3227 3599 3292 ἐξ
3645 3228 3808 3281 αὑτοῦ

2246 3323 2629 3393 γεννηθέντος;
2663 3323 2836 3384 Ὄλως
2869 3321 2924 3373 δὲ
2958 3321 3113 3373 οὑσία
3152 3321 3368 3382 οὐσίας,
3419 3321 3511 3372 καὶ
3545 3318 3685 3371 κατὰ
3710 3320 3811 3391 τὴν

2251 3415 2518 3484 ὑμετέραν
2552 3414 2660 3483 (81)
2710 3413 2918 3480 σοερίαν,
2969 3409 3164 3481 μείζων
3215 3414 3308 3465 καὶ
3353 3412 3587 3466 ὲλάττων
3618 3413 3676 3465 οὑ
3725 3412 3810 3464 λέ-

2251 3522 2420 3574 γεται.
2455 3505 2614 3556 Ὥστε
2649 3504 2741 3556 mi.
2774 3503 2912 3556 κατά
2946 3502 3186 3566 τούτους,
3219 3505 3312 3557 καὶ
3359 3505 3478 3557 κατ’
3506 3505 3674 3576 αὑτὴν
3707 3504 3807 3575 τὴν

2251 3598 2526 3669 ἀλήθειαν,
2590 3595 2761 3648 οὐδενὶ
2797 3596 2860 3648 ἂν
2894 3596 3076 3666 τρόπῳ
3120 3596 3217 3665 τὴν
3264 3597 3379 3648 κατ’
3411 3597 3597 3649 οὑσίαν
3640 3598 3809 3666 ὑπερ-

2245 3689 2374 3758 οχὴν
2420 3689 2448 3739 6
2497 3686 2850 3756 προκείμενος
2898 3685 3051 3753 λόγος
3087 3684 3177 3737 τοῦ
3210 3682 3479 3751 μείζονος
3528 3687 3803 3756 ὲμεραίνοι.

2258 3780 2416 3832 Ἀλλὰ
2469 3779 2573 3849 μὴν
2615 3778 2733 3831 οὐδὲ
2775 3780 2892 3830 κατ’
2937 3778 3099 3844 δγκον
3135 3775 3264 3844 φαίη
3319 3775 3383 3828 ἂν
3434 3778 3594 3840 αὑτὸς
3643 3775 3801 3840 οὗτος

2249 3874 2467 3943 μείζονα
2490 3872 2578 3925 τὸν
2603 3872 2732 3925 Θεὸν
2754 3871 2970 3941 Πατέρα
2988 3887 3000 3898 ·
3019 3870 3046 3920 ὃ
3070 3885 3130 3934 γε
3153 3867 3564 3937 ἀποψηνάμενος
3591 3869 3700 3936 (82)
3728 3871 3805 3940 μὴ

2245 3968 2436 4036 χρῆναι
2487 3967 2612 4036 περὶ
2650 3965 2740 4017 τὸν
2779 3963 2910 4015 Θεὸν
2953 3962 3197 4012 ὑπονοεῖν
3239 3960 3593 4030 πηλικότητα.
3636 3961 3804 4012 ’Υπόο

579 4049 761 4112 λοιπὸς
789 4045 880 4105 οὖν
912 4051 1058 4104 ἐστιν
1089 4056 1115 4105 6
1143 4055 1270 4124 παρ’
1344 4055 1496 4124 ἡμῶν
1533 4056 1742 4126 λεχθεὶς
1805 4055 1898 4108 τοῦ
1931 4053 2197 4125 μείζονος
2235 4060 2453 4129 τρόπος,
2484 4060 2510 4110 6
2544 4058 2644 4127 τῆς
2685 4058 2879 4125 ἀρχῆς,
2908 4053 3070 4121 λέγω,
3103 4054 3194 4105 καὶ
3237 4053 3333 4123 τῆς
3366 4053 3561 4116 αἰτίας·
3604 4053 3667 4105 Ἦ
3703 4052 3804 4122 μιν

578 4142 669 4194 οὖν
703 4142 840 4195 κατά
885 4144 942 4196 τὸ
961 4146 1160 4213 μεῖζον
1195 4147 1535 4217 ἐπιχείρησις
1579 4147 1742 4201 αὑτοῦ
1769 4149 1867 4220 τῆς
1915 4147 2258 4217 βλαστημίας
2291 4147 2529 4215 τοιαύτη.

648 4237 736 4290 26.
772 4236 902 4288 lllud
939 4247 1114 4290 autem
1147 4239 1498 4292 admiratione
1531 4241 1766 4309 dignum,
1797 4243 1936 4310 quod
1976 4243 2054 4296 sic
2086 4242 2137 4294 iu

2312 4238 2400 4291 26.
2456 4239 2657 4288 Ἐκεῖνο
2687 4237 2743 4288 δὲ
2772 4235 3044 4304 θαυμάσαι
3076 4237 3240 4300 ἄξιον,
3269 4237 3348 4286 ὅτι
3380 4236 3549 4298 οὑτως
3579 4241 3637 4289 ὲν
3673 4238 3806 4306 βρα-

582 4331 765 4395 paucis
789 4329 853 4383 ad
887 4345 1162 4384 sermones
1192 4346 1443 4399 perquam
1471 4333 1605 4386 inter
1640 4348 1698 4385 se
1721 4335 2019 4387 contrarios
2047 4335 2141 4385 de-

583 4421 784 4490 lapsus,
812 4423 980 4477 oculis
1024 4426 1184 4479 animi
1213 4427 1357 4480 velut
1385 4427 1614 4494 quadam
1649 4427 1888 4480 caecitate
1933 4426 2142 4494 percul-

581 4514 674 4577 sis,
706 4515 986 4568 verborum
1036 4519 1172 4572 inter
1199 4535 1257 4574 se
1297 4534 1531 4589 pugnam
1568 4520 1868 4587 intelligere
1910 4533 2017 4572 non
2047 4533 2140 4587 po-

582 4609 678 4659 tuit
707 4627 718 4660 :
747 4607 960 4676 planum
981 4617 1037 4662 ut
1069 4609 1140 4662 sit
1165 4625 1226 4660 ar.
1247 4611 1613 4678 conspicuum,
1638 4624 1757 4662 eum
1785 4618 1888 4661 tam
1908 4609 2137 4661 alienum

580 4715 700 4754 csse
728 4717 754 4752 a
798 4701 886 4754 Dei
919 4717 1068 4770 pace,
1099 4717 1259 4772 quam
1285 4701 1538 4757 Dominus
1590 4711 1770 4756 noster
1799 4701 1863 4754 iis
1894 4702 1980 4769 qui
2017 4717 2138 4754 vere

582 4806 644 4843 ac
670 4790 877 4845 sincere
917 4793 969 4845 in
1022 4794 1193 4862 ipsum
1249 4795 1612 4858 crediderunt,
1641 4794 1873 4861 reliquit,
1907 4793 2086 4846 dicens
2119 4810 2133 4847 :

587 4882 770 4934 Pacem
810 4884 1042 4953 relinquo
1094 4887 1269 4946 vobis,
1301 4902 1474 4952 pacem
1501 4903 1663 4938 nteant
1707 4888 1773 4939 do
1815 4886 1952 4938 vobis
1985 4885 2046 4949 “*,
2083 4895 2140 4938 ut

581 4991 684 5026 non
714 4989 835 5030 cum
865 4977 984 5031 aliis
1015 4977 1210 5036 solum.
1240 4979 1331 5032 sed
1363 4993 1542 5032 secum
1585 4977 1893 5047 ctiamipse
1923 4987 2136 5047 pugnet.

654 5175 689 5203 “
718 5171 876 5228 Joan.
906 5190 958 5238 x,
986 5176 1074 5230 50.
1152 5179 1192 5208 ¹¹
1219 5178 1347 5233 ibid.
1379 5175 1567 5233 28-50.

654 5363 759 5430 (78)
791 5362 1130 5436 le_ex__unus
1160 5366 1220 5417 τὸ
1265 5367 1502 5436 μείζονα.
1530 5368 1819 5436 Aliquanto
1856 5377 1970 5434 post
2008 5369 2134 5422 editi

579 5432 700 5482 ὅπου
726 5434 818 5486 καὶ
850 5433 927 5487 τό.
959 5433 1153 5487 Vocula
1181 5432 1274 5487 καί
1332 5439 1380 5489 in
1410 5437 1587 5490 multis
1620 5432 1743 5491 mss.
1777 5432 1947 5490 deest.

653 5503 762 5568 (79)
797 5503 929 5577 Ελιίιί
981 5505 1080 5577 τῆς
1127 5506 1312 5574 φωνῆς
1354 5506 1453 5576 τῆς
1495 5509 1720 5577 Κυρίου,
1779 5508 1898 5562 libri
1938 5519 2143 5562 veteres

579 5571 892 5646 τῆςφωνῆς
921 5574 1015 5646 τοῦ
1040 5571 1245 5646 Κυρίου
1255 5571 1282 5629 ,ἓ

654 5642 763 5700 (ρο)
800 5644 1010 5710 Antiqui
1057 5642 1159 5697 duit
1209 5645 1326 5700 libri
1375 5645 1403 5696 θ

583 5711 735 5832 clliti,
767 5713 977 5767 Ὠσπεο
1003 5711 1092 5768 οὖν
1121 5720 1298 5786 ἡμεῖς.
1337 5711 1615 5785 ΙΙΙύιΙ,ούν,
1639 5719 1688 5772 in
1721 5718 1983 5788 aliquibus
2015 5735 2142 5772 mss.

586 5791 757 5832 tcest.

586 5791 757 5839 deest.

1647 5176 1690 5207 ¹³
1715 5174 1899 5230 Matth.
1924 5193 2033 5243 xw,
2063 5174 2152 5229 9.7.

2248 4332 2331 4400 χεῖ
2370 4328 2504 4399 πρὸς
2546 4329 2671 4391 τοὺς
2714 4330 3130 4392 ἐναντιωτάτους
3179 4327 3365 4392 λόγους
3407 4330 3803 4400 περιτρεπόμεο

2245 4438 2360 4483 νος,
2411 4419 2653 4492 καθάπερ
2685 4421 2912 4492 ἀορασία
2945 4423 3048 4472 τινὶ
3078 4422 3201 4480 τοὺς
3237 4421 3333 4488 τῆς
3373 4419 3550 4489 ψυχῆς
3601 4419 3804 4488 ὀφθαλ-

2248 4513 2376 4582 μοὺς
2420 4514 2814 4584 πεπληγμένος,
2862 4513 3086 4565 συνιδεῖν
3131 4511 3230 4580 τὴν
3275 4515 3332 4564 ὲν
3384 4515 3495 4574 τοῖς
3548 4512 3660 4578 (85)
3715 4513 3805 4564 λε-

2242 4605 2413 4675 χθεῖσι
2453 4608 2629 4677 μάχην
2668 4608 2765 4659 οὑκ
2795 4605 3051 4676 ἐδυνήθηο
3084 4603 3167 4656 ἵνα
3199 4606 3338 4673 φανῇ
3371 4603 3621 4656 τοτοῦτον
3655 4602 3804 4668 ξένος

2242 4695 2314 4748 ῶν
2344 4697 2441 4766 τῆς
2475 4697 2565 4751 τοῦ
2607 4696 2738 4749 Θεοῦ
2774 4699 2992 4766 εἰρήνης
3015 4734 3027 4757 ,
3073 4695 3139 4764 ἦν
3170 4699 3197 4749 6
3233 4694 3434 4765 Κύριος
3481 4694 3642 4763 ήμῶν
3689 4697 3803 4758 τοῖς

2241 4789 2474 4856 γνησίως
2522 4789 2614 4839 καὶ
2676 4787 2877 4849 ἀδόλως
2914 4787 2993 4848 εἰς
3037 4787 3194 4839 αὑτὸν
3242 4786 3660 4838 πεπιστευκόσιν
3701 4787 3802 4854 ἀς-

2242 4880 2395 4948 ἧκεν,
2423 4879 2616 4932 εἰπών’
2665 4878 2925 4946 Εἰρήνην
2959 4879 3164 4948 ἀφίημι
3201 4875 3360 4945 ὑμῖν,
3389 4875 3636 4944 εἰρήνην
3689 4877 3803 4944 τὴν

2244 4971 2394 5039 ἐμὴν
2442 4971 2644 5040 δίδωμι
2688 4971 2855 5039 ὑμῖνο
2895 4970 3031 5023 ὥστε
3077 4971 3196 5040 οὐχ).
3242 4973 3351 5033 τοῖς
3394 4969 3571 5032 ἄλλοις
3619 4969 3800 5038 μόνον,

2231 5173 2274 5205 ³⁸
2296 5173 2448 5228 Joau.
2481 5188 2587 5236 xw,
2624 5171 2711 5225 Ξῖ.

2314 5367 2444 5434 (80‘)
2476 5375 2603 5432 lteg.
2631 5377 2854 5435 quartus
2881 5367 3029 5437 παρά
3050 5368 3165 5421 τοῦ.

2310 5439 2421 5505 (8|)
2451 5439 2586 5491 Editi
2618 5448 2671 5491 et
2713 5438 2844 5504 Reg.
2877 5436 3142 5510 secundus
3181 5436 3320 5510 κατὰ
3357 5437 3453 5508 τὴν
3497 5440 3794 5510 ἡμετέραν.

2237 5510 2337 5563 Atii
2365 5521 2596 5569 quatuor
2626 5524 2752 5577 mss.
2783 5507 2922 5560 κατὰ
2942 5509 3038 5577 τὴν
3067 5508 3353 5577 ὑμετέραν.

2309 5579 2416 5646 (8‘2)
2449 5577 2584 5631 Editi
2612 5576 2830 5646 μείζονα
2852 5578 2940 5631 τὸν
2966 5576 3189 5647 πατέρα’
3213 5576 3318 5644 ὅγε
3344 5580 3792 5647 ἀποφαινόμενος.

1412 5647 1562 5715 ρόνος
1610 5646 1702 5700 τού
1741 5647 1898 5699 Θεοῦ.
1943 5645 2141 5700 Ibidem

2248 5645 2539 5702 Balineum
2575 5645 2702 5713 Reg.
2745 5651 2899 5701 tertio
2936 5650 3009 5701 uti
3048 5645 3222 5714 legere
3245 5659 3326 5702 est
3359 5651 3408 5701 in
3444 5645 3720 5701 contentu.

2257 5793 2270 5842 1
2309 5720 2418 5842 (βὲ)
2451 5717 2593 5770 Libri
2628 5728 2835 5774 Veteres
2867 5718 2963 5790 τὴν
2996 5722 3050 5772 ὲν
3077 5719 3204 5780 τοῖς.
3239 5718 3390 5783 Illud,
3428 5720 3525 5789 τήν
3552 5719 3604 5771 in
3633 5721 3795 5776 editis

2275 5805 2349 5842 es:
2391 5799 2592 5842 cratur.

2241 5799 2592 5845 deSIderatur.
