4026 6442
573 387 668 439 571

1881 378 1934 430 S.
1977 374 2213 428 BASILII
2253 376 2466 431 MAGNI

3682 379 3790 432 572

569 497 723 550 liaria
759 508 1073 563 pr0ponere.
1099 492 1226 546 Nam
1263 493 1305 546 si
1333 494 1436 547 Deo
1462 501 1514 546 et
1545 491 1687 544 Patri
1715 507 1816 545 non
1850 506 2109 558 compara-

2230 491 2399 561 ήγορα
2443 487 2554 558 (89)
2599 489 2895 560 διδάγματα
2968 490 3386 563 προτεινόμενοι.
3433 495 3496 546 Εἰ
3549 492 3658 562 γὰρ
3715 492 3789 562 μὴ

571 599 678 649 tur,
721 587 1168 654 quemadmodum
1233 601 1403 653 neque
1458 585 1653 652 angeli,
1694 601 1864 656 neque
1907 583 2124 647 caelum,

569 693 742 746 neque
773 679 874 742 sol,
912 693 1085 746 neque
1116 688 1278 743 terra,
1303 692 1473 745 neque
1501 679 1806 732 animalium
1838 693 1952 747 qua:
1985 677 2034 728 in
2061 691 2122 730 ea

565 781 691 823 sunt
715 770 903 833 ullum,
941 785 1113 840 neque
1143 773 1443 841 plantarum
1477 770 1580 822 ulla
1613 790 1625 836 ;
1654 771 1918 840 quomodo
1949 785 1976 822 a
2002 785 2124 836 pro-

567 861 699 929 priis
724 863 985 916 creaturis
1017 865 1119 917 erit
1168 863 1408 915 diversus
1435 862 1458 915 ?
1489 873 1696 926 contra,
1721 863 1858 915 unde
1898 861 1970 913 illi
2002 876 2121 914 cum

567 952 722 1005 Patre
761 953 1117 1020 conjunctio‘?
1150 951 1277 1021 Ego,
1314 952 1507 1022 inquit,
1545 965 1588 1005 et
1649 953 1808 1005 Pater
1838 968 1996 1002 unum
2033 969 2121 1004 sn-

564 1062 676 1098 mns
717 1045 780 1098 ".
818 1045 1019 1098 Rursus
1047 1045 1190 1097 enim
1229 1045 1463 1113 ejusdem
1501 1045 1624 1098 dicti
1679 1044 1936 1097 faciamus
1971 1060 2120 1097 men-

566 1138 784 1190 Iionetn.
832 1137 959 1199 Hoc,
997 1137 1081 1189 dic
1124 1139 1273 1202 mihi,
1311 1152 1484 1191 nonne
1522 1135 1740 1190 verbum
1786 1146 1866 1188 est
1903 1151 2119 1202 compa-

564 1229 733 1283 rantis
766 1229 1188 1296 seipsum?Quid
1219 1231 1338 1282 dico
1367 1229 1725 1294 comparantis
1750 1226 1772 1279 ?
1798 1228 1900 1279 imo
1933 1228 2119 1280 unien-

565 1319 653 1383 tis,
689 1328 744 1372 ut
774 1319 845 1373 ita
873 1321 1070 1385 dicam,
1100 1330 1153 1373 et
1185 1329 1390 1371 natura:
1419 1318 1814 1371 similitudinem
1841 1319 2120 1383 integerri-

564 1425 703 1464 utam
743 1412 868 1465 hinc
911 1410 1232 1465 declarantis
1271 1409 1293 1460 ?
1336 1407 1432 1460 llic
1470 1423 1597 1461 vero
1650 1408 2116 1476 incomparabilem

563 1516 682 1556 esse
714 1503 874 1555 Deum
910 1500 1116 1552 statuit.
1145 1499 1206 1552 Et
1257 1499 1471 1552 bonitas
1498 1499 1658 1568 238
1691 1499 1901 1566 quidem
1933 1497 2022 1552 Dei
2056 1515 2118 1554 ac

565 1593 861 1646 Salvatoris
878 1592 1043 1644 nostri
1068 1589 1192 1644 Jesu
1215 1591 1434 1655 Christi,
1460 1592 1719 1654 homines,
1745 1597 1900 1658 prout
1926 1605 2118 1660 capere

562 1697 840 1750 possumus
859 1722 874 1745 ,
912 1697 1005 1750 per
1034 1682 1267 1735 studium
1295 1697 1354 1735 ac
1383 1683 1824 1736 exercitationem
1856 1684 2112 1737 bonorum

561 1788 780 1842 operum
812 1788 876 1828 eo
899 1773 1131 1836 adducit,
1155 1784 1210 1826 ut
1240 1775 1369 1826 tiant
1402 1775 1505 1827 Deo
1531 1775 1899 1826 universorum
1936 1773 2112 1828 consi-

561 1863 736 1926 miles,
770 1863 892 1916 dum
929 1862 1056 1917 dicit
1087 1879 1100 1915 :
1127 1862 1255 1916 Sitis
1281 1863 1488 1930 perfecti
1531 1863 1659 1915 sicut
1701 1872 1746 1915 et
1775 1861 1932 1917 Pater
1962 1874 2120 1916 vester

561 1953 778 2007 celestis
810 1953 1061 2021 perfectus
1097 1962 1171 2005 est
1198 1951 1267 2015 ¹⁸;
1305 1952 1389 2004 hic
1427 1961 1603 2004 autem
1646 1951 1985 2022 Unigenitum
2020 1968 2115 2005 na-

563 2045 717 2097 turali
753 2058 872 2097 cum
901 2045 1056 2098 Patre
1084 2044 1480 2113 conjunctione,
1499 2053 1755 2112 quantum
1785 2046 1832 2097 in
1868 2048 1980 2113 ipso
2007 2054 2108 2108 est,

563 2136 754 2205 privat.
796 2137 899 2191 Sed
930 2147 982 2191 et
1029 2137 1140 2189 haec
1183 2136 1322 2190 ratio
1369 2136 1447 2190 sic
1474 2137 1731 2191 adversus
1763 2137 1906 2191 hunc
1942 2137 2109 2203 ipsum

563 2227 978 2298 retorquebitur.
1017 2227 1224 2281 Etenim
1267 2229 1310 2282 si
1354 2229 1784 2297 incomparabilis
1811 2238 1892 2281 est
1931 2226 2108 2293 Pater,

562 2321 703 2373 unde
731 2319 919 2371 Filium
951 2317 1264 2371 dissimilem
1289 2331 1404 2369 esse
1425 2315 1810 2369 demonstrabit
1830 2315 1852 2367 ?
1870 2315 1934 2369 Et
1961 2332 2108 2379 vero,

561 2412 604 2464 si
632 2426 696 2464 ex
737 2411 1091 2465 essentiarum
1147 2411 1287 2463 inter
1314 2424 1371 2462 se
1413 2409 1807 2477 comparatione
1835 2409 2106 2465 dissimili-

563 2503 796 2556 tudinem
851 2501 1122 2556 invenisse
1152 2517 1210 2556 se
1252 2501 1494 2556 dicturus
1519 2509 1634 2568 est,
1664 2501 1752 2570 qui
1788 2503 1900 2556 ﬁeri
1941 2510 2111 2571 potest

561 2604 621 2648 ut
653 2596 1091 2667 incomparabilis
1124 2596 1192 2650 sit
1241 2595 1328 2664 qui
1378 2595 1499 2648 talis
1541 2594 1667 2648 est?
1705 2594 1797 2648 Sin
1846 2605 2019 2648 autem
2047 2608 2113 2646 ne

562 2697 902 2756 εοηιριιτῖιιυι·
933 2687 1146 2757 quidem
1179 2687 1286 2738 ullo
1314 2687 1487 2749 modo,
1519 2688 1783 2752 quomodo
1828 2688 1995 2754 potuit
2030 2687 2110 2738 di-

559 2779 866 2833 versitatem
918 2778 1294 2847 cognoscere?
1327 2777 1414 2830 Sic
1450 2777 1642 2829 malum
1698 2793 1801 2828 non
1843 2778 1980 2829 bono
2025 2793 2111 2831 so-

559 2870 666 2923 lum
696 2870 908 2925 videtur
933 2871 1229 2928 adversari.
1264 2869 1354 2923 sed
1386 2869 1555 2937 ipsum
1583 2869 1742 2921 etiam
1777 2868 1900 2924 sibi.

2232 584 2574 652 συγκρίνεται
2615 581 2692 651 τῷ
2724 583 2841 652 Θεῷ
2886 584 2979 636 καὶ
3023 587 3193 656 Ila—cpi
3242 582 3386 654 (90),
3434 586 3623 656 ὥσπερ
3664 582 3787 637 οὔτε

2229 671 2477 738 ἄγγελοι,
2523 671 2642 724 οὔτε
2671 671 2927 742 οὐρανὸς,
2976 672 3098 724 οὔτε
3151 676 3320 742 ἣλιος,
3361 671 3482 724 οὔτε
3513 679 3616 745 γῆ,
3666 671 3788 726 οὔτε

2227 762 2332 814 τῶν
2363 766 2416 815 ἐν
2454 766 2586 833 αὐτῇ
2624 763 2773 827 ζώων
2809 783 2866 817 τε
2900 766 2992 817 καὶ
3022 768 3202 832 φυτῶν
3234 769 3490 821 ἕκαστον·
3526 770 3644 832 πῶς
3690 766 3788 838 μὲν

2225 857 2322 925 τὴν
2361 857 2617 928 διαφορὰν
2658 857 2769 922 ἕξει
2804 859 2936 928 πρὸς
2965 857 3032 910 τὰ
3063 859 3236 911 οἰκεῖα
3281 861 3584 930 κτίσματα;
3627 862 3788 914 πόθεν

2225 949 2280 1000 δὲ
2314 949 2459 1018 αὐτῷ
2511 950 2646 1020 πρὸς
2687 949 2778 1001 τὸν
2811 951 3138 1020 γεννήσαντα
3188 953 3220 1018 ἡ
3267 953 3566 1022 οἰκειότης
3618 950 3781 1018 Ἐγὼ,

2227 1041 2375 1110 φησὶ,
2405 1043 2502 1094 καὶ
2531 1048 2562 1095 ό
2600 1041 2795 1109 Πατὴρ
2828 1042 2894 1094 ἓν
2923 1043 3126 1109 ἐσμεν.
3156 1040 3322 1095 Πάλιν
3361 1044 3466 1113 γὰρ
3497 1041 3589 1096 τοῦ
3619 1041 3782 1095 αὑτοῦ

2229 1135 2682 1204 μνημονεύσωμεν
2714 1135 2842 1204 (91).
2888 1133 3076 1193 Τοῦτο,
3105 1133 3225 1186 εἱπέ
3265 1148 3373 1202 μοι,
3411 1137 3529 1204 οὐχὶ
3563 1134 3782 1202 συγκρί-

2225 1241 2399 1285 νοντος
2429 1226 2616 1279 ἑαυτόν
2651 1230 2761 1279 ἐστι
2791 1225 2849 1276 τὸ
2884 1225 3066 1295 pitu;
3096 1225 3159 1277 Τί
3203 1223 3344 1290 λέγω
3369 1228 3778 1297 συγκρίνοντοςς

2224 1314 2460 1378 ἑνοῦντος
2518 1318 2614 1386 μὲν
2661 1315 2774 1379 οὖν,
2841 1316 2912 1378 ὼς
2963 1319 3154 1381 εἰπεῖν,
3203 1315 3297 1368 καὶ
3331 1315 3390 1367 τὸ
3437 1316 3532 1384 τῆς
3566 1318 3779 1385 φύσεως

2222 1407 2630 1477 ἀπαράλλακτον
2683 1409 2816 1478 (9‘2)
2885 1411 3250 1479 παριστῶντος
3318 1405 3586 1460 ἐντεῦθεν.
3627 1410 3683 1461 Ὀ
3724 1406 3780 1459 δὲ

2221 1497 2544 1569 ἀσύγκριτον
2578 1499 2714 1553 εἶναι
2746 1499 2837 1551 τὸν
2875 1500 3005 1552 Θεὸν
3047 1497 3421 1567 ἀποφαίνεται.
3464 1498 3570 1548 Καὶ
3606 1500 3636 1567 ὴ
3683 1500 3780 1566 μὲν

2220 1587 2491 1660 ἀγαοότης
2535 1591 2626 1642 τοῦ
2659 1589 2791 1641 Θεοῦ
2824 1589 2917 1641 καὶ
2964 1589 3208 1658 Σωτῆρος
3246 1588 3399 1656 ἡμῶν
3442 1584 3614 1654 Ἰησοῦ
3649 1587 3782 1656 Χρι-

2222 1680 2345 1732 στοῦ
2372 1683 2496 1745 τοὺς
2526 1679 2838 1752 ἀνθρώπους
2878 1680 3020 1749 (93),
3067 1680 3292 1733 καθόσον
3330 1680 3491 1748 ἐσμὲν
3540 1694 3780 1747 χωρητι-

2219 1774 2324 1834 κοὶ,
2366 1774 2454 1826 διὰ
2481 1774 2579 1842 τῆς
2612 1771 2836 1842 μελέτης
2879 1774 2970 1824 καὶ
3017 1772 3116 1840 τῆς
3153 1771 3437 1840 ἀσκήσεως
3481 1770 3587 1824 τῶν
3636 1771 3777 1834 ἀγα-

2225 1864 2332 1918 Θῶν
2364 1867 2536 1935 ἔργων
2587 1867 2650 1935 τῇ
2700 1865 2833 1935 πρὸς
2878 1862 2966 1918 τὸν
3017 1866 3144 1917 Θεὸν
3176 1863 3284 1914 τῶν
3339 1863 3472 1916 ὅλων
3523 1861 3781 1934 ὁμοιώσει

2224 1960 2484 2029 προσάγει
2523 1957 2580 2009 ἐν
2612 1952 2691 2018 οἷς
2723 1975 2850 2028 φησι
2872 1975 2884 1986 ·
2923 1959 3174 2012 Γίνεσθε
3204 1956 3417 2010 τέλειοι
3455 1956 3646 2020 καθὼς
3681 1953 3782 2005 καὶ

2219 2056 2251 2103 ό
2282 2050 2478 2116 Πατὴρ
2520 2049 2684 2117 ὑμῶν
2714 2054 2745 2103 ό
2797 2052 3071 2118 οὐράνιος
3119 2048 3345 2116 τέλειός
3386 2051 3586 2104 ἐστιν·
3623 2039 3779 2108 οὗτος

2216 2143 2270 2194 δὲ
2301 2141 2389 2192 τὸν
2431 2142 2706 2212 Μονογενῆ
2754 2141 2853 2212 τὴν
2882 2144 2946 2195 ὲκ
2994 2140 3203 2211 φύσεως
3248 2141 3395 2211 αὐτῷ
3431 2140 3779 2208 ὑπάρχουσαν

2217 2233 2349 2302 πρὸς
2381 2233 2472 2286 τὸν
2507 2237 2839 2306 γεννῆσαν-ια
2881 2232 3182 2302 οἰκειότητα
3213 2233 3355 2303 (94),
3395 2233 3455 2286 τὸ
3503 2233 3581 2293 εἰς
3615 2229 3780 2282 αὑτὸν

2213 2320 2364 2395 ἧκον,
2396 2329 2700 2398 ἀποστερεῖ.
2741 2327 2928 2380 Καίτοι
2959 2325 3052 2378 καὶ
3081 2323 3250 2389 οὕτως
3285 2329 3393 2398 (95)
3427 2324 3573 2394 αὐτῷ
3603 2325 3684 2386 εἰς
3715 2324 3778 2376 τὸ

2213 2418 2448 2468 ἐναντίον
2481 2420 2508 2469 ὁ
2542 2419 2696 2484 λόγος
2734 2420 3216 2487 περιτραπήσεται.
3248 2419 3310 2472 Εἰ
3354 2420 3460 2489 γὰρ
3505 2415 3776 2485 ἀσύγκρι-

2215 2525 2304 2570 τος
2349 2510 2377 2559 ὁ
2421 2509 2629 2577 Πατὴρ,
2683 2507 2840 2560 πόθεν
2891 2506 3067 2560 λαϐὼν
3112 2509 3212 2579 τῆς
3261 2511 3636 2579 ἁνομοιὴτος
3679 2508 3775 2560 τοῦ

2225 2601 2356 2654 Υἱοῦ
2389 2599 2487 2662 τὰς
2523 2600 2822 2666 ἀποδείξεις
2869 2599 3188 2671 παρέξεται;
3221 2604 3283 2655 Εἰ
3329 2603 3424 2669 μὲν
3467 2600 3592 2670 γὰρ,
3628 2601 3777 2652 ἀντε-

2219 2693 2593 2764 παρεξετάζων
2625 2695 2723 2756 τὰς
2748 2695 2929 2758 οὐσίας
2970 2696 3240 2766 ἀλλήλαις,
3284 2696 3570 2766 εὑρηκέναι
3613 2695 3776 2765 φήσει

2218 2785 2278 2836 τὸ
2317 2785 2586 2855 ἀνόμοιον,
2618 2785 2733 2848 πῶς
2763 2784 3088 2856 ἀσύγκριτος
3125 2789 3152 2838 ὁ
3178 2787 3449 2849 τοιοῦτος;
3479 2789 3528 2838 εἰ
3559 2786 3613 2837 δὲ
3651 2785 3776 2837 οὐδὲ

2222 2876 2566 2946 συγκρίνεται
2613 2877 2710 2948 τὴν
2763 2877 2934 2949 ἀρχὴν
2992 2877 3135 2947 (96),
3187 2878 3302 2941 πῶς
3363 2878 3657 2945 ἐπιγνῶναι
3713 2877 3776 2928 τὸ

557 2965 809 3036 διάφορον
862 2965 1130 3037 ἡδυνήθης
1187 2963 1369 3027 Οὕτως
1415 2963 1558 3019 ἔοικε
1606 2962 1666 3017 τὸ
1715 2963 1884 3020 κακὸν
1928 2966 1990 3019 οὐ
2043 2965 2119 3036 τῷ
2179 2969 2363 3039 ἀγαθῷ
2415 2971 2779 3025 ἐναντιοῦσθαι
2847 2972 3038 3042 μόνον,
3089 2971 3225 3026 ἀλλὰ
3290 2973 3384 3026 καὶ
3457 2972 3589 3025 αὐτὸ
3642 2971 3766 3025 ἑαυ-

557 3061 637 3129 τῷ
670 3060 800 3131 (97).

638 3239 679 3270 ⁸⁷
708 3237 863 3293 Joan.
889 3253 942 3304 x,
966 3237 1054 3292 50.
1131 3238 1171 3269 ’⁸
1207 3236 1396 3292 Matth.
1431 3253 1487 3305 ν,
1513 3238 1601 3293 48.

630 3415 739 3488 (89)
767 3414 922 3488 illud,
950 3415 1075 3484 φίλα
1104 3419 1196 3469 καὶ
1225 3418 1557 3488 προσήγορα,
1590 3417 1634 3470 si
1669 3418 1858 3488 mavis,
1884 3418 1956 3471 ita
1983 3433 2104 3473 cum

2215 3418 2377 3488 inmto
2411 3433 2548 3482 esse,
2577 3417 2747 3471 solere
2774 3415 2972 3484 aliquid
3017 3415 3156 3488 lieri,
3207 3414 3348 3488 aliud
3387 3428 3600 3488 semper
3627 3413 3770 3488 ﬁeri.

556 3484 877 3555 Coinlielisio
911 3484 1306 3554 interpretare:
1335 3484 1567 3555 jucunda
1594 3505 1653 3539 ac
1679 3487 1931 3554 faventia.

627 3553 738 3620 (90)
775 3553 1288 3621 Dissident’quidem
1323 3553 1462 3608 inter
1486 3573 1542 3610 se
1571 3553 1695 3608 editi
1726 3566 1777 3609 et
1805 3557 1922 3607 libri
1960 3565 2108 3606 vete-

558 3639 641 3675 res
668 3640 679 3674 :
705 3623 798 3674 sed
825 3622 918 3690 ita,
947 3632 1004 3674 ut
1037 3625 1299 3675 sententia
1336 3626 1520 3676 eadem
1558 3639 1768 3690 semper
1807 3635 2103 3677 remaneat.

556 3693 694 3764 Editi
725 3689 1060 3764 συγκρίνοιτο
1080 3691 1155 3760 τῷ
1181 3693 1370 3764 Πατρί.
1401 3693 1574 3747 Codex
1604 3689 2105 3764 untrspuyxpiverm

554 3763 630 3831 τῷ
651 3760 768 3882 Osci»
795 3760 978 3835 Πατρί.
1007 3763 1156 3814 Alius
1184 3760 1525 3833 cuyipivstat
1547 3764 1624 3833 τῷ
1652 3762 1769 3832 Θεῷ
1791 3760 1881 3816 καὶ
1908 3760 2102 3834 ’Πατρὰ

555 3844 610 3882 et
639 3832 706 3882 ita
755 3833 878 3882 oaui
930 3832 1063 3882 solet
1113 3833 1353 3882 Basilius.
1408 3835 1646 3882 Denique
1691 3835 1780 3882 alii
1830 3836 1934 3882 dun
1971 3849 2101 3882 mss.

555 3844 610 3884 et
639 3832 706 3884 ita
739 3832 878 3903 loqui
913 3832 1063 3903 solet
1113 3832 1353 3887 Basilius.
1407 3832 1646 3903 Denique
1691 3835 1780 3886 alii
1830 3836 1934 3888 duo
1971 3832 2101 3886 mss.

558 3901 899 3973 συγκρίνεται
926 3902 1001 3972 τῷ
1028 3903 1219 3973 Πατρί.

625 3972 735 4045 (91)
787 3971 927 4025 Editi
976 3971 1432 4044 μνημονεύσομεν.
1494 3975 1714 4029 Codices
1753 3985 1861 4028 tres
1898 3991 2107 4045 μνημο-

557 4041 854 4111 νεύσωμεν,
886 4041 1046 4096 recte.

628 4111 737 4184 (92)
774 4113 920 4184 Illud,
966 4113 1031 4184 to
1069 4113 1501 4184 ἀπαράλλακτον,
1549 4131 1650 4167 non
1687 4114 2106 4183 qualemcunque

556 4181 957 4234 similitudinem
994 4181 1278 4248 siguiliéal,
1305 4188 1394 4236 sed
1423 4200 1562 4244 cant,
1589 4181 1715 4249 (μιαί
1742 4186 1915 4236 omnis
1948 4181 2105 4236 dis—si-

558 4251 874 4322 militudinis
899 4265 1090 4317 expers
1116 4253 1205 4313 sit,
1239 4257 1316 4305 sic
1352 4262 1407 4304 ut
1433 4253 1570 4305 idem
1600 4255 1828 4322 sitquod
1858 4255 2104 4306 identitas

555 4320 691 4386 apud
729 4319 1018 4388 theologos.

626 4389 737 4458 (95)
792 4388 938 4442 Hunc
1010 4391 1178 4444 locum
1237 4390 1307 4443 ita
1369 4389 1760 4458 Trapezuntius
1817 4400 2099 4444 verterat:

557 4473 730 4511 omnes
756 4460 987 4511 homines
1019 4463 1256 4524 perducit
1283 4475 1302 4512 :
1333 4460 1383 4512 in
1414 4477 1520 4527 quo
1551 4478 1578 4512 a
1621 4461 1941 4513 Combelisio
1978 4462 2099 4526 jure

558 4529 980 4595 reprehenditur,
1010 4531 1147 4597 quod
1177 4545 1358 4583 vocem
1397 4548 1568 4583 omnes
1599 4531 1661 4582 de
1688 4546 1782 4582 suo
1816 4530 2098 4582 addiderit.

629 4597 737 4667 (94)
776 4599 1044 4652 Editioues
1078 4600 1206 4653 \'en.
1249 4611 1300 4651 et
1341 4602 1502 4652 Basil.
1536 4611 1590 4652 et
1634 4601 1889 4667 Stephani
1927 4612 1977 4650 et
2006 4615 2100 4652 sex

557 4680 691 4740 mss.
715 4667 810 4740 τῂν
836 4669 899 4740 ὲκ
921 4669 1127 4735 φύσεως
1152 4669 1295 4738 αὑτῷ
1319 4671 1727 4740 ὑπάρχουσαν...
1743 4669 2097 4740 οἰκειότητα.

559 4737 731 4810 βόηὶο
755 4737 924 4810 Paris.
952 4749 1003 4791 et
1033 4741 1162 4805 Heg.
1193 4737 1572 4810 seettntlttséﬁ;
1607 4742 1669 4792 ὲκ
1701 4739 1912 4806 φύσεως
1954 4737 2098 4808 αὐτῷ

556 4805 987 4876 ὑπαρχούσης...
1038 4810 1382 4878 οἰκειότητος,
1436 4819 1490 4863 et
1532 4805 1610 4862 ita
1659 4805 1930 4876 legendum
1969 4805 2100 4878 esse

557 4887 735 4928 censet
774 4880 1012 4929 Duc-aus.
1061 4878 1167 4931 Sed
1211 4877 1380 4944 ipsum
1445 4882 1632 4933 audire
1681 4886 1919 4944 pra'stat.
1953 4877 2096 4930 Solet

556 4950 710 5017 enim,
741 4947 929 5013 inquit,
959 4963 1020 4998 ex
1049 4948 1236 5013 regulis
1262 4952 1624 5014 grammatices
1650 4949 1848 5017 στερέω
1879 4949 2096 5015 genitivo

559 5016 630 5088 rei
656 5017 826 5083 jungi,
860 5033 957 5088 qua
994 5018 1232 5088 privatur
1253 5018 1465 5082 aliquis,
1501 5029 1552 5069 ut
1588 5016 1898 5088 στερεῖσθαι
1930 5034 2100 5083 κεφα-

556 5082 675 5156 λῆς,
706 5082 1002 5156 στερεῖσοαι
1030 5085 1126 5153 τῆς
1154 5086 1377 5147 πόλεως,
1409 5088 1574 5152 capite
1612 5082 1696 5140 vel
1726 5089 1847 5138 urbe
1881 5082 2099 5155 privari.

560 5151 663 5207 Sed
691 5151 1195 5210 tiou'animadvertit
1227 5160 1307 5208 vir
1336 5151 1534 5225 alioqui
1563 5151 1928 5223 doctissimus,
1955 5157 2096 5210 aliud

2217 3487 2384 3539 Verba
2432 3498 2606 3540 autem
2658 3488 2916 3553 privativa
2953 3486 3124 3538 solent
3169 3485 3381 3553 quidem
3427 3485 3663 3552 genitivo
3689 3487 3767 3539 rei

2205 3556 2352 3622 jungi
2379 3559 2500 3608 :sed
2530 3558 2578 3608 id
2607 3572 2708 3608 non
2741 3571 2948 3620 semper
2973 3555 3084 3607 ﬁeri
3108 3565 3352 3619 constat;
3383 3555 3487 3607 imo
3511 3569 3616 3608 non
3643 3571 3770 3609 raro

2212 3637 2401 3692 regunt
2435 3627 2566 3678 duos
2608 3626 2965 3678 accusativos.
2993 3624 3171 3690 Quare
3211 3624 3406 3677 nullam
3442 3624 3600 3676 video
3638 3639 3770 3677 cau-

2208 3709 2344 3757 sam,
2375 3710 2470 3748 cur
2498 3695 2758 3748 editiones
2781 3704 2988 3748 veteres
3017 3704 3093 3748 tot
3132 3695 3375 3747 codicum
3403 3707 3632 3747 numero
3654 3694 3770 3747 suf-

2209 3763 2367 3817 fultas
2398 3765 2545 3830 sequi
2579 3765 2730 3818 nobis
2755 3779 2855 3817 non
2887 3766 3060 3817 liceat.
3102 3765 3240 3832 Lege
3278 3763 3634 3817 Thesaurum.
3665 3765 3774 3818 Vc-

2210 3842 2351 3954 leércs
2390 3835 2587 3902 aliquot
2644 3835 2762 3887 libri
2799 3833 3146 3904 ὑπάρχουσαν
3195 3834 3330 3904 πρὸς
3370 3832 3460 3885 τὸν
3508 3850 3771 3905 γεγεννη-

2210 3920 2240 3954 κ
2275 3921 2359 3954 τα.

2207 3920 2359 3954 κοτα.

2277 3973 2389 4044 (95)
2431 3973 2567 4026 Editi
2597 3973 2689 4027 καὶ
2709 3963 2880 4035 οὗτος.
2905 3973 3048 4027 Libri
3074 3973 3276 4044 antiqui
3311 3973 3404 4026 καὶ
3426 3971 3634 4044 οὕτως.
3656 3970 3769 4024 Vox

2207 4042 2462 4109 τοιοῦτος,
2487 4061 2603 4112 quae
2638 4046 2908 4110 aliquanto
2933 4055 3050 4111 post
3083 4042 3297 4112 legitur,
3331 4047 3426 4098 hoc
3456 4042 3572 4094 loco
3607 4043 3768 4112 debet

2211 4117 2345 4168 Snmi
2382 4132 2475 4179 pro
2503 4110 2576 4166 eo
2609 4115 2695 4180 qui
2730 4110 3074 4181 comparatur
3102 4110 3162 4167 ac
3193 4113 3466 4166 confertur
3490 4125 3610 4163 cum
3637 4110 3766 4162 alio.

2279 4183 2389 4251 (96)
2427 4185 2574 4246 Illud,
2614 4182 2708 4252 τὴν
2756 4183 2950 4252 ἀρχήν,
2998 4201 3097 4235 non
3151 4199 3273 4236 raro
3307 4183 3535 4234 sumitur
3578 4181 3770 4232 adver-

2208 4253 2418 4305 bialiter
2442 4268 2537 4318 pro
2577 4269 2662 4313 eo,
2699 4256 2835 4318 quod
2879 4263 2978 4311 est,
3016 4254 3186 4314 initio,
3237 4252 3468 4314 omnino,
3501 4258 3630 4313 etc.,
3667 4265 3769 4303 nec

2207 4321 2463 4374 debuerat
2499 4323 2761 4386 interpres
2788 4320 2864 4371 sic
2897 4333 3106 4374 vertere
3138 4340 3150 4373 :
3184 4321 3336 4385 Quod
3360 4322 3406 4372 si
3439 4335 3528 4372 nec
3551 4319 3766 4371 initium

2204 4392 2406 4454 quidem
2436 4391 2832 4455 comparationis
2870 4389 3040 4441 hqul.

2276 4459 2384 4526 (97)
2419 4458 2542 4511 Post
2580 4473 2757 4510 vocem
2793 4458 2964 4526 ἑαυτῷ
2991 4460 3040 4526 i_n
3072 4459 3257 4525 Regiis
3291 4458 3486 4525 primo,
3523 4456 3767 4509 secundo

2204 4537 2256 4581 et
2285 4521 2444 4580 'sex'to
2485 4538 2782 4598 sequuntur
2830 4521 3029 4589 ΗΙειζθῦ
3071 4521 3583 4598 γένοιτολυτρῶσαι
3613 4526 3766 4593 ἡμᾶς

2204 4598 2381 4666 χάριτι
2406 4598 2496 4649 τοῦ
2526 4597 2731 4668 Κυρίου
2751 4598 2906 4666 ἡμῶν
2953 4599 3124 4666 Ἰησοῦ
3157 4597 3421 4668 Χριστοῦ.
3442 4597 3558 4668 μεθ’
3599 4598 3660 4654 οὗ
3687 4598 3766 4666 τῷ

2203 4668 2419 4737 ἀνάρχῳ
2445 4668 2615 4737 Πατρὶ
2657 4667 2781 4738 δόξα
2826 4670 2918 4720 σὺν
2940 4669 3075 4738 ἁγίῳ
3114 4667 3386 4737 Πνεύματι
3419 4667 3512 4738 νῦν
3554 4671 3644 4722 καὶ
3680 4669 3768 4721 ἀεὶ

2205 4739 2296 4789 καὶ
2330 4742 2404 4800 εἰς
2438 4740 2556 4808 τοὺς
2581 4737 2780 4799 αἰῶνας
2811 4756 2822 4791 :
2853 4737 3077 4805 quorum
3110 4741 3393 4790 verborum
3430 4737 3762 4808 interpreta-

2207 4811 2400 4860 tionem
2441 4807 2682 4859 Latinam
2729 4823 2850 4859 cum
2901 4808 3120 4860 vidisset
3166 4808 3390 4861 Ducarus
3435 4807 3488 4859 in
3521 4809 3764 4862 editione

2205 4877 2510 4936 Parisiensi,
2559 4885 2880 4945 conquestus
2939 4889 3019 4930 est
3071 4877 3256 4931 Graaea
3303 4892 3369 4929 ex
3425 4891 3521 4929 suo
3575 4883 3765 4932 codice

2204 4945 2370 5013 Regio
2403 4947 2580 4998 addita
2613 4962 2715 4998 non
2747 4947 2929 4999 luisse.
2965 4947 3066 4999 Sed
3097 4961 3160 4998 ea
3191 4949 3240 4999 in
3278 4961 3330 4999 re
3359 4946 3473 4998 viro
3500 4947 3756 5001 doctissi-

2204 5030 2290 5068 mo
2320 5017 2562 5067 assentiri
2615 5032 2714 5066 non
2755 5028 2910 5081 queo,
2957 5032 3076 5068 cum
3129 5016 3388 5083 ejusmodi
3428 5013 3699 5072 clausulas
3729 5031 3759 5068 ει

2205 5085 2438 5136 librariis
2471 5085 2588 5136 addi
2615 5086 2816 5146 solitas,
2848 5100 3002 5138 nemo
3031 5086 3120 5151 qui
3159 5084 3537 5151 paulumtnodo
3580 5088 3632 5139 in
3664 5101 3758 5141 ve-

2205 5155 2406 5208 teribus
2439 5154 2586 5208 libris
2620 5153 2857 5221 legendis
2889 5165 3132 5209 versatus
3162 5156 3252 5219 sit,
3279 5155 3510 5222 ignoret.
