4026 6462
256 387 367 443 573

1366 398 1735 456 ADVERSUS
1771 401 2136 460 EUNOMIUM
2178 406 2306 462 LIB.
2348 408 2412 466 11.

3375 420 3478 474 574

447 559 3451 598 ——————___._..._.____________________________

1034 801 1311 886 ΠΡΟΣ
1375 804 1953 894 ΕΥΝΟΜΙΟΝ
2021 799 2129 871 (9⁸)
2173 810 2532 896 ΛΟΓΟΣ
2600 813 2701 895 B'.

1633 1071 1835 1123 ΠΕΡΙ
1902 1071 2117 1126 ΥΙΟΥ.

603 1401 1210 1495 ADVERSUS
1284 1403 1949 1498 EUNOMIUM
2030 1408 2385 1497 LIBER
2454 1409 3114 1503 SECUNDUS.

1694 1597 1782 1652 DE
1821 1595 2016 1653 FILIO.

325 1906 378 1960 ‘l.
446 1907 532 1961 Ἐν
580 1907 756 1961 τοίνυν
807 1911 916 1973 τοῖς
962 1910 1086 1980 περὶ
1117 1909 1250 1963 Θεοῦ
1296 1910 1400 1962 τῶν
1446 1910 1579 1963 ὅλων
1629 1911 1805 1979 λόγοις
1836 1917 1881 1974 Α

245 1999 766 2062 ὖποκατασκευάσας
795 2000 914 2053 ὅσον
942 2001 1159 2053 ἐδύνατο
1197 2001 1292 2062 τὰς
1336 2002 1414 2063 είς
1451 2001 1539 2053 τὸν
1566 2001 1690 2054 Υἱὺν
1714 2001 1805 2055 τοῦ

244 2091 385 2144 Θεοῦ
418 2092 779 2161 βλασφημίας,
810 2091 954 2160 αὐτῷ
976 2091 1160 2144 λοιπὸν
1189 2094 1434 2164 ἐπαφῆκε
1467 2093 1543 2163 τῷ
1572 2096 1807 2162 Μονογε-

243 2186 330 2236 νεῖ
353 2185 471 2253 Θεῷ
494 2184 588 2254 τὴν
616 2182 884 2252 γλῶσσαν.
928 2183 992 2235 Τί
1019 2185 1126 2254 γάρ
1164 2202 1328 2255 φησι;

318 2362 475 2415 ΕΥΝ.
510 2363 619 2416 Καὶ
653 2360 731 2427 εἷς
757 2363 900 2427 Υἱός,
931 2365 1236 2435 Μονογενὴς
1274 2364 1399 2433 γὰρ,
1439 2363 1564 2433 περὶ
1589 2380 1648 2416 ου
1679 2363 1802 2432 ἐνῆν

246 2454 348 2525 μὲν
377 2454 474 2516 τὰς
523 2454 628 2508 τῶν
661 2457 829 2523 ἁγίων
859 2456 1039 2524 φωνὰς
1069 2456 1460 2524 παραθέμενον,
1491 2455 1555 2508 δι’
1584 2449 1656 2508 ὧν
1677 2455 1801 2507 Υίδν

243 2547 340 2598 καὶ
379 2546 619 2616 γέννημα
652 2548 743 2599 καὶ
789 2547 994 2615 ποίημα
1039 2545 1479 2613 καταγγέλλουσι,
1527 2548 1646 2609 ταῖς
1695 2546 1801 2598 τῶν

240 2637 520 2708 ὀνομάτων
548 2637 824 2707 διαφοραῖς
871 2637 962 2690 καὶ
1008 2637 1104 2707 τὴν
1148 2637 1246 2709 τῆς
1290 2637 1472 2700 οὐσίας
1525 2637 1797 2708 παραλλα-

242 2728 345 2798 γὴν
376 2726 801 2796 ὲμφανίσαντας,
845 2725 1182 2798 ἀπηλλάχθαι
1214 2728 1502 2798 φροντίδων
1538 2729 1629 2779 καὶ
1664 2745 1799 2797 πρα-

239 2818 466 2888 γμάτων
491 2833 502 2844 ·
551 2816 636 2869 διὰ
673 2817 727 2870 δὲ
753 2819 877 2880 τοὺς
912 2819 1224 2890 σωματικὴν
1259 2819 1355 2889 τὴν
1387 2820 1636 2890 γέννησιν
1665 2820 1797 2871 ὑπο-

240 2908 647 2978 λαμϐάνοντας,
723 2910 813 2962 καὶ
870 2913 989 2973 ταῖς
1051 2911 1387 2981 ὁμωνυμίαις
1445 2911 1799 2981 προσπταίον-

238 3016 360 3061 τας,
391 3000 681 3068 ἀναγκαῖον
722 2999 848 3062 ἴσως
895 3001 988 3053 καὶ
1030 3001 1156 3052 περὶ
1196 2999 1396 3053 τούτων
1440 2998 1525 3050 διὰ
1557 2997 1797 3070 βραχέων

239 3107 437 3144 ειπειν.

311 3182 456 3234 ΒΑΣ.
487 3180 670 3234 Ταῦτα
701 3192 797 3250 μεν
830 3181 937 3249 (99)
966 3183 994 3232 ὁ
1023 3180 1298 3248 Εὑνόμιος.
1343 3177 1481 3248 Ἐγὼ
1512 3179 1589 3244 δὲ,
1625 3182 1673 3233 εί
1701 3181 1798 3251 μὲν

1979 1914 2027 1967 1.
2057 1913 2239 1983 Itaque
2285 1923 2630 1986 posteaquam
2673 1916 2724 1970 in
2763 1917 2826 1972 iis
2851 1932 2984 1987 quos
3020 1918 3082 1974 de
3112 1919 3220 1974 Deo
3250 1923 3465 1976 univer-

1908 2020 2086 2059 sorum
2127 2006 2310 2059 habuit
2354 2009 2692 2061 sermonibus
2745 2009 3086 2077 praestrinxit,
3140 2014 3314 2079 quoad
3371 2030 3466 2083 po-

1907 2097 2027 2155 tuit.
2065 2097 2116 2150 in
2150 2097 2240 2151 Dei
2266 2097 2457 2152 Filiqu
2492 2099 2850 2168 blaspliemias
2872 2141 2886 2164 ,
2920 2103 3171 2170 deinceps
3205 2103 3257 2156 in
3287 2105 3461 2172 ipsum

1903 2187 2234 2255 unigenitum
2289 2189 2452 2243 Deum
2519 2189 2758 2245 immittit
2812 2191 3064 2262 linguam.
3128 2191 3263 2259 Quid
3317 2196 3460 2249 enin.

1903 2278 2070 2331 dicit?

1970 2370 2100 2426 Eun.
2156 2370 2220 2424 Et
2251 2387 2391 2428 unus
2439 2371 2628 2427 Filius.
2681 2373 2995 2443 Unigenitus
3025 2376 3204 2442 enim,
3241 2379 3306 2433 de
3356 2395 3462 2448 quo

1902 2473 2209 2516 sanctorum
2237 2479 2398 2518 voces
2437 2480 2531 2532 per
2576 2479 2710 2534 quas
2739 2463 2929 2519 Filium
2975 2475 3029 2521 et
3063 2469 3361 2538 genituram
3407 2485 3460 2525 et

1899 2563 2201 2608 creaturam
2255 2556 2573 2625 pradicant,
2630 2558 2675 2611 si
2729 2558 3170 2628 protulissemus;
3222 2563 3301 2619 sic
3360 2581 3456 2634 po-

1902 2652 2177 2707 teramus,
2216 2646 2528 2701 substantiae
2566 2648 2727 2702 etiam
2775 2649 3084 2706 diversitate
3136 2669 3231 2722 per
3284 2657 3458 2707 nonni-

1899 2750 2022 2786 num
2056 2735 2418 2790 diversitatem
2473 2738 2764 2803 declarata,
2806 2741 2950 2795 curis
3003 2742 3155 2798 liberi
3207 2759 3326 2800 esse
3381 2759 3460 2799 at-

1897 2840 2000 2893 que
2052 2827 2300 2894 negotiis.
2360 2828 2467 2882 Sed
2523 2839 2740 2898 propter
2776 2846 2868 2885 eos
2917 2834 3007 2902 qui
3055 2838 3456 2904 generationem

1898 2931 2209 2986 corpoream
2247 2917 2591 2989 intelligunt,
2631 2930 2685 2972 et
2738 2921 2934 2990 quibus
2984 2939 3144 2979 voces
3197 2928 3457 2996 ambigum

1897 3020 2024 3064 sunt
2055 3010 2359 3076 ollensioni,
2414 3027 2634 3068 necesse
2683 3012 2824 3069 forte
2875 3014 3036 3070 fuerit
3081 3019 3145 3072 de
3188 3018 3254 3073 iis
3292 3020 3453 3075 etiam

1899 3117 2066 3172 pauca
2099 3104 2297 3158 dicere.

1965 3196 2090 3250 Bas.
2143 3196 2267 3251 Hch
2295 3197 2508 3266 quidem
2537 3196 2852 3254 Eunomius.
2898 3200 3007 3271 Ego
3042 3217 3167 3255 vero
3204 3203 3246 3256 si
3298 3219 3455 3273 oper-

236 3271 380 3326 οὕτω
408 3272 532 3342 ,χρὴ
584 3271 899 3324 διανοεῖσθαι
946 3270 1071 3342 περὶ
1121 3269 1215 3321 τοῦ
1253 3270 1410 3338 λόγου
1451 3271 1666 3333 παντὸς,
1725 3272 1798 3333 ὡς

1899 3295 2008 3342 teat
2038 3287 2105 3344 de
2135 3297 2240 3342 tota
2279 3291 2521 3344 oratione
2556 3290 2694 3344 sicut
2725 3294 2789 3344 de
2821 3308 2874 3345 re
2907 3293 3027 3346 ﬁcta
3066 3296 3290 3357 sentire,
3325 3311 3454 3364 qua-

238 3359 552 3428 πλάσματος
575 3353 659 3410 οἷα
692 3361 747 3410 ἐν
777 3362 886 3421 τοῖς
914 3358 1294 3422 διδασκαλείοις
1318 3361 1414 3429 τῆς
1445 3362 1797 3430 ματαιότητος

235 3451 316 3513 εἰς
353 3449 577 3519 μελέτην
601 3449 694 3500 τοῦ
729 3451 785 3500 ἐν
819 3449 894 3519 τῷ
917 3449 1186 3520 ψεύσματι
1217 3450 1437 3504 πιθανοῦ
1469 3455 1579 3515 τοῖς
1611 3469 1796 3522 μειρα-

235 3543 375 3603 κίοις
399 3541 753 3610 προϐάλλεται
792 3539 996 3611 (ἐπειδὴ
1030 3541 1119 3594 καὶ
1151 3543 1541 3614 παραπλησίως
1574 3543 1795 3607 ἐκείνοις

233 3632 412 3684 πάντα
457 3632 753 3702 σκιαμαχία
800 3633 1120 3704 προσέοικε·
1176 3637 1310 3707 πρὸς
1356 3637 1687 3708 κατηγόρους
1735 3656 1792 3692 τε

234 3722 384 3792 μάχη
413 3721 484 3791 μὴ
512 3721 848 3790 ὑφεστῶταςο
888 3726 979 3777 καὶ
1010 3725 1269 3794 ἀπολογία
1297 3728 1432 3798 πρὸς
1465 3730 1794 3798 κατηγορίαν

231 3814 294 3865 ού
327 3813 722 3884 προρρηθεῖσαν
749 3832 761 3844 ⁸
808 3816 902 3868 καὶ
934 3817 1086 3884 λόγος
1116 3817 1191 3887 (l)
1223 3819 1357 3889 πρὸς
1385 3820 1642 3882 δικαστάς
1672 3823 1793 3882 τοὺς

231 3902 467 3972 οὐδαμοῦ
537 3904 943 3975 φαινομένους)·
1003 3908 1050 3958 εἰ
1101 3905 1238 3958 οὕτω
1293 3909 1396 3978 χρὴ
1452 3911 1543 3961 καὶ
1593 3910 1791 3962 τούτων

229 3993 479 4057 ἀκούειν,
515 3995 673 4056 αὑτός
718 4013 776 4047 τε
820 3998 1020 4067 ἀφίημι
1061 3997 1158 4069 τὴν
1199 3998 1456 4065 ἐξέτασιν,
1506 4002 1595 4052 καὶ
1634 4003 1790 4055 παντὶ

230 4083 480 4152 παραινῶ
521 4084 681 4154 μηδὲν
726 4086 832 4138 τῶν
875 4090 1176 4158 εἰρημένων
1206 4090 1693 4160 περιεργάζεσθαι·
1744 4096 1790 4146 εἰ

227 4173 287 4226 δὲ
322 4173 500 4245 μεῖζόν
547 4178 661 4229 ἐστι
714 4178 773 4230 τὸ
817 4180 1165 4251 ἐπάγγελμα,
1207 4184 1299 4234 καὶ
1333 4183 1542 4246 πολλοῖς
1571 4184 1790 4252 γέγονεν

232 4266 456 4320 ὑπόνοια
495 4267 609 4339 (2),
666 4265 802 4325 εἶναί
857 4290 980 4326 τινα
1028 4276 1157 4345 παρ’
1201 4273 1346 4344 αὐτῷ
1393 4275 1491 4344 τῆς
1536 4277 1790 4348 ἀληθείας

231 4358 507 4428 φροντίδα,
538 4362 744 4433 ἀνάγκη
773 4366 918 4417 πᾶσα
943 4365 1048 4418 τῶν
1072 4366 1371 4436 εἰρημένων
1403 4367 1627 4421 ἕκαστον
1653 4369 1789 4422 διευ-

231 4450 410 4502 θύνειν
434 4454 510 4514 εἰς
535 4453 777 4523 δύναμιν.
817 4456 911 4518 Τίς
941 4456 1005 4507 ἂν
1041 4453 1131 4508 οῦν
1162 4459 1354 4526 τρόπος
1375 4459 1473 4527 τῆς
1496 4460 1788 4525 ἐξετάσεως

229 4541 560 4612 δικαιότερος
604 4544 826 4611 γένοιτο,
863 4546 894 4615 ἦ
929 4549 1038 4608 τοῖς
1079 4546 1363 4616 διδάγμασι
1397 4551 1469 4618 (5)
1497 4555 1604 4612 τοῖς
1639 4554 1784 4623 παρὰ

230 4633 325 4684 τοῦ
355 4633 663 4704 Πνεύματος
691 4637 822 4704 ἡμῖν
853 4637 1150 4707 δεδομένοις
1177 4638 1265 4692 τὸν
1293 4638 1444 4706 λόγον
1479 4644 1790 4713 συγκρίνον-

230 4738 349 4785 τας,
388 4726 415 4776 ὃ
452 4727 548 4793 μὲν
584 4726 646 4779 ἂν
678 4727 901 4792 ἐκείνοις
934 4730 1251 4799 συμφωνοῦν
1281 4730 1523 4802 εὕρωμεν
1560 4736 1785 4787 καταδέ-

232 4815 440 4887 χεσθαι,
490 4820 564 4887 τῷ
625 4822 680 4874 δὲ
735 4823 988 4887 ἐναντίως
1044 4825 1216 4894 ἔχοντι
1270 4827 1511 4879 ἀπιστεῖν
1566 4829 1657 4880 καὶ
1713 4829 1787 4892 ὡς

231 4907 325 4980 sxa
336 4908 423 4980 ρον
457 4909 783 4977 ἀποφεύγειν
808 4933 820 4981 ;

304 5091 356 5146 2.
381 5091 599 5163 Πρῶτον
628 5092 802 5144 τοίνυν
832 5097 1002 5148 ἐκεῖνο
1029 5096 1304 5164 δεικνύτω,
1327 5099 1466 5164 τίνες
1488 5102 1593 5155 τῶν
1622 5104 1787 5172 ἁγίων

304 5295 414 5363 (98)
447 5297 592 5376 Regii
618 5296 836 5376 _pr_itnn'us
864 5307 935 5376 et.
961 5311 1142 5355 sextus
1166 5302 1268 5376 Τοῦ
1305 5303 1468 5376 αὑτοῦ
1496 5305 1670 5376 ’λόγος
1708 5307 1774 5376 β’,

229 5366 502 5444 ἀνατροπὴ
553 5367 644 5418 τοῦ
689 5367 1146 5444 ἁθέουῆδόγματος
1177 5373 1268 5424 τοῦ
1308 5366 1781 5444 ΕύνομίουξΕῙιὶδζ

229 5436 346 5486 dem
382 5435 796 5512 (Mei-secundus.
832 5435 1036 5512 litterato
1064 5442 1207 5512 impii
1233 5435 1483 5512 dogmatis
1513 5435 1777 5499 lc'uno'mii.

233 5505 363 5570 Reg.
391 5510 648 5585 secundus
681 5507 785 5558 Τοῦ
820 5507 1142 5585 αὐτοῦ’-περὶ
1177 5505 1319 5563 Υίοῦ’
1335 5513 1484 5577 λόγος
1514 5513 1780 5585 δεύτερος,

229 5574 678 5657 ιεινίιιτεροιττὴιρις.ζ
704 5585 758 5657 ut
779 5574 1157 5657 supr-a._l£tliiio
1182 5584 1347 5657 Paris.
1371 5574 1502 5636 Κατ’
1522 5574 1781 5655 Εὐνομίου

229 5644 326 5721 τοῦ.
353 5644 637 5706 δυσσεϐοῦς
666 5645 819 5716 λόγος
845 5644 900 5717 ⁷βν
952 5649 1126 5702 Codex
1158 5651 1305 5706 Colb.
1345 5663 1397 5706 et
1429 5656 1555 5721 neg.
1597 5644 1785 5710 u-r'uus

232 5741 286 5779 υι
317 5716 367 5765 ἱιι
401 5725 671 5768 contexui.

295 5785 410 5843 v99)
450 5785 581 5838 Editi
608 5784 784 5839 Ταῦτα
819 5788 914 5853 μὲν
945 5785 1055 5843 οὖν.
1097 5788 1208 5844 Vox
1237 5786 1325 5844 οῦν
1356 5793 1406 5847 ἱη
1451 5810 1576 5849 mss.
1610 5797 1778 5851 deest.

1896 3377 1965 3432 lia
1999 3380 2050 3434 in
2087 3382 2339 3436 vanitatis
2385 3383 2585 3436 scholis
2636 3395 3007 3451 proponuntur
3030 3387 3454 3443 adolescentibus

1897 3469 1962 3522 ad
2009 3471 2464 3536 exercitationem,
2496 3482 2547 3524 ut
2584 3487 2841 3540 appareat
2880 3476 2930 3528 in
2965 3479 3243 3533 tnemtacio
3271 3481 3452 3533 verisi-

1897 3560 2138 3615 militudo
2182 3560 2466 3631 (siquidem
2500 3571 2558 3616 ut
2593 3563 2698 3617 illis
2725 3566 3010 3636 contingit,
3046 3569 3116 3620 ita
3147 3567 3234 3622 hic
3264 3585 3451 3638 pugna:

1896 3653 2224 3706 adumbratae
2272 3654 2466 3708 similia
2521 3665 2646 3710 sunt
2697 3660 2873 3710 omnia
2916 3677 2929 3711 :
2979 3675 3154 3728 pugna
3206 3663 3452 3717 videlicet

1894 3756 2079 3798 contra
2127 3755 2470 3798 accusatores
2512 3747 2602 3814 qui
2653 3763 2758 3801 non
2812 3760 3024 3804 exstant
3054 3767 3068 3805 :
3097 3753 3334 3823 apologia
3389 3771 3450 3810 ac

1896 3837 2170 3904 responsio
2231 3837 2298 3890 ad
2367 3838 2769 3894 accusationem
2832 3858 2935 3896 non
2999 3846 3448 3913 praenuntiatam;

1893 3929 2065 3980 oratio
2095 3927 2160 3981 ad
2195 3927 2403 3996 iudices
2438 3932 2528 3997 qui
2557 3948 2818 4002 nusquam
2854 3939 3226 4008 comparent);
3269 3939 3334 4002 si,
3372 3941 3452 3993 in-

1893 4030 2071 4080 quam,
2128 4023 2182 4066 et
2235 4015 2350 4069 haec
2400 4017 2585 4071 audire
2624 4029 2854 4086 oportet,
2898 4030 3004 4073 tum
3036 4021 3148 4091 ipse
3177 4025 3241 4077 de
3270 4024 3334 4079 iis
3369 4026 3450 4078 in-

1891 4105 2104 4172 quirere
2134 4095 2338 4168 desino,
2390 4116 2499 4159 tum
2541 4123 2728 4162 omnes
2761 4115 3043 4178 admoneo,
3079 4123 3139 4167 ut
3179 4116 3313 4169 nihil
3359 4133 3449 4171 eo-

1890 4214 2006 4251 rum
2051 4213 2170 4267 qme
2203 4199 2341 4252 dicta
2374 4209 2515 4264 sunt,
2558 4212 2829 4269 satagunt.
2864 4203 2954 4257 Sin
2989 4207 3156 4274 majus
3194 4219 3277 4262 est
3309 4209 3450 4277 quod

1889 4289 2189 4357 promittit;
2243 4299 2298 4344 et
2337 4291 2512 4345 multis
2565 4296 2750 4347 abortu
2793 4305 2877 4349 est
2906 4300 3159 4366 suspicio,
3212 4300 3445 4367 aliquam

1888 4395 2006 4434 esse
2053 4382 2190 4448 apud
2241 4397 2358 4435 eum
2409 4383 2651 4438 veritatis
2698 4400 2902 4447 curam,
2960 4403 3181 4442 necesse
3230 4391 3447 4444 omnino

1889 4471 2049 4525 fuerit
2084 4472 2288 4542 singula
2329 4474 2492 4543 239
2530 4478 2686 4529 verba
2737 4493 2832 4544 pro
2879 4489 3056 4532 nostra
3111 4481 3245 4535 virili
3299 4495 3446 4552 parte

1889 4562 2190 4617 confutare.
2246 4563 2378 4629 Quis
2428 4574 2604 4616 autent
2652 4568 2986 4634 expendendi
3036 4573 3446 4641 nmdusjnstior

1895 4653 2074 4714 fuerit,
2125 4669 2284 4719 quam
2321 4656 2365 4706 si
2411 4654 2549 4707 datis
2589 4656 2746 4711 nobis
2800 4674 2827 4711 a
2877 4659 3074 4726 Spiritu
3113 4663 3445 4719 documentis

1893 4743 2186 4796 orationem
2217 4743 2582 4810 conferentes,
2613 4749 2753 4815 quod
2784 4752 2997 4817 quidem
3028 4753 3130 4805 illis
3153 4769 3440 4808 consonum

1894 4834 2272 4898 invenerimus,
2309 4836 2359 4889 id
2399 4839 2757 4905 suscipiamus
2792 4862 2802 4894 :
2841 4845 2977 4910 quod
3007 4860 3132 4896 vero
3162 4847 3222 4897 iis
3248 4848 3443 4901 adver-

1891 4933 2059 4988 satur,
2111 4927 2160 4979 id
2212 4941 2546 4997 nequaquam
2575 4933 2855 4987 credamus
2888 4943 3047 5000 atque
3077 4947 3134 4988 ut
3166 4937 3440 4993 inimicum

1890 5015 2200 5084 etfugiamus
2223 5019 2244 5073 2

1963 5112 2015 5160 2.
2055 5109 2290 5162 Primum
2326 5111 2506 5184 itaque
2549 5114 2677 5170 illud
2711 5119 2980 5184 ostendat,
3016 5123 3103 5190 qui
3132 5124 3235 5177 sint
3270 5126 3439 5180 sancti

1959 5310 2033 5379 (ι)
2063 5311 2243 5367 Codex
2283 5331 2419 5370 unus
2465 5317 2557 5369 καὶ
2597 5316 2762 5387 λόγοι.
2789 5321 2890 5375 Alii
2923 5330 3030 5376 tres
3070 5338 3196 5378 mss.
3238 5325 3327 5377 καὶ
3351 5324 3440 5378 λό-

1886 5397 2018 5448 γοις.
2049 5395 2315 5452 corrupte.

1959 5452 2032 5527 (ᾖ)
2065 5453 2283 5527 Codices
2315 5457 2416 5527 duo
2445 5458 2727 5527 ἐγγέγονεν
2756 5462 2991 5519 ὑπόνοια.

1958 5522 2050 5603 (ὅ).
2071 5523 2285 5603 Antiqui
2319 5522 2636 5603 duodtbt'i'ﬁ
2677 5534 2784 5594 τοῖς
2821 5532 3100 5603 δόγμισιτ,
3127 5542 3178 5586 et
3206 5534 3271 5587 it-~
3303 5550 3435 5603 quo-

1887 5607 1990 5658 que
2038 5592 2230 5666 legitur
2258 5595 2306 5645 in
2356 5595 2476 5650 aliis
2516 5592 2718 5655 duobus
2767 5592 2932 5666 mss:
2980 5592 3150 5656 scdin
3183 5620 3273 5657 ora
3319 5592 3434 5659 illn-i

1887 5667 2163 5721 duntaxat,
2198 5663 2248 5714 in
2284 5677 2532 5741 contextu
2568 5685 2694 5724 vero
2722 5663 2975 5741 scriptum
3003 5674 3270 5727 invenitur
3293 5675 3431 5727 atas-

1887 5745 2057 5813 γμασι
2085 5749 2109 5813 Λε
2137 5747 2296 5813 quam
2328 5736 2569 5792 ultimam
2605 5736 2883 5797 lectionem
2911 5745 3201 5811 prtereruut
3225 5761 3434 5813 quoqtle

1885 5801 2013 5854 editi
2047 5811 2099 5856 et
2125 5804 2208 5856 alii
2241 5815 2348 5858 tres
2381 5821 2505 5861 mss.
