4026 6466
561 355 666 411 575

1859 352 1921 407 S.
1961 352 2206 407 BASILII
2245 353 2458 410 MAGNI

3684 358 3791 406 5'“)

560 473 652 546 qui
701 471 997 542 genituram
1040 479 1094 525 et
1140 469 1402 523 Iacturam
1447 467 1721 524 Christum
1758 468 2119 539 appellarint?

2223 469 2316 538 γέν
2329 488 2391 541 νη
2400 487 2473 540 μα
2491 469 2583 524 καὶ
2607 471 2813 541 ποίημα
2842 468 2930 522 τὸν
2946 469 3175 540 Χριστὸν
3193 470 3582 542 προσειρήκασι
3600 485 3612 532 ;
3629 469 3792 531 ποίας

561 577 698 633 quas
732 561 1132 629 Scripturarum
1163 573 1321 612 voces
1362 558 1557 613 habeat
1589 559 1654 612 ad
1701 559 2119 613 demonstratio—

563 654 730 708 nem?
779 653 914 706 Nam
953 652 997 706 si
1049 652 1186 706 beati
1229 650 1375 706 Petri
1409 667 1538 706 voce
1565 667 1684 722 quae
1719 654 1771 706 in
1807 652 1957 706 Actis
1988 666 2118 722 apo-

561 744 819 800 stolorum
849 743 1153 812 conscripta
1187 752 1289 807 est,
1322 743 1590 808 innititur,
1629 742 1717 797 ubi
1751 742 1882 797 dicit
1923 763 1934 797 :
1971 741 2118 798 Sciat

560 845 669 888 tota
698 835 881 888 domus
903 832 1095 898 Israel,
1128 835 1262 904 quod
1287 832 1566 886 Dominum
1594 833 1759 901 ipsum
1783 841 1831 885 et
1854 830 2119 886 Christum

559 925 680 994 fecit
714 925 884 993 Deus,
921 926 1058 978 hunc
1102 925 1281 979 Iesum
1329 942 1476 994 quem
1532 940 1616 978 vos
1672 925 2006 994 cruciﬁxistis
2039 924 2113 978 ":

558 1022 788 1087 primum
821 1019 1038 1088 quidem
1068 1017 1119 1071 id
1148 1018 1509 1071 testimonium
1540 1017 1966 1071 convenientiam
2000 1016 2119 1071 nul-

563 1111 666 1163 lam
699 1111 860 1165 habet
893 1125 1013 1164 cum
1065 1109 1308 1179 quaesito.
1359 1107 1488 1161 Nam
1523 1118 1862 1162 ostensurum
1901 1124 1956 1162 se
1991 1124 2117 1178 pro-

534 1183 755 1268 .fcssus,
803 1202 1001 1257 Filium
1048 1217 1076 1256 a
1122 1202 1324 1255 sanctis
1369 1202 1627 1270 facturam
1675 1201 1872 1256 dictum
1929 1201 2113 1265 fuisse,

562 1295 920 1351 testimonium
956 1295 1201 1366 perhibet
1231 1296 1295 1348 de
1329 1293 1435 1349 Deo
1479 1304 1532 1348 et
1569 1293 1752 1358 Patre,
1797 1294 1937 1362 quod
1969 1293 2110 1349 lece-

561 1391 650 1444 rit.
700 1389 813 1444 Non
850 1387 994 1443 enim
1027 1387 1156 1442 illud
1197 1387 1427 1451 dixerit,
1481 1384 1644 1440 licere
1693 1386 1816 1453 sibi,
1855 1395 1965 1440 tum
1995 1400 2114 1440 cum

560 1481 627 1536 de
651 1481 811 1536 tantis
835 1481 994 1535 rebus
1015 1493 1193 1535 sermo
1229 1478 1548 1544 instituitur,
1572 1477 1932 1532 derivationes
1961 1493 2120 1546 quas-

562 1574 682 1627 dam
712 1587 777 1627 ac
802 1571 1125 1626 variationes
1155 1569 1428 1625 nominum
1457 1569 1780 1636 excogitare.
1835 1568 2120 1625 Enimvero

560 1666 604 1720 si
634 1664 716 1719 vel
756 1663 912 1719 otiosi
961 1662 1108 1717 verbi
1149 1675 1338 1732 pinnas
1384 1661 1436 1713 in
1483 1661 1568 1715 die
1601 1659 1784 1727 judicii
1834 1661 2117 1730 dabimus;

560 1757 730 1811 multo
773 1756 946 1809 minus
985 1754 1028 1809 si
1064 1755 1355 1822 quidquam
1392 1754 1444 1807 in
1488 1753 1651 1806 tantis
1702 1753 1862 1807 rebus
1896 1754 2118 1806 innova-

561 1863 702 1912 mus,
743 1846 794 1900 id
849 1847 1005 1901 nobis
1053 1847 1186 1900 citra
1228 1859 1438 1914 penam
1497 1846 1821 1900 remittetur.
1864 1845 2118 1902 Fortasse

561 1941 703 1994 enim
736 1939 860 1993 illud
890 1939 1102 2006 quidem
1161 1949 1412 2008 tanquam
1461 1947 1875 1993 consentaneum
1909 1941 1974 1992 de
2011 1939 2118 1993 Deo

559 2042 632 2101 et,
658 2031 818 2086 Patre
865 2031 993 2096 dici,
1051 2045 1080 2084 a
1139 2029 1318 2084 divina
1352 2029 1628 2098 Scriptura
1668 2029 1842 2084 edocti
1891 2046 2114 2085 sumus:

560 2125 664 2179 hoc
688 2139 813 2177 vero
845 2139 949 2177 non
981 2123 1270 2177 convenire
1296 2121 1608 2190 Unigenito,
1639 2121 1872 2191 Spiritus
1896 2133 2117 2177 sanetus

560 2217 768 2272 siiendo
786 2216 1040 2271 ostendit.
1072 2214 1347 2281 Quomodo
1386 2215 1546 2285 igitur
1577 2225 1744 2269 tutum
1777 2214 1954 2279 fcerit,
1989 2231 2118 2271 voce

559 2307 708 2363 Fecit
763 2309 1061 2370 immutata,
1121 2307 1490 2361 universorum
1541 2305 1796 2362 factorem
1850 2305 2115 2362 facturam

561 2399 774 2456 dicere?
805 2398 1017 2453 Etenim
1068 2397 1114 2452 si
1162 2396 1444 2465 appellatio
1489 2395 1749 2464 ejusmodi
1788 2397 1835 2450 ei
1867 2400 2115 2452 conveni-

561 2501 662 2555 ret,
700 2491 882 2559 utique
916 2504 1019 2543 non
1051 2489 1238 2543 fuisset
1268 2488 1626 2556 praetermissa
1659 2503 1686 2540 a
1723 2489 1924 2558 Spiritu
1957 2490 2116 2542 silen-

563 2581 656 2636 tio.
703 2581 757 2635 In
801 2578 1062 2635 creaturis
1105 2579 1314 2646 quidem
1354 2579 1648 2646 reperimus
1693 2593 1723 2631 a
1770 2581 1933 2633 verbo
1968 2578 2116 2633 Fecit

561 2673 896 2742 desuntptam
929 2669 1092 2725 fuisse
1122 2671 1338 2725 factura:
1379 2669 1788 2739 appellationem
1824 2691 1834 2725 :
1889 2673 1938 2723 in
1984 2670 2119 2725 Filio

561 2768 738 2814 aulem
770 2757 862 2813 Dei
890 2773 993 2813 non
1025 2759 1174 2812 item.
1219 2755 1286 2813 In
1335 2761 1588 2827 principio
1630 2763 1762 2813 cnim
1820 2761 1958 2816 Deus
1996 2763 2117 2831 fecit

559 2851 743 2906 celum
769 2862 814 2904 et
850 2859 1043 2904 terram
1063 2851 1127 2904 ὀ.
1162 2851 1228 2904 Ει
1256 2866 1442 2904 rursus
1477 2870 1488 2904 :
1525 2850 1592 2904 In
1620 2853 1841 2920 [acturis
1869 2871 2117 2908 manuum

559 2953 770 2996 tuarum
793 2942 1086 2994 meditabar
1115 2942 1179 2994 ⁸³.
1223 2941 1322 3002 Et,
1365 2941 1636 2995 Enimvero
1676 2959 1790 3012 qua:
1828 2956 1943 2996 sunt
1987 2946 2118 2997 invi-

560 3033 734 3087 sibilia
764 3033 933 3097 illius,
966 3048 1029 3086 ea:
1069 3033 1326 3084 creatione
1367 3032 1584 3095 mundi,
1615 3033 1736 3084 dum
1765 3050 1856 3101 per
1882 3035 2116 3099 facturas

2217 560 2522 630 ἔχειφωνὰς
2556 561 2663 614 τῶν
2683 561 2910 632 Γραφῶν
2941 563 3018 624 εἰς
3049 561 3346 626 ἁπόδειξιν;
3380 563 3442 616 Ei
3469 564 3581 632 γὰρ
3604 564 3668 631 τῇ
3692 561 3790 613 τοῦ

2221 654 2486 724 μακαρίου
2521 653 2725 724 Πέτρου
2757 656 2905 722 φωνῇ
2929 656 2993 724 τῇ
3025 655 3080 705 ὲν
3106 655 3226 716 ταῖς
3249 654 3486 724 Πράξεσι
3509 654 3621 706 τῶν
3653 655 3781 705 ἀπο-

2219 745 2418 799 στόλων
2461 747 2922 818 άναγεγραμμένῃ
2968 746 3385 817 ὲπιστηρίζοιτο,
3433 745 3559 798 ἔνθα
3609 745 3744 813 φησί
3773 760 3788 774 ο

2218 840 2563 893 Γινωσκέτω
2600 838 2719 905 πᾶς
2749 835 2910 904 οἶκος
2943 838 3208 906 Ἰσραὴλ,
3237 836 3326 890 ὅτι
3348 838 3566 904 Κύριον
3596 835 3789 890 αὐτόν

2218 930 2314 982 καὶ
2334 931 2587 998 Χριστὸν
2612 931 2899 996 ἐποίησεν
2921 933 2952 984 ό
2971 930 3134 995 Θεὸς,
3161 929 3372 983 τοῦτον
3394 927 3499 981 τὸν
3526 926 3788 992 Ἰησοῦν,

2219 1023 2292 1074 ὃν
2317 1023 2482 1091 ὑμεῖς
2522 1022 2937 1091 ἐσταυρώσατε
2955 1039 2967 1052 ·
3003 1021 3217 1092 πρῶτον
3253 1020 3351 1091 μὲν
3393 1019 3542 1072 οὐδὲν
3587 1018 3789 1070 οἰκεῖον

2219 1112 2330 1183 ἔχει
2377 1112 2453 1182 τῷ
2501 1114 2811 1183 ζητουμένῳ
2858 1115 2890 1183 ἡ
2947 1113 3234 1185 μαρτυρία.
3289 1111 3786 1179 Ἐπαγγειλάμενος

2217 1209 2325 1276 γὰρ
2354 1205 2544 1272 δείξειν
2579 1207 2728 1277 παρὰ
2772 1205 2878 1260 τῶν
2926 1207 3096 1274 ἁγίων
3144 1205 3392 1276 εἰρῆσθαι
3426 1204 3650 1272 ποίημα
3694 1203 3789 1256 τὸν

2218 1299 2366 1361 Υίὸν,
2405 1298 2502 1369 τὴν
2553 1298 2850 1368 μαρτυρίαν
2899 1297 3188 1368 παρέχεται
3231 1299 3357 1368 περὶ
3400 1295 3493 1350 τοῦ
3519 1293 3655 1348 Θεοῦ
3691 1293 3789 1346 καὶ

2217 1391 2450 1462 Πατρὸς,
2484 1391 2564 1444 ὅτι
2594 1390 2864 1460 ἐποίησεν.
2911 1391 2983 1442 Οὐ
3031 1390 3137 1460 γάρ
3185 1389 3357 1442 ἐκεῖνό
3389 1405 3452 1456 γε
3497 1386 3564 1440 ἂν
3617 1386 3788 1446 εἴποι,

2217 1481 2298 1533 ὅτι
2325 1479 2530 1545 ἔξεστιν
2563 1479 2710 1550 αὐτῷ
2738 1482 2794 1532 ὲν
2823 1482 2935 1542 τοῖς
2965 1497 3030 1532 πε
3041 1480 3091 1548 pl.
3114 1478 3219 1530 τῶν
3245 1477 3576 1549 τηλικούτων
3605 1476 3789 1544 λόγοις

2220 1572 2552 1644 παραγωγάς
2583 1588 2732 1634 τινας
2770 1572 2864 1624 καὶ
2894 1570 3493 1641 παρασχημαστισμοὺς
3523 1569 3634 1622 τῶν
3667 1569 3789 1620 ὀνο-

2224 1665 2404 1733 μάτων
2447 1665 2677 1715 ἐπινοεῖν
2705 1661 2799 1732 (4).
2848 1663 2909 1715 Et
2949 1662 3057 1732 γὰρ
3106 1661 3197 1714 καὶ
3226 1660 3395 1732 ἀργοῦ
3440 1660 3599 1729 λόγου
3627 1659 3791 1713 εὐθύ-

2220 1771 2314 1816 νας
2336 1756 2599 1827 ὑφέξομεν
2624 1758 2680 1809 ἐν
2703 1757 2882 1829 ἡμέρα
2907 1758 3003 1828 τῆς
3026 1755 3276 1826 κρίσεως,
3302 1752 3337 1824 ἦ
3362 1754 3462 1806 πού
3489 1771 3549 1821 γε
3576 1754 3636 1808 τὸ
3657 1757 3792 1825 περὶ

2219 1844 2326 1897 τῶν
2356 1847 2678 1917 τηλικούτων
2721 1851 3055 1919 καινοτομεῖν
3089 1847 3373 1901 ἀνεύθυνον
3405 1848 3536 1916 ἡμῖν
3577 1846 3790 1915 ἀφεθή-

2221 1953 2390 1989 σεται.
2426 1937 2576 2008 Τάχα
2603 1942 2708 2012 γάρ
2737 1957 2836 1993 που
2863 1940 2922 1993 τὸ
2957 1941 3054 2010 μὲν
3084 1940 3162 2010 (5)
3193 1939 3266 2002 ὡς
3294 1938 3500 2010 πρέπον
3531 1937 3625 1989 ἐπὶ
3652 1935 3794 1989 Θεοῦ

2219 2031 2312 2082 καὶ
2359 2030 2572 2099 Πατρὸς
2613 2031 2862 2099 λέγεσθαι
2908 2032 3058 2102 παρὰ
3101 2030 3194 2086 τοῦ
3239 2030 3383 2084 θείου
3430 2028 3794 2099 δεδιδάγμεθα

2217 2119 2374 2188 λόγου
2393 2139 2405 2150 ·
2438 2121 2497 2172 τὸ
2530 2121 2584 2174 δὲ
2615 2123 2711 2192 οὐχ
2743 2123 2975 2194 ἁρμόζον
3025 2123 3103 2194 τῷ
3142 2125 3431 2192 Μονογενεῖ
3464 2122 3527 2174 δι’
3559 2114 3633 2174 ὧν
3682 2121 3793 2173 άπ-

2218 2213 2489 2284 εσιὼπησε
2521 2213 2583 2266 τὸ
2621 2213 2842 2284 Πνεῦμα
2889 2215 2949 2267 τὸ
2981 2216 3131 2282 ἅγιον
3171 2215 3484 2278 ἐνεδείξατο.
3536 2213 3662 2276 Πῶς
3694 2207 3792 2265 οὗν

2216 2306 2453 2375 ἀσφαλὲς
2514 2306 2631 2377 τὴν,

2218 2397 2315 2469 (6),
2361 2397 2567 2468 ποίημα
2597 2398 2773 2467 λέγειν
2812 2397 2902 2450 τὸν
2938 2397 3164 2467 ποιητὴν
3207 2397 3313 2448 τῶν
3361 2396 3525 2457 ὅλωνς
3575 2397 3637 2447 El
3681 2394 3794 2464 γὰρ

2217 2489 2452 2561 ἔπρεπεν
2480 2490 2626 2561 αὑτῷ
2643 2489 2976 2562 προσηγορία
3014 2488 3254 2558 τοιαύτη,
3285 2488 3384 2540 ούκ
3413 2486 3478 2540 ἂν
3507 2484 3789 2555 ἐσιωπήειη

2219 2581 2367 2652 παρὰ
2415 2581 2506 2634 τοῦ
2555 2581 2884 2652 Πνεύματος.
2953 2579 3089 2633 Ἀλλ’
3131 2579 3222 2632 ἐπὶ
3271 2578 3368 2649 μὲν
3413 2578 3512 2649 τῆς
3559 2576 3792 2637 κτίσεως

2219 2671 2448 2743 εὕρομεν
2494 2673 2599 2725 απὸ
2644 2673 2776 2736 τοῦ,
2839 2674 3156 2738 Ἐποίησε,
3211 2670 3307 2743 τὴν
3339 2669 3433 2723 τοῦ
3485 2668 3795 2738 ποιήματος

2219 2764 2583 2837 προσηγορίαν
2635 2763 3059 2832 μεταληφοεῖσαν
3085 2781 3098 2794 ο
3155 2763 3244 2816 ἐπὶ
3290 2762 3345 2814 δὲ
3378 2758 3471 2813 τοῦ
3514 2759 3644 2811 Υίοῦ
3695 2756 3792 2809 τοῦ

2217 2855 2349 2910 Θεοῦ
2397 2855 2472 2924 (7)
2510 2854 2709 2907 οὐκέτι.
2761 2853 2855 2904 Ἐν
2895 2853 3050 2920 ἀρχῇ
3095 2854 3202 2921 γὰρ
3245 2851 3531 2916 ἐποίησεν
3573 2853 3607 2903 ό
3645 2847 3795 2913 Θεὸς

2218 2949 2322 3002 τὸν
2362 2947 2623 3016 οὐρανὸν
2659 2944 2756 2997 καί
2798 2943 2911 3009 τὴν
2949 2941 3098 3011 γῆν·
3135 2943 3226 2994 καὶ
3280 2940 3471 2994 πάλιν·
3537 2941 3632 2991 Ἑν
3666 2939 3792 3004 τοῖς

2220 3042 2504 3110 ποιήμασι
2535 3038 2652 3092 τῶν
2688 3035 2900 3108 χειρῶν
2924 3051 3037 3088 σου
3075 3032 3366 3101 ἐμελέτων
3390 3049 3402 3061 ο
3457 3030 3572 3093 καὶ,
3608 3030 3685 3084 Τὰ
3711 3019 3788 3099 (8)

2709 2307 3000 2373 Ἐποίησε,
3052 2307 3231 2376 φωνην
3283 2306 3793 2376 μεταρῤυθμίζοντα

560 3126 904 3190 innotescunt,
940 3125 1321 3194 perspiciuntur
1350 3125 1414 3178 ".
1469 3125 1559 3179 Sic
1600 3124 1875 3194 Scriptura
1913 3126 1963 3177 in
2000 3126 2116 3194 qui—

2221 3133 2325 3203 γὰρ
2361 3132 2578 3199 ἀόρατα
2606 3128 2789 3184 αὑτοῦ
2832 3125 2947 3181 ἀπὸ
2983 3126 3229 3190 κτίσεως
3254 3123 3482 3190 κόσμου
3515 3119 3637 3186 τοῖς
3663 3137 3793 3173 ποι-

565 3218 663 3272 bus
711 3229 1067 3288 opportunum
1100 3228 1183 3270 est
1232 3233 1496 3284 usurpans
1547 3219 1647 3271 hoc
1698 3233 1912 3279 nomen,
1956 3218 2007 3270 id
2055 3220 2120 3272 de

564 3307 792 3362 Domino
821 3317 1005 3360 nostro
1038 3315 1092 3360 et
1128 3305 1406 3359 Salvatorc
1436 3305 1557 3360 Jesu
1585 3307 1821 3370 Christo,
1871 3319 2119 3376 tanquam

561 3399 741 3472 gloria:
773 3399 888 3469 ejus
921 3397 1253 3466 majestatem
1291 3397 1430 3451 haud
1472 3399 1694 3461 decens,
1729 3399 1979 3453 obticuit.
2016 3401 2120 3453 Sed

563 3501 740 3545 tamen
777 3498 828 3544 et
858 3491 1083 3552 asciam,
1111 3499 1164 3544 et
1193 3490 1418 3558 lapidem
1451 3489 1786 3560 angularem,
1814 3499 1867 3544 et
1895 3489 2120 3558 lapidem

562 3581 895 3645 od’ensionis,
936 3590 988 3636 et
1033 3591 1238 3652 petram
1286 3582 1558 3647 scandali,
1607 3593 1660 3636 et
1696 3582 1813 3638 aliis
1858 3582 2121 3653 ejusmodi

565 3670 885 3736 nominibus,
945 3670 997 3724 in
1038 3671 1231 3740 quibus
1263 3686 1369 3725 non
1420 3671 1642 3724 multum
1693 3673 1901 3726 videtur
1947 3673 2124 3728 inesse

563 3762 756 3829 laudis,
792 3763 878 3828 iis,
928 3764 1018 3832 qui
1057 3763 1330 3816 nominum
1381 3762 1829 3832 signiﬁcationem
1879 3779 1982 3818 non
2038 3781 2125 3819 as-

565 3864 879 3924 sequuntur,
903 3855 1180 3910 ilominum
1205 3853 1384 3924 gloriae
1409 3855 1674 3925 appellare
1703 3869 1807 3908 non
1832 3857 2123 3920 erubescit;

567 3955 618 4000 at
653 3947 911 4014 facturam
957 3961 1222 4015 nusquam
1266 3947 1482 4002 omnino
1535 3949 1856 4003 nominavit.
1903 3950 2125 4002 Atvero

572 4039 661 4094 hic
698 4039 764 4094 ab
803 4039 930 4108 ipsis
975 4040 1174 4093 sanctis
1217 4039 1320 4094 hoc
1364 4053 1425 4094 se
1471 4041 1697 4094 nominis
1729 4040 2000 4110 accepisse
2027 4041 2123 4102 ait,

568 4141 626 4186 ut
651 4147 753 4186 non
792 4147 916 4186 suos
949 4131 1117 4186 sohnn
1146 4133 1411 4200 aequales,
1455 4131 1548 4186 sed
1591 4143 1807 4187 sanctos
1838 4134 1998 4188 etiam
2033 4134 2123 4202 qui

566 4224 692 4278 olim
723 4221 960 4286 fuerunt,
991 4223 1279 4279 calumniis
1305 4227 1415 4281 suis
1444 4223 1700 4282 involvat.

2221 3224 2408 3292 ήμασι
2446 3223 2739 3291 νοούμενα
2790 3218 3124 3287 καθορᾶται.
3176 3215 3362 3278 Οὕτως
3419 3205 3623 3282 ὲςρίὧν
3675 3213 3793 3264 ἐστι

2222 3317 2488 3386 χρήσιμον
2537 3315 2597 3368 τὺ
2628 3313 2795 3383 ὄνομα
2828 3311 3322 3383 παραλαμὸάνουσα
3358 3310 3391 3378 ἡ
3437 3304 3648 3377 Γραφὴ,
3699 3304 3795 3356 ἐπὶ

2222 3405 2315 3458 τοῦ
2347 3405 2550 3475 Κυρίου
2596 3403 2749 3474 ἡμῶν
2789 3404 2883 3455 καὶ
2916 3403 3164 3471 Σωτῆρος
3206 3399 3380 3471 Ἰησοῦ
3413 3396 3650 3471 Χριστοῦ
3691 3396 3791 3467 (9),

2223 3497 2298 3559 ὡς
2325 3496 2383 3548 ού
2419 3495 2624 3566 πρέπον
2651 3494 2728 3565 τῷ
2762 3491 3028 3562 μεγαλείῳ
3055 3492 3151 3560 τῆς
3171 3489 3342 3560 δόξης,
3377 3484 3790 3556 παρεσιώπησε.

2224 3588 2336 3641 Νῦν
2366 3588 2421 3642 δὲ
2447 3587 2630 3653 ἀξίνην
2675 3585 2770 3656 μὲν
2795 3583 2887 3637 καὶ
2914 3583 3058 3636 λίθον
3089 3583 3499 3655 ἀκρογωνιαῖον,
3523 3580 3618 3632 καὶ
3644 3577 3793 3630 λίθον

2226 3680 2665 3751 προσκόμματος,
2707 3677 2799 3730 καὶ
2835 3676 3038 3748 πέτραν
3075 3673 3391 3736 σκανδάλου,
3437 3673 3531 3725 καὶ
3566 3670 3794 3724 τοιαῦτα

2222 3773 2384 3844 ἕτερα
2423 3774 2477 3823 ἐν
2509 3765 2585 3834 οἷς
2614 3771 2673 3823 ού
2701 3769 2833 3823 πολὺ
2874 3770 3018 3824 δοκεῖ
3045 3768 3104 3820 τὸ
3136 3766 3377 3834 εὗφημον
3402 3760 3539 3816 εἶναι
3569 3766 3682 3825 τοῖς
3715 3764 3792 3832 μὴ

2224 3864 2662 3936 καθικνουμένοις
2694 3863 2790 3933 τῆς
2823 3860 3092 3932 σημασίας
3119 3857 3224 3911 τῶν
3245 3855 3540 3926 ὀνομάτων,
3570 3853 3659 3906 τὸν
3681 3853 3794 3905 Κύ-

2228 3974 2338 4027 ριον
2388 3956 2486 4026 τῆς
2536 3953 2690 4022 δόξης
2735 3949 3156 4023 προσαγορεύειν
3207 3948 3306 4000 οὐκ
3365 3943 3788 4015 ἐπαισχύνεται·

2226 4042 2445 4110 ποίημα
2471 4041 2528 4093 δὲ
2557 4037 2791 4109 οὐδαμοῦ
2817 4038 2878 4090 τὸ
2908 4036 3163 4107 παράπαν
3199 4034 3470 4104 ὠνόμασε.
3511 4031 3703 4084 Καίτοι
3727 4047 3792 4098 γε

2225 4127 2374 4195 οὗτος
2427 4132 2554 4204 παρ’
2592 4130 2766 4184 αὐτῶν
2809 4128 3084 4198 εἰληφέναι
3129 4126 3235 4178 τῶν
3281 4124 3448 4191 ἁγίων
3505 4123 3566 4175 τὸ
3618 4122 3795 4190 δνομα

2226 4223 2380 4276 τοῦτό
2411 4240 2592 4291 φησιν,
2639 4223 2725 4274 ἴνα
2771 4224 2890 4282 ταῖς
2920 4215 3300 4284 συκοφαντίαις
3355 4214 3428 4284 μὴ
3486 4213 3646 4281 μόνον
3679 4213 3792 4281 (10)

2226 4316 2349 4378 τοὺς
2373 4313 2488 4366 κατ’
2516 4312 2673 4365 αὑτὸν
2703 4309 2990 4382 περιόάλῃ,
3023 4307 3158 4362 ἀλλὰ
3189 4306 3282 4359 καὶ
3307 4305 3431 4368 τοὺς
3461 4304 3630 4359 πάλαι
3661 4306 3795 4357 ποτὲ

2227 4403 2545 4474 γενομένους
2578 4401 2780 4470 ἁγίους.

640 4489 693 4543 3.
739 4489 934 4544 Verum
980 4500 1333 4560 praeterquam
1379 4492 1518 4561 quod
1569 4491 1637 4546 ob
1686 4491 1981 4561 periculum
2016 4509 2119 4548 non

2292 4497 2344 4549 5.
2378 4495 2538 4550 ΙἈνευ
2567 4494 2622 4548 δὲ
2649 4493 2738 4547 τοῦ
2772 4493 2846 4563 μὴ
2875 4493 3071 4562 χρῆναι
3101 4490 3188 4543 διὰ
3215 4490 3275 4543 τὸ
3309 4490 3644 4545 ἐπικίνδυνον
3681 4493 3796 4553 τοῖς

571 4593 780 4653 oportet
817 4583 938 4637 talia
965 4584 1180 4648 audere,
1208 4601 1383 4654 neque
1409 4584 1617 4638 Domini
1647 4585 1864 4639 nomina
1890 4598 1917 4636 a
1950 4585 2124 4651 seipso

573 4676 997 4731 transformari):
1025 4688 1282 4746 praeterea
1339 4691 1404 4729 ne
1454 4678 1566 4742 ipsa
1619 4677 1835 4745 quidem
1887 4678 2120 4744 Apostoli

572 4766 832 4823 sententia
865 4767 1083 4822 exhibet
1107 4768 1261 4823 nobis
1285 4781 1401 4822 eam
1430 4765 1699 4838 Unigeniti
1731 4783 1851 4837 qua:
1878 4778 2003 4821 ante
2027 4783 2126 4821 sa:-

643 4908 686 4939 "
711 4909 831 4962 Act.
869 4923 929 4974 ll,
963 4906 1050 4962 56.
1127 4909 1172 4940 ὀ
1203 4907 1337 4962 Cen.
1375 4925 1411 4975 I,
1445 4908 1494 4961 l.

632 5087 718 5212 1(4)
754 5088 886 5158 Reg.
921 5099 1140 5158 quartus
1183 5089 1234 5143 in
1279 5090 1515 5161 margine
1568 5088 1842 5158 ὀνομάτων
1887 5092 2118 5162 ἐπικρα-

656 5177 703 5212 ν.

572 5176 703 5212 τειν.

645 5230 721 5300 (5)
753 5228 862 5284 Hoc
893 5227 1024 5300 dicit
1051 5228 1282 5284 Basilius
1320 5244 1337 5300 ξ
1384 5230 1661 5298 Scriptura
1707 5244 1826 5284 cum
1861 5230 1939 5300 de,
1967 5231 2124 5284 Patre

575 5315 872 5354 sermonem
908 5299 1085 5363 habet,
1122 5302 1282 5352 verho
1312 5299 1431 5366 fecit
1460 5302 1648 5365 utitur,
1678 5310 1733 5353 ut
1755 5299 2003 5354 ostendat
2028 5301 2127 5354 hoc

575 5372 792 5423 verbum
843 5369 987 5422 Patri
1038 5381 1291 5438 tanquam
1328 5385 1501 5423 rerum
1563 5372 1800 5425 omnium
1857 5370 2119 5422 conditori

574 5440 860 5513 convenire
888 5457 902 5494 :
931 5449 1139 5506 contra,
1162 5456 1280 5492 cum
1315 5441 1378 5493 de
1404 5440 1537 5513 Filio
1563 5442 1815 5513 loquitur,
1849 5453 2120 5513 nunquam

576 5508 756 5564 vocem
793 5511 1011 5578 factum
1052 5518 1294 5581 usurpat,
1327 5519 1383 5561 ut
1415 5508 1700 5563 doceamur
1733 5510 1782 5562 id
1816 5525 2007 5563 nomen
2029 5508 2119 5581 ei,

573 5581 661 5647 qui
694 5582 893 5649 pariter
917 5596 1092 5634 rerum
1122 5579 1366 5634 conditor
1392 5591 1490 5649 est,
1525 5596 1624 5633 non
1660 5595 1976 5645 congruere.
2012 5579 2123 5630 An-

576 5646 708 5720 tiqui
740 5660 967 5717 quatuor
1010 5652 1126 5703 libri
1162 5651 1310 5720 Τάχα
1339 5646 1443 5717 γάρ
1473 5667 1578 5720 που
1605 5651 1663 5702 τὸ
1697 5650 1792 5719 μὲν
1828 5689 1839 5701 .
1859 5686 1873 5700 .
1896 5649 2126 5720 516799,

573 5717 634 5792 τρ
653 5718 737 5792 δέ..
765 5720 900 5792 Editi
921 5722 1058 5789 τάχα
1085 5722 1190 5792 γὰρ
1232 5717 1524 5792 τοῦτομὲν
1559 5759 1616 5777 ...
1649 5717 1826 5792 λόγου,
1859 5719 2022 5792 τοῦτοΔ
2049 5717 2126 5773 δέ.

576 5785 686 5840 lloc
727 5790 839 5854 ipso
888 5791 938 5843 in
977 5785 1242 5846 moram
1292 5800 1345 5845 ct
1379 5785 1480 5844 duo
1522 5804 1648 5846 mss.
1699 5785 1795 5860 οὐχ
1847 5789 2125 5860 ἁρμόζειν.

2228 4588 2486 4652 τοιούτοις
2520 4585 2837 4654 ὲπιτολμᾷν,
2866 4584 2958 4636 καὶ
2985 4582 3053 4635 τὰ
3071 4581 3164 4634 τοῦ
3190 4581 3300 4652 (Η)
3330 4580 3531 4654 Κυρίου
3556 4581 3796 4647 ὀνόματα

2229 4679 2356 4748 παρ’
2390 4677 2580 4730 ἑαυτοῦ
2617 4675 3006 4746 μεταπλάττειν
3026 4691 3039 4704 ·
3068 4675 3149 4728 ἔτι
3181 4677 3303 4730 οὐδὲ
3331 4678 3364 4747 ἡ
3399 4675 3491 4728 τοῦ
3537 4675 3796 4727 Ἀποστὸ-

2231 4769 2322 4822 λου
2351 4769 2555 4823 διάνοια
2585 4769 2680 4838 τὴν
2720 4769 2824 4839 πρὸ
2862 4768 3055 4834 αίῶνος
3101 4769 3393 4822 ὑπόστασιν
3423 4766 3512 4820 τοῦ
3551 4769 3796 4835 Μονοξέ⁴

1565 4910 1613 4960 .²¹
1647 4909 1788 4969 Psal.
1821 4925 1986 4974 CXLII,
2019 4909 2072 4962 5.
2127 4911 2169 4941 ’³
2202 4910 2357 4965 Rom.
2391 4927 2431 4977 ι,
2459 4911 2548 4970 20,

2225 5088 2601 5162 Aliigquinqne
2635 5106 2762 5143 mss.
2799 5088 3188 5162 οὑχ-ἁρμόζον.

2297 5153 2538 5231 (ﬁlii-diti
2569 5153 3121 5231 μεταρρυθμίζοντας.
3141 5159 3361 5231 Antiqui
3385 5170 3477 5231 sex
3499 5153 3630 5231 libri
3669 5170 3794 5231 μετ-

2234 5225 2659 5301 αρρυθμίζοντα,
2691 5225 2945 5299 quomodo
2971 5241 3137 5284 tutum
3175 5225 3332 5296 fuerit
3356 5229 3399 5280 ei
3421 5227 3509 5294 qui
3541 5241 3606 5277 ea:
3641 5225 3796 5277 uerbo

2233 5301 2361 5355 fecit
2386 5316 2556 5353 vocem
2587 5298 2810 5354 iacturae
2834 5301 3197 5353 concinnavit?

2301 5369 2375 5440 (Ἰ)
2406 5371 2506 5440 lilii
2542 5368 2633 5421 τοῦ
2666 5370 2794 5440 Υίοῦ
2828 5369 3107 5440 καὶᾼΘεοῦ.

2300 5435 2374 5509 (8)
2412 5439 2548 5509 Editi
2576 5440 2668 5491 καὶ
2698 5439 2856 5492 πάλιν
2882 5438 2970 5492 τά.
3006 5439 3232 5509 Codices
3257 5435 3406 5509 multi
3442 5436 3537 5509 ita}
3563 5435 3653 5509 τάΣ

2298 5502 2372 5579 (9)
2411 5507 2552 5562 Editi
2603 5511 2806 5580 Κυρίου
2857 5510 2948 5562 καὶ
2994 5508 3243 5578 Σωτῆρος
3277 5505 3432 5577 ἡμῶν
3490 5504 3690 5576 Ἰησοῦ.
3729 5502 3796 5557 At

2231 5593 2362 5632 mss.
2391 5580 2464 5630 uti
2499 5579 2548 5630 in
2573 5579 2850 5634 contextu.

2301 5648 2412 5720 (l0)
2442 5649 2571 5720 μοις.
2600 5661 2821 5717 quartus
2859 5650 2933 5720 μὴ
2967 5648 3178 5719 μόνους.

2304 5715 2412 5790 (Η)
2441 5715 2577 5772 Editi
2606 5715 2933 5790 ἔπιτολμςξῗν,⁷
2956 5715 3094 5772 κατὰ
3127 5719 3240 5770 τοῦ.
3270 5717 3486 5784 Antiqui
3524 5727 3634 5770 tres
3676 5715 3795 5770 libri

2235 5789 2549 5860 ὲπιτολμᾷν,
2587 5793 2677 5844 καὶ
2708 5791 2773 5842 τὰ
2801 5789 2913 5858 τοῦ,
2944 5799 3106 5845 recte.
