4026 6464
248 404 353 459 517
1361 386 1725 457 aovsusus
1767 401 1824 455 El

1927 403 2130 458 )MIUM
2172 404 2303 457 LIB.
2345 406 2406 458 ll.
3379 412 3483 465 578

245 496 374 555 νοῦς
400 495 530 562 ἡμῖν
560 497 870 567 παρίστησι,
901 496 1026 564 περὶ
1055 490 1121 565 ἧς
1144 498 1171 548 ὁ
1193 495 1347 563 λόγος
1381 499 1436 548 ὲν
1462 498 1547 567 τῷ,
1569 499 1812 568 παρόντι.

1927 498 2032 549 :ulu
2067 498 2165 549 fuit
2199 497 2603 552 subsistentiam
2637 519 2653 553 :
2689 503 2755 556 de
2791 515 2895 571 qua
2935 516 3077 555 nunc
3121 502 3274 555 nobis
3307 519 3487 559 sermo

247 584 387 639 Οὐδὲ
424 583 532 657 γὰρ
563 588 690 657 περὶ
738 586 834 653 τῆς
886 585 1072 648 οὐσίας
1108 589 1273 659 αὐτῆς
1316 588 1410 640 τοῦ
1457 589 1589 643 Θεοῦ
1621 592 1816 659 Λόγου,

1927 595 2020 639 est.
2052 585 2233 652 Neque
2253 583 2395 637 enim
2427 584 2494 638 de
2528 588 2823 645 substantia
2860 591 2973 660 ipsa
3012 590 3102 645 Dei
3136 592 3316 656 Verbi,
3344 596 3484 663 quod

247 675 341 727 τοῦ
376 676 432 727 ὲν
477 677 619 749 ἀρχῇ
676 676 827 737 ὄντος
875 676 1009 749 πρὸς
1052 678 1142 733 τὸν
1174 679 1338 741 Θεὸν,
1387 678 1521 733 ἀλλὰ
1558 684 1685 752 περὶ
1723 679 1818 733 τοῦ

1927 675 1971 730 ἱη
2002 675 2264 747 principio
2294 687 2407 730 erat
2438 678 2575 747 apud
2604 678 2764 750 240
2798 683 2962 738 Deum
2994 682 3062 749 ",
3090 684 3183 738 sed
3211 686 3277 739 de
3303 698 3369 739 eo
3395 686 3485 755 qui

248 761 583 828 κενώσαντος
623 765 812 817 ἑαυτὸν
841 766 898 817 ἐν
929 769 995 838 τῇ
1032 768 1125 822 τοῦ
1150 767 1333 822 δούλου
1366 771 1565 841 μορφῇ,
1605 771 1699 822 καὶ
1729 786 1821 836 τε-

1927 767 2151 834 seipsum
2180 765 2472 818 exinanivit
2518 766 2568 818 in
2617 765 2786 820 forma
2834 772 3068 838 servi”,
3104 782 3159 826 ct
3207 771 3379 829 factus
3404 782 3483 829 est

247 858 473 928 νομὲνου
530 857 850 928 συμμόρφου
910 857 978 930 εῷ
1027 861 1240 931 σώματι
1290 860 1391 931 τῆς
1438 860 1820 925 ταπεινώσεως

1927 856 2209 909 conformis
2260 856 2476 924 corpori
2525 857 2839 912 humilitatis
2894 873 3087 920 nostrae
3116 864 3183 927 ³⁵,
3214 878 3279 917 ac
3308 867 3485 921 cruci-

248 948 428 1020 ἡμῶν,
460 949 552 1001 καὶ
586 951 988 1021 σταυρωθέντος
1029 955 1087 1021 ἐξ
1122 952 1421 1018 ἀσθενείας,
1475 953 1660 1021 σαφῶς
1701 953 1817 1006 δια⁸

1927 947 2063 1003 ﬁxus
2085 957 2169 1001 est
2198 961 2264 1001 ex
2295 947 2608 1003 inﬁrmitate
2630 950 2697 1016 ",
2724 950 2871 1006 clare
2903 967 2966 1006 ac
2996 958 3275 1028 perspicue
3311 957 3485 1013 disse-

250 1042 488 1112 λέγεται.
528 1044 638 1096 Καὶ
685 1042 841 1099 τοῦτο
887 1048 1049 1100 παντ)⁵
1087 1043 1360 1115 γνώριμον
1400 1046 1478 1115 τῷ
1508 1043 1599 1096 καὶ
1626 1043 1819 1114 μικρὸν

1927 1039 2013 1094 rit.
2059 1040 2125 1094 Et
2175 1041 2276 1095 hoc
2302 1050 2487 1096 notum
2517 1050 2603 1097 est
2636 1043 2886 1099 omnibus
2938 1046 3027 1113 qui
3073 1051 3152 1102 vel
3202 1065 3393 1119 parum
3422 1051 3489 1105 ad

250 1133 601 1201 ἑπιστήσαντι
631 1132 729 1203 τῆς
756 1134 1119 1203 ἀποστολικῆς
1162 1131 1357 1198 λέξεως
1384 1133 1461 1204 τῷ
1498 1132 1817 1205 βουλήματι,

1927 1134 2228 1201 apostolicae
2263 1134 2518 1189 dictionis
2550 1149 2767 1189 sensum
2821 1135 3059 1189 animum
3121 1138 3484 1204 intenderunt,

248 1224 331 1279 ὅτι
377 1223 496 1294 οὐχὶ
549 1221 822 1295 θεολογίας
871 1229 1001 1298 ἡμῖν
1046 1225 1374 1296 παραδίδωσι
1421 1226 1639 1297 τρόπον,
1686 1223 1823 1278 ἀλλὰ

1927 1226 2062 1293 quod
2103 1241 2205 1278 non
2249 1224 2528 1294 theologia:
2561 1228 2715 1282 nobis
2767 1228 2982 1281 modum
3016 1229 3199 1295 tradit,
3231 1232 3324 1284 sed
3375 1236 3491 1288 dis—

248 1318 373 1381 τοὺς
404 1317 506 1388 τῆς
536 1321 847 1391 οἰκονομίας
873 1321 1065 1388 λόγους
1093 1320 1410 1393 παραδηλοῖ.
1440 1319 1661 1387 Κύριον
1688 1319 1818 1391 γὰρ,

1927 1315 2251 1386 pensationis
2293 1316 2529 1371 rationes
2568 1319 2825 1374 declarat.
2866 1319 3148 1374 Dominum
3191 1322 3360 1387 enim,
3410 1323 3492 1377 in-

248 1410 403 1479 φησὶ,
454 1412 552 1467 καὶ
600 1413 856 1482 Χριστὸν
904 1412 1089 1467 αὐτὸν
1130 1412 1242 1479 (η)
1293 1414 1325 1465 ὁ
1368 1412 1511 1477 Θεὸς
1551 1411 1818 1481 ἐποίησε,

1927 1410 2078 1480 quit,
2126 1419 2173 1463 et
2219 1409 2485 1464 Christum
2536 1411 2705 1479 ipsum
2749 1413 2888 1468 Deus
2936 1411 3089 1483 fecit,
3136 1413 3274 1467 hunc
3308 1414 3492 1469 Iesum

249 1501 465 1555 τοῦτον
510 1505 618 1558 τὸν
666 1501 899 1570 Ἰησοῦν
944 1503 1016 1557 ὃν
1052 1502 1220 1571 ὑμεῖς
1252 1501 1701 1570 ἐσταυρώσατε,
1754 1505 1819 1574 τῇ

1927 1521 2073 1575 quem
2120 1520 2209 1559 vos
2242 1502 2577 1570 cruciﬁxistis
2603 1503 2649 1533 ’⁷
2684 1521 2697 1557 :
2740 1506 2842 1559 hac
2889 1505 3313 1560 demonstrativa
3364 1520 3495 1561 voce

247 1594 491 1668 δεικτιχῇ
520 1598 669 1666 φωνῇ
707 1596 986 1666 μονονουχὶ
1018 1595 1155 1666 πρὸς
1185 1594 1247 1648 τὸ
1283 1594 1617 1667 ἀνθρώπινον
1656 1594 1820 1650 αὐτοῦ

1927 1594 1978 1649 in
2012 1595 2401 1649 humanitatem
2433 1594 2551 1663 ejus
2607 1602 2769 1662 atque
2802 1592 2856 1647 in
2893 1594 2944 1648 id
2991 1596 3132 1665 quod
3154 1595 3331 1652 oculis
3371 1610 3491 1650 om-

248 1688 345 1740 καὶ
388 1689 661 1757 ὁρώμενον
712 1687 844 1739 πᾶσι
884 1686 1164 1760 προδήλως
1212 1688 1639 1760 ἐπερειδόμενος.
1680 1690 1737 1742 'U
1765 1688 1821 1742 δὲ

1927 1684 2073 1740 nium
2140 1683 2436 1753 subjectum
2487 1693 2603 1738 erat
2664 1692 2870 1739 tantum
2929 1699 3034 1738 non
3081 1697 3263 1755 aperte
3311 1689 3495 1744 inten--

247 1778 368 1849 τὴν,
404 1779 712 1846 ἐποίησεν,
742 1776 923 1851 φωνὴν
952 1781 1032 1843 είς
1057 1780 1155 1849 τὴν
1179 1777 1413 1848 ἀρχῆθεν
1436 1778 1685 1845 γέννησιν
1714 1781 1821 1849 (15)

1927 1788 2032 1834 tus.
2075 1775 2173 1831 llic
2216 1792 2345 1831 vero
2382 1791 2567 1830 vocem
2601 1776 2721 1843 fecit
2764 1775 2832 1830 ad
2872 1790 2990 1830 eam
3020 1775 3287 1845 Unigeniti
3326 1794 3491 1852 gene-

244 1869 344 1923 τοῦ
383 1869 717 1937 Μονογενοῦς
771 1871 1083 1943 μεταφέρει.
1132 1869 1243 1923 Καὶ
1288 1868 1407 1922 οὐδὲ
1457 1869 1631 1921 έκεῖνο
1665 1870 1824 1923 αὐτὸν

1927 1869 2188 1923 rationem
2223 1881 2343 1938 quae
2373 1880 2401 1920 a
2441 1842 2709 1936 principio
2752 1864 2876 1928 fuit,
2922 1842 3197 1922 transfert.
3233 1867 3299 1922 Et
3326 1842 3396 1924 ite
3427 1872 3492 1925 il-

244 1960 507 2023 δυσωπεῖ,
538 1962 617 2015 ὂτι
646 1964 727 2025 τὸ,
746 1964 979 2029 Κύριος,
1006 1961 1106 2014 οὐκ
1128 1959 1312 2022 οὐσίας
1342 1960 1509 2023 ἐστὶν,
1540 1958 1653 2012 ἀλλ’
1680 1960 1824 2026 ἐξου-

1927 1958 2016 2013 Iud
2045 1959 2260 2029 quidem
2278 1970 2410 2015 “eum
2441 1959 2648 2028 pudore
2689 1955 2891 2021 allicit,
2931 1958 3073 2027 quod
3100 1974 3200 2014 vos
3236 1961 3489 2017 Dominus

247 2051 374 2115 σίας
400 2051 589 2123 όνομα.
622 2054 784 2104 Ὥστε
820 2052 848 2103 ὁ
880 2050 1078 2117 εἰπὼν,
1108 2050 1329 2119 Κύριον
1355 2049 1544 2104 αὑτὸν
1569 2050 1667 2102 καὶ
1696 2052 1828 2118 Χρι-

246 2144 405 2198 στὸν
442 2149 474 2199 ό
528 2144 670 2208 Θεὸς
717 2144 998 2211 ἐποίησε,
1044 2144 1143 2215 τὴν
1194 2144 1335 2198 κατὰ
1389 2143 1601 2198 πάντων
1656 2143 1828 2214 ἀρχὴν

248 2239 347 2291 καὶ
372 2237 687 2293 δεσποτείαν
727 2236 873 2300 λέγει
905 2237 1001 2307 τὴν
1034 2238 1183 2308 παρὰ
1224 2238 1318 2291 τοῦ
1352 2238 1563 2309 Πατρὸς
1601 2238 1827 2307 ἐπιτρα-

248 2329 444 2380 πείσαν
479 2325 648 2396 αὐτῷ,
679 2327 740 2378 οὐ
769 2328 867 2396 τὴν
903 2325 1009 2395 (Η)
1041 2328 1118 2388 εἰς
1144 2327 1208 2377 τὸ
1240 2322 1375 2377 εἶναι
1401 2326 1629 2395 πάροδον
1663 2326 1826 2379 αὐτοῦ

246 2419 535 2489 διηγεῖται.
586 2418 772 2472 Ταῦτα
814 2419 908 2487 μὲν
952 2412 1044 2471 οὖν
1088 2417 1279 2487 μικρὸν
1315 2416 1537 2488 ὕστερον
1571 2417 1829 2483 ἐπιδείξο-

252 2528 375 2582 μεν,
428 2512 556 2563 ὅταν
605 2509 915 2578 ἐλέγχωμεν
962 2507 1121 2561 αὑτὸν
1153 2507 1303 2578 παρὰ
1344 2505 1404 2559 τὸ
1452 2506 1695 2577 βούλημα
1734 2505 1827 2560 τοῦ

249 2602 573 2674 Πνεύματος
603 2601 702 2666 τὰς
739 2603 803 2655 ὲκ
829 2600 928 2672 τῆς
952 2601 1173 2672 Γραφῆς
1203 2599 1507 2672 μαρτυρίας
1536 2598 1829 2671 παρατιθέ-

253 2712 414 2765 μενον
443 2711 455 2725 ο
497 2695 613 2747 νυνὶ
639 2693 694 2747 δὲ
727 2693 817 2747 ἐπὶ
860 2692 927 2746 τὰ
957 2693 1155 2763 συνεχῆ
1195 2690 1287 2745 τοῦ
1336 2690 1494 2760 λόγου
1526 2692 1824 2763 προΐωμεν.

249 2786 318 2839 Τί
347 2783 439 2839 οὖν
468 2786 616 2856 αὐτῷ
662 2784 905 2855 βούλεται
956 2784 1018 2837 τὸ
1072 2784 1241 2854 εινομα
1273 2783 1464 2847 τοῦτο;
1506 2784 1601 2836 καὶ
1648 2784 1698 2836 τί
1732 2783 1825 2855 δή·

250 2894 386 2933 ποτε
425 2876 633 2944 ποίημα
681 2875 1107 2946 προσαγορεύειν
1158 2874 1248 2925 τὸν
1290 2874 1517 2943 ποιητὴν
1550 2872 1653 2923 τῶν
1694 2873 1827 2926 ὅλων

251 2969 551 3037 ὲπιχειρεῖ;
581 2967 879 3035 Σοφίσματι
902 2966 1136 3037 κιϐδήλῳ
1160 2966 1682 3037 παρακρουσάμενος
1705 2966 1829 3018 ἐαυ-

250 3058 364 3121 τὸν,
418 3058 583 3110 οἴεται
629 3060 749 3121 ταῖς
804 3056 913 3110 τῶν
958 3057 1233 3127 ὀνομάτων
1282 3057 1566 3129 διαφοραῖς
1606 3058 1827 3128 καὶτῆς

250 3149 441 3213 οὐσίας
471 3148 822 3221 παραλλαγὴν
855 3146 1302 3217 συνεπιφαίνεσθαι
1329 3146 1460 3219 (I5).

324 3240 380 3295 6.
418 3242 608 3295 Καίτοι
638 3241 719 3304 τίς
750 3242 814 3293 ἂν
847 3240 924 3311 τῷ
967 3241 1110 3311 λόγῳ
1143 3240 1317 3310 τούτῳ
1350 3240 1640 3311 σωφρονῶν
1663 3243 1831 3313 πρόσ-

252 3332 418 3395 θοιτο,
446 3333 527 3385 ὅτι
558 3326 633 3385 ὧν
664 3332 733 3384 τὰ
756 3332 991 3402 ὀνόματά
1021 3333 1133 3384 ἐστι
1163 3331 1415 3402 διάφορα,
1444 3330 1647 3383 τούτων
1692 3350 1832 3403 παρ-

251 3424 517 3497 ηλλάχθαι
555 3425 647 3477 καὶ
677 3422 776 3485 τὰς
814 3424 1000 3485 οὐσίας
1032 3423 1242 3493 ἀνάγκη
1275 3438 1289 3488 ;
1326 3422 1534 3485 Πέτρου
1582 3422 1689 3494 γὰρ
1738 3424 1832 3476 καὶ

253 3517 492 3580 Παύλου,
535 3516 631 3569 καὶ
670 3513 1004 3578 ἁπαξαπλῶς
1051 3513 1352 3585 ἀνθρώπων
1396 3512 1612 3567 πάντων
1660 3532 1830 3586 προσ-

250 3609 478 3681 ηγορίαι
503 3607 600 3679 μὲν
619 3606 882 3677 διάφοροι,
910 3605 1065 3657 οὐσία
1092 3605 1148 3657 δὲ
1172 3606 1388 3658 πάντων
1415 3605 1529 3675 μία.
1554 3606 1751 3675 Διόπερ
1772 3607 1830 3659 ὲν

252 3704 373 3765 τοῖς
398 3699 671 3761 πλείστοις
700 3698 749 3749 οἱ
773 3696 926 3751 αὐτοὶ
946 3694 1198 3765 ἀλλήλοις
1222 3695 1386 3765 ἐσμέν
1458 3697 1569 3758 τοῖς
1608 3695 1664 3747 δέ
1697 3695 1832 3749 ίδιὼ-

257 3808 394 3864 μασι
412 3792 593 3864 μόνοις
611 3788 716 3861 (16)
734 3791 844 3851 τοῖς
860 3788 987 3859 περὶ
1006 3786 1231 3839 ἕκαστον
1244 3785 1632 3858 θεωρουμένοις
1647 3787 1830 3859 ἕτερος

253 3885 443 3954 ἑτέρου
471 3882 872 3952 διενηνόχαμεν.
902 3878 1062 3931 Ὅθεν
1097 3878 1190 3932 καὶ
1233 3878 1290 3931 αἱ
1329 3878 1686 3951 προσηγορίαι
1708 3882 1828 3949 οὐχὶ

252 3978 364 4033 τῶν
392 3976 587 4030 οὐσιῶν
616 3976 720 4028 εἰσι
760 3972 1112 4046 σημαντικαὶ,
1141 3970 1278 4025 ἀλλὰ
1304 3970 1410 4025 τῶν
1443 3972 1741 4043 ίδιοτὴτων,
1770 3972 1824 4025 αἲ

249 4069 346 4124 τὸν
378 4068 497 4122 καθ’
534 4069 628 4121 ’ἐνα
666 4062 1178 4138 χαρακτηρίζουσιν.
1216 4064 1382 4117 Ὅταν
1413 4059 1506 4116 οὖν
1542 4063 1827 4133 ἀκούωμεν

255 4162 373 4232 (i7)
412 4160 658 4228 Πέτρον,
702 4159 762 4211 οὐ
806 4158 903 4228 τὴν
945 4155 1130 4208 οὐσίαν
1169 4153 1332 4206 αὑτοῦ
1367 4153 1592 4224 νοοῦμεν
1637 4155 1700 4206 ὲκ
1733 4153 1825 4206 τοῦ

252 4253 514 4320 ὀνόματος
546 4247 751 4317 ίοὺσίαν
776 4246 833 4299 δὲ
854 4246 996 4312 λέγω
1015 4243 1108 4297 νῦν
1135 4243 1196 4296 τὸ
1228 4241 1410 4295 ὖλικὸν
1434 4242 1788 4311 ὑποκείμενον

251 4343 391 4413 ὅπερ
421 4338 672 4408 οὐδαμῶς
707 4335 960 4407 σημαίνει
996 4334 1275 4405 τοῦνομα),
1309 4334 1443 4388 ἀλλὰ
1470 4335 1576 4388 τῶν
1611 4337 1829 4409 ἰδιωμά-

250 4449 360 4485 των
398 4430 433 4485 ἃ
466 4429 593 4499 περὶ
635 4427 796 4479 αὑτὸν
834 4424 1115 4495 θεωρεῖται
1167 4423 1263 4495 τὴν
1313 4423 1517 4478 ἔννοιαν
1570 4427 1828 4480 ἐντυπού-

1927 2063 2031 2101 non
2068 2063 2259 2103 nomen
2288 2052 2359 2104 sit
2388 2050 2728 2114 substantiae,
2758 2047 2853 2103 scd
2880 2050 3177 2118 potestatis.
3203 2052 3381 2118 Quare
3403 2053 3494 2122 qui

1928 2140 2082 2204 dixit,
2124 2139 2403 2192 Dominum
2425 2141 2595 2208 ipsum
2627 2151 2674 2194 et
2702 2139 2968 2195 Christum
2996 2140 3132 2195 Deus
3164 2142 3309 2212 fecit,
3344 2145 3495 2214 priu-

1928 2230 2164 2302 cipatum
2199 2245 2263 2285 ac
2288 2231 2581 2285 dominium
2613 2231 2666 2285 in
2695 2245 2886 2286 omnes
2911 2233 2958 2286 ei
2991 2247 3020 2287 a
3055 2230 3214 2288 Patre
3235 2234 3493 2290 traditum

1922 2326 2077 2389 dicit,
2109 2338 2214 2379 non
2257 2322 2401 2377 illius
2440 2322 2509 2377 ad
2548 2338 2659 2377 esse
2701 2324 2989 2377 transitum
3022 2336 3228 2382 narrat.
3270 2323 3338 2381 Et
3369 2328 3494 2397 qui-

1928 2415 2048 2471 dem
2082 2417 2193 2470 haec
2217 2416 2373 2485 paulo
2406 2425 2527 2486 post
2553 2416 2928 2484 ostendemus;
2961 2431 3081 2472 cum
3109 2417 3495 2473 convincemus

1928 2506 2078 2561 illum
2122 2505 2417 2574 Scriptum
2472 2509 2774 2562 testimonia
2804 2520 3004 2577 praeter
3031 2508 3268 2577 Spiritus
3302 2508 3496 2562 volun-

1928 2606 2093 2653 tatem
2120 2598 2364 2680 proferre
2391 2598 2443 2652 in
2485 2598 2720 2654 medium
2760 2614 2774 2653 :
2808 2600 2902 2654 sed
2933 2615 3078 2655 nunc
3108 2599 3176 2655 ad
3208 2600 3375 2656 verba
3405 2614 3498 2655 co-

1930 2690 2186 2745 haerentia
2220 2689 2648 2761 progrediamur.
2698 2691 2836 2759 Quid
2871 2707 2999 2764 ergo
3026 2691 3127 2749 hoc
3155 2707 3355 2749 nomen
3390 2692 3497 2749 sibi

1928 2782 2099 2836 vult?
2160 2782 2541 2853 qua.tandem
2615 2782 2681 2837 de
2749 2798 2909 2838 causa
2977 2785 3239 2839 facturam
3318 2785 3496 2840 facto-

1926 2888 2041 2927 rem
2094 2873 2334 2927 omnium
2386 2872 2656 2942 appellare
2710 2874 3060 2945 aggreditur?
3111 2874 3229 2944 Ipse
3290 2889 3351 2932 se
3411 2874 3499 2929 fu-

1928 2972 2046 3017 cata
2072 2963 2412 3019 cavillatione
2456 2964 2748 3035 decipiens,
2777 2967 3095 3023 substantia:
3126 2969 3290 3023 etiam
3318 2967 3499 3023 diver-

1929 3053 2142 3109 sitatem
2216 3069 2321 3110 una
2390 3071 2510 3111 cum
2575 3060 2855 3113 nominum
2909 3058 3227 3114 discrimine
3283 3060 3495 3116 ostendi

1928 3145 2221 3201 existimat.

2001 3236 2056 3291 4.
2108 3234 2213 3291 Sed
2243 3239 2365 3307 quis
2401 3238 2597 3294 mentis
2636 3253 2855 3310 compos
2900 3240 2966 3294 ad
2999 3240 3140 3296 hanc
3172 3240 3495 3296 sententiam

1932 3329 2243 3393 accesserit,
2282 3330 2428 3398 quod
2455 3346 2682 3400 quorum
2723 3333 2941 3388 nomina
2974 3342 3105 3388 sunt
3130 3333 3364 3399 diversa,
3402 3333 3500 3389 ho-

1932 3435 2051 3473 rum
2091 3420 2251 3474 etiam
2301 3421 2633 3478 substantias
2666 3424 2907 3479 diversas
2960 3438 3081 3479 esse
3117 3439 3337 3481 necesse
3378 3425 3500 3480 sit!

1932 3510 2078 3568 Petri
2115 3513 2256 3567 enim
2302 3524 2357 3569 et
2388 3514 2560 3580 Pauli,
2611 3524 2665 3570 ct
2699 3515 2750 3570 in
2788 3530 3019 3582 summa,
3070 3516 3347 3572 hominum
3380 3532 3502 3573 om-

1932 3604 2079 3656 nium
2126 3605 2508 3673 appellationes
2558 3616 2685 3661 sunt
2734 3606 2949 3675 quidem
2990 3608 3217 3664 diversa:
3250 3628 3265 3664 :
3295 3610 3386 3665 sed
3418 3620 3505 3665 ta-

1933 3707 2053 3746 men
2108 3694 2353 3749 omnium
2409 3710 2511 3749 una
2560 3694 2859 3749 substantia
2896 3705 2997 3750 est.
3054 3694 3391 3766 Quapropter
3446 3696 3499 3750 in

1930 3781 2177 3853 plurimis
2208 3784 2369 3840 iidem
2401 3785 2538 3840 inter
2574 3801 2673 3841 nos
2709 3801 2919 3850 sumus,
2954 3794 3009 3839 et
3035 3784 3166 3840 solis
3196 3785 3499 3854 proprieta-

1930 3875 2072 3930 tibus
2106 3891 2227 3946 qua:
2278 3877 2331 3929 in
2385 3892 2710 3947 unoquoque
2760 3876 3192 3940 considerantur,
3244 3878 3380 3932 alter
3426 3877 3498 3932 ab

1928 3967 2101 4021 altero
2153 3966 2477 4023 diﬂcrimus.
2512 3966 2664 4021 Unde
2697 3977 2753 4022 et
2796 3966 3185 4036 appellationes
3229 3984 3335 4023 non
3369 3968 3500 4023 sub-

1929 4059 2176 4119 stantias.
2212 4058 2305 4112 sed
2353 4058 2708 4128 proprietates
2748 4059 2939 4129 quibus
2985 4058 3215 4129 quisque
3247 4057 3498 4130 designa-

1931 4158 2040 4216 tur,
2078 4149 2405 4222 signiﬁcant.
2446 4151 2635 4221 Itaque
2680 4166 2802 4206 cum
2842 4150 3090 4205 audimus
3117 4147 3354 4213 Petrum,
3386 4166 3496 4207 non

1930 4243 2049 4313 ejus
2076 4244 2431 4297 substantiam
2462 4243 2567 4299 hoc
2595 4244 2811 4299 nomine
2844 4242 3190 4313 intelligimus
3224 4244 3498 4316 (substan-

1932 4336 2064 4390 tiam
2101 4345 2279 4391 autem
2314 4352 2455 4392 nunc
2493 4337 2615 4391 dico
2664 4337 2939 4392 matreriale
2979 4336 3301 4403 subjectum,
3352 4338 3495 4405 quod

1931 4444 2270 4498 nequaquam
2309 4444 2374 4485 eo
2407 4429 2623 4484 nomine
2653 4428 3031 4500 signiﬁcatur),
3066 4427 3159 4482 sed
3196 4427 3498 4497 proprieta-

255 4522 416 4595 μεθα.
449 4521 620 4582 Εὐθὺς
648 4519 756 4590 γὰρ
785 4520 848 4571 ἐκ
876 4516 977 4587 τῆς
1021 4518 1201 4587 φωνῆς
1228 4516 1427 4589 ταύτης
1474 4518 1701 4589 νοοῦμεν
1735 4521 1824 4573 τὸν

1931 4529 2013 4575 tes
2061 4536 2181 4591 qua:
2232 4522 2375 4576 circa
2418 4536 2540 4574 eum
2584 4522 3016 4583 considerantur,
3049 4521 3373 4591 cogitatione
3402 4522 3497 4577 dc-

250 4613 346 4667 τοῦ
389 4614 541 4666 Ἰωνᾶ
576 4610 709 4680 (I8),
760 4609 851 4661 τὸν
900 4610 965 4661 ἐκ
1006 4608 1106 4678 τῆς
1132 4608 1426 4681 Βηθσαῖδᾶ,
1476 4608 1565 4661 τὸν
1598 4610 1826 4679 ἀδελφὸν

324 4773 609 4835 "10am.
638 4773 695 4826 2.
774 4773 817 4803 “
850 4772 1044 4843 Philip.
1081 4789 1137 4840 η,
1179 4773 1232 4826 7.
1310 4774 1357 4806 “
1392 4772 1591 4843 I‘hilip.
1625 4791 1707 4840 Ill,
1744 4776 1839 4831 2i.

324 4913 438 4985 (l2)
471 4910 560 4968 Sic
601 4910 804 4985 antiqui
850 4919 961 4985 tres
990 4911 1133 4985 libri.
1159 4911 1459 4966 νοιηαύτόν
1497 4914 1548 4966 in
1588 4914 1817 4985 vulgatis

253 4980 684 5054 desiderabatur.
737 4980 868 5054 Illud
894 4981 1038 5054 quod
1072 4997 1196 5054 mox
1242 4985 1505 5049 sequitur,
1535 4983 1818 5054 προδήλως

250 5052 685 5122 ἐπερειδόμενος,
726 5051 804 5103 sic.
837 5053 903 5122 ad
926 5049 1150 5104 verbum
1186 5053 1531 5122 interpretari
1583 5049 1813 5121 poteris,

254 5120 458 5175 tantum
503 5120 605 5176 non
637 5123 811 5188 palam
873 5121 1195 5174 incumbens.
1235 5120 1347 5175 Hoc
1398 5133 1499 5185 est,
1546 5120 1817 5191 apostolus

252 5192 447 5246 Petrus
473 5207 566 5257 per
598 5205 781 5243 vocem
810 5191 946 5242 (tunc
981 5200 1188 5244 tantum
1222 5206 1325 5243 non
1374 5194 1817 5246 commonst-ravit

252 5262 639 5330 humanitatem
664 5260 861 5313 Christi
896 5260 1103 5314 Domini
1150 5280 1162 5314 :
1205 5270 1316 5323 aut,
1358 5263 1399 5316 si
1456 5264 1645 5324 maris,
1682 5278 1814 5330 apo—

249 5331 427 5384 stolus
456 5329 646 5383 Petrus
679 5343 774 5399 per
801 5345 985 5383 vorem
1012 5330 1149 5383 hunc
1183 5342 1287 5382 tam
1318 5333 1599 5399 persg-ticue
1633 5329 1816 5384 Imma-

250 5400 475 5452 nitatem
507 5400 709 5453 Christi
752 5398 961 5453 Domini
1015 5402 1294 5466 indicavit,
1366 5413 1422 5454 ut
1449 5398 1567 5454 eam
1603 5413 1807 5454 tantum

245 5484 355 5590 ἓόοη
383 5470 557 5523 oculis
589 5468 855 5537 subjiciat.
889 5467 1021 5539 Reg.
1066 5472 1254 5524 tertius
1288 5471 1569 5541 προδήλως
1594 5473 1819 5541 ἀπερει-

311 5555 489 5590 μενος.

380 5555 489 5601 νος.

309 5556 603 5680 ιῐὲῗςίίθε.
632 5608 823 5664 tertius
850 5607 1087 5680 ἀρχῆθεν
1117 5610 1350 5677 γένεσιν.
1392 5611 1499 5666 Alii
1530 5626 1659 5665 mss.
1695 5625 1814 5664 cum

244 5677 422 5749 editis
433 5677 704 5749 γέννησιν.

318 5746 433 5815 (14)
460 5746 612 5822 Illud,
642 5751 701 5802 οὐ
727 5752 847 5822 τήν,
873 5761 1002 5817 etc.,
1038 5752 1107 5805 ita
1137 5761 1372 5806 verterat
1395 5750 1811 5821 Trapetuntius.

1932 4612 2224 4684 pingimus.
2274 4611 2421 4667 Illico
2447 4612 2590 4666 enim
2636 4627 2732 4682 per
2763 4614 2902 4667 hanc
2927 4627 3113 4667 vocem
3147 4612 3497 4682 intelligimus

1917 4777 1963 4808 “
1992 4776 2034 4830 Il
2066 4776 2189 4831 Cor.
2226 4791 2346 4841 xm,
2372 4776 2426 4831 ι,
2500 4776 2545 4807 ’⁷
2571 4775 2693 4831 Act.
2723 4792 2787 4840 ll,
2818 4776 2906 4832 56.

1922 4910 2273 4977 Trapezuntii
2338 4919 2631 4971 emendatis
2682 4916 3037 4972 Combeﬁsins
3086 4916 3165 4970 sic
3224 4915 3490 4983 scripsit:

1921 4985 2061 5050 quod
2082 4995 2267 5037 nactus
2297 4996 2392 5049 est,
2443 4999 2497 5041 ut
2525 4998 2677 5047 esset,
2710 4988 3116 5043 subobscurius.
3165 4985 3244 5040 Ad
3268 4987 3492 5040 verbum

1922 5054 2207 5115 vertimus,
2254 5071 2357 5109 non
2386 5057 2573 5110 Latine
2598 5058 2835 5123 quidem,
2883 5059 2976 5114 sed
3006 5056 3239 5113 ﬁdeliter
3291 5067 3493 5119 tamen,

1923 5139 2026 5176 non
2059 5123 2172 5189 eius
2220 5128 2287 5176 ad
2318 5141 2439 5181 esse
2473 5130 2747 5181 transitu»:
2783 5140 2964 5183 narrat
3006 5142 3025 5179 :
3066 5130 3167 5183 hoc
3219 5135 3324 5191 est,
3377 5123 3491 5180 Non

1924 5204 2105 5246 narrat
2133 5198 2402 5259 quomodo
2440 5200 2541 5250 huc
2565 5201 2889 5260 pervenerit,
2916 5210 2975 5251 ut
3009 5200 3102 5252 sit.

2138 5264 2265 5337 βοᾷς,
2300 5280 2519 5333 quartus
2551 5270 3031 5337 συνεμφαίνεσθαι.

1993 5336 2102 5411 illi)
2137 5335 2272 5387 Editi
2299 5353 2424 5411 cunt
2452 5336 2583 5405 Reg.
2612 5335 2803 5407 quinto
2853 5338 3102 5410 ἰδιώμασι
3146 5339 3327 5411 μόνον.
3384 5336 3493 5392 Alii

1923 5406 2320 5477 qtiit_iq_tie_lnss.
2359 5408 2562 5477 μόνοις.

2144 5468 2332 5562 Epiro!
2359 5468 2532 5562 'Tunus
2563 5475 2735 5560 ’ρταν
3072 5474 3256 5556 Coll);
3276 5475 3489 5562 ehneg.

1922 5541 2112 5598 tertius
2144 5543 2310 5597 Ὅταν
2336 5541 2429 5599 οὖν
2468 5541 2937 5617 euadentem—[sithi
2962 5546 3130 5599 Ὅταν
3161 5545 3293 5613 γοῦν
3323 5541 3492 5599 ἀκού-

1922 5630 2120 5666 σωμεν.

1991 5631 2268 5752 ἱίίὲζῖιὶῐιί
2316 5684 2541 5757 νοοῦμεν
2588 5684 2811 5757 Πέτρον,
2864 5685 2954 5739 τὸν
2999 5684 3097 5738 τοῦ
3145 5684 3317 5737 Ἰωνᾶ.
3344 5756 3349 5757 ν
3378 5684 3491 5757 Y0!

1920 5754 2126 5825 Πέτρον
2153 5757 2303 5808 deest
2330 5757 2380 5806 in
2408 5756 2556 5809 Colb.
2588 5768 2641 5808 et
2667 5754 2718 5809 in
2750 5758 2879 5823 Reg.
2910 5758 3109 5822 tertio;
3141 5769 3241 5809 nec
3270 5755 3490 5809 dubium

247 5831 350 5869 non
371 5821 628 5886 quomodo
651 5836 759 5873 esse
785 5821 1025 5889 'cwperit,
1060 5834 1261 5875 narrat.
1304 5824 1811 5892 Interpretatiouem
1914 5821 2186 5892 estpquin
2222 5825 2410 5880 melius
2442 5825 2599 5879 absit.
2630 5825 2773 5896 Lege
2805 5821 3076 5881 chaeum.

528 5912 792 5973 ΡΑτιιοι..
828 5916 942 5972 Gn.
973 5915 1210 5975 XXIX.

3098 5919 3172 5979 19
