4026 6460
222 421 321 476 581

215 533 500 603 Μονογενῆ
529 534 786 603 λεγούσης
817 534 1022 603 ποίημα
1041 576 1054 598 ,
1088 534 1186 588 οὑκ
1215 535 1282 588 ἂν
1313 531 1637 601 ἐκεκώφωτο
1671 528 1780 602 (26)
1810 532 1858 590 Α

218 629 251 697 ἡ
261 626 377 696 μῶν
405 624 502 697 ἤδη
526 627 592 680 τά
617 621 732 679 ὦτα
761 625 1278 698 περιθρυλλούμενα.
1325 620 1459 678 Εἶτά
1494 641 1663 696 φησι,
1693 622 1782 678 διὰ

216 717 345 779 τοὺς
392 717 703 789 σωματικὴν
759 717 854 786 τὴν
887 717 1135 788 γέννησιν
1176 714 1652 786 ὑπολαμϐάνοντας
1688 712 1781 768 τοῦ

218 807 447 876 Κυρίου,
484 809 576 859 καὶ
621 809 738 869 ταῖς
770 809 1104 879 όμωνυμίαις
1145 806 1572 876 προσπαίοντας,
1618 808 1783 874 ἀναγ-

220 895 374 945 καῖον
413 892 560 961 αὑτῷ
596 893 688 944 καὶ
723 895 848 963 περὶ
900 895 1102 948 τούτων
1138 891 1276 947 εἶναι
1303 894 1390 947 διὰ
1429 893 1672 966 βραχέων
1709 896 1783 946 εἱ-

220 990 360 1040 πεῖν.
393 985 583 1039 Καίτοι
624 985 675 1037 τί
705 987 928 1052 ἐκώλυε,
961 991 1078 1050 ταῖς
1124 989 1187 1040 ἐκ
1219 986 1326 1039 τῶν
1365 987 1594 1057 Γραφῶν
1643 1004 1783 1057 μαρ-

217 1079 433 1144 τδρίαις
459 1075 548 1127 τὸν
572 1075 724 1144 λόγον
758 1078 947 1131 ἑαυτοῦ
993 1078 1402 1146 πιστωσάμενον
1429 1117 1443 1143 ,
1475 1079 1642 1142 οὕτως
1694 1077 1785 1130 ὲπ¹ι

218 1170 317 1238 τὴν
348 1167 625 1237 διόρθωσιν
664 1171 771 1223 τῶν
815 1169 1214 1240 ἀσθενεστέρων
1246 1170 1438 1236 ἐλθεῖν,
1471 1171 1564 1223 καὶ
1595 1169 1691 1238 τὴν
1721 1169 1783 1219 ἐκ

219 1261 318 1328 τῆς
355 1260 667 1330 ὁμωνυμίας
702 1259 903 1330 βλάϐην
943 1261 1458 1331 παραμυθήσασθαι,
1499 1258 1653 1320 εἴτις
1679 1257 1784 1327 ἄρα

220 1348 413 1415 γέγονέ
442 1351 569 1401 ποτέ
596 1367 733 1401 τισιν
773 1348 804 1416 ἦ
841 1352 1159 1416 γενήσεται;
1192 1351 1287 1413 Τίς
1322 1349 1428 1419 γὰρ
1469 1346 1608 1399 οὑτω
1647 1363 1780 1399 παν-

219 1437 388 1501 τελῶς
429 1440 681 1510 σάρκινός
726 1438 835 1507 (27)
868 1439 963 1511 τὴν
992 1440 1227 1493 διάνοιαν
1249 1479 1262 1501 ,
1292 1439 1384 1491 καὶ
1418 1437 1573 1490 θείων
1614 1437 1784 1505 λόγων

219 1530 462 1602 ἄπειρος,
499 1532 658 1592 ὥστε,
705 1530 912 1584 ἀκούων
959 1533 1107 1594 θείας
1153 1533 1485 1600 γεννήσεως,
1519 1529 1654 1599 πρὸς
1687 1529 1785 1592 τὰς

219 1624 538 1692 σωματικὰς
587 1624 985 1696 καταφέρεσθαι
1042 1623 1361 1691 φαντασίας,
1407 1624 1464 1674 ἐν
1509 1616 1596 1683 αἷς
1653 1638 1787 1689 συμ-

219 1715 394 1782 πλοκὴ
431 1713 529 1782 μὲν
553 1714 774 1784 ἄρρενος
805 1714 940 1784 πρὸς
987 1714 1046 1764 τὸ
1095 1713 1246 1784 θῆλυ,
1281 1713 1473 1781 κύησις
1501 1712 1556 1764 δὲ
1591 1715 1647 1765 ὲν
1682 1713 1786 1784 μή·

217 1821 360 1874 τρα,
389 1804 482 1856 καὶ
513 1804 812 1868 διάπλασις,
861 1805 952 1856 καὶ
996 1804 1302 1874 μόρφωσις,
1361 1805 1453 1857 καὶ
1492 1807 1604 1868 τοῖς
1652 1803 1785 1857 καθ-

1329 411 1691 466 Αῡγειιδυδ
1727 411 2092 466 ΕυποΜιυΜ
2131 412 2258 465 LIB.
2301 413 2361 464 ll.

3329 403 3432 454 582

1883 544 1990 600 quo
2020 531 2337 599 Unigenitus
2368 531 2579 586 factura
2609 529 2899 595 diceretur,
2933 543 3110 585 nonne
3135 526 3246 596 jam
3274 542 3428 584 aures

1884 628 2083 673 nostra:
2121 619 2205 674 bis
2237 622 2564 678 clamoribus
2613 621 3076 675 circumsonantes
3116 619 3431 675 obsurduis-

1883 711 2041 766 sent?
2077 711 2277 765 Deinde
2319 715 2394 766 ait
2433 728 2656 769 necesse
2688 710 2788 766 sibi
2830 726 2950 766 esse
2981 721 3200 782 propter
3221 726 3316 766 eos
3341 711 3432 783 qui

1883 816 2197 868 corpoream
2254 800 2464 854 Domini
2531 802 2931 873 generationem
2999 802 3331 870 intelligunt,
3382 812 3432 855 et

1884 891 2078 960 quibus
2110 906 2268 945 voces
2294 891 2553 961 ambiguae
2581 905 2706 950 sunt
2733 891 3037 954 offensioni,
3071 893 3135 944 de
3163 891 3248 944 bis
3273 891 3434 944 etiam

1884 983 2122 1037 breviter
2137 983 2334 1038 dicere.
2357 982 2460 1038 Sed
2491 983 2619 1053 quid
2647 988 2876 1050 vetabat,
2898 985 3107 1040 firmata
3142 984 3439 1052 Scriptura:

1886 1073 2204 1128 testimoniis
2228 1075 2474 1129 oratione
2511 1089 2627 1139 sua,
2675 1076 2742 1127 ita
2777 1079 2988 1130 demum
3020 1077 3086 1130 ad
3117 1075 3437 1130 debiliorum

1883 1169 2310 1240 emendationem
2341 1168 2622 1228 accedere,
2657 1177 2819 1236 atque
2850 1179 3025 1223 ortam
3067 1185 3132 1224 ex
3172 1166 3440 1237 ambiguis

1885 1258 2100 1312 vocibus
2126 1257 2416 1326 perniciem
2456 1258 2718 1321 emollire,
2754 1259 2798 1312 si
2839 1273 2948 1327 qua
2991 1268 3164 1314 tamen
3203 1271 3439 1328 unquam

1885 1349 1974 1400 ulli
2007 1352 2199 1404 accidit
2229 1359 2318 1403 aut
2347 1350 2592 1403 accidet?
2613 1350 2742 1414 Quis
2771 1351 2910 1403 enim
2935 1350 3013 1403 sic
3037 1351 3253 1405 omnino
3286 1365 3439 1406 men-

1888 1449 1935 1490 te
1963 1441 2196 1494 carnalis
2222 1450 2322 1501 est,
2356 1451 2409 1494 et
2455 1440 2526 1492 ita
2558 1439 2860 1492 divinarum
2905 1439 3304 1507 Scripturarum
3353 1456 3441 1493 ru—

1886 1533 1986 1589 dis.
2045 1539 2121 1595 ut,
2160 1531 2341 1584 divina
2383 1533 2726 1601 generatione
2772 1531 2981 1596 audita,
3033 1531 3098 1584 ad
3151 1545 3447 1598 corporeas

1887 1623 2145 1692 imagines
2177 1621 2471 1688 deferat-ur,
2504 1624 2555 1676 in
2585 1622 2780 1692 quibus
2812 1636 3134 1689 congressus
3165 1621 3236 1675 sit
3259 1621 3356 1673 viri
3389 1630 3446 1674 et

1887 1715 2150 1778 mulieris,
2185 1717 2467 1783 conceptio
2507 1717 2559 1768 in
2590 1725 2762 1780 utero,
2797 1713 3174 1779 conformatio,
3207 1712 3450 1782 configuo

1890 1809 2050 1873 ratio,
2081 1822 2146 1861 ac
2177 1807 2371 1861 debitis
2420 1810 2751 1876 temporibus
2783 1821 3097 1878 progressus
3137 1806 3188 1859 in
3231 1803 3448 1858 lucem?

218 1898 412 1980 ήκουσι
455 1899 662 1969 χρόνοις
715 1897 934 1966 πρόοδος
981 1899 1058 1960 εἰς
1083 1898 1139 1949 τὸ
1168 1897 1270 1961 ἔξω
1310 1897 1455 1968 (28);
1510 1898 1603 1958 Τίς
1651 1895 1789 1949 οὑτω

1894 1900 2024 1965 Quis
2067 1900 2200 1954 adeo
2229 1899 2516 1964 belluinus,
2540 1909 2622 1964 ut,
2653 1900 2776 1954 dum
2822 1901 2968 1952 audit
3011 1899 3174 1954 Deum
3211 1895 3444 1951 Verbum

218 1989 520 2061 κτηνώδης,
542 1991 701 2053 ὣστε,
730 1989 939 2042 ἁκούων
972 1989 1103 2043 Θεὸν
1128 1991 1296 2058 Λόγον
1332 1992 1395 2042 ἐκ
1437 1989 1566 2042 Θεοῦ
1598 1988 1790 2060 προελ-

219 2078 402 2144 θόντα,
445 2081 655 2133 ἀκούων
690 2079 743 2133 δὲ
770 2081 957 2149 σοφίαν
987 2084 1049 2134 ἐκ
1077 2081 1210 2134 Θεοῦ
1249 2082 1618 2150 γεννηθεῖσαν,
1655 2080 1791 2148 πρὸς

215 2170 289 2224 τὰ
318 2170 565 2239 σώματος
595 2171 739 2242 πάθη
766 2175 877 2235 τοῖς
907 2171 1182 2240 λογισμοῖς
1208 2171 1598 2232 καταπίπτειν;

291 2259 344 2312 6.
395 2261 550 2313 Ἀλλὰ
588 2262 862 2314 καὶτοῦτο
895 2261 1034 2330 μετὰ
1060 2261 1168 2313 τῶν
1211 2260 1385 2312 ἄλλων
1439 2258 1790 2329 εὐπρόσωπον

218 2352 371 2422 αὐτῷ
409 2355 589 2423 σχῆμα
638 2353 744 2404 τῶν
783 2353 953 2420 λόγων
1005 2353 1343 2421 ἐπινενόηται
1368 2391 1380 2415 ,
1428 2351 1502 2414 ὡς
1532 2352 1630 2420 τῆς
1658 2351 1794 2422 πρὸς

217 2443 348 2505 τοὺς
402 2443 694 2506 ἀσυνέτους
723 2443 830 2495 τῶν
874 2443 1115 2512 ἀδελφῶν
1155 2443 1556 2513 εὐσπλαγχνίας
1607 2443 1790 2494 ἕνεκεν

219 2535 315 2585 τὸν
346 2535 511 2587 κόπον
549 2537 646 2606 τῆς
676 2536 785 2606 (9.9)
811 2537 1159 2599 διδασκαλίας
1187 2537 1359 2588 δοκεῖν
1381 2534 1786 2605 καταδέχεσθαι.

219 2625 335 2678 Καὶ
370 2626 468 2690 τὰς
517 2628 614 2698 μὲν
658 2629 769 2697 (50)
811 2629 1122 2696 σωματικὰς
1165 2629 1448 2692 ὑπονοίας,
1484 2629 1581 2690 τὰς
1609 2629 1698 2680 ἐπὶ
1723 2631 1787 2698 τῇ

222 2718 564 2788 προσηγορίᾳ
593 2719 764 2789 ταύτῃ
787 2717 1160 2786 ἐγγινομένας,
1181 2718 1573 2788 ἐπανορθοῦται
1595 2718 1750 2788 δῆθεν
1773 2735 1785 2748 ·

217 2808 322 2870 τὰς
352 2810 406 2860 δὲ
431 2811 494 2862 ἐκ
520 2808 612 2861 τοῦ
645 2809 849 2879 ποίημα
878 2809 970 2862 τὸν
1007 2808 1208 2879 Κύριον
1254 2808 1614 2878 ὀνομάζεσθαι
1661 2809 1788 2877 βλά-

220 2898 323 2960 ϐας
352 2900 409 2950 οὑ
437 2903 797 2969 παραιτεῖται.
837 2902 1025 2954 Καίτοι
1055 2902 1082 2953 ὅ
1114 2917 1176 2967 γε
1208 2901 1317 2971 (31)
1358 2901 1672 2971 σωματικὴν
1711 2897 1789 2953 εἶ-

220 3008 310 3042 ναι
342 2992 440 3057 τὴν
469 2993 717 3061 γέννησιν
753 2993 1165 3061 φανταζόμενος,
1206 2995 1233 3045 ὁ
1272 2993 1434 3056 αὑτὸς
1481 2993 1544 3046 ἂν
1575 2994 1668 3047 καὶ
1699 2993 1789 3046 ἐπὶ

218 3083 348 3143 τοὺς
378 3082 592 3144 ὑλικους
619 3084 718 3151 τῆς
762 3085 1025 3152 ποιήσεως
1058 3085 1292 3153 τρόπους
1340 3085 1686 3155 ὑπενεχθείη.
1713 3087 1786 3138 Οὑ

218 3173 332 3241 γὰρ
354 3173 522 3242 δήπου
551 3173 813 3243 μερισμὸν
843 3173 940 3243 μέν
961 3192 1080 3226 τινα
1101 3176 1195 3228 καὶ
1227 3177 1554 3245 μετάστασιν
1577 3176 1668 3227 καὶ
1697 3177 1789 3246 ρύ-

222 3281 310 3318 σιν
342 3266 440 3335 τῆς
473 3265 565 3318 τοῦ
595 3264 888 3333 γεννῶντος
914 3267 1098 3329 οὐσίας
1135 3267 1242 3336 (52)
1272 3270 1334 3318 ἐκ
1360 3267 1460 3335 τῆς
1494 3267 1674 3335 φωνῆς
1698 3265 1789 3317 τοῦ

219 3359 418 3427 γεννᾷν
456 3359 483 3408 ὁ
523 3356 752 3428 ἀσθενὴς
788 3358 1062 3428 ὲννοήσει·
1101 3358 1231 3428 ὑλην
1272 3358 1326 3410 δὲ
1374 3357 1567 3421 ἔξωθεν
1607 3359 1670 3409 ὲκ
1699 3356 1791 3408 τοῦ

224 3448 302 3518 μὴ
333 3448 483 3508 ὑντος
513 3449 905 3521 είσενεχθεῖσαν
937 3453 1016 3512 εἰς
1040 3450 1158 3520 τὴν,
1193 3450 1266 3512 ὡς
1306 3451 1464 3519 ὑμεῖς
1499 3466 1663 3518 φατε,
1696 3447 1790 3500 τοῦ

221 3542 528 3609 ποιήματος
570 3541 883 3607 ὑπόστασιν,
926 3543 1323 3613 ὑπολαμϐάνειν
1363 3543 1462 3595 οὑκ
1501 3541 1794 3611 ἑναχθήσε-

217 3645 334 3683 ται.
384 3630 539 3693 Τίνος
579 3627 671 3683 οὖν
725 3632 906 3682 ἕνεκεν
946 3631 1010 3683 τὰ
1051 3633 1456 3703 ἀρρωστήματα
1511 3631 1616 3682 τῶν
1645 3631 1789 3698 λογι-

222 3721 380 3790 σμῶν
415 3720 523 3773 τῶν
557 3720 796 3789 ἀδελφῶν
828 3720 884 3786 ἐξ
920 3721 1172 3790 ἡμισείας
1214 3725 1375 3783 ἰᾶται,
1412 3724 1504 3775 καὶ
1536 3722 1641 3774 τῶν
1681 3739 1786 3774 σω-

224 3808 463 3878 ματικὴν
505 3809 601 3879 τὴν
642 3809 891 3878 γέννησιν
923 3809 1031 3879 (55)
1067 3810 1554 3880 ὑπολαμϐανόντων
1598 3813 1763 3880 ἓπιμε

219 3896 502 3966 λούμενος,
538 3899 661 3959 τοὺς
708 3900 773 3967 τῇ
819 3898 1155 3969 προσηγορία
1186 3898 1278 3950 τοῦ
1312 3899 1609 3967 ποιήματος
1638 3915 1790 3965 περι-

221 3987 517 4050 πταίοντας
544 3990 791 4059 παρορᾷς
821 3990 938 4041 Ὅτι
972 3988 1032 4041 τὸ
1074 3990 1170 4059 μὲν
1213 3988 1604 4058 γεγεννῆσθαι
1638 3988 1792 4039 πολέ-

224 4096 351 4150 μιον
379 4075 486 4132 οἶδε
512 4084 619 4142 τοῖς
651 4081 911 4150 δόγμασιν
943 4079 1155 4146 ἑαυτοῦ,
1191 4080 1283 4133 τοῦ
1330 4079 1680 4150 γεννηθέντος
1718 4080 1793 4130 oi-

223 4171 389 4232 κείως
432 4171 573 4241 ἔχειν
606 4173 910 4239 ὀφείλοντος
955 4173 1168 4235 πάντως
1225 4173 1316 4224 καὶ
1363 4173 1792 4243 ἀπαραλλάκτως

225 4260 364 4329 πρὸς
396 4261 486 4311 τὸν
529 4262 894 4329 γεννήσαντα·
927 4260 986 4312 τὸ
1025 4261 1080 4313 δὲ
1121 4261 1480 4328 πεποιῆσθαι
1518 4262 1666 4330 φίλον
1701 4263 1793 4314 καὶ

228 4352 513 4422 σύμμαχον
531 4355 648 4414 ταῖς
669 4351 855 4405 ἑαυτοῦ
879 4351 1185 4416 ὑποθέσεσι,
1203 4352 1287 4405 διὰ
1306 4353 1365 4405 τὸ
1379 4352 1654 4423 ἀλλοτρίου
1680 4352 1790 4423 (54)

1892 2009 1956 2045 ex
2013 1996 2119 2046 Deo
2159 1994 2444 2060 prodiisse,
2491 2000 2651 2059 atque
2696 2007 2762 2045 ex
2806 1993 2912 2046 Deo
2940 1991 3171 2060 genitam
3210 2004 3333 2043 esse
3361 2003 3448 2041 sa-

1893 2085 2168 2147 pictiliam,
2212 2084 2278 2135 ad
2317 2096 2608 2149 corporeos
2657 2079 2883 2136 affectus
2929 2080 3255 2151 cogitatione
3291 2078 3445 2132 dela-

1893 2174 2051 2225 batur
2071 2173 2094 2224 ?

1962 2263 2014 2315 6.
2055 2262 2159 2317 Sed
2205 2263 2318 2318 haec
2364 2279 2575 2335 quoque
2627 2264 2868 2334 Speciosa
2926 2263 3207 2318 verborum
3272 2259 3448 2315 forma

1891 2355 2054 2423 242
2085 2368 2186 2406 una
2220 2369 2341 2406 cum
2372 2354 2498 2408 aliis
2521 2356 2571 2409 ei
2602 2356 2902 2425 excogitata
2933 2366 3034 2416 est,
3057 2364 3137 2417 ut,
3170 2353 3238 2406 ob
3260 2366 3451 2420 quan;-

1893 2446 2016 2497 dam
2075 2459 2200 2512 erga
2253 2445 2527 2511 imperitos
2571 2445 2763 2499 fratres
2795 2445 3332 2506 commiseratiouem,
3368 2441 3451 2492 la-

1891 2535 2159 2590 boriosam
2209 2533 2347 2588 banc
2398 2535 2620 2588 docendi
2673 2536 3005 2604 provinciam
3038 2533 3337 2601 suscepisse
3367 2533 3448 2584 vi-

1892 2627 2100 2680 deatur.
2144 2625 2212 2680 Et
2264 2641 2552 2695 corporeus
2603 2628 2814 2695 quidem
2856 2626 3186 2695 suspiciones
3219 2639 3338 2694 qua:
3382 2639 3450 2677 ex

1891 2719 1992 2774 bac
2021 2718 2382 2788 appellatione
2422 2719 2766 2777 oboriuntur.
2809 2719 3028 2788 corrigit
3061 2717 3274 2772 scilicet
3306 2735 3319 2770 :
3354 2715 3448 2770 sed

1893 2813 2211 2866 detrimenta
2238 2827 2325 2875 ea,
2367 2826 2485 2881 quae
2509 2813 2579 2866 ob
2601 2811 2828 2866 factura:
2868 2826 3062 2866 nomen
3100 2810 3326 2864 Domino
3351 2808 3452 2862 iiii-

1892 2901 2124 2969 positum
2162 2910 2479 2966 nascuntur,
2511 2916 2843 2969 nequaquam
2877 2902 3062 2955 evitat.
3094 2901 3158 2954 Et
3194 2915 3321 2954 vero
3353 2915 3450 2968 gc-

1893 2993 2226 3045 neratiouem
2275 3007 2587 3060 corpoream
2621 3008 2740 3046 esse
2765 2995 2860 3059 qui
2887 2995 3065 3045 animo
3101 2993 3273 3060 lingit,
3312 2993 3450 3044 idem

1893 3087 2080 3153 utique
2109 3083 2174 3136 ad
2210 3082 2518 3136 materiales
2539 3083 2700 3136 etiam
2738 3082 2992 3137 factionis
3039 3084 3226 3138 modos
3262 3081 3452 3138 deduci

1893 3178 2106 3246 poterit.
2143 3175 2254 3231 Nec
2295 3175 2440 3229 enim
2475 3175 2817 3246 partitionem
2857 3176 3160 3244 quampiam
3189 3185 3244 3230 et
3275 3185 3450 3230 trans-

1896 3270 2026 3321 itum
2067 3279 2156 3320 aut
2182 3266 2405 3333 fluxmn,
2440 3268 2530 3335 qui
2561 3283 2623 3321 ex
2658 3266 2962 3335 generantis
2997 3266 3293 3320 substantia
3334 3265 3450 3329 ﬁat,

1898 3358 1966 3422 is,
1995 3359 2085 3426 qui
2116 3359 2401 3413 imbecillis
2425 3363 2529 3420 est,
2564 3373 2629 3411 ex
2663 3359 2953 3426 generandi
2992 3371 3124 3412 voce
3159 3357 3452 3427 intelliget;

1895 3449 2176 3501 materiam
2209 3465 2337 3501 vero
2369 3463 2486 3513 qum
2521 3448 2859 3502 extrinsecus
2886 3463 2950 3501 ex
2985 3446 3152 3502 nihilo
3179 3448 3246 3501 ad
3282 3448 3458 3502 factu-

1895 3554 1990 3604 rae,
2029 3549 2085 3592 ut
2109 3554 2204 3591 vos
2240 3539 2438 3603 dicitis,
2484 3539 2913 3592 constituendam
2958 3537 3309 3591 substantiam
3355 3537 3452 3591 ad-

1896 3638 2046 3681 vecta
2092 3628 2180 3692 sit,
2216 3644 2318 3680 non
2354 3628 2651 3682 adducetur
2681 3637 2736 3678 ut
2785 3628 2967 3679 animo
3015 3627 3301 3694 concipiat.
3345 3626 3456 3680 Cur

1896 3720 2060 3788 igitur
2097 3720 2486 3787 cogitationum
2531 3717 2867 3786 aegritudini,
2914 3732 3018 3785 qua
3071 3716 3268 3771 fratres
3309 3717 3456 3771 labe-

1895 3821 2034 3872 rant.
2067 3813 2238 3866 media
2266 3827 2332 3865 ex
2365 3822 2515 3880 parte
2545 3813 2808 3874 medetur,
2836 3821 2889 3864 et
2913 3826 3096 3865 eorum
3135 3812 3224 3879 qui
3267 3825 3458 3878 corpe—

1897 3917 2043 3954 ream
2079 3903 2480 3970 generationem
2534 3901 2861 3968 intelligunt,
2897 3911 3144 3969 suscepta
3184 3917 3335 3965 cura,
3363 3915 3456 3954 cos

1897 3993 2090 4060 quibus
2126 3994 2350 4045 factura-
2410 3993 2697 4059 appellatio
2732 3993 3019 4047 olfensioni
3055 4001 3156 4056 est,
3205 3991 3456 4062 negligit?

1899 4082 2162 4146 Quoniam
2207 4086 2305 4135 liuc
2346 4083 2582 4150 quidem,
2609 4084 2833 4150 genitum
2860 4101 2989 4144 esse.
3019 4085 3130 4138 suis
3166 4085 3333 4152 ipsius
3354 4084 3454 4138 tie»

1900 4171 2166 4241 gmatibus
2196 4173 2520 4226 contrarium
2553 4174 2722 4238 novit,
2749 4189 2874 4228 cum
2913 4175 3127 4242 genitus
3154 4189 3272 4228 cum
3297 4174 3454 4243 geni-

1903 4273 2017 4317 tore
2048 4263 2333 4331 coajunt-te
2355 4264 2574 4318 omnino
2601 4279 2663 4318 ac
2693 4264 2828 4317 citra
2855 4265 3220 4318 diversitatem
3254 4265 3456 4317 habere

1901 4368 1958 4408 se
1976 4352 2201 4418 debeata;
2219 4352 2345 4406 illud
2366 4367 2511 4416 vero,
2530 4353 2729 4420 factum
2750 4369 2880 4416 esse,
2898 4367 3072 4406 causae
3093 4367 3205 4405 suae
3221 4351 3453 4405 amicum

295 4555 406 4632 (26)
434 4555 657 4609 Codices
694 4563 808 4632 tres
854 4553 1085 4632 ποίημα,
1146 4553 1248 4606 κᾶν
1300 4552 1641 4632 ἐκεκώφωτο.
1672 4554 1789 4632 ⁵εἱιιιε

1899 4556 2063 4627 ﬁngat
2093 4568 2184 4611 aut
2223 4557 2595 4632 partitionem,
2628 4563 2718 4632 a:t_t
2762 4553 3065 4632 transitum,
3098 4565 3190 4632 aut
3219 4556 3452 4632 aliquem

229 4637 355 4679 nota
390 4624 850 4695 interrogationis,
892 4628 1048 4677 etiam
1078 4641 1230 4676 aures
1272 4633 1461 4677 nostrae
1488 4624 1793 4677 obsurduit;-

226 4707 364 4750 sent.

306 4767 417 4833 (27)
449 4766 665 4832 Legitur
692 4764 740 4816 in
767 4765 1006 4829 margine
1036 4763 1184 4831 Regii
1217 4764 1392 4830 quarti
1426 4765 1708 4834 σαρκικός.

304 4839 417 4903 128)
461 4836 596 4888 Εὐιιὶ
651 4836 728 4895 εις
773 4834 838 4886 τὰ
891 4834 1013 4896 ἔξω.
1059 4836 1127 4885 At
1175 4849 1304 4885 mss.
1337 4843 1566 4899 quatuor
1614 4839 1696 4898 εις
1735 4836 1796 4888 τὸ

227 4907 355 4962 ἔξω.

260 4943 414 5042 ’ἔω
443 4972 617 5026 Codex
648 4987 782 5025 unus
812 4973 903 5025 τὸν
945 4971 1142 5025 σκοπὸν
1166 4972 1283 5042 τῆς,
1327 4975 1646 5041 propositum
1681 4991 1798 5028 con-

230 5048 510 5108 siliumque
540 5043 778 5095 docendi.

303 5115 415 5181 (50)
448 5114 596 5172 Illud,
622 5112 717 5164 καὶ
751 5112 854 5177 τὰς
871 5113 1007 5180 μὲν,
1047 5123 1174 5178 etc.,
1208 5114 1405 5166 dictum
1447 5121 1532 5166 est
1561 5127 1656 5182 per
1684 5112 1794 5166 iro-

237 5187 400 5242 niam,
450 5184 549 5234 ltac
587 5186 850 5236 sententia
883 5201 895 5235 :
930 5185 1093 5249 Quasi
1125 5199 1253 5237 vero
1293 5183 1586 5236 Eunomius
1620 5185 1790 5247 timet,

237 5271 322 5317 ne,
357 5252 718 5320 generationis
763 5254 945 5305 audito
995 5254 1228 5314 nomine,
1287 5254 1532 5320 corporei
1590 5254 1790 5320 aliquid

234 5323 640 5390 exeogitemus;
673 5337 770 5374 nec
823 5333 995 5376 tamen
1030 5335 1243 5376 veretur
1292 5322 1482 5374 Filium
1531 5323 1795 5389 facturum

237 5395 532 5445 nominare.
567 5391 780 5444 Scilicet
821 5392 952 5445 Filio
981 5393 1230 5446 convenit
1269 5393 1437 5461 magis
1480 5407 1672 5444 nomen
1715 5391 1794 5441 fu—

235 5475 425 5521 Ctur;e,
453 5475 610 5528 quam
635 5465 1013 5527 generationis.

309 5534 418 5601 (51)
451 5534 540 5582 διε
570 5546 697 5601 m_ss.
743 5531 982 5601 plerique
1027 5546 1233 5586 omnes.
1286 5531 1426 5585 Edili
1457 5529 1714 5596 Καίτοιςγε

239 5593 356 5654 Mox
403 5593 534 5652 editi
574 5593 831 5662 οὖτοςόιν
869 5593 980 5653 κάξ.
1039 5605 1104 5655 At
1147 5605 1251 5655 duo
1291 5618 1418 5654 mss.
1461 5603 1488 5651 ὁ
1529 5593 1690 5660 αὐτὸς
1732 5598 1796 5650 ἂν

240 5672 351 5724 καί.

312 5741 423 5810 (52)
457 5741 566 5794 lluc
597 5741 724 5793 diett
756 5741 984 5793 Basilius
1011 5759 1021 5792 :
1050 5741 1270 5808 Siquis,
1304 5739 1667 5802 generationis
1698 5754 1796 5789 an-

246 5812 352 5865 ⁴ῖιυ
377 5815 611 5874 nomine,
643 5813 710 5865 ob
751 5812 947 5878 ingenii
999 5811 1420 5865 imbecillitatem
1461 5812 1565 5864 sibi
1613 5812 1796 5861 animo

1899 4624 2305 4696 cit—generaiitis
2333 4627 2630 4680 substantia
2673 4624 2898 4696 fluxum,
2933 4626 2997 4687 is,
3023 4627 3112 4678 ubi
3152 4624 3341 4681 nomen
3370 4627 3453 4677 fa-

1897 4695 2062 4750 cturae
2112 4698 2360 4759 audierit,
2407 4697 2574 4747 multo
2601 4695 2768 4762 magis
2815 4697 3137 4763 excogitabit
3171 4698 3454 4748 materiam

1899 4767 2130 4834 aliquam
2165 4782 2230 4819 ex
2262 4764 2430 4817 nihilo
2463 4774 2840 4834 sumptam,ex
2867 4780 2969 4831 qua
2996 4767 3260 4818 constabit
3284 4767 3456 4817 factu-

1900 4833 2113 4888 raﬁVos
2152 4837 2334 4903 igitur,
2372 4834 2459 4901 qui
2494 4835 2558 4886 de
2595 4834 2728 4886 Filio
2761 4833 3034 4901 loquentes
3072 4849 3204 4886 voce
3237 4835 3458 4886 facturae

1901 4908 2132 4968 uti-mini,
2163 4921 2259 4958 nec
2304 4916 2477 4956 tamen
2511 4904 2872 4971 generationis
2909 4905 3126 4956 nomine
3161 4904 3238 4955 titi
3271 4904 3456 4965 vultis,

1899 4977 2092 5028 minori
2152 4979 2290 5026 malo
2334 4974 2614 5026 niedemini
2655 4989 2859 5036 eorum,
2897 4973 2986 5040 qui
3021 4989 3332 5039 corpoream
3367 4990 3458 5039 ee-

1902 5047 2232 5098 nerationem
2267 5044 2598 5096 comminisci
2641 5053 2863 5109 possunt
2897 5060 2909 5094 :
2960 5043 3052 5093 sed
3093 5043 3244 5094 vobis
3276 5045 3451 5093 studio

1900 5130 2004 5167 non
2041 5124 2141 5176 est,
2202 5114 2369 5180 majus
2400 5114 2590 5163 malum
2624 5127 2814 5164 curare
2854 5127 3063 5171 eorum,
3094 5113 3180 5177 qui
3204 5113 3303 5163 sibi
3331 5127 3453 5177 per-

1898 5185 2121 5236 suadere
2168 5192 2407 5252 possunt,
2451 5184 2807 5237 substantiam
2857 5181 2976 5234 Filii
3005 5196 3069 5233 ex
3103 5181 3266 5234 nihilo
3311 5197 3456 5234 sum-

1897 5264 2040 5322 ptam
2069 5268 2206 5306 esse.

1970 5323 2077 5391 (55)
2111 5323 2239 5391 Reg.
2285 5321 2472 5376 tertius
2523 5321 2620 5392 τὴν
2673 5322 2903 5389 γένεσιν.
2936 5321 3035 5374 Alii
3069 5335 3160 5375 sex
3191 5319 3456 5392 mss._':i}v

1899 5389 2164 5462 γέννησιν.
2195 5389 2338 5446 idem
2385 5393 2554 5445 codex
2580 5389 3081 5462 ’ὑπολαμϐανόντων
3128 5389 3459 5462 προνοούμε-

1899 5479 2008 5524 νος.

1971 5531 2221 5604 (54)η1ξι,
2251 5531 2337 5584 διὰ
2388 5533 2448 5584 τὸ
2488 5533 2788 5604 ἀλλοτρίου,
2837 5545 2965 5595 etc.,
3017 5534 3154 5585 dicta
3189 5531 3457 5604 sunthoc

1901 5615 2060 5654 sensu
2095 5620 2107 5653 :
2138 5602 2256 5654 Ideo
2286 5604 2574 5657 Eunomius
2602 5602 2826 5656 libenter
2850 5619 2978 5656 voce
3010 5605 3232 5655 factum:
3265 5603 3453 5663 utitur,

1901 5671 2044 5736 quod
2100 5688 2208 5724 sua:
2262 5675 2500 5738 opinioni
2562 5674 2730 5725 faveat
2772 5674 3264 5741 patrocinetnrque.
3322 5670 3454 5723 Nam

1899 5743 2075 5810 innuis
2107 5741 2310 5793 factura
2355 5742 2588 5794 alienum
2623 5745 2873 5810 quiddam
2914 5755 2994 5794 est
3024 5753 3079 5795 et
3116 5742 3455 5809 peregrinum

1903 5827 1930 5862 a
1955 5809 2204 5873 faciente,
2243 5828 2339 5865 nec
2401 5809 2713 5882 intelligitur
2754 5815 3051 5868 naturalem
3104 5813 3302 5866 habere
3336 5830 3455 5866 eum
