4026 6438
579 380 684 435 585

1916 386 1971 433 δ.
2014 384 2256 434 ιιΑδιιΑι
2301 385 2511 437 ΜΛΟΜ

3704 403 3808 457 εει

580 510 649 549 ac
679 494 1057 550 subsidiarium
1091 492 1327 563 agnovit,
1361 493 1501 562 quod
1547 492 1596 545 id
1632 491 1791 547 alieni
1834 493 2130 563 peregrini.

2240 499 2325 551 mi.
2350 497 2499 562 ξένου
2520 542 2534 565 ,
2566 500 2659 555 καὶ
2690 501 2862 573 πάντη
2893 504 3158 560 ἀνοικείου
3204 506 3337 580 πρὸς
3369 507 3457 561 τὸν
3498 518 3803 587 ποιήσαντα

576 600 703 655 que,
732 592 787 639 et
822 583 1020 637 nullam
1059 582 1282 637 omnino
1307 597 1431 637 cum
1458 582 1662 637 factore
1701 586 2134 655 coniunctionem

576 676 826 732 habentis
867 675 1139 729 notionem
1184 672 1425 730 exhibet.
1467 673 1669 729 Deinde
1704 677 1770 732 ad
1816 678 1929 733 bzcc
1964 676 2134 743 addit,

577 770 760 825 dicens
783 785 799 822 :

646 859 781 916 Eutr.
827 861 1143 920 Genituram
1190 866 1371 934 itaque
1426 865 1621 919 Filium
1681 870 2139 930 dicimus,secuu-

578 952 701 1005 dum
733 953 1131 1024 Scripturarum
1168 959 1495 1021 doctrinam,
1527 974 1631 1013 nou
1662 961 1804 1015 aliud
1835 961 1961 1029 quid
2011 962 2139 1015 sub-

578 1043 833 1099 stantiam
886 1047 1265 1117 intelligentes,
1296 1057 1350 1104 et
1400 1050 1546 1105 aliud
1583 1055 1716 1122 quid
1766 1052 1905 1120 quod
1945 1063 2139 1122 praeter

578 1132 749 1203 ipsam
773 1135 1126 1205 signiﬁcetur,
1156 1140 1249 1193 sed
1272 1139 1440 1207 ipsam
1474 1158 1593 1199 esse
1625 1144 2136 1216 bypostasin,quam

581 1237 773 1280 nomen
818 1226 1119 1296 significat,
1171 1244 1292 1283 cum
1354 1232 1663 1290 substantia:
1710 1249 1834 1288 vere
1879 1247 2141 1304 congruat

578 1314 695 1370 bare
716 1316 1025 1386 appellatio.

652 1405 773 1461 Bas.
815 1407 879 1463 Et
914 1409 966 1464 in
990 1410 1073 1463 bis
1108 1410 1293 1481 utique
1328 1416 1607 1469 veritatem
1639 1415 1812 1485 palam
1843 1429 2137 1487 eppugttat,

579 1499 783 1569 sibiipsi
840 1510 1016 1554 tamen
1078 1516 1317 1560 consona
1370 1506 1625 1574 loquitur.
1678 1507 2140 1575 Quemadmodum

579 1592 722 1647 enim
754 1594 806 1647 in
842 1593 1212 1661 superioribus
1240 1597 1567 1651 decernebat
1616 1599 1667 1652 in
1718 1598 1825 1655 Deo
1859 1602 2141 1657 universo-

582 1701 697 1739 rum
722 1686 1080 1741 substantiam
1112 1688 1224 1755 ejus
1259 1703 1353 1756 per
1385 1687 1840 1759 ingenerationem
1869 1693 2140 1762 signiﬁca-

580 1774 623 1827 ri
652 1790 665 1826 :
698 1773 768 1828 ita
794 1775 883 1831 ltic
912 1791 1124 1846 quoque
1152 1776 1503 1832 substantiam
1546 1778 1665 1833 Filii
1705 1797 1797 1850 per
1837 1784 2139 1852 genituram

578 1865 867 1935 significari
894 1867 1024 1920 dicit
1051 1884 1064 1919 :
1096 1877 1157 1921 ut
1179 1868 1344 1938 geniti
1372 1869 1437 1923 ad
1464 1869 1751 1938 ingenitum
1782 1876 2137 1944 oppositione,

581 1957 922 2027 Uuigeuitutn
962 1960 1255 2013 secundum
1290 1962 1458 2029 ipsam
1488 1962 1840 2019 substantiam
1872 1969 2141 2023 contrario

579 2052 739 2104 modo
789 2050 855 2103 ad
908 2050 1119 2105 Patrem
1151 2067 1212 2107 se
1250 2052 1453 2107 habere
1494 2055 1764 2110 ostendat.
1804 2057 2142 2127 Quapropter

579 2156 700 2194 cum
729 2139 921 2194 Filium
950 2143 1251 2212 genituram
1277 2144 1531 2214 appellat,
1562 2148 1721 2199 verba
1753 2163 1869 2215 qua:
1900 2164 1927 2201 a
1958 2150 2140 2204 divino

581 2232 784 2302 Spiritu
831 2245 1084 2300 usurpata
1131 2249 1234 2287 non
1277 2245 1422 2299 sunt,
1476 2235 1799 2303 praescribit.
1846 2236 1997 2291 Uude
2027 2239 2141 2293 haec

579 2325 822 2393 accepit?
855 2340 919 2379 ex
963 2340 1068 2394 qua
1109 2326 1391 2380 doctrina?
1429 2340 1458 2379 a
1497 2340 1605 2396 quo
1650 2328 1940 2395 propheta?
1975 2346 2003 2381 a
2033 2344 2140 2399 quo

579 2416 841 2487 apostolo,
872 2419 961 2488 qui
995 2416 1097 2472 hoc
1126 2418 1172 2471 ei
1202 2432 1500 2487 cognomen
1531 2418 1817 2474 tribuerit?
1857 2421 1967 2491 Ego
1991 2424 2143 2491 equi-

586 2510 711 2570 dem
752 2510 893 2565 ltauc
919 2524 1103 2565 vocem
1132 2510 1212 2565 sic
1237 2524 1548 2580 expressam
1582 2513 1635 2567 in
1672 2511 1819 2567 nullo
1849 2513 2142 2584 Scriptura:

581 2599 699 2656 loco
725 2601 961 2656 invenio.

653 2692 703 2744 7.
747 2692 910 2758 Atqui
946 2691 1034 2747 hic
1068 2692 1169 2745 iste
1204 2706 1261 2745 se
1283 2692 1382 2745 bas
1411 2692 1795 2761 appellationes
1826 2708 1931 2747 non
1964 2693 2140 2748 aliun-

582 2783 648 2838 de
669 2797 826 2853 quam
867 2797 896 2836 a
933 2780 1168 2850 Spiritus
1203 2780 1445 2835 doctrina
1505 2783 1800 2851 sumpsisse
1858 2783 2138 2849 gloriatur.

581 2876 776 2931 Parum
808 2873 948 2929 enim
984 2874 1032 2929 ei
1066 2871 1165 2927 fuit
1198 2872 1505 2927 hominibus
1535 2872 1805 2943 negotium
1852 2872 2140 2937 facessere,

587 2967 690 3022 nisi
736 2966 789 3021 in
840 2966 1014 3036 ipsum
1049 2965 1212 3020 etiam
1258 2964 1518 3033 Spiritum
1556 2963 1924 3019 insolesceret.
1982 2964 2140 3036 243

586 3056 799 3110 Patrem
853 3056 1069 3126 quidem
1118 3056 1389 3127 genuisse,
1426 3069 1490 3109 ex
1531 3054 1714 3110 multis
1765 3054 1897 3110 locis
1953 3054 2143 3108 didici-

586 3162 705 3200 mus
742 3163 753 3197 :
790 3147 981 3200 Filium
1014 3162 1143 3200 vero
1172 3146 1471 3216 genituram
1494 3161 1634 3211 esse,
1668 3134 1891 3201 necdum
1915 3144 2142 3199 adhunc

585 3252 755 3306 usque
788 3238 929 3291 diem
960 3236 1283 3291 audivimus.
1318 3236 1581 3291 Parvulas
1626 3238 1793 3303 enim,
1823 3238 2015 3307 inquit,
2046 3254 2143 3291 na-

585 3339 669 3382 tua
707 3338 779 3381 est
816 3328 963 3381 nobis
985 3342 1002 3380 :
1027 3325 1170 3392 [ilius
1208 3335 1255 3378 et
1298 3326 1456 3379 datus
1480 3335 1557 3378 est
1588 3327 1769 3390 nobis;
1797 3335 1959 3395 atque
1988 3342 2146 3382 voca-

587 3430 673 3472 tur
721 3433 914 3471 nomen
966 3418 1101 3483 ejus,
1141 3432 1245 3469 non
1290 3417 1556 3487 genitura,
1596 3416 1688 3470 sed
1718 3415 1904 3485 Magni
1936 3420 2145 3473 consilii

582 3509 880 3579 angelus".
912 3509 1071 3578 Atqui
1110 3510 1151 3561 si
1186 3508 1433 3577 genitura
1481 3507 1837 3561 substantiam
1870 3507 2147 3575 significa-

584 3612 686 3669 ret,
720 3617 826 3657 non
860 3601 1003 3655 aliud
1035 3599 1277 3670 profecto
1318 3614 1513 3653 nomen
1542 3615 1641 3654 nos
1669 3598 1945 3654 docuisset
1969 3600 2142 3669 Spiri-

584 3707 691 3759 tus,
714 3710 875 3764 quam
916 3695 1059 3764 quod
1098 3694 1453 3747 substantiam
1497 3692 1615 3761 ejus
1660 3690 1836 3762 palam
1865 3691 2145 3748 declarare

585 3795 784 3853 posset.
813 3784 878 3838 Et
908 3798 1143 3847 rursum,
1173 3782 1361 3838 Petrus
1400 3783 1492 3851 qui
1537 3783 1608 3837 ob
1636 3784 1878 3837 veritatis
1917 3783 2139 3853 agnitio.

584 3892 706 3931 nem
762 3876 870 3930 illis
921 3875 1193 3931 beatitatis
1237 3874 1564 3931 testimoniis
1602 3875 1855 3946 dignatus
1907 3884 2008 3939 est,
2039 3891 2143 3930 non

582 3970 735 4035 dixit,
764 3967 841 4022 Tu
887 3984 946 4022 es
988 3968 1265 4038 genitura:
1310 3969 1401 4023 sed
1435 3985 1448 4021 :
1483 3966 1561 4021 Τιι
1592 3985 1646 4023 es
1701 3967 1939 4021 Christus
1973 3966 2143 4021 Filius

586 4059 678 4111 Dei
706 4060 883 4113 viri“.
921 4059 1059 4124 Quin
1083 4068 1137 4114 et
1167 4058 1386 4122 Paulus,
1421 4060 1635 4115 etiamsi
1660 4060 1840 4115 omnia
1874 4076 1968 4114 sua
2003 4059 2144 4114 scri-

582 4159 668 4217 pta
716 4148 835 4202 Filii
884 4149 1246 4216 appellatione
1296 4150 1617 4223 impleverit,
1647 4166 1914 4220 nusquam
1964 4160 2143 4205 tamen

581 4240 842 4305 genitura:
877 4238 1201 4292 mentionem
1256 4238 1450 4293 fecisse
1501 4242 1838 4309 reperietur:
1866 4243 2007 4310 quod
2048 4258 2147 4297 no-

584 4342 705 4383 men
730 4327 817 4381 bic
854 4327 964 4391 ille,
996 4334 1251 4395 tanquam
1278 4327 1321 4379 si
1357 4326 1483 4380 illud
1506 4342 1571 4380 ex
1604 4327 1789 4382 divino
1819 4331 2149 4385 documento

584 4420 902 4487 accepisset,
935 4418 1255 4473 confidentia
1284 4417 1447 4471 multa
1481 4417 1712 4487 profert.
1747 4417 1858 4472 Nec
1882 4420 2026 4472 enim
2061 4421 2147 4473 hic

2236 590 2332 659 τὴν
2378 590 2584 646 ἔννοιαν
2631 593 2920 664 παριστᾷν.
2974 588 3107 648 Εἶτα
3180 598 3384 661 τούτοις
3447 599 3807 660 ἐπισυνάπτει

2238 681 2408 751 λέγων
2430 699 2445 712 ο

2309 854 2464 909 ΕΥΝ.
2507 855 2754 925 Γέννημα
2783 855 2962 910 τοίνυν
2991 856 3081 910 τὸν
3110 857 3237 910 Υίόν
3298 880 3503 934 φαμεν,
3536 863 3679 917 κατά
3711 869 3808 937 τὴν

2239 944 2343 996 τῶν
2396 944 2621 1015 Γραφῶν
2668 944 3042 1001 διδασκαλίαν·
3092 946 3191 1017 οὐχ
3231 946 3417 1019 ἕτερον
3471 954 3571 1024 μέν
3611 971 3663 1007 τι
3709 955 3809 1025 τὴν

2238 1034 2421 1089 οὐσίαν
2462 1036 2736 1102 νοοῦντες,
2770 1036 2953 1106 ἕτερον
2981 1039 3037 1092 δέ
3070 1058 3121 1093 τι
3166 1041 3296 1111 παρ’
3324 1044 3492 1113 αὐτὴν
3512 1047 3575 1100 τὸ
3604 1063 3810 1118 σημαι-

2238 1126 2477 1195 νόμενον,
2510 1126 2624 1180 ἀλλ’
2660 1127 2828 1197 αὐτὴν
2873 1122 3008 1180 εἶναι
3036 1131 3133 1201 τὴν
3165 1129 3478 1195 ὑπόστασιν,
3507 1138 3573 1206 ῆν
3605 1135 3811 1209 σημαί-

2240 1232 2317 1267 νει
2361 1212 2596 1285 τοῦνομα
2688 1214 3122 1289 ὲπαλτηθευούσης
3162 1224 3226 1291 τῇ
3279 1218 3434 1292 οὐσίᾳ
3483 1225 3581 1293 τῆς
3642 1243 3810 1298 προσ.

2240 1303 2487 1374 ηγορίας.

2311 1395 2456 1448 ΒΑΣ.
2491 1397 2600 1449 Καὶ
2653 1399 2710 1451 ἐν
2747 1397 2957 1461 τούτοις
2996 1398 3175 1453 τοίνυν
3220 1405 3286 1474 τῇ
3325 1403 3423 1475 μὲν
3449 1403 3678 1477 ἀληθείᾳ
3707 1427 3811 1477 φα-

2240 1486 2409 1558 νερῶς
2449 1487 2793 1561 διαμάχεται,
2845 1490 3021 1561 ἐαυτῷ
3051 1490 3106 1543 δὲ
3150 1493 3300 1562 ὅμως
3332 1496 3603 1551 ἀκόλουθα
3637 1498 3807 1566 λέγει.

2254 1582 2337 1643 Ὠς
2381 1580 2487 1653 γὰρ
2527 1582 2585 1633 ἐν
2610 1585 2725 1646 τοῖς
2776 1584 2887 1637 ἀνω
2927 1582 3103 1652 λόγοις
3138 1582 3199 1636 τὸ
3243 1586 3533 1659 ἀγέννητον
3578 1588 3671 1641 ἐπὶ
3716 1590 3812 1641 τοῦ

2242 1671 2374 1726 Θεοῦ
2403 1672 2512 1725 τῶν
2542 1673 2677 1727 ὅλων
2703 1675 2803 1743 τῆς
2831 1676 3017 1740 οὐσίας
3048 1673 3211 1729 αὐτοῦ
3240 1675 3519 1747 διωρίζετο
3541 1676 3681 1735 εῖναι
3710 1698 3811 1751 ση-

2247 1766 2501 1838 μαντικὸν
2523 1806 2537 1830 ,
2566 1765 2707 1819 οὕτω
2743 1767 2833 1820 καὶ⁵
2877 1770 3108 1822 ἐνταῦθα
3138 1768 3197 1821 τὸ
3232 1769 3475 1843 γέννημα
3504 1777 3601 1848 τὴν
3624 1776 3814 1829 οὐσίαν

2176 1839 2217 1892 Β
2242 1857 2334 1910 τοῦ
2362 1857 2487 1911 Υίοῦ
2532 1858 2815 1929 σημαίνειν
2848 1858 2956 1931 (55)
3000 1860 3184 1929 λέγει’
3220 1861 3287 1914 ἵν’
3329 1839 3479 1936 tim
3507 1839 3599 1921 τότε
3626 1884 3814 1937 γεννη-

2245 1950 2334 2002 τοῦ
2371 1949 2506 2019 πρὸς
2533 1948 2594 2003 τὸ
2620 1949 2912 2021 ἀγέννητον
2943 1951 3207 2007 ἀντιθέσει
3231 1953 3486 2020 ἐναντίως
3515 1959 3709 2028 ἔχοντα
3735 1959 3815 2030 τῷ

2244 2039 2417 2109 Ila-cpi.
2447 2041 2537 2092 τὸν
2560 2041 2835 2112 Μονογενῆ
2858 2044 2996 2097 κατά
3020 2044 3117 2115 τὴν
3140 2043 3328 2097 οὐσίαν
3349 2047 3516 2118 αὐτὴν
3543 2051 3811 2122 ἐπιδείξῃ.

2241 2128 2338 2181 Διά
2375 2128 2549 2184 ταῦτα
2570 2131 2846 2201 νομοθετεῖ
2878 2136 3096 2206 ῥήματα
3132 2133 3236 2198 ἔξω
3269 2136 3369 2206 τῆς
3415 2139 3661 2208 χρήσεως
3683 2141 3817 2195 ὄντα

2240 2219 2333 2273 τοῦ
2362 2221 2504 2275 θείου
2545 2223 2878 2294 Πνεύματος,
2923 2227 3165 2298 γέννημα
3211 2226 3302 2281 τὸν
3335 2228 3461 2282 Υίὸν
3506 2228 3813 2300 ὀνομάζων.

2242 2313 2411 2366 Πόθεν
2434 2314 2641 2380 λαϐών;
2666 2317 2730 2369 ἐκ
2753 2320 2909 2383 ποίας
2929 2319 3276 2385 διδασκαλίας
3295 2338 3308 2386 ;
3327 2323 3470 2387 τίνος
3491 2324 3775 2393 προφήτου
3798 2341 3814 2385 ;

2239 2405 2383 2468 τίνος
2410 2405 2518 2459 τῶν
2544 2408 2853 2462 ἀποστόλων
2878 2410 3083 2479 ταύτην
3115 2413 3264 2481 αὐτῷ
3290 2414 3388 2483 τὴν
3422 2414 3816 2485 προσωνυμίαν

2241 2495 2703 2567 ἐπιφημίσαντοςς
2741 2498 2880 2567 Ἐγὼ
2916 2498 3014 2568 μὲν
3064 2500 3172 2570 γὰρ
3204 2486 3441 2570 οὐδαμοῦ
3465 2504 3564 2572 τῆς
3587 2505 3817 2575 Γραφῆς

2241 2587 2498 2658 κειμένην
2518 2587 2660 2641 οὕτω
2686 2592 2782 2659 τὴν
2811 2590 2992 2658 φωνὴν
3021 2590 3223 2662 ταύτην
3255 2585 3435 2662 εὖρον.

2311 2678 2366 2733 7.
2393 2680 2580 2733 Καίτοι
2611 2680 2901 2752 οὐδαμόθεν
2923 2676 3073 2745 οὗτος
3099 2682 3130 2752 ἢ
3162 2685 3225 2735 ἐκ
3254 2684 3351 2753 τῆς
3369 2684 3462 2737 τοῦ
3490 2685 3815 2758 Πνεύματος

2242 2771 2587 2837 διδασκαλίας
2619 2774 2892 2844 εἰληφέναι
2922 2774 3019 2838 τὰς
3046 2776 3410 2848 προσηγορίας
3441 2779 3644 2843 ταύτας
3680 2780 3818 2833 ἁλα-

2244 2861 2534 2926 ζονεύεται.
2560 2868 2770 2938 Μικρὸν
2809 2868 2917 2938 γὰρ
2950 2868 3097 2940 αὑτῷ
3126 2871 3240 2933 τοῖς
3283 2870 3589 2941 ἀνθρώποις
3623 2873 3815 2937 ἀγῶνα

2243 2956 2522 3026 παρέχειν,
2550 2959 2597 3010 εί
2633 2958 2705 3029 μὴ
2732 2959 2823 3013 καὶ
2846 2958 3007 3014 αὐτοῦ
3037 2962 3129 3015 τοῦ
3165 2962 3274 3031 (56)
3305 2963 3620 3032 Πνεῦμα-τος
3653 2981 3818 3017 κατα-

2240 3044 2549 3115 τολμήσειε.
2598 3047 2985 3120 Γεγεννηκέναι
3025 3052 3121 3121 μὲν
3159 3052 3267 3121 γὰρ
3302 3054 3389 3105 τὸν
3427 3054 3644 3123 Πατέρα
3685 3055 3817 3106 πολ-

2241 3133 2406 3205 λαχοῦ
2435 3137 2789 3209 δεδιδάγμεθα
2807 3158 2820 3170 ·
2845 3141 3089 3211 γέννημα
3108 3142 3165 3195 δὲ
3187 3139 3323 3195 εἶναι
3346 3144 3434 3197 τὸν
3452 3144 3575 3196 Υἱδν
3601 3146 3817 3199 οὐδέπω

2247 3227 2340 3280 καὶ
2364 3229 2604 3300 τήμερον
2627 3231 2960 3302 ἀκηκόαμεψ
2995 3231 3239 3288 Παιδίον
3272 3234 3402 3303 τὰρ,
3438 3237 3622 3304 φησὶν,
3649 3237 3819 3305 ἐγεν-

2243 3316 2396 3385 νήθη
2417 3319 2591 3387 ἡμῖν’
2622 3321 2753 3387 υἱὸς
2780 3323 2876 3375 καὶ
2896 3322 3073 3389 ἐδόθη
3108 3323 3277 3391 ἡμῖν’
3308 3325 3415 3392 (57)
3440 3326 3535 3378 καὶ
3567 3328 3820 3383 καλεῖται

2243 3412 2301 3462 τὸ
2331 3412 2499 3481 ὄνομα
2539 3413 2702 3467 αὑτοῦ
2733 3414 2852 3483 οὐχὶ
2891 3415 3152 3484 γέννημα,
3204 3414 3338 3466 ἀλλά
3361 3416 3643 3486 Μεγάλης
3666 3421 3819 3484 ,βου-

2243 3500 2359 3569 λῆς
2379 3504 2649 3573 ἅγγελος.
2675 3505 2862 3557 Καίτοι
2884 3504 3041 3575 εἴπερ
3059 3503 3118 3557 τὸ
3136 3504 3381 3575 γέννημα
3401 3508 3587 3572 οὐσίας
3602 3511 3816 3581 ὑπῆρχε

2246 3593 2592 3664 σημαντικὸν,
2614 3593 2712 3645 οὐκ
2736 3592 2801 3645 ἂν
2821 3594 3005 3665 ἕτερον
3018 3593 3189 3665 ὄνομα
3213 3596 3363 3666 παρὰ
3381 3596 3474 3649 τοῦ
3493 3599 3634 3651 Πνεύ
3643 3618 3819 3670 ματος

2242 3683 2628 3753 ἐδιδάχθημεν,
2669 3682 2701 3753 ἢ
2764 3684 2900 3753 ὅπερ
2944 3684 3205 3754 ἐμφανῶς
3253 3685 3351 3756 τὴν
3402 3686 3588 3739 οὐσίαν
3645 3691 3817 3743 αὐτοῦ

2244 3776 2511 3846 παριστᾷν
2541 3774 2751 3845 ἔμελλε.
2787 3775 2897 3828 Καὶ
2920 3776 3080 3830 πάλιν
3101 3778 3131 3831 δ
3153 3777 3376 3849 Πέτρος,
3412 3779 3443 3830 ὁ
3471 3778 3557 3831 διὰ
3590 3780 3687 3851 τὴν
3717 3783 3817 3852 τῆς

2238 3865 2497 3936 ἀληθείας
2520 3867 2813 3934 ἐπίγνωσιν
2846 3865 2954 3919 τῶν
2988 3868 3350 3938 μακαρισμῶν
3391 3869 3614 3926 ἐκείνων
3648 3873 3815 3937 ἀξιω-

2243 3958 2376 4022 θεὶς,
2405 3960 2505 4011 οὐκ
2551 3954 2702 4023 εἷπε,
2742 3958 2814 4011 Σὺ
2855 3955 2905 4012 εἶ
2951 3960 3013 4012 τδ
3057 3959 3332 4031 γέννημα·
3378 3960 3536 4029 ἀλλὰ,
3568 3966 3654 4019 Σὺ
3692 3963 3751 4021 εἴ
3785 3971 3819 4021 ὀ

2243 4051 2495 4121 Χριστὸς
2512 4054 2544 4104 ό
2565 4050 2693 4115 Υἱὸς
2715 4051 2821 4104 τοῦ
2848 4051 2993 4105 Θεοῦ
3017 4052 3119 4106 τοῦ
3146 4050 3375 4120 ζῶντος.
3403 4056 3513 4110 Καὶ
3535 4060 3563 4111 ὀ
3582 4058 3815 4123 Παῦλος,

2246 4147 2424 4198 πᾶσαν
2459 4144 2622 4198 αὑτοῦ
2656 4144 2752 4217 τὴν
2783 4147 2998 4217 γραφὴν
3025 4146 3123 4216 τῆς
3152 4145 3243 4199 τοῦ
3280 4146 3408 4201 Υἱοῦ
3444 4152 3818 4223 προσηγορίας

2248 4236 2704 4309 καταπληρώσας,
2732 4239 2966 4309 οὐδαμοῦ
2999 4241 3295 4310 φανήσεται
3322 4244 3657 4312 γεννήματος
3680 4260 3817 4312 μνηο

2249 4330 2545 4400 μονεύσας·
2571 4332 2706 4401 ὅπερ
2744 4329 2854 4399 (58)
2888 4326 3038 4392 οὗτος
3071 4334 3132 4383 ἐκ
3176 4330 3376 4400 πολλῆς
3416 4332 3513 4402 τῆς
3550 4333 3818 4403 πεποιθήο

2252 4437 2407 4482 σεως,
2439 4420 2514 4482 ὼς
2544 4423 2606 4472 ἐκ
2639 4419 2731 4471 τοῦ
2753 4420 2894 4471 θείου
2926 4419 3100 4471 λαϐὼν
3125 4420 3463 4473 διδασκαλίου
3499 4422 3633 4489 (59),
3680 4442 3816 4493 1:90-

582 4510 631 4563 ei
663 4510 1078 4577 permittendum
1106 4518 1303 4577 est,ut,
1333 4524 1482 4571 voce,
1513 4510 1714 4579 genuit,
1746 4524 1864 4578 qua:
1891 4509 1956 4563 de
1982 4507 2139 4563 Patre

2250 4512 2424 4581 φέρει.
2488 4510 2620 4562 Οὐδὲ
2647 4510 2754 4579 γὰρ
2788 4508 3019 4563 ἐνταῦθα
3065 4510 3442 4581 συγχωρητέον
3475 4512 3657 4583 αὐτῷ,
3692 4516 3810 4585 τὴν,

580 4599 797 4662 dicitur,
840 4608 1196 4653 transmutata
1228 4613 1291 4652 ac
1332 4598 1737 4661 transformata,
1774 4598 2003 4667 appellet
2045 4598 2136 4651 Dei

579 4689 775 4746 Filium
826 4693 1145 4762 genituram.
1196 4691 1307 4746 Non
1352 4691 1495 4745 enim
1543 4690 1795 4744 convenit
1854 4700 1912 4745 ut
1955 4692 2000 4745 is
2045 4689 2136 4759 qui

578 4783 760 4839 divluo
792 4783 981 4838 timore
1001 4784 1243 4839 eruditus
1279 4792 1381 4845 est,
1414 4782 1465 4835 in
1499 4782 1550 4835 id
1578 4780 1716 4850 quod
1753 4797 1818 4835 ex
1846 4781 2135 4836 verborum

577 4874 958 4927 consecutioue
1002 4874 1330 4943 apparuerit,
1376 4871 1537 4927 facile
1577 4872 1891 4926 transiliat:
1925 4872 2019 4926 sed
2074 4880 2135 4925 ut

650 5007 818 5064 “lsa.
844 5024 922 5072 ιι,
955 5007 1009 5064 6.
1085 5008 1127 5041 ³¹
1161 5008 1347 5063 Matth.
1378 5023 1486 5073 xvt,
1522 5008 1614 5063 16.

578 5127 806 5185 faciente
844 5130 1354 5200 cognationem.__Ex
1385 5145 1501 5200 quo
1541 5132 1599 5183 lit
1626 5140 1683 5183 ut
1710 5131 1900 5192 cuique
1945 5144 2129 5200 prom-

577 5212 725 5321 Btttltt
782 5199 853 5253 sit
894 5198 948 5253 εἰ
980 5199 1135 5253 facile
1170 5198 1437 5268 colligere,
1465 5198 1679 5254 Filium.
1726 5202 1769 5253 si
1804 5202 2009 5253 factura
2037 5198 2130 5261 sit,

618 5269 719 5321 atri
744 5269 1006 5321 aequalem
1033 5283 1138 5321 non
1164 5283 1285 5321 esse
1315 5289 1327 5321 :
1369 5270 1420 5321 id
1446 5270 1587 5321 uuod
1612 5270 1663 5321 iu
1693 5272 1882 5321 primis
1908 5271 2130 5321 suadere

618 5269 1006 5337 atriaequalem
1033 5283 1138 5321 non
1164 5283 1285 5322 esse
1315 5289 1327 5323 :
1369 5270 1420 5323 id
1446 5270 1587 5336 quod
1612 5270 1663 5321 iu
1693 5272 1882 5337 primis
1908 5271 2135 5323 suadere

576 5343 870 5392 conabatur
907 5338 1219 5403 Eunomius.

643 5408 752 5479 (35)
794 5409 971 5462 Codex
1000 5408 1151 5463 Colb.
1181 5407 1365 5459 οὐσίαν
1410 5406 1501 5460 τοῦ
1542 5405 1676 5458 Θεοῦ
1721 5407 2026 5478 σημαίνειν,
2065 5424 2142 5461 es-

570 5484 786 5531 sentiam
818 5479 935 5532 Dei.

643 5548 751 5615 (56)
784 5548 873 5602 Sic
903 5563 1031 5602 mss.
1058 5551 1251 5603 nostri.
1278 5548 1552 5602 Articulus
1586 5549 1634 5600 in
1667 5548 1825 5603 editis
1849 5551 2059 5602 deerat.

644 5618 919 5689 l37)_Edjti
943 5632 1062 5689 cunt
1100 5616 1228 5689 Reg.
1262 5620 1433 5689 primo
1473 5618 1624 5686 ἐδόθη
1657 5620 1806 5687 ἡμῖν,
1841 5616 1900 5672 οῦ
1928 5621 1959 5689 ἡ
1985 5620 2126 5689 ἀρχὴ

572 5685 663 5737 ἐπὶ
704 5687 796 5740 τοῦ
833 5686 982 5757 ὤμου
1004 5685 1200 5751 αὑτοῦ,
1234 5686 1401 5757 cujus_
1422 5685 1740 5751 principatus
1768 5706 1927 5754 super
1949 5685 2129 5741 hante;

572 5772 684 5809 rem
723 5757 855 5825 ejus.
885 5754 1000 5813 Sed
1033 5761 1114 5813 lla:
1143 5774 1320 5825 voces,
1350 5754 1409 5811 οὐ
1457 5758 1489 5825 ἡ
1536 5757 1675 5826 ἁρχὴ
1727 5758 1817 5810 ἐπὶ
1858 5756 1948 5810 τοῦ
1978 5757 2125 5826 ὤμου

2236 4602 2545 4669 ἐγέννησε,
2584 4601 2764 4673 φωνὴν
2814 4602 2905 4657 ἐπὶ
2948 4600 3042 4654 τοῦ
3082 4603 3294 4672 Πατρδς
3339 4603 3599 4674 κειμένην
3645 4624 3813 4675 μετα-

2241 4693 2622 4764 σχηματίζοντι
2649 4694 2743 4746 καὶ
2773 4692 3225 4763 μεταπλάσσοντι,
3260 4695 3507 4765 γέννημα
3540 4714 3815 4767 προσαγο-

2240 4787 2415 4855 ρεύειν
2431 4784 2519 4838 τὸν
2537 4784 2662 4836 my
2676 4784 2765 4837 τοῦ
2779 4783 2932 4839 Θεοῦ.
2948 4785 3021 4838 Οὐ
3039 4785 3146 4856 γὰρ
3156 4786 3292 4856 ὅπερ
3309 4785 3418 4856 (40)
3436 4786 3501 4839 ἂν
3516 4790 3580 4841 ἐκ
3594 4788 3693 4858 τῆς
3709 4789 3814 4841 τῶν

2236 4875 2496 4945 ῥημάτων
2526 4860 2841 4940 ἀκολουθίας
2889 4876 3252 4947 ὐποφαίνηται
3278 4876 3513 4941 εὐκόλως
3545 4880 3814 4951 ἐπιπηδᾷν

2239 5130 2431 5188 αὐτοῦ,
2460 5130 2653 5182 desunt
2706 5128 2760 5179 in
2791 5125 3190 5194 antiquioribus
3235 5125 3530 5186 codicibus,
3580 5140 3681 5177 nec
3724 5140 3812 5177 eas

2244 5204 2644 5271 agnovit‘vetus
2695 5195 3195 5271 interpres._.Qua1'e
3236 5196 3483 5263 suspicor
3520 5210 3811 5271 purump'u-

2245 5264 2353 5326 ιιῖιη
2383 5269 2806 5322 additamentum
2835 5279 2959 5317 esse
2991 5264 3334 5317 librariorum
3376 5282 3391 5317 :
3422 5278 3595 5329 eoque
3621 5266 3809 5328 magis,

2242 5341 2379 5409 quod
2406 5354 2561 5391 voces
2596 5336 2890 5404 peregrina:
2915 5334 2965 5387 in
2998 5331 3135 5403 Reg.
3162 5334 3338 5401 primo
3373 5348 3475 5387 non
3505 5347 3628 5385 raro
3662 5332 3807 5385 inre-

2244 5413 2481 5466 niautur.

2311 5481 2424 5547 (58)
2460 5480 2674 5547 Ὅπερ,
2695 5474 2831 5542 quod
2848 5490 3063 5547 nomen,
3092 5475 3350 5547 genitura:
3374 5473 3597 5547 scilicet.

2311 5540 2421 5620 (39)
2457 5540 3015 5620 Ειιιιὶδιδασκαλείου,
3046 5560 3107 5596 ea:
3129 5546 3311 5620 digitm
3334 5545 3531 5620 agitata,
3568 5555 3810 5620 noema-

2238 5613 2327 5675 le.'
2357 5624 2425 5673 At
2468 5634 2595 5671 mss.
2633 5618 2869 5685 plerique
2907 5629 3094 5667 omnes
3135 5613 3495 5675 διδασκαλίου,
3535 5630 3599 5666 ea:
3635 5614 3808 5664 divina

2237 5692 2495 5742 doctrina.

2310 5759 2421 5827 (.10)
2450 5746 2627 5811 Codex
2673 5771 2808 5810 ututs
2843 5754 2973 5807 Οὐδὲ
3008 5753 3115 5823 γὰρ
3152 5755 3306 5820 ὅπερ.
