4026 6440
228 374 335 429 589

1348 369 1708 424 ADVERSUS
1748 369 2117 426 EUNOMIUM
2160 372 2287 425 LIB.
2332 371 2394 426 ll.

3349 373 3452 428 590

223 485 362 540 ἀλλὰ
403 483 570 555 μόνην
617 485 715 554 τήν
762 483 894 552 πρὸς
938 483 1121 553 ἕτερον
1177 482 1355 550 σχέσιν
1406 482 1795 553 ἀποσημαίνει,

1915 485 2273 538 habitudinem
2331 491 2501 550 uolat,
2545 485 2596 539 id
2654 485 3014 540 substantiam
3067 499 3190 540 esse
3220 490 3452 553 sancire,

225 578 383 632 τοῦτο
415 577 596 629 οὐσίαν
630 573 766 629 εἶναι
799 576 1105 645 νομοθετεῖν
1152 576 1266 638 πῶς
1297 576 1356 626 οὐ
1406 577 1502 645 τῆς
1533 576 1793 628 ἀνωτάτω

226 669 608 741 παραπληξίας
641 668 788 732 ama;
823 668 1078 734 Καίτοιγε
1125 667 1315 737 μικρὸν
1351 667 1656 737 ἔμπροσθεν
1678 666 1790 733 (54)

228 762 500 815 ἐδείκνυτο
547 762 672 831 παρ’
706 760 881 831 ἡμῶν,
934 761 1014 812 ὅτι
1054 760 1145 810 καὶ
1177 760 1241 810 τὰ
1288 758 1659 828 ἀπολελυμένα
1688 759 1795 810 τῶν

228 851 525 922 ὀνομάτων,
555 850 656 903 κᾶν
683 852 750 902 τὰ
799 852 1032 920 μάλιστα
1060 850 1188 920 δοκῇ
1224 850 1580 919 ὑποκείμενόν
1613 867 1665 902 τι
1699 850 1796 918 δη-

229 943 377 1006 λοῦν,
408 943 508 994 οὐκ
539 944 708 1013 αὐτὴν
738 943 1034 1013 παρίστησι
1060 942 1156 1011 τὴν
1185 942 1390 1004 ουσίαν,
1443 939 1705 1012 ἰδιώματα
1741 942 1798 993 δέ

230 1052 351 1088 τινα
379 1036 507 1102 περὶ
538 1035 705 1102 αὐτὴν
732 1033 998 1104 ἀφορίζει.

305 1126 392 1182 i0.
430 1125 565 1178 Ἀλλ’
608 1127 635 1176 ὁ
684 1123 1009 1192 σοφώτατος,
1064 1125 1157 1177 καὶ
1201 1127 1320 1187 ταῖς
1369 1126 1799 1194 ματαιοτεχνίαις

232 1217 448 1272 ἅπαντα
491 1217 580 1270 τὸν
614 1215 726 1285 βίον
757 1215 1088 1285 ὲσχολακὼς,
1128 1217 1226 1268 οὐκ
1261 1216 1484 1287 ἐρυθριᾷ
1509 1217 1679 1288 αὐτὴν
1704 1217 1802 1286 τὴν

232 1311 422 1363 οὐσίαν
448 1307 558 1379 (55)
586 1306 677 1360 τοῦ
711 1307 1042 1375 Μονογενοῦς
1076 1308 1359 1377 σημαίνειν
1397 1309 1566 1375 λέγων
1595 1308 1654 1360 τὸ
1681 1307 1801 1374 γέν-

235 1417 404 1470 νημα.
436 1397 604 1448 Τοῦτο
634 1396 688 1448 δὲ
718 1397 846 1466 ὅσην
873 1395 967 1466 τὴν
1008 1397 1232 1449 ἀτοπίαν
1265 1396 1398 1465 ἔχει,
1435 1397 1705 1448 σκοπεῖτε.
1736 1396 1798 1446 Εί

235 1493 348 1562 γὰρ
375 1494 405 1560 ἡ
444 1489 603 1542 οὐσία
632 1489 896 1558 γέννημα,
927 1489 1021 1541 καὶ
1055 1488 1336 1548 ἀνάπαλιν,
1374 1489 1501 1539 εἴτι
1538 1486 1801 1555 γέννημα,

236 1583 395 1636 τοῦτο
448 1581 640 1632 οὐσία·
695 1579 955 1650 ὁμοούσια
1005 1579 1074 1631 τὰ
1118 1580 1431 1647 γεννήματα
1481 1579 1658 1630 πάντα
1694 1578 1803 1646 (ὃὸ)

235 1667 484 1736 ἀλλήλοις
513 1665 682 1719 ἔσται.
715 1667 806 1717 Ἐκ
829 1665 892 1734 δὴ
918 1665 1100 1716 τούτου
1119 1663 1168 1714 τί
1200 1661 1530 1732 συμϐήσεται
1556 1661 1693 1714 κατὰ
1717 1662 1804 1713 τὸν

235 1757 429 1811 τούτου
473 1757 664 1824 λόγον;
727 1759 785 1808 ’0
829 1753 1154 1826 δημιουργὸς
1205 1753 1311 1805 τῶν
1353 1755 1488 1806 ὅλων
1523 1757 1654 1807 πᾶσι
1694 1755 1805 1814 τοῖς

1897 589 1960 626 an
1991 588 2094 627 non
2131 589 2355 629 summae
2384 577 2634 629 amentiae
2663 575 2784 628 est?
2820 575 2981 644 Atqui
3013 575 3171 645 paulo
3206 579 3454 647 superius

1895 686 1925 725 a
1957 671 2110 726 uobis
2131 671 2561 728 demonstratum
2593 682 2695 734 est,
2739 671 2980 726 absoluta
3010 671 3171 724 etiam
3210 674 3452 737 nomina,

1894 765 2102 819 etiamsi
2161 767 2395 818 maxime
2465 763 2764 831 subjectum
2837 765 3092 834 quiddam
3144 764 3455 835 significare

1894 856 2197 920 videantur,
2233 871 2336 909 non
2370 865 2551 911 tamen
2585 858 2936 912 substantiam
2971 859 3137 926 ipsam
3178 858 3452 922 exhibere,

1897 948 1988 1001 sed
2013 947 2369 1016 proprietates
2398 948 2660 1016 quasdam
2697 949 2841 1002 circa
2878 949 3046 1018 ipsam
3081 951 3378 1019 designare.

1974 1124 2060 1178 10.
2105 1123 2208 1179 Sed
2243 1125 2672 1193 sapientissimus
2701 1128 2826 1191 'ille,
2855 1130 2945 1197 qui
2982 1129 3032 1183 in
3062 1131 3215 1183 vanis
3245 1130 3455 1183 artibus

1903 1215 2065 1267 vitam
2111 1223 2274 1267 totam
2307 1216 2659 1284 consumpsit,
2695 1217 2876 1270 dicere
2906 1232 3011 1270 non
3042 1218 3330 1280 erubescit,
3362 1233 3455 1284 ge—

1901 1305 2078 1358 nitura
2102 1305 2458 1359 substantiam
2487 1306 2654 1373 ipsam
2681 1303 2952 1374 Uuigeniti
2977 1307 3286 1378 signiﬁcari.
3310 1307 3461 1372 Quod

1902 1409 2061 1462 quam
2115 1393 2406 1449 absurdum
2441 1396 2528 1458 sit,
2558 1411 2760 1465 quaeso,
2790 1397 3217 1450 animadvertite.
3251 1396 3462 1450 Etenim

1905 1487 1949 1540 si
2004 1487 2303 1542 substantia
2354 1487 2596 1556 genitura
2643 1489 2734 1553 sit,
2784 1497 2838 1541 et
2877 1487 2990 1542 vice
3037 1502 3212 1551 versa,
3243 1487 3287 1542 si
3319 1490 3462 1557 quod

1905 1575 2150 1644 genitura
2210 1584 2311 1637 est,
2357 1577 2459 1630 hoc
2508 1575 2807 1630 substantia
2854 1577 2944 1640 sit,
2987 1577 3245 1644 genitura:
3274 1590 3465 1630 omnes

1905 1675 2065 1719 erunt
2106 1668 2245 1719 inter
2285 1681 2343 1719 se
2383 1662 2893 1720 cousubstauliale‘s.
2931 1667 3065 1721 Hine
3105 1667 3213 1735 iam
3273 1681 3467 1722 secun-

1907 1757 2030 1810 dum
2086 1755 2243 1823 hujus
2296 1756 2554 1808 rationem
2599 1757 2726 1824 quid
2790 1758 3038 1814 eveniet?
3095 1757 3467 1827 Comperietur

237 1848 542 1918 γεννήσεως
583 1845 927 1917 μετειληφόσι
962 1845 1058 1914 τὴν
1090 1845 1260 1915 αὐτὴν
1293 1845 1430 1914 ἔχων
1462 1845 1648 1897 οὐσίαν
1676 1845 1803 1897 ἀνα-

1915 1846 2276 1900 universorum
2305 1846 2492 1915 Opifex
2520 1847 2765 1902 eamdem
2799 1861 2920 1902 cum
2950 1851 3202 1904 omnibus
3233 1864 3466 1921 genera-

239 1941 558 2009 φανήσεται.
596 1939 668 1991 Οὐ
699 1938 804 2007 γὰρ
826 1938 888 2007 δὴ
918 1937 1009 1988 ἐπὶ
1036 1936 1132 2006 μὲν
1160 1936 1254 1988 τοῦ
1281 1936 1408 1989 Υἱοῦ
1439 1938 1623 1990 οὐσίαν
1649 1939 1806 2006 φήσει

241 2029 526 2101 σημαίνειν
553 2029 612 2080 τὸ
648 2027 913 2096 γέννημα,
944 2027 1034 2078 ἐπὶ
1063 2026 1117 2078 δὲ
1160 2027 1266 2078 τῶν
1299 2027 1498 2079 λοιπῶν
1528 2026 1633 2077 τῶν
1678 2043 1806 2095 μετ-

238 2125 471 2193 εχόντων
515 2120 778 2188 γενέσεως
824 2120 1003 2173 οὐκέτι
1045 2121 1141 2189 τήν
1168 2120 1335 2190 αὐτὴν
1361 2121 1565 2172 ἔννοιαν
1598 2118 1809 2172 ἀποσώ-

241 2215 358 2279 ζειν
388 2215 517 2284 (57).
558 2213 708 2265 Ἐπεὶ
739 2213 945 2281 λεγέτω
975 2214 1095 2266 τινὰ
1123 2216 1298 2268 αἰτίαν
1343 2215 1484 2282 mei}
1524 2213 1616 2265 καὶ
1650 2215 1808 2266 ἀναν-

239 2308 497 2377 τίρρητον
530 2305 622 2357 τοῦ
655 2307 750 2376 τὴν
780 2306 945 2376 αὐτὴν
977 2307 1341 2378 προσηγορίαν
1373 2305 1444 2374 μὴ
1479 2307 1569 2358 ἐπὶ
1595 2305 1809 2359 πάντων

242 2398 444 2468 ὁμοίως
472 2396 532 2449 τὺ
562 2398 671 2450 ἴσον
705 2397 976 2450 δύνασθαι.
1021 2397 1156 2447 Ἀλλ’
1191 2399 1286 2448 οὐκ
1312 2395 1374 2450 ἂν
1407 2397 1538 2467 ἔχοι.
1578 2400 1673 2452 Ὃν
1701 2399 1810 2470 γὰρ

243 2489 312 2540 ἂν
368 2490 630 2562 ἐπινοήσῃ
659 2489 767 2558 (58)
829 2489 1160 2558 γεννήματος
1215 2487 1388 2556 λόγον,
1443 2484 1594 2554 οὗτος
1651 2493 1812 2542 πᾶσιν

243 2579 448 2648 ὁμοίως
493 2583 604 2642 τοῖς
656 2581 929 2646 γεννητοῖς
972 2580 1288 2648 ἐφαρμόσει.
1329 2581 1598 2647 Μέγιστον
1631 2581 1686 2633 δὲ
1729 2599 1814 2633 τε-

247 2672 481 2741 κμήριον
518 2673 614 2740 τῆς
658 2669 912 2739 ἀληθείας
958 2669 1051 2720 τοῦ
1099 2669 1254 2737 λόγου
1294 2673 1326 2741 ή
1371 2671 1533 2724 αὑτοῦ
1586 2672 1812 2724 ἑκάστου

249 2761 358 2812 τῶν
383 2760 685 2812 ἀκουόντων
708 2758 933 2813 διάνοια.
982 2759 1265 2830 Ἐρωτάτω
1298 2760 1405 2830 γὰρ
1434 2761 1660 2824 ἕκαστος
1688 2763 1812 2812 ὲαυ-

247 2855 362 2918 τὸν,
397 2851 615 2905 ἐπειδὰν
645 2849 848 2922 ἀκούσῃ
874 2851 1004 2921 (59),
1049 2851 1104 2902 '0
1138 2851 1282 2903 δεῖνα
1314 2851 1404 2903 τοῦ
1437 2852 1604 2913 δεῖνος
1629 2851 1816 2919 γέννη-

254 2960 352 3011 μα,
393 2940 509 2993 τίνα
568 2938 770 2993 ἔννοιαν
807 2940 1147 2992 ὲντυποῦται.
1177 2936 1320 3010 Ἀρα
1364 2942 1440 2992 ὅτι
1475 2941 1503 2991 ὁ
1543 2940 1816 3010 γεννηθεὶς

250 3032 409 3084 οὐσία
451 3030 542 3083 τοῦ
584 3031 968 3102 γεγεννηκότος
995 3031 1173 3094 ὲστίν;
1221 3032 1290 3083 Ἦ
1325 3031 1480 3082 τοῦτο
1510 3030 1606 3099 μὲν
1645 3049 1815 3084 κατα-

250 3124 532 3192 γέλαστον,
564 3123 736 3173 ἐκεῖνο
762 3122 817 3173 δὲ
845 3121 1059 3192 ἀληθὲς,
1091 3122 1171 3173 ὅτι
1203 3121 1326 3188 παρ’
1357 3119 1516 3172 αὑτοῦ
1548 3121 1816 3190 γεννητῶς

252 3218 332 3278 είς
366 3214 428 3266 τὸ
465 3209 614 3266 εἶναι
648 3213 922 3284 παρήχθη.
955 3212 1121 3264 Τοῦτο
1165 3211 1343 3261 τοίνυν
1384 3212 1583 3279 ὁμοίως
1622 3212 1711 3264 ἐπί
1756 3231 1814 3265 τε

253 3309 348 3360 τοῦ
377 3308 486 3376 (60)
517 3305 850 3373 Μονογενοῦς
892 3304 985 3356 καὶ
1017 3305 1100 3369 ἐφ’
1142 3302 1447 3357 οὑτινοσοῦν
1492 3305 1598 3357 τῶν
1631 3323 1818 3376 γεννη-

256 3399 458 3451 Θέντων
494 3397 722 3465 ἁρμόσει
753 3395 1022 3461 λέγεσθαι.
1056 3395 1164 3448 Καὶ
1195 3395 1378 3465 μηδεὶς
1411 3396 1618 3466 (ἐπειδὴ
1643 3397 1815 3448 κοινὸν

255 3488 316 3540 τὸ
341 3486 439 3554 τῆς
470 3485 722 3552 σχέσεως)
753 3484 1067 3555 καθαίρεσιν
1094 3482 1231 3539 εἷναι
1278 3489 1376 3556 τῆς
1410 3487 1562 3552 ἀξίας
1589 3487 1680 3539 τοῦ
1707 3488 1818 3538 Μο-

255 3574 504 3644 νογενοῦς
527 3575 808 3644 νομιζέτω.
837 3577 910 3629 υὺ
942 3577 1049 3648 γὰρ
1077 3579 1132 3629 ὲν
1159 3577 1234 3644 τῷ
1264 3577 1397 3646 πρός
1439 3577 1488 3627 τί
1533 3595 1647 3638 πως
1677 3576 1816 3646 ἔχειν

259 3672 292 3739 η
325 3666 556 3736 διαφορὰ
591 3667 668 3738 τῷ
700 3668 810 3739 ΥΞῴ
843 3669 976 3739 πρὸς
1009 3669 1073 3720 τὰ
1099 3668 1249 3731 ἄλλα,
1283 3669 1395 3720 ἀλλ’
1423 3671 1479 3722 ἐν
1504 3670 1568 3737 τῇ
1599 3669 1816 3738 ἰδιότητι

258 3759 355 3827 τῆς
389 3758 571 3820 οὐσίας
660 3759 897 3828 ὑπεροχὴ
925 3757 1016 3809 τοῦ
1061 3756 1192 3808 (ν)εοῦ
1235 3757 1370 3826 πρὸς
1399 3758 1465 3809 τὰ
1508 3756 1674 3828 θνητὰ
1703 3759 1808 3810 δια⁹

259 3851 527 3918 φαίνεται.
562 3852 816 3902 Σκοπεῖτε
861 3851 1039 3919 μέντοι
1067 3851 1166 3902 ποῦ
1195 3851 1289 3919 τῆς
1318 3850 1543 3911 ἀτοπίας
1567 3853 1594 3902 ὁ
1617 3850 1818 3904 τούτων

258 3943 415 4009 λόγος
447 3942 684 4011 ἐκφέρει.
717 3942 775 3992 Εἰ
806 3942 865 3992 τὺ
890 3941 1127 4010 γέννημα
1157 3941 1342 4009 ἐτέρου
1387 3941 1599 4008 λέγεται
1632 3943 1820 4012 γέννη-

264 4050 360 4103 μα,
390 4031 463 4093 ὡς
485 4034 518 4100 ἦ
550 4050 606 4084 τε
634 4031 782 4101 κοινὴ
815 4030 1069 4098 συνήθεια
1095 4030 1316 4098 βεϐαιοῖ,
1350 4032 1441 4082 καὶ
1482 4033 1652 4096 οὐδεὶς
1696 4035 1819 4086 ἀντ-

259 4121 397 4188 ερεῖ,
421 4119 584 4170 ταυτὸ
606 4120 662 4171 δὲ
691 4119 845 4172 τοῦτο
879 4118 971 4170 καὶ
998 4119 1089 4169 ἐπὶ
1104 4118 1194 4169 τοῦ
1216 4119 1342 4169 1⁸ίοῦ
1373 4121 1481 4185 ((51)
1510 4121 1692 4173 ουσίαν
1726 4139 1821 4192 ση·

265 4213 442 4282 μαίνει
476 4211 613 4262 κατά
641 4212 730 4264 τὸν
769 4212 970 4263 τούτων
1003 4210 1185 4277 λόγον·
1215 4211 1420 4262 ἐκείνου
1466 4211 1612 4263 ἔσται
1645 4214 1817 4279 ουσία,

260 4296 323 4358 οὗ
371 4303 463 4355 καὶ
500 4301 741 4371 γέννημα
770 4302 1007 4369 λέγεται.
1043 4303 1230 4354 Ἔσται
1265 4303 1439 4354 τοίνυν
1466 4307 1527 4355 ἐκ
1559 4305 1655 4372 τῆς
1695 4307 1821 4357 ἀκο-

262 4395 481 4457 λουθίας
505 4395 706 4466 ταύτης
741 4394 921 4446 οὐκέτι
959 4393 1052 4444 τοῦ
1083 4394 1414 4462 Μονογενοῦς
1437 4395 1533 4464 τήν
1557 4396 1742 4448 ουσίαν
1785 4398 1818 4468 ή

1909 1939 2108 1992 tionem
2165 1937 2617 2007 participautibus
2671 1939 3031 1993 substantiam
3077 1940 3302 1995 habere.
3358 1940 3469 1994 Nec

1907 2030 2052 2084 enim
2102 2029 2344 2083 dicturus
2371 2039 2454 2083 est
2487 2031 2790 2100 genituram
2843 2032 2896 2085 in
2935 2031 3071 2086 Filio
3113 2032 3470 2086 substantiam

1908 2120 2234 2190 significare,
2269 2122 2319 2173 in
2363 2120 2584 2190 reliquis
2631 2135 2760 2176 vero
2799 2122 3161 2191 generationis
3195 2121 3468 2192 participi-

1909 2211 2010 2266 bus
2037 2226 2139 2264 nou
2173 2211 2419 2264 eamdem
2463 2213 2696 2280 amplius
2735 2215 3005 2268 notionem
3037 2216 3289 2268 retinere.
3319 2214 3468 2267 Alio-

1907 2300 1998 2368 qui
2029 2300 2265 2370 proferat
2288 2299 2486 2353 claram
2521 2301 2806 2368 quamdam
2834 2315 3053 2354 causam
3088 2301 3172 2353 cui
3207 2315 3311 2353 non
3347 2314 3472 2366 pos-

1913 2394 1984 2447 sit
2019 2391 2339 2453 contradici,
2371 2407 2468 2446 cor
2495 2391 2780 2460 appellatio
2809 2393 2995 2446 eadem
3043 2391 3283 2446 eamdem
3318 2389 3470 2443 sitni-

1912 2483 2036 2536 liter
2059 2483 2110 2536 iu
2145 2483 2396 2535 omnibus
2436 2482 2541 2534 vim
2575 2496 2677 2534 nou
2726 2480 2940 2535 habeat.
2972 2481 3040 2532 At
3067 2487 3213 2532 certe
3244 2490 3349 2530 non
3375 2489 3470 2543 po-

1914 2574 2058 2626 terit.
2089 2572 2472 2640 Quamcuuque
2516 2570 2660 2624 enim
2703 2571 2960 2640 geniturae
2998 2570 3259 2623 rationem
3314 2580 3474 2621 exco-

1915 2663 2182 2732 gitaverit,
2234 2677 2294 2716 ea
2333 2661 2582 2716 omnibus
2627 2662 2876 2717 similiter
2936 2659 3130 2730 genitis
3193 2667 3472 2727 congruet.

1918 2753 2111 2807 Verum
2153 2764 2332 2805 autem
2383 2767 2504 2806 esse
2551 2753 2690 2821 quod
2726 2753 2979 2814 dicimus,
3009 2751 3060 2804 id
3093 2752 3234 2818 quod
3281 2750 3476 2816 cuique

1915 2844 2243 2898 audientium
2303 2844 2353 2896 in
2403 2853 2635 2898 mentem
2682 2845 2848 2909 venit,
2914 2844 3205 2898 maximum
3262 2841 3473 2912 signum

1915 2943 2019 2990 est.
2084 2935 2382 3004 luterroget
2442 2935 2587 2992 enim
2633 2936 3009 3005 unusquisque
3071 2935 3330 3002 scipsutn,
3384 2929 3473 2984 ubi

1917 3027 2190 3081 audierit:
2223 3026 2319 3081 llic
2370 3027 2527 3096 hujus
2559 3029 2806 3097 genitura
2844 3037 2946 3091 est,
2974 3026 3101 3095 quid
3139 3025 3318 3078 animo
3347 3038 3480 3077 cou-

1923 3116 2108 3185 cipiat.
2147 3114 2281 3169 Num
2322 3116 2524 3185 cogitat
2564 3117 2801 3183 genitum
2839 3115 3097 3185 genitoris
3123 3113 3482 3169 substantiam

1919 3207 2084 3264 esse?
2117 3207 2295 3272 Certe,
2325 3218 2380 3262 ut
2408 3209 2510 3262 hoc
2544 3209 2827 3264 ridiculum
2857 3217 2960 3274 est,
3001 3207 3072 3262 ita
3106 3206 3235 3262 illud
3266 3220 3480 3266 verum,

1917 3303 2059 3372 quod
2094 3302 2160 3355 ab
2198 3316 2264 3356 eo
2301 3317 2394 3370 per
2425 3302 2792 3370 generationis
2835 3302 3049 3356 modum
3093 3298 3158 3352 ad
3201 3313 3312 3352 esu
3349 3312 3478 3365 pro-

1916 3392 2108 3447 ductus
2145 3392 2233 3446 sit.
2272 3391 2381 3446 Hoc
2413 3395 2592 3462 itaque
2641 3408 2737 3461 par
2787 3392 2950 3446 fuerit
2997 3390 3250 3445 simiiiter
3304 3398 3360 3442 et
3413 3389 3482 3441 de

1919 3483 2206 3555 Uuigenito
2237 3484 2374 3538 etde
2401 3498 2724 3554 quocunque
2757 3484 2937 3555 genito
2969 3483 3169 3537 dicere.
3204 3481 3268 3535 Et
3299 3495 3477 3542 nemo,

1920 3580 2172 3647 quoniam
2203 3575 2506 3631 communis
2543 3576 2761 3632 habitus
2813 3584 2918 3639 est,
2955 3572 3224 3643 Uuigeniti
3255 3571 3481 3640 dignita-

1921 3682 2025 3725 tem
2064 3671 2266 3725 destrui
2296 3669 2586 3723 existimet.
2621 3667 2735 3722 Non
2766 3669 2910 3722 enim
2942 3666 3109 3721 Filius
3140 3666 3192 3720 in
3214 3679 3279 3721 eo
3306 3663 3482 3720 diﬂ‘ert

1918 3761 1986 3814 ab
2021 3761 2164 3824 aliis,
2193 3759 2336 3828 quod
2385 3772 2503 3813 sese
2549 3759 2613 3812 ad
2654 3758 2855 3827 aliquid
2881 3769 3028 3814 certo
3054 3758 3298 3827 quodam.
3322 3756 3481 3808 modo

1919 3853 2116 3908 habeat
2143 3869 2158 3904 :
2186 3851 2278 3906 sed
2312 3851 2401 3904 Dei
2437 3851 2742 3920 pmstautia
2778 3865 2881 3919 qua
2912 3864 2997 3904 res
3029 3846 3283 3902 mortales
3315 3861 3477 3911 supe-

1921 3953 2026 4009 rat,
2060 3944 2112 3997 ia
2156 3942 2474 3998 substantia:
2519 3941 2853 4012 proprietate
2893 3939 3209 3996 ostenditur.
3241 3938 3304 3991 At
3346 3951 3480 3990 cou-

1921 4037 2151 4090 siderate
2177 4035 2243 4089 ad
2267 4049 2424 4104 quam
2448 4033 2696 4104 ineptiam
2728 4032 2971 4088 doctrina
3003 4033 3194 4086 horum
3223 4029 3477 4084 deducat.

1922 4128 1979 4182 Si
2007 4129 2272 4198 genitura,
2299 4127 2518 4182 alterius
2551 4127 2792 4196 genitura
2828 4128 3058 4189 dicatur,
3095 4125 3306 4178 sicutet
3330 4137 3480 4175 com-

1923 4217 2432 4272 munisconsuetudo
2449 4219 2865 4282 conlirmat,nec
2897 4217 3174 4283 quisquam
3209 4211 3480 4266 contradi-

1921 4310 2157 4371 cct,h:ec
2188 4311 2295 4378 ipsa
2329 4320 2504 4361 autem
2533 4311 2771 4377 genitura
2807 4311 2856 4362 in
2880 4308 3013 4362 Filio
3045 4320 3257 4375 quoque
3285 4319 3482 4360 secun-

1922 4398 2045 4453 dum
2062 4401 2248 4454 horum
2264 4401 2555 4454 doctrinam
2572 4400 2921 4454 substantiam
2939 4401 3220 4471 significet,
3238 4399 3484 4454 substan-

263 4485 357 4536 τοῦ
391 4487 724 4556 γεννήματος
756 4483 1089 4556 προσηγορία
1136 4487 1487 4554 σημαίνουσα,
1519 4489 1652 4558 ὅπερ
1679 4485 1812 4542 οὗτοι

1927 4492 1994 4545 tia
2018 4491 2118 4545 erit
2141 4490 2462 4562 illius,cujus
2489 4496 2726 4564 genitura
2748 4495 2956 4549 dicitur.
2974 4494 3135 4565 246
3151 4495 3220 4547 Ex
3249 4494 3348 4547 hac
3382 4494 3483 4544 ita-

268 4575 562 4653 βιάζονται,
595 4577 727 4628 ἀλλὰ
763 4575 852 4628 τοῦ
879 4573 1012 4625 Θεοῦ
1044 4574 1156 4627 τῶν
1177 4575 1329 4630 ὅλων.
1367 4577 1427 4627 ΕΞ
1454 4578 1558 4645 γὰρ
1587 4579 1680 4646 οὐχ
1714 4573 1822 4633 οἷόν

265 4687 322 4721 τε
350 4669 532 4726 ἕτερον
562 4669 657 4738 μέν
681 4686 730 4721 τι
763 4669 860 4738 τὴν
889 4668 1073 4720 οὐσίαν
1120 4669 1278 4732 νοεῖν,
1310 4668 1491 4738 ἕτερον
1521 4668 1576 4720 δέ
1609 4687 1657 4719 τι
1695 4673 1822 4740 παρ’

342 4860 453 4933 (54)
487 4859 702 4933 Editi'ct
734 4863 864 4930 Reg.
901 4869 1090 4933 sextus
1129 4862 1318 4914 Καίτοι
1369 4863 1562 4932 μικρὸν
1607 4861 1815 4932 ἐμπρο-

270 4931 415 4990 σθεν.
447 4931 545 4983 Alii
576 4934 808 5000 quinque
841 4940 1055 5000 msstttt
1081 4931 1130 4982 in
1159 4931 1433 4985 contextu.

343 5003 456 5074 (55)
488 5001 660 5054 Editio
708 4999 930 5074 nt_raqne
957 4999 1161 5074 Paris.
1217 5010 1270 5054 et
1300 5001 1452 5074 _Veu.
1507 5018 1627 5054 cum
1662 5000 1817 5074 ΔΙιιξξζ.

269 5070 461 5145 quinto
504 5081 557 5145 et
588 5070 889 5145 cum-Colb.
919 5072 1015 5145 τὴν
1045 5070 1248 5145 ουσίαν.
1298 5071 1442 5124 Reaii
1472 5071 1740 5145 secundus
1768 5081 1822 5125 et

274 5139 468 5199 tertius
494 5140 592 5212 τὴν
623 5139 938 5212 ὑπόστασιν.
969 5139 1023 5192 lu
1077 5140 1205 5208 Reg.
1235 5149 1426 5207 quarto
1472 5141 1520 5191 iu
1564 5152 1819 5212 contextu

275 5215 468 5276 legitur
488 5210 586 5282 τῆν
638 5210 982 5282 ὑπόστασινς
1032 5212 1082 5282 in
1132 5212 1370 5282 margine
1414 5223 1539 5282 vero
1573 5212 1707 5282 τὴν(
1737 5211 1827 5262 οὺ-

276 5285 418 5336 σίαν.
455 5278 578 5334 nam
617 5293 790 5335 autem
827 5278 1113 5332 verisimile
1148 5279 1224 5342 ﬁt,
1257 5279 1540 5346 scripsisse
1572 5278 1822 5332 Basiliam

275 5354 373 5422 τὴν
399 5351 716 5414 ὑπόστασιν,
751 5350 1066 5422 hypostasint
1110 5347 1373 5416 Uuigeniti
1423 5361 1443 5398 :
1482 5363 1662 5422 vocem
1698 5365 1824 5422 vero

275 5418 464 5476 οὐσίαν
527 5422 753 5488 primunt
790 5418 845 5474 in
902 5419 1139 5482 margine
1198 5421 1486 5488 ascriptum
1543 5419 1712 5474 fuisse
1759 5418 1826 5471 ab

279 5495 484 5560 aliquo,
525 5487 614 5559 qui
665 5505 882 5543 mouere
933 5490 1108 5550 vellet,
1142 5504 1326 5541 vocem
1378 5487 1672 5541 ὑπόστασιν
1723 5506 1826 5543 nou

281 5566 367 5617 hic
393 5561 577 5613 stricte
612 5561 750 5613 sumi
805 5574 899 5627 pro
946 5560 1253 5628 hypostasi,
1293 5574 1384 5610 seu
1430 5573 1524 5626 pro
1576 5573 1827 5626 persona,

281 5635 374 5686 sed
410 5631 654 5695 usurpari
697 5630 882 5683 latiore
908 5627 1091 5689 sensu,
1123 5627 1371 5680 videlicet
1406 5643 1501 5694 pro
1555 5631 1665 5695 ipsa
1698 5633 1821 5681 sub-

283 5703 504 5755 stantia.
548 5697 673 5750 Utut
699 5701 810 5758 hzee
845 5708 988 5763 sunt,
1029 5699 1155 5752 nihil
1186 5697 1236 5750 in
1267 5708 1518 5752 contextu
1552 5699 1830 5753 immutan-

283 5777 407 5826 dum
431 5767 749 5824 censuimus.

1927 4596 2031 4649 qne
2056 4584 2432 4638 consecutioue
2465 4584 2792 4646 couﬁcietnr,
2828 4595 2884 4638 ut
2914 4586 3169 4651 geniturae
3202 4583 3485 4651 appellatio

1940 4688 2044 4725 non
2090 4675 2324 4741 amplius
2382 4675 2648 4742 Uuigeniti
2703 4677 3060 4729 substantiam
3120 4673 3408 4742 signiticet,
3433 4675 3484 4725 id

2001 4845 2110 4921 (56)
2147 4845 2277 4916 Reg.
2320 4859 2542 4917 quartus
2591 4851 2848 4921 ὁμοούσια
2892 4848 2959 4900 τὰ
3009 4848 3489 4921 γεννητάίπάντα,

1931 4920 2106 4970 omnia
2161 4934 2480 4990 quwcuuque
2530 4920 2774 4990 generata
2835 4928 2977 4980 sunt,
3045 4929 3194 4990 erunt
3236 4920 3381 4990 inter
3433 4936 3487 4970 se

1930 4987 2414 5041 consubstantialia}
2451 4987 2646 5044 Ibidem
2684 5005 2812 5043 mss.
2851 4999 3080 5056 quatuor
3109 4989 3201 5040 Ἐκ
3230 4987 3309 5043 δέ.
3347 4988 3492 5041 Editi

1930 5071 2181 5128 continuo
2211 5074 2336 5111 mss.
2384 5061 2475 5112 Ἐκ
2494 5060 2577 5128 δή.

2000 5127 2111 5194 (57)
2146 5127 2324 5182 Codex
2356 5147 2490 5184 unus
2519 5127 2908 5182 ἀναποσώσειν.

2002 5197 2111 5271 (ᾇξι)
2140 5197 2272 5271 Beg.
2305 5201 2492 5271 tertius
2527 5200 2589 5271 ἂν
2617 5201 2926 5271 ἐπινοήσῃς.

2001 5267 2111 5340 (59)
2139 5263 2274 5340 Editi
2300 5270 2435 5322 ἐπὰν
2459 5269 2667 5340 ἀκούσῃ
2719 5263 2799 5340 At
2822 5263 2948 5340 ιιῖεε.
2981 5263 3449 5340 {ﬁatﬁat/exotica.

2002 5328 2114 5405 (60)
2149 5339 2370 5392 Codices
2401 5339 2604 5408 aliquot
2634 5328 2726 5392 ἕπξ
2756 5356 2814 5390 τε
2836 5338 2946 5392 τοῦ.
2982 5336 3118 5389 Editi
3145 5335 3238 5408 ἐπὶ
3266 5333 3379 5387 τοῦ.

2005 5409 2112 5477 (61)
2157 5408 2326 5462 Voces
2369 5408 2490 5473 illae,
2526 5409 2618 5462 ἐπὶ
2643 5409 2737 5462 τοῦ
2789 5408 2935 5470 Υίοῦ,
2973 5421 3076 5458 non
3120 5407 3490 5477 solutuerasm

1933 5474 2056 5531 sunt
2078 5474 2131 5532 in
2167 5479 2297 5545 lleg.
2328 5479 2504 5540 tertio,
2535 5486 2626 5533 sed
2656 5482 2875 5532 oumiuo
2913 5479 3108 5530 desunt
3139 5476 3193 5530 iu
3234 5474 3357 5545 aliis
3388 5477 3486 5525 tri-

1935 5550 2035 5603 bus
2069 5544 2343 5623 codicibus
2389 5549 2574 5623 itidem
2603 5549 2803 5623 itegiis
2840 5567 2850 5598 :
2889 5558 3064 5623 tamen
3117 5561 3210 5623 eas
3267 5544 3488 5623 retinni-

1936 5634 2072 5680 tuus,
2106 5620 2245 5685 quod
2275 5619 2325 5671 in
2355 5619 2472 5674 aliis
2521 5613 2740 5676 totidem
2773 5634 2898 5674 mss.
2931 5624 2985 5672 et
3022 5616 3072 5672 in
3118 5613 3395 5686 impressis
3426 5613 3492 5669 ti.-

1934 5691 2043 5744 bris
2068 5689 2332 5759 legantur.
