4026 6478
264 427 369 484 593

1339 418 1707 474 Αυγιιῐιευε
1745 418 2105 475 EChOMlUM
2147 421 2270 474 LIB.
2314 421 2372 474 Il.

3366 421 3472 477 596

258 543 612 618 γεγεννῆσθαι
643 541 775 612 (67),
824 539 1018 609 μᾶλλον
1059 538 1113 590 δὲ
1154 538 1310 590 αὐτὸν
1353 536 1441 589 τὸν
1477 536 1632 588 Υἱόνι
1671 534 1818 588 οὐδὲν

1936 537 2217 590 substantia
2253 537 2464 604 accipit,
2505 535 2753 603 dicetque
2805 534 3038 604 genitam
3074 534 3239 589 fuisse
3287 550 3350 588 ex
3392 537 3472 590 ni-

259 638 371 707 γὰρ
401 635 643 703 διαφέρει
683 631 816 703 πρός
858 646 921 698 γε
970 629 1136 698 αὐτὴν
1178 627 1275 698 τὴν
1320 627 1555 680 διάνοιαν
1577 623 1814 694 οὖτωςῆ

261 725 404 779 οὕτω
447 724 624 791 λέγειν
647 738 660 752 ο
709 720 922 793 πρῶτον
951 719 1048 789 μὲν
1072 718 1260 787 χρόνον
1292 713 1543 788 [χρόνων]
1571 714 1818 786 δεύτερον

259 817 487 874 τίθεται,
530 815 579 866 εί
619 812 675 865 δὲ
715 811 910 882 βούλει,
942 809 1034 863 καὶ
1073 808 1302 874 αἰώνων,
1347 809 1434 860 τὸν
1466 805 1689 877 ποιητὴν
1710 804 1818 858 τῶν

262 907 474 963 αἰώνων
499 904 628 975 (68)°
657 903 847 956 ἔπειτα
892 900 1070 970 μέντοι
1119 897 1420 974 ἀκολουθῶν
1469 901 1586 961 ταῖς
1627 893 1818 948 ἑαυτοῦ

264 1001 374 1068 (69)
418 996 804 1070 βλασφημίαις,
840 994 934 1046 καὶ
971 992 1062 1044 τὸν
1100 991 1320 1062 Πατέρα
1347 991 1530 1061 φήσει,
1573 990 1671 1042 οὐκ
1692 987 1822 1046 ὅντα

264 1091 489 1162 Πατέρα
507 1090 566 1143 τὸ
589 1088 648 1153 ἐξ
677 1087 866 1157 ἀρχῆς,
909 1079 1024 1138 εἶτα
1057 1082 1278 1153 ὕστερον
1308 1083 1607 1150 γεγονέναι.

340 1267 426 1327 l2.
467 1264 656 1318 Καίτοι
692 1265 740 1316 εί
771 1263 866 1332 μὲν
896 1261 1056 1320 καλὸν
1097 1261 1190 1314 κα)¹
1224 1260 1429 1330 πρέπον
1465 1261 1529 1329 τῇ
1565 1243 1823 1331 μαίιαριο-

265 1375 387 1428 τητι
404 1355 500 1410 τοῦ
522 1355 654 1408 Θεοῦ
671 1354 731 1407 τὸ
755 1350 890 1406 εἶναι
915 1352 1154 1422 Πατέρα,
1179 1351 1294 1414 πῶς
1312 1352 1412 1404 οὒκ
1435 1351 1494 1415 ἐξ
1519 1352 1691 1422 ἀρχῆς
1712 1352 1822 1422 (70)

263 1451 327 1503 τὸ
351 1449 555 1519 πρέπον
577 1446 722 1518 αὑτῴ
747 1446 960 1517 παρῆν;
986 1445 1054 1497 Ἣ
1072 1443 1180 1512 γὰρ
1205 1443 1394 1514 ἀγνοίᾳ
1420 1442 1513 1496 τοῦ
1540 1442 1824 1513 βελτίονος,

265 1543 300 1612 ἢ
331 1539 600 1609 ἀδυναμίᾳ.
631 1539 844 1601 πάντως
871 1536 1170 1604 λογιοῦνται
1207 1536 1302 1604 τὴν
1337 1534 1566 1604 ἔλλειψιν
1585 1553 1598 1564 ·
1635 1535 1826 1606 ἀγνοίᾳ

271 1633 392 1702 μὲν,
431 1629 586 1699 εἴπερ
617 1629 836 1700 ὕστερον
863 1627 1045 1698 ἐξεῦρε
1089 1627 1147 1680 τὸ
1189 1627 1426 1696 βέλτιον,
1449 1625 1718 1695 ἀδυναμίᾳ
1748 1624 1824 1688 δὲ,

266 1722 428 1793 εἴπερ
459 1721 612 1784 εἰδὼς
645 1722 738 1773 καὶ
785 1721 981 1782 συνιεὶς
1021 1719 1356 1789 ἀπετύγχανε
1387 1717 1480 1770 τοῦ
1519 1717 1824 1770 καλλίστου.

268 1814 333 1866 Ei
361 1813 422 1866 δὲ
456 1811 619 1886 (ὁμὴ
652 1811 807 1881 Θέμις
847 1809 1058 1880 εἰπεῖν.)
1108 1810 1170 1862 οὐ
1202 1808 1363 1861 καλὸν
1408 1805 1554 1877 αὑτῷ
1590 1805 1650 1857 τὸ
1692 1802 1835 1855 εἶναι

1922 627 2028 679 hilo
2050 627 2403 680 substantiam
2427 626 2562 693 ejus,
2596 629 2701 680 iIIIO
2726 626 2914 680 Filium
2939 627 3144 695 ipsum;
3177 626 3309 680 nihil
3330 627 3470 682 enim

1921 719 2101 784 refert,
2143 719 2284 785 quod
2335 718 2400 773 ad
2460 718 2783 772 sententiam
2827 717 3038 783 attinet,
3071 717 3150 770 sic
3172 716 3255 771 vel
3293 718 3371 770 sic
3396 719 3473 772 di-

1918 825 2042 865 cere
2067 827 2080 864 :
2106 811 2333 879 primum
2365 810 2578 879 quidem
2616 809 2968 880 temporibus,
2993 819 3171 876 atque,
3197 809 3241 863 si
3270 809 3346 864 ita
3373 811 3474 875 vis,

1920 902 2133 956 saeculis
2158 901 2490 956 conditorem
2535 900 2851 957 saeculorum
2903 901 3180 955 constituit
3210 902 3477 970 posterio-

1921 1008 2032 1047 rem
2060 992 2291 1047 :deiude
2315 1007 2441 1047 vero
2474 993 2822 1063 blasphemiis
2861 972 2974 1046 suis
3023 992 3276 1046 insistens
3305 991 3478 1047 dictu-

1922 1099 2014 1138 rus
2041 1093 2122 1138 est
2155 1085 2315 1139 etiam
2352 1085 2587 1150 Patrem,
2621 1101 2744 1139 cum
2783 1084 2942 1138 Pater
2968 1098 3074 1140 non
3106 1076 3252 1137 esset
3277 1084 3342 1137 ab
3375 1085 3478 1138 ini-

1925 1178 2017 1243 tio,
2050 1186 2158 1230 tum
2191 1178 2403 1232 demum
2438 1176 2638 1232 factum
2665 1177 2849 1232 fuisse.

1995 1267 2156 1340 247
2199 1268 2284 1323 12.
2325 1267 2484 1338 Atqui
2510 1267 2555 1321 si
2578 1268 2859 1321 honestum
2892 1282 2956 1322 ac
2988 1269 3242 1322 decorum
3278 1274 3362 1321 est
3386 1265 3480 1320 Dei

1924 1359 2240 1416 beatitudini
2275 1358 2489 1414 Patrem
2513 1372 2660 1423 esse;
2689 1357 2778 1426 qui
2806 1357 2863 1412 lit
2901 1367 2958 1411 ttt
2981 1358 3031 1409 id
3056 1358 3197 1427 quod
3222 1358 3478 1422 decebat,

1925 1451 1975 1504 ei
2013 1451 2079 1505 ab
2127 1449 2280 1505 initio
2315 1465 2419 1505 non
2461 1447 2707 1503 adesset?
2736 1449 2842 1501 Aut
2875 1447 3017 1501 enim
3053 1446 3294 1501 melioris
3331 1447 3478 1513 igno-

1928 1543 2144 1606 rationi,
2179 1551 2270 1596 aut
2296 1543 2516 1596 omnino
2547 1539 2873 1609 impotentiae
2909 1537 3052 1592 hunc
3076 1539 3340 1593 defectum
3381 1538 3480 1590 iut-

1928 1635 2188 1703 putabunt
2227 1649 2242 1687 :
2295 1632 2615 1702 ignorationi
2661 1631 2899 1700 quidem,
2950 1630 2994 1684 si
3036 1629 3292 1699 deinceps
3338 1630 3479 1696 quod

1930 1722 2117 1776 melius
2149 1731 2232 1775 est
2263 1723 2618 1791 excogitavit;
2669 1718 2999 1789 impotentia:
3039 1733 3189 1785 vero,
3226 1733 3269 1772 st
3303 1720 3482 1772 sciens

1929 1823 2089 1882 atque
2119 1813 2458 1881 intelligens,
2499 1814 2639 1881 quod
2673 1813 2934 1882 optimum
2967 1821 3088 1867 erat
3111 1811 3321 1879 assequi
3374 1822 3479 1862 non

267 1905 521 1977 Πατέρα,
565 1904 706 1966 τίνος
736 1904 919 1955 ἕνεκεν
954 1903 1017 1954 ὲκ
1067 1901 1363 1972 μεταϐολῆς
1395 1899 1456 1951 τὸ
1484 1900 1664 1968 χεῖρον
1697 1913 1831 1966 προ-

1936 1906 2124 1974 potuit.
2170 1905 2323 1970 Quod
2351 1906 2396 1958 si
2434 1905 2607 1975 (quod
2641 1901 2719 1958 tas
2753 1921 2855 1959 non
2888 1914 2970 1960 est
3001 1901 3218 1972 dicere)
3253 1916 3354 1955 non
3400 1909 3485 1955 est

265 1996 473 2061 είλετο;
526 1996 682 2048 Ἀλλὰ
719 1994 968 2064 τρέποιτο
999 1993 1097 2062 μὲν
1135 1994 1214 2053 εἰς
1259 1991 1385 2053 τοὺς
1418 1990 1526 2059 (71)
1560 1988 1761 2049 αἰτίους
1791 1989 1829 2057 ἠ

269 2087 618 2159 βλασφημία·
649 2087 677 2138 6
727 2085 781 2135 δὲ
828 2084 957 2145 Θεὸς
993 2081 1100 2134 τῶν
1149 2081 1282 2134 ὅλων
1330 2079 1388 2143 ἐξ
1434 2079 1660 2148 ἀπείρου
1714 2079 1830 2129 ἐστὶ

269 2179 491 2249 Πατὴρ,
519 2178 617 2229 οὐκ
649 2176 948 2246 ἀρξάμενός
991 2190 1120 2227 ποτε
1149 2171 1241 2224 τοῦ
1275 2167 1410 2224 εἶναι
1443 2170 1650 2238 Πατήρ.
1692 2168 1828 2220 Οὔτε

268 2271 380 2340 γὰρ
413 2272 478 2338 τῇ
513 2269 615 2338 τῆς
644 2267 923 2338 δυνάμεως
966 2265 1141 2335 ἐνδείᾳ
1175 2263 1308 2335 πρὸς
1351 2261 1448 2332 τὴν
1490 2259 1828 2330 ἐκπλήρωσιν

267 2359 364 2413 103
393 2359 692 2431 θελήματος
715 2358 1001 2420 ἐκωλύετο,
1030 2356 1148 2410 οὒτε
1173 2354 1378 2408 αἰώνων
1402 2352 1561 2405 τινῶν
1588 2348 1829 2421 περίοδος

267 2450 548 2521 ἀνέμενεν,
593 2451 700 2514 ἵνα,
751 2450 935 2517 ὥσπερ
979 2450 1072 2501 ἐπὶ
1115 2446 1220 2500 τῶν
1261 2443 1557 2515 ἀνθρώπων
1604 2440 1829 2494 καὶτῶν

267 2541 473 2597 λοιπῶν
503 2542 676 2607 ζώων,
721 2543 854 2613 μετὰ
903 2543 1000 2610 τὴν
1045 2540 1140 2607 τῆς
1186 2538 1398 2608 ἡλικίας
1448 2535 1832 2605 συμπλήρωσιν

266 2636 372 2704 τῆς
398 2637 476 2696 είς
500 2635 561 2687 τὸ
584 2636 775 2704 γεννᾷν
801 2631 947 2701 αὐτῷ
974 2631 1248 2699 δυνάμεως
1271 2627 1667 2701 προσελθούσης
1693 2626 1827 2696 (72),

268 2727 332 2778 τὸ
389 2725 816 2794 σπουδαζόμενον
878 2722 1230 2792 περιγένηται
1289 2720 1661 2790 (μαινομένων
1723 2716 1831 2786 γὰρ

268 2817 443 2872 ταῦτα
473 2818 566 2868 καὶ
590 2817 836 2886 ἐννοῆσαι
867 2814 960 2868 καὶ
986 2813 1358 2882 φθέγξασθαι),
1386 2811 1520 2865 ἀλλὰ
1547 2813 1612 2879 τῇ
1638 2807 1828 2861 ἑαυτοῦ

272 2909 533 2980 ἀῖδιότητι
572 2908 1174 2980 συμπαρεκτεινομένην
1222 2906 1332 2976 ἔχει
1383 2905 1478 2974 τὴν
1538 2903 1625 2970 (ἵν’
1662 2901 1831 2964 οὕτως

270 3000 560 3070 ὀνομάσω)
621 3001 947 3071 πατρὸτητα.
1007 2999 1209 3052 Οὐκοῦν
1261 2995 1353 3050 καὶ
1421 2995 1449 3045 ὁ
1523 2995 1666 3056 Υἱὸς,
1728 2993 1831 3063 πρὸ

270 3092 467 3156 αἰῶνος
513 3093 620 3162 (75)
653 3092 748 3156 ὢν,
797 3093 889 3145 καὶ
935 3091 1022 3144 ἀεὶ
1070 3089 1171 3153 ὢν,
1206 3089 1304 3140 οὐκ
1337 3087 1534 3158 ἤρξατο
1570 3085 1661 3138 τοῦ
1695 3081 1831 3142 εἷναί

272 3202 426 3247 ποτε,
456 3184 568 3238 ἀλλ’
595 3185 688 3250 ἀφ’
717 3179 776 3237 οὗ
800 3183 1006 3252 Πατὴρ,
1039 3181 1132 3234 καὶ
1163 3181 1310 3248 Υιὺς,
1340 3181 1432 3234 καὶ
1463 3179 1619 3242 εὐθὺς
1649 3181 1712 3248 τῇ
1741 3178 1831 3231 τοῦ

1933 1997 1981 2053 ei
2018 1997 2213 2051 bonum
2250 1996 2460 2050 Patrem
2500 2010 2640 2060 esse,
2681 1995 2833 2065 cujus
2865 1995 2940 2049 rei
2972 1994 3143 2065 gratia
3183 1999 3482 2047 commuta-

1935 2097 2021 2142 tus
2047 2086 2201 2157 pejus
2227 2086 2424 2156 elegit?
2455 2085 2558 2138 Sed
2589 2084 2792 2140 recidat
2823 2085 2876 2138 in
2906 2100 3032 2138 suos
3065 2093 3312 2136 auctores
3344 2079 3487 2134 blas-

1936 2179 2169 2247 phemia.
2217 2178 2346 2230 Nam
2400 2183 2535 2231 Deus
2587 2177 2962 2232 universorum
2997 2175 3154 2228 Pater
3188 2182 3272 2246 est
3303 2188 3366 2226 ex
3405 2172 3487 2224 in-

1937 2269 2118 2332 ﬁnito,
2168 2283 2265 2321 nec
2294 2283 2526 2337 unquam
2572 2266 2731 2320 Pater
2761 2280 2881 2321 esse
2908 2265 3093 2334 erepit.
3127 2263 3309 2333 Neque
3343 2261 3487 2316 enim

1936 2360 2187 2430 potentiae
2215 2361 2444 2424 defectu,
2475 2374 2540 2413 ne
2566 2359 2804 2429 expleret
2833 2357 3186 2419 voluntatem,
3212 2352 3488 2408 detineba-

1939 2465 2024 2508 tur
2055 2474 2066 2508 :
2103 2466 2276 2520 neque
2301 2452 2529 2504 ullorutn
2568 2451 2882 2505 szeculorunt
2916 2446 3174 2502 circuitus
3206 2455 3487 2515 exspecta-

1935 2548 2030 2610 vit,
2063 2553 2120 2597 ut
2146 2545 2286 2598 sient
2308 2545 2359 2596 in
2394 2542 2694 2596 hominibus
2724 2557 2786 2594 ac
2819 2540 3038 2609 reliquis
3067 2537 3409 2600 animalibus,
3438 2535 3486 2589 ei

1936 2636 2230 2707 generandi
2265 2634 2519 2690 hcultate
2563 2645 2683 2705 post
2722 2633 3040 2700 completam
3087 2641 3297 2686 aetatem
3339 2644 3490 2683 acce-

1939 2733 2120 2799 dente,
2180 2730 2320 2800 qnod
2381 2728 2596 2782 volebat
2647 2737 3046 2797 assequeretur.
3105 2724 3489 2778 lnsanientium

1936 2827 2077 2878 enim
2112 2833 2196 2877 est
2226 2825 2336 2875 hac
2369 2829 2423 2874 et
2467 2822 2724 2890 cogitare,
2757 2831 2811 2874 et
2849 2820 3015 2888 loqui.
3049 2817 3190 2883 Sed,
3226 2825 3286 2871 ut
3314 2818 3383 2869 ita
3411 2815 3493 2869 di-

1936 2932 2076 2980 cam,
2109 2920 2375 2969 extentam
2407 2912 2568 2966 habet
2605 2929 2726 2965 cum
2760 2927 2855 2965 sua
2905 2911 3210 2964 aeternitate
3249 2907 3492 2977 paterni-

1939 3017 2124 3060 tatem.
2163 3004 2520 3072 Quamobrem
2553 3013 2606 3058 et
2640 3003 2807 3056 Filius
2837 3018 2957 3056 eum
2991 3010 3118 3055 ante
3159 2999 3355 3055 sarcula
3387 2998 3489 3061 sit,

1937 3111 1991 3154 et
2021 3115 2231 3168 semper
2257 3099 2347 3163 sit,
2385 3112 2651 3168 nunquam
2689 3111 2808 3151 esse
2840 3095 3060 3165 incmpit
3091 3113 3103 3148 :
3143 3094 3235 3147 sed
3289 3108 3354 3145 ex
3390 3105 3493 3158 quo

1940 3191 2100 3246 Pater
2126 3201 2230 3254 est,
2267 3202 2320 3243 et
2355 3190 2522 3243 Filius
2549 3199 2652 3251 est,
2701 3195 2755 3240 et
2794 3187 2974 3240 statim
3022 3199 3127 3237 una
3157 3198 3278 3236 cum
3320 3181 3493 3234 Patris

272 3273 488 3342 Πατρὸς
519 3272 696 3342 ἐννοίᾳ
723 3273 755 3342 ὴ
783 3272 877 3324 τοῦ
907 3272 1036 3326 Υἱοῦ
1066 3272 1487 3341 συνεισέρχεται.
1525 3271 1582 3323 '0
1604 3271 1711 3340 γὰρ
1732 3271 1831 3324 Πα-

1943 3284 2178 3348 notione,
2228 3281 2348 3334 Filii
2387 3294 2600 3350 quoque
2638 3279 2785 3333 notio
2829 3277 3086 3346 subrepit.
3139 3273 3271 3327 Nam
3312 3272 3492 3334 Pater,

274 3364 379 3434 τὴρ
425 3361 555 3416 Υίοῦ
605 3365 791 3435 Πατὴρ
835 3365 1092 3436 δηλονότι.
1142 3363 1308 3434 Ἀρχὴ
1356 3364 1452 3434 μὲν
1489 3359 1581 3416 οὖν
1624 3362 1834 3431 Ila-.96;

272 3457 518 3526 οὐδεμία,
547 3459 688 3531 ἀρχὴ
709 3461 763 3512 δὲ
793 3460 885 3511 τοῦ
911 3458 1038 3510 Υἱοῦ
1062 3459 1089 3509 6
1115 3458 1301 3528 Πατήρ
1320 3474 1334 3490 ο
1365 3459 1525 3527 μέσον
1554 3457 1609 3507 δὲ
1633 3454 1834 3506 τούτων

271 3549 448 3602 οὐδέν.
487 3550 605 3614 Πῶς
631 3548 721 3605 οὖν
748 3552 846 3604 οὐκ
876 3545 944 3620 ἧν
975 3549 1035 3602 τὸ
1064 3549 1122 3612 ἐξ
1148 3550 1321 3619 ἀρχῆς
1351 3551 1366 3617 ζ
1391 3548 1546 3600 τοῦτο
1582 3547 1689 3617 γάρ
1720 3549 1834 3600 ἐστι

273 3641 357 3700 τὸ,
385 3641 496 3709 πρὸ
530 3643 640 3711 τῆς
671 3642 822 3706 ιδίας
848 3640 1219 3707 συστάσεως,
1254 3643 1312 3694 ὲν
1346 3641 1635 3710 σοφίσμασι
1679 3639 1834 3707 λεγό-

281 3749 441 3801 μενον
484 3733 632 3803 παρὰ
657 3733 898 3801 τούτων)
924 3735 952 3786 6
993 3733 1156 3804 μηδὲν
1189 3733 1325 3803 ἔχων
1358 3729 1835 3803 προεπινοούμενον

277 3822 494 3887 ἑαυτοῦ,
526 3827 572 3877 εί
607 3826 678 3896 μὴ
706 3825 793 3878 τὸν
827 3825 884 3890 ἐξ
914 3820 973 3879 οὗ
1000 3825 1110 3895 ἔχει
1137 3825 1198 3877 τὸ
1228 3823 1386 3891 εἶναι,
1423 3825 1482 3876 οὐ
1514 3823 1836 3894 διαστήματι

276 3914 628 3984 ὑπερέχοντα,
675 3916 806 3968 ἀλλὰ
842 3918 906 3984 τῇ
939 3916 1084 3986 αἰτία
1116 3916 1552 3988 προτεταγμένον
1600 3913 1748 3984 (74);
1776 3915 1836 3966 Εἰ

276 4004 456 4057 τοίνυν
490 4005 653 4068 ἀΐδιος
683 4008 714 4076 ἡ
748 4006 840 4059 τοῦ
869 4007 996 4059 Υίοῦ
1033 4007 1282 4060 κοινωνία
1312 4008 1443 4076 πρὸς
1467 4007 1557 4059 τὸν
1585 4007 1714 4058 Θεὸν
1745 4007 1838 4058 καὶ¹

277 4095 496 4166 Πατέρα
545 4097 936 4167 ἀναπέφανται,
983 4100 1078 4170 τῆς
1127 4099 1361 4161 διανοίας
1407 4097 1562 4168 ἡμῶν
1601 4097 1707 4148 ἀπὸ
1745 4097 1837 4148 τοῦ

277 4187 411 4240 Υἱοῦ
449 4187 513 4240 δι’
543 4190 752 4254 οὐδενὸς
797 4190 952 4244 κενοῦ
997 4191 1130 4262 πρὸς
1160 4195 1250 4244 τὸν
1285 4190 1500 4262 Πατέρα
1535 4189 1834 4260 χωρούσης,

277 4280 394 4336 ἀλλ’
427 4281 760 4344 ἁδιαστὰτως
790 4283 880 4336 τὸν
916 4284 1041 4336 Υίζιν
1081 4284 1156 4355 τῷ
1188 4285 1360 4356 Πατρὶ
1394 4281 1783 4353 συναπτούσης,
1811 4284 1839 4333 6

284 4373 472 4443 μηδενὶ
499 4375 645 4445 μέσῳ
668 4374 1030 4446 διοριζόμενος
1054 4378 1175 4430 τίνα
1201 4377 1280 4429 ἔτι
1311 4377 1656 4447 παρείσδυσιν
1684 4393 1841 4428 κατα-

280 4464 458 4515 λείπει
493 4467 557 4536 τῇ
600 4467 810 4538 πονηρᾷ
845 4467 1159 4538 βλασφημία
1203 4469 1308 4520 τῶν
1336 4469 1619 4536 λεγόντων,
1656 4467 1838 4521 ὲκ-τοῦ

284 4553 360 4625 μὴ
386 4554 535 4618 ὄντος
564 4557 726 4610 αὑτὸν
753 4558 829 4621 εἰς
858 4558 916 4609 τὸ
948 4554 1084 4611 εἶναι
1113 4560 1419 4630 παρῆχοαι;

360 4647 444 4701 1'5.
490 4648 717 4703 Ἔπειτα
751 4649 930 4721 μέντοι
959 4650 1050 4703 καὶ
1076 4649 1174 4720 τῆς
1200 4649 1380 4711 ἀνοίας
1414 4651 1607 4714 αὐτοὺς
1632 4651 1843 4720 (humi-

1937 3375 2057 3429 Filii
2103 3374 2288 3442 utique
2321 3382 2403 3428 est
2449 3373 2630 3428 Pater.
2680 3371 2858 3425 Patris
2903 3371 3065 3438 igitur
3103 3369 3256 3436 Origo
3290 3364 3430 3418 nulla
3479 3379 3495 3418 ι

1938 3469 2090 3536 origo
2118 3481 2248 3520 vero
2279 3465 2423 3531 Filii,
2461 3464 2656 3526 Pater;
2699 3463 2838 3515 inter
2875 3462 2973 3514 hos
3021 3460 3152 3513 nihil
3191 3469 3271 3512 est
3312 3456 3493 3511 medii.

1939 3557 2218 3624 Quomodo
2266 3556 2425 3625 igitur
2461 3571 2489 3608 a
2532 3553 2792 3622 principio
2843 3567 2950 3605 non
2990 3559 3106 3604 erat
3142 3547 3300 3619 (nam
3338 3548 3496 3612 illud,

1941 3661 2060 3704 ante
2090 3666 2239 3703 suam
2266 3647 2723 3710 constitutionem,
2752 3646 2892 3711 quod
2925 3644 2992 3694 ab
3027 3641 3108 3695 bis
3154 3655 3247 3709 per
3277 3639 3495 3693 cavilla-

1945 3741 2139 3794 tionem
2169 3739 2456 3807 profertur,
2488 3738 2590 3790 hoc
2616 3737 2716 3790 sibi
2750 3733 2916 3801 vult,)
2946 3733 3010 3800 is,
3043 3733 3134 3802 qui
3179 3731 3308 3786 nihil
3339 3731 3502 3786 habet

1942 3831 2083 3900 quod
2113 3840 2240 3884 ante
2269 3845 2328 3882 se
2360 3828 2712 3897 intelligatur,
2742 3826 2845 3879 nisi
2876 3826 3044 3891 illum,
3077 3841 3105 3877 ιι
3135 3839 3239 3894 quo
3267 3839 3376 3877 esse
3406 3823 3501 3876 Ita-

1943 3924 2052 3987 bet,
2091 3935 2196 3975 non
2225 3917 2509 3974 intervallo
2539 3918 2954 3986 prateedentem,
2987 3915 3080 3969 sed
3120 3929 3296 3968 causa:
3321 3913 3503 3982 digni—

1945 4024 2054 4068 tate
2100 4011 2484 4084 praepositum?
2521 4010 2753 4064 Proinde
2792 4009 2836 4064 si
2891 4007 3006 4062 Filii
3065 4022 3187 4061 eunt
3236 4005 3400 4059 Patre
3451 4015 3505 4060 et

1947 4110 2057 4164 Deo
2091 4107 2401 4177 coniunctio
2429 4114 2642 4159 ostensa
2673 4111 2756 4156 est
2783 4112 3001 4164 aeterna,
3037 4115 3160 4154 cum
3202 4106 3378 4153 nostra
3410 4113 3504 4151 eo-

1947 4202 2136 4271 gitatio
2169 4217 2198 4253 a
2229 4199 2369 4254 Filio
2401 4200 2465 4252 ad
2509 4197 2720 4252 Patrem
2767 4211 2860 4264 per
2896 4195 3096 4247 nullum
3141 4192 3374 4246 medium
3405 4191 3503 4245 de-

1948 4294 2148 4357 veniat,
2179 4291 2286 4345 itno
2324 4292 2527 4358 alisque
2559 4288 2841 4341 intervallo
2888 4286 3030 4339 Patri
3060 4285 3257 4340 Filium
3284 4281 3508 4351 conjun-

1945 4395 2064 4452 gat;
2097 4385 2143 4437 is
2178 4383 2266 4449 qni
2299 4381 2444 4434 nullo
2487 4379 2664 4433 medio
2693 4378 3013 4448 seiungitur,
3055 4392 3215 4446 quem
3247 4375 3360 4445 jam
3393 4375 3508 4429 adi-

1949 4487 2058 4528 tmn
2107 4486 2282 4540 prava:
2321 4469 2667 4540 blasphemia:
2703 4472 2959 4539 relinquit
2993 4484 3179 4524 eorum
3202 4508 3217 4532 ,
3253 4469 3344 4539 qui
3378 4483 3502 4522 eum

1947 4559 2132 4612 dicunt
2164 4571 2228 4609 ex
2265 4571 2367 4608 non
2401 4555 2698 4609 exsistcntc
2725 4555 2790 4606 ad
2818 4570 2927 4606 esse
2955 4553 3273 4622 productum
3298 4552 3456 4606 esse?

2023 4648 2114 4704 l3.
2157 4649 2234 4702 Ad
2279 4647 2392 4702 haec
2429 4649 2664 4715 ipsorum
2697 4659 2908 4715 quoque
2951 4645 3273 4702 dementiam
3318 4643 3509 4697 mirari

357 4845 468 4915 (G7)
500 4847 636 4901 Editi
679 4854 732 4901 et
758 4865 884 4901 mss.
917 4866 1019 4903 non
1061 4848 1213 4917 pauci
1261 4847 1611 4917 γεγενῆσθαι,
1646 4849 1838 4916 factam
1870 4854 1913 4907 D
1945 4864 2043 4901 mze
2070 4853 2186 4904 dure
2221 4860 2376 4900 voces
2402 4845 2596 4900 desunt
2629 4845 2688 4899 in.
2720 4861 2876 4908 mss.,
2912 4857 3013 4917 nec
3036 4843 3223 4917 dubito
3252 4842 3384 4914 quin
3411 4844 3508 4899 de-

284 4932 396 4974 esse
421 4931 440 4968 :
470 4931 566 4987 nec
596 4919 751 4971 aliter
784 4918 972 4987 legitur
1007 4921 1056 4970 in
1099 4934 1163 4971 eo
1193 4921 1398 4979 conice,
1441 4920 1492 4970 in
1546 4935 1653 4986 quo
1705 4934 1840 4987 opus

287 4985 533 5045 Eunomii
570 4985 1145 5059 inveniri'di‘ximus.’
1174 4990 1351 5042 Codex
1400 4985 1840 5059 (Συιϋζγεγεννῆ-

289 5059 435 5121 σθαι,
466 5056 688 5123 genitam
719 5075 848 5112 esse.
905 5057 1026 5111 Mihi
1062 5058 1274 5126 quidem
1323 5059 1538 5111 dubitttn
1589 5076 1690 5111 non
1732 5056 1834 5120 est,

286 5131 416 5196 quin
449 5126 595 5188 illud,
631 5125 827 5194 μᾶλλον
879 5129 959 5194 δέ,
1009 5125 1140 5188 ete..
1172 5131 1249 5182 sic
1298 5127 1667 5194 accipiendum
1716 5129 1784 5183 sit
1821 5146 1834 5181 :

289 5199 404 5253 lmo
434 5211 580 5260 vero,
611 5197 652 5246 si
684 5211 806 5248 vera
838 5197 990 5252 fateri
1031 5197 1323 5251 Ennomius
1358 5199 1492 5259 vult,
1533 5201 1707 5265 palam
1751 5200 1834 5252 di-

288 5279 475 5321 cturus
498 5277 579 5321 est
611 5265 801 5319 Filium
850 5269 1019 5333 ipsum
1060 5283 1126 5322 ex
1161 5268 1327 5321 nihilo
1367 5268 1603 5335 genitum
1651 5269 1833 5323 fuisse.

283 5337 459 5392 Aliter
483 5347 656 5393 tamen
705 5339 846 5390 hunc
897 5338 1067 5390 locum
1098 5338 1434 5391 intellexerat
1483 5349 1635 5391 vetns
1675 5340 1839 5392 inter—

286 5408 552 5476 pres,qui
584 5410 650 5461 ita
682 5408 969 5461 vertisset:
1000 5406 1116 5461 luto
1161 5408 1386 5474 primum
1417 5408 1583 5474 insunt
1640 5407 1840 5460 Filium

289 5475 445 5546 (nihil
478 5477 614 5529 enim
645 5479 799 5544 refert
829 5488 1079 5545 quantum
1126 5480 1192 5529 ad
1245 5493 1370 5538 rem,
1395 5476 1490 5529 hoc
1533 5478 1607 5530 vel
1638 5479 1726 5530 illo
1760 5480 1841 5529 di—

286 5546 601 5616 cerenrodo)
637 5549 1145 5616 posterioreutqnam
1181 5557 1409 5608 tempora
1440 5559 1611 5612 ponet.
1641 5549 1836 5601 Ibidem

288 5615 417 5670 editi
446 5613 592 5684 Υἱρν,
626 5618 715 5668 καὶ
743 5617 912 5670 οὐδέν.
951 5615 1201 5669 Voculam
1224 5617 1316 5667 καί
1335 5618 1708 5684 expunxitnzts,
1745 5634 1836 5670 c0-

291 5688 466 5741 dittum
495 5683 720 5756 duorum
761 5691 918 5739 Iidem
969 5687 1164 5740 secuti.
1213 5685 1329 5740 Mox
1367 5683 1495 5741 editi
1545 5687 1576 5756 ἦ
1622 5687 1840 5739 οὑτωσί.

291 5757 361 5810 At
393 5754 579 5824 mss.ﬁ
611 5755 797 5818 οὕτως.

363 5823 474 5895 (68)
499 5822 634 5879 Editi
676 5825 782 5879 τῶν
833 5828 1041 5882 αἰώνων
1088 5826 1337 5900 δεύτερον
1381 5822 1536 5881 εἶναι.
1574 5827 1679 5882 Sed
1713 5826 1836 5882 ulti-

1950 4921 2111 4971 beant
2143 4918 2352 4997 abesse,
2392 4931 2518 4972 cum
2560 4919 2888 4971 sententiain
2931 4912 3166 4969 elIiciaut
3192 4912 3505 4970 contortam

1946 4999 2108 5054 atque.
2143 4987 2474 5040 intricatum.

2015 5052 2125 5127 (69)
2157 5055 2298 5110 Editi
2334 5055 2520 5110 αὑτοῦ.
2572 5056 2641 5109 At
2693 5071 2820 5127 mss:
2881 5053 3096 5127 ἑαυτοῦ.
3153 5052 3347 5108 Statim
3378 5055 3506 5110 editi

1943 5127 2056 5180 ἀλλ’
2075 5125 2336 5198 ὕστερον.
2362 5128 2505 5181 Libri
2531 5136 2739 5198 veteres
2755 5121 2903 5198 fit;
2919 5125 3161 5198 ὕστερον.

2015 5198 2126 5266 (70)
2163 5192 2295 5266 Reg.
2326 5208 2549 5264 quartus
2575 5196 2690 5257 πῶς
2723 5192 2813 5247 οὖν
2849 5194 2921 5263 μὴ
2943 5193 3002 5257 ἐξ
3032 5192 3227 5266 ἀρχῆς.

2016 5263 2128 5338 (71)
2162 5263 2304 5321 Editi
2339 5263 2474 5337 πρὸς
2502 5266 2645 5328 τούς.
2695 5267 2914 5338 Antiqui
2947 5280 3040 5338 sex
3073 5263 3206 5338 'lihri
3234 5265 3317 5338 εἰς
3350 5263 3498 5327 τούς.

2017 5334 2129 5405 (72)
2158 5334 2394 5408 ΕιΙῑιίίει
2420 5353 2509 5389 sex
2555 5353 2683 5389 mss.
2719 5335 3109 5408 προελθούσης.
3130 5337 3200 5388 At
3232 5334 3363 5404 lteg.
3397 5345 3508 5388 ter-

1950 5410 2055 5462 tius
2091 5407 2513 5477 προσελθούσης,
2548 5415 2712 5460 recte.

2019 5473 2301 5546 (73)'l£diti
2337 5488 2390 5529 et
2449 5473 2581 5530 inss.
2631 5478 2779 5531 multi
2830 5478 2959 5540 Υἱὸς
3015 5473 3120 5545 πρὸ
3163 5473 3383 5546 αίῶνος.
3439 5474 3510 5528 At

1951 5543 2077 5614 liek.
2110 5543 2306 5599 tertius
2342 5551 2574 5600 secunda
2599 5554 2780 5603 {tttztntt
2820 5549 2948 5609 Υἱὸς
2976 5543 3299 5614 προαιώνιος
3322 5545 3417 5596 ὥν.

2017 5619 2126 5688 (74)
2169 5616 2344 5670 Ἀλλὰ
2368 5616 2440 5684 τῇ
2456 5617 2612 5682 αἰτίᾳ
2627 5616 3120 5688 προτεταγμένοις,
3151 5615 3509 5688 calumnianti—

1954 5683 2418 5757 ne‘priepositum.
2452 5690 2591 5754 Lege
2628 5683 2854 5756 primum
2890 5683 3040 5740 tium.
3076 5685 3127 5748 8,
3167 5685 3260 5750 9.5,
3296 5687 3383 5757 ulti
3417 5683 3507 5737 illa

1949 5756 2169 5812 Joannis
2194 5773 2302 5821 XIV,
2339 5759 2426 5821 ‘28,
2457 5757 2618 5809 l‘atcr
2652 5758 2819 5823 major
2843 5775 2921 5813 me
2949 5768 3045 5823 est,
3073 5767 3126 5810 ut
3150 5758 3302 5812 docte
3325 5756 3394 5809 ita
3425 5770 3508 5808 c0-

1951 5831 2094 5893 piose
2127 5844 2154 5882 a
2188 5826 2384 5884 Basilio
2417 5827 2774 5896 explicantur.
