4026 6438
549 330 655 385 595

1880 343 1936 396 S.
1981 342 2225 398 BASILII
2267 344 2480 399 MAGNI

3671 351 3782 405 596

545 460 724 516 Operae
771 450 996 517 pretium
1028 463 1146 520 est,
1178 455 1320 524 quod
1367 457 1490 511 dum
1529 472 1593 512 ex
1636 475 1740 514 non
1773 464 2103 517 exstantibus

2213 481 2304 515 σαι
2333 462 2500 527 ἄξιον,
2541 463 2600 514 οὑ
2638 464 2932 525 συνιέντας,
2976 462 3078 526 ὅτι,
3111 465 3174 516 ἐκ
3215 465 3289 534 μὴ
3323 465 3491 519 ὄντων
3529 467 3784 534 λέγοντες

544 553 669 592 esse
713 537 893 592 dicunt
936 541 1170 606 Filium,
1223 557 1559 614 nequaquam
1608 547 1917 618 intelligunt
1967 556 2108 618 quod

546 644 668 682 eum
715 647 818 684 non
857 633 1015 687 Patre
1061 635 1260 696 solum,
1309 639 1402 691 sed
1444 653 1504 691 ea
1535 639 1698 692 etiam
1737 657 1794 694 re
1828 657 1923 710 per
1952 658 2109 710 quam

551 721 892 791 Unigenitnm
918 741 946 776 a
975 725 1128 778 Patre
1154 737 1430 794 separant,
1459 731 1815 798 posteriorem
1848 741 2106 787 statuant.

542 813 674 865 Nam
706 831 928 869 necesse
955 829 1059 876 est.
1085 819 1126 872 si
1157 820 1281 887 quid
1308 819 1378 872 sit
1402 821 1539 874 inter
1571 821 1784 875 Patrem
1813 833 1864 876 et
1890 824 2107 888 Filium,

543 905 594 957 id
633 904 753 958 Filii
786 908 1096 962 exsistentia
1138 912 1410 979 antiquius
1450 927 1587 966 esse.
1634 912 1771 978 Quid
1809 915 1967 982 igitur
2003 917 2104 968 hoc

540 1011 662 1049 esse
688 999 918 1066 poterit?
946 998 1209 1064 Quidnam
1238 1002 1381 1055 aliud
1411 1005 1512 1057 nisi
1541 1016 1632 1056 aut
1659 1020 1829 1057 arvum
1853 1016 1944 1059 aut
1972 1016 2106 1059 tem-

540 1091 678 1159 pus?
703 1090 800 1156 Qui
834 1093 977 1146 enim
1009 1093 1186 1149 Patris
1214 1097 1377 1150 vitam
1406 1097 1511 1149 vita
1549 1095 1819 1165 Unigeuiti
1855 1099 2100 1167 intelligit

542 1184 897 1247 anteriorem,
933 1201 1036 1254 qua
1067 1201 1124 1240 re
1164 1187 1270 1240 alia
1303 1203 1462 1256 quam
1495 1189 1811 1242 saeculorum
1846 1199 1936 1243 aut
1972 1200 2106 1243 tem-

540 1287 729 1340 porum
785 1277 1142 1343 quorumdam
1204 1279 1380 1348 spatio
1435 1280 1753 1342 admetieus,
1816 1297 2099 1336 execssam

541 1365 812 1421 invenisse
839 1381 897 1421 se
935 1368 1169 1424 dixerit?
1204 1372 1347 1440 quod
1385 1371 1429 1423 si
1474 1371 1575 1423 hoc
1615 1386 1800 1424 verum
1832 1382 1936 1435 est,
1972 1371 2108 1425 falsa

541 1456 822 1524 Scriptura
863 1469 977 1526 est,
1005 1477 1123 1528 quae
1163 1463 1296 1514 dicit
1342 1461 1481 1515 facta
1512 1476 1629 1515 esse
1664 1476 1759 1531 per
1800 1465 1974 1531 ipsum
2013 1481 2111 1517 sre-

539 1544 657 1596 cnla
681 1545 745 1609 M;
776 1562 1000 1616 quaeque
1031 1552 1186 1604 docet
1210 1550 1347 1603 facta
1375 1564 1494 1602 esse
1518 1565 1609 1618 per
1635 1550 1805 1617 ipsum
1832 1552 2012 1604 omnia
2039 1554 2106 1618 δ’,

543 1653 664 1692 cum
697 1651 841 1692 certe
874 1641 924 1692 in
950 1643 1190 1697 omnium
1244 1658 1466 1696 nuntero
1507 1643 1704 1696 sarcula
1761 1645 1922 1696 etiam
1962 1660 2108 1699 COHI-

540 1731 964 1801 preliendantur.
1003 1733 1057 1785 Si
1091 1748 1215 1786 vero
1255 1734 1446 1786 dicturi
1484 1746 1602 1786 sunt
1654 1748 1713 1786 se
1752 1751 1857 1786 non
1909 1751 2106 1804 negare

2211 552 2302 604 τὸν
2338 551 2483 615 Υἰὸν,
2512 554 2572 604 οὑ
2603 551 2696 604 τοῦ
2730 551 2940 623 Πατρὸς
2969 553 3124 622 μόνον
3153 553 3410 625 νεώτερον
3443 557 3782 624 ἀποφαίνου-

2216 661 2318 707 σιν,
2351 643 2406 696 ἀ)
2419 643 2485 696 λὰ
2516 644 2609 697 καὶ
2635 644 2747 707 τοῦ,
2781 638 2824 710 ᾧ
2849 644 2937 696 τὸν
2960 644 3238 714 Μονογενῆ
3267 645 3377 717 (75)
3401 647 3508 700 ἀπὸ
3531 646 3624 700 τοῦ
3663 649 3781 701 Πα-

2214 738 2337 806 τρὸς
2371 737 2710 807 διορίζουσιν.
2767 738 3000 805 Ἀνάγκη
3046 735 3171 807 γὰρ,
3226 736 3382 806 εἴπερ
3433 756 3484 790 τι
3543 740 3626 808 εἴη
3679 758 3781 808 με-

2213 825 2344 889 ταξὺ
2375 826 2483 894 (76)
2509 827 2716 896 [ἰατρὸς
2749 826 2839 877 καὶ
2871 826 3020 886 Υἰοῦ,
3053 826 3420 896 πρεσϐύτερον
3450 825 3588 881 εἶναι
3619 830 3781 881 τοῦτο

2212 917 2309 986 τῆς
2354 918 2634 988 ὑπάρξεως
2681 917 2772 970 τοῦ
2817 917 2965 970 Υἰοῦ.
3013 917 3077 968 Τί
3123 913 3216 970 οῦν
3247 919 3313 969 ἂν
3353 918 3436 989 εἴη
3477 919 3666 985 τοῦτος
3713 922 3780 971 Τί

2213 1008 2340 1062 ἄλλο
2372 1026 2434 1076 γε
2463 1010 2492 1078 ἢ
2520 1009 2650 1063 αἰὼν
2681 1011 2894 1073 πάντως
2921 1010 2953 1081 ἢ
2977 1010 3199 1078 χρόνος;
3240 1011 3298 1062 '0
3331 1012 3436 1082 γάρ
3467 1029 3549 1064 τοι
3579 1029 3769 1082 περισ-

2215 1101 2436 1170 σοτέραν
2465 1103 2560 1170 τὴν
2603 1101 2696 1154 τοῦ
2729 1101 2939 1172 Πατρὸς
2990 1100 3131 1171 ζωὴν
3175 1103 3272 1172 τῆς
3313 1102 3406 1155 τοῦ
3441 1104 3776 1170 Μονογενοῦς

2212 1192 2407 1246 ἐννοῶν
2456 1192 2589 1260 (77),
2635 1193 2738 1245 τίνι
2773 1209 2836 1260 γε
2886 1192 3028 1262 ἄλλῳ
3061 1193 3448 1263 παραμετρῶν,
3481 1194 3775 1264 εὑρηκέναι

2210 1280 2275 1335 ἂν
2305 1282 2445 1333 εἴποι
2473 1281 2533 1332 τὸ
2568 1282 2836 1351 περισσὸν,
2869 1282 2900 1350 ἢ
2945 1283 3062 1351 οὐχὶ
3108 1282 3217 1350 (78)
3252 1282 3458 1336 αἰώνων
3491 1284 3522 1352 ἢ
3567 1283 3775 1354 χρόνων

2211 1372 2370 1425 τινῶν
2397 1372 2756 1441 διαστήματις
2791 1374 2852 1424 Εἰ
2889 1374 2945 1425 δὲ
2972 1373 3125 1425 τοῦτο
3152 1373 3363 1443 ἀληθὲς,
3395 1374 3593 1444 ψευδὴς
3625 1376 3656 1442 ἡ
3686 1373 3774 1424 λέ-

2212 1476 2380 1526 γουσα
2423 1459 2609 1530 Γραφὴ
2637 1460 2761 1521 τοὺς
2790 1461 2985 1523 αἰῶνας
3015 1461 3080 1513 δι’
3109 1462 3271 1513 αὑτοῦ
3299 1462 3643 1532 γεγενῆσθαι,
3677 1463 3773 1515 καὶ

2213 1551 2245 1620 ἡ
2290 1549 2640 1614 διδάσκουσα,
2697 1550 2777 1602 ὅτι
2834 1551 3007 1605 πάντα
3052 1553 3115 1604 δι’
3155 1553 3316 1605 αὑτοῦ
3369 1555 3613 1622 ἐγένετο’
3657 1559 3771 1618 τοῖς

2215 1641 2365 1703 πᾶσι,
2400 1640 2661 1710 δηλονότι,
2703 1641 3241 1712 ἐμπεριειλημμένων
3276 1643 3367 1696 καὶ
3393 1644 3502 1696 τῶν
3535 1643 3768 1696 αἰώνων.

2213 1731 2274 1782 Εἰ
2301 1731 2357 1782 δὲ
2390 1733 2617 1802 φήσουσι
2659 1732 2731 1803 μὴ
2762 1733 3116 1802 ἀπαρνεῖσθαι
3147 1735 3252 1804 πρὸ
3285 1735 3390 1788 τῶν
3432 1735 3639 1788 αἰώνων
3678 1735 3770 1788 τὸν

542 1819 739 1877 Filium
765 1831 889 1876 ante
917 1825 1106 1877 smeula
1139 1825 1300 1897 248
1328 1829 1562 1897 genitum
1591 1844 1728 1890 esse,
1749 1828 1939 1890 sciant,
1965 1830 2102 1896 quod

2209 1823 2332 1875 Υἰὸν
2384 1823 2756 1894 γεγεννῆσθαι,
2814 1824 2886 1895 μὴ
2958 1824 3376 1894 λανθανέτωσαν,
3424 1827 3451 1879 ὃ
3499 1827 3576 1896 τῷ
3626 1827 3770 1898 λόγῳ

541 1913 721 1965 verbis
752 1916 1068 1978 concedunt,
1091 1917 1139 1969 id
1162 1933 1342 1970 revera
1367 1920 1432 1970 ab
1451 1919 1579 1986 ipsis
1599 1919 1728 1971 tolli.
1746 1917 2103 1988 Interrogabi-

542 2016 662 2057 mus
700 2003 840 2055 enim
875 2021 988 2068 eos,
1023 2007 1112 2073 qui
1143 2023 1206 2060 ex
1244 2024 1348 2061 non
1383 2009 1718 2063 exstantibus
1749 2011 2100 2063 substantiam

541 2094 842 2161 producunt
884 2093 1146 2164 Unigeniti
1207 2115 1218 2148 :
1264 2099 1484 2162 Quando
1521 2115 1622 2153 non
1653 2110 1786 2165 erat,
1823 2112 1880 2154 ut
1905 2104 2099 2164 dicitis,

538 2185 667 2252 quid
690 2194 808 2237 erat
849 2186 972 2238 illud
1008 2189 1382 2241 intervallum?
1416 2205 1572 2257 quam
1609 2193 1654 2245 ei
1693 2193 2098 2260 appellationem

539 2275 953 2343 excogitabitis?
988 2278 1118 2330 Nam
1161 2282 1458 2334 communis
1491 2286 1825 2336 consuetudo
1862 2286 2095 2352 spatium

538 2381 698 2421 omne
756 2379 847 2421 aut
902 2372 1230 2439 trtttporibtts
1278 2383 1369 2426 aut
1415 2376 1624 2428 smenlLs
1675 2376 1912 2441 subjicit.
1965 2377 2098 2429 Nam

541 2459 684 2526 quod
718 2460 767 2512 in
807 2463 1150 2516 sensibilibns
1180 2477 1262 2518 est
1301 2476 1533 2533 tempus,
1567 2468 1666 2519 ltoc
1691 2470 1869 2521 szeeuli
1897 2479 1976 2522 est
2010 2487 2104 2519 na-

543 2559 662 2600 tura
695 2550 746 2601 in
778 2553 934 2605 rebus
960 2557 1157 2606 mundo
1185 2558 1575 2624 superioribus.
1604 2558 1690 2612 Isti
1719 2575 1870 2624 vero,
1901 2561 1944 2614 si
1977 2562 2100 2628 quid

540 2643 756 2695 tertium
789 2659 885 2710 pro
912 2661 1004 2698 sua
1038 2648 1299 2714 sapientia
1338 2651 1846 2717 COllllllllllSClllllUl‘,
1887 2653 2093 2708 dicant.

538 2732 644 2786 Sed
682 2736 804 2788 dum
839 2739 1109 2798 ιιιουὺυηι.
1141 2741 1277 2795 haud
1313 2743 1557 2811 ignorent
1583 2759 1641 2797 se
1672 2742 1938 2814 Unigeniti
1976 2748 2102 2801 sub-

540 2826 795 2878 stantiam
834 2830 1045 2883 steculis
1092 2834 1443 2898 posteriorem
1500 2837 1858 2891 constituere.
1890 2837 2098 2892 Etenim

539 2916 584 2968 si
620 2920 759 2984 quod
789 2922 1020 2987 spatium
1056 2924 1155 2974 fuit
1184 2922 1320 2976 Filio
1348 2926 1642 2991 antiquius,
1677 2927 1818 2993 quod
1856 2927 2103 2980 videlicet

539 3026 598 3064 se
636 3025 790 3077 teque
821 3026 882 3062 ac
918 3011 1093 3064 Patris
1129 3014 1234 3064 vita
1267 3015 1601 3078 extenderit,
1649 3017 1834 3082 utique
1873 3015 2099 3068 alterum

538 3118 603 3155 ex
634 3102 717 3156 bis
753 3112 890 3156 erat.
947 3103 1049 3157 Sed
1098 3121 1194 3160 nec
1229 3115 1345 3173 est,
1390 3122 1488 3161 nec
1536 3107 1640 3160 erit
1683 3109 1939 3176 cogitatio
1978 3109 2097 3161 Filii

537 3196 806 3247 exstantia
847 3197 1139 3265 antiquior.
1177 3198 1309 3252 Nam
1345 3200 1489 3253 omni
1530 3214 1603 3261 re,
1639 3215 1756 3267 qua:
1791 3201 1981 3254 ordine
2011 3219 2102 3251 an-

540 3284 804 3354 tiquitatis
835 3290 1124 3357 excogitari
1155 3300 1347 3358 potest,
1389 3291 1630 3345 anterior
1665 3293 1969 3346 invenietur
2016 3294 2102 3345 illa

543 3376 634 3427 Dei
679 3375 837 3430 Verbi
865 3379 1008 3445 quod
1038 3382 1174 3448 apud
1206 3382 1372 3434 Deum
1413 3399 1442 3435 a
1484 3383 1750 3450 principio
1789 3393 1924 3446 erat,
1962 3385 2104 3438 exsi-

539 3467 753 3520 stentia.
789 3466 899 3520 Etsi
924 3469 1064 3521 enim
1089 3484 1146 3522 se
1170 3470 1282 3538 ipsa
1312 3472 1586 3539 decipiens
1619 3489 1767 3528 mens
1802 3474 2102 3528 innumeris

544 3559 1056 3626 imaginationibus,
1109 3577 1273 3629 seque
1317 3579 1496 3616 rerum
1547 3581 1648 3618 non
1697 3566 2099 3620 subsistendum

541 3653 860 3705 commentis
899 3668 1186 3722 occupans,
1217 3670 1277 3707 ea
1313 3671 1430 3723 quae
1467 3671 1569 3708 non
1611 3665 1734 3708 sunt
1762 3657 2100 3723 excogitave-

547 3741 644 3800 rit;
693 3743 888 3793 nullam
933 3747 1150 3797 omnino
1193 3747 1431 3801 inveniet
1473 3756 1678 3807 artem,
1731 3763 1833 3814 qua
1871 3748 2100 3815 seipsam

546 3833 717 3900 possit
759 3832 896 3884 ultra
943 3831 1210 3902 Unigeniti
1267 3839 1585 3905 principium
1635 3838 1956 3900 extendere,
2010 3847 2102 3890 aut

543 3925 706 3976 vitam
741 3923 855 3992 ejus
889 3928 978 3994 qui
1014 3943 1108 3995 per
1138 3941 1196 3980 se
1230 3928 1332 3979 vita
1367 3940 1468 3992 est,
1519 3946 1616 3982 suo
1643 3933 1808 3997 ipsius
1843 3942 1989 3984 motu
2023 3933 2100 3983 in-

546 4013 793 4066 feriorem
843 4017 1164 4086 relinquere,
1203 4025 1296 4070 attt
1344 4034 1439 4070 sua
1473 4021 1796 4087 cogitatione
1841 4021 2098 4087 originem

545 4103 637 4159 Dei
680 4109 834 4161 Verbi
868 4115 1268 4177 transcendere,
1296 4123 1386 4165 aut
1416 4112 1610 4165 sazeula
1651 4111 1760 4164 Deo
1787 4112 2100 4165 smculorum

543 4196 794 4252 destituta
822 4200 921 4254 sibi
955 4201 1170 4270 lingere.

611 4378 652 4407 δι
681 4377 840 4432 llebr.
875 4397 911 4442 t,
948 4383 999 4434 9..
1080 4383 1123 4414 “
1150 4382 1306 4436 Joan.
1353 4401 1386 4446 l,
1414 4387 1466 4438 5.

615 4496 727 4565 (75)
779 4497 952 4548 Editio
1009 4506 1234 4563 utraque
1299 4501 1431 4554 Ven.
1483 4510 1536 4555 et
1591 4501 1760 4553 Paris.
1827 4501 1961 4554 ἀλλὰ
2015 4501 2108 4554 καὶ

542 4568 718 4636 τούτῳ
751 4568 1185 4639 τὸννΜονογενῆ,
1220 4582 1494 4639 οριτιιιιιε.
1557 4572 1708 4639 Regii
1761 4575 2026 4624 secundus
2056 4581 2109 4625 et

545 4634 768 4707 quartus
794 4635 927 4709 ἁλλᾲ
965 4638 1059 4690 καὶ
1102 4634 1218 4700 τοῦ,
1243 4634 1285 4704 ᾧ
1331 4634 1419 4691 τὸν
1471 4634 1772 4709 Μονογενῆ,
1805 4643 2105 4697 emendate.

548 4703 712 4775 Igitur
745 4703 934 4759 borum
969 4703 1266 4761 verborum
1292 4716 1560 4763 sententia
1599 4703 1709 4762 base
1739 4703 1828 4763 Vest
1859 4728 1871 4762 :
1923 4711 2104 4763 Mirari

547 4778 693 4831 subit
747 4777 1133 4840 Eunoniianos,
1172 4779 1260 4847 qui
1326 4795 1429 4830 non
1492 4782 1793 4844 intelligunt
1847 4783 1997 4846 sequi
2041 4797 2114 4834 ex

548 4849 662 4900 suis
691 4848 888 4908 verbis,
942 4848 1135 4901 Filium
1170 4865 1273 4902 non
1324 4849 1482 4902 Patre
1539 4852 1706 4902 solum
1759 4857 2105 4916 posteriorem

547 4933 686 4980 esse,
714 4919 804 4969 sed
833 4933 954 4970 eum
993 4921 1154 4971 etiam
1209 4920 1564 4987 posteriorem
1598 4937 1717 4972 esse
1745 4941 1804 4973 ea
1857 4925 1966 4987 ipsa
2027 4937 2104 4980 re,

549 5001 643 5054 per
697 5002 854 5052 quam
907 4991 1076 5054 ipsum
1139 5007 1165 5041 a
1225 4990 1382 5040 l’atre
1445 5004 1720 5056 separant.
1773 4992 1929 5052 lllud,
1990 4990 2104 5050 τοῦ,

553 5056 757 5123 optimc
782 5058 1166 5122 interpretatus
1190 5072 1272 5111 est
1313 5061 1565 5112 librarius
1599 5062 1646 5109 iu
1684 5064 1922 5128 margine
1955 5060 2105 5127 ltegii

551 5128 797 5200 seettt_t_di,
835 5144 954 5179 eum
995 5129 1062 5178 ita
1098 5131 1334 5196 scripsit,
1368 5129 1398 5196 ἢ
1446 5129 1696 5196 αἰῶνοςῆ
1749 5132 1961 5200 χρόνου.
1999 5133 2109 5181 lloe

551 5207 654 5261 est,
691 5196 1007 5249 Ettnomiaui
1035 5201 1266 5250 ellirimtt
1291 5216 1504 5266 quoque
1530 5203 1720 5252 Filium
1759 5196 2104 5265 posteriorem

554 5268 670 5337 ipso
701 5284 837 5328 aevo,
873 5280 963 5319 aut
991 5269 1103 5334 ipso
1130 5280 1388 5336 tempore,
1417 5287 1644 5337 quorum
1677 5270 1957 5323 ittterVallo
1984 5284 2106 5323 cum

553 5354 581 5389 a
615 5336 771 5388 Patre
800 5338 1104 5403 sejunguttl.

624 5408 732 5470 (76)
757 5407 931 5481 (ξιιιιατκ
963 5424 1177 5481 unus}:
1272 5412 1491 5478 μεταξύ.

623 5478 736 5544 (77)
777 5476 912 5528 Editi
943 5479 1188 5530 ἐπινοῶν.
1217 5476 1288 5532 λι
1320 5498 1443 5533 nISs.
1482 5481 1632 5533 multi
1666 5480 1878 5536 ἐννοῶν.

627 5548 738 5621 (ἶδ)
776 5551 865 5621 ΡΨ
889 5548 1007 5621 ινιιὶιί
1041 5559 1269 5621 \'°_'_leres‘.
1305 5552 1440 5619 Editi
1479 5550 1736 5621 περισσὸν
1770 5556 1860 5604 καὶ
1895 5551 2034 5618 οὐχί.

627 5619 738 5685 (79)
771 5617 1059 5670 Editioi:es.
1083 5617 1187 5670 Ven
1236 5633 1286 5674 et
1313 5617 1485 5675 Paris.
1526 5617 2102 5689 Slepltanaeaquceum

557 5688 684 5753 ιιοικ.
720 5691 904 5758 quinto
935 5690 996 5738 ἐκ
1037 5690 1108 5758 μὴ
1131 5690 1318 5743 ὄντων,
1354 5692 1527 5746 Codex
1567 5692 1716 5744 (Lolli.
1760 5704 1808 5743 et
1836 5688 1943 5756 Heg
1998 5702 2105 5742 ter-

560 5761 660 5814 tius
689 5763 749 5812 ἐκ
783 5757 853 5824 μὴ
886 5757 1053 5824 ὄντος.
1096 5757 1192 5816 Alii
1220 5773 1447 5828 quatuor
1481 5779 1607 5819 mss.
1629 5764 1688 5813 ἐκ
1712 5763 1800 5814 τοῦ
1835 5765 1904 5828 μὴ
1937 5762 2104 5824 δντυς.

2203 1916 2561 1986 συγχωροῦσι,
2603 1918 2740 1970 κατὰ
2772 1916 3024 1988 ἀλήθειαν
3063 1918 3469 1989 ἀφαιρούμενοι.
3526 1921 3754 1990 Ἐρωτή-

2203 2024 2383 2077 σωμεν
2411 2007 2520 2078 γὰρ
2550 2009 2740 2072 αὐτοὺς
2771 2011 2895 2072 τοὺς
2931 2009 2993 2059 ἐκ
3040 2008 3111 2078 μὴ
3143 2009 3307 2062 ὄντων
3353 2011 3462 2079 (79)
3497 2011 3769 2081 παράγονο

2200 2117 2296 2162 τας
2334 2099 2426 2152 τοῦ
2461 2101 2795 2167 Μονογενοῦς
2837 2102 2934 2172 τὴν
2972 2103 3156 2156 οὐσίαν
3181 2120 3193 2131 ⁸
3243 2104 3368 2155 Ὅτε
3409 2105 3508 2157 οὑκ
3551 2099 3638 2174 ἦν,
3692 2103 3768 2166 ὦς

2202 2209 2356 2258 φατε,
2385 2194 2436 2244 τί
2461 2189 2526 2262 ἦν
2551 2194 2724 2245 ἐκεῖνο
2756 2195 2814 2245 τὸ
2839 2195 3139 2265 διάστημα;
3169 2194 3288 2248 τίνα
3317 2195 3462 2265 αὑτῷ
3498 2213 3767 2267 προσηγοο

2204 2282 2321 2349 ρίαν
2345 2284 2689 2351 ὲπινοήσετε;
2735 2283 2794 2334 Ἦ
2833 2284 2929 2353 μὲν
2961 2286 3068 2353 γὰρ
3109 2283 3258 2354 κοινὴ
3294 2285 3602 2355 συνήθειαῆ
3637 2287 3766 2356 χρό-

2201 2390 2310 2434 νοις
2358 2376 2388 2444 ῆ
2438 2376 2628 2429 αἰῶσιν
2674 2377 2816 2429 ἆπαν
2881 2376 3150 2449 διάστημα
3205 2377 3519 2430 ὑποϐάλλει’
3579 2380 3766 2450 ἐπειδὴ

2201 2465 2335 2534 ὅπερ
2370 2469 2424 2516 ὲν
2458 2470 2568 2530 τοῖς
2598 2468 2872 2538 αἰσθητοῖς
2904 2471 2931 2522 ὁ
2958 2471 3166 2539 χρόνος,
3196 2469 3352 2524 τοῦτο
3383 2470 3438 2520 ἐν
3466 2473 3573 2532 τοῖς
3601 2472 3763 2540 ὑπερ-

2204 2556 2448 2625 κοσμίοις
2486 2561 2517 2626 ἡ
2550 2560 2640 2610 τοῦ
2688 2560 2880 2624 αἰῶνος
2913 2560 3072 2629 φύσις
3110 2560 3275 2614 ἐστίν.
3314 2554 3470 2613 Οὗτοι
3503 2559 3593 2623 δὲ,
3628 2562 3682 2611 εἰ
3714 2579 3766 2613 τι

2200 2650 2380 2719 τρίτον
2423 2651 2486 2700 ἐκ
2514 2649 2611 2717 τῆς
2647 2651 2850 2702 ἑαυτῶν
2891 2653 3080 2720 σοφίας
3111 2651 3399 2714 ἐπινοοῦσι,
3437 2651 3762 2719 λεγέτωσαν.

2203 2737 2348 2800 Ἕως
2401 2736 2445 2788 δ’
2501 2736 2566 2790 ἂν
2626 2736 2888 2801 σιωπῶσι,
2943 2740 3014 2806 μὴ
3063 2740 3467 2794 λανθανέτωσαν
3509 2741 3766 2812 δευτέραν

2201 2827 2409 2880 αἰώνων
2437 2828 2534 2898 τὴν
2561 2828 2652 2880 τοῦ
2681 2829 3013 2896 Μονογενοῦς
3035 2830 3218 2881 οὐσίαν
3247 2832 3537 2900 τιθέμενοι.
3566 2833 3626 2884 Εἰ
3658 2833 3765 2904 γὰρ

2199 2917 2269 2990 ἦν
2297 2922 2404 2990 (80)
2441 2939 2490 2974 τι
2519 2921 2791 2992 διάστημα
2812 2920 3176 2993 πρεσϐύτερον
3214 2923 3305 2973 τοῦ
3331 2923 3480 2985 Υἰοῦ,
3517 2941 3756 2993 συμπαρ-

2201 3013 2566 3082 εκτεινόμενον
2623 3018 2688 3084 τῇ
2727 3013 2835 3085 ζωῇ
2878 3012 2971 3066 τοῦ
3008 3015 3241 3084 Πατρὺς,
3280 3013 3338 3065 ἓν
3371 3031 3422 3065 τι
3453 3013 3654 3066 τοῦτ-ον
3697 3011 3766 3084 ἦν

2203 3100 2459 3169 δηλονότι.
2521 3104 2655 3154 Ἀλλ’
2693 3103 2801 3156 οὔτ’
2835 3104 2999 3167 ἔστιν,
3051 3102 3172 3156 οὔτε
3228 3102 3301 3174 μὴ
3330 3104 3549 3172 γένηται
3590 3103 3766 3155 ἔννοια

2208 3192 2546 3260 πρεσϐυτέρα
2585 3193 2686 3260 τῆς
2717 3195 2808 3245 τοῦ
2846 3193 3179 3260 Μονογενοῦς
3214 3193 3583 3256 ὑποστάσεως.
3621 3193 3766 3245 Παν-

2203 3281 2292 3343 τὸς
2323 3281 2428 3349 γὰρ
2458 3281 2550 3332 τοῦ
2593 3282 2884 3350 δυναμένου
2930 3285 3008 3343 εἰς
3049 3284 3403 3356 ἀρχαιότητος
3449 3285 3604 3352 λόγον
3650 3287 3756 3337 ἐπι-

2203 3372 2434 3425 νοεῖσθαι
2467 3373 2710 3442 άνωτέρα
2747 3375 2779 3440 ἡ
2828 3371 3054 3442 ’ὑπαρξις
3086 3375 3177 3426 τοῦ
3211 3376 3344 3428 Θεοῦ
3380 3376 3551 3443 Λόγου
3581 3377 3673 3428 τοῦ
3710 3380 3766 3430 ἐν

2201 3466 2338 3535 ἀρχῇ
2367 3465 2515 3527 ὄντος
2543 3465 2673 3534 πρὸς
2698 3464 2788 3515 τὸν
2815 3463 2944 3514 Θεὸν
2974 3464 3343 3533 εὑρεθήσεται.
3376 3468 3514 3531 Κᾶν,
3547 3470 3766 3539 μυρίαις

2201 3556 2516 3624 φαντασίαις
2549 3555 2735 3608 ἑαυτὸν
2769 3553 3112 3624 ἐξαπατήσας
3145 3557 3172 3606 ὁ
3215 3556 3356 3621 νοῦς,
3391 3559 3480 3610 καὶ
3514 3563 3625 3622 τοῖς
3661 3559 3766 3610 τῶν

2209 3650 2565 3720 ἀνυπάρκτων
2615 3649 2984 3718 ἁναπλασμοῖς
3037 3646 3361 3711 ἐπιϐάλλων,
3405 3651 3473 3701 τὰ
3515 3651 3589 3721 μὴ
3640 3652 3770 3704 εντα

2209 3745 2428 3811 περινοῇ
2464 3741 2593 3811 (81),
2624 3741 2873 3811 οὐδεμίαν
2907 3739 3012 3792 τῶν
3042 3739 3231 3792 πασῶν
3265 3741 3506 3809 μηχανὴν
3547 3743 3769 3811 ἐξευρή-

2210 3850 2313 3897 σει,
2341 3833 2405 3885 δι’
2429 3829 2496 3903 ἧς
2524 3834 2806 3904 δυνήσεται
2837 3832 2935 3902 τῆς
2966 3831 3138 3904 ἀρχῆς
3171 3830 3264 3883 τοῦ
3295 3832 3626 3900 Μονογενοῦς
3653 3835 3773 3886 ἐαυσ

2208 3924 2297 3976 τὸν
2331 3923 2638 3993 ὑπερθεῖναι
2661 3941 2674 3954 ·
2711 3924 2802 3976 καὶ
2839 3924 3149 3994 κατωτέραν
3181 3923 3271 3976 τοῦ
3312 3923 3438 3976 ἰδίου
3475 3926 3771 3993 κινήματος

2207 4018 2304 4086 τὴν
2351 4018 2493 4084 ζωὴν
2545 4016 2859 4069 καταλιπεῖν
2897 4016 2993 4083 τῆς
3031 4016 3338 4085 αὑτοζωῆς·
3388 4017 3479 4069 καὶ
3527 4016 3604 4086 τῷ
3656 4017 3772 4086 ἰδίῳ

2206 4109 2345 4179 λόγῳ
2390 4108 2482 4161 τοῦ
2531 4107 2662 4159 Θεοῦ
2723 4108 2894 4173 Λόγου
2936 4107 3034 4175 τὴν
3080 4108 3252 4177 ἀρχὴν
3295 4108 3624 4178 ὑπερϐῆναι·
3677 4109 3772 4160 καὶ

2207 4201 2406 4262 αἰῶνας
2443 4198 2768 4252 ἐποπτεῦσαι
2798 4198 2906 4266 (82)
2940 4197 3172 4266 ἐρήμους
3215 4198 3306 4249 τοῦ
3336 4198 3467 4250 Θεοῦ
3499 4199 3606 4252 τῶν
3638 4201 3771 4252 αἰώ-

2139 4280 2180 4333 D
2209 4310 2333 4344 νων.

2281 4495 2388 4566 (80)
2421 4495 2553 4547 Editi
2581 4496 2749 4567 Εἴπερ
2774 4494 2878 4568 γὰρ
2901 4493 2988 4567 ἦν.
3022 4497 3090 4548 At
3123 4513 3251 4550 nts<.
3291 4498 3351 4550 Εἰ
3379 4499 3484 4568 γὰρ
3515 4494 3601 4568 ἦν.
3643 4499 3768 4552 Sta-

2213 4570 2305 4621 tim
2339 4567 2467 4618 mss.
2509 4569 2746 4620 nonnulli
2794 4567 2915 4620 οὑδέ
2963 4569 3129 4631 ἐστιν,
3159 4568 3278 4620 οὐδὲ
3329 4571 3423 4637 μή.
3455 4567 3765 4634 Interpres:

2211 4639 2315 4691 Sed
2347 4652 2435 4688 nec
2457 4646 2554 4699 est,
2592 4653 2680 4690 nec
2714 4638 2814 4689 erit
2841 4637 3108 4701 antiquior
3131 4654 3311 4690 sensus
3343 4637 3608 4703 Unigeniti
3645 4644 3769 4690 sub-

2211 4707 2469 4760 sistentia.
2506 4707 2632 4766 Sed,
2671 4708 2774 4758 nisi
2802 4706 2954 4759 valde
2984 4707 3164 4770 fallor,
3191 4724 3288 4760 vox
3324 4707 3621 4769 ὑπόστασις
3657 4720 3767 4762 tum

2214 4779 2340 4834 hoc,
2373 4785 2481 4830 tum
2517 4777 2786 4830 similibus
2822 4775 2975 4847 locis,
3009 4793 3112 4830 non
3161 4778 3350 4830 stricte
3381 4778 3631 4839 sumitur,
3671 4797 3767 4847 pro

2212 4863 2438 4914 persona
2496 4847 2764 4899 videlicet.
2823 4845 3073 4898 Arbitror
3111 4848 3271 4912 igitur
3308 4860 3488 4899 vocem
3528 4845 3766 4903 ὑπόστα-

2213 4934 2296 4978 σις
2325 4917 2410 4969 hic
2451 4917 2589 4970 sumi
2614 4915 2810 4986 debere
2842 4915 3154 4986 latius,pro
3185 4915 3506 4973 substantia.
3542 4930 3631 4970 aut
3669 4937 3766 4986 pro

2211 4998 2424 5046 natura,
2463 4987 2539 5040 sic
2576 4984 2772 5056 lliulIOC
2799 4984 2914 5056 loco
2948 4985 3244 5047 ὑπόστασις
3275 4987 3410 5038 idem
3438 4984 3767 5056 valeatquod

2211 5056 2491 5119 σύστασις,
2524 5064 2617 5106 aut
2643 5051 2893 5124 ῦπαρξις,
2929 5056 3245 5116 constitutio,
3279 5051 3770 5115 snbsistentiafna-

2209 5138 2348 5186 tura,
2387 5138 2494 5179 etc.
2528 5124 2824 5176 Notandum
2879 5126 3042 5177 etiam
3097 5141 3278 5178 vocem
3325 5129 3656 5178 subsistentia
3696 5129 3764 5178 ita

2211 5198 2528 5248 familiarem
2563 5194 2728 5247 fuisse
2759 5195 3060 5260 interpreti,
3101 5207 3157 5248 ut
3187 5198 3396 5262 quoties
3423 5211 3523 5246 vox
3573 5196 3766 5250 σύστα-

2211 5283 2295 5328 σις
2341 5266 2599 5334 oecurrit,
2637 5266 2874 5316 occurrit
2921 5276 3097 5317 autem
3148 5267 3360 5330 ratpitts,
3391 5279 3508 5316 eam
3556 5282 3770 5334 semper

2209 5336 2399 5389 reddat
2434 5333 2623 5386 Latine
2666 5335 3059 5386 subsistentinm
3093 5352 3108 5387 :
3143 5335 3283 5400 quod
3343 5349 3518 5397 nemo,
3555 5333 3769 5403 opinor,

2209 5407 2368 5459 ltomo
2397 5404 2729 5473 probaverit,
2773 5419 2892 5456 cum
2927 5405 2991 5456 iis
3033 5405 3084 5457 lll
3139 5405 3272 5456 locis
3306 5419 3406 5454 non
3438 5408 3667 5460 obscure
3701 5410 3766 5457 si-

2208 5477 2428 5544 gnilicet
2461 5473 2684 5544 aliquid,
2725 5475 2866 5539 quod
2901 5473 3043 5526 Patri
3072 5491 3223 5540 :eqne
3269 5491 3330 5523 ae
3381 5473 3534 5536 Filio,
3572 5491 3766 5528 Conve-

2210 5543 2318 5598 niat
2359 5563 2369 5596 :
2403 5543 2543 5612 quod
2570 5543 2635 5596 dc
2665 5544 3018 5596 subsistentia
3047 5547 3152 5596 diei
3188 5557 3288 5594 non
3329 5560 3486 5612 posse
3531 5556 3768 5598 constat.

2279 5616 2386 5680 (εί)
2423 5615 2550 5680 "US.
2594 5625 2818 5681 quartus
2858 5612 2930 5681 μὴ
2954 5614 3081 5665 ὄντα
3113 5616 3318 5681 ἐπινοῇ,

2282 5686 2390 5750 (8:!)
2425 5684 2562 5735 ISditi
2620 5693 2671 5735 et
2725 5682 2927 5749 aliquot
2977 5701 3101 5739 mss.
3142 5681 3496 5739 ὑποπτεῦσαι.
3529 5685 3629 5738 Alii
3660 5697 3770 5740 tres

2209 5772 2334 5811 mss.
2371 5752 2718 5820 ἐποπτεῦσαι,
2749 5755 2960 5808 rectius.
