  <div class='ocr_page' id='page_1' title='image "/cluster/home/n/w/nwhite01/storage/ocr_20150623/29/ien.35556001660547/707.png"; bbox 0 0 4026 6454; ppageno 0'>
   <div class='ocr_carea' id='block_1_1' title="bbox 277 398 388 455">
    <p class='ocr_par' dir='ltr' id='par_1_1' title="bbox 277 398 388 455">
     <span class='ocr_line' id='line_1_1' title="bbox 277 398 388 455; baseline -0.027 0"><span class='ocrx_word' id='word_1_1' title='bbox 277 398 388 455; x_wconf 80' lang='grc'><strong>597</strong></span> 
     </span>
    </p>
   </div>
   <div class='ocr_carea' id='block_1_2' title="bbox 357 506 1915 583">
    <p class='ocr_par' dir='ltr' id='par_1_2' title="bbox 357 506 1915 583">
     <span class='ocr_line' id='line_1_2' title="bbox 357 506 1915 583; baseline 0.004 -21"><span class='ocrx_word' id='word_1_2' title='bbox 357 507 445 562; x_wconf 71' lang='grc'><strong>16.</strong></span> <span class='ocrx_word' id='word_1_3' title='bbox 499 506 921 579; x_wconf 82' lang='grc' dir='ltr'>Ἀφαιρούμενος</span> <span class='ocrx_word' id='word_1_4' title='bbox 948 509 1003 562; x_wconf 82' lang='grc' dir='ltr'>δὲ</span> <span class='ocrx_word' id='word_1_5' title='bbox 1036 508 1134 579; x_wconf 76' lang='grc' dir='ltr'><strong>τὴν</strong></span> <span class='ocrx_word' id='word_1_6' title='bbox 1163 509 1516 583; x_wconf 80' lang='grc' dir='ltr'><strong>ὀφειλομένην</strong></span> <span class='ocrx_word' id='word_1_7' title='bbox 1556 512 1633 583; x_wconf 81' lang='grc' dir='ltr'>τῷ</span> <span class='ocrx_word' id='word_1_8' title='bbox 1669 515 1843 567; x_wconf 84' lang='grc' dir='ltr'>Μονο-</span> <span class='ocrx_word' id='word_1_9' title='bbox 1873 521 1915 578; x_wconf 79' lang='grc' dir='ltr'><strong>Α</strong></span> 
     </span>
    </p>
   </div>
   <div class='ocr_carea' id='block_1_3' title="bbox 275 599 1844 675">
    <p class='ocr_par' dir='ltr' id='par_1_3' title="bbox 275 599 1844 675">
     <span class='ocr_line' id='line_1_3' title="bbox 275 599 1844 675; baseline 0.003 -22"><span class='ocrx_word' id='word_1_10' title='bbox 275 602 432 668; x_wconf 79' lang='grc' dir='ltr'>γενεῖ</span> <span class='ocrx_word' id='word_1_11' title='bbox 472 599 660 667; x_wconf 78' lang='grc' dir='ltr'>δόξαν,</span> <span class='ocrx_word' id='word_1_12' title='bbox 694 602 943 653; x_wconf 84' lang='grc' dir='ltr'>σκοπεῖτε</span> <span class='ocrx_word' id='word_1_13' title='bbox 972 602 1145 665; x_wconf 85' lang='grc' dir='ltr'>ποίοις</span> <span class='ocrx_word' id='word_1_14' title='bbox 1180 602 1339 656; x_wconf 75' lang='grc' dir='ltr'>αὐτὸν</span> <span class='ocrx_word' id='word_1_15' title='bbox 1367 602 1727 675; x_wconf 77' lang='grc' dir='ltr'><strong>ἀποσεμνύνει</strong></span> <span class='ocrx_word' id='word_1_16' title='bbox 1760 605 1844 658; x_wconf 86' lang='grc' dir='ltr'>λό-</span> 
     </span>
    </p>
   </div>
   <div class='ocr_carea' id='block_1_4' title="bbox 275 710 421 760">
    <p class='ocr_par' dir='ltr' id='par_1_4' title="bbox 275 710 421 760">
     <span class='ocr_line' id='line_1_4' title="bbox 275 710 421 760; baseline 0.027 -15"><span class='ocrx_word' id='word_1_17' title='bbox 275 710 421 760; x_wconf 71' lang='grc' dir='ltr'>τοις.</span> 
     </span>
    </p>
   </div>
   <div class='ocr_carea' id='block_1_5' title="bbox 348 784 1844 859">
    <p class='ocr_par' dir='ltr' id='par_1_5' title="bbox 348 784 1844 859">
     <span class='ocr_line' id='line_1_5' title="bbox 348 784 1844 859; baseline 0.003 -21"><span class='ocrx_word' id='word_1_18' title='bbox 348 785 511 839; x_wconf 84' lang='grc' dir='ltr'>ΕΥΝ.</span> <span class='ocrx_word' id='word_1_19' title='bbox 544 786 698 837; x_wconf 88' lang='grc' dir='ltr'>Ἔστι</span> <span class='ocrx_word' id='word_1_20' title='bbox 717 784 794 847; x_wconf 79' lang='grc' dir='ltr'><strong>δὲ,</strong></span> <span class='ocrx_word' id='word_1_21' title='bbox 819 788 1001 857; x_wconf 68' lang='grc' dir='ltr'>φησὶν,</span> <span class='ocrx_word' id='word_1_22' title='bbox 1029 788 1061 855; x_wconf 84' lang='grc' dir='ltr'>ἡ</span> <span class='ocrx_word' id='word_1_23' title='bbox 1088 786 1242 840; x_wconf 84' lang='grc' dir='ltr'>οὐσία</span> <span class='ocrx_word' id='word_1_24' title='bbox 1262 786 1354 839; x_wconf 81' lang='grc' dir='ltr'>τοῦ</span> <span class='ocrx_word' id='word_1_25' title='bbox 1376 787 1504 842; x_wconf 73' lang='grc' dir='ltr'>Υἰοῦ</span> <span class='ocrx_word' id='word_1_26' title='bbox 1528 789 1844 859; x_wconf 82' lang='grc' dir='ltr'>γεννηθεῖσα</span> 
     </span>
    </p>
   </div>
   <div class='ocr_carea' id='block_1_6' title="bbox 272 874 1565 953">
    <p class='ocr_par' dir='ltr' id='par_1_6' title="bbox 272 874 1565 953">
     <span class='ocr_line' id='line_1_6' title="bbox 272 874 1565 953; baseline 0.004 -27"><span class='ocrx_word' id='word_1_27' title='bbox 272 877 387 947; x_wconf 85' lang='grc' dir='ltr'><strong>πρὸ</strong></span> <span class='ocrx_word' id='word_1_28' title='bbox 430 876 664 936; x_wconf 84' lang='grc' dir='ltr'>πάντων,</span> <span class='ocrx_word' id='word_1_29' title='bbox 703 874 893 947; x_wconf 82' lang='grc' dir='ltr'>γνώμῃ</span> <span class='ocrx_word' id='word_1_30' title='bbox 920 875 1011 928; x_wconf 78' lang='grc' dir='ltr'>τοῦ</span> <span class='ocrx_word' id='word_1_31' title='bbox 1042 876 1174 930; x_wconf 81' lang='grc' dir='ltr'>Θεοῦ</span> <span class='ocrx_word' id='word_1_32' title='bbox 1209 878 1302 930; x_wconf 73' lang='grc' dir='ltr'><strong>καὶ</strong></span> <span class='ocrx_word' id='word_1_33' title='bbox 1336 878 1565 953; x_wconf 84' lang='grc' dir='ltr'>Πατρός.</span> 
     </span>
    </p>
   </div>
   <div class='ocr_carea' id='block_1_7' title="bbox 350 965 1843 1040">
    <p class='ocr_par' dir='ltr' id='par_1_7' title="bbox 350 965 1843 1040">
     <span class='ocr_line' id='line_1_7' title="bbox 350 965 1843 1040; baseline 0.003 -23"><span class='ocrx_word' id='word_1_34' title='bbox 350 966 496 1020; x_wconf 78' lang='grc' dir='ltr'><strong>ΒΑΣ.</strong></span> <span class='ocrx_word' id='word_1_35' title='bbox 533 965 700 1019; x_wconf 74' lang='grc' dir='ltr'>Τοῦτο</span> <span class='ocrx_word' id='word_1_36' title='bbox 728 968 871 1038; x_wconf 87' lang='grc' dir='ltr'>μέγα</span> <span class='ocrx_word' id='word_1_37' title='bbox 894 966 1214 1037; x_wconf 82' lang='grc' dir='ltr'>προστίθησι</span> <span class='ocrx_word' id='word_1_38' title='bbox 1243 965 1320 1035; x_wconf 85' lang='grc' dir='ltr'>τῷ</span> <span class='ocrx_word' id='word_1_39' title='bbox 1350 968 1481 1039; x_wconf 78' lang='grc' dir='ltr'>Υὶῷ,</span> <span class='ocrx_word' id='word_1_40' title='bbox 1516 968 1577 1020; x_wconf 88' lang='grc' dir='ltr'><strong>τὸ</strong></span> <span class='ocrx_word' id='word_1_41' title='bbox 1609 968 1843 1040; x_wconf 73' lang='grc' dir='ltr'>πρεσϐύ-</span> 
     </span>
    </p>
   </div>
   <div class='ocr_carea' id='block_1_8' title="bbox 271 1054 1843 1131">
    <p class='ocr_par' dir='ltr' id='par_1_8' title="bbox 271 1054 1843 1131">
     <span class='ocr_line' id='line_1_8' title="bbox 271 1054 1843 1131; baseline 0.007 -27"><span class='ocrx_word' id='word_1_42' title='bbox 271 1072 436 1123; x_wconf 85' lang='grc' dir='ltr'>τερον</span> <span class='ocrx_word' id='word_1_43' title='bbox 482 1054 618 1110; x_wconf 86' lang='grc' dir='ltr'>εἶναι</span> <span class='ocrx_word' id='word_1_44' title='bbox 646 1060 745 1129; x_wconf 80' lang='grc' dir='ltr'>τῆς</span> <span class='ocrx_word' id='word_1_45' title='bbox 784 1056 1042 1124; x_wconf 80' lang='grc' dir='ltr'><strong>κτίσεως,</strong></span> <span class='ocrx_word' id='word_1_46' title='bbox 1076 1059 1170 1112; x_wconf 76' lang='grc' dir='ltr'><strong>καὶ</strong></span> <span class='ocrx_word' id='word_1_47' title='bbox 1205 1058 1309 1111; x_wconf 86' lang='grc' dir='ltr'><strong>τῶν</strong></span> <span class='ocrx_word' id='word_1_48' title='bbox 1342 1061 1656 1131; x_wconf 78' lang='grc' dir='ltr'>ποιημάτων</span> <span class='ocrx_word' id='word_1_49' title='bbox 1683 1063 1843 1115; x_wconf 78' lang='grc' dir='ltr'>αὐτὸν</span> 
     </span>
    </p>
   </div>
   <div class='ocr_carea' id='block_1_9' title="bbox 272 1145 1844 1223">
    <p class='ocr_par' dir='ltr' id='par_1_9' title="bbox 272 1145 1844 1223">
     <span class='ocr_line' id='line_1_9' title="bbox 272 1145 1844 1223; baseline 0.004 -25"><span class='ocrx_word' id='word_1_50' title='bbox 272 1145 389 1199; x_wconf 79' lang='grc' dir='ltr'><strong>τῶν</strong></span> <span class='ocrx_word' id='word_1_51' title='bbox 434 1149 627 1202; x_wconf 77' lang='grc' dir='ltr'>ἑαυτοῦ</span> <span class='ocrx_word' id='word_1_52' title='bbox 662 1149 1054 1221; x_wconf 75' lang='grc' dir='ltr'>προϋπάρχειν,</span> <span class='ocrx_word' id='word_1_53' title='bbox 1096 1148 1297 1219; x_wconf 76' lang='grc' dir='ltr'>ἀρκοῦν</span> <span class='ocrx_word' id='word_1_54' title='bbox 1329 1153 1407 1213; x_wconf 83' lang='grc' dir='ltr'><strong>εἰς</strong></span> <span class='ocrx_word' id='word_1_55' title='bbox 1450 1150 1606 1213; x_wconf 80' lang='grc' dir='ltr'>δόξαν</span> <span class='ocrx_word' id='word_1_56' title='bbox 1638 1154 1714 1222; x_wconf 78' lang='grc' dir='ltr'>τῷ</span> <span class='ocrx_word' id='word_1_57' title='bbox 1739 1157 1844 1223; x_wconf 82' lang='grc' dir='ltr'><strong>Δη-</strong></span> 
     </span>
    </p>
   </div>
   <div class='ocr_carea' id='block_1_10' title="bbox 277 1239 1844 1313">
    <p class='ocr_par' dir='ltr' id='par_1_10' title="bbox 277 1239 1844 1313">
     <span class='ocr_line' id='line_1_10' title="bbox 277 1239 1844 1313; baseline 0.004 -23"><span class='ocrx_word' id='word_1_58' title='bbox 277 1239 528 1310; x_wconf 82' lang='grc' dir='ltr'>μιουργῷ</span> <span class='ocrx_word' id='word_1_59' title='bbox 554 1240 661 1293; x_wconf 89' lang='grc' dir='ltr'><strong>τῶν</strong></span> <span class='ocrx_word' id='word_1_60' title='bbox 689 1242 823 1293; x_wconf 80' lang='grc' dir='ltr'>ὅλων</span> <span class='ocrx_word' id='word_1_61' title='bbox 855 1242 1132 1309; x_wconf 80' lang='grc' dir='ltr'>τιθέμενος</span> <span class='ocrx_word' id='word_1_62' title='bbox 1168 1240 1229 1292; x_wconf 88' lang='grc' dir='ltr'><strong>τὸ</strong></span> <span class='ocrx_word' id='word_1_63' title='bbox 1258 1241 1569 1312; x_wconf 78' lang='grc' dir='ltr'>κτισμάτων</span> <span class='ocrx_word' id='word_1_64' title='bbox 1601 1244 1710 1313; x_wconf 78' lang='grc'>(8⁵5)</span> <span class='ocrx_word' id='word_1_65' title='bbox 1747 1245 1844 1296; x_wconf 77' lang='grc' dir='ltr'><strong>αὺ-</strong></span> 
     </span>
    </p>
   </div>
   <div class='ocr_carea' id='block_1_11' title="bbox 271 1334 1843 1409">
    <p class='ocr_par' dir='ltr' id='par_1_11' title="bbox 271 1334 1843 1409">
     <span class='ocr_line' id='line_1_11' title="bbox 271 1334 1843 1409; baseline 0.004 -24"><span class='ocrx_word' id='word_1_66' title='bbox 271 1334 369 1386; x_wconf 86' lang='grc' dir='ltr'>τὸν</span> <span class='ocrx_word' id='word_1_67' title='bbox 411 1335 520 1388; x_wconf 86' lang='grc' dir='ltr'><strong>τῶν</strong></span> <span class='ocrx_word' id='word_1_68' title='bbox 564 1336 756 1389; x_wconf 75' lang='grc' dir='ltr'>ἑαυτοῦ</span> <span class='ocrx_word' id='word_1_69' title='bbox 809 1334 1190 1405; x_wconf 73' lang='grc' dir='ltr'>προτετάχθαι.</span> <span class='ocrx_word' id='word_1_70' title='bbox 1251 1338 1361 1405; x_wconf 82' lang='grc' dir='ltr'><strong>Τῆς</strong></span> <span class='ocrx_word' id='word_1_71' title='bbox 1413 1335 1524 1406; x_wconf 73' lang='grc' dir='ltr'>γὰρ</span> <span class='ocrx_word' id='word_1_72' title='bbox 1573 1339 1706 1409; x_wconf 84' lang='grc' dir='ltr'>πρὸς</span> <span class='ocrx_word' id='word_1_73' title='bbox 1752 1339 1843 1391; x_wconf 90' lang='grc' dir='ltr'><strong>τὸν</strong></span> 
     </span>
    </p>
   </div>
   <div class='ocr_carea' id='block_1_12' title="bbox 270 1424 1843 1503">
    <p class='ocr_par' dir='ltr' id='par_1_12' title="bbox 270 1424 1843 1503">
     <span class='ocr_line' id='line_1_12' title="bbox 270 1424 1843 1503; baseline 0.004 -27"><span class='ocrx_word' id='word_1_74' title='bbox 270 1424 411 1480; x_wconf 81' lang='grc' dir='ltr'>Θεὸν</span> <span class='ocrx_word' id='word_1_75' title='bbox 444 1429 538 1480; x_wconf 74' lang='grc' dir='ltr'><strong>καὶ</strong></span> <span class='ocrx_word' id='word_1_76' title='bbox 574 1428 792 1498; x_wconf 78' lang='grc' dir='ltr'>Πατέρα</span> <span class='ocrx_word' id='word_1_77' title='bbox 822 1428 1103 1492; x_wconf 78' lang='grc' dir='ltr'>κοινωνίας</span> <span class='ocrx_word' id='word_1_78' title='bbox 1130 1430 1188 1481; x_wconf 87' lang='grc' dir='ltr'><strong>τὸ</strong></span> <span class='ocrx_word' id='word_1_79' title='bbox 1222 1431 1301 1491; x_wconf 85' lang='grc' dir='ltr'><strong>είς</strong></span> <span class='ocrx_word' id='word_1_80' title='bbox 1341 1427 1501 1481; x_wconf 76' lang='grc' dir='ltr'>αὐτὸν</span> <span class='ocrx_word' id='word_1_81' title='bbox 1527 1424 1658 1503; x_wconf 78' lang='grc' dir='ltr'>ἧκον</span> <span class='ocrx_word' id='word_1_82' title='bbox 1690 1431 1843 1483; x_wconf 84' lang='grc' dir='ltr'>ἁλλο-</span> 
     </span>
    </p>
   </div>
   <div class='ocr_carea' id='block_1_13' title="bbox 268 1515 1842 1593">
    <p class='ocr_par' dir='ltr' id='par_1_13' title="bbox 268 1515 1842 1593">
     <span class='ocr_line' id='line_1_13' title="bbox 268 1515 1842 1593; baseline 0.004 -26"><span class='ocrx_word' id='word_1_83' title='bbox 268 1515 513 1587; x_wconf 84' lang='grc' dir='ltr'>τριώσας</span> <span class='ocrx_word' id='word_1_84' title='bbox 543 1517 675 1585; x_wconf 66' lang='grc'>(84),</span> <span class='ocrx_word' id='word_1_85' title='bbox 713 1518 769 1568; x_wconf 81' lang='grc' dir='ltr'><strong>ἐν</strong></span> <span class='ocrx_word' id='word_1_86' title='bbox 798 1519 863 1588; x_wconf 84' lang='grc' dir='ltr'>τῇ</span> <span class='ocrx_word' id='word_1_87' title='bbox 903 1518 1010 1571; x_wconf 86' lang='grc' dir='ltr'><strong>τῶν</strong></span> <span class='ocrx_word' id='word_1_88' title='bbox 1049 1519 1362 1587; x_wconf 75' lang='grc' dir='ltr'>κτισμάτων</span> <span class='ocrx_word' id='word_1_89' title='bbox 1392 1523 1713 1591; x_wconf 82' lang='grc' dir='ltr'>προτιμήσει</span> <span class='ocrx_word' id='word_1_90' title='bbox 1744 1521 1842 1593; x_wconf 82' lang='grc' dir='ltr'>τὴν</span> 
     </span>
    </p>
   </div>
   <div class='ocr_carea' id='block_1_14' title="bbox 267 1606 1843 1685">
    <p class='ocr_par' dir='ltr' id='par_1_14' title="bbox 267 1606 1843 1685">
     <span class='ocr_line' id='line_1_14' title="bbox 267 1606 1843 1685; baseline 0.004 -25"><span class='ocrx_word' id='word_1_91' title='bbox 267 1607 430 1674; x_wconf 80' lang='grc' dir='ltr'>δόξαν</span> <span class='ocrx_word' id='word_1_92' title='bbox 455 1608 601 1677; x_wconf 76' lang='grc' dir='ltr'>αὐτῷ</span> <span class='ocrx_word' id='word_1_93' title='bbox 642 1615 927 1682; x_wconf 87' lang='grc' dir='ltr'>μαρτυρεῖ.</span> <span class='ocrx_word' id='word_1_94' title='bbox 962 1606 1092 1664; x_wconf 80' lang='grc' dir='ltr'>Εἶτα</span> <span class='ocrx_word' id='word_1_95' title='bbox 1117 1611 1252 1680; x_wconf 84' lang='grc' dir='ltr'>πρὸς</span> <span class='ocrx_word' id='word_1_96' title='bbox 1279 1610 1338 1663; x_wconf 86' lang='grc' dir='ltr'><strong>τὸ</strong></span> <span class='ocrx_word' id='word_1_97' title='bbox 1368 1612 1713 1683; x_wconf 77' lang='grc' dir='ltr'>ἀναίσχυντον</span> <span class='ocrx_word' id='word_1_98' title='bbox 1744 1616 1843 1685; x_wconf 76' lang='grc' dir='ltr'><strong>τὴν</strong></span> 
     </span>
    </p>
   </div>
   <div class='ocr_carea' id='block_1_15' title="bbox 272 1698 1839 1774">
    <p class='ocr_par' dir='ltr' id='par_1_15' title="bbox 272 1698 1839 1774">
     <span class='ocr_line' id='line_1_15' title="bbox 272 1698 1839 1774; baseline 0.005 -24"><span class='ocrx_word' id='word_1_99' title='bbox 272 1698 619 1769; x_wconf 69' lang='grc' dir='ltr'>βλασφημίαν</span> <span class='ocrx_word' id='word_1_100' title='bbox 645 1702 889 1773; x_wconf 79' lang='grc' dir='ltr'>ἐκφέρων</span> <span class='ocrx_word' id='word_1_101' title='bbox 918 1706 1036 1764; x_wconf 80' lang='grc' dir='ltr'>ταῖς</span> <span class='ocrx_word' id='word_1_102' title='bbox 1064 1701 1324 1770; x_wconf 74' lang='grc' dir='ltr'>ἀφύκτοις</span> <span class='ocrx_word' id='word_1_103' title='bbox 1354 1706 1522 1774; x_wconf 81' lang='grc' dir='ltr'>ἡμᾶς,</span> <span class='ocrx_word' id='word_1_104' title='bbox 1549 1706 1621 1767; x_wconf 77' lang='grc' dir='ltr'>ὡς</span> <span class='ocrx_word' id='word_1_105' title='bbox 1650 1707 1839 1772; x_wconf 87' lang='grc' dir='ltr'>οίεται,</span> 
     </span>
    </p>
   </div>
   <div class='ocr_carea' id='block_1_16' title="bbox 269 1784 1465 1861">
    <p class='ocr_par' dir='ltr' id='par_1_16' title="bbox 269 1784 1465 1861">
     <span class='ocr_line' id='line_1_16' title="bbox 269 1784 1465 1861; baseline 0.009 -26"><span class='ocrx_word' id='word_1_106' title='bbox 269 1784 381 1836; x_wconf 74' lang='grc' dir='ltr'><strong>τῶν</strong></span> <span class='ocrx_word' id='word_1_107' title='bbox 406 1786 677 1858; x_wconf 77' lang='grc' dir='ltr'>λογισμῶν</span> <span class='ocrx_word' id='word_1_108' title='bbox 698 1791 965 1856; x_wconf 80' lang='grc' dir='ltr'>ἀνάγκαις</span> <span class='ocrx_word' id='word_1_109' title='bbox 993 1793 1465 1861; x_wconf 79' lang='grc' dir='ltr'>περιστοιχίζεται.</span> 
     </span>
    </p>
   </div>
   <div class='ocr_carea' id='block_1_17' title="bbox 1374 382 2413 458">
    <p class='ocr_par' dir='ltr' id='par_1_17' title="bbox 1374 382 2413 458">
     <span class='ocr_line' id='line_1_17' title="bbox 1374 382 2413 458; baseline 0.003 -7"><span class='ocrx_word' id='word_1_110' title='bbox 1374 382 1745 455; x_wconf 71' lang='lat' dir='ltr'><strong>ADVEllSUS</strong></span> <span class='ocrx_word' id='word_1_111' title='bbox 1782 400 2145 457; x_wconf 62' lang='lat' dir='ltr'><strong>summa.“</strong></span> <span class='ocrx_word' id='word_1_112' title='bbox 2179 404 2307 458; x_wconf 86' lang='lat' dir='ltr'><strong>LIB.</strong></span> <span class='ocrx_word' id='word_1_113' title='bbox 2353 402 2413 455; x_wconf 83' lang='grc' dir='ltr'>ιι.</span> 
     </span>
    </p>
   </div>
   <div class='ocr_carea' id='block_1_18' title="bbox 3400 402 3504 458">
    <p class='ocr_par' dir='ltr' id='par_1_18' title="bbox 3400 402 3504 458">
     <span class='ocr_line' id='line_1_18' title="bbox 3400 402 3504 458; baseline 0.038 -4"><span class='ocrx_word' id='word_1_114' title='bbox 3400 402 3504 458; x_wconf 78' lang='grc'>598</span> 
     </span>
    </p>
   </div>
   <div class='ocr_carea' id='block_1_19' title="bbox 2019 508 3501 581">
    <p class='ocr_par' dir='ltr' id='par_1_19' title="bbox 2019 508 3501 581">
     <span class='ocr_line' id='line_1_19' title="bbox 2019 508 3501 581; baseline -0.002 -13"><span class='ocrx_word' id='word_1_115' title='bbox 2019 515 2104 568; x_wconf 73' lang='grc' dir='ltr'>Μ.</span> <span class='ocrx_word' id='word_1_116' title='bbox 2176 516 2441 571; x_wconf 74' lang='lat' dir='ltr'><strong>Caeterum</strong></span> <span class='ocrx_word' id='word_1_117' title='bbox 2500 512 2586 565; x_wconf 89' lang='lat' dir='ltr'><strong>ubi</strong></span> <span class='ocrx_word' id='word_1_118' title='bbox 2643 511 2876 566; x_wconf 85' lang='lat' dir='ltr'><strong>debitam</strong></span> <span class='ocrx_word' id='word_1_119' title='bbox 2938 508 3225 581; x_wconf 82' lang='lat' dir='ltr'><strong>Unigenito</strong></span> <span class='ocrx_word' id='word_1_120' title='bbox 3278 510 3501 580; x_wconf 77' lang='lat' dir='ltr'><strong>gloriam</strong></span> 
     </span>
    </p>
   </div>
   <div class='ocr_carea' id='block_1_20' title="bbox 1948 604 3500 674">
    <p class='ocr_par' dir='ltr' id='par_1_20' title="bbox 1948 604 3500 674">
     <span class='ocr_line' id='line_1_20' title="bbox 1948 604 3500 674; baseline -0.002 -13"><span class='ocrx_word' id='word_1_121' title='bbox 1948 607 2198 674; x_wconf 75' lang='lat' dir='ltr'><strong>abstulit,</strong></span> <span class='ocrx_word' id='word_1_122' title='bbox 2230 605 2641 664; x_wconf 82' lang='lat' dir='ltr'><strong>animadvertite</strong></span> <span class='ocrx_word' id='word_1_123' title='bbox 2676 605 2869 673; x_wconf 85' lang='lat' dir='ltr'><strong>quibus</strong></span> <span class='ocrx_word' id='word_1_124' title='bbox 2894 620 3014 657; x_wconf 90' lang='lat' dir='ltr'><strong>eum</strong></span> <span class='ocrx_word' id='word_1_125' title='bbox 3044 604 3222 660; x_wconf 84' lang='lat' dir='ltr'><strong>verbis</strong></span> <span class='ocrx_word' id='word_1_126' title='bbox 3254 614 3500 658; x_wconf 81' lang='lat' dir='ltr'><strong>exornet.</strong></span> 
     </span>
    </p>
   </div>
   <div class='ocr_carea' id='block_1_21' title="bbox 2018 772 3497 859">
    <p class='ocr_par' dir='ltr' id='par_1_21' title="bbox 2018 772 3497 859">
     <span class='ocr_line' id='line_1_21' title="bbox 2018 772 3497 859; baseline -0.003 -14"><span class='ocrx_word' id='word_1_127' title='bbox 2018 792 2150 846; x_wconf 71' lang='lat' dir='ltr'><strong>Eua.</strong></span> <span class='ocrx_word' id='word_1_128' title='bbox 2192 791 2286 847; x_wconf 87' lang='lat' dir='ltr'><strong>Est</strong></span> <span class='ocrx_word' id='word_1_129' title='bbox 2327 802 2541 854; x_wconf 86' lang='lat' dir='ltr'><strong>autem,</strong></span> <span class='ocrx_word' id='word_1_130' title='bbox 2573 772 2768 856; x_wconf 78' lang='lat' dir='ltr'><strong>inquit,</strong></span> <span class='ocrx_word' id='word_1_131' title='bbox 2802 786 3104 842; x_wconf 81' lang='lat' dir='ltr'><strong>substantia</strong></span> <span class='ocrx_word' id='word_1_132' title='bbox 3152 786 3273 841; x_wconf 82' lang='lat' dir='ltr'><strong>Filii</strong></span> <span class='ocrx_word' id='word_1_133' title='bbox 3317 788 3497 859; x_wconf 84' lang='lat' dir='ltr'><strong>genita</strong></span> 
     </span>
    </p>
   </div>
   <div class='ocr_carea' id='block_1_22' title="bbox 1946 880 3038 947">
    <p class='ocr_par' dir='ltr' id='par_1_22' title="bbox 1946 880 3038 947">
     <span class='ocr_line' id='line_1_22' title="bbox 1946 880 3038 947; baseline -0.006 -9"><span class='ocrx_word' id='word_1_134' title='bbox 1946 894 2069 939; x_wconf 91' lang='lat' dir='ltr'><strong>ante</strong></span> <span class='ocrx_word' id='word_1_135' title='bbox 2102 885 2302 947; x_wconf 87' lang='lat' dir='ltr'><strong>omnia,</strong></span> <span class='ocrx_word' id='word_1_136' title='bbox 2332 887 2606 939; x_wconf 87' lang='lat' dir='ltr'><strong>voluntate</strong></span> <span class='ocrx_word' id='word_1_137' title='bbox 2640 882 2727 935; x_wconf 87' lang='lat' dir='ltr'><strong>Dei</strong></span> <span class='ocrx_word' id='word_1_138' title='bbox 2760 890 2814 934; x_wconf 91' lang='lat' dir='ltr'><strong>et</strong></span> <span class='ocrx_word' id='word_1_139' title='bbox 2844 880 3038 933; x_wconf 81' lang='lat' dir='ltr'><strong>Patris.</strong></span> 
     </span>
    </p>
   </div>
   <div class='ocr_carea' id='block_1_23' title="bbox 2016 969 3503 1040">
    <p class='ocr_par' dir='ltr' id='par_1_23' title="bbox 2016 969 3503 1040">
     <span class='ocr_line' id='line_1_23' title="bbox 2016 969 3503 1040; baseline -0.007 -10"><span class='ocrx_word' id='word_1_140' title='bbox 2016 976 2139 1030; x_wconf 71' lang='lat' dir='ltr'><strong>BAS.</strong></span> <span class='ocrx_word' id='word_1_141' title='bbox 2184 975 2317 1029; x_wconf 84' lang='lat' dir='ltr'><strong>Filio</strong></span> <span class='ocrx_word' id='word_1_142' title='bbox 2350 979 2449 1030; x_wconf 92' lang='lat' dir='ltr'><strong>hoc</strong></span> <span class='ocrx_word' id='word_1_143' title='bbox 2490 974 2677 1030; x_wconf 89' lang='lat' dir='ltr'><strong>tribuit</strong></span> <span class='ocrx_word' id='word_1_144' title='bbox 2712 972 2923 1040; x_wconf 80' lang='lat' dir='ltr'><strong>magni,</strong></span> <span class='ocrx_word' id='word_1_145' title='bbox 2967 969 3107 1037; x_wconf 92' lang='lat' dir='ltr'><strong>quod</strong></span> <span class='ocrx_word' id='word_1_146' title='bbox 3136 969 3406 1035; x_wconf 80' lang='lat' dir='ltr'><strong>antiquior</strong></span> <span class='ocrx_word' id='word_1_147' title='bbox 3434 974 3503 1020; x_wconf 90' lang='lat' dir='ltr'><strong>sit</strong></span> 
     </span>
    </p>
   </div>
   <div class='ocr_carea' id='block_1_24' title="bbox 1943 1059 3504 1136">
    <p class='ocr_par' dir='ltr' id='par_1_24' title="bbox 1943 1059 3504 1136">
     <span class='ocr_line' id='line_1_24' title="bbox 1943 1059 3504 1136; baseline -0.007 -12"><span class='ocrx_word' id='word_1_148' title='bbox 1943 1068 2224 1131; x_wconf 80' lang='lat' dir='ltr'><strong>creaturis,</strong></span> <span class='ocrx_word' id='word_1_149' title='bbox 2253 1077 2306 1121; x_wconf 90' lang='lat' dir='ltr'><strong>et</strong></span> <span class='ocrx_word' id='word_1_150' title='bbox 2331 1076 2453 1119; x_wconf 84' lang='lat' dir='ltr'><strong>ante</strong></span> <span class='ocrx_word' id='word_1_151' title='bbox 2481 1083 2541 1120; x_wconf 90' lang='lat' dir='ltr'><strong>ea</strong></span> <span class='ocrx_word' id='word_1_152' title='bbox 2565 1082 2682 1136; x_wconf 70' lang='lat' dir='ltr'><strong>qua:</strong></span> <span class='ocrx_word' id='word_1_153' title='bbox 2714 1065 2830 1133; x_wconf 88' lang='lat' dir='ltr'><strong>ipse</strong></span> <span class='ocrx_word' id='word_1_154' title='bbox 2861 1059 2979 1113; x_wconf 86' lang='lat' dir='ltr'><strong>fecit</strong></span> <span class='ocrx_word' id='word_1_155' title='bbox 3004 1077 3018 1124; x_wconf 91' lang='lat'>;</span> <span class='ocrx_word' id='word_1_156' title='bbox 3054 1069 3198 1113; x_wconf 86' lang='lat' dir='ltr'><strong>ratus</strong></span> <span class='ocrx_word' id='word_1_157' title='bbox 3221 1061 3351 1113; x_wconf 86' lang='lat' dir='ltr'><strong>satis</strong></span> <span class='ocrx_word' id='word_1_158' title='bbox 3380 1074 3504 1113; x_wconf 86' lang='lat' dir='ltr'><strong>esse</strong></span> 
     </span>
    </p>
   </div>
   <div class='ocr_carea' id='block_1_25' title="bbox 1945 1152 3496 1230">
    <p class='ocr_par' dir='ltr' id='par_1_25' title="bbox 1945 1152 3496 1230">
     <span class='ocr_line' id='line_1_25' title="bbox 1945 1152 3496 1230; baseline -0.009 -14"><span class='ocrx_word' id='word_1_159' title='bbox 1945 1164 2008 1216; x_wconf 92' lang='lat' dir='ltr'><strong>ad</strong></span> <span class='ocrx_word' id='word_1_160' title='bbox 2036 1161 2259 1230; x_wconf 75' lang='lat' dir='ltr'><strong>gloriam</strong></span> <span class='ocrx_word' id='word_1_161' title='bbox 2285 1158 2591 1212; x_wconf 78' lang='lat' dir='ltr'><strong>Conditoris</strong></span> <span class='ocrx_word' id='word_1_162' title='bbox 2623 1158 3021 1215; x_wconf 84' lang='lat' dir='ltr'><strong>universorum,</strong></span> <span class='ocrx_word' id='word_1_163' title='bbox 3051 1152 3093 1204; x_wconf 90' lang='lat' dir='ltr'><strong>si</strong></span> <span class='ocrx_word' id='word_1_164' title='bbox 3124 1152 3190 1204; x_wconf 83' lang='lat' dir='ltr'><strong>sit</strong></span> <span class='ocrx_word' id='word_1_165' title='bbox 3215 1161 3337 1204; x_wconf 90' lang='lat' dir='ltr'><strong>ante</strong></span> <span class='ocrx_word' id='word_1_166' title='bbox 3368 1166 3496 1204; x_wconf 86' lang='lat' dir='ltr'><strong>suas</strong></span> 
     </span>
    </p>
   </div>
   <div class='ocr_carea' id='block_1_26' title="bbox 1944 1244 3499 1321">
    <p class='ocr_par' dir='ltr' id='par_1_26' title="bbox 1944 1244 3499 1321">
     <span class='ocr_line' id='line_1_26' title="bbox 1944 1244 3499 1321; baseline -0.009 -15"><span class='ocrx_word' id='word_1_167' title='bbox 1944 1253 2113 1321; x_wconf 90' lang='lat' dir='ltr'><strong>ipsius</strong></span> <span class='ocrx_word' id='word_1_168' title='bbox 2146 1258 2424 1305; x_wconf 80' lang='lat' dir='ltr'><strong>creaturas</strong></span> <span class='ocrx_word' id='word_1_169' title='bbox 2448 1246 2761 1301; x_wconf 90' lang='lat' dir='ltr'><strong>collocatus.</strong></span> <span class='ocrx_word' id='word_1_170' title='bbox 2794 1244 2927 1299; x_wconf 85' lang='lat' dir='ltr'><strong>Nam</strong></span> <span class='ocrx_word' id='word_1_171' title='bbox 2963 1247 3308 1310; x_wconf 73' lang='lat' dir='ltr'><strong>posteaquam</strong></span> <span class='ocrx_word' id='word_1_172' title='bbox 3342 1257 3499 1301; x_wconf 84' lang='lat' dir='ltr'><strong>etnn.</strong></span> 
     </span>
    </p>
   </div>
   <div class='ocr_carea' id='block_1_27' title="bbox 1943 1333 3497 1411">
    <p class='ocr_par' dir='ltr' id='par_1_27' title="bbox 1943 1333 3497 1411">
     <span class='ocr_line' id='line_1_27' title="bbox 1943 1333 3497 1411; baseline -0.006 -16"><span class='ocrx_word' id='word_1_173' title='bbox 1943 1350 2200 1411; x_wconf 90' lang='lat' dir='ltr'><strong>quantum</strong></span> <span class='ocrx_word' id='word_1_174' title='bbox 2235 1341 2285 1394; x_wconf 91' lang='lat' dir='ltr'><strong>in</strong></span> <span class='ocrx_word' id='word_1_175' title='bbox 2314 1355 2373 1394; x_wconf 90' lang='lat' dir='ltr'><strong>se</strong></span> <span class='ocrx_word' id='word_1_176' title='bbox 2406 1338 2522 1403; x_wconf 83' lang='lat' dir='ltr'><strong>fuit,</strong></span> <span class='ocrx_word' id='word_1_177' title='bbox 2553 1352 2582 1390; x_wconf 87' lang='lat' dir='ltr'><strong>a</strong></span> <span class='ocrx_word' id='word_1_178' title='bbox 2619 1336 2997 1404; x_wconf 86' lang='lat' dir='ltr'><strong>conjunctione</strong></span> <span class='ocrx_word' id='word_1_179' title='bbox 3034 1350 3192 1405; x_wconf 86' lang='lat' dir='ltr'><strong>quam</strong></span> <span class='ocrx_word' id='word_1_180' title='bbox 3231 1348 3350 1387; x_wconf 88' lang='lat' dir='ltr'><strong>cmn</strong></span> <span class='ocrx_word' id='word_1_181' title='bbox 3388 1333 3497 1387; x_wconf 79' lang='lat' dir='ltr'><strong>Deo</strong></span> 
     </span>
    </p>
   </div>
   <div class='ocr_carea' id='block_1_28' title="bbox 1941 1423 3490 1495">
    <p class='ocr_par' dir='ltr' id='par_1_28' title="bbox 1941 1423 3490 1495">
     <span class='ocr_line' id='line_1_28' title="bbox 1941 1423 3490 1495; baseline -0.011 -6"><span class='ocrx_word' id='word_1_182' title='bbox 1941 1443 1995 1489; x_wconf 89' lang='lat' dir='ltr'><strong>et</strong></span> <span class='ocrx_word' id='word_1_183' title='bbox 2039 1432 2196 1487; x_wconf 86' lang='lat' dir='ltr'><strong>Patre</strong></span> <span class='ocrx_word' id='word_1_184' title='bbox 2230 1430 2418 1495; x_wconf 86' lang='lat' dir='ltr'><strong>habet,</strong></span> <span class='ocrx_word' id='word_1_185' title='bbox 2447 1427 2730 1491; x_wconf 85' lang='lat' dir='ltr'><strong>alienavit;</strong></span> <span class='ocrx_word' id='word_1_186' title='bbox 2771 1428 2819 1479; x_wconf 92' lang='lat' dir='ltr'><strong>ei</strong></span> <span class='ocrx_word' id='word_1_187' title='bbox 2854 1428 2903 1479; x_wconf 93' lang='lat' dir='ltr'><strong>in</strong></span> <span class='ocrx_word' id='word_1_188' title='bbox 2935 1443 3000 1481; x_wconf 85' lang='lat' dir='ltr'><strong>eo</strong></span> <span class='ocrx_word' id='word_1_189' title='bbox 3030 1423 3202 1481; x_wconf 81' lang='lat' dir='ltr'><strong>defert</strong></span> <span class='ocrx_word' id='word_1_190' title='bbox 3232 1423 3490 1491; x_wconf 80' lang='lat' dir='ltr'><strong>gloriam,</strong></span> 
     </span>
    </p>
   </div>
   <div class='ocr_carea' id='block_1_29' title="bbox 1941 1515 3497 1595">
    <p class='ocr_par' dir='ltr' id='par_1_29' title="bbox 1941 1515 3497 1595">
     <span class='ocr_line' id='line_1_29' title="bbox 1941 1515 3497 1595; baseline -0.009 -18"><span class='ocrx_word' id='word_1_191' title='bbox 1941 1524 2083 1595; x_wconf 92' lang='lat' dir='ltr'><strong>quod</strong></span> <span class='ocrx_word' id='word_1_192' title='bbox 2116 1524 2285 1593; x_wconf 78' lang='lat' dir='ltr'><strong>ipsum</strong></span> <span class='ocrx_word' id='word_1_193' title='bbox 2314 1519 2584 1574; x_wconf 88' lang='lat' dir='ltr'><strong>creaturis</strong></span> <span class='ocrx_word' id='word_1_194' title='bbox 2614 1517 2881 1586; x_wconf 67' lang='lat' dir='ltr'><strong>pra&#39;lerat.</strong></span> <span class='ocrx_word' id='word_1_195' title='bbox 2914 1516 3110 1570; x_wconf 84' lang='lat' dir='ltr'><strong>Deinde</strong></span> <span class='ocrx_word' id='word_1_196' title='bbox 3135 1515 3202 1569; x_wconf 91' lang='lat' dir='ltr'><strong>ad</strong></span> <span class='ocrx_word' id='word_1_197' title='bbox 3230 1528 3497 1570; x_wconf 88' lang='lat' dir='ltr'><strong>summam</strong></span> 
     </span>
    </p>
   </div>
   <div class='ocr_carea' id='block_1_30' title="bbox 1942 1607 3497 1687">
    <p class='ocr_par' dir='ltr' id='par_1_30' title="bbox 1942 1607 3497 1687">
     <span class='ocr_line' id='line_1_30' title="bbox 1942 1607 3497 1687; baseline -0.008 -16"><span class='ocrx_word' id='word_1_198' title='bbox 1942 1615 2327 1687; x_wconf 87' lang='lat' dir='ltr'><strong>impudentiam</strong></span> <span class='ocrx_word' id='word_1_199' title='bbox 2369 1610 2598 1666; x_wconf 79' lang='lat' dir='ltr'><strong>ellerens</strong></span> <span class='ocrx_word' id='word_1_200' title='bbox 2640 1607 3048 1676; x_wconf 84' lang='lat' dir='ltr'><strong>blasphemiam,</strong></span> <span class='ocrx_word' id='word_1_201' title='bbox 3090 1607 3404 1674; x_wconf 85' lang='lat' dir='ltr'><strong>iuevitabili,</strong></span> <span class='ocrx_word' id='word_1_202' title='bbox 3437 1612 3497 1658; x_wconf 91' lang='lat' dir='ltr'><strong>ut</strong></span> 
     </span>
    </p>
   </div>
   <div class='ocr_carea' id='block_1_31' title="bbox 1942 1694 3195 1775">
    <p class='ocr_par' dir='ltr' id='par_1_31' title="bbox 1942 1694 3195 1775">
     <span class='ocr_line' id='line_1_31' title="bbox 1942 1694 3195 1775; baseline -0.011 -15"><span class='ocrx_word' id='word_1_203' title='bbox 1942 1714 2111 1775; x_wconf 83' lang='lat' dir='ltr'><strong>putat,</strong></span> <span class='ocrx_word' id='word_1_204' title='bbox 2144 1704 2572 1774; x_wconf 77' lang='lat' dir='ltr'><strong>syllogismorum</strong></span> <span class='ocrx_word' id='word_1_205' title='bbox 2611 1699 2659 1752; x_wconf 89' lang='lat' dir='ltr'><strong>vi</strong></span> <span class='ocrx_word' id='word_1_206' title='bbox 2684 1712 2782 1752; x_wconf 89' lang='lat' dir='ltr'><strong>nos</strong></span> <span class='ocrx_word' id='word_1_207' title='bbox 2806 1694 3195 1750; x_wconf 83' lang='lat' dir='ltr'><strong>circumvallat.</strong></span> 
     </span>
    </p>
   </div>
   <div class='ocr_carea' id='block_1_32' title="bbox 344 1870 1829 1952">
    <p class='ocr_par' dir='ltr' id='par_1_32' title="bbox 344 1876 1829 1952">
     <span class='ocr_line' id='line_1_32' title="bbox 344 1876 1829 1952; baseline 0.005 -24"><span class='ocrx_word' id='word_1_208' title='bbox 344 1876 503 1933; x_wconf 89' lang='grc' dir='ltr'><strong>ΕΥΝ.</strong></span> <span class='ocrx_word' id='word_1_209' title='bbox 550 1882 703 1932; x_wconf 87' lang='grc' dir='ltr'>Ἤτοι</span> <span class='ocrx_word' id='word_1_210' title='bbox 734 1879 842 1950; x_wconf 82' lang='grc' dir='ltr'><strong>γάρ</strong></span> <span class='ocrx_word' id='word_1_211' title='bbox 880 1878 1040 1942; x_wconf 73' lang='grc' dir='ltr'>ὄντα,</span> <span class='ocrx_word' id='word_1_212' title='bbox 1085 1882 1280 1950; x_wconf 75' lang='grc' dir='ltr'>φησὶν,</span> <span class='ocrx_word' id='word_1_213' title='bbox 1316 1882 1600 1952; x_wconf 76' lang='grc' dir='ltr'>ἐγέννησεν</span> <span class='ocrx_word' id='word_1_214' title='bbox 1633 1884 1662 1934; x_wconf 97' lang='lat'><strong>6</strong></span> <span class='ocrx_word' id='word_1_215' title='bbox 1707 1883 1829 1947; x_wconf 86' lang='grc' dir='ltr'>Θεὸς</span> 
     </span>
    </p>
   </div>
   <div class='ocr_carea' id='block_1_33' title="bbox 1928 1870 3493 1952">
    <p class='ocr_par' dir='ltr' id='par_1_33' title="bbox 2010 1871 3493 1942">
     <span class='ocr_line' id='line_1_33' title="bbox 2010 1871 3493 1942; baseline -0.007 -5"><span class='ocrx_word' id='word_1_216' title='bbox 2010 1883 2142 1937; x_wconf 71' lang='lat' dir='ltr'><strong>Eua.</strong></span> <span class='ocrx_word' id='word_1_217' title='bbox 2182 1880 2287 1933; x_wconf 89' lang='lat' dir='ltr'><strong>Aut</strong></span> <span class='ocrx_word' id='word_1_218' title='bbox 2318 1878 2460 1932; x_wconf 88' lang='lat' dir='ltr'><strong>enim</strong></span> <span class='ocrx_word' id='word_1_219' title='bbox 2488 1878 2858 1937; x_wconf 80' lang='lat' dir='ltr'><strong>exsisteutem,</strong></span> <span class='ocrx_word' id='word_1_220' title='bbox 2900 1872 3095 1942; x_wconf 88' lang='lat' dir='ltr'><strong>inquit,</strong></span> <span class='ocrx_word' id='word_1_221' title='bbox 3133 1872 3317 1941; x_wconf 82' lang='lat' dir='ltr'><strong>genuit</strong></span> <span class='ocrx_word' id='word_1_222' title='bbox 3355 1871 3493 1927; x_wconf 83' lang='lat' dir='ltr'><strong>Deus</strong></span> 
     </span>
    </p>
   </div>
   <div class='ocr_carea' id='block_1_34' title="bbox 268 1965 1836 2045">
    <p class='ocr_par' dir='ltr' id='par_1_34' title="bbox 268 1965 1836 2045">
     <span class='ocr_line' id='line_1_34' title="bbox 268 1965 1836 2045; baseline 0.006 -27"><span class='ocrx_word' id='word_1_223' title='bbox 268 1965 362 2019; x_wconf 88' lang='grc' dir='ltr'><strong>τὸν</strong></span> <span class='ocrx_word' id='word_1_224' title='bbox 402 1968 545 2030; x_wconf 78' lang='grc' dir='ltr'>Υξὸν,</span> <span class='ocrx_word' id='word_1_225' title='bbox 578 1970 608 2037; x_wconf 81' lang='grc' dir='ltr'>ἢ</span> <span class='ocrx_word' id='word_1_226' title='bbox 642 1970 739 2021; x_wconf 76' lang='grc' dir='ltr'><strong>οὐκ</strong></span> <span class='ocrx_word' id='word_1_227' title='bbox 768 1969 913 2026; x_wconf 75' lang='grc' dir='ltr'>ὄντα.</span> <span class='ocrx_word' id='word_1_228' title='bbox 957 1972 1093 2024; x_wconf 84' lang='grc' dir='ltr'>Ἀλλ’</span> <span class='ocrx_word' id='word_1_229' title='bbox 1123 1974 1171 2023; x_wconf 85' lang='grc' dir='ltr'><strong>εἰ</strong></span> <span class='ocrx_word' id='word_1_230' title='bbox 1208 1973 1303 2041; x_wconf 89' lang='grc' dir='ltr'><strong>μὲν</strong></span> <span class='ocrx_word' id='word_1_231' title='bbox 1328 1973 1426 2025; x_wconf 78' lang='grc' dir='ltr'><strong>οὐκ</strong></span> <span class='ocrx_word' id='word_1_232' title='bbox 1457 1973 1602 2036; x_wconf 79' lang='grc' dir='ltr'>ὄντα,</span> <span class='ocrx_word' id='word_1_233' title='bbox 1650 1974 1836 2045; x_wconf 78' lang='grc' dir='ltr'>μηδείς</span> 
     </span>
    </p>
   </div>
   <div class='ocr_carea' id='block_1_35' title="bbox 272 2059 1835 2134">
    <p class='ocr_par' dir='ltr' id='par_1_35' title="bbox 272 2059 1835 2134">
     <span class='ocr_line' id='line_1_35' title="bbox 272 2059 1835 2134; baseline 0.006 -26"><span class='ocrx_word' id='word_1_234' title='bbox 272 2074 383 2126; x_wconf 83' lang='grc' dir='ltr'>μοι.</span> <span class='ocrx_word' id='word_1_235' title='bbox 414 2060 564 2126; x_wconf 68' lang='grc' dir='ltr'>φησι,</span> <span class='ocrx_word' id='word_1_236' title='bbox 590 2059 791 2131; x_wconf 87' lang='grc' dir='ltr'>τόλμαν</span> <span class='ocrx_word' id='word_1_237' title='bbox 819 2064 1189 2132; x_wconf 81' lang='grc' dir='ltr'>ἐπεγκαλείτω</span> <span class='ocrx_word' id='word_1_238' title='bbox 1222 2064 1331 2134; x_wconf 80' lang='grc'>(85)</span> <span class='ocrx_word' id='word_1_239' title='bbox 1354 2082 1367 2094; x_wconf 88' lang='grc'>·</span> <span class='ocrx_word' id='word_1_240' title='bbox 1399 2065 1446 2117; x_wconf 87' lang='grc' dir='ltr'><strong>εί</strong></span> <span class='ocrx_word' id='word_1_241' title='bbox 1478 2064 1532 2116; x_wconf 86' lang='grc' dir='ltr'><strong>δὲ</strong></span> <span class='ocrx_word' id='word_1_242' title='bbox 1561 2064 1707 2124; x_wconf 76' lang='grc' dir='ltr'>ὄντα.</span> <span class='ocrx_word' id='word_1_243' title='bbox 1736 2066 1835 2118; x_wconf 72' lang='grc' dir='ltr'><strong>οὐκ</strong></span> 
     </span>
    </p>
   </div>
   <div class='ocr_carea' id='block_1_36' title="bbox 264 2147 1831 2227">
    <p class='ocr_par' dir='ltr' id='par_1_36' title="bbox 264 2147 1831 2227">
     <span class='ocr_line' id='line_1_36' title="bbox 264 2147 1831 2227; baseline 0.008 -28"><span class='ocrx_word' id='word_1_244' title='bbox 264 2147 496 2211; x_wconf 71' lang='grc' dir='ltr'>ἀτοπίας</span> <span class='ocrx_word' id='word_1_245' title='bbox 523 2151 679 2218; x_wconf 86' lang='grc' dir='ltr'>μόνον</span> <span class='ocrx_word' id='word_1_246' title='bbox 710 2154 802 2205; x_wconf 73' lang='grc' dir='ltr'><strong>καὶ</strong></span> <span class='ocrx_word' id='word_1_247' title='bbox 844 2154 1205 2226; x_wconf 70' lang='grc' dir='ltr'>βλασιρημίας,</span> <span class='ocrx_word' id='word_1_248' title='bbox 1236 2156 1369 2209; x_wconf 85' lang='grc' dir='ltr'><strong>ἀλλά</strong></span> <span class='ocrx_word' id='word_1_249' title='bbox 1394 2157 1487 2210; x_wconf 73' lang='grc' dir='ltr'>καὶ</span> <span class='ocrx_word' id='word_1_250' title='bbox 1513 2156 1692 2227; x_wconf 83' lang='grc' dir='ltr'>πάσης</span> <span class='ocrx_word' id='word_1_251' title='bbox 1722 2156 1831 2227; x_wconf 81' lang='grc'>(86)</span> 
     </span>
    </p>
   </div>
   <div class='ocr_carea' id='block_1_37' title="bbox 266 2236 1833 2318">
    <p class='ocr_par' dir='ltr' id='par_1_37' title="bbox 266 2236 1833 2318">
     <span class='ocr_line' id='line_1_37' title="bbox 266 2236 1833 2318; baseline 0.007 -28"><span class='ocrx_word' id='word_1_252' title='bbox 266 2236 522 2307; x_wconf 79' lang='grc' dir='ltr'>εὐηθείας</span> <span class='ocrx_word' id='word_1_253' title='bbox 554 2242 858 2312; x_wconf 76' lang='grc' dir='ltr'>ὑπερϐολὴν</span> <span class='ocrx_word' id='word_1_254' title='bbox 892 2245 919 2294; x_wconf 89' lang='grc' dir='ltr'>ὁ</span> <span class='ocrx_word' id='word_1_255' title='bbox 950 2245 1103 2313; x_wconf 91' lang='grc' dir='ltr'>λόγος</span> <span class='ocrx_word' id='word_1_256' title='bbox 1131 2247 1262 2315; x_wconf 76' lang='grc' dir='ltr'>ἔχει·</span> <span class='ocrx_word' id='word_1_257' title='bbox 1292 2248 1370 2317; x_wconf 79' lang='grc' dir='ltr'><strong>τῷ</strong></span> <span class='ocrx_word' id='word_1_258' title='bbox 1399 2248 1506 2318; x_wconf 75' lang='grc' dir='ltr'><strong>γὰρ</strong></span> <span class='ocrx_word' id='word_1_259' title='bbox 1531 2249 1643 2302; x_wconf 79' lang='grc' dir='ltr'>ὄντι</span> <span class='ocrx_word' id='word_1_260' title='bbox 1666 2250 1725 2301; x_wconf 82' lang='grc' dir='ltr'>οὺ</span> <span class='ocrx_word' id='word_1_261' title='bbox 1753 2249 1833 2301; x_wconf 78' lang='grc' dir='ltr'>δεῖ</span> 
     </span>
    </p>
   </div>
   <div class='ocr_carea' id='block_1_38' title="bbox 263 2332 746 2403">
    <p class='ocr_par' dir='ltr' id='par_1_38' title="bbox 263 2332 746 2403">
     <span class='ocr_line' id='line_1_38' title="bbox 263 2332 746 2403; baseline 0.008 -21"><span class='ocrx_word' id='word_1_262' title='bbox 263 2332 576 2401; x_wconf 80' lang='grc' dir='ltr'>γεννήσεως</span> <span class='ocrx_word' id='word_1_263' title='bbox 613 2333 746 2403; x_wconf 87' lang='grc'><strong>(87).</strong></span> 
     </span>
    </p>
   </div>
   <div class='ocr_carea' id='block_1_39' title="bbox 340 2421 1834 2500">
    <p class='ocr_par' dir='ltr' id='par_1_39' title="bbox 340 2421 1834 2500">
     <span class='ocr_line' id='line_1_39' title="bbox 340 2421 1834 2500; baseline 0.008 -28"><span class='ocrx_word' id='word_1_264' title='bbox 340 2422 485 2474; x_wconf 82' lang='grc' dir='ltr'><strong>ΒΑΣ.</strong></span> <span class='ocrx_word' id='word_1_265' title='bbox 513 2424 585 2475; x_wconf 88' lang='grc' dir='ltr'>Τὸ</span> <span class='ocrx_word' id='word_1_266' title='bbox 612 2425 707 2493; x_wconf 82' lang='grc' dir='ltr'><strong>μὲν</strong></span> <span class='ocrx_word' id='word_1_267' title='bbox 740 2421 831 2479; x_wconf 76' lang='grc' dir='ltr'>οὖν</span> <span class='ocrx_word' id='word_1_268' title='bbox 866 2427 1295 2499; x_wconf 80' lang='grc' dir='ltr'>πολυθρύλλητον</span> <span class='ocrx_word' id='word_1_269' title='bbox 1336 2428 1590 2500; x_wconf 67' lang='grc' dir='ltr'>σόφισμα,</span> <span class='ocrx_word' id='word_1_270' title='bbox 1627 2430 1686 2483; x_wconf 89' lang='grc' dir='ltr'><strong>τὸ</strong></span> <span class='ocrx_word' id='word_1_271' title='bbox 1730 2431 1834 2484; x_wconf 87' lang='grc' dir='ltr'>πά-</span> 
     </span>
    </p>
   </div>
   <div class='ocr_carea' id='block_1_40' title="bbox 263 2511 1831 2591">
    <p class='ocr_par' dir='ltr' id='par_1_40' title="bbox 263 2511 1831 2591">
     <span class='ocr_line' id='line_1_40' title="bbox 263 2511 1831 2591; baseline 0.007 -27"><span class='ocrx_word' id='word_1_272' title='bbox 263 2511 355 2565; x_wconf 66' lang='grc' dir='ltr'><strong>λαι</strong></span> <span class='ocrx_word' id='word_1_273' title='bbox 402 2514 498 2584; x_wconf 81' lang='grc' dir='ltr'>μὲν</span> <span class='ocrx_word' id='word_1_274' title='bbox 538 2516 816 2587; x_wconf 80' lang='grc' dir='ltr'>ὲξευρεθὲν</span> <span class='ocrx_word' id='word_1_275' title='bbox 866 2519 995 2589; x_wconf 83' lang='grc' dir='ltr'>παρ’</span> <span class='ocrx_word' id='word_1_276' title='bbox 1039 2518 1259 2591; x_wconf 80' lang='grc' dir='ltr'>ἐτέρων,</span> <span class='ocrx_word' id='word_1_277' title='bbox 1303 2521 1520 2584; x_wconf 79' lang='grc' dir='ltr'>τελείως</span> <span class='ocrx_word' id='word_1_278' title='bbox 1556 2521 1617 2573; x_wconf 76' lang='grc' dir='ltr'><strong>δὲ</strong></span> <span class='ocrx_word' id='word_1_279' title='bbox 1649 2521 1741 2576; x_wconf 80' lang='grc' dir='ltr'><strong>νῦν</strong></span> <span class='ocrx_word' id='word_1_280' title='bbox 1774 2524 1831 2575; x_wconf 79' lang='grc' dir='ltr'><strong>ὲν</strong></span> 
     </span>
    </p>
   </div>
   <div class='ocr_carea' id='block_1_41' title="bbox 262 2600 1831 2678">
    <p class='ocr_par' dir='ltr' id='par_1_41' title="bbox 262 2600 1831 2678">
     <span class='ocr_line' id='line_1_41' title="bbox 262 2600 1831 2678; baseline 0.009 -29"><span class='ocrx_word' id='word_1_281' title='bbox 262 2600 386 2661; x_wconf 83' lang='grc' dir='ltr'>ταῖς</span> <span class='ocrx_word' id='word_1_282' title='bbox 434 2600 972 2675; x_wconf 82' lang='grc' dir='ltr'>άπηρυθριασμέναις</span> <span class='ocrx_word' id='word_1_283' title='bbox 1018 2608 1111 2660; x_wconf 75' lang='grc' dir='ltr'><strong>καὶ</strong></span> <span class='ocrx_word' id='word_1_284' title='bbox 1151 2609 1521 2678; x_wconf 81' lang='grc' dir='ltr'>ἀναισχύντοις</span> <span class='ocrx_word' id='word_1_285' title='bbox 1566 2609 1831 2677; x_wconf 82' lang='grc' dir='ltr'>γλώσσαις</span> 
     </span>
    </p>
   </div>
   <div class='ocr_carea' id='block_1_42' title="bbox 267 2688 1830 2771">
    <p class='ocr_par' dir='ltr' id='par_1_42' title="bbox 267 2688 1830 2771">
     <span class='ocr_line' id='line_1_42' title="bbox 267 2688 1830 2771; baseline 0.009 -32"><span class='ocrx_word' id='word_1_286' title='bbox 267 2688 374 2741; x_wconf 82' lang='grc' dir='ltr'><strong>ὑπὸ</strong></span> <span class='ocrx_word' id='word_1_287' title='bbox 427 2691 630 2744; x_wconf 89' lang='grc' dir='ltr'>τούτων</span> <span class='ocrx_word' id='word_1_288' title='bbox 676 2695 1024 2765; x_wconf 81' lang='grc' dir='ltr'>ἐξεργασθὲν,</span> <span class='ocrx_word' id='word_1_289' title='bbox 1077 2698 1234 2751; x_wconf 79' lang='grc' dir='ltr'>τοῦτό</span> <span class='ocrx_word' id='word_1_290' title='bbox 1288 2702 1454 2752; x_wconf 75' lang='grc' dir='ltr'>ἐστιν.</span> <span class='ocrx_word' id='word_1_291' title='bbox 1535 2700 1723 2771; x_wconf 84' lang='grc' dir='ltr'>Ἡμεῖς</span> <span class='ocrx_word' id='word_1_292' title='bbox 1775 2702 1830 2753; x_wconf 82' lang='grc' dir='ltr'><strong>δὲ</strong></span> 
     </span>
    </p>
   </div>
   <div class='ocr_carea' id='block_1_43' title="bbox 264 2779 1830 2864">
    <p class='ocr_par' dir='ltr' id='par_1_43' title="bbox 264 2779 1830 2864">
     <span class='ocr_line' id='line_1_43' title="bbox 264 2779 1830 2864; baseline 0.02 -35"><span class='ocrx_word' id='word_1_293' title='bbox 264 2779 480 2846; x_wconf 82' lang='grc' dir='ltr'>πρῶτον</span> <span class='ocrx_word' id='word_1_294' title='bbox 513 2785 687 2836; x_wconf 80' lang='grc' dir='ltr'>ἐκεῖνο</span> <span class='ocrx_word' id='word_1_295' title='bbox 712 2790 837 2850; x_wconf 76' lang='grc' dir='ltr'>τοὺς</span> <span class='ocrx_word' id='word_1_296' title='bbox 868 2792 1139 2860; x_wconf 76' lang='grc' dir='ltr'>ἀκροατὰς</span> <span class='ocrx_word' id='word_1_297' title='bbox 1170 2793 1551 2862; x_wconf 78' lang='grc' dir='ltr'>ὑπομνήσομεν</span> <span class='ocrx_word' id='word_1_298' title='bbox 1585 2794 1715 2864; x_wconf 66' lang='grc'>(88),</span> <span class='ocrx_word' id='word_1_299' title='bbox 1751 2796 1830 2848; x_wconf 77' lang='grc' dir='ltr'><strong>δτι</strong></span> 
     </span>
    </p>
   </div>
   <div class='ocr_carea' id='block_1_44' title="bbox 261 2864 1827 2956">
    <p class='ocr_par' dir='ltr' id='par_1_44' title="bbox 261 2864 1827 2956">
     <span class='ocr_line' id='line_1_44' title="bbox 261 2864 1827 2956; baseline 0.013 -36"><span class='ocrx_word' id='word_1_300' title='bbox 261 2864 420 2933; x_wconf 79' lang='grc' dir='ltr'>οὗτός</span> <span class='ocrx_word' id='word_1_301' title='bbox 451 2874 595 2925; x_wconf 79' lang='grc' dir='ltr'>ἐστιν</span> <span class='ocrx_word' id='word_1_302' title='bbox 626 2877 653 2927; x_wconf 93' lang='lat'><strong>6</strong></span> <span class='ocrx_word' id='word_1_303' title='bbox 684 2876 771 2929; x_wconf 78' lang='grc' dir='ltr'><strong>διὰ</strong></span> <span class='ocrx_word' id='word_1_304' title='bbox 803 2880 900 2942; x_wconf 82' lang='grc' dir='ltr'><strong>τὴν</strong></span> <span class='ocrx_word' id='word_1_305' title='bbox 931 2881 1038 2934; x_wconf 85' lang='grc' dir='ltr'><strong>τῶν</strong></span> <span class='ocrx_word' id='word_1_306' title='bbox 1070 2882 1276 2935; x_wconf 81' lang='grc' dir='ltr'>πολλῶν</span> <span class='ocrx_word' id='word_1_307' title='bbox 1305 2885 1523 2951; x_wconf 82' lang='grc' dir='ltr'>ἄγνοιαν</span> <span class='ocrx_word' id='word_1_308' title='bbox 1555 2886 1827 2956; x_wconf 86' lang='grc' dir='ltr'>ἀνθρωπι-</span> 
     </span>
    </p>
   </div>
   <div class='ocr_carea' id='block_1_45' title="bbox 264 2959 1830 3044">
    <p class='ocr_par' dir='ltr' id='par_1_45' title="bbox 264 2959 1830 3044">
     <span class='ocr_line' id='line_1_45' title="bbox 264 2959 1830 3044; baseline 0.004 -21"><span class='ocrx_word' id='word_1_309' title='bbox 264 2959 378 3023; x_wconf 79' lang='grc' dir='ltr'>κῶς</span> <span class='ocrx_word' id='word_1_310' title='bbox 415 2960 773 3025; x_wconf 81' lang='grc' dir='ltr'>ἐξακουόντων</span> <span class='ocrx_word' id='word_1_311' title='bbox 801 2972 899 3039; x_wconf 76' lang='grc' dir='ltr'>τῆς</span> <span class='ocrx_word' id='word_1_312' title='bbox 927 2974 1227 3041; x_wconf 81' lang='grc' dir='ltr'>γεννήσεως</span> <span class='ocrx_word' id='word_1_313' title='bbox 1258 2975 1348 3027; x_wconf 80' lang='grc' dir='ltr'>τοῦ</span> <span class='ocrx_word' id='word_1_314' title='bbox 1385 2976 1514 3028; x_wconf 83' lang='grc' dir='ltr'><strong>Υίοῦ</strong></span> <span class='ocrx_word' id='word_1_315' title='bbox 1547 2977 1626 3039; x_wconf 83' lang='grc' dir='ltr'>εἰς</span> <span class='ocrx_word' id='word_1_316' title='bbox 1660 2978 1830 3044; x_wconf 84' lang='grc' dir='ltr'>ἀνάγ-</span> 
     </span>
    </p>
   </div>
   <div class='ocr_carea' id='block_1_46' title="bbox 263 3052 1829 3129">
    <p class='ocr_par' dir='ltr' id='par_1_46' title="bbox 263 3052 1829 3129">
     <span class='ocr_line' id='line_1_46' title="bbox 263 3052 1829 3129; baseline -0.006 -2"><span class='ocrx_word' id='word_1_317' title='bbox 263 3067 368 3119; x_wconf 72' lang='grc' dir='ltr'><strong>κην</strong></span> <span class='ocrx_word' id='word_1_318' title='bbox 406 3052 674 3125; x_wconf 68' lang='grc' dir='ltr'>ἐληλυθὼς</span> <span class='ocrx_word' id='word_1_319' title='bbox 716 3058 822 3110; x_wconf 73' lang='grc' dir='ltr'>τῶν</span> <span class='ocrx_word' id='word_1_320' title='bbox 879 3061 1050 3129; x_wconf 75' lang='grc' dir='ltr'>λόγων</span> <span class='ocrx_word' id='word_1_321' title='bbox 1083 3063 1287 3116; x_wconf 82' lang='grc' dir='ltr'>τούτων</span> <span class='ocrx_word' id='word_1_322' title='bbox 1310 3081 1324 3094; x_wconf 77' lang='grc' dir='ltr'><strong><em>ο</em></strong></span> <span class='ocrx_word' id='word_1_323' title='bbox 1356 3059 1506 3129; x_wconf 72' lang='grc' dir='ltr'>οὗτος</span> <span class='ocrx_word' id='word_1_324' title='bbox 1534 3066 1562 3117; x_wconf 90' lang='lat'><strong>6</strong></span> <span class='ocrx_word' id='word_1_325' title='bbox 1591 3064 1697 3118; x_wconf 82' lang='grc' dir='ltr'><strong>ἀπὸ</strong></span> <span class='ocrx_word' id='word_1_326' title='bbox 1723 3067 1829 3118; x_wconf 88' lang='grc' dir='ltr'><strong>τῶν</strong></span> 
     </span>
    </p>
   </div>
   <div class='ocr_carea' id='block_1_47' title="bbox 264 3150 1830 3229">
    <p class='ocr_par' dir='ltr' id='par_1_47' title="bbox 264 3150 1830 3229">
     <span class='ocr_line' id='line_1_47' title="bbox 264 3150 1830 3229; baseline 0.01 -32"><span class='ocrx_word' id='word_1_327' title='bbox 264 3150 590 3215; x_wconf 82' lang='grc' dir='ltr'>σωματικῶν</span> <span class='ocrx_word' id='word_1_328' title='bbox 610 3153 824 3205; x_wconf 80' lang='grc' dir='ltr'>ἐννοιῶν</span> <span class='ocrx_word' id='word_1_329' title='bbox 850 3155 940 3207; x_wconf 75' lang='grc' dir='ltr'>ἐπὶ</span> <span class='ocrx_word' id='word_1_330' title='bbox 961 3155 1057 3225; x_wconf 83' lang='grc' dir='ltr'><strong>τὴν</strong></span> <span class='ocrx_word' id='word_1_331' title='bbox 1085 3158 1455 3229; x_wconf 85' lang='grc' dir='ltr'>πνευματικὴν</span> <span class='ocrx_word' id='word_1_332' title='bbox 1478 3158 1708 3229; x_wconf 84' lang='grc' dir='ltr'>θεωρίαν</span> <span class='ocrx_word' id='word_1_333' title='bbox 1731 3158 1830 3221; x_wconf 77' lang='grc' dir='ltr'>τὰς</span> 
     </span>
    </p>
   </div>
   <div class='ocr_carea' id='block_1_48' title="bbox 261 3236 1827 3322">
    <p class='ocr_par' dir='ltr' id='par_1_48' title="bbox 261 3236 1827 3322">
     <span class='ocr_line' id='line_1_48' title="bbox 261 3236 1827 3322; baseline 0.01 -34"><span class='ocrx_word' id='word_1_334' title='bbox 261 3236 620 3303; x_wconf 81' lang='grc' dir='ltr'>ἀπαιδεύτους</span> <span class='ocrx_word' id='word_1_335' title='bbox 643 3243 817 3313; x_wconf 70' lang='grc' dir='ltr'>ψυχὰς</span> <span class='ocrx_word' id='word_1_336' title='bbox 847 3247 1131 3315; x_wconf 78' lang='grc' dir='ltr'>ἐπανάγων</span> <span class='ocrx_word' id='word_1_337' title='bbox 1154 3264 1169 3279; x_wconf 85' lang='grc'><strong>·</strong></span> <span class='ocrx_word' id='word_1_338' title='bbox 1202 3250 1282 3313; x_wconf 88' lang='grc' dir='ltr'>ὃς,</span> <span class='ocrx_word' id='word_1_339' title='bbox 1314 3250 1497 3322; x_wconf 77' lang='grc' dir='ltr'>ἐπειδὴ</span> <span class='ocrx_word' id='word_1_340' title='bbox 1526 3252 1593 3305; x_wconf 90' lang='grc' dir='ltr'><strong>τά</strong></span> <span class='ocrx_word' id='word_1_341' title='bbox 1628 3251 1827 3320; x_wconf 83' lang='grc' dir='ltr'>γεννώ-</span> 
     </span>
    </p>
   </div>
   <div class='ocr_carea' id='block_1_49' title="bbox 264 3329 1864 3407">
    <p class='ocr_par' dir='ltr' id='par_1_49' title="bbox 264 3329 1864 3407">
     <span class='ocr_line' id='line_1_49' title="bbox 264 3329 1864 3407; baseline 0.011 -29"><span class='ocrx_word' id='word_1_342' title='bbox 264 3342 405 3394; x_wconf 79' lang='grc' dir='ltr'>μενα</span> <span class='ocrx_word' id='word_1_343' title='bbox 451 3329 564 3390; x_wconf 75' lang='grc' dir='ltr'>ζῶα</span> <span class='ocrx_word' id='word_1_344' title='bbox 601 3334 699 3383; x_wconf 82' lang='grc' dir='ltr'><strong>οὐκ</strong></span> <span class='ocrx_word' id='word_1_345' title='bbox 730 3333 856 3385; x_wconf 78' lang='grc' dir='ltr'>ὄντα</span> <span class='ocrx_word' id='word_1_346' title='bbox 904 3335 1187 3406; x_wconf 80' lang='grc' dir='ltr'>πρότερον,</span> <span class='ocrx_word' id='word_1_347' title='bbox 1224 3334 1342 3391; x_wconf 87' lang='grc' dir='ltr'>εἶτα</span> <span class='ocrx_word' id='word_1_348' title='bbox 1369 3343 1641 3407; x_wconf 82' lang='grc' dir='ltr'>γεννᾶται,</span> <span class='ocrx_word' id='word_1_349' title='bbox 1672 3343 1763 3394; x_wconf 81' lang='grc' dir='ltr'><strong>καὶ</strong></span> <span class='ocrx_word' id='word_1_350' title='bbox 1798 3344 1827 3394; x_wconf 93' lang='lat'><strong>6</strong></span> <span class='ocrx_word' id='word_1_351' title='bbox 1857 3367 1864 3376; x_wconf 89' lang='lat'><em>-</em></span> 
     </span>
    </p>
   </div>
   <div class='ocr_carea' id='block_1_50' title="bbox 264 3425 1823 3509">
    <p class='ocr_par' dir='ltr' id='par_1_50' title="bbox 264 3425 1823 3509">
     <span class='ocr_line' id='line_1_50' title="bbox 264 3425 1823 3509; baseline 0.01 -34"><span class='ocrx_word' id='word_1_352' title='bbox 264 3425 504 3496; x_wconf 75' lang='grc' dir='ltr'>σήμερον</span> <span class='ocrx_word' id='word_1_353' title='bbox 534 3428 811 3498; x_wconf 67' lang='grc' dir='ltr'>γεννηθεὶς</span> <span class='ocrx_word' id='word_1_354' title='bbox 841 3431 965 3500; x_wconf 80' lang='grc' dir='ltr'>χθὲς</span> <span class='ocrx_word' id='word_1_355' title='bbox 993 3434 1088 3503; x_wconf 72' lang='grc' dir='ltr'><strong>οὐχ</strong></span> <span class='ocrx_word' id='word_1_356' title='bbox 1117 3435 1344 3505; x_wconf 83' lang='grc' dir='ltr'>ὑπῆρχε,</span> <span class='ocrx_word' id='word_1_357' title='bbox 1374 3435 1574 3507; x_wconf 86' lang='grc' dir='ltr'>ταύτην</span> <span class='ocrx_word' id='word_1_358' title='bbox 1597 3438 1689 3490; x_wconf 73' lang='grc' dir='ltr'>καὶ</span> <span class='ocrx_word' id='word_1_359' title='bbox 1714 3437 1823 3509; x_wconf 83' lang='grc'>(89)</span> 
     </span>
    </p>
   </div>
   <div class='ocr_carea' id='block_1_51' title="bbox 262 3516 1826 3599">
    <p class='ocr_par' dir='ltr' id='par_1_51' title="bbox 262 3516 1826 3599">
     <span class='ocr_line' id='line_1_51' title="bbox 262 3516 1826 3599; baseline 0.008 -31"><span class='ocrx_word' id='word_1_360' title='bbox 262 3516 356 3569; x_wconf 75' lang='grc' dir='ltr'>ἐπὶ</span> <span class='ocrx_word' id='word_1_361' title='bbox 410 3520 510 3589; x_wconf 79' lang='grc' dir='ltr'>τὴν</span> <span class='ocrx_word' id='word_1_362' title='bbox 556 3519 647 3572; x_wconf 79' lang='grc' dir='ltr'>τοῦ</span> <span class='ocrx_word' id='word_1_363' title='bbox 686 3522 1021 3589; x_wconf 76' lang='grc' dir='ltr'>Μονογενοῦς</span> <span class='ocrx_word' id='word_1_364' title='bbox 1080 3526 1427 3591; x_wconf 85' lang='grc' dir='ltr'>ὑποστάσεως</span> <span class='ocrx_word' id='word_1_365' title='bbox 1474 3528 1571 3599; x_wconf 79' lang='grc' dir='ltr'><strong>τὴν</strong></span> <span class='ocrx_word' id='word_1_366' title='bbox 1623 3529 1826 3582; x_wconf 73' lang='grc' dir='ltr'>ἔννοιαν</span> 
     </span>
    </p>
   </div>
   <div class='ocr_carea' id='block_1_52' title="bbox 264 3609 1825 3689">
    <p class='ocr_par' dir='ltr' id='par_1_52' title="bbox 264 3609 1825 3689">
     <span class='ocr_line' id='line_1_52' title="bbox 264 3609 1825 3689; baseline 0.008 -29"><span class='ocrx_word' id='word_1_367' title='bbox 264 3609 578 3682; x_wconf 66' lang='grc' dir='ltr'>μεταφέρει.</span> <span class='ocrx_word' id='word_1_368' title='bbox 644 3612 753 3664; x_wconf 76' lang='grc' dir='ltr'>Καὶ</span> <span class='ocrx_word' id='word_1_369' title='bbox 811 3614 993 3684; x_wconf 79' lang='grc' dir='ltr'>ἐπειδὴ</span> <span class='ocrx_word' id='word_1_370' title='bbox 1066 3617 1419 3687; x_wconf 81' lang='grc' dir='ltr'>γεγέννηται,</span> <span class='ocrx_word' id='word_1_371' title='bbox 1481 3618 1676 3688; x_wconf 74' lang='grc' dir='ltr'>φησὶν,</span> <span class='ocrx_word' id='word_1_372' title='bbox 1730 3620 1825 3689; x_wconf 71' lang='grc' dir='ltr'><strong>οὐχ</strong></span> 
     </span>
    </p>
   </div>
   <div class='ocr_carea' id='block_1_53' title="bbox 261 3698 1824 3780">
    <p class='ocr_par' dir='ltr' id='par_1_53' title="bbox 261 3698 1824 3780">
     <span class='ocr_line' id='line_1_53' title="bbox 261 3698 1824 3780; baseline 0.009 -31"><span class='ocrx_word' id='word_1_373' title='bbox 261 3698 475 3769; x_wconf 76' lang='grc' dir='ltr'>ὑπῆρχε</span> <span class='ocrx_word' id='word_1_374' title='bbox 514 3703 618 3771; x_wconf 86' lang='grc' dir='ltr'><strong>πρὸ</strong></span> <span class='ocrx_word' id='word_1_375' title='bbox 659 3703 758 3772; x_wconf 73' lang='grc' dir='ltr'>τῆς</span> <span class='ocrx_word' id='word_1_376' title='bbox 785 3706 1106 3774; x_wconf 80' lang='grc' dir='ltr'>γεννήσεως.</span> <span class='ocrx_word' id='word_1_377' title='bbox 1144 3706 1297 3761; x_wconf 79' lang='grc' dir='ltr'>Οὕτω</span> <span class='ocrx_word' id='word_1_378' title='bbox 1329 3708 1680 3777; x_wconf 81' lang='grc' dir='ltr'>μεγαλοφυῶς</span> <span class='ocrx_word' id='word_1_379' title='bbox 1727 3711 1824 3780; x_wconf 83' lang='grc' dir='ltr'>τὴν</span> 
     </span>
    </p>
   </div>
   <div class='ocr_carea' id='block_1_54' title="bbox 259 3789 1827 3868">
    <p class='ocr_par' dir='ltr' id='par_1_54' title="bbox 259 3789 1827 3868">
     <span class='ocr_line' id='line_1_54' title="bbox 259 3789 1827 3868; baseline 0.008 -28"><span class='ocrx_word' id='word_1_380' title='bbox 259 3789 508 3861; x_wconf 67' lang='grc' dir='ltr'>γέννησιν</span> <span class='ocrx_word' id='word_1_381' title='bbox 535 3795 662 3864; x_wconf 74' lang='grc' dir='ltr'>ἡμῖν</span> <span class='ocrx_word' id='word_1_382' title='bbox 687 3796 777 3848; x_wconf 72' lang='grc' dir='ltr'>τοῦ</span> <span class='ocrx_word' id='word_1_383' title='bbox 801 3796 1129 3865; x_wconf 83' lang='grc' dir='ltr'>Μονογενοῦς</span> <span class='ocrx_word' id='word_1_384' title='bbox 1145 3798 1398 3868; x_wconf 85' lang='grc' dir='ltr'>θεολογεῖ,</span> <span class='ocrx_word' id='word_1_385' title='bbox 1429 3802 1527 3853; x_wconf 75' lang='grc' dir='ltr'><strong>καὶ</strong></span> <span class='ocrx_word' id='word_1_386' title='bbox 1552 3801 1639 3855; x_wconf 86' lang='grc' dir='ltr'><strong>διά</strong></span> <span class='ocrx_word' id='word_1_387' title='bbox 1662 3800 1827 3854; x_wconf 85' lang='grc' dir='ltr'>τοιού-</span> 
     </span>
    </p>
   </div>
   <div class='ocr_carea' id='block_1_55' title="bbox 258 3883 1823 3965">
    <p class='ocr_par' dir='ltr' id='par_1_55' title="bbox 258 3883 1823 3965">
     <span class='ocr_line' id='line_1_55' title="bbox 258 3883 1823 3965; baseline 0.01 -32"><span class='ocrx_word' id='word_1_388' title='bbox 258 3898 368 3934; x_wconf 86' lang='grc' dir='ltr'><strong>των</strong></span> <span class='ocrx_word' id='word_1_389' title='bbox 392 3883 561 3950; x_wconf 86' lang='grc' dir='ltr'>λόγων</span> <span class='ocrx_word' id='word_1_390' title='bbox 586 3886 652 3939; x_wconf 69' lang='grc' dir='ltr'><strong>τὰ</strong></span> <span class='ocrx_word' id='word_1_391' title='bbox 682 3887 1084 3960; x_wconf 68' lang='grc' dir='ltr'>ἀρρωστήματα</span> <span class='ocrx_word' id='word_1_392' title='bbox 1142 3891 1249 3945; x_wconf 88' lang='grc' dir='ltr'><strong>τῶν</strong></span> <span class='ocrx_word' id='word_1_393' title='bbox 1280 3893 1522 3962; x_wconf 72' lang='grc' dir='ltr'>ἀδελφῶν</span> <span class='ocrx_word' id='word_1_394' title='bbox 1546 3894 1703 3965; x_wconf 88' lang='grc' dir='ltr'>ἡμῶν</span> <span class='ocrx_word' id='word_1_395' title='bbox 1734 3897 1823 3947; x_wconf 76' lang='grc' dir='ltr'>ἐπ-</span> 
     </span>
    </p>
   </div>
   <div class='ocr_carea' id='block_1_56' title="bbox 256 3975 1823 4057">
    <p class='ocr_par' dir='ltr' id='par_1_56' title="bbox 256 3975 1823 4057">
     <span class='ocr_line' id='line_1_56' title="bbox 256 3975 1823 4057; baseline 0.008 -29"><span class='ocrx_word' id='word_1_396' title='bbox 256 3975 599 4046; x_wconf 80' lang='grc' dir='ltr'>ανορθοῦται,</span> <span class='ocrx_word' id='word_1_397' title='bbox 632 3978 777 4043; x_wconf 78' lang='grc' dir='ltr'>ἄξιος</span> <span class='ocrx_word' id='word_1_398' title='bbox 805 3980 1073 4053; x_wconf 78' lang='grc' dir='ltr'>ὢν,εἱ’περ</span> <span class='ocrx_word' id='word_1_399' title='bbox 1109 4002 1211 4047; x_wconf 84' lang='grc' dir='ltr'>τις,</span> <span class='ocrx_word' id='word_1_400' title='bbox 1249 3984 1472 4039; x_wconf 80' lang='grc' dir='ltr'>ἀκοῦσαι</span> <span class='ocrx_word' id='word_1_401' title='bbox 1510 3988 1606 4057; x_wconf 80' lang='grc' dir='ltr'>τῆς</span> <span class='ocrx_word' id='word_1_402' title='bbox 1634 4005 1823 4057; x_wconf 83' lang='grc' dir='ltr'>παροι·</span> 
     </span>
    </p>
   </div>
   <div class='ocr_carea' id='block_1_57' title="bbox 262 4066 1821 4145">
    <p class='ocr_par' dir='ltr' id='par_1_57' title="bbox 262 4066 1821 4145">
     <span class='ocr_line' id='line_1_57' title="bbox 262 4066 1821 4145; baseline 0.007 -28"><span class='ocrx_word' id='word_1_403' title='bbox 262 4066 414 4135; x_wconf 85' lang='grc' dir='ltr'>μίας.</span> <span class='ocrx_word' id='word_1_404' title='bbox 447 4068 526 4120; x_wconf 85' lang='grc' dir='ltr'><strong>ὅτι</strong></span> <span class='ocrx_word' id='word_1_405' title='bbox 566 4069 759 4136; x_wconf 83' lang='grc' dir='ltr'>Ἰατρὲ,</span> <span class='ocrx_word' id='word_1_406' title='bbox 788 4071 1460 4139; x_wconf 75' lang='grc' dir='ltr'>θεράπευσονσεαυτόν.</span> <span class='ocrx_word' id='word_1_407' title='bbox 1486 4077 1615 4128; x_wconf 86' lang='grc' dir='ltr'>Τίνα</span> <span class='ocrx_word' id='word_1_408' title='bbox 1644 4077 1821 4145; x_wconf 80' lang='grc' dir='ltr'>μέντοι</span> 
     </span>
    </p>
   </div>
   <div class='ocr_carea' id='block_1_58' title="bbox 260 4158 1819 4233">
    <p class='ocr_par' dir='ltr' id='par_1_58' title="bbox 260 4158 1819 4233">
     <span class='ocr_line' id='line_1_58' title="bbox 260 4158 1819 4233; baseline 0.006 -24"><span class='ocrx_word' id='word_1_409' title='bbox 260 4158 356 4209; x_wconf 73' lang='grc' dir='ltr'><strong>καὶ</strong></span> <span class='ocrx_word' id='word_1_410' title='bbox 386 4160 733 4230; x_wconf 81' lang='grc' dir='ltr'>παραμυθίαν</span> <span class='ocrx_word' id='word_1_411' title='bbox 775 4162 874 4232; x_wconf 80' lang='grc' dir='ltr'><strong>τῆς</strong></span> <span class='ocrx_word' id='word_1_412' title='bbox 916 4164 1116 4216; x_wconf 84' lang='grc' dir='ltr'>ἀτόπου</span> <span class='ocrx_word' id='word_1_413' title='bbox 1150 4164 1350 4233; x_wconf 81' lang='grc' dir='ltr'>ταύτης</span> <span class='ocrx_word' id='word_1_414' title='bbox 1394 4166 1546 4218; x_wconf 79' lang='grc' dir='ltr'>νόσον</span> <span class='ocrx_word' id='word_1_415' title='bbox 1583 4168 1690 4218; x_wconf 85' lang='grc' dir='ltr'><strong>τῶν</strong></span> <span class='ocrx_word' id='word_1_416' title='bbox 1732 4166 1819 4219; x_wconf 88' lang='grc' dir='ltr'>λο-</span> 
     </span>
    </p>
   </div>
   <div class='ocr_carea' id='block_1_59' title="bbox 257 4248 1819 4325">
    <p class='ocr_par' dir='ltr' id='par_1_59' title="bbox 257 4248 1819 4325">
     <span class='ocr_line' id='line_1_59' title="bbox 257 4248 1819 4325; baseline 0.006 -28"><span class='ocrx_word' id='word_1_417' title='bbox 257 4248 473 4316; x_wconf 88' lang='grc' dir='ltr'>γισμῶν</span> <span class='ocrx_word' id='word_1_418' title='bbox 505 4249 652 4320; x_wconf 77' lang='grc' dir='ltr'>αὐτῷ</span> <span class='ocrx_word' id='word_1_419' title='bbox 694 4253 1143 4322; x_wconf 81' lang='grc' dir='ltr'>προσενέγκωμεν</span> <span class='ocrx_word' id='word_1_420' title='bbox 1176 4253 1209 4323; x_wconf 85' lang='grc' dir='ltr'>ἢ</span> <span class='ocrx_word' id='word_1_421' title='bbox 1257 4254 1325 4306; x_wconf 79' lang='grc' dir='ltr'>τὰ</span> <span class='ocrx_word' id='word_1_422' title='bbox 1358 4253 1507 4325; x_wconf 80' lang='grc' dir='ltr'>παρὰ</span> <span class='ocrx_word' id='word_1_423' title='bbox 1543 4256 1637 4308; x_wconf 77' lang='grc' dir='ltr'>τοῦ</span> <span class='ocrx_word' id='word_1_424' title='bbox 1669 4257 1819 4321; x_wconf 81' lang='grc' dir='ltr'>ἁγίου</span> 
     </span>
    </p>
   </div>
   <div class='ocr_carea' id='block_1_60' title="bbox 256 4340 1821 4416">
    <p class='ocr_par' dir='ltr' id='par_1_60' title="bbox 256 4340 1821 4416">
     <span class='ocr_line' id='line_1_60' title="bbox 256 4340 1821 4416; baseline 0.004 -23"><span class='ocrx_word' id='word_1_425' title='bbox 256 4340 575 4410; x_wconf 79' lang='grc' dir='ltr'>Πνεύματος</span> <span class='ocrx_word' id='word_1_426' title='bbox 619 4342 705 4396; x_wconf 71' lang='grc' dir='ltr'><strong>διὰ</strong></span> <span class='ocrx_word' id='word_1_427' title='bbox 751 4344 843 4397; x_wconf 78' lang='grc' dir='ltr'>τοῦ</span> <span class='ocrx_word' id='word_1_428' title='bbox 893 4345 1159 4416; x_wconf 83' lang='grc' dir='ltr'>μακαρίου</span> <span class='ocrx_word' id='word_1_429' title='bbox 1231 4346 1474 4399; x_wconf 86' lang='grc' dir='ltr'>Ἰωάννου</span> <span class='ocrx_word' id='word_1_430' title='bbox 1529 4346 1821 4416; x_wconf 74' lang='grc' dir='ltr'>λαληθέντα</span> 
     </span>
    </p>
   </div>
   <div class='ocr_carea' id='block_1_61' title="bbox 258 4434 1819 4507">
    <p class='ocr_par' dir='ltr' id='par_1_61' title="bbox 258 4434 1819 4507">
     <span class='ocr_line' id='line_1_61' title="bbox 258 4434 1819 4507; baseline 0.004 -23"><span class='ocrx_word' id='word_1_431' title='bbox 258 4435 412 4503; x_wconf 80' lang='grc' dir='ltr'>ἡμῖν,</span> <span class='ocrx_word' id='word_1_432' title='bbox 448 4434 527 4486; x_wconf 83' lang='grc' dir='ltr'>ὅτι</span> <span class='ocrx_word' id='word_1_433' title='bbox 571 4436 670 4487; x_wconf 80' lang='grc' dir='ltr'><strong>Ἐν</strong></span> <span class='ocrx_word' id='word_1_434' title='bbox 704 4436 861 4506; x_wconf 77' lang='grc' dir='ltr'>ἀρχῇ</span> <span class='ocrx_word' id='word_1_435' title='bbox 908 4434 986 4507; x_wconf 77' lang='grc' dir='ltr'><strong>ἦν·</strong></span> <span class='ocrx_word' id='word_1_436' title='bbox 1018 4440 1050 4491; x_wconf 70' lang='grc' dir='ltr'><em>ὁ</em></span> <span class='ocrx_word' id='word_1_437' title='bbox 1076 4438 1285 4506; x_wconf 73' lang='grc' dir='ltr'>Λόγος,</span> <span class='ocrx_word' id='word_1_438' title='bbox 1330 4437 1425 4490; x_wconf 76' lang='grc' dir='ltr'>καὶ</span> <span class='ocrx_word' id='word_1_439' title='bbox 1459 4442 1490 4491; x_wconf 91' lang='lat' dir='ltr'><strong>o&#39;</strong></span> <span class='ocrx_word' id='word_1_440' title='bbox 1525 4440 1711 4507; x_wconf 65' lang='grc' dir='ltr'>Λόγος</span> <span class='ocrx_word' id='word_1_441' title='bbox 1744 4435 1819 4507; x_wconf 79' lang='grc' dir='ltr'><strong>ἦν</strong></span> 
     </span>
    </p>
   </div>
   <div class='ocr_carea' id='block_1_62' title="bbox 1936 1965 3495 2037">
    <p class='ocr_par' dir='ltr' id='par_1_62' title="bbox 1936 1965 3495 2037">
     <span class='ocr_line' id='line_1_62' title="bbox 1936 1965 3495 2037; baseline -0.008 -8"><span class='ocrx_word' id='word_1_442' title='bbox 1936 1975 2150 2037; x_wconf 86' lang='lat' dir='ltr'><strong>Filium,</strong></span> <span class='ocrx_word' id='word_1_443' title='bbox 2181 1982 2273 2026; x_wconf 87' lang='lat' dir='ltr'><strong>aut</strong></span> <span class='ocrx_word' id='word_1_444' title='bbox 2299 1987 2403 2025; x_wconf 88' lang='lat' dir='ltr'><strong>non</strong></span> <span class='ocrx_word' id='word_1_445' title='bbox 2432 1973 2803 2023; x_wconf 80' lang='lat' dir='ltr'><strong>cxsistentem.</strong></span> <span class='ocrx_word' id='word_1_446' title='bbox 2838 1967 2997 2035; x_wconf 82' lang='lat' dir='ltr'><strong>Atqui</strong></span> <span class='ocrx_word' id='word_1_447' title='bbox 3026 1966 3069 2021; x_wconf 94' lang='lat' dir='ltr'><strong>si</strong></span> <span class='ocrx_word' id='word_1_448' title='bbox 3098 1982 3199 2019; x_wconf 89' lang='lat' dir='ltr'><strong>non</strong></span> <span class='ocrx_word' id='word_1_449' title='bbox 3231 1965 3495 2018; x_wconf 80' lang='lat' dir='ltr'><strong>exsisteu-</strong></span> 
     </span>
    </p>
   </div>
   <div class='ocr_carea' id='block_1_63' title="bbox 1936 2057 3493 2132">
    <p class='ocr_par' dir='ltr' id='par_1_63' title="bbox 1936 2057 3493 2132">
     <span class='ocr_line' id='line_1_63' title="bbox 1936 2057 3493 2132; baseline -0.006 -13"><span class='ocrx_word' id='word_1_450' title='bbox 1936 2077 2064 2130; x_wconf 90' lang='lat' dir='ltr'><strong>tem,</strong></span> <span class='ocrx_word' id='word_1_451' title='bbox 2097 2079 2275 2128; x_wconf 90' lang='lat' dir='ltr'><strong>nemo,</strong></span> <span class='ocrx_word' id='word_1_452' title='bbox 2305 2062 2495 2132; x_wconf 88' lang='lat' dir='ltr'><strong>inquit,</strong></span> <span class='ocrx_word' id='word_1_453' title='bbox 2522 2062 2730 2115; x_wconf 89' lang='lat' dir='ltr'><strong>incuset</strong></span> <span class='ocrx_word' id='word_1_454' title='bbox 2756 2073 2839 2111; x_wconf 85' lang='lat' dir='ltr'><strong>me</strong></span> <span class='ocrx_word' id='word_1_455' title='bbox 2867 2060 3205 2113; x_wconf 88' lang='lat' dir='ltr'><strong>temeritatis.</strong></span> <span class='ocrx_word' id='word_1_456' title='bbox 3231 2057 3325 2111; x_wconf 92' lang='lat' dir='ltr'><strong>Sin</strong></span> <span class='ocrx_word' id='word_1_457' title='bbox 3348 2057 3493 2110; x_wconf 81' lang='lat' dir='ltr'><strong>exsi-</strong></span> 
     </span>
    </p>
   </div>
   <div class='ocr_carea' id='block_1_64' title="bbox 1932 2150 3489 2218">
    <p class='ocr_par' dir='ltr' id='par_1_64' title="bbox 1932 2150 3489 2218">
     <span class='ocr_line' id='line_1_64' title="bbox 1932 2150 3489 2218; baseline -0.009 -5"><span class='ocrx_word' id='word_1_458' title='bbox 1932 2168 2184 2218; x_wconf 86' lang='lat' dir='ltr'><strong>stentem,</strong></span> <span class='ocrx_word' id='word_1_459' title='bbox 2220 2169 2324 2209; x_wconf 89' lang='lat' dir='ltr'><strong>non</strong></span> <span class='ocrx_word' id='word_1_460' title='bbox 2350 2153 2738 2207; x_wconf 88' lang='lat' dir='ltr'><strong>absurditatem</strong></span> <span class='ocrx_word' id='word_1_461' title='bbox 2772 2151 2967 2215; x_wconf 91' lang='lat' dir='ltr'><strong>solum,</strong></span> <span class='ocrx_word' id='word_1_462' title='bbox 3000 2161 3053 2203; x_wconf 91' lang='lat' dir='ltr'><strong>et</strong></span> <span class='ocrx_word' id='word_1_463' title='bbox 3076 2150 3489 2217; x_wconf 84' lang='lat' dir='ltr'><strong>blasphemiam,</strong></span> 
     </span>
    </p>
   </div>
   <div class='ocr_carea' id='block_1_65' title="bbox 1931 2243 3486 2306">
    <p class='ocr_par' dir='ltr' id='par_1_65' title="bbox 1931 2243 3486 2306">
     <span class='ocr_line' id='line_1_65' title="bbox 1931 2243 3486 2306; baseline -0.007 0"><span class='ocrx_word' id='word_1_464' title='bbox 1931 2251 2023 2306; x_wconf 88' lang='lat' dir='ltr'><strong>sed</strong></span> <span class='ocrx_word' id='word_1_465' title='bbox 2051 2248 2398 2304; x_wconf 83' lang='lat' dir='ltr'><strong>stoliditatem</strong></span> <span class='ocrx_word' id='word_1_466' title='bbox 2431 2244 2592 2298; x_wconf 89' lang='lat' dir='ltr'><strong>etiam</strong></span> <span class='ocrx_word' id='word_1_467' title='bbox 2629 2258 2845 2296; x_wconf 82' lang='lat' dir='ltr'><strong>omnem</strong></span> <span class='ocrx_word' id='word_1_468' title='bbox 2880 2243 2965 2297; x_wconf 91' lang='lat' dir='ltr'><strong>hic</strong></span> <span class='ocrx_word' id='word_1_469' title='bbox 3006 2257 3187 2297; x_wconf 87' lang='lat' dir='ltr'><strong>sermo</strong></span> <span class='ocrx_word' id='word_1_470' title='bbox 3222 2243 3434 2295; x_wconf 82' lang='lat' dir='ltr'><strong>excedit</strong></span> <span class='ocrx_word' id='word_1_471' title='bbox 3472 2262 3486 2296; x_wconf 85' lang='lat'><strong>:</strong></span> 
     </span>
    </p>
   </div>
   <div class='ocr_carea' id='block_1_66' title="bbox 1930 2335 3137 2409">
    <p class='ocr_par' dir='ltr' id='par_1_66' title="bbox 1930 2335 3137 2409">
     <span class='ocr_line' id='line_1_66' title="bbox 1930 2335 3137 2409; baseline -0.005 -13"><span class='ocrx_word' id='word_1_472' title='bbox 1930 2342 2124 2396; x_wconf 90' lang='lat' dir='ltr'><strong>etenim</strong></span> <span class='ocrx_word' id='word_1_473' title='bbox 2149 2341 2236 2409; x_wconf 88' lang='lat' dir='ltr'><strong>qui</strong></span> <span class='ocrx_word' id='word_1_474' title='bbox 2274 2346 2373 2402; x_wconf 90' lang='lat' dir='ltr'><strong>est,</strong></span> <span class='ocrx_word' id='word_1_475' title='bbox 2402 2335 2747 2407; x_wconf 81' lang='lat' dir='ltr'><strong>generatione</strong></span> <span class='ocrx_word' id='word_1_476' title='bbox 2779 2351 2880 2390; x_wconf 91' lang='lat' dir='ltr'><strong>non</strong></span> <span class='ocrx_word' id='word_1_477' title='bbox 2916 2336 3137 2405; x_wconf 78' lang='lat' dir='ltr'><strong>indiget.</strong></span> 
     </span>
    </p>
   </div>
   <div class='ocr_carea' id='block_1_67' title="bbox 1999 2428 3486 2500">
    <p class='ocr_par' dir='ltr' id='par_1_67' title="bbox 1999 2428 3486 2500">
     <span class='ocr_line' id='line_1_67' title="bbox 1999 2428 3486 2500; baseline -0.003 -14"><span class='ocrx_word' id='word_1_478' title='bbox 1999 2434 2124 2487; x_wconf 65' lang='lat' dir='ltr'><strong>Bas.</strong></span> <span class='ocrx_word' id='word_1_479' title='bbox 2168 2433 2291 2488; x_wconf 61' lang='lat' dir='ltr'><strong>llaec</strong></span> <span class='ocrx_word' id='word_1_480' title='bbox 2316 2442 2399 2487; x_wconf 90' lang='lat' dir='ltr'><strong>est</strong></span> <span class='ocrx_word' id='word_1_481' title='bbox 2424 2428 2638 2500; x_wconf 84' lang='lat' dir='ltr'><strong>quidem</strong></span> <span class='ocrx_word' id='word_1_482' title='bbox 2672 2428 2757 2481; x_wconf 89' lang='lat' dir='ltr'><strong>illa</strong></span> <span class='ocrx_word' id='word_1_483' title='bbox 2789 2428 3156 2497; x_wconf 80' lang='lat' dir='ltr'><strong>vulgatissima</strong></span> <span class='ocrx_word' id='word_1_484' title='bbox 3190 2428 3486 2490; x_wconf 85' lang='lat' dir='ltr'><strong>cavillatio.</strong></span> 
     </span>
    </p>
   </div>
   <div class='ocr_carea' id='block_1_68' title="bbox 1932 2517 3489 2588">
    <p class='ocr_par' dir='ltr' id='par_1_68' title="bbox 1932 2517 3489 2588">
     <span class='ocr_line' id='line_1_68' title="bbox 1932 2517 3489 2588; baseline -0.005 -9"><span class='ocrx_word' id='word_1_485' title='bbox 1932 2526 1999 2579; x_wconf 86' lang='lat' dir='ltr'><strong>ab</strong></span> <span class='ocrx_word' id='word_1_486' title='bbox 2027 2523 2146 2578; x_wconf 88' lang='lat' dir='ltr'><strong>aliis</strong></span> <span class='ocrx_word' id='word_1_487' title='bbox 2184 2525 2311 2577; x_wconf 89' lang='lat' dir='ltr'><strong>olim</strong></span> <span class='ocrx_word' id='word_1_488' title='bbox 2362 2524 2643 2575; x_wconf 88' lang='lat' dir='ltr'><strong>adinventa</strong></span> <span class='ocrx_word' id='word_1_489' title='bbox 2680 2535 2693 2572; x_wconf 90' lang='lat'><strong>:</strong></span> <span class='ocrx_word' id='word_1_490' title='bbox 2740 2535 2882 2573; x_wconf 88' lang='lat' dir='ltr'><strong>nunc</strong></span> <span class='ocrx_word' id='word_1_491' title='bbox 2923 2535 3049 2573; x_wconf 89' lang='lat' dir='ltr'><strong>vero</strong></span> <span class='ocrx_word' id='word_1_492' title='bbox 3091 2517 3489 2588; x_wconf 78' lang='lat' dir='ltr'><strong>impudentibus</strong></span> 
     </span>
    </p>
   </div>
   <div class='ocr_carea' id='block_1_69' title="bbox 1930 2606 3483 2675">
    <p class='ocr_par' dir='ltr' id='par_1_69' title="bbox 1930 2606 3483 2675">
     <span class='ocr_line' id='line_1_69' title="bbox 1930 2606 3483 2675; baseline -0.006 -8"><span class='ocrx_word' id='word_1_493' title='bbox 1930 2623 1985 2668; x_wconf 91' lang='lat' dir='ltr'><strong>et</strong></span> <span class='ocrx_word' id='word_1_494' title='bbox 2017 2609 2391 2666; x_wconf 84' lang='lat' dir='ltr'><strong>inverecundis</strong></span> <span class='ocrx_word' id='word_1_495' title='bbox 2423 2609 2645 2661; x_wconf 82' lang='lat' dir='ltr'><strong>istorum</strong></span> <span class='ocrx_word' id='word_1_496' title='bbox 2680 2607 2875 2673; x_wconf 81' lang='lat' dir='ltr'><strong>linguis</strong></span> <span class='ocrx_word' id='word_1_497' title='bbox 2900 2606 3143 2661; x_wconf 89' lang='lat' dir='ltr'><strong>absolute</strong></span> <span class='ocrx_word' id='word_1_498' title='bbox 3174 2616 3333 2675; x_wconf 89' lang='lat' dir='ltr'><strong>atque</strong></span> <span class='ocrx_word' id='word_1_499' title='bbox 3357 2621 3483 2675; x_wconf 76' lang='lat' dir='ltr'><strong>per-</strong></span> 
     </span>
    </p>
   </div>
   <div class='ocr_carea' id='block_1_70' title="bbox 1929 2696 3562 2772">
    <p class='ocr_par' dir='ltr' id='par_1_70' title="bbox 1929 2696 3562 2772">
     <span class='ocr_line' id='line_1_70' title="bbox 1929 2696 3562 2772; baseline -0.007 -12"><span class='ocrx_word' id='word_1_500' title='bbox 1929 2706 2067 2760; x_wconf 86' lang='lat' dir='ltr'><strong>l&#39;ecte</strong></span> <span class='ocrx_word' id='word_1_501' title='bbox 2109 2702 2340 2772; x_wconf 81' lang='lat' dir='ltr'><strong>expleta.</strong></span> <span class='ocrx_word' id='word_1_502' title='bbox 2389 2699 2586 2753; x_wconf 84' lang='lat' dir='ltr'><strong>Verum</strong></span> <span class='ocrx_word' id='word_1_503' title='bbox 2635 2713 2730 2754; x_wconf 91' lang='lat' dir='ltr'><strong>nos</strong></span> <span class='ocrx_word' id='word_1_504' title='bbox 2769 2697 2894 2751; x_wconf 88' lang='lat' dir='ltr'><strong>illud</strong></span> <span class='ocrx_word' id='word_1_505' title='bbox 2934 2698 3163 2765; x_wconf 91' lang='lat' dir='ltr'><strong>primum</strong></span> <span class='ocrx_word' id='word_1_506' title='bbox 3214 2696 3487 2749; x_wconf 80' lang='lat' dir='ltr'><strong>auditores</strong></span> <span class='ocrx_word' id='word_1_507' title='bbox 3558 2710 3562 2715; x_wconf 82' lang='lat'>&#39;</span> 
     </span>
    </p>
   </div>
   <div class='ocr_carea' id='block_1_71' title="bbox 1930 2787 3485 2860">
    <p class='ocr_par' dir='ltr' id='par_1_71' title="bbox 1930 2787 3485 2860">
     <span class='ocr_line' id='line_1_71' title="bbox 1930 2787 3485 2860; baseline -0.008 -7"><span class='ocrx_word' id='word_1_508' title='bbox 1930 2795 2359 2858; x_wconf 90' lang='lat' dir='ltr'><strong>admonebimus,</strong></span> <span class='ocrx_word' id='word_1_509' title='bbox 2402 2793 2545 2846; x_wconf 90' lang='lat' dir='ltr'><strong>hunc</strong></span> <span class='ocrx_word' id='word_1_510' title='bbox 2588 2791 2734 2844; x_wconf 89' lang='lat' dir='ltr'><strong>illum</strong></span> <span class='ocrx_word' id='word_1_511' title='bbox 2775 2804 2930 2855; x_wconf 88' lang='lat' dir='ltr'><strong>esse,</strong></span> <span class='ocrx_word' id='word_1_512' title='bbox 2967 2787 3133 2860; x_wconf 61' lang='lat'><strong>25.9</strong></span> <span class='ocrx_word' id='word_1_513' title='bbox 3174 2788 3299 2859; x_wconf 92' lang='lat' dir='ltr'><strong>qui,</strong></span> <span class='ocrx_word' id='word_1_514' title='bbox 3342 2788 3485 2857; x_wconf 89' lang='lat' dir='ltr'><strong>quod</strong></span> 
     </span>
    </p>
   </div>
   <div class='ocr_carea' id='block_1_72' title="bbox 1930 2882 3489 2956">
    <p class='ocr_par' dir='ltr' id='par_1_72' title="bbox 1930 2882 3489 2956">
     <span class='ocr_line' id='line_1_72' title="bbox 1930 2882 3489 2956; baseline -0.007 -12"><span class='ocrx_word' id='word_1_515' title='bbox 1930 2904 2035 2944; x_wconf 91' lang='lat' dir='ltr'><strong>non</strong></span> <span class='ocrx_word' id='word_1_516' title='bbox 2066 2886 2222 2956; x_wconf 84' lang='lat' dir='ltr'><strong>pauci</strong></span> <span class='ocrx_word' id='word_1_517' title='bbox 2247 2899 2313 2939; x_wconf 83' lang='lat' dir='ltr'><strong>ex</strong></span> <span class='ocrx_word' id='word_1_518' title='bbox 2346 2883 2647 2953; x_wconf 76' lang='lat' dir='ltr'><strong>ignorantia</strong></span> <span class='ocrx_word' id='word_1_519' title='bbox 2673 2884 3074 2951; x_wconf 81' lang='lat' dir='ltr'><strong>generationem</strong></span> <span class='ocrx_word' id='word_1_520' title='bbox 3102 2882 3221 2936; x_wconf 84' lang='lat' dir='ltr'><strong>Filii</strong></span> <span class='ocrx_word' id='word_1_521' title='bbox 3254 2882 3489 2934; x_wconf 82' lang='lat' dir='ltr'><strong>humano</strong></span> 
     </span>
    </p>
   </div>
   <div class='ocr_carea' id='block_1_73' title="bbox 1926 2969 3487 3047">
    <p class='ocr_par' dir='ltr' id='par_1_73' title="bbox 1926 2969 3487 3047">
     <span class='ocr_line' id='line_1_73' title="bbox 1926 2969 3487 3047; baseline -0.006 -14"><span class='ocrx_word' id='word_1_522' title='bbox 1926 2991 2080 3033; x_wconf 83' lang='lat' dir='ltr'><strong>more</strong></span> <span class='ocrx_word' id='word_1_523' title='bbox 2118 2977 2442 3047; x_wconf 89' lang='lat' dir='ltr'><strong>acciperent,</strong></span> <span class='ocrx_word' id='word_1_524' title='bbox 2489 2984 2709 3029; x_wconf 86' lang='lat' dir='ltr'><strong>coactus</strong></span> <span class='ocrx_word' id='word_1_525' title='bbox 2740 2974 2790 3027; x_wconf 89' lang='lat' dir='ltr'><strong>ia</strong></span> <span class='ocrx_word' id='word_1_526' title='bbox 2824 2975 2920 3027; x_wconf 91' lang='lat' dir='ltr'><strong>hos</strong></span> <span class='ocrx_word' id='word_1_527' title='bbox 2949 2987 3227 3028; x_wconf 90' lang='lat' dir='ltr'><strong>sermones</strong></span> <span class='ocrx_word' id='word_1_528' title='bbox 3256 2969 3442 3026; x_wconf 90' lang='lat' dir='ltr'><strong>incidit</strong></span> <span class='ocrx_word' id='word_1_529' title='bbox 3472 2988 3487 3023; x_wconf 90' lang='lat'><strong>:</strong></span> 
     </span>
    </p>
   </div>
   <div class='ocr_carea' id='block_1_74' title="bbox 1930 3062 3481 3135">
    <p class='ocr_par' dir='ltr' id='par_1_74' title="bbox 1930 3062 3481 3135">
     <span class='ocr_line' id='line_1_74' title="bbox 1930 3062 3481 3135; baseline -0.008 -9"><span class='ocrx_word' id='word_1_530' title='bbox 1930 3073 2072 3126; x_wconf 90' lang='lat' dir='ltr'><strong>hunc</strong></span> <span class='ocrx_word' id='word_1_531' title='bbox 2097 3070 2243 3123; x_wconf 91' lang='lat' dir='ltr'><strong>illum</strong></span> <span class='ocrx_word' id='word_1_532' title='bbox 2273 3083 2411 3132; x_wconf 85' lang='lat' dir='ltr'><strong>esse,</strong></span> <span class='ocrx_word' id='word_1_533' title='bbox 2443 3067 2585 3135; x_wconf 88' lang='lat' dir='ltr'><strong>quia</strong></span> <span class='ocrx_word' id='word_1_534' title='bbox 2618 3066 2891 3135; x_wconf 87' lang='lat' dir='ltr'><strong>corporeis</strong></span> <span class='ocrx_word' id='word_1_535' title='bbox 2927 3064 3237 3118; x_wconf 83' lang='lat' dir='ltr'><strong>nationibus</strong></span> <span class='ocrx_word' id='word_1_536' title='bbox 3275 3063 3340 3116; x_wconf 86' lang='lat' dir='ltr'><strong>ad</strong></span> <span class='ocrx_word' id='word_1_537' title='bbox 3369 3062 3481 3130; x_wconf 87' lang='lat' dir='ltr'><strong>spi-</strong></span> 
     </span>
    </p>
   </div>
   <div class='ocr_carea' id='block_1_75' title="bbox 1881 3156 3481 3231">
    <p class='ocr_par' dir='ltr' id='par_1_75' title="bbox 1881 3156 3481 3231">
     <span class='ocr_line' id='line_1_75' title="bbox 1881 3156 3481 3231; baseline -0.007 -16"><span class='ocrx_word' id='word_1_538' title='bbox 1881 3211 1895 3231; x_wconf 71' lang='grc'><strong>,</strong></span> <span class='ocrx_word' id='word_1_539' title='bbox 1931 3162 2170 3216; x_wconf 86' lang='lat' dir='ltr'><strong>ritualem</strong></span> <span class='ocrx_word' id='word_1_540' title='bbox 2210 3158 2713 3229; x_wconf 87' lang='lat' dir='ltr'><strong>contemplationem</strong></span> <span class='ocrx_word' id='word_1_541' title='bbox 2756 3156 3033 3225; x_wconf 83' lang='lat' dir='ltr'><strong>imperitas</strong></span> <span class='ocrx_word' id='word_1_542' title='bbox 3067 3156 3276 3210; x_wconf 86' lang='lat' dir='ltr'><strong>animas</strong></span> <span class='ocrx_word' id='word_1_543' title='bbox 3325 3169 3481 3208; x_wconf 87' lang='lat' dir='ltr'><strong>revo-</strong></span> 
     </span>
    </p>
   </div>
   <div class='ocr_carea' id='block_1_76' title="bbox 1879 3243 3488 3322">
    <p class='ocr_par' dir='ltr' id='par_1_76' title="bbox 1879 3243 3488 3322">
     <span class='ocr_line' id='line_1_76' title="bbox 1879 3243 3488 3322; baseline -0.008 -14"><span class='ocrx_word' id='word_1_544' title='bbox 1879 3243 1897 3265; x_wconf 79' lang='grc'><strong><em>⁸</em></strong></span> <span class='ocrx_word' id='word_1_545' title='bbox 1932 3264 2018 3308; x_wconf 89' lang='lat' dir='ltr'><strong>cat</strong></span> <span class='ocrx_word' id='word_1_546' title='bbox 2043 3271 2055 3306; x_wconf 92' lang='lat'>:</span> <span class='ocrx_word' id='word_1_547' title='bbox 2084 3254 2194 3322; x_wconf 89' lang='lat' dir='ltr'><strong>qui,</strong></span> <span class='ocrx_word' id='word_1_548' title='bbox 2218 3254 2359 3320; x_wconf 87' lang='lat' dir='ltr'><strong>quod</strong></span> <span class='ocrx_word' id='word_1_549' title='bbox 2387 3252 2661 3313; x_wconf 83' lang='lat' dir='ltr'><strong>animalia,</strong></span> <span class='ocrx_word' id='word_1_550' title='bbox 2688 3266 2809 3302; x_wconf 89' lang='lat' dir='ltr'><strong>cum</strong></span> <span class='ocrx_word' id='word_1_551' title='bbox 2834 3250 2981 3318; x_wconf 90' lang='lat' dir='ltr'><strong>prius</strong></span> <span class='ocrx_word' id='word_1_552' title='bbox 3009 3264 3110 3303; x_wconf 91' lang='lat' dir='ltr'><strong>non</strong></span> <span class='ocrx_word' id='word_1_553' title='bbox 3140 3249 3268 3312; x_wconf 87' lang='lat' dir='ltr'><strong>sint,</strong></span> <span class='ocrx_word' id='word_1_554' title='bbox 3296 3246 3488 3301; x_wconf 78' lang='lat' dir='ltr'><strong>deinde</strong></span> 
     </span>
    </p>
   </div>
   <div class='ocr_carea' id='block_1_77' title="bbox 1931 3339 3485 3414">
    <p class='ocr_par' dir='ltr' id='par_1_77' title="bbox 1931 3339 3485 3414">
     <span class='ocr_line' id='line_1_77' title="bbox 1931 3339 3485 3414; baseline -0.006 -16"><span class='ocrx_word' id='word_1_555' title='bbox 1931 3352 2276 3414; x_wconf 80' lang='lat' dir='ltr'><strong>generantur,</strong></span> <span class='ocrx_word' id='word_1_556' title='bbox 2304 3352 2355 3394; x_wconf 87' lang='lat' dir='ltr'><strong>et</strong></span> <span class='ocrx_word' id='word_1_557' title='bbox 2385 3341 2523 3408; x_wconf 80' lang='lat' dir='ltr'><strong>quod</strong></span> <span class='ocrx_word' id='word_1_558' title='bbox 2556 3340 2645 3409; x_wconf 88' lang='lat' dir='ltr'><strong>qui</strong></span> <span class='ocrx_word' id='word_1_559' title='bbox 2683 3340 2839 3392; x_wconf 86' lang='lat' dir='ltr'><strong>hodie</strong></span> <span class='ocrx_word' id='word_1_560' title='bbox 2863 3339 3079 3408; x_wconf 83' lang='lat' dir='ltr'><strong>genitus</strong></span> <span class='ocrx_word' id='word_1_561' title='bbox 3105 3349 3205 3401; x_wconf 89' lang='lat' dir='ltr'><strong>est,</strong></span> <span class='ocrx_word' id='word_1_562' title='bbox 3240 3339 3353 3391; x_wconf 89' lang='lat' dir='ltr'><strong>heri</strong></span> <span class='ocrx_word' id='word_1_563' title='bbox 3380 3353 3485 3389; x_wconf 81' lang='lat' dir='ltr'><strong>non</strong></span> 
     </span>
    </p>
   </div>
   <div class='ocr_carea' id='block_1_78' title="bbox 1930 3429 3487 3501">
    <p class='ocr_par' dir='ltr' id='par_1_78' title="bbox 1930 3429 3487 3501">
     <span class='ocr_line' id='line_1_78' title="bbox 1930 3429 3487 3501; baseline -0.008 -9"><span class='ocrx_word' id='word_1_564' title='bbox 1930 3447 2065 3501; x_wconf 88' lang='lat' dir='ltr'><strong>erat,</strong></span> <span class='ocrx_word' id='word_1_565' title='bbox 2090 3439 2222 3491; x_wconf 88' lang='lat' dir='ltr'><strong>hanc</strong></span> <span class='ocrx_word' id='word_1_566' title='bbox 2241 3435 2512 3487; x_wconf 84' lang='lat' dir='ltr'><strong>notionem</strong></span> <span class='ocrx_word' id='word_1_567' title='bbox 2540 3434 2591 3485; x_wconf 91' lang='lat' dir='ltr'><strong>in</strong></span> <span class='ocrx_word' id='word_1_568' title='bbox 2622 3430 2891 3499; x_wconf 74' lang='lat' dir='ltr'><strong>Unigeniti</strong></span> <span class='ocrx_word' id='word_1_569' title='bbox 2924 3429 3277 3484; x_wconf 87' lang='lat' dir='ltr'><strong>substantiam</strong></span> <span class='ocrx_word' id='word_1_570' title='bbox 3309 3438 3487 3481; x_wconf 84' lang='lat' dir='ltr'><strong>trans-</strong></span> 
     </span>
    </p>
   </div>
   <div class='ocr_carea' id='block_1_79' title="bbox 1931 3522 3482 3595">
    <p class='ocr_par' dir='ltr' id='par_1_79' title="bbox 1931 3522 3482 3595">
     <span class='ocr_line' id='line_1_79' title="bbox 1931 3522 3482 3595; baseline -0.007 -14"><span class='ocrx_word' id='word_1_571' title='bbox 1931 3528 2051 3583; x_wconf 83' lang='lat' dir='ltr'><strong>fert.</strong></span> <span class='ocrx_word' id='word_1_572' title='bbox 2096 3528 2160 3581; x_wconf 85' lang='lat' dir='ltr'><strong>Et</strong></span> <span class='ocrx_word' id='word_1_573' title='bbox 2186 3527 2439 3595; x_wconf 83' lang='lat' dir='ltr'><strong>quoniam</strong></span> <span class='ocrx_word' id='word_1_574' title='bbox 2472 3525 2685 3594; x_wconf 82' lang='lat' dir='ltr'><strong>genitus</strong></span> <span class='ocrx_word' id='word_1_575' title='bbox 2721 3533 2833 3587; x_wconf 81' lang='lat' dir='ltr'><strong>est,</strong></span> <span class='ocrx_word' id='word_1_576' title='bbox 2872 3522 3066 3592; x_wconf 88' lang='lat' dir='ltr'><strong>inquit,</strong></span> <span class='ocrx_word' id='word_1_577' title='bbox 3100 3530 3224 3575; x_wconf 89' lang='lat' dir='ltr'><strong>ante</strong></span> <span class='ocrx_word' id='word_1_578' title='bbox 3256 3535 3482 3591; x_wconf 80' lang='lat' dir='ltr'><strong>genera—</strong></span> 
     </span>
    </p>
   </div>
   <div class='ocr_carea' id='block_1_80' title="bbox 1931 3612 3486 3683">
    <p class='ocr_par' dir='ltr' id='par_1_80' title="bbox 1931 3612 3486 3683">
     <span class='ocr_line' id='line_1_80' title="bbox 1931 3612 3486 3683; baseline -0.006 -11"><span class='ocrx_word' id='word_1_579' title='bbox 1931 3621 2126 3673; x_wconf 90' lang='lat' dir='ltr'><strong>tionem</strong></span> <span class='ocrx_word' id='word_1_580' title='bbox 2179 3635 2281 3672; x_wconf 91' lang='lat' dir='ltr'><strong>non</strong></span> <span class='ocrx_word' id='word_1_581' title='bbox 2331 3627 2466 3671; x_wconf 91' lang='lat' dir='ltr'><strong>erat.</strong></span> <span class='ocrx_word' id='word_1_582' title='bbox 2517 3616 2665 3671; x_wconf 86' lang='lat' dir='ltr'><strong>Adeo</strong></span> <span class='ocrx_word' id='word_1_583' title='bbox 2722 3614 3005 3683; x_wconf 85' lang='lat' dir='ltr'><strong>magniﬁce</strong></span> <span class='ocrx_word' id='word_1_584' title='bbox 3060 3628 3155 3667; x_wconf 91' lang='lat' dir='ltr'><strong>ceu</strong></span> <span class='ocrx_word' id='word_1_585' title='bbox 3213 3612 3486 3679; x_wconf 84' lang='lat' dir='ltr'><strong>theologus</strong></span> 
     </span>
    </p>
   </div>
   <div class='ocr_carea' id='block_1_81' title="bbox 1935 3701 3487 3779">
    <p class='ocr_par' dir='ltr' id='par_1_81' title="bbox 1935 3701 3487 3779">
     <span class='ocr_line' id='line_1_81' title="bbox 1935 3701 3487 3779; baseline -0.008 -14"><span class='ocrx_word' id='word_1_586' title='bbox 1935 3709 2197 3779; x_wconf 77' lang='lat' dir='ltr'><strong>Unigeuiti</strong></span> <span class='ocrx_word' id='word_1_587' title='bbox 2245 3708 2395 3761; x_wconf 87' lang='lat' dir='ltr'><strong>nobis</strong></span> <span class='ocrx_word' id='word_1_588' title='bbox 2427 3706 2824 3776; x_wconf 85' lang='lat' dir='ltr'><strong>generationem</strong></span> <span class='ocrx_word' id='word_1_589' title='bbox 2858 3704 3101 3772; x_wconf 80' lang='lat' dir='ltr'><strong>exponit,</strong></span> <span class='ocrx_word' id='word_1_590' title='bbox 3144 3713 3304 3770; x_wconf 93' lang='lat' dir='ltr'><strong>atque</strong></span> <span class='ocrx_word' id='word_1_591' title='bbox 3345 3701 3487 3768; x_wconf 81' lang='lat' dir='ltr'><strong>ejus-</strong></span> 
     </span>
    </p>
   </div>
   <div class='ocr_carea' id='block_1_82' title="bbox 1930 3793 3486 3854">
    <p class='ocr_par' dir='ltr' id='par_1_82' title="bbox 1930 3793 3486 3854">
     <span class='ocr_line' id='line_1_82' title="bbox 1930 3793 3486 3854; baseline -0.008 0"><span class='ocrx_word' id='word_1_592' title='bbox 1930 3802 2069 3854; x_wconf 90' lang='lat' dir='ltr'><strong>modi</strong></span> <span class='ocrx_word' id='word_1_593' title='bbox 2103 3798 2279 3853; x_wconf 82' lang='lat' dir='ltr'><strong>verbis</strong></span> <span class='ocrx_word' id='word_1_594' title='bbox 2312 3797 2537 3851; x_wconf 78' lang='lat' dir='ltr'><strong>fratrum</strong></span> <span class='ocrx_word' id='word_1_595' title='bbox 2570 3806 2877 3850; x_wconf 89' lang='lat' dir='ltr'><strong>nostrorum</strong></span> <span class='ocrx_word' id='word_1_596' title='bbox 2933 3793 3335 3847; x_wconf 80' lang='lat' dir='ltr'><strong>inﬁrmitatibus</strong></span> <span class='ocrx_word' id='word_1_597' title='bbox 3375 3808 3486 3843; x_wconf 84' lang='lat' dir='ltr'><strong>me-</strong></span> 
     </span>
    </p>
   </div>
   <div class='ocr_carea' id='block_1_83' title="bbox 1928 3882 3482 3959">
    <p class='ocr_par' dir='ltr' id='par_1_83' title="bbox 1928 3882 3482 3959">
     <span class='ocr_line' id='line_1_83' title="bbox 1928 3882 3482 3959; baseline -0.011 -11"><span class='ocrx_word' id='word_1_598' title='bbox 1928 3895 2118 3948; x_wconf 89' lang='lat' dir='ltr'><strong>detur:</strong></span> <span class='ocrx_word' id='word_1_599' title='bbox 2151 3892 2360 3959; x_wconf 78' lang='lat' dir='ltr'><strong>dignus,</strong></span> <span class='ocrx_word' id='word_1_600' title='bbox 2389 3892 2433 3943; x_wconf 92' lang='lat' dir='ltr'><strong>si</strong></span> <span class='ocrx_word' id='word_1_601' title='bbox 2463 3890 2584 3958; x_wconf 88' lang='lat' dir='ltr'><strong>quis</strong></span> <span class='ocrx_word' id='word_1_602' title='bbox 2613 3888 2768 3949; x_wconf 87' lang='lat' dir='ltr'><strong>alius,</strong></span> <span class='ocrx_word' id='word_1_603' title='bbox 2794 3888 2881 3953; x_wconf 88' lang='lat' dir='ltr'><strong>qui</strong></span> <span class='ocrx_word' id='word_1_604' title='bbox 2909 3886 3093 3939; x_wconf 88' lang='lat' dir='ltr'><strong>audiat</strong></span> <span class='ocrx_word' id='word_1_605' title='bbox 3120 3882 3482 3953; x_wconf 83' lang='lat' dir='ltr'><strong>proverbium,</strong></span> 
     </span>
    </p>
   </div>
   <div class='ocr_carea' id='block_1_84' title="bbox 1930 3970 3481 4047">
    <p class='ocr_par' dir='ltr' id='par_1_84' title="bbox 1930 3970 3481 4047">
     <span class='ocr_line' id='line_1_84' title="bbox 1930 3970 3481 4047; baseline -0.01 -11"><span class='ocrx_word' id='word_1_606' title='bbox 1930 3983 2147 4047; x_wconf 72' lang='lat' dir='ltr'><strong>Medica,</strong></span> <span class='ocrx_word' id='word_1_607' title='bbox 2182 3998 2307 4033; x_wconf 87' lang='lat' dir='ltr'><strong>cura</strong></span> <span class='ocrx_word' id='word_1_608' title='bbox 2336 3982 2553 4046; x_wconf 78' lang='lat' dir='ltr'><strong>teipsum</strong></span> <span class='ocrx_word' id='word_1_609' title='bbox 2579 3978 2647 4030; x_wconf 74' lang='grc'><strong>⁸³.</strong></span> <span class='ocrx_word' id='word_1_610' title='bbox 2675 3977 2835 4044; x_wconf 85' lang='lat' dir='ltr'><strong>Atqui</strong></span> <span class='ocrx_word' id='word_1_611' title='bbox 2877 3990 3038 4043; x_wconf 86' lang='lat' dir='ltr'><strong>quam</strong></span> <span class='ocrx_word' id='word_1_612' title='bbox 3065 3974 3114 4028; x_wconf 87' lang='lat' dir='ltr'><strong>ei</strong></span> <span class='ocrx_word' id='word_1_613' title='bbox 3146 3972 3404 4027; x_wconf 83' lang='lat' dir='ltr'><strong>medelam</strong></span> <span class='ocrx_word' id='word_1_614' title='bbox 3430 3970 3481 4021; x_wconf 86' lang='lat' dir='ltr'><strong>in</strong></span> 
     </span>
    </p>
   </div>
   <div class='ocr_carea' id='block_1_85' title="bbox 1927 4060 3483 4128">
    <p class='ocr_par' dir='ltr' id='par_1_85' title="bbox 1927 4060 3483 4128">
     <span class='ocr_line' id='line_1_85' title="bbox 1927 4060 3483 4128; baseline -0.01 0"><span class='ocrx_word' id='word_1_615' title='bbox 1927 4075 2030 4128; x_wconf 91' lang='lat' dir='ltr'><strong>hoc</strong></span> <span class='ocrx_word' id='word_1_616' title='bbox 2077 4070 2308 4125; x_wconf 90' lang='lat' dir='ltr'><strong>absurdo</strong></span> <span class='ocrx_word' id='word_1_617' title='bbox 2349 4069 2510 4123; x_wconf 88' lang='lat' dir='ltr'><strong>animi</strong></span> <span class='ocrx_word' id='word_1_618' title='bbox 2564 4068 2752 4121; x_wconf 89' lang='lat' dir='ltr'><strong>morbo</strong></span> <span class='ocrx_word' id='word_1_619' title='bbox 2799 4066 3121 4128; x_wconf 68' lang='lat' dir='ltr'><strong>alieremus,</strong></span> <span class='ocrx_word' id='word_1_620' title='bbox 3174 4061 3275 4116; x_wconf 91' lang='lat' dir='ltr'><strong>nisi</strong></span> <span class='ocrx_word' id='word_1_621' title='bbox 3322 4060 3483 4113; x_wconf 86' lang='lat' dir='ltr'><strong>verba</strong></span> 
     </span>
    </p>
   </div>
   <div class='ocr_carea' id='block_1_86' title="bbox 1927 4150 3483 4231">
    <p class='ocr_par' dir='ltr' id='par_1_86' title="bbox 1927 4150 3483 4231">
     <span class='ocr_line' id='line_1_86' title="bbox 1927 4150 3483 4231; baseline -0.007 -18"><span class='ocrx_word' id='word_1_622' title='bbox 1927 4178 2044 4231; x_wconf 71' lang='lat' dir='ltr'><strong>qua:</strong></span> <span class='ocrx_word' id='word_1_623' title='bbox 2088 4161 2320 4229; x_wconf 82' lang='lat' dir='ltr'><strong>Spiritus</strong></span> <span class='ocrx_word' id='word_1_624' title='bbox 2352 4168 2571 4211; x_wconf 84' lang='lat' dir='ltr'><strong>suttclus</strong></span> <span class='ocrx_word' id='word_1_625' title='bbox 2615 4172 2710 4224; x_wconf 92' lang='lat' dir='ltr'><strong>per</strong></span> <span class='ocrx_word' id='word_1_626' title='bbox 2759 4156 2971 4209; x_wconf 88' lang='lat' dir='ltr'><strong>beatum</strong></span> <span class='ocrx_word' id='word_1_627' title='bbox 3017 4152 3274 4206; x_wconf 84' lang='lat' dir='ltr'><strong>Joannem</strong></span> <span class='ocrx_word' id='word_1_628' title='bbox 3328 4150 3483 4202; x_wconf 86' lang='lat' dir='ltr'><strong>nobis</strong></span> 
     </span>
    </p>
   </div>
   <div class='ocr_carea' id='block_1_87' title="bbox 1928 4241 3482 4318">
    <p class='ocr_par' dir='ltr' id='par_1_87' title="bbox 1928 4241 3482 4318">
     <span class='ocr_line' id='line_1_87' title="bbox 1928 4241 3482 4318; baseline -0.009 -13"><span class='ocrx_word' id='word_1_629' title='bbox 1928 4254 2136 4308; x_wconf 85' lang='lat' dir='ltr'><strong>locutus</strong></span> <span class='ocrx_word' id='word_1_630' title='bbox 2162 4261 2244 4305; x_wconf 90' lang='lat' dir='ltr'><strong>est</strong></span> <span class='ocrx_word' id='word_1_631' title='bbox 2286 4268 2299 4304; x_wconf 91' lang='lat'><strong>:</strong></span> <span class='ocrx_word' id='word_1_632' title='bbox 2334 4249 2399 4303; x_wconf 85' lang='lat' dir='ltr'><strong>lu</strong></span> <span class='ocrx_word' id='word_1_633' title='bbox 2433 4248 2687 4318; x_wconf 78' lang='lat' dir='ltr'><strong>principio</strong></span> <span class='ocrx_word' id='word_1_634' title='bbox 2726 4258 2835 4301; x_wconf 85' lang='lat' dir='ltr'><strong>erat</strong></span> <span class='ocrx_word' id='word_1_635' title='bbox 2882 4245 3123 4309; x_wconf 81' lang='lat' dir='ltr'><strong>Verbum,</strong></span> <span class='ocrx_word' id='word_1_636' title='bbox 3157 4253 3204 4296; x_wconf 88' lang='lat' dir='ltr'><strong>et</strong></span> <span class='ocrx_word' id='word_1_637' title='bbox 3262 4241 3482 4295; x_wconf 82' lang='lat' dir='ltr'><strong>Verbum</strong></span> 
     </span>
    </p>
   </div>
   <div class='ocr_carea' id='block_1_88' title="bbox 1924 4332 3482 4411">
    <p class='ocr_par' dir='ltr' id='par_1_88' title="bbox 1924 4332 3482 4411">
     <span class='ocr_line' id='line_1_88' title="bbox 1924 4332 3482 4411; baseline -0.01 -11"><span class='ocrx_word' id='word_1_638' title='bbox 1924 4356 2033 4400; x_wconf 81' lang='lat' dir='ltr'><strong>erat</strong></span> <span class='ocrx_word' id='word_1_639' title='bbox 2060 4346 2197 4411; x_wconf 84' lang='lat' dir='ltr'><strong>apud</strong></span> <span class='ocrx_word' id='word_1_640' title='bbox 2220 4344 2406 4404; x_wconf 82' lang='lat' dir='ltr'><strong>Deum,</strong></span> <span class='ocrx_word' id='word_1_641' title='bbox 2432 4354 2476 4395; x_wconf 85' lang='lat' dir='ltr'><strong>et</strong></span> <span class='ocrx_word' id='word_1_642' title='bbox 2507 4342 2642 4395; x_wconf 81' lang='lat' dir='ltr'><strong>Deus</strong></span> <span class='ocrx_word' id='word_1_643' title='bbox 2666 4350 2775 4394; x_wconf 81' lang='lat' dir='ltr'><strong>crat</strong></span> <span class='ocrx_word' id='word_1_644' title='bbox 2817 4339 3035 4392; x_wconf 77' lang='lat' dir='ltr'><strong>Verbum</strong></span> <span class='ocrx_word' id='word_1_645' title='bbox 3062 4336 3141 4389; x_wconf 68' lang='lat'><strong>“‘3</strong></span> <span class='ocrx_word' id='word_1_646' title='bbox 3160 4336 3251 4390; x_wconf 85' lang='lat' dir='ltr'><strong>llis</strong></span> <span class='ocrx_word' id='word_1_647' title='bbox 3277 4332 3482 4387; x_wconf 88' lang='lat' dir='ltr'><strong>duabus</strong></span> 
     </span>
    </p>
   </div>
   <div class='ocr_carea' id='block_1_89' title="bbox 1926 4424 3480 4495">
    <p class='ocr_par' dir='ltr' id='par_1_89' title="bbox 1926 4424 3480 4495">
     <span class='ocr_line' id='line_1_89' title="bbox 1926 4424 3480 4495; baseline -0.012 -1"><span class='ocrx_word' id='word_1_648' title='bbox 1926 4439 2247 4494; x_wconf 86' lang='lat' dir='ltr'><strong>dictionibus</strong></span> <span class='ocrx_word' id='word_1_649' title='bbox 2266 4438 2406 4490; x_wconf 88' lang='lat' dir='ltr'><strong>hunc</strong></span> <span class='ocrx_word' id='word_1_650' title='bbox 2431 4435 2597 4487; x_wconf 87' lang='lat' dir='ltr'><strong>animi</strong></span> <span class='ocrx_word' id='word_1_651' title='bbox 2616 4435 2858 4487; x_wconf 89' lang='lat' dir='ltr'><strong>morbum</strong></span> <span class='ocrx_word' id='word_1_652' title='bbox 2884 4429 3112 4484; x_wconf 83' lang='lat' dir='ltr'><strong>exclusit</strong></span> <span class='ocrx_word' id='word_1_653' title='bbox 3133 4424 3480 4495; x_wconf 84' lang='lat' dir='ltr'><strong>evangelista,</strong></span> 
     </span>
    </p>
   </div>
   <div class='ocr_carea' id='block_1_90' title="bbox 254 4520 1829 4619">
    <p class='ocr_par' dir='ltr' id='par_1_90' title="bbox 254 4525 1817 4599">
     <span class='ocr_line' id='line_1_90' title="bbox 254 4525 1817 4599; baseline 0.003 -21"><span class='ocrx_word' id='word_1_654' title='bbox 254 4526 408 4594; x_wconf 77' lang='grc' dir='ltr'>πρὸς</span> <span class='ocrx_word' id='word_1_655' title='bbox 425 4525 531 4579; x_wconf 85' lang='grc' dir='ltr'><strong>τὸν</strong></span> <span class='ocrx_word' id='word_1_656' title='bbox 548 4527 713 4592; x_wconf 84' lang='grc' dir='ltr'>Θεὸν,</span> <span class='ocrx_word' id='word_1_657' title='bbox 739 4529 834 4581; x_wconf 83' lang='grc' dir='ltr'>καὶ</span> <span class='ocrx_word' id='word_1_658' title='bbox 856 4527 1084 4598; x_wconf 73' lang='grc' dir='ltr'><strong>Θεὸςῆν</strong></span> <span class='ocrx_word' id='word_1_659' title='bbox 1101 4533 1133 4582; x_wconf 89' lang='lat'><strong>0&#39;</strong></span> <span class='ocrx_word' id='word_1_660' title='bbox 1146 4532 1360 4599; x_wconf 75' lang='grc' dir='ltr'>Αόγος;</span> <span class='ocrx_word' id='word_1_661' title='bbox 1388 4530 1483 4582; x_wconf 82' lang='grc' dir='ltr'>Διά</span> <span class='ocrx_word' id='word_1_662' title='bbox 1500 4531 1697 4583; x_wconf 75' lang='grc' dir='ltr'>τούτων</span> <span class='ocrx_word' id='word_1_663' title='bbox 1714 4531 1817 4583; x_wconf 89' lang='grc' dir='ltr'><strong>τῶν</strong></span> 
     </span>
    </p>
   </div>
   <div class='ocr_carea' id='block_1_91' title="bbox 1928 4520 3479 4619">
    <p class='ocr_par' dir='ltr' id='par_1_91' title="bbox 1928 4520 3479 4591">
     <span class='ocr_line' id='line_1_91' title="bbox 1928 4520 3479 4591; baseline -0.012 -5"><span class='ocrx_word' id='word_1_664' title='bbox 1928 4547 2044 4586; x_wconf 88' lang='lat' dir='ltr'><strong>eum</strong></span> <span class='ocrx_word' id='word_1_665' title='bbox 2091 4531 2315 4585; x_wconf 90' lang='lat' dir='ltr'><strong>alteram</strong></span> <span class='ocrx_word' id='word_1_666' title='bbox 2367 4529 2777 4591; x_wconf 88' lang='lat' dir='ltr'><strong>transcendere,</strong></span> <span class='ocrx_word' id='word_1_667' title='bbox 2827 4524 3049 4577; x_wconf 87' lang='lat' dir='ltr'><strong>alteram</strong></span> <span class='ocrx_word' id='word_1_668' title='bbox 3102 4520 3311 4588; x_wconf 86' lang='lat' dir='ltr'><strong>assequi</strong></span> <span class='ocrx_word' id='word_1_669' title='bbox 3373 4532 3479 4571; x_wconf 89' lang='lat' dir='ltr'><strong>nou</strong></span> 
     </span>
    </p>
   </div>
   <div class='ocr_carea' id='block_1_92' title="bbox 253 4617 1812 4693">
    <p class='ocr_par' dir='ltr' id='par_1_92' title="bbox 253 4617 1812 4693">
     <span class='ocr_line' id='line_1_92' title="bbox 253 4617 1812 4693; baseline 0.003 -22"><span class='ocrx_word' id='word_1_670' title='bbox 253 4617 349 4671; x_wconf 82' lang='grc' dir='ltr'>δύο</span> <span class='ocrx_word' id='word_1_671' title='bbox 400 4620 608 4690; x_wconf 79' lang='grc' dir='ltr'>ῥήσεων</span> <span class='ocrx_word' id='word_1_672' title='bbox 655 4619 972 4673; x_wconf 82' lang='grc' dir='ltr'>ἀπέκλεισεν</span> <span class='ocrx_word' id='word_1_673' title='bbox 1011 4624 1038 4672; x_wconf 87' lang='grc' dir='ltr'>ὁ</span> <span class='ocrx_word' id='word_1_674' title='bbox 1080 4621 1496 4693; x_wconf 78' lang='grc' dir='ltr'>εὐαγγελιστὴς,</span> <span class='ocrx_word' id='word_1_675' title='bbox 1545 4624 1669 4693; x_wconf 68' lang='grc' dir='ltr'>μιεῖς</span> <span class='ocrx_word' id='word_1_676' title='bbox 1719 4624 1812 4679; x_wconf 37' lang='grc' dir='ltr'>ἀνη-</span> 
     </span>
    </p>
   </div>
   <div class='ocr_carea' id='block_1_93' title="bbox 330 4795 1236 4865">
    <p class='ocr_par' dir='ltr' id='par_1_93' title="bbox 330 4795 1236 4865">
     <span class='ocr_line' id='line_1_93' title="bbox 330 4795 1236 4865; baseline 0.004 -14"><span class='ocrx_word' id='word_1_677' title='bbox 330 4796 376 4828; x_wconf 80' lang='grc'>⁸³</span> <span class='ocrx_word' id='word_1_678' title='bbox 406 4795 535 4853; x_wconf 90' lang='lat' dir='ltr'><strong>Luc.</strong></span> <span class='ocrx_word' id='word_1_679' title='bbox 567 4812 640 4863; x_wconf 78' lang='lat' dir='ltr'><strong>IV,</strong></span> <span class='ocrx_word' id='word_1_680' title='bbox 678 4798 769 4852; x_wconf 72' lang='grc'>25.</span> <span class='ocrx_word' id='word_1_681' title='bbox 844 4798 889 4829; x_wconf 65' lang='grc'><strong>’³</strong></span> <span class='ocrx_word' id='word_1_682' title='bbox 916 4798 1070 4853; x_wconf 78' lang='lat' dir='ltr'><strong>Juan.</strong></span> <span class='ocrx_word' id='word_1_683' title='bbox 1110 4816 1149 4865; x_wconf 91' lang='lat' dir='ltr'><strong>I,</strong></span> <span class='ocrx_word' id='word_1_684' title='bbox 1183 4801 1236 4855; x_wconf 78' lang='grc'>1.</span> 
     </span>
    </p>
   </div>
   <div class='ocr_carea' id='block_1_94' title="bbox 326 4969 1813 5055">
    <p class='ocr_par' dir='ltr' id='par_1_94' title="bbox 326 4969 1813 5055">
     <span class='ocr_line' id='line_1_94' title="bbox 326 4969 1813 5055; baseline 0.003 -29"><span class='ocrx_word' id='word_1_685' title='bbox 326 4969 601 5055; x_wconf 53' lang='grc' dir='ltr'><strong>(ὃὸλΕιίξιί</strong></span> <span class='ocrx_word' id='word_1_686' title='bbox 626 4983 679 5028; x_wconf 92' lang='lat' dir='ltr'><strong>et</strong></span> <span class='ocrx_word' id='word_1_687' title='bbox 709 4990 839 5055; x_wconf 76' lang='lat' dir='ltr'><strong>mss.</strong></span> <span class='ocrx_word' id='word_1_688' title='bbox 870 4976 1112 5031; x_wconf 88' lang='lat' dir='ltr'><strong>nonnulli</strong></span> <span class='ocrx_word' id='word_1_689' title='bbox 1144 4976 1425 5055; x_wconf 74' lang='grc' dir='ltr'>τιθέμενος</span> <span class='ocrx_word' id='word_1_690' title='bbox 1449 4976 1553 5029; x_wconf 86' lang='grc' dir='ltr'><strong>τῶν</strong></span> <span class='ocrx_word' id='word_1_691' title='bbox 1580 4978 1813 5047; x_wconf 77' lang='grc' dir='ltr'>κτισμά-</span> 
     </span>
    </p>
   </div>
   <div class='ocr_carea' id='block_1_95' title="bbox 249 5041 1816 5122">
    <p class='ocr_par' dir='ltr' id='par_1_95' title="bbox 249 5041 1816 5122">
     <span class='ocr_line' id='line_1_95' title="bbox 249 5041 1816 5122; baseline 0.006 -29"><span class='ocrx_word' id='word_1_692' title='bbox 249 5058 383 5122; x_wconf 73' lang='grc' dir='ltr'>των.</span> <span class='ocrx_word' id='word_1_693' title='bbox 416 5041 565 5111; x_wconf 76' lang='lat' dir='ltr'><strong>Regii</strong></span> <span class='ocrx_word' id='word_1_694' title='bbox 619 5047 888 5100; x_wconf 84' lang='lat' dir='ltr'><strong>secundus</strong></span> <span class='ocrx_word' id='word_1_695' title='bbox 935 5056 989 5101; x_wconf 88' lang='lat' dir='ltr'><strong>et</strong></span> <span class='ocrx_word' id='word_1_696' title='bbox 1023 5057 1248 5116; x_wconf 86' lang='lat' dir='ltr'><strong>quartus</strong></span> <span class='ocrx_word' id='word_1_697' title='bbox 1269 5041 1561 5118; x_wconf 78' lang='grc' dir='ltr'>’τιθέμενος</span> <span class='ocrx_word' id='word_1_698' title='bbox 1595 5049 1654 5100; x_wconf 85' lang='grc' dir='ltr'><strong>τὸ</strong></span> <span class='ocrx_word' id='word_1_699' title='bbox 1700 5041 1816 5102; x_wconf 78' lang='grc' dir='ltr'>κτι-</span> 
     </span>
    </p>
   </div>
   <div class='ocr_carea' id='block_1_96' title="bbox 258 5124 694 5181">
    <p class='ocr_par' dir='ltr' id='par_1_96' title="bbox 258 5124 694 5181">
     <span class='ocr_line' id='line_1_96' title="bbox 258 5124 694 5181; baseline 0.011 -18"><span class='ocrx_word' id='word_1_700' title='bbox 258 5127 519 5181; x_wconf 56' lang='grc' dir='ltr'>σματων,</span> <span class='ocrx_word' id='word_1_701' title='bbox 533 5124 694 5167; x_wconf 88' lang='lat' dir='ltr'><strong>recte.</strong></span> 
     </span>
    </p>
   </div>
   <div class='ocr_carea' id='block_1_97' title="bbox 279 5180 1813 5265">
    <p class='ocr_par' dir='ltr' id='par_1_97' title="bbox 279 5180 1813 5265">
     <span class='ocr_line' id='line_1_97' title="bbox 279 5180 1813 5265; baseline 0.004 -29"><span class='ocrx_word' id='word_1_702' title='bbox 279 5252 291 5262; x_wconf 83' lang='lat'><em>_</em></span> <span class='ocrx_word' id='word_1_703' title='bbox 327 5182 436 5251; x_wconf 73' lang='grc'>(84)</span> <span class='ocrx_word' id='word_1_704' title='bbox 478 5180 653 5261; x_wconf 81' lang='lat' dir='ltr'><strong>M_onet</strong></span> <span class='ocrx_word' id='word_1_705' title='bbox 678 5185 1182 5265; x_wconf 64' lang='lat' dir='ltr'><strong>vireruditissimus</strong></span> <span class='ocrx_word' id='word_1_706' title='bbox 1229 5188 1813 5265; x_wconf 73' lang='lat' dir='ltr'><strong>Qucte_us,_anathema-</strong></span> 
     </span>
    </p>
   </div>
   <div class='ocr_carea' id='block_1_98' title="bbox 253 5255 1811 5331">
    <p class='ocr_par' dir='ltr' id='par_1_98' title="bbox 253 5255 1811 5331">
     <span class='ocr_line' id='line_1_98' title="bbox 253 5255 1811 5331; baseline 0.004 -27"><span class='ocrx_word' id='word_1_707' title='bbox 253 5255 473 5331; x_wconf 53' lang='lat' dir='ltr'><strong>tismtim</strong></span> <span class='ocrx_word' id='word_1_708' title='bbox 510 5255 560 5331; x_wconf 76' lang='lat' dir='ltr'><strong>i_n</strong></span> <span class='ocrx_word' id='word_1_709' title='bbox 590 5255 817 5331; x_wconf 75' lang='lat' dir='ltr'><strong>couei_l_i_o</strong></span> <span class='ocrx_word' id='word_1_710' title='bbox 840 5257 1171 5312; x_wconf 82' lang='lat' dir='ltr'><strong>Ariminensi</strong></span> <span class='ocrx_word' id='word_1_711' title='bbox 1191 5260 1281 5331; x_wconf 79' lang='lat' dir='ltr'><strong>ab</strong></span> <span class='ocrx_word' id='word_1_712' title='bbox 1306 5255 1521 5331; x_wconf 78' lang='lat' dir='ltr'><strong>Ariauis</strong></span> <span class='ocrx_word' id='word_1_713' title='bbox 1545 5263 1811 5327; x_wconf 86' lang='lat' dir='ltr'><strong>prolatum</strong></span> 
     </span>
    </p>
   </div>
   <div class='ocr_carea' id='block_1_99' title="bbox 250 5320 1813 5406">
    <p class='ocr_par' dir='ltr' id='par_1_99' title="bbox 250 5320 1813 5406">
     <span class='ocr_line' id='line_1_99' title="bbox 250 5320 1813 5406; baseline 0.007 -34"><span class='ocrx_word' id='word_1_714' title='bbox 250 5322 333 5406; x_wconf 65' lang='lat' dir='ltr'><strong>sic</strong></span> <span class='ocrx_word' id='word_1_715' title='bbox 359 5320 534 5406; x_wconf 52' lang='lat' dir='ltr'><strong>efferri</strong></span> <span class='ocrx_word' id='word_1_716' title='bbox 564 5325 704 5406; x_wconf 73' lang='lat' dir='ltr'><strong>apud</strong></span> <span class='ocrx_word' id='word_1_717' title='bbox 731 5323 1379 5406; x_wconf 45' lang='lat' dir='ltr'><strong>llierouynnrmadrersus</strong></span> <span class='ocrx_word' id='word_1_718' title='bbox 1403 5320 1768 5393; x_wconf 66' lang='lat' dir='ltr'><strong>Luciierianos</strong></span> <span class='ocrx_word' id='word_1_719' title='bbox 1793 5345 1813 5383; x_wconf 92' lang='lat'><em>:</em></span> 
     </span>
    </p>
   </div>
   <div class='ocr_carea' id='block_1_100' title="bbox 251 5390 1815 5461">
    <p class='ocr_par' dir='ltr' id='par_1_100' title="bbox 251 5390 1815 5461">
     <span class='ocr_line' id='line_1_100' title="bbox 251 5390 1815 5461; baseline 0.003 -16"><span class='ocrx_word' id='word_1_720' title='bbox 251 5390 317 5445; x_wconf 82' lang='lat' dir='ltr'><strong>Si</strong></span> <span class='ocrx_word' id='word_1_721' title='bbox 342 5392 458 5459; x_wconf 82' lang='lat' dir='ltr'><strong>quis</strong></span> <span class='ocrx_word' id='word_1_722' title='bbox 479 5391 667 5445; x_wconf 75' lang='lat' dir='ltr'><strong>dixerit</strong></span> <span class='ocrx_word' id='word_1_723' title='bbox 700 5390 995 5450; x_wconf 72' lang='lat' dir='ltr'><strong>creaturan</strong></span> <span class='ocrx_word' id='word_1_724' title='bbox 1030 5395 1227 5450; x_wconf 85' lang='lat' dir='ltr'><strong>Filium</strong></span> <span class='ocrx_word' id='word_1_725' title='bbox 1252 5397 1366 5461; x_wconf 82' lang='lat' dir='ltr'><strong>Dei,</strong></span> <span class='ocrx_word' id='word_1_726' title='bbox 1394 5410 1446 5452; x_wconf 85' lang='lat' dir='ltr'><strong>ut</strong></span> <span class='ocrx_word' id='word_1_727' title='bbox 1473 5390 1590 5454; x_wconf 78' lang='lat' dir='ltr'><strong>sunt</strong></span> <span class='ocrx_word' id='word_1_728' title='bbox 1613 5412 1815 5454; x_wconf 69' lang='lat' dir='ltr'><strong>creterra</strong></span> 
     </span>
    </p>
   </div>
   <div class='ocr_carea' id='block_1_101' title="bbox 248 5465 1814 5525">
    <p class='ocr_par' dir='ltr' id='par_1_101' title="bbox 248 5465 1814 5525">
     <span class='ocr_line' id='line_1_101' title="bbox 248 5465 1814 5525; baseline 0.007 -13"><span class='ocrx_word' id='word_1_729' title='bbox 248 5472 530 5524; x_wconf 74' lang='lat' dir='ltr'><strong>creatum,</strong></span> <span class='ocrx_word' id='word_1_730' title='bbox 556 5465 841 5515; x_wconf 82' lang='lat' dir='ltr'><strong>anathema</strong></span> <span class='ocrx_word' id='word_1_731' title='bbox 878 5468 967 5523; x_wconf 75' lang='lat' dir='ltr'><strong>sit.</strong></span> <span class='ocrx_word' id='word_1_732' title='bbox 1020 5467 1211 5520; x_wconf 82' lang='lat' dir='ltr'><strong>Filiqu</strong></span> <span class='ocrx_word' id='word_1_733' title='bbox 1237 5479 1544 5523; x_wconf 87' lang='lat' dir='ltr'><strong>creaturam</strong></span> <span class='ocrx_word' id='word_1_734' title='bbox 1576 5486 1682 5525; x_wconf 90' lang='lat' dir='ltr'><strong>non</strong></span> <span class='ocrx_word' id='word_1_735' title='bbox 1721 5486 1814 5523; x_wconf 90' lang='lat' dir='ltr'><strong>ne-</strong></span> 
     </span>
    </p>
   </div>
   <div class='ocr_carea' id='block_1_102' title="bbox 252 5530 1419 5596">
    <p class='ocr_par' dir='ltr' id='par_1_102' title="bbox 252 5530 1419 5596">
     <span class='ocr_line' id='line_1_102' title="bbox 252 5530 1419 5596; baseline 0.011 -18"><span class='ocrx_word' id='word_1_736' title='bbox 252 5530 473 5596; x_wconf 88' lang='lat' dir='ltr'><strong>gabant,</strong></span> <span class='ocrx_word' id='word_1_737' title='bbox 509 5532 600 5584; x_wconf 86' lang='lat' dir='ltr'><strong>sed</strong></span> <span class='ocrx_word' id='word_1_738' title='bbox 632 5533 862 5586; x_wconf 90' lang='lat' dir='ltr'><strong>similem</strong></span> <span class='ocrx_word' id='word_1_739' title='bbox 900 5538 1109 5589; x_wconf 65' lang='lat' dir='ltr'><strong>cauet-is</strong></span> <span class='ocrx_word' id='word_1_740' title='bbox 1133 5539 1419 5591; x_wconf 86' lang='lat' dir='ltr'><strong>creaturis.</strong></span> 
     </span>
    </p>
   </div>
   <div class='ocr_carea' id='block_1_103' title="bbox 248 5599 1807 5686">
    <p class='ocr_par' dir='ltr' id='par_1_103' title="bbox 248 5599 1807 5686">
     <span class='ocr_line' id='line_1_103' title="bbox 248 5599 1807 5686; baseline 0.008 -36"><span class='ocrx_word' id='word_1_741' title='bbox 248 5667 269 5686; x_wconf 32' lang='grc' dir='ltr'>ς</span> <span class='ocrx_word' id='word_1_742' title='bbox 293 5599 436 5686; x_wconf 50' lang='grc'>(85)</span> <span class='ocrx_word' id='word_1_743' title='bbox 460 5601 617 5686; x_wconf 66' lang='grc' dir='ltr'><strong>¹ςῐιιίιὶ</strong></span> <span class='ocrx_word' id='word_1_744' title='bbox 657 5611 711 5681; x_wconf 76' lang='lat' dir='ltr'><strong>et</strong></span> <span class='ocrx_word' id='word_1_745' title='bbox 760 5605 863 5656; x_wconf 91' lang='lat' dir='ltr'><strong>duo</strong></span> <span class='ocrx_word' id='word_1_746' title='bbox 912 5620 1042 5686; x_wconf 75' lang='lat' dir='ltr'><strong>mss.</strong></span> <span class='ocrx_word' id='word_1_747' title='bbox 1078 5606 1394 5686; x_wconf 60' lang='grc' dir='ltr'>ὲγκαλείτω,</span> <span class='ocrx_word' id='word_1_748' title='bbox 1432 5608 1583 5686; x_wconf 60' lang='lat' dir='ltr'><strong>Colit.</strong></span> <span class='ocrx_word' id='word_1_749' title='bbox 1614 5611 1807 5663; x_wconf 83' lang='grc' dir='ltr'>ἐπικα-</span> 
     </span>
    </p>
   </div>
   <div class='ocr_carea' id='block_1_104' title="bbox 249 5670 1800 5745">
    <p class='ocr_par' dir='ltr' id='par_1_104' title="bbox 249 5670 1800 5745">
     <span class='ocr_line' id='line_1_104' title="bbox 249 5670 1800 5745; baseline 0.01 -27"><span class='ocrx_word' id='word_1_750' title='bbox 249 5670 585 5745; x_wconf 41' lang='grc' dir='ltr'>λείτωηιίθε.</span> <span class='ocrx_word' id='word_1_751' title='bbox 623 5674 849 5745; x_wconf 85' lang='lat' dir='ltr'><strong>primus,</strong></span> <span class='ocrx_word' id='word_1_752' title='bbox 895 5676 976 5727; x_wconf 89' lang='lat' dir='ltr'><strong>cui</strong></span> <span class='ocrx_word' id='word_1_753' title='bbox 1031 5670 1389 5745; x_wconf 69' lang='lat' dir='ltr'><strong>sulfragautur</strong></span> <span class='ocrx_word' id='word_1_754' title='bbox 1420 5680 1509 5733; x_wconf 89' lang='lat' dir='ltr'><strong>alii</strong></span> <span class='ocrx_word' id='word_1_755' title='bbox 1536 5682 1639 5733; x_wconf 92' lang='lat' dir='ltr'><strong>duo</strong></span> <span class='ocrx_word' id='word_1_756' title='bbox 1671 5698 1800 5735; x_wconf 70' lang='lat' dir='ltr'><strong>m:s.</strong></span> 
     </span>
    </p>
   </div>
   <div class='ocr_carea' id='block_1_105' title="bbox 250 5741 1124 5809">
    <p class='ocr_par' dir='ltr' id='par_1_105' title="bbox 250 5741 1124 5809">
     <span class='ocr_line' id='line_1_105' title="bbox 250 5741 1124 5809; baseline 0.007 -17"><span class='ocrx_word' id='word_1_757' title='bbox 250 5741 485 5809; x_wconf 73' lang='lat' dir='ltr'><strong>secunda</strong></span> <span class='ocrx_word' id='word_1_758' title='bbox 518 5757 695 5803; x_wconf 87' lang='lat' dir='ltr'><strong>utanu,</strong></span> <span class='ocrx_word' id='word_1_759' title='bbox 732 5743 1124 5809; x_wconf 80' lang='grc' dir='ltr'>ὲπεγκαλείτω.</span> 
     </span>
    </p>
   </div>
   <div class='ocr_carea' id='block_1_106' title="bbox 323 5808 1809 5885">
    <p class='ocr_par' dir='ltr' id='par_1_106' title="bbox 323 5808 1809 5885">
     <span class='ocr_line' id='line_1_106' title="bbox 323 5808 1809 5885; baseline 0.001 -18"><span class='ocrx_word' id='word_1_760' title='bbox 323 5808 436 5867; x_wconf 74' lang='grc'>(86)</span> <span class='ocrx_word' id='word_1_761' title='bbox 469 5810 603 5865; x_wconf 78' lang='lat' dir='ltr'><strong>Editi</strong></span> <span class='ocrx_word' id='word_1_762' title='bbox 632 5811 768 5864; x_wconf 72' lang='grc' dir='ltr'>ἀλλὰ</span> <span class='ocrx_word' id='word_1_763' title='bbox 802 5808 999 5875; x_wconf 72' lang='grc' dir='ltr'>πάσης.</span> <span class='ocrx_word' id='word_1_764' title='bbox 1038 5820 1104 5871; x_wconf 87' lang='lat' dir='ltr'><strong>At</strong></span> <span class='ocrx_word' id='word_1_765' title='bbox 1136 5833 1262 5875; x_wconf 88' lang='lat' dir='ltr'><strong>mss.</strong></span> <span class='ocrx_word' id='word_1_766' title='bbox 1302 5818 1434 5872; x_wconf 67' lang='grc' dir='ltr'>ἀλλὰ</span> <span class='ocrx_word' id='word_1_767' title='bbox 1480 5821 1569 5872; x_wconf 70' lang='grc' dir='ltr'><strong>καὶ</strong></span> <span class='ocrx_word' id='word_1_768' title='bbox 1618 5820 1809 5885; x_wconf 66' lang='grc' dir='ltr'>πάσης.</span> 
     </span>
    </p>
   </div>
   <div class='ocr_carea' id='block_1_107' title="bbox 1920 4608 3479 4695">
    <p class='ocr_par' dir='ltr' id='par_1_107' title="bbox 1920 4608 3479 4695">
     <span class='ocr_line' id='line_1_107' title="bbox 1920 4608 3479 4695; baseline -0.012 -17"><span class='ocrx_word' id='word_1_769' title='bbox 1920 4623 2207 4695; x_wconf 84' lang='lat' dir='ltr'><strong>possimus.</strong></span> <span class='ocrx_word' id='word_1_770' title='bbox 2254 4618 2433 4688; x_wconf 87' lang='lat' dir='ltr'><strong>Neque</strong></span> <span class='ocrx_word' id='word_1_771' title='bbox 2480 4619 2622 4672; x_wconf 90' lang='lat' dir='ltr'><strong>enim</strong></span> <span class='ocrx_word' id='word_1_772' title='bbox 2662 4616 2777 4671; x_wconf 83' lang='lat' dir='ltr'><strong>ﬁeri</strong></span> <span class='ocrx_word' id='word_1_773' title='bbox 2826 4622 3021 4684; x_wconf 87' lang='lat' dir='ltr'><strong>potest,</strong></span> <span class='ocrx_word' id='word_1_774' title='bbox 3065 4622 3122 4667; x_wconf 93' lang='lat' dir='ltr'><strong>ut</strong></span> <span class='ocrx_word' id='word_1_775' title='bbox 3190 4608 3479 4681; x_wconf 87' lang='lat' dir='ltr'><strong>quidquam</strong></span> 
     </span>
    </p>
   </div>
   <div class='ocr_carea' id='block_1_108' title="bbox 1996 4964 3477 5048">
    <p class='ocr_par' dir='ltr' id='par_1_108' title="bbox 1996 4964 3477 5048">
     <span class='ocr_line' id='line_1_108' title="bbox 1996 4964 3477 5048; baseline -0.011 -16"><span class='ocrx_word' id='word_1_776' title='bbox 1996 4977 2109 5048; x_wconf 85' lang='lat'><strong>(87)</strong></span> <span class='ocrx_word' id='word_1_777' title='bbox 2142 4978 2242 5031; x_wconf 88' lang='lat' dir='ltr'><strong>Pro</strong></span> <span class='ocrx_word' id='word_1_778' title='bbox 2289 4976 2600 5048; x_wconf 77' lang='grc' dir='ltr'>γεννήσεως</span> <span class='ocrx_word' id='word_1_779' title='bbox 2634 4973 2684 5028; x_wconf 92' lang='lat' dir='ltr'><strong>in</strong></span> <span class='ocrx_word' id='word_1_780' title='bbox 2716 4973 2869 5048; x_wconf 27' lang='lat' dir='ltr'><strong>“Reg.</strong></span> <span class='ocrx_word' id='word_1_781' title='bbox 2903 4970 3062 5048; x_wconf 77' lang='lat' dir='ltr'><strong>tertio</strong></span> <span class='ocrx_word' id='word_1_782' title='bbox 3102 4967 3298 5038; x_wconf 88' lang='lat' dir='ltr'><strong>legitur</strong></span> <span class='ocrx_word' id='word_1_783' title='bbox 3325 4964 3477 5048; x_wconf 72' lang='grc' dir='ltr'>γενέ-</span> 
     </span>
    </p>
   </div>
   <div class='ocr_carea' id='block_1_109' title="bbox 1926 5039 3476 5117">
    <p class='ocr_par' dir='ltr' id='par_1_109' title="bbox 1926 5039 3476 5117">
     <span class='ocr_line' id='line_1_109' title="bbox 1926 5039 3476 5117; baseline -0.008 -16"><span class='ocrx_word' id='word_1_784' title='bbox 1926 5039 2064 5110; x_wconf 81' lang='grc' dir='ltr'>σεως</span> <span class='ocrx_word' id='word_1_785' title='bbox 2094 5039 2113 5080; x_wconf 76' lang='grc' dir='ltr'><strong><em>ὀ</em></strong></span> <span class='ocrx_word' id='word_1_786' title='bbox 2138 5064 2257 5117; x_wconf 70' lang='lat' dir='ltr'><strong>qua:</strong></span> <span class='ocrx_word' id='word_1_787' title='bbox 2285 5039 2450 5100; x_wconf 58' lang='lat' dir='ltr'><strong>varia&#39;</strong></span> <span class='ocrx_word' id='word_1_788' title='bbox 2476 5046 2743 5100; x_wconf 83' lang='lat' dir='ltr'><strong>scribendi</strong></span> <span class='ocrx_word' id='word_1_789' title='bbox 2770 5039 2909 5097; x_wconf 78' lang='lat' dir='ltr'><strong>ratio</strong></span> <span class='ocrx_word' id='word_1_790' title='bbox 2938 5042 3008 5094; x_wconf 87' lang='lat' dir='ltr'><strong>ita</strong></span> <span class='ocrx_word' id='word_1_791' title='bbox 3035 5039 3288 5117; x_wconf 62' lang='lat' dir='ltr'><strong>frequens</strong></span> <span class='ocrx_word' id='word_1_792' title='bbox 3314 5045 3395 5115; x_wconf 78' lang='lat' dir='ltr'><strong>est</strong></span> <span class='ocrx_word' id='word_1_793' title='bbox 3427 5039 3476 5089; x_wconf 91' lang='lat' dir='ltr'><strong>in</strong></span> 
     </span>
    </p>
   </div>
   <div class='ocr_carea' id='block_1_110' title="bbox 1924 5106 3478 5174">
    <p class='ocr_par' dir='ltr' id='par_1_110' title="bbox 1924 5106 3478 5174">
     <span class='ocr_line' id='line_1_110' title="bbox 1924 5106 3478 5174; baseline -0.008 -3"><span class='ocrx_word' id='word_1_794' title='bbox 1924 5106 2081 5173; x_wconf 84' lang='lat' dir='ltr'><strong>libris</strong></span> <span class='ocrx_word' id='word_1_795' title='bbox 2111 5106 2219 5172; x_wconf 58' lang='lat' dir='ltr'><strong>tu&#39;m</strong></span> <span class='ocrx_word' id='word_1_796' title='bbox 2260 5119 2475 5171; x_wconf 79' lang='lat' dir='ltr'><strong>excusis</strong></span> <span class='ocrx_word' id='word_1_797' title='bbox 2508 5127 2617 5168; x_wconf 92' lang='lat' dir='ltr'><strong>tum</strong></span> <span class='ocrx_word' id='word_1_798' title='bbox 2654 5130 2810 5166; x_wconf 89' lang='lat' dir='ltr'><strong>manu</strong></span> <span class='ocrx_word' id='word_1_799' title='bbox 2843 5112 3097 5174; x_wconf 81' lang='lat' dir='ltr'><strong>exaratis,</strong></span> <span class='ocrx_word' id='word_1_800' title='bbox 3133 5106 3189 5161; x_wconf 81' lang='lat' dir='ltr'><strong>ut</strong></span> <span class='ocrx_word' id='word_1_801' title='bbox 3220 5122 3312 5161; x_wconf 91' lang='lat' dir='ltr'><strong>eos</strong></span> <span class='ocrx_word' id='word_1_802' title='bbox 3341 5106 3478 5160; x_wconf 91' lang='lat' dir='ltr'><strong>inter</strong></span> 
     </span>
    </p>
   </div>
   <div class='ocr_carea' id='block_1_111' title="bbox 1921 5177 3473 5251">
    <p class='ocr_par' dir='ltr' id='par_1_111' title="bbox 1921 5177 3473 5251">
     <span class='ocr_line' id='line_1_111' title="bbox 1921 5177 3473 5251; baseline -0.01 -9"><span class='ocrx_word' id='word_1_803' title='bbox 1921 5204 1979 5242; x_wconf 89' lang='lat' dir='ltr'><strong>se</strong></span> <span class='ocrx_word' id='word_1_804' title='bbox 2014 5189 2341 5251; x_wconf 85' lang='lat' dir='ltr'><strong>consentire,</strong></span> <span class='ocrx_word' id='word_1_805' title='bbox 2368 5204 2489 5240; x_wconf 91' lang='lat' dir='ltr'><strong>cum</strong></span> <span class='ocrx_word' id='word_1_806' title='bbox 2521 5186 2783 5238; x_wconf 90' lang='lat' dir='ltr'><strong>alterutra</strong></span> <span class='ocrx_word' id='word_1_807' title='bbox 2809 5197 2910 5234; x_wconf 79' lang='lat' dir='ltr'><strong>vox</strong></span> <span class='ocrx_word' id='word_1_808' title='bbox 2950 5182 3225 5251; x_wconf 83' lang='lat' dir='ltr'><strong>occurrit,_</strong></span> <span class='ocrx_word' id='word_1_809' title='bbox 3250 5177 3336 5229; x_wconf 77' lang='lat' dir='ltr'><strong>vix</strong></span> <span class='ocrx_word' id='word_1_810' title='bbox 3375 5192 3473 5251; x_wconf 88' lang='lat' dir='ltr'><strong>un-_</strong></span> 
     </span>
    </p>
   </div>
   <div class='ocr_carea' id='block_1_112' title="bbox 1922 5245 3477 5326">
    <p class='ocr_par' dir='ltr' id='par_1_112' title="bbox 1922 5245 3477 5326">
     <span class='ocr_line' id='line_1_112' title="bbox 1922 5245 3477 5326; baseline -0.008 -16"><span class='ocrx_word' id='word_1_811' title='bbox 1922 5274 2080 5326; x_wconf 89' lang='lat' dir='ltr'><strong>quam</strong></span> <span class='ocrx_word' id='word_1_812' title='bbox 2116 5245 2444 5310; x_wconf 36' lang='lat' dir='ltr'><strong>videasallic</strong></span> <span class='ocrx_word' id='word_1_813' title='bbox 2476 5257 2626 5326; x_wconf 81' lang='lat' dir='ltr'><strong>locus</strong></span> <span class='ocrx_word' id='word_1_814' title='bbox 2666 5254 2828 5326; x_wconf 76' lang='lat' dir='ltr'><strong>aliter</strong></span> <span class='ocrx_word' id='word_1_815' title='bbox 2851 5251 3022 5326; x_wconf 79' lang='lat' dir='ltr'><strong>editus</strong></span> <span class='ocrx_word' id='word_1_816' title='bbox 3056 5247 3326 5326; x_wconf 42' lang='lat' dir='ltr'><strong>invenitur.</strong></span> <span class='ocrx_word' id='word_1_817' title='bbox 3342 5245 3477 5313; x_wconf 90' lang='lat' dir='ltr'><strong>apud</strong></span> 
     </span>
    </p>
   </div>
   <div class='ocr_carea' id='block_1_113' title="bbox 1926 5316 3471 5389">
    <p class='ocr_par' dir='ltr' id='par_1_113' title="bbox 1926 5316 3471 5389">
     <span class='ocr_line' id='line_1_113' title="bbox 1926 5316 3471 5389; baseline -0.009 -10"><span class='ocrx_word' id='word_1_818' title='bbox 1926 5316 2099 5389; x_wconf 74' lang='lat' dir='ltr'><strong>virum</strong></span> <span class='ocrx_word' id='word_1_819' title='bbox 2120 5328 2489 5381; x_wconf 87' lang='lat' dir='ltr'><strong>doctissimum</strong></span> <span class='ocrx_word' id='word_1_820' title='bbox 2518 5325 2779 5378; x_wconf 85' lang='lat' dir='ltr'><strong>Joannem</strong></span> <span class='ocrx_word' id='word_1_821' title='bbox 2808 5322 3087 5374; x_wconf 82' lang='lat' dir='ltr'><strong>Albertum</strong></span> <span class='ocrx_word' id='word_1_822' title='bbox 3121 5316 3471 5389; x_wconf 48' lang='lat' dir='ltr'><strong>Fabricium;</strong></span> 
     </span>
    </p>
   </div>
   <div class='ocr_carea' id='block_1_114' title="bbox 1926 5384 3477 5459">
    <p class='ocr_par' dir='ltr' id='par_1_114' title="bbox 1926 5384 3477 5459">
     <span class='ocr_line' id='line_1_114' title="bbox 1926 5384 3477 5459; baseline -0.01 -8"><span class='ocrx_word' id='word_1_823' title='bbox 1926 5384 2117 5451; x_wconf 32' lang='lat' dir='ltr'><strong>sed’ita</strong></span> <span class='ocrx_word' id='word_1_824' title='bbox 2152 5408 2350 5459; x_wconf 88' lang='lat' dir='ltr'><strong>tamen,</strong></span> <span class='ocrx_word' id='word_1_825' title='bbox 2383 5406 2439 5448; x_wconf 93' lang='lat' dir='ltr'><strong>ut</strong></span> <span class='ocrx_word' id='word_1_826' title='bbox 2485 5398 2672 5448; x_wconf 85' lang='lat' dir='ltr'><strong>eadem</strong></span> <span class='ocrx_word' id='word_1_827' title='bbox 2712 5391 2978 5445; x_wconf 87' lang='lat' dir='ltr'><strong>sententia</strong></span> <span class='ocrx_word' id='word_1_828' title='bbox 3032 5388 3312 5459; x_wconf 10' lang='lat' dir='ltr'><strong>relliciatur2</strong></span> <span class='ocrx_word' id='word_1_829' title='bbox 3367 5384 3477 5436; x_wconf 87' lang='lat' dir='ltr'><strong>Illic</strong></span> 
     </span>
    </p>
   </div>
   <div class='ocr_carea' id='block_1_115' title="bbox 1921 5454 3473 5535">
    <p class='ocr_par' dir='ltr' id='par_1_115' title="bbox 1921 5454 3473 5535">
     <span class='ocr_line' id='line_1_115' title="bbox 1921 5454 3473 5535; baseline -0.009 -16"><span class='ocrx_word' id='word_1_830' title='bbox 1921 5468 2083 5535; x_wconf 79' lang='lat' dir='ltr'><strong>igitur</strong></span> <span class='ocrx_word' id='word_1_831' title='bbox 2132 5468 2210 5519; x_wconf 87' lang='lat' dir='ltr'><strong>sic</strong></span> <span class='ocrx_word' id='word_1_832' title='bbox 2265 5454 2489 5533; x_wconf 75' lang='lat' dir='ltr'><strong>legimus</strong></span> <span class='ocrx_word' id='word_1_833' title='bbox 2530 5484 2541 5517; x_wconf 91' lang='lat'>:</span> <span class='ocrx_word' id='word_1_834' title='bbox 2587 5461 2676 5531; x_wconf 83' lang='grc' dir='ltr'><strong>Τῷ</strong></span> <span class='ocrx_word' id='word_1_835' title='bbox 2704 5458 3042 5535; x_wconf 17' lang='grc' dir='ltr'>γάρῃὸντιρτί</span> <span class='ocrx_word' id='word_1_836' title='bbox 3074 5458 3151 5510; x_wconf 87' lang='grc' dir='ltr'>δεῖ</span> <span class='ocrx_word' id='word_1_837' title='bbox 3191 5454 3473 5524; x_wconf 80' lang='grc' dir='ltr'>γενέσεως,</span> 
     </span>
    </p>
   </div>
   <div class='ocr_carea' id='block_1_116' title="bbox 1920 5531 2989 5604">
    <p class='ocr_par' dir='ltr' id='par_1_116' title="bbox 1920 5531 2989 5604">
     <span class='ocr_line' id='line_1_116' title="bbox 1920 5531 2989 5604; baseline -0.006 -15"><span class='ocrx_word' id='word_1_838' title='bbox 1920 5531 2058 5601; x_wconf 73' lang='lat' dir='ltr'><strong>Quid</strong></span> <span class='ocrx_word' id='word_1_839' title='bbox 2082 5539 2214 5589; x_wconf 83' lang='lat' dir='ltr'><strong>enim</strong></span> <span class='ocrx_word' id='word_1_840' title='bbox 2260 5531 2390 5604; x_wconf 11' lang='lat' dir='ltr'><strong>opius</strong></span> <span class='ocrx_word' id='word_1_841' title='bbox 2416 5544 2490 5586; x_wconf 81' lang='lat' dir='ltr'><strong>est</strong></span> <span class='ocrx_word' id='word_1_842' title='bbox 2518 5544 2653 5592; x_wconf 83' lang='lat' dir='ltr'><strong>ortu,</strong></span> <span class='ocrx_word' id='word_1_843' title='bbox 2691 5534 2733 5585; x_wconf 86' lang='lat' dir='ltr'><strong>ei</strong></span> <span class='ocrx_word' id='word_1_844' title='bbox 2751 5531 2840 5604; x_wconf 75' lang='lat' dir='ltr'><strong>qui</strong></span> <span class='ocrx_word' id='word_1_845' title='bbox 2873 5531 2989 5583; x_wconf 81' lang='lat' dir='ltr'><strong>est?</strong></span> 
     </span>
    </p>
   </div>
   <div class='ocr_carea' id='block_1_117' title="bbox 1992 5601 3029 5673">
    <p class='ocr_par' dir='ltr' id='par_1_117' title="bbox 1992 5601 3029 5673">
     <span class='ocr_line' id='line_1_117' title="bbox 1992 5601 3029 5673; baseline -0.008 -16"><span class='ocrx_word' id='word_1_846' title='bbox 1992 5608 2104 5673; x_wconf 81' lang='lat'><strong>(88)</strong></span> <span class='ocrx_word' id='word_1_847' title='bbox 2135 5601 2357 5659; x_wconf 75' lang='lat' dir='ltr'><strong>Codices</strong></span> <span class='ocrx_word' id='word_1_848' title='bbox 2386 5605 2587 5672; x_wconf 86' lang='lat' dir='ltr'><strong>aliquot</strong></span> <span class='ocrx_word' id='word_1_849' title='bbox 2612 5601 3029 5673; x_wconf 61' lang='grc' dir='ltr'>ὑπομνήσωμεν.</span> 
     </span>
    </p>
   </div>
   <div class='ocr_carea' id='block_1_118' title="bbox 1993 5619 3477 5746">
    <p class='ocr_par' dir='ltr' id='par_1_118' title="bbox 1993 5619 3477 5746">
     <span class='ocr_line' id='line_1_118' title="bbox 1993 5619 3029 5673; baseline -0.004 -16"><span class='ocrx_word' id='word_1_850' title='bbox 1993 5619 2104 5673; x_wconf 74' lang='grc' dir='ltr'>(δὸ)</span> <span class='ocrx_word' id='word_1_851' title='bbox 2135 5619 2357 5659; x_wconf 72' lang='lat' dir='ltr'><strong>Louwcs</strong></span> <span class='ocrx_word' id='word_1_852' title='bbox 2386 5619 2587 5672; x_wconf 77' lang='lat' dir='ltr'><strong>aliqum</strong></span> <span class='ocrx_word' id='word_1_853' title='bbox 2612 5619 2714 5654; x_wconf 91' lang='grc' dir='ltr'><strong>υπο</strong></span> <span class='ocrx_word' id='word_1_854' title='bbox 2761 5619 3029 5670; x_wconf 84' lang='grc' dir='ltr'>νησωμεν.</span> 
     </span>
     <span class='ocr_line' id='line_1_119' title="bbox 1993 5619 3477 5746; baseline -0.009 -15"><span class='ocrx_word' id='word_1_855' title='bbox 1993 5678 2105 5746; x_wconf 84' lang='grc'>(89)</span> <span class='ocrx_word' id='word_1_856' title='bbox 2136 5675 2225 5728; x_wconf 87' lang='lat' dir='ltr'><strong>Sic</strong></span> <span class='ocrx_word' id='word_1_857' title='bbox 2253 5676 2381 5741; x_wconf 78' lang='lat' dir='ltr'><strong>Reg.</strong></span> <span class='ocrx_word' id='word_1_858' title='bbox 2412 5684 2656 5744; x_wconf 86' lang='lat' dir='ltr'><strong>quartus.</strong></span> <span class='ocrx_word' id='word_1_859' title='bbox 2696 5619 2891 5727; x_wconf 54' lang='lat' dir='ltr'><strong>Vbeula</strong></span> <span class='ocrx_word' id='word_1_860' title='bbox 2932 5669 3022 5722; x_wconf 88' lang='grc' dir='ltr'><strong>καί</strong></span> <span class='ocrx_word' id='word_1_861' title='bbox 3054 5668 3202 5724; x_wconf 86' lang='lat' dir='ltr'><strong>deest</strong></span> <span class='ocrx_word' id='word_1_862' title='bbox 3235 5664 3289 5720; x_wconf 89' lang='lat' dir='ltr'><strong>in</strong></span> <span class='ocrx_word' id='word_1_863' title='bbox 3315 5662 3477 5718; x_wconf 81' lang='lat' dir='ltr'><strong>editis</strong></span> 
     </span>
    </p>
   </div>
   <div class='ocr_carea' id='block_1_119' title="bbox 1923 5747 2345 5801">
    <p class='ocr_par' dir='ltr' id='par_1_119' title="bbox 1923 5747 2345 5801">
     <span class='ocr_line' id='line_1_120' title="bbox 1923 5747 2345 5801; baseline -0.009 0"><span class='ocrx_word' id='word_1_864' title='bbox 1923 5759 1971 5801; x_wconf 77' lang='lat' dir='ltr'><strong>ct</strong></span> <span class='ocrx_word' id='word_1_865' title='bbox 2004 5751 2051 5801; x_wconf 88' lang='lat' dir='ltr'><strong>iu</strong></span> <span class='ocrx_word' id='word_1_866' title='bbox 2084 5747 2199 5799; x_wconf 82' lang='lat' dir='ltr'><strong>aliis</strong></span> <span class='ocrx_word' id='word_1_867' title='bbox 2222 5762 2345 5799; x_wconf 73' lang='lat' dir='ltr'><strong>mss.</strong></span> 
     </span>
    </p>
   </div>
  </div>
