4026 6460
564 337 668 393 599

2005 345 2247 399 BASILKI
2295 343 2505 400 MAch

3692 351 3798 408 600

566 452 830 522 principio
852 454 1124 523 antiquius
1148 466 1310 525 queat
1333 459 1627 528 excogitari
1651 476 1663 521 ;
1691 478 1793 515 non
1814 462 1955 516 enim
1989 461 2123 515 foret

2231 462 2531 531 υπερϐἀτου
2565 458 2675 529 (90)
2706 460 2797 513 καί
2828 458 3019 529 ἑτέρας
3055 460 3366 514 ἀνεκϐάτου.
3397 461 3534 515 Οὔτε
3566 466 3676 539 γὰρ
3706 468 3795 539 ἀρ·

571 542 911 612 principium,
953 544 997 599 si
1036 545 1163 613 quid
1200 546 1336 599 ultra
1371 560 1429 601 se
1484 549 1705 603 haberet
1738 567 1752 603 :
1793 566 1960 619 neque
2008 551 2120 605 lit-ri

570 642 770 702 potest,
804 642 861 687 ut
889 634 1160 703 quispiam
1207 637 1331 689 illud
1352 678 1367 700 ,
1403 636 1569 703 Erat,
1600 641 1925 708 cogitatione
1951 652 2126 693 trans-

569 739 786 795 gressus
810 725 875 779 ad
914 726 1251 781 intervallum
1289 727 1340 781 in
1370 742 1477 797 quo
1503 744 1608 783 non
1636 742 1756 784 erat
1782 732 2125 787 transvehere

566 834 625 872 se
657 818 849 888 possit.
891 816 1022 872 Nam
1055 820 1292 887 cogitare
1324 823 1465 890 quod
1500 837 1605 877 rion
1636 834 1776 890 erat,
1814 836 1897 882 est
1928 826 2121 882 dictio-

568 926 711 973 nem,
740 907 893 974 Erat,
923 910 1223 967 destruere.
1254 911 1386 968 Nam
1413 916 1458 969 si
1486 914 1808 986 principium
1841 935 1905 973 es
1936 933 2122 975 eorum

566 1016 792 1057 numero
841 1010 987 1058 esset
1040 1018 1160 1072 qum
1211 1004 1522 1061 referuntur
1562 1007 1632 1061 ad
1674 1010 1836 1073 aliud,
1879 1019 1936 1063 ut
1971 1013 2116 1081 prin.

562 1095 764 1165 cipium
822 1097 1136 1167 sapientia,
1190 1107 1245 1153 et
1292 1096 1615 1169 principium
1665 1105 1765 1156 viae
1818 1100 2007 1167 bonae,
2070 1114 2124 1157 et

563 1188 632 1245 In
663 1192 917 1260 principio
960 1192 1079 1261 fecit
1127 1191 1267 1248 Deus
1306 1210 1325 1247 :
1374 1193 1511 1246 forte
1558 1208 1837 1264 possemus
1875 1192 1991 1262 ejus
2031 1195 2120 1262 qui

563 1296 630 1338 es
692 1283 782 1338 tali
854 1285 1118 1355 principio
1188 1293 1465 1339 constaret
1531 1286 1925 1357 generationem
1980 1286 2125 1356 cogi-

566 1374 727 1430 tando
755 1376 1127 1446 praetergredi.
1161 1375 1266 1430 Sed
1293 1390 1415 1429 cum
1468 1378 1514 1433 is
1554 1375 1800 1448 principii
1850 1374 2125 1446 signiﬁca-

565 1475 671 1534 tus,
727 1477 912 1539 utpote
955 1469 1253 1537 absolutus,
1309 1486 1413 1526 nec
1462 1472 1623 1525 ullam
1670 1470 1733 1523 ad
1780 1469 1924 1523 aliud
1971 1469 2122 1524 habi-

565 1558 802 1615 tudinem
855 1561 1094 1618 habens.
1159 1572 1408 1617 nsturam
1470 1576 1774 1630 supremam
1814 1561 2121 1629 signiﬁcet,

563 1663 743 1705 nonne
794 1650 1121 1726 deridendus
1168 1660 1253 1706 est
1306 1655 1396 1723 qui
1451 1652 1739 1719 quidquam
1798 1653 1936 1705 ultra
1994 1651 2122 1707 illud

562 1741 1016 1808 comminiscitur,
1063 1754 1157 1798 aut
1207 1745 1259 1798 id
1300 1744 1411 1798 suis
1456 1742 1869 1812 cogitatiooihus
1899 1752 2123 1812 praetcr-

2224 554 2324 623 χῆς
2352 553 2470 605 ἐστι
2503 570 2558 606 τι
2591 551 2877 621 ἐπινοῆσαι
2922 553 3317 627 πρεσϐύτερον·
3369 554 3430 605 οὐ
3462 555 3572 626 γὰρ
3603 559 3685 611 ἔτι
3731 560 3799 611 ἂν

2225 645 2308 716 εἴη
2340 644 2505 717 ἁρχὴ,
2543 645 2701 715 εἴπερ
2735 644 2847 713 ἔχοι
2877 659 2929 695 τι
2959 643 3155 714 ἑαυτῆς
3188 645 3447 716 ἐξώτερον
3494 647 3605 717 (91)
3628 666 3640 679 ·
3673 650 3795 704 οὔτε

2222 736 2285 791 τὸ
2308 734 2421 794 Ἦν
2449 738 2740 799 διαϐάντας
2770 734 2849 805 τῷ
2893 734 3153 804 λογισμῷ,
3194 740 3274 801 εἰς
3304 740 3362 792 τὸ
3397 738 3486 792 ὅτε
3536 739 3649 808 (9Ξὶ
3692 743 3794 795 οὐκ

2222 825 2291 899 ἦν
2343 827 2566 882 δυνατὸν
2627 825 2956 900 ὑπερκύψαι.
3023 826 3299 896 ’Δθὲτησις
3348 832 3457 904 γάρ
3505 830 3621 884 ἔστι
3697 832 3797 885 τοῦ

2222 915 2355 983 Ἦν,
2387 920 2420 989 ἡ
2458 916 2554 971 τοῦ
2600 920 2683 973 ὅτι
2714 919 2812 972 οὑκ
2851 911 2917 988 ἦν
2952 915 3176 968 ἐπίνοια.
3212 917 3275 969 Εἰ
3307 922 3404 988 μὲν
3432 922 3540 994 γὰρ
3583 922 3617 993 ἡ
3647 920 3795 993 ἀρχὴ

2223 1009 2331 1062 τῶν
2383 1008 2519 1080 πρὸς
2572 1008 2756 1081 ἕτερον
2803 1006 3109 1077 λεγομένων
3142 1002 3231 1077 ἦν,
3263 1006 3339 1069 ὡς
3399 1011 3460 1063 τὸ
3502 1012 3645 1083 ἀρχὴ
3698 1026 3793 1062 σοι

2224 1103 2387 1173 φίας,
2449 1094 2541 1155 καὶ
2597 1102 2738 1172 ἀρχὴ
2786 1099 2905 1155 ὁδοῦ
2970 1099 3202 1169 ἀγαθῆς,
3271 1098 3394 1163 καὶ,
3469 1104 3571 1157 Ἐν
3630 1102 3795 1174 ἀρχῇ

2224 1196 2515 1264 ἐποίησεν
2547 1198 2579 1249 ό
2630 1194 2793 1259 Θεὸς,
2845 1192 2913 1267 ἧν
2956 1194 3022 1249 ἂν
3062 1193 3253 1261 τυχὸν,
3292 1191 3386 1246 τοῦ
3418 1193 3481 1244 ἐκ
3534 1197 3795 1267 τοιαύτης

2222 1287 2398 1358 ἀρχῆς
2455 1283 2789 1356 ὑφεστῶτες,
2836 1285 2902 1338 δι’
2937 1282 3283 1354 ἐνθυμήσεως
3339 1281 3641 1353 ὑπερϐῆναι
3691 1286 3795 1356 τὴν

2224 1380 2504 1449 γέννησινο
2558 1376 2745 1448 ἐπειδὴ
2809 1375 2866 1428 δὲ
2910 1376 2972 1430 τὸ
3043 1374 3439 1447 σημαινόμενον
3488 1374 3647 1427 τοῦτο
3690 1378 3795 1448 τῆς

2225 1470 2400 1542 ἀρχῆς
2435 1469 2830 1541 ἀπολελυμένον
2862 1470 2958 1521 καὶ
3003 1470 3227 1540 ἄσχετον
3260 1466 3360 1537 τὴν
3394 1466 3655 1520 ἀνωτάτω
3696 1470 3796 1535 φύ-

2228 1579 2311 1615 σιν
2370 1560 2541 1632 δηλοῖ,
2596 1562 2711 1625 πῶς
2765 1560 2827 1613 ού
2895 1562 3296 1629 καταγέλαστος
3347 1559 3377 1610 ὁ
3419 1559 3487 1613 τὰ
3537 1557 3795 1628 ἐξωτέρω

2225 1652 2423 1723 ταύτης
2456 1654 2712 1716 ἐπινοῶν,
2742 1651 2774 1723 ἢ
2806 1651 3097 1724 ἐπιχειρῶν
3148 1650 3314 1721 αὐτὴν
3363 1653 3475 1714 τοῖς
3500 1650 3789 1721 λογισμοῖς

2226 1746 2616 1819 ὐπερϐἀλλειν;
2652 1746 3181 1819 Συμπαρεκτείνεται
3224 1745 3280 1798 δὲ
3326 1744 3421 1798 καὶ
3467 1746 3527 1798 τὸ
3557 1741 3668 1802 Ἦν
3710 1745 3794 1815 τῷ

564 1832 746 1887 volare
778 1835 1037 1889 conatur?
1066 1835 1366 1901 Quinetiam
1397 1836 1639 1896 verbum,
1668 1836 1822 1897 Erat,
1850 1849 2001 1904 teque
2032 1851 2125 1889 ex-

2231 1804 2574 1912 ἁνυπερθέτῳ
2605 1804 2702 1910 τῆς
2731 1804 2905 1911 όιρχῖῖις
2925 1838 3127 1909 ταύτης
3151 1839 3283 1910 (93).
3312 1837 3387 1891 Ob
3415 1836 3523 1908 γὰρ
3556 1838 3654 1909 τὴν
3680 1804 3795 1891 ἀπο

564 1924 801 1979 tenditur
847 1940 908 1979 ac
964 1926 1093 1979 illud
1143 1926 1466 1995 principium
1522 1927 1794 1981 dilatiOuis
1844 1940 1908 1980 ac
1963 1942 2128 1981 morte

563 2016 932 2085 cujuscunque
997 2018 1256 2072 nescium.
1319 2015 1435 2072 Non
1490 2018 1632 2073 enim
1686 2019 1928 2084 verbum,
1968 2018 2123 2084 Erat,

562 2106 934 2161 exsistcntiam
992 2109 1339 2178 temporalem
1389 2111 1613 2176 indicat,
1646 2122 1701 2165 ut
1740 2112 1865 2166 illud
1902 2130 1916 2167 :
1956 2110 2125 2165 "orno

561 2208 672 2251 erat
703 2198 759 2251 in
790 2199 993 2269 regione
1022 2200 1259 2256 Ausitide
1280 2202 1361 2269 u';
1393 2214 1439 2257 et
1472 2223 1483 2257 :
1512 2204 1676 2256 Homo
1698 2215 1810 2257 erat
1842 2221 1907 2257 ea:
1935 2206 2124 2257 Arma-

564 2288 691 2340 tlrim
722 2287 764 2319 “
791 2304 805 2351 ;
840 2295 896 2343 et
926 2308 940 2342 :
969 2288 1130 2344 Terra
1160 2304 1331 2346 autem
1363 2302 1470 2346 erat
1490 2293 1761 2347 invisibilis
1794 2294 1857 2348 ⁸⁷.
1889 2294 1991 2348 Sed
2015 2297 2127 2365 ipse

564 2379 718 2433 nobis
751 2382 1079 2450 evangelista
1116 2385 1166 2437 in
1209 2386 1317 2438 alio
1348 2401 1599 2440 sermone
1625 2385 1739 2451 ejus
1766 2388 1932 2452 verbi,
1966 2388 2119 2453 Erat,

562 2470 921 2540 signiﬁcatum
966 2476 1223 2539 ostendit,
1269 2477 1350 2530 liis
1398 2477 1620 2531 verbis:
1655 2477 1756 2544 Qui
1800 2487 1893 2545 est,
1942 2496 1985 2532 er
2032 2482 2124 2547 qui

561 2569 695 2626 erat,
728 2569 776 2613 et
803 2563 891 2630 qui
922 2573 997 2616 est
1035 2566 1353 2633 omnipotens
1382 2568 1447 2621 ⁵⁸.
1480 2567 1647 2635 Quale
1686 2570 1827 2624 enim
1862 2581 1943 2626 est
1975 2571 2123 2635 illud,

562 2662 659 2716 est,
692 2652 799 2707 tale
839 2663 923 2707 est
963 2657 1127 2709 etiam
1160 2657 1308 2718 illud,
1341 2668 1475 2723 erat,
1507 2661 1890 2728 sempiternum
1926 2664 2128 2731 pariter

562 2753 728 2814 atque
764 2748 1024 2815 temporis
1053 2763 1268 2817 expers.
1301 2749 1416 2803 lam
1452 2766 1579 2805 vero
1623 2767 1727 2805 non
1777 2754 2124 2809 exsistentem

562 2835 764 2903 dicere,
792 2853 937 2902 eum,
966 2840 1056 2909 qui
1089 2840 1140 2893 in
1173 2842 1433 2911 principio
1464 2851 1567 2905 est,
1602 2858 1777 2914 neque
1808 2843 1970 2914 250
2011 2847 2125 2915 ejus

562 2940 645 2983 cst
685 2932 777 3002 qui
819 2935 1070 3004 principii
1118 2936 1390 2990 notionem
1436 2947 1637 3002 servat,
1673 2951 1845 3007 neque
1882 2938 1995 3005 eius
2035 2938 2127 3005 qui

564 3038 666 3075 una
708 3040 829 3081 cum
884 3028 1147 3097 principio
1190 3029 1546 3084 substantiam
1592 3031 1860 3099 Unigeniti
1907 3030 2127 3098 conjun-

2226 1932 2415 2003 χρόνου
2478 1933 2706 2005 ὓπαρξιν
2765 1931 2827 1984 τὸ
2874 1926 2994 1985 Ἦν
3039 1931 3353 1999 ὑποφαίνει,
3406 1928 3478 1992 ὼς
3532 1928 3615 1993 τὸ,
3659 1931 3796 1983 Ἀν-

2225 2025 2456 2089 Ορωπος
2480 2019 2559 2092 ἦν
2590 2023 2658 2073 ἐν
2696 2019 2854 2089 χώρᾳ
2883 2019 2958 2087 τῇ
3004 2021 3276 2074 Αῠσίτιδι
3310 2018 3418 2091 (94)
3443 2036 3455 2047 ·
3512 2018 3628 2080 καὶ,
3671 2013 3798 2071 Ἦν

2224 2113 2532 2184 ἅνθρωπος
2557 2114 2625 2178 ἐξ
2666 2114 2976 2182 Ἀρμαθαΐμ
2994 2128 3007 2142 ·
3057 2110 3151 2165 καὶ
3173 2113 3254 2178 τὸ,
3296 2114 3357 2169 Ἠ
3383 2110 3450 2166 δὲ
3487 2109 3561 2180 γῆ
3587 2105 3668 2179 ἦν
3690 2110 3797 2162 ἀό-

2216 2224 2400 2275 ρατος
2417 2226 2433 2240 ·
2466 2207 2578 2260 ἀλλ’
2611 2205 2771 2269 αὐτὸς
2798 2206 2928 2275 ἡμῖν
2954 2206 2982 2258 ό
3011 2204 3399 2275 εύαγγελιστὴς
3427 2206 3483 2257 ὲν
3506 2201 3678 2273 ἑτέρῳ
3699 2200 3795 2251 λό-

2224 2316 2305 2370 γῳ
2345 2300 2437 2353 τοῦ
2465 2298 2703 2352 τοιούτου
2747 2293 2865 2351 Ἤν
2901 2297 2961 2349 τὸ
3012 2295 3403 2365 σημαινόμενον
3453 2292 3674 2359 ἔδειξεν,
3716 2292 3798 2342 el-

2225 2394 2339 2444 πών
2358 2410 2371 2422 υ
2392 2392 2442 2444 ⁸0
2465 2389 2569 2453 ὢν,
2598 2389 2697 2444 καὶ
2724 2393 2756 2443 ό
2784 2386 2881 2460 ἦν,
2905 2388 3000 2441 καὶ
3017 2387 3127 2457 (05)
3149 2390 3181 2441 ό
3209 2387 3646 2457 παντοκράτωρ.
3666 2379 3795 2439 Οἷον

2225 2484 2336 2556 γὰρ
2370 2485 2428 2538 τὸ
2469 2482 2572 2547 ὢν,
2602 2484 2839 2538 τοιοῦτον
2877 2483 2971 2536 καὶ
3003 2481 3063 2534 τὸ
3094 2477 3191 2551 ἦν,
3234 2481 3403 2535 ἀΐδιον
3451 2480 3649 2549 ὁμοίως
3697 2478 3796 2530 καὶ

2224 2578 2466 2649 ἄχρονον.
2515 2577 2627 2630 Ούκ
2656 2577 2783 2630 ὄντα
2809 2576 2865 2629 δὲ
2893 2574 3071 2642 λέγειν
3098 2574 3188 2627 τὸν
3215 2576 3271 2627 ὲν
3301 2574 3442 2644 ἀρχῇ
3477 2572 3625 2631 ὄντα,
3666 2570 3795 2626 οὔτε

2223 2669 2575 2733 διασώζοντός
2613 2670 2726 2721 ἐστι
2764 2667 2860 2738 τὴν
2902 2666 3106 2720 ἔννοιαν
3152 2666 3249 2736 τῆς
3281 2663 3474 2734 ἀρχῆς,
3509 2662 3633 2715 οὕτε
3670 2680 3795 2717 συν-

2227 2759 2486 2823 άπτοντος
2512 2761 2647 2832 αὐτῇ
2677 2759 2774 2831 τὴν
2797 2757 3027 2829 ὓπαρξιν
3050 2755 3143 2811 τοῦ
3176 2754 3529 2823 Μονογενοῦς.
3578 2756 3795 2809 Ἀνεπι·⁸

2225 2848 2409 2921 νόητον
2433 2850 2531 2921 μὲν
2556 2849 2664 2919 γὰρ
2684 2850 2783 2918 τῆς
2806 2849 2976 2921 ἀρχῆς
2997 2846 3055 2900 τὸ
3077 2845 3463 2918 πρεσϐύτερον,
3489 2845 3797 2917 ἀχώριστον

2224 2942 2279 2993 δὲ
2306 2942 2510 3011 ταύτης
2540 2940 2630 2993 τοῦ
2655 2940 2787 2993 Θεοῦ
2815 2940 2971 3009 λόγου
2997 2939 3057 2992 τὸ
3087 2935 3243 2993 εἶναι.
3272 2939 3433 2991 Ὥστε
3462 2938 3546 3005 ἐφ’
3577 2940 3701 2991 ὅσον
3728 2938 3797 2991 ἂν

2228 3030 2492 3102 βουληθῇς
2533 3033 2643 3095 ταῖς
2692 3030 2784 3083 τοῦ
2826 3030 2918 3083 νοῦ
2967 3028 3513 3101 πολυπραγμοσύναις
3557 3029 3797 3099 ἀναδρα-

561 3112 659 3179 git.
691 3113 805 3168 Non
839 3120 981 3170 enim
1011 3122 1302 3191 excogitari
1332 3132 1506 3187 potest
1532 3124 1805 3191 antiquius
1838 3124 2123 3193 quidquam

2231 3127 2368 3196 μεῖν,
2398 3124 2698 3196 ὑπερϐῆναι
2732 3124 2790 3177 τὸ
2816 3118 2913 3193 ἦν,
2944 3124 3036 3176 καὶ
3057 3122 3160 3188 ἔξω
3186 3120 3372 3174 τούτου
3403 3119 3655 3188 γενέσθαι
3682 3122 3799 3184 τοῖς

561 3204 848 3275 principio,
881 3223 909 3261 a
944 3224 1050 3277 quo
1089 3217 1278 3263 etesse
1317 3210 1406 3263 Dei
1445 3209 1600 3265 Verbi
1632 3221 1714 3266 est
1748 3214 2119 3280 inseparabile.

2231 3215 2503 3286 λογισμοῖς
2528 3216 2588 3268 οὐ
2619 3214 2836 3285 δυνήσῃ.

564 3297 743 3364 Quare
765 3312 1244 3373 quantumcunque
1266 3306 1413 3361 voles
1443 3305 1672 3360 curiosis
1703 3306 1899 3362 mentis
1926 3307 2394 3377 disquisitionibus
2436 3307 2755 3378 retrogradi,
2792 3318 2966 3359 tamen
3018 3318 3167 3369 ιιιιια,
3209 3314 3339 3369 era',
3385 3302 3706 3373 transgredi,
3740 3305 3801 3355 et

563 3390 702 3446 ultra
734 3394 836 3448 hoc
864 3395 1273 3464 cogitationibus
1305 3398 1429 3451 ferri
1463 3413 1565 3450 non
1595 3398 1813 3467 poteris.

634 3484 719 3537 15.
774 3483 1136 3555 lnterrogctur
1194 3499 1369 3543 autem
1430 3490 1670 3544 vicissim
1728 3500 1783 3544 et
1838 3505 1866 3544 a
1932 3491 2118 3557 nobis,

2300 3487 2384 3542 15.
2432 3483 2847 3555 Ἀντερωτᾶσθω
2884 3483 3064 3537 τοίνυν
3110 3484 3201 3535 καὶ
3239 3484 3367 3552 παρ’
3402 3480 3590 3549 ἡμῶν·
3636 3480 3801 3532 πότε-

563 3581 743 3625 utrum
772 3571 824 3626 in
855 3574 1119 3645 principio
1152 3588 1293 3631 esset
1323 3580 1459 3649 apud
1489 3569 1670 3636 Deum
1694 3581 1832 3636 Deus
1869 3581 2120 3648 Verbum,

2232 3598 2321 3654 ρον
2356 3581 2413 3632 ἐν
2434 3580 2575 3649 ἀρχῇ
2606 3573 2673 3649 ἦν
2704 3577 2840 3648 πρὸς
2871 3576 2960 3629 τὸν
2988 3575 3118 3628 Θεὸν
3143 3576 3171 3627 ό
3190 3573 3320 3635 Θεὸς
3349 3572 3538 3639 Λόγος,
3573 3570 3607 3640 ἢ
3643 3570 3802 3623 ὓστε-

564 3676 629 3713 au
685 3673 870 3729 postea
923 3667 1171 3721 accessit.
1223 3666 1356 3721 Nam
1401 3669 1443 3723 si
1496 3678 1632 3732 erat,
1667 3670 1854 3726 ϐοοκ-σε
1896 3672 2126 3741 linguam

2237 3689 2327 3743 ρον
2356 3669 2745 3741 προσεγένετος
2804 3668 2867 3720 Εἰ
2916 3666 3011 3737 μὲν
3066 3663 3175 3732 γὰρ
3219 3657 3323 3731 ἦν,
3386 3660 3636 3715 Παῦσον
3683 3661 3803 3727 τὴν

566 3762 711 3806 tuam
756 3771 787 3807 a
836 3757 973 3809 malo
1004 3756 1074 3821 δ’,
1110 3759 1178 3812 ab
1231 3774 1293 3812 ea
1347 3760 1596 3815 videlicet
1642 3762 1990 3831 blasphemia,
2026 3779 2129 3832 qua

2235 3762 2525 3833 γλῶσσάν
2561 3778 2676 3815 σου
2714 3760 2831 3813 ἀπὸ
2875 3756 3081 3819 κακοῦ,
3134 3755 3232 3824 τῆς
3272 3754 3387 3818 τοῦ,
3430 3755 3510 3807 ὅτι
3544 3756 3656 3807 οὐκ
3697 3750 3800 3823 ἦν,

567 3845 727 3911 dicis,
778 3865 879 3903 non
925 3860 1085 3907 erat:
1122 3851 1203 3906 sin
1247 3861 1451 3920 autem,
1484 3854 1626 3922 quod
1680 3868 1747 3907 ne
1792 3855 1871 3907 fas
1915 3855 2128 3923 quidem

2238 3851 2613 3922 βλασφημίας·
2644 3850 2691 3902 εἰ
2721 3849 2776 3901 δὲ
2801 3846 2933 3914 (96),
2965 3846 3101 3915 ὅπερ
3122 3843 3241 3896 οὐδὲ
3271 3842 3429 3913 θέμις
3460 3844 3654 3910 εἰπεῖν,
3687 3834 3804 3907 τοῖς

635 4020 681 4052 ⁸³
711 4020 812 4077 Job
844 4039 881 4087 ι,
916 4026 965 4077 l.
1040 4027 1085 4057 “
1119 4027 1137 4081 l
1170 4027 1298 4099 Reg.
1330 4045 1368 4092 I,
1414 4029 1465 4082 l.
1543 4029 1584 4061 ⁸⁸⁸
1619 4028 1757 4084 Gen.
1783 4045 1826 4094 ι,
1848 4029 1907 4083 ‘2.
1976 4029 2129 4099 “Ap

2239 4044 2277 4094 ι,
2304 4028 2361 4083 8.
2438 4026 2485 4059 δ’
2514 4026 2650 4081 °sal.
2682 4041 2869 4087 χχχιιι,
2899 4025 2984 4079 ll.

640 4193 753 4278 (90)
784 4206 876 4263 Sic
905 4209 1071 4264 editio
1102 4216 1334 4275 utraque
1365 4210 1500 4262 Ven.
1542 4220 1597 4263 et
1630 4209 1802 4264 Paris.
1835 4226 1957 4264 eum
1993 4221 2139 4265 antr-

566 4280 689 4348 quis
741 4290 974 4346 quatuor
1007 4277 1161 4348 libris

1217 4285 1332 4351 z-at
1378 4288 1551 4351 totum
1588 4280 1767 4351 illud,
1812 4281 1909 4351 Διά
1938 4281 2144 4334 τούτων
2247 4291 2589 4351 peccaturum
2617 4298 2719 4335 non

567 4346 673 4402 τῶν
708 4349 806 4420 δύο
832 4350 1058 4420 ῥήσεων
1104 4346 1424 4420 ᾀπέκλεισεν
1549 4348 1981 4420 εύαγγελιστὴςζ
2015 4352 2144 4419 μιᾶς

2241 4225 2360 4265 cum
2392 4227 2495 4266 uno
2545 4210 2676 4281 Reg.
2712 4211 2981 4282 ἐξωτέρω.
3032 4209 3165 4266 Utro
3191 4209 3331 4280 ‘quis
3376 4208 3533 4265 modo
3582 4208 3800 4281 legerit,

2317 4294 2589 4336 ecaturum
2617 4298 2719 4335 non
2756 4294 2903 4350 puto.

2317 4351 2428 4419 (9‘2)
2458 4352 2571 4404 Vox
2598 4353 2685 4404 ὅτε
2720 4353 2770 4404 in
2796 4351 3003 4405 duobus
3037 4366 3167 4405 mss.
3209 4365 3313 4404 non
3338 4349 3625 4404 invenitur.

568 4417 943 4510 ἀνυπερϐάτου
979 4419 1071 4501 πα).
1092 4417 1291 4510 ’ἑτέρας
1322 4417 1643 4510 ἀνξκϐάτου,
1679 4423 1831 4510 deest
1871 4417 1921 4470 iu
1953 4417 2129 4487 Regii:

2318 4417 2428 4489 (93)
2464 4421 2910 4510 iieghsecrtndus.
2933 4436 3101 4510 quem;
3121 4434 3219 4471 suo
3268 4432 3415 4510 appro
3453 4420 3635 4510 secuti;
3670 4428 3800 4499 sunt

571 4488 834 4555 secundo,
870 4492 1029 4543 tertio
1057 4496 1111 4541 et
1140 4490 1351 4557 quinto.
1384 4488 1488 4542 Sed
1535 4489 1650 4541 hare
1692 4489 1854 4540 verba
1886 4503 2137 4541 necessa-

571 4560 651 4612 ria
684 4574 823 4623 esse,
860 4560 905 4612 si
948 4559 1081 4612 nihil
1112 4560 1279 4619 aliud,
1319 4559 1431 4625 ipsa
1472 4568 1620 4612 certe
1671 4558 1929 4610 orationis
1972 4560 2140 4611 series

573 4629 780 4695 prohat.
816 4628 880 4682 Ut
926 4631 1065 4698 enim
1101 4629 1211 4692 illa,
1246 4628 1385 4680 υῦτε
1431 4628 1537 4698 γὰρ
1570 4627 1742 4698 ἀρχῆς
1793 4627 1907 4698 ἐστι
1939 4645 1990 4679 τι
2018 4628 2139 4679 ἐπι-

571 4698 760 4767 νοῆσαι
787 4697 1177 4767 πρεσϐύτερον,
1210 4700 1273 4749 ad
1318 4696 2028 4767 dictionemd‘iunspﬁd'rou,
2066 4699 2138 4749 ita

572 4763 702 4829 haec,
742 4763 863 4819 οὔτε
898 4768 957 4819 τὸ
1000 4763 1121 4819 Ἤν
1149 4767 1439 4829 διαϐάντας
1459 4768 1535 4837 τῷ
1556 4763 1826 4836 λογισμῷ,
1858 4772 1922 4818 ad
1954 4767 2138 4819 dictio-

573 4854 692 4889 nem
720 4837 1019 4891 ἀνεκϐἁτου
1069 4837 1257 4889 referri
1318 4839 1515 4891 debere
1554 4837 1839 4890 obscurqu
1902 4846 2135 4889 nonest.

576 4905 866 4975 interpres,
942 4922 1062 4961 cum
1128 4909 1335 4961 videret
1390 4921 1574 4960 casum
1634 4907 1778 4958 verbi
1832 4904 2140 4975 ἀποκλείειν

574 4974 784 5040 deesse,
837 4977 1168 5031 existimavit
1221 4992 1404 5030 vocem
1464 4975 1660 5037 αὐτοὺς
1712 4974 2138 5045 (Εὑνομιανούς)

575 5046 926 5115 supplendam
958 5062 1117 5106 esse;
1150 5046 1219 5099 ob
1246 5047 1405 5113 idque
1440 5048 1581 5100 hunc
1617 5044 1788 5097 locum
1818 5044 1897 5098 ita
1920 5054 2139 5098 verten-

574 5116 699 5167 dum
728 5130 867 5179 esse,
900 5116 982 5170 his
1022 5117 1225 5169 duabus
1256 5116 1570 5169 dictionibus
1594 5115 1848 5167 conclusit
1879 5132 1963 5168 eos
1987 5130 2141 5167 euan-

574 5185 781 5252 gilisla,
814 5186 1185 5240 Eunomiauos
1235 5186 1505 5240 videlicet.
1552 5184 1683 5238 Mihi
1729 5196 1906 5239 tamen
1947 5184 2139 5237 verisi-

578 5254 755 5308 milius
787 5256 866 5318 lit,
914 5256 1263 5324 suppl-endam
1312 5271 1432 5309 esse
1460 5271 1645 5309 vocem
1680 5254 1862 5316 νόσον,
1894 5268 2014 5324 qua:
2044 5253 2142 5305 ali—

576 5336 777 5380 quanto
825 5336 951 5379 ante
982 5322 1211 5393 legitur,
1248 5326 1467 5378 exclusit
1503 5328 1640 5377 hunc
1682 5324 1843 5377 animi
1881 5322 2138 5376 morbum.

581 5394 725 5465 lianc
775 5396 1141 5465 conjecturam
1183 5410 1287 5447 non
1326 5394 1467 5465 nihil,
1515 5394 1758 5460 adjuvat,
1788 5393 1955 5465 quod
2009 5394 2142 5465 ᾁπο-

578 5464 777 5533 κλείειν
817 5464 1031 5533 proprie
1078 5480 1180 5517 Mn
1219 5465 1288 5519 sit
1322 5464 1654 5527 concludere,
1704 5464 1795 5517 sed
1832 5464 2137 5515 'excludere.

582 5532 698 5603 plus
737 5532 864 5589 mss.
918 5532 1116 5602 aliqvot
1158 5533 1475 5595 rillljliit'ilel’
1510 5533 1698 5599 νοῆσαι
1753 5533 2139 5603 πρεσϐύτερον.

582 5602 690 5675 iloe
721 5605 833 5672 ipso
866 5605 1057 5657 inloco
1084 5605 1207 5658 editi
1238 5603 1373 5657 Οὔτε
1403 5603 1511 5675 γὰρ
1542 5603 1601 5656 ἂν
1625 5603 1705 5654 ἔτι
1740 5602 1824 5673 εἴη
1860 5604 2020 5673 ἀρχή.
2054 5603 2141 5655 Li-

582 5672 662 5727 bri
693 5685 900 5727 ηιμ-τρε
936 5677 1010 5726 u.i
1046 5676 1094 5727 in
1128 5687 1400 5729 comextu.

660 5744 769 5813 (91)
804 5745 1017 5799 ι’ἰιίιὶρῑ
1048 5747 1241 5813 aliquot
1274 5759 1400 5799 mss.
1440 5742 1721 5815 ἐξώτερον.
1763 5742 1940 5799 Codex
1984 5742 2131 5797 Colb.

2250 4486 3428 4567 "mg-"mhi-P“F‘?‘ef‘“sv*194M596de
3466 4486 3564 4555 τῆς
3603 4489 3801 4567 ἀρχῆς.

2248 4556 2363 4610 cum
2388 4556 2487 4609 hoc
2508 4558 2765 4625 principio
2796 4556 3153 4623 insuperabili.
3173 4557 3272 4608 Alii
3309 4571 3399 4609 sex
3428 4570 3555 4608 mss.
3586 4556 3665 4625 τῷ
3718 4556 3806 4611 ἁν-

2247 4626 2527 4696 υπερθέτῳ
2554 4627 2671 4695 τῆς,
2704 4643 2821 4678 cum
2845 4626 2938 4696 liae
2958 4626 3234 4696 principio,
3262 4626 3398 4693 quod
3435 4641 3593 4696 mora:
3621 4644 3805 4692 expers

2247 4708 2324 4750 est
2351 4694 2509 4763 atque
2528 4694 2821 4749 dilationis.
2846 4695 3004 4749 Certe
3033 4710 3150 4748 cum
3178 4694 3333 4747 lectio
3358 4694 3626 4760 posterior
3660 4698 3796 4749 mul-

2249 4779 2423 4820 torum
2487 4767 2730 4819 codicum
2785 4766 3104 4819 auctoritate
3163 4764 3444 4826 innitatur,
3496 4778 3595 4818 uec
3657 4768 3801 4821 male

2247 4834 2529 4888 conveniat
2565 4835 2687 4889 huic
2715 4835 2849 4893 locu,
2892 4849 3008 4887 eam
3044 4834 3209 4888 alteri'
3230 4834 3484 4901 praeferre.
3509 4849 3613 4887 non
3638 4836 3801 4889 dubi—

2248 4905 2377 4959 tavi.
2404 4932 2473 4945 —
2506 4903 2659 4957 Verte
2686 4921 2698 4955 :
2728 4904 3048 4975 Principium
3076 4905 3210 4973 quod
3237 4904 3535 4957 transcendi
3575 4916 3623 4958 et
3650 4922 3805 4975 supc-

2248 4976 2353 5027 rari
2386 4991 2487 5027 non
2510 4983 2693 5039 potest.
2727 4973 2939 5028 MARAN.

2318 5045 2429 5113 (9i)
2476 5042 2553 5113 Τῇ
2582 5044 2875 5106 Αὐσίτιδι,
2927 5044 2978 5095 in
3011 5042 3215 5111 regione
3258 5043 3516 5099 Ausitide.
3549 5044 3801 5113 Vulgata,

2248 5116 2301 5167 in
2335 5112 2471 5166 terra
2504 5112 2639 5168 Hus.
2676 5113 2773 5170 llic
2808 5116 2955 5169 locus
2992 5114 3043 5167 in
3072 5113 3450 5168 eruditissimis
3502 5112 3803 5169 notis’Du-

2248 5185 2341 5238 «ei
2371 5184 2686 5237 illustratur.

2318 5254 2427 5323 (95)
2480 5254 2673 5307 Vocula
2724 5253 2817 5306 καί
2854 5250 3091 5323 addenda
3126 5262 3208 5305 est
3247 5266 3311 5305 cx
3360 5254 3545 5307 multis
3590 5253 3796 5323 codici-

2254 5321 2372 5377 hus.
2408 5322 2555 5376 llaud
2589 5324 2743 5393 longe
2782 5323 2993 5376 codices
3027 5321 3230 5390 aliquot
3252 5323 3610 5386 συνάπτοντες
3630 5322 3820 5397 ταύτῃ

2248 5397 2364 5447 τήν.

2300 5434 2431 5531 ⁴(06)
2472 5462 2598 5515 Post
2630 5462 2779 5524 illud,
2806 5464 2854 5514 sl
2896 5460 2974 5524 δέ,
3010 5461 3247 5530 Suppleri
3273 5472 3481 5531 oportet
3504 5462 3604 5514 οὐκ
3635 5457 3727 5532 ἦν,
3756 5466 3802 5516 si

2250 5551 2363 5587 vero
2407 5550 2507 5585 non
2557 5544 2688 5586 erat.
2724 5533 2776 5585 ld
2806 5542 2981 5585 autem
3016 5547 3112 5585 cur
3146 5536 3421 5585 omissum
3450 5533 3538 5594 sit,
3570 5533 3803 5586 Basilius

2250 5606 2358 5671 ipse
2386 5606 2459 5655 ait
2492 5602 2628 5655 hanc
2652 5618 2773 5655 esse
2795 5617 3038 5665 causam,
3067 5606 3206 5670 quod
3231 5604 3350 5655 talia
3379 5601 3621 5668 proferre
3646 5602 3802 5657 nefas

2248 5676 2337 5726 sit.
2370 5672 2542 5727 Simili
2595 5674 2874 5727 reticentia
2924 5689 3075 5727 nsum
3121 5672 3369 5725 Basilium
3410 5674 3592 5726 videre
3628 5683 3713 5727 est
3750 5673 3803 5726 in

2249 5743 2629 5808 superioribus.
