4026 6456
257 400 363 454 σοι

1355 398 1719 452 AlWEllSUS
1752 398 2119 453 EUNOMIUM
2162 404 2287 457 LIB.
2329 404 2388 453 ll.

3388 406 3493 461 ϐω

262 517 381 578 σοῖς
408 512 730 585 οἰκειότερον
776 491 909 584 προς
950 510 1008 562 σὲ
1042 511 1310 582 χρήσομαι
1346 514 1602 583 ῥήμασιν,
1650 514 1730 566 ὅτι
1765 513 1826 565 οὑ

1944 524 2005 565 est
2053 512 2252 575 dicere,
2300 514 2405 568 tuis
2453 510 2737 566 adversum
2793 522 2845 567 te
2895 515 3075 570 verbis
3132 515 3307 584 aptius
3350 528 3491 583 utar,

263 604 616 676 βλασφημίας
648 608 826 675 μόνον,
856 603 987 656 ἀλλά
1019 605 1112 657 καὶ
1142 604 1443 677 παρανοίας
1468 607 1771 679 ὑπερϐολὴν
1806 607 1835 658 6

263 699 421 763 λόγος
451 696 582 767 ἔχει,
610 695 925 766 ἀνθρώπους
959 697 1208 749 ἀπαιτεῖν
1234 698 1340 750 τῶν
1365 696 1535 764 λόγων
1555 698 1648 749 τοῦ
1674 698 1838 752 Πνεύ-

267 806 444 858 ματος
471 790 567 853 τὰς
594 788 839 851 εὐθύνας,
875 788 968 841 καὶ
1000 789 1243 861 μαθητὴν
1294 790 1389 859 μὲν
1429 786 1563 843 εἶναι
1595 790 1701 844 τῶν
1736 793 1839 845 Εὑ-

262 882 535 949 αγγελίων
573 881 872 950 ὁμολογεῖν,
914 882 1091 936 αὑτῶν
1128 884 1185 937 δὲ
1215 882 1416 935 τούτων
1459 884 1839 948 κατεξανιστα-

266 974 413 1028 σθαι.
445 972 643 1038 Σκόπει
680 972 786 1044 γὰρ
817 971 915 1038 τὰς
940 972 1089 1039 θείας
1125 973 1327 1045 φωνὰς,
1358 973 1433 1037 ὼς
1470 974 1710 1048 ἀκριϐῶς
1744 978 1838 1030 καὶ

266 1068 457 1137 σαφῶς
485 1068 551 1136 τῇ
585 1066 689 1136 πρὸ
726 1066 935 1121 αἰώνων
968 1068 1179 1136 γενέσει
1211 1067 1321 1137 (97)
1348 1067 1441 1123 τοῦ
1474 1068 1603 1121 Υἱοῦ
1639 1085 1839 1137 μαρτυ-

267 1160 476 1233 ροῦσιν.
520 1158 735 1229 Ἐπειδὴ
763 1161 871 1231 γὰρ
899 1162 927 1214 6
959 1160 1056 1231 μὲν
1079 1158 1351 1223 Ματθαῖος
1377 1162 1474 1233 τῆς
1505 1158 1643 1213 κατά
1667 1162 1839 1230 σάρκα

263 1250 572 1320 γεννήσεως
593 1251 861 1323 ἐξηγητὴς
882 1252 1123 1320 γέγονεν,
1141 1250 1217 1314 ὡς
1242 1252 1404 1317 αὑτός
1432 1267 1564 1321 φησι
1580 1267 1593 1281 °
1624 1252 1841 1317 Βίϐλος

266 1340 563 1412 ’γενέσεως
602 1345 797 1413 Ἰησοῦ
840 1343 1095 1411 Χριστοῦ
1146 1346 1280 1402 υἱοῦ
1303 1346 1478 1401 Δαϐίδ
1526 1346 1666 1416 (98)·
1726 1348 1753 1399 6
1784 1344 1839 1397 δὲ

268 1434 496 1504 Μάρκος
525 1436 696 1507 ἀρχὴν
725 1436 818 1489 τοῦ
848 1435 1175 1503 Βὺαγγελίου
1201 1438 1261 1492 τὺ
1298 1437 1544 1491 Ἰωάννου
1574 1437 1839 1507 πεποίηκε

268 1526 555 1598 κήρυγμα,
604 1512 1026 1596 είπών’”Αρχὴ
1078 1527 1184 1582 τοῦ
1224 1528 1586 1596 Εὐαττελίου
1637 1526 1838 1592 Ἰησοῦ

268 1618 549 1686 Χριστοῦ,
592 1615 783 1682 καθὼς
813 1617 1126 1687 γέγραπται
1153 1621 1220 1673 ἐν
1264 1620 1462 1685 Ἡσαΐᾳ
1506 1618 1584 1683 τῷ
1610 1618 1837 1688 προφή-

266 1726 343 1779 τῃ
368 1710 513 1781 (99)·
724 1707 995 1779 ,βοῶντος
1022 1713 1091 1765 ἐν
1120 1710 1194 1779 τῇ
1221 1709 1416 1779 ἐρήμῳ
1434 1727 1451 1741 ·
1490 1712 1519 1764 6
1541 1712 1597 1765 δὲ
1627 1710 1839 1773 Λουκᾶς

270 1805 366 1857 καὶ
408 1803 567 1865 αὐτὸς
605 1802 693 1857 διὰ
731 1804 836 1859 τῶν
876 1804 1199 1875 σωματικῶν
1250 1804 1431 1875 ἀρχῶν
1476 1809 1541 1877 τῇ
1598 1804 1840 1875 θεολογίᾳ

1936 605 2078 674 quod
2112 618 2214 657 non
2244 606 2590 677 blasphemia:
2624 606 2814 668 solum,
2853 608 2945 661 sed
2984 607 3294 663 stoliditatis
3332 611 3494 664 etiam

1937 694 2151 747 modum
2188 708 2405 762 superat
2447 699 2532 754 hic
2576 712 2779 763 sermo,
2823 698 3067 753 homines
3100 699 3345 754 videlicet
3373 716 3496 755 ver-

1937 783 2126 838 borum
2165 782 2398 854 Spiritus
2440 791 2703 845 rationem
2735 803 3048 858 exposcere,
3084 798 3137 844 et
3170 790 3406 857 protlteri
3440 806 3498 846 se

1937 876 2208 947 Evangelii
2243 876 2580 947 discipulum,
2610 892 2668 937 et
2720 890 2895 936 tamen
2948 882 2999 935 in
3054 883 3226 949 ipsum
3260 882 3500 951 Evange-

1938 968 2065 1023 lium
2086 972 2384 1039 insurgere.
2410 972 2641 1029 Λόγοι-ιθ
2663 977 2806 1031 enim
2826 992 2987 1048 quam
3011 975 3315 1045 diligenter,
3338 992 3496 1045 quam

1939 1072 2125 1131 aperte
2172 1062 2367 1118 divina:
2410 1078 2571 1118 voces
2613 1070 3016 1135 generationem
3056 1068 3199 1132 Filii,
3230 1083 3348 1136 quae
3403 1068 3501 1121 fuit

1939 1160 2063 1206 ante
2090 1152 2305 1214 saeutla,
2336 1154 2642 1209 testimonio
2671 1170 2767 1210 suo
2798 1159 3170 1230 comprobent.
3205 1158 3335 1212 Nam
3367 1174 3502 1229 quo-

1941 1243 2081 1295 niam
2110 1242 2391 1297 Matlbmus
2418 1245 2633 1315 quidem
2662 1252 3025 1316 generationis
3059 1254 3348 1308 secundum
3382 1265 3502 1306 car-

1942 1345 2058 1384 nem
2090 1332 2264 1389 factus
2291 1341 2373 1388 est
2405 1333 2695 1403 interpres,
2728 1345 2786 1391 ut
2814 1336 2927 1407 ipse
2956 1340 3028 1391 ait
3064 1358 3076 1393 :
3108 1340 3259 1395 Liber
3287 1354 3504 1408 genera-

1941 1426 2096 1479 tionis
2140 1426 2269 1480 Jesu
2323 1426 2521 1481 Christi
2567 1427 2667 1495 lilii
2721 1427 2892 1482 David
2932 1430 2999 1497 '°;
3054 1431 3262 1487 Marcus
3323 1442 3500 1489 autem

1937 1511 2158 1571 Joannis
2220 1518 2655 1584 praedicationem
2722 1518 2936 1575 initium
2993 1520 3268 1592 Evangelii
3337 1526 3499 1590 fecit,

1941 1606 2163 1661 dicens:
2195 1608 2412 1663 Initium
2462 1611 2733 1682 Evangelii
2769 1611 2896 1665 Jestt
2946 1612 3161 1675 Christi.
3196 1616 3330 1669 sicut
3372 1621 3500 1669 scri-

1938 1709 2080 1764 ptum
2108 1710 2180 1753 est
2215 1700 2266 1753 in
2315 1700 2465 1755 Isaia
2498 1706 2745 1772 propheta
2785 1719 2803 1759 :
2836 1703 2949 1758 Voa:
2993 1708 3268 1761 clamantis
3315 1709 3370 1761 in
3416 1709 3504 1759 de-

1940 1801 2077 1843 serto
2113 1793 2179 1857 ⁸¹;
2214 1791 2389 1847 Lucas
2419 1809 2545 1849 vero
2572 1804 2623 1849 et
2658 1796 2770 1865 ipse
2799 1812 2895 1868 per
2921 1797 3220 1868 corporalia
3256 1798 3407 1853 initia
3439 1802 3505 1854 ad

271 1891 516 1964 προσέϐη
533 1908 547 1921 ·
576 1893 887 1963 ἀναγκαίως
910 1895 938 1945 6
962 1892 1345 1967 εὑαγγελιστὴς
1377 1896 1647 1966 Ἰωάννης,
1669 1894 1842 1947 τελευ-

1946 1881 2265 1951 theologiam
2290 1883 2537 1949 accessit,
2568 1888 2877 1942 necessario
2899 1888 3229 1959 evangelista
3247 1887 3502 1957 Joannes,

269 1986 421 2046 ταίος
458 1985 625 2038 ἐλθὼν
678 1988 756 2047 εἰς
803 1985 863 2036 τὸ
902 1984 1153 2056 γράφειν,
1192 1990 1388 2051 παντὸς
1427 1986 1705 2057 αἰσθητοῦ,
1752 1988 1844 2039 καὶ

272 2075 466 2147 χρόνου
490 2078 579 2130 τοῦ
602 2079 711 2139 τοῖς
744 2077 1003 2142 τοιούτοις
1042 2082 1441 2151 παρεπομένου,
1470 2083 1568 2154 τὴν
1606 2082 1843 2135 διάνοιαν

274 2168 576 2240 ὑπεράρας,
637 2166 833 2237 μᾶλλον
878 2168 934 2221 δὲ
985 2170 1215 2237 ὑψωθεὶς
1244 2171 1317 2239 (1)
1361 2175 1425 2241 τῇ
1474 2174 1695 2242 δυνάμει
1751 2172 1842 2225 τοῦ

275 2258 609 2330 Πνεύματος,
636 2260 783 2330 αὑτῷ
806 2259 1046 2330 προσέϐη
1076 2260 1153 2330 τῷ
1184 2260 1398 2313 πάντων
1432 2262 1705 2327 ἐπέκεινα,
1746 2282 1829 2335 μου

274 2352 487 2421 νονουχὶ
514 2350 1011 2422 διαμαρτυρόμενος
1039 2352 1129 2405 καί
1156 2352 1334 2419 αὑτὸς,
1361 2354 1461 2415 ὅτι,
1498 2354 1545 2405 εί
1570 2355 1661 2406 καὶ
1683 2354 1845 2422 ἐγνώ-

274 2458 453 2510 καμεν
511 2443 651 2495 κατὰ
702 2444 878 2514 σάρκα
922 2442 1173 2517 Χριστὸν,
1228 2444 1364 2499 ἀλλά
1412 2446 1503 2499 νῦν
1543 2448 1721 2499 οὐκέτι
1764 2464 1847 2515 γι-

274 2530 574 2602 νώσκομεν.
610 2534 917 2606 Λαϐόμενος
942 2537 1048 2609 γὰρ
1087 2539 1255 2609 αὑτῆς
1281 2538 1378 2609 τῆς
1408 2539 1599 2610 ἀρχῆς,
1629 2540 1721 2592 καὶ
1746 2539 1847 2592 πά-

277 2641 376 2689 σας
405 2625 503 2689 τάς
535 2630 848 2699 σωματικάς
879 2649 938 2682 τε
971 2632 1065 2684 καὶ
1091 2631 1343 2701 χρονικάς
1373 2632 1578 2696 ἐννοίας
1607 2632 1844 2686 κατωτέ-

280 2732 378 2783 ρας
414 2715 514 2783 τῆς
546 2717 737 2769 ἑαυτοῦ
784 2716 1059 2785 θεολογίας
1104 2719 1405 2783 ἀπολιπὼν,
1459 2722 1844 2794 ὑπερεφὼνησε

272 2802 345 2854 τά
371 2804 706 2873 προλαϐόντα
737 2805 1063 2875 κηρύγματα
1094 2810 1160 2878 τῇ
1191 2808 1527 2879 μεγαλοφυῖᾳ
1574 2810 1671 2880 τῆς
1704 2811 1844 2879 γνὼ-

275 2910 436 2956 σεως.
476 2894 587 2947 Οὑκ
624 2896 731 2949 ἀπὸ
764 2898 998 2967 Μαρίας,
1063 2901 1246 2970 φησὶν.
1291 2902 1324 2973 ἡ
1368 2901 1530 2974 ἀρχὴ,
1581 2902 1697 2955 οὐδὲ
1742 2904 1848 2956 ἀπὸ

274 2984 445 3036 τῶνδε
473 2986 580 3037 τῶν
612 2987 835 3056 χρόνων.
884 2988 1043 3043 Ἀλλά
1072 2990 1162 3055 τί;
1209 2992 1303 3045 Ἑν
1328 2992 1482 3062 ἀρχῇ
1530 2990 1609 3064 ἦν
1655 2998 1688 3049 d
1734 2996 1845 3049 Λό-

274 3094 401 3144 γος,
433 3078 528 3131 καὶ
555 3080 588 3131 ὀ
612 3081 800 3149 Λόγος
827 3077 906 3150 ἦν
932 3082 1080 3150 πρὸς
1110 3082 1219 3137 τόν
1243 3087 1406 3151 Θεὸν,
1454 3087 1549 3139 καὶ
1587 3088 1730 3154 Θεὸς
1768 3084 1847 3158 ἦν

274 3171 309 3219 ό
336 3169 553 3237 Λόγος·
588 3171 684 3240 τὴν
718 3170 776 3233 ὲξ
808 3172 978 3223 ἀϊδίου
1021 3172 1272 3244 ὕπαρξιν,
1303 3176 1399 3245 τὴν
1430 3177 1613 3247 ἀπαθῆ
1656 3180 1843 3249 γέννη-

1943 1988 2062 2027 cum
2108 1976 2329 2031 ultimus
2371 1977 2437 2030 ad
2482 1976 2825 2031 scribendum
2862 1984 3117 2046 venisset,
3154 1991 3387 2037 mentem
3419 1999 3509 2035 su-

1945 2080 2038 2134 per
2062 2082 2219 2121 omue
2253 2070 2524 2134 sensibile,
2557 2085 2619 2123 ac
2664 2079 2871 2139 tempus
2919 2073 3061 2141 quod
3106 2076 3379 2129 sensibilis
3422 2091 3508 2129 se-

1942 2158 2144 2226 quitur,
2179 2160 2449 2226 attollens,
2482 2162 2587 2216 imo
2623 2160 2817 2216 tirtute
2857 2164 3090 2231 Spiritus
3136 2176 3369 2229 erectus,
3412 2180 3507 2220 ac-

1943 2248 2108 2304 cessit
2138 2250 2202 2303 ad
2246 2266 2368 2304 eum
2422 2252 2614 2320 ipsum,
2641 2254 2730 2323 qui
2764 2264 2846 2309 est
2880 2255 3019 2309 ultra
3054 2256 3257 2321 omnia,
3303 2266 3506 2311 tantum

1944 2355 2050 2393 non
2078 2349 2340 2396 attestans
2364 2352 2419 2395 et
2450 2343 2584 2413 ipse,
2615 2346 2757 2414 quod
2786 2345 2885 2399 etsi
2912 2344 3186 2401 Christum
3214 2348 3505 2403 secundum

1944 2445 2161 2484 carnem
2192 2436 2562 2502 cognovimus,
2600 2440 2833 2491 nomium
2869 2449 3046 2493 tamen
3084 2454 3204 2493 eum
3250 2456 3390 2495 nunc
3416 2455 3509 2496 co-

1946 2523 2249 2590 gnoscimus
2278 2527 2345 2577 ".
2378 2524 2509 2578 Nam
2549 2538 2813 2596 occupato
2854 2531 2970 2597 ipso
3018 2533 3305 2599 principio,
3336 2536 3511 2585 omni-

1948 2611 2159 2678 busque
2193 2614 2465 2680 corporeis
2496 2624 2550 2667 et
2582 2617 2968 2683 temporalibus
3015 2619 3319 2675 notionibus
3367 2622 3506 2676 infra

1946 2716 2097 2756 suam
2159 2703 2477 2775 theologiam
2534 2705 2758 2773 relictis,
2810 2724 2900 2765 cas
2952 2726 3072 2780 quae
3125 2724 3513 2779 pra‘cesserattt

1945 2788 2357 2855 praedicationes
2401 2792 2795 2859 magniﬁcentia
2843 2795 3167 2863 cognitionis
3213 2801 3508 2865 superavit.

1946 2877 2062 2932 Non
2114 2894 2143 2933 a
2195 2881 2386 2944 Maria,
2445 2883 2638 2951 inquit,
2692 2885 3033 2954 principium,
3076 2904 3250 2957 neque
3304 2892 3371 2944 ab
3428 2891 3511 2945 his

1949 2971 2296 3039 temporibus.
2323 2972 2431 3027 Sed
2461 2974 2625 3043 quid?
2653 2973 2718 3029 In
2755 2976 3010 3045 principio
3048 2990 3161 3033 erat
3193 2980 3437 3047 Verbum,
3462 2995 3509 3035 et

1958 3061 2183 3117 Verbum
2224 3074 2334 3117 erat
2374 3066 2513 3132 apud
2558 3066 2747 3131 Deum,
2777 3078 2824 3121 et
2856 3067 2995 3124 Deus
3029 3082 3141 3125 erat
3188 3071 3407 3126 Verbum
3443 3074 3506 3127 ".

1948 3154 2319 3210 Substanliam
2381 3168 2678 3225 aeternam,
2733 3162 3138 3229 generationem
3214 3164 3513 3221 all‘ectionis

277 3276 383 3323 σιν,
406 3259 465 3311 τὸ
492 3260 733 3331 συμφυὲς
761 3260 837 3330 τῷ
859 3263 1052 3333 Πατρὶ,
1085 3263 1146 3316 τὸ
1181 3265 1462 3335 μεγαλεῖον
1486 3266 1587 3337 τῆς
1605 3245 1842 3335 φύσεως,

1951 3256 2249 3315 expertem,
2282 3263 2400 3303 eam
2432 3262 2591 3317 quam
2627 3264 2748 3304 cum
2782 3248 2942 3306 Patre
2985 3252 3147 3309 habet
3189 3254 3514 3322 conjunctio-

275 3353 457 3405 πάντα
486 3354 545 3405 ἐν
569 3356 681 3417 τοῖς
705 3352 900 3421 ὀλίγοις
927 3355 1130 3425 ῥήμασι
1160 3356 1454 3422 συλλαϐὼν,
1482 3359 1575 3412 καὶ
1599 3362 1662 3431 τῇ
1688 3376 1852 3430 προσ-

277 3442 425 3514 θήκῃ
468 3443 559 3496 τοῦ
585 3440 696 3497 Ἦν
739 3446 1029 3515 ἀναγαγὼν
1068 3447 1143 3520 (2)
1175 3450 1255 3513 είς
1306 3450 1405 3521 τὴν
1435 3449 1628 3521 ἀρχὴν,
1664 3450 1851 3523 ῶσπερ

275 3536 635 3604 ἀποφράττων
668 3536 734 3589 τά
768 3539 1007 3608 στόματα
1037 3540 1165 3605 τῶν,
1204 3543 1284 3596 ὅτι
1327 3545 1438 3596 οὐκ
1468 3540 1565 3613 ἦν,
1612 3542 1850 3615 βλασφη-

282 3626 546 3696 μούντων,
580 3628 673 3680 καὶ
708 3628 988 3699 πόρρωθεν
1023 3632 1120 3694 τάς
1150 3634 1258 3686 τῶν
1287 3634 1543 3689 τοιούτων
1587 3638 1850 3707 σοφισμά-

275 3732 385 3767 των
421 3716 797 3786 παρεισδύσεις
842 3719 1273 3791 ὑποτεμνόμενος
1307 3725 1402 3793 (3).
1456 3724 1587 3781 Εἶτα
1624 3728 1709 3781 διὰ
1751 3728 1849 3798 τῆς

278 3808 554 3876 θεολογίας
590 3803 701 3862 οἷον
742 3810 1063 3882 ὑπογραφὴν
1105 3830 1227 3867 τινα
1270 3816 1473 3886 ἐναργῆ
1506 3820 1603 3887 τῆς
1640 3820 1851 3888 φύσεως

276 3898 373 3951 τού
402 3899 737 3968 Μονογενοῦς
764 3900 1096 3967 ὲντυπώσας,
1122 3904 1194 3967 ὼς
1219 3904 1318 3976 ἤδη
1347 3906 1701 3977 γνωρίζουσιν
1722 3911 1849 3963 ὑπο-

276 3990 517 4044 δείκνυσι
545 3994 610 4064 τῇ
644 3995 791 4063 φωνῇ
821 3992 1026 4061 λέγων·
1068 3990 1253 4061 Οὗτος
1292 3991 1371 4064 ἦν
1414 3997 1484 4049 ἐν
1512 3996 1669 4067 ἀρχῇ
1702 3999 1848 4068 πρὸς

278 4082 387 4133 τὸν
425 4082 605 4135 Θεόνο
650 4082 811 4136 πάλιν
868 4082 1096 4138 ἐνταῦθα
1145 4087 1209 4155 τῇ
1251 4084 1530 4157 προσθήκῃ
1584 4086 1677 4140 τοῦ
1719 4083 1847 4151 Ἦν,

276 4174 346 4242 τῇ
377 4172 631 4243 αῖδιότητι
670 4174 762 4227 τοῦ
805 4175 1018 4246 Πατρὸς
1052 4175 1147 4229 τοῦ
1185 4176 1516 4245 Μονογενοῦς
1568 4179 1848 4232 συνάπτων

277 4264 379 4333 τὴν
404 4262 683 4332 γέννησιν·
713 4265 805 4317 καὶ
834 4263 1021 4318 πάλιν⁸
1060 4265 1189 4334 Ζωὴ
1218 4262 1314 4335 ἦν,
1348 4267 1445 4320 καὶ
1478 4269 1516 4335 ἠ
1540 4266 1654 4335 ζωὴ
1676 4264 1752 4338 ἦν
1782 4268 1850 4321 τὸ

277 4352 405 4422 φῶς
428 4352 545 4406 τῶν
565 4354 904 4422 ἀνθρώπων,
947 4356 1045 4409 καὶ
1081 4350 1160 4426 ἦν
1188 4356 1255 4409 τὸ
1286 4355 1410 4425 φῶς
1439 4357 1504 4410 τὸ
1533 4358 1847 4424 ἀληθινόν.

292 4443 431 4497 Ἀλλ’
472 4444 619 4514 ὅμως
650 4443 791 4497 οὕτω
813 4443 1145 4514 πανταχόθεν
1173 4442 1266 4496 τοῦ
1300 4444 1455 4513 λόγου
1485 4448 1602 4507 ταῖς
1629 4444 1722 4497 τοῦ
1760 4446 1846 4496 ἀϊ-

278 4536 393 4589 δίου
432 4536 506 4606 (4)
537 4536 869 4607 προσθήκαις
900 4535 1323 4606 ¹Ιισφαλισμένου,
1368 4536 1545 4600 πάσας
1592 4537 1847 4607 παρωσά-

1951 3352 2091 3400 nem,
2121 3347 2323 3393 natura!
2349 3340 2707 3409 maiestatem,
2736 3343 2915 3396 omnia
2945 3347 3130 3413 paucis
3159 3348 3335 3402 verbis
3366 3364 3512 3403 com-

1948 3429 2151 3497 plexus,
2206 3446 2339 3486 voce
2377 3431 2507 3485 Erat
2560 3434 2762 3498 addita,
2809 3434 3031 3490 deduxit
3069 3437 3134 3490 ad
3163 3439 3510 3509 principium,

1950 3521 2103 3588 quasi
2157 3535 2251 3574 ora
2313 3522 2603 3577 occludens
2662 3540 2883 3590 eorum,
2936 3528 3029 3596 qui
3078 3528 3514 3599 blasphemantes

1949 3613 2156 3679 dicunt,
2182 3615 2329 3684 quod
2382 3631 2485 3670 non
2539 3626 2680 3683 erat,
2706 3629 2759 3673 et
2811 3619 2965 3691 longe
3019 3629 3143 3676 ante
3194 3624 3513 3678 exscindens

1947 3703 2206 3771 ejusmodi
2258 3707 2658 3763 cavillationum
2722 3711 2951 3765 aditum.
3004 3712 3200 3768 Deinde
3264 3728 3516 3771 sermone

1949 3796 2249 3868 tbeologico
2281 3799 2425 3853 velut
2454 3799 2657 3854 claram
2684 3803 2975 3871 quamdam
3008 3812 3211 3859 natura:
3238 3802 3513 3872 Uuigeniti

1942 3889 2362 3961 descriptionem
2409 3892 2742 3963 exprimens,
2776 3896 2933 3965 quasi
2976 3895 3089 3963 jam
3138 3896 3513 3967 cognoscenti-

1948 3982 2049 4034 bus
2080 3997 2197 4036 eam
2231 3993 2621 4039 commonstrat
2655 3984 2757 4039 hac
2789 4000 2942 4050 voce,
2976 3986 3162 4043 dicens
3194 4004 3207 4039 :
3248 3987 3361 4043 Hoc
3400 4000 3516 4043 erat

1949 4072 2002 4123 in
2040 4073 2297 4141 principio
2346 4076 2484 4141 apud
2530 4074 2693 4128 Deum
2722 4076 2788 4133 “.
2829 4075 3053 4143 Rursus,
3090 4094 3221 4133 voce
3264 4079 3391 4134 Erat
3425 4082 3515 4137 hic

1950 4164 2180 4231 adjecta,
2216 4167 2504 4221 teternitali
2557 4166 2734 4223 Patris
2789 4171 3187 4239 generationem
3242 4170 3511 4241 Unigeniti

1950 4260 2244 4313 connectit.
2286 4257 2351 4312 Et
2404 4274 2634 4315 rursus:
2680 4258 2799 4314 Vita
2848 4271 2979 4329 erat,
3026 4273 3072 4316 et
3118 4264 3220 4317 cita
3264 4274 3376 4317 erat
3422 4265 3515 4318 tua:

1947 4347 2235 4415 hominum,
2262 4358 2311 4403 et
2336 4359 2447 4404 erat
2476 4350 2569 4404 lux
2597 4368 2713 4405 vera
2746 4349 2812 4405 ".
2840 4350 2945 4407 Sed
2974 4354 3073 4408 etsi
3104 4355 3349 4407 doctrina
3380 4354 3514 4408 adeo

1950 4440 2187 4510 undique
2240 4442 2621 4496 additamentis
2666 4444 2984 4498 aeternitatis
3032 4444 3360 4497 comnmnita
3406 4455 3513 4507 est,

1950 4538 2125 4585 tamen
2188 4532 2439 4586 omnibus
2494 4531 2729 4601 Spiritus
2782 4533 3107 4588 testimoniis
3166 4534 3409 4601 rejectis,
3461 4547 3516 4589 et

281 4599 447 4695 μενος
489 4599 599 4691 ’τάξ
658 4599 958 4699 μαρτυρίας
986 4599 998 4605 ⁷
1020 4626 1114 4680 τοῦ
1141 4599 1508 4697 Ἦνεύματος,
1572 4599 1682 4681 καὶ·
1729 4627 1842 4681 οὑδὲ

1952 4624 2105 4691 quasi
2157 4637 2222 4677 ne
2276 4624 2461 4677 audire
2504 4599 2718 4692 quidem
2763 4624 3041 4679 videretur
3076 4599 3337 4681 Joannem
3377 4628 3514 4682 adeo

276 4717 497 4773 ακούειν
511 4719 678 4772 δοκῶν
696 4719 864 4783 οὑτως
887 4721 1015 4791 ἡμῖν
1042 4720 1258 4782 πυκνῶς
1285 4718 1587 4790 ἐμϐοῶντος
1617 4720 1675 4773 τὸ
1704 4714 1824 4773 Ἦν

352 4902 402 4934 ⁸⁸
432 4902 629 4959 Mattn.
654 4918 692 4964 ι,
725 4902 776 4955 l.
852 4902 894 4933 "
923 4900 1164 4971 ﬂarent,
1196 4901 1257 4972 1:;
1289 4902 1386 4958 lsa.
1414 4918 1498 4963 χι..
1531 4903 1583 4956 5.

352 5059 462 5129 (97)
485 5058 664 5114 Codex
696 5058 847 5113 Colb.
885 5059 1134 5130 γεννήσει
1162 5057 1279 5113 τοῦ.
1311 5058 1441 5129 Reg.
1470 5059 1659 5113 tertius
1687 5059 1838 5128 γενέ-

279 5148 462 5266 “illm
491 5197 669 5269 Codex
696 5214 831 5252 unus
863 5199 990 5253 Υἱοῦ
1013 5198 1193 5264 Δαϐὶδ,
1227 5198 1356 5254 Υἱοῦ
1386 5198 1651 5269 Ἀϐραάμ.

356 5270 465 5339 (99)
487 5268 708 5339 variare
738 5270 877 5323 inter
903 5287 957 5324 se
991 5270 1153 5323 libros
1184 5273 1333 5323 initio
1354 5268 1624 5338 Evangelii
1648 5270 1834 5333 Marci,

278 5338 370 5393 vel
415 5342 480 5393 de
534 5338 883 5405 Testamento
950 5339 1241 5394 Oxouieusi
1322 5340 1572 5409 cognosci
1636 5352 1831 5406 potest.

278 5412 466 5462 Graeca
497 5408 709 5476 vulgata
753 5409 821 5461 ita
884 5412 1097 5471 habent,
1129 5410 1203 5471 ὼς
1251 5408 1561 5478 γέγραπται
1616 5412 1673 5462 ἐν
1720 5413 1834 5473 τοῖς

1660 4903 1705 4933 "
1737 4900 1778 4955 ll
1818 4900 1925 4956 Cor
1976 4915 2027 4967 v,
2063 4897 2151 4952 16.

1955 4714 2261 4767 lreoucnter
2310 4727 2491 4768 vocem
2551 4712 2681 4768 Erat
2745 4715 3117 4773 inclamantem
3158 4717 3319 4774 :Non
3369 4722 3513 4775 exsio

2246 4897 2292 4930 ⁸³
2325 4896 2479 4951 Joan.
2509 4913 2548 4961 ι,
2593 4899 2642 4951 1.
2744 4898 2791 4930 ⁸⁸
2815 4897 2944 4952 ibid.
2973 4898 3029 4952 2.
3103 4900 3149 4930 ⁵⁸
3180 4899 3311 4953 ibid.
3360 4901 3416 4966 4,
3456 4901 3509 4956 9.

2018 5050 2224 5129 (5η)Γο
2251 5046 2686 5129 ὑποτεμνόμὲνος
2709 5050 2906 5129 tegili?!
2936 5049 2986 5111 tit
3018 5058 3154 5129 Reg.
3194 5050 3352 5114 (éi’tto
3375 5062 3514 5114 ἀπδ-

1945 5123 2291 5206 τεμνόμενος.
2323 5123 2799 5208 lbitletn'dttomss.
2837 5123 2947 5181 οἷον
2972 5123 3321 5251 ὑπογνραφᾷν.
3364 5132 3512 5185 Alius

1945 5197 2105 5249 οἱονεὶ
2126 5198 2463 5251 ὑπογραφὴν.
2495 5196 2631 5250 Edttt
2654 5196 2951 5251 θεολογίας.
2978 5200 3235 5251 ὑπογοαω
3264 5220 3325 5251 Δν.
3356 5200 3507 5251 Illud.

1944 5196 2463 5271 οἱονειὺπογραφῄν.
2495 5196 2631 5250 Editi
2654 5196 2951 5271 θεολογίας,
2978 5196 3325 5271 ὑπογραφὴν.
3356 5200 3508 5261 Illud,

1943 5266 2028 5319 διὰ
2056 5268 2153 5338 τῆς
2191 5266 2489 5339 θεολογίας,
2523 5269 2750 5339 putosic
2786 5269 2953 5339 a_c_cipi
2980 5266 3179 5323 debere
3212 5266 3223 5323 Ξ
3262 5266 3365 5325 Per
3389 5286 3509 5339 ser-

1945 5336 2155 5391 monem
2185 5353 2343 5404 quem
2390 5338 2458 5391 de
2495 5338 2778 5392 divinitate
2809 5336 2967 5392 Verbi
3002 5339 3208 5395 habuit.

2011 5407 2085 5473 (4)
2119 5407 2252 5459 Editi
2276 5406 2430 5474 λόγου
2459 5406 2552 5459 τοῦ
2584 5407 2778 5459 ἀϊδίου.
2822 5408 2965 5461 Libri
3010 5421 3218 5465 veteres
3262 5413 3383 5471 ταῖς
3416 5411 3511 5464 τοῦ

279 5475 615 5562 προφήταις,
644 5480 774 5562 δίεχε
816 5480 1066 5562 scriptum
1090 5490 1183 5562 est.
1201 5475 1272 5532 ini
1288 5475 1579 5559 prop/texis.
1607 5478 1833 5562 Codices

1944 5475 2132 5528 ἀϊδίου.
2162 5475 2257 5557 Hie
2308 5477 2457 5529 locus
2491 5492 2596 5558 non
2658 5478 2729 5530 ita
2774 5476 3152 5561 intelligendus
3209 5495 3316 5562 est,
3353 5485 3507 5562 quasi

282 5547 401 5629 nun.
419 5547 570 5613 pauci
600 5551 657 5601 ὲν
681 5549 885 5629 ,Ἡσαΐᾳ
913 5547 987 5629 τῷ
1014 5548 1445 5629 προφήτῃ,ιεὶςιιι
1479 5550 1730 5629 scriptum
1760 5561 1831 5603 est

1944 5561 2042 5629 vox
2074 5548 2339 5629 (eternitas
2378 5548 2679 5629 reperiatur
2725 5547 3003 5629 expresse
3035 5549 3201 5629 initio
3227 5547 3505 5629 Evangelii

280 5620 349 5667 in'
376 5607 520 5669 Isaia
545 5618 831 5685 propheta;
863 5607 919 5673 et
952 5607 1021 5672 ita
1048 5607 1513 5687 [tuoque'legimus
1538 5607 1830 5687 iu'Vulgata
1942 5614 2163 5688 Joannis
2198 5633 2213 5669 :
2244 5618 2335 5670 sed
2376 5607 2608 5688 Ba'sdius
2658 5607 2879 5683 reperiri
2918 5619 3032 5671 vult
3061 5622 3203 5688 apud
3239 5607 3503 5675 Joannem

280 5687 595 5825 Ll'il'riteg.
617 5766 843 5824 quartus
884 5756 1080 5826 μᾶλλον
1108 5758 1162 5810 δὲ
1191 5756 1589 5828 ὑπερυψωθείς.

352 5828 429 5887 (2)
456 5828 631 5880 Codex
672 5829 808 5881 idem
839 5828 1068 5889 ἀνάγων.

1946 5685 2079 5738 alias
2114 5698 2294 5765 voces,
2340 5700 2459 5755 qua
2519 5686 2658 5741 idem
2694 5689 2916 5743 omnino
2968 5685 3178 5755 valent,
3207 5692 3348 5759 quod
3400 5691 3512 5762 ipse.

1948 5770 2048 5808 νοχ
2082 5766 2364 5810 a'termtas.
