4026 6502
495 390 600 441 605

1826 380 1884 433 S.
1924 376 2165 430 BASILII
2206 374 2417 428 MAGNI

3616 373 3726 425 6οι

495 505 661 556 stens,
698 492 886 559 inquit,
916 491 1133 560 genitus
1168 500 1272 547 est.
1299 491 1443 560 Ergo
1479 498 1659 559 postea
1694 491 1745 542 in
1791 488 2055 543 accessio-

2164 486 2270 537 υὺκ
2302 484 2395 547 ὢν,
2432 482 2614 552 φησιν,
2648 482 2927 554 ἐγεννήθη.
2960 483 3163 537 Οὐκοῦν
3187 483 3263 553 (ὅ)
3295 482 3519 557 ὕστερον
3549 500 3726 555 προσ-

497 589 582 640 nis
608 582 763 653 251
800 583 1017 638 modum
1051 582 1263 652 genitus
1286 592 1385 637 est.
1423 580 1575 646 Quod
1605 581 1647 635 si
1680 582 1781 635 hoc
1810 594 1911 635 non
1942 586 2061 632 erat

497 676 547 728 iu
584 672 871 744 principio,
901 682 958 725 ut
997 687 1093 726 vos
1134 672 1349 738 dicitis;
1388 684 1550 741 quam
1602 685 1835 741 pugnam
1875 666 2063 722 clario-

499 780 612 819 rem
664 764 924 819 adversus
961 762 1375 836 Evangeliorum
1414 777 1577 818 voces
1610 764 1805 834 quibus
1835 758 2061 815 credidi-

496 870 635 919 mus,
665 855 837 924 possit
865 854 989 923 quis
1014 853 1345 911 ostendere?

564 944 652 998 16.
698 943 761 997 Et
789 945 1005 1012 quidem
1054 946 1137 999 cui
1184 958 1361 996 rerum
1409 958 1563 1014 mque
1591 940 1901 998 :estimatori
1927 940 2058 996 illud

495 1052 600 1090 non
648 1036 989 1105 probabitur,
1022 1034 1165 1102 quod
1195 1043 1252 1086 ut
1274 1035 1461 1091 oculus
1488 1052 1554 1089 ex
1583 1036 1715 1089 locis
1746 1031 2060 1087 illuminatis

494 1141 778 1194 egressus,
834 1126 1142 1180 necessario
1186 1125 1256 1178 ob
1306 1127 1661 1194 privationem
1718 1121 1936 1176 luminis
1991 1123 2060 1177 ab

494 1218 712 1273 actione
755 1226 964 1283 cessat;
1014 1216 1089 1271 ita
1132 1230 1347 1286 quoque
1375 1228 1425 1272 et
1461 1230 1612 1271 mens
1642 1215 1690 1270 si
1727 1212 2061 1284 imaginatio-

493 1308 656 1361 nibus
691 1316 841 1361 extra
873 1306 926 1360 id
945 1309 1084 1377 quod
1120 1316 1201 1362 est
1228 1308 1604 1377 compellatur,
1632 1306 1857 1362 veritate
1891 1306 2060 1359 instar

493 1399 771 1468 cujusdam
823 1397 958 1455 lucis
1010 1398 1316 1466 deﬁciente,
1364 1397 1605 1464 confusa,
1654 1413 1716 1453 ac
1768 1398 2058 1454 Stoliditate

494 1489 771 1554 laborans,
800 1488 1098 1558 intelligere
1138 1489 1377 1546 desinit?
1410 1488 1639 1543 Proinde
1673 1504 1845 1560 neque
1872 1490 2056 1545 oculus

490 1588 646 1633 extra
689 1578 863 1634 lucem
914 1577 1029 1631 visu
1084 1579 1283 1647 peterit
1331 1577 1432 1641 uti,
1478 1592 1653 1646 neque
1695 1580 1873 1633 anima
1903 1587 2056 1634 extra

494 1669 768 1741 Unigeniti
834 1670 1110 1723 n0tionem
1178 1670 1438 1736 abrepta,
1500 1668 1832 1740 intelligendi
1899 1684 2055 1724 usum

495 1763 717 1817 habere.
750 1757 887 1815 Nam
934 1774 967 1815 a
1019 1761 1248 1815 veritate
1299 1762 1567 1825 excidere,
1606 1762 1963 1830 quadam-est
2002 1761 2054 1815 in

2160 575 2501 646 γεγέννηται.
2538 575 2598 627 Ei
2641 574 2698 626 δὲ
2739 574 2892 627 τοῦτο
2925 580 2981 630 ἐν
3011 579 3149 650 ἀρχῇ
3190 574 3289 629 οὐκ
3322 571 3410 645 ἦν,
3442 578 3517 642 ὣς
3560 593 3724 648 φατε,

2158 666 2277 721 τίνα
2325 664 2785 737 περιφανεστέραν
2828 666 3004 737 μάχην
3042 666 3326 734 ἐπιδείξειέ
3355 683 3439 729 τις
3475 669 3552 737 (6)
3586 669 3727 741 πρὸς

2160 754 2261 819 τὰς
2282 755 2465 825 φωνὰς
2494 756 2600 811 τῶν
2626 753 2966 823 Εὐαγγελίων
2996 751 3083 819 αἷς
3107 754 3575 825 πεπιστεύκαμεν;

2230 938 2314 993 16.
2340 939 2453 992 -Καί
2482 940 2586 1010 μὴν
2609 937 2780 993 ἐκεῖνό
2800 953 2863 1006 γε
2889 937 2993 991 τίνι
3018 938 3114 989 οὐκ
3138 938 3203 991 ἂν
3230 940 3336 993 τῶν
3365 937 3724 1010 εὐγνωμόνων

2160 1028 2477 1095 σννδόξειεν,
2510 1030 2592 1083 ὅτι
2625 1031 2809 1102 ῶσπερ
2839 1028 3130 1098 ὀφθαλμὸς,
3166 1030 3271 1081 τῶν
3308 1031 3724 1103 περιλαμπομέ-

2158 1136 2262 1172 νων
2291 1118 2468 1171 τόπων
2506 1119 2749 1172 ἐκπεσὼν
2786 1120 2882 1189 (7),
2912 1118 3220 1187 ἀναγκαίως
3267 1119 3334 1172 δι’
3368 1123 3597 1195 ἐρημίαν
3627 1119 3726 1172 τοῦ

2159 1209 2331 1279 φωτὸς
2354 1210 2451 1280 τῆς
2480 1211 2755 1279 ἐνεργείας
2776 1212 3007 1277 ἵσταται,
3033 1209 3174 1263 οὕτω
3205 1209 3261 1262 δὲ
3296 1212 3387 1263 καὶ
3412 1215 3439 1264 ὁ
3467 1214 3612 1277 νοῦς,
3630 1210 3725 1264 ἐπὶ

2156 1304 2217 1357 τὸ
2249 1302 2351 1366 ἔξω
2379 1302 2472 1355 τοῦ
2496 1303 2645 1366 ὄντος
2670 1307 2787 1367 ταῖς
2813 1303 3131 1373 φαντασίαις
3159 1302 3584 1372 εἰσδιαζὸμενος,
3610 1302 3724 1358 οἷόν

2157 1411 2298 1456 τινος
2330 1394 2505 1462 φωτὸς
2545 1395 2641 1465 τῆς
2683 1395 2937 1463 ἀληθείας
2977 1392 3361 1461 ἐπιλειπούσης
3383 1391 3481 1460 (8),
3524 1412 3728 1464 συγχυ-

2158 1485 2268 1547 θεὶς
2299 1484 2390 1536 καὶ
2426 1484 2752 1556 ἀνοηταίνων
2789 1488 2884 1557 τῆς
2916 1489 3149 1558 νοήσεως
3178 1486 3465 1555 ἀπολήγει;
3498 1486 3623 1538 Οὕτ⁹
3656 1487 3725 1540 ἂν

2157 1573 2247 1631 οὖν
2272 1576 2542 1645 ὀφθαλμὸς
2565 1576 2667 1642 ἔξω
2696 1576 2789 1629 τοῦ
2823 1578 2996 1645 φωτὸς
3021 1578 3097 1650 τῷ
3128 1580 3258 1651 όρᾷν
3280 1575 3511 1648 χρῆσθαι
3543 1575 3726 1628 δύναι-

2156 1686 2235 1735 το,
2261 1667 2381 1722 οὔτε
2412 1667 2575 1738 ψυχὴ,
2612 1670 2712 1738 τῆς
2774 1668 2871 1721 τοῦ
2907 1670 3239 1737 Μονογενοῦς
3284 1667 3486 1731 ἐννοίας
3524 1684 3727 1738 παρεν-

2162 1761 2401 1832 εχθεῖσα,
2430 1762 2495 1830 τῇ
2523 1762 2704 1830 νοήσει
2733 1760 3048 1831 κεχρῆσθαι.
3098 1764 3160 1815 Ἦ
3194 1763 3302 1834 γὰρ
3349 1760 3445 1832 τῆς
3469 1757 3726 1831 ἀληθείας

494 1854 676 1908 animo
700 1851 935 1924 privatio
964 1851 1111 1905 visus
1141 1862 1303 1920 atque
1335 1852 1573 1906 caecitas.
1606 1853 1784 1918 Quare
1814 1866 1949 1906 vana
1976 1862 2059 1907 est

2164 1854 2465 1915 ἀπόπτωσις
2494 1852 2721 1923 ἀορασία
2741 1854 2855 1905 ἐστὶ
2875 1851 3106 1915 διανοίας
3130 1854 3221 1906 καὶ
3245 1854 3532 1924 τύφλωσις.
3560 1851 3725 1904 Ὥστε

493 1958 679 2011 mens,
734 1948 1137 2010 exetecataque,
1188 1950 1243 1995 et
1289 1941 1447 2009 plane
1504 1940 1856 2011 intelligentia
1912 1943 2055 1996 omni

493 2035 786 2099 destituta,
834 2048 954 2104 qua:
1001 2048 1062 2089 se
1091 2032 1377 2103 Unigcuitu
1418 2031 1724 2103 antiquiora
1772 2032 2061 2100 apprehen-

496 2127 641 2183 disse
679 2126 1001 2191 arbitratur.
1041 2125 1183 2181 haud
1217 2124 1393 2193 aliter,
1434 2125 1692 2195 atquesi
1739 2124 1859 2194 quis
1905 2124 2060 2178 oculo

495 2219 587 2290 qui
623 2219 678 2273 in
708 2217 957 2274 tenebras
991 2216 1160 2272 aciem
1201 2216 1407 2288 deﬁgit,
1437 2230 1665 2271 acumen
1704 2215 1851 2268 visus
1884 2212 2061 2269 inesse

499 2312 744 2358 testetur.
781 2300 851 2356 In
883 2300 1077 2354 lumine
1114 2302 1255 2357 enim
1290 2312 1400 2367 tuo,
1426 2301 1618 2369 inquit,
1655 2297 1935 2353 videbimus
1979 2298 2062 2353 lu-

494 2410 614 2447 men
642 2392 714 2448 ".
764 2393 865 2460 Qui
911 2403 1088 2448 autem
1140 2391 1475 2448 intellexisse
1529 2404 1589 2447 se
1641 2390 1806 2455 dicit,
1848 2392 2062 2461 quando

497 2487 733 2541 nondum
766 2495 887 2540 erat
919 2485 1130 2549 lumen;
1168 2484 1361 2540 similis
1390 2485 1457 2541 iis
1489 2491 1593 2548 est,
1625 2483 1715 2554 qui
1748 2482 1802 2538 in
1833 2482 2062 2554 phrene-

500 2580 603 2633 tiea
644 2577 840 2633 mentis
884 2576 1179 2643 emotioue,
1208 2590 1271 2631 ea
1321 2592 1440 2647 quae
1483 2591 1587 2631 non
1632 2575 1850 2639 adsunt,
1883 2574 2064 2629 videre

497 2673 601 2726 sibi
651 2672 919 2727 videntur.
977 2670 1110 2725 Nam
1156 2684 1275 2739 quae
1330 2671 1471 2723 ultra
1522 2668 1716 2722 Filium
1767 2675 1913 2733 sunt,
1954 2680 2099 2735 non.

498 2763 877 2833 intelliguntur
905 2779 919 2815 :
954 2763 1215 2831 siquidem
1247 2760 1390 2828 quod
1421 2758 1580 2813 oculo
1613 2768 1695 2811 est
1726 2759 1902 2811 lumen
1935 2772 2060 2812 seu-

497 2853 675 2918 sibile,
712 2854 813 2907 hoc
869 2853 1052 2907 animo
1099 2860 1181 2904 est
1226 2851 1363 2904 Deus
1400 2848 1656 2904 Verbum.
1710 2846 1838 2900 Erat
1889 2848 2059 2911 enim,

501 2940 696 3010 inquit,
728 2938 821 2993 tua:
868 2956 1011 3005 vera,
1056 2955 1173 3009 qua,
1222 2936 1482 2990 illuminat
1546 2949 1749 2988 omnem
1806 2934 2063 2985 hominem

500 3034 785 3087 venientem
816 3032 869 3085 in
909 3032 1044 3085 hunc
1089 3029 1339 3084 mundum
1374 3028 1441 3084 ⁸⁷.
1478 3025 1813 3098 Quapropter
1862 3022 2061 3086 anima,

500 3137 625 3190 qua:
682 3122 983 3176 illuminata
1038 3136 1142 3175 non
1197 3130 1301 3184 est,
1335 3118 1467 3173 nihil
1518 3126 1694 3188 potest
1745 3113 2059 3183 intelligere.

500 3212 780 3280 Quomodo
818 3213 980 3281 igitur
1028 3211 1166 3265 ultra
1217 3210 1438 3264 luminis
1476 3209 1872 3279 generationem
1906 3205 2063 3276 quid-

500 3317 661 3372 quam
692 3300 1073 3371 comprehendi
1108 3299 1322 3369 possit?
1358 3298 1651 3370 Oportebat
1684 3309 1883 3364 autem,
1917 3306 2066 3367 puto,

499 3410 596 3451 eos
626 3394 820 3464 quibus
846 3393 930 3449 vel
970 3393 1231 3447 tantulum
1262 3407 1404 3447 curae
1437 3402 1582 3445 esset
1612 3395 1832 3455 veritas,
1858 3401 2069 3461 postea-

502 3503 690 3557 quam,
727 3485 998 3556 corporeis
1050 3484 1493 3540 similitudinibus
1540 3482 1780 3545 omissis,
1824 3483 2070 3536 notiones

503 3581 597 3636 Dei
635 3595 731 3651 per
760 3577 1063 3633 materiales
1096 3574 1509 3642 imaginationes
1544 3572 1897 3642 coinquinare
1925 3572 2069 3625 desi-

502 3675 694 3735 issent,
720 3681 829 3726 tum
869 3672 1081 3725 demum
1119 3669 1368 3722 traditam
1401 3666 1555 3721 nobis
1584 3682 1612 3718 a
1643 3675 1831 3720 sancto
1866 3664 2069 3733 Spiritu

506 3766 826 3834 theologiam
878 3762 1051 3831 sequi,
1084 3769 1245 3829 atque
1288 3774 1387 3830 pro
1427 3759 1494 3814 iis
1528 3758 1913 3829 quaestionibus
1954 3773 2073 3828 quae

506 3858 575 3912 ab
603 3856 980 3927 :enigmatibus
1008 3853 1143 3908 nihil
1175 3854 1393 3917 absunt,
1430 3862 1487 3907 et
1521 3867 1657 3921 quas
1700 3852 1755 3906 in
1788 3862 2074 3920 utramque

504 3956 715 4018 partem
763 3947 1008 4017 accipere
1054 3944 1414 4017 periculosum
1448 3953 1554 4007 est,
1587 3942 1802 4013 dignam
1835 3941 1945 3995 Deo
1976 3955 2071 4010 ge-

504 4039 843 4094 nerationem
896 4038 1219 4109 intelligere.
1256 4036 1657 4109 impassibilem,
1697 4033 2063 4099 insecabilem,

506 4129 911 4194 indivisibilem,
948 4132 1066 4185 sine
1119 4140 1376 4198 tempore,
1412 4129 1585 4183 instar
1619 4125 2008 4199 resplendentis
2036 4141 2065 4179 a

504 4221 628 4278 luce
654 4220 807 4287 radii,
842 4220 907 4274 ad
937 4219 1174 4274 divinam
1215 4220 1620 4287 generationem
1655 4220 1876 4283 ductos;
1910 4216 2069 4273 intel-

576 4358 777 4414 "Psal.
804 4354 1078 4422 xxxv,10.
1140 4355 1184 4387 ⁸⁷
1216 4351 1373 4408 Joan.
1409 4369 1447 4420 ι,
1481 4354 1534 4407 9.

580 4527 658 4597 (ὅ)
692 4525 909 4580 Editiet
936 4525 1042 4579 duo
1070 4540 1201 4579 mss.
1240 4525 1355 4579 Οὐκ
1382 4523 1485 4597 ὢν.
1509 4521 1798 4597 interpres,
1841 4539 2069 4597 non__e.c-
2104 4530 2147 4586 Ι)

508 4593 695 4651 sistens
746 4606 924 4664 postea
961 4606 1112 4647 natus
1162 4603 1256 4648 est.
1290 4598 1359 4648 At
1391 4594 1757 4664 eodcxbtlolb.
1799 4608 1922 4648 eum
1954 4593 2067 4648 Re-

510 4667 611 4736 giis
629 4662 886 4736 secundo,
924 4665 1081 4736 tertio
1112 4673 1163 4717 et
1187 4674 1382 4732 quarto
1420 4662 1624 4715 υὺκοῦν
1668 4681 1681 4715 :
1715 4662 1943 4716 Proinde
1972 4681 2065 4731 ge-

511 4733 720 4788 neratus
744 4733 891 4787 estin
928 4734 1139 4785 modum
1170 4735 1505 4788 accessionis.
1538 4748 1653 4789 seu.
1678 4748 1767 4797 per
1804 4736 2065 4786 accessio-

512 4820 651 4866 nem,
682 4812 843 4859 recte.
885 4800 1085 4855 Ibidem
1113 4802 1217 4857 duo
1242 4818 1369 4856 mss.
1399 4801 1851 4872 προσγεγένηται.

683 4844 911 4943 ξδ’ἆῖοα
951 4872 1053 4943 (1,υο
1082 4844 1215 4943 01ιηῖ
1251 4844 1412 4927 {ludit-is
1446 4844 1738 4936 ἓπιδείξειέ
1789 4844 1895 4933 τίς.
1924 4871 2061 4943 βρε.

514 4941 778 4997 secundus
798 4941 1105 5005 ἐπιδείξειεν
1134 4941 1198 4994 ἀν
1216 4959 1319 5006 τις.
1346 4943 1445 4996 Alii
1472 4944 1576 4996 duo
1598 4956 1729 4998 mss.
1758 4941 2068 5005 ἐπιδείξαιέ

512 5012 579 5067 ἄν
602 5029 708 5076 τις.

584 5081 660 5151 (7.)
692 5082 826 5135 Editi
852 5092 903 5135 et
941 5081 1317 5151 Regaquintus
1363 5082 1633 5135 ἐκπεσών.
1667 5080 1768 5134 Alii
1802 5095 1894 5134 sex
1939 5098 2066 5135 mss.

514 5150 856 5223 ὑπερπεσών.
894 5150 1039 5205 Mox’
1070 5150 1201 5223 βίης.
1238 5154 1422 5204 tertius
1465 5154 1703 5223 secunda
1742 5167 1898 5223 manu
1932 5151 2071 5204 οὕτω

514 5222 601 5293 δή.
627 5220 832 5276 ibidem
857 5224 983 5275 editi
1002 5221 1103 5293 τοῦ
1132 5221 1317 5293 ὄντως.
1358 5223 1427 5273 At
1459 5238 1584 5275 mss.
1613 5220 1705 5272 τοῦ
1741 5220 2072 5284 δντος,ε;ῑιι·α

516 5291 624 5346 rem
648 5307 761 5359 qua:
790 5302 862 5343 est
888 5308 906 5344 :
932 5292 1011 5345 vel
1043 5291 1372 5358 simpliciter,
1410 5302 1557 5341 extra
1589 5306 1697 5342 rem
1727 5306 1743 5341 :
1793 5303 1941 5343 extra
1982 5308 2072 5343 ve-

518 5378 631 5412 rum
653 5375 670 5413 .'
692 5371 837 5413 extra
869 5378 1090 5430 a-quum.
1120 5360 1323 5417 Rursus
1349 5360 1451 5413 hoc
1476 5361 1656 5427 ipsoin
1685 5359 1801 5413 loco
1820 5361 2071 5416 duomss.

519 5430 735 5494 ἐκϐιαςό
743 5447 918 5500 μενος.

590 5502 662 5571 (8)
696 5497 831 5553 Editi
872 5510 926 5571 et
964 5515 1099 5571 unus
1138 5514 1236 5551 ms.
1270 5498 1646 5571 ἐπιλιπούσης.
1675 5497 1903 5571 Veteres
1932 5515 2069 5571 qua-

520 5569 641 5638 tutir
671 5571 785 5623 libri
812 5570 1212 5638 ἐπιλειπούσης.
1261 5570 1550 5638 Aliquanto
1594 5578 1715 5637 post
1750 5569 1881 5621 editi
1932 5570 2072 5621 Οὔτε

517 5634 631 5693 οὖν.
661 5640 882 5693 Codices
919 5642 1119 5707 aliquot
1149 5634 1277 5690 Ὀύτ⁹
1317 5634 1380 5692 ἂν
1413 5636 1526 5694 οὖν.
1552 5634 1789 5693 Siibinde
1823 5654 1949 5694 mss.
1971 5642 2075 5693 duo

517 5709 700 5780 νοήσει
729 5712 1074 5780 κεχρήσεται.
1106 5710 1208 5763 Alii
1236 5711 1451 5779 quidam
1488 5726 1617 5765 mss.
1649 5722 1770 5764 cum
1791 5709 1949 5766 editis
1983 5727 2074 5762 κε-

516 5778 767 5846 χρῆσθαι.

2161 1944 2388 2015 μάταιός
2413 1945 2527 1995 ἐστι
2555 1941 2677 2006 νοῦς
2716 1945 2808 1997 καὶ
2828 1942 3162 2010 τετύφλωται
3186 1942 3283 2013 (9),
3308 1944 3382 2013 τῷ
3409 1926 3521 1996 bim
3555 1940 3725 2013 μηδὲν

2158 2035 2533 2102 ἐπιστάμενος,
2564 2035 2592 2086 ὁ
2623 2034 2689 2087 τὰ
2728 2033 2819 2086 τοῦ
2851 2031 3183 2100 Μονογενοῦς
3216 2032 3559 2103 πρεσϐύτερα
3592 2048 3730 2085 κατ-

2159 2125 2433 2195 ειληφέναι
2462 2124 2671 2197 φρονῶν
2688 2143 2700 2155 ·
2725 2125 2914 2194 ὥσπερ
2934 2122 2997 2176 ἂν
3026 2123 3073 2175 εί
3103 2124 3197 2176 καὶ¹
3221 2122 3481 2193 ὀφθαλμῷ
3501 2140 3583 2186 τις
3609 2123 3728 2189 ὀξυ-

2158 2220 2330 2275 ωπίαν
2357 2219 2800 2292 προσμαρτυροίη
2826 2217 2959 2288 (10),
2985 2219 3095 2281 τοῖς
3122 2216 3523 2287 ἐσκοτισμένοις
3543 2219 3730 2269 ἐνατειι-

2158 2313 2373 2375 νίζοντι.
2440 2312 2541 2364 Ἐν
2592 2311 2671 2377 τῷ
2719 2312 2867 2379 φωτί
2915 2327 3031 2365 σου
3071 2309 3200 2382 γὰρ,
3229 2312 3414 2382 φησὶν,
3456 2312 3729 2379 ὀψόμεθα

2159 2402 2302 2472 φῶς.
2342 2403 2398 2454 Ὀ
2422 2402 2477 2454 δὲ
2502 2403 2560 2455 ἐν
2583 2403 2878 2473 καταλήψει
2908 2400 3002 2454 τοῦ
3030 2402 3117 2453 ὅτε
3144 2401 3295 2454 οὔπω
3313 2398 3380 2472 ἦν
3407 2402 3469 2454 τὸ
3498 2401 3611 2468 φῶς
3642 2415 3728 2465 γε-

2159 2495 2368 2565 γονέναι
2418 2493 2641 2563 φάσκων
2694 2494 3065 2565 παραπλήσιον
3103 2493 3336 2546 πέπονθε
3378 2493 3489 2562 (Η)
3526 2492 3638 2553 τοῖς
3668 2492 3728 2541 ἐν

2162 2588 2414 2641 ἐκστάσει
2449 2587 2728 2656 φρενιτικῇ
2762 2587 2890 2656 όρᾷν
2935 2580 3355 2653 φανταζομένοις
3383 2583 3452 2635 τὰ
3486 2583 3559 2653 μὴ
3588 2597 3733 2649 παρ-

2159 2678 2307 2732 όντα.
2336 2678 2415 2731 Τά
2441 2676 2547 2749 γάρ
2581 2676 2719 2747 ὑπὲρ
2741 2674 2831 2727 τὸν
2860 2674 2984 2726 Υἱὸν
3010 2673 3072 2726 ού
3105 2675 3326 2727 νοεῖται.
3366 2671 3582 2739 Ἐπειδὴ
3626 2670 3653 2722 ὅ
3676 2685 3732 2720 τι

2163 2786 2267 2839 περ
2300 2766 2560 2839 ὀφθαλμῷ
2590 2767 2647 2819 τὸ
2687 2765 2939 2837 αἰσθητόν
2985 2767 3100 2818 ἐστι
3141 2763 3277 2833 φῶς,
3325 2762 3483 2817 τοῦτο
3522 2762 3667 2831 ψυχῇ
3702 2762 3734 2812 ὁ

2162 2861 2293 2925 Θεὸς
2324 2863 2439 2914 ἐστι
2466 2861 2654 2928 Λόγος.
2688 2853 2796 2913 Ἦν
2828 2857 2955 2928 γὰρ,
2992 2856 3142 2927 φησὶ,
3178 2855 3245 2910 τὸ
3268 2854 3393 2924 φῶς
3421 2854 3487 2908 τὸ
3524 2855 3735 2919 ἀληθι-

2162 2950 2293 3015 νὸν,
2340 2950 2373 3003 ὃ
2424 2946 2649 3019 φωτίζει
2695 2948 2890 3001 πάντα
2934 2947 3243 3016 ἄνθρωπον
3283 2946 3610 3014 ἐρχόμενον
3643 2944 3733 3007 είς

2162 3041 2268 3095 τὸν
2297 3042 2528 3109 κόσμον
2594 3040 2754 3093 Ὥστε
2783 3038 3082 3106 ἀφώτιστος
3122 3035 3265 3105 ψυχὴ
3312 3035 3567 3095 ἀδύνατός
3615 3035 3735 3085 ἐστι

2167 3133 2299 3204 πρὸς
2328 3133 2529 3202 νόησιν.
2565 3131 2686 3191 Πῶς
2722 3130 2785 3182 ἂν
2811 3126 2901 3181 οὖν
2949 3128 3017 3180 τὰ
3054 3126 3307 3197 ὑπεράνω
3335 3125 3433 3194 τῆς
3466 3123 3735 3191 γενέσεως

2164 3222 2255 3275 τοῦ
2296 3221 2469 3291 φωτὸς
2518 3218 2922 3288 καταληφθείης
2957 3218 3109 3288 Χρῆν
3143 3217 3220 3280 δὲ,
3264 3212 3435 3285 οἶμαι,
3474 3215 3596 3277 τοὺς
3637 3212 3735 3266 καὶ

2168 3315 2360 3387 μικρὸν
2391 3312 2519 3383 γοῦν
2551 3315 2649 3384 τῆς
2686 3310 2941 3383 ἀληθείας
2968 3309 3410 3381 πεφροντικότας,
3430 3306 3735 3374 ἀφεμένους

2164 3407 2273 3460 τῶν
2318 3404 2641 3475 σωματικῶν
2688 3401 3019 3474 ὁμοιώσεων,
3065 3402 3159 3454 καὶ
3207 3399 3301 3452 τοῦ
3354 3401 3473 3461 ταῖς
3522 3396 3736 3456 ὑλικαίς

2166 3498 2485 3569 φαντασίαις
2524 3496 2624 3558 τὰς
2661 3495 2789 3564 περὶ
2825 3491 2958 3545 Θεοῦ
3007 3492 3213 3553 ἐννοίας
3250 3488 3734 3562 καταρρυπαίνειν,

2166 3590 2277 3650 τοῖς
2323 3587 2471 3656 παρᾶ
2501 3585 2592 3638 τοῦ
2626 3585 2779 3651 ἁγίου
2814 3582 3128 3653 Πνεύματος
3162 3579 3575 3651 παραδοθείσαις
3603 3579 3737 3647 ἡμῖν

2169 3678 2465 3745 Οεολογίαις
2523 3675 2852 3737 ἀκολουθεῖν,
2904 3675 2997 3727 καὶ
3046 3672 3167 3727 ἀντὶ
3224 3670 3352 3729 τῶν,
3371 3669 3740 3739 ἐρωτημάτων

2167 3769 2388 3831 τούτων,
2419 3768 2454 3821 ἂ
2484 3768 2591 3820 τῶν
2624 3767 2833 3839 γρίφων
2880 3766 2993 3837 (ιε)
3037 3765 3187 3817 οὐδὲν
3223 3762 3597 3821 ἀπολείπεται,
3631 3762 3735 3831 τὴν

2167 3861 2250 3929 ἐφ’
2276 3860 2512 3930 ἑκάτερα
2543 3860 2805 3929 ὑπόληψιν
2827 3857 3159 3911 ἐπικίνδυνον
3188 3855 3438 3924 ἐχόντων,
3461 3855 3600 3906 νοεῖν
3637 3852 3737 3922 μὲν

2169 3952 2324 4018 ἀξίαν
2362 3951 2454 4004 τοῦ
2478 3949 2612 4003 Θεοῦ
2652 3949 2902 4018 γέννησιν
2931 3945 3137 4015 ἀπαθῆ,
3156 3944 3470 4015 ἀμέριστον,
3494 3944 3751 4013 ἀδιαίρεθ

2168 4061 2258 4098 τον
2291 4044 2426 4113 (l5),
2458 4043 2703 4115 ἄχρονον,
2741 4041 2883 4095 κατά
2916 4041 3013 4110 τὴν
3043 4038 3471 4107 ἀπολάμπονσαν
3497 4038 3592 4090 τοῦ
3626 4054 3741 4104 φω-

2169 4134 2260 4198 τὸς
2295 4135 2467 4205 αὐγὴν
2489 4137 2555 4205 τῇ
2586 4133 2703 4204 θείᾳ
2732 4132 2978 4203 γεννήσει
3008 4129 3477 4201 προσαγομένους-
3512 4129 3653 4179 νοεῖν
3684 4125 3741 4177 δὲ

2172 4223 2352 4277 εἰκόνα
2382 4223 2475 4277 τοῦ
2508 4222 2641 4277 Θεοῦ
2676 4222 2768 4277 τοῦ
2797 4221 3047 4294 ἀοράτον,
3080 4220 3141 4273 οὐ
3176 4219 3314 4273 κατά
3348 4219 3445 4281 τὰς
3477 4215 3741 4287 temtari;

2246 4523 2325 4594 (9)
2351 4524 2568 4591 Antiqui
2606 4525 2710 4578 duo
2739 4524 2858 4578 libri
2882 4540 2975 4579 και
3007 4523 3334 4593 τετύφωται,
3366 4533 3414 4576 et
3442 4523 3628 4592 inﬂata
3656 4523 3741 4576 ni-

2170 4593 2245 4646 hil
2260 4593 2474 4665 omnino
2498 4595 2759 4663 inlelligit.
2785 4594 2938 4653 Illud.
2968 4594 3046 4665 τῷ
3078 4594 3219 4659 ὄντι,
3252 4596 3303 4647 in
3347 4594 3509 4665 editis
3560 4594 3739 4647 locum

2168 4662 2468 4728 occupabat
2513 4678 2614 4716 non
2647 4662 2823 4727 suum,
2858 4665 2933 4732 uti
2968 4662 3035 4718 ex
3067 4679 3197 4721 mss.
3224 4664 3592 4732 cognovimus.

2239 4733 2354 4817 (ιο)
2386 4733 2523 4787 Editi
2555 4731 2969 4805 προσμαρτύρῃ.
3010 4733 3155 4789 Libri
3186 4731 3399 4787 veteres
3444 4749 3740 4804 προσμαρ-

2168 4820 2387 4856 τυοοιη.

2241 4820 2558 4943 ῗῗίῗῖἒοόρι
2586 4872 2737 4927 Colh.
2768 4884 2819 4929 et
2849 4872 2981 4943 Reg.
3008 4875 3198 4927 tertius
3236 4871 3617 4943 παραπλήσιος
3648 4874 3743 4941 τὲ-

2170 4942 2313 5014 γονε.
2346 4942 2539 5014 Statim
2573 4958 2701 4997 mss.
2724 4944 2828 4997 duo
2844 4942 3026 5014 ἐπειδὴ
3050 4946 3131 4997 ὅτι
3164 4942 3326 5014 ὅπερ.
3345 4942 3581 4998 Subinde
3606 4946 3738 4997 editi

2169 5011 2328 5084 τοῦτο
2350 5012 2554 5084 ψυχῆς.
2586 5014 2800 5080 Antiqui
2828 5014 2945 5067 libri
2974 5011 3142 5084 eam.
3173 5011 3337 5084 recte.

2246 5083 2358 5151 (12)
2393 5081 2802 5137 Ineditionibus
2845 5081 3116 5137 veteribus
3154 5082 3428 5147 legebatur
3466 5081 3572 5135 τῶν
3601 5099 3741 5153 γρα-

2175 5152 2291 5219 φῶν
2326 5168 2338 5203 :
2372 5153 2464 5206 sed
2490 5153 2569 5203 vir
2616 5153 3015 5207 eruditissimus
3049 5154 3270 5205 Uuezuus
3309 5162 3453 5207 recle
3476 5152 3742 5217 judicavit

2177 5222 2454 5292 legendum
2485 5236 2603 5275 esse
2635 5236 2700 5275 ex
2731 5221 2864 5289 Reg.
2903 5222 3140 5276 secundo
3174 5221 3282 5273 τῶν
3325 5222 3537 5292 γρίφων
3569 5237 3583 5272 :
3641 5237 3742 5275 nec

2177 5294 2334 5345 aliter
2359 5292 2410 5411 in
2448 5292 2670 5359 reliquis
2700 5292 2900 5346 nostris
2932 5308 3062 5347 mss.
3101 5292 3293 5362 legitur
3318 5308 3475 5361 quant
3516 5293 3570 5346 in
3601 5292 3737 5359 Heg.

2177 5376 2356 5411 SRCUI‘H
2378 5375 2430 5411 0.

2174 5375 2430 5416 secundo.

2244 5429 2355 5501 (15)
2385 5428 2497 5482 Vox
2523 5429 2823 5501 ἀδιαίρετον
2856 5430 2908 5483 in
2941 5430 3208 5500 aliquibus
3238 5444 3367 5485 mss.
3400 5429 3740 5494 decst.Quod

2244 5447 2355 5501 (ιο)
2394 5447 2497 5482 vox
2523 5447 2663 5482 αοιαι
2705 5447 2823 5482 ετον
2857 5447 2908 5483 ιιι
2941 5447 3208 5500 anqumus
3238 5447 3367 5485 mss.
3400 5447 3737 5494 occsuuuou

2175 5502 2601 5571 εεαυὶιιιι-,ίκατὰ
2622 5447 2745 5571 τξν,
2774 5513 2911 5565 etc.,
2944 5504 3023 5555 sic
3071 5502 3441 5571 accipiendum
3490 5514 3611 5571 esse
3645 5514 3737 5551 ar-

2174 5570 2343 5623 bitror
2376 5586 2390 5624 :
2433 5570 2583 5623 Adeo
2607 5569 2757 5624 ul'ad
2787 5572 3024 5623 divinam
3062 5569 3737 5640 getierationem_deduce-

2177 5651 2381 5712 remur,
2417 5654 2537 5712 eam
2566 5641 2666 5696 sibi
2700 5643 2884 5697 animo
2906 5637 3170 5712 tingentes
3193 5642 3362 5694 instar
3391 5637 3528 5693 radii
3559 5653 3591 5691 a
3617 5638 3742 5691 luce

2178 5709 2591 5777 resplendentis.
