4026 6434
311 359 420 413 (ι.ἲὸ

365 362 420 411 35
1411 355 1774 409 ADVERSUS
1813 352 2177 411 EUNOMIUM
2223 355 2346 408 LIB.
2385 357 2447 409 ll.

3454 363 3559 416 606

306 477 515 539 ταύτας
547 474 768 551 ὕστερον
807 474 1245 548 ἀπεργασθείσαν
1288 476 1422 548 πρὸς
1457 479 1521 529 τὸ
1563 477 1832 547 ἀρχέτυπο

1941 479 1963 530 ι
1995 472 2163 538 ligare
2209 473 2389 527 itidem
2439 472 2725 543 imaginem
2765 475 3049 530 Invisibilis
3079 474 3190 540 Dei,
3225 489 3328 527 non
3365 489 3557 529 secun-

305 566 446 621 ἀλλὰ
483 571 930 640 συνυπάρχουσαν
973 568 1066 620 καὶ
1099 570 1580 639 παρυφεστηκυῖαν
1630 567 1706 638 τῷ
1739 585 1885 637 πρω-

315 659 527 730 τοτύπῳ
575 663 958 731 ὑποστήσαντι,
1013 661 1089 732 τῷ
1135 658 1272 716 εἶναι
1320 660 1380 713 τὸ
1426 661 1749 730 ἀρχέτυπον,
1803 656 1885 713 οὗ·

306 765 410 802 σαν
460 753 592 819 (Ἠ),
653 753 752 804 οὐκ
811 754 1213 808 ὲκτυπωθεῖσαν
1268 754 1352 806 διὰ
1409 755 1710 824 μιμήσεως,
1772 753 1880 805 ὦσ-

302 854 410 912 περ
431 842 542 909 (15)
560 843 616 891 ἐν
643 840 896 908 σφραγῖδί
921 859 1023 895 τινι
1052 847 1151 914 τῆς
1176 844 1302 911 ὅλης
1328 840 1539 909 φύσεως
1552 844 1642 896 τοῦ
1669 842 1880 913 Πατρὸς

299 929 848 1001 ὲναποσημανθείσης
890 934 965 1005 τῷ
1007 935 1136 1004 Υἰῴ.
1178 935 1240 986 Εἰ
1270 933 1324 984 δὲ
1352 932 1548 1002 βούλει,
1583 934 1743 987 ὁποία
1770 933 1878 987 τῶν

295 1024 504 1092 τεχνῶν
561 1025 592 1092 ἡ
637 1023 924 1090 ὑπόστασις
972 1029 1083 1094 (lli)
1130 1028 1193 1077 ἐκ
1240 1024 1344 1076 τῶν
1383 1025 1738 1079 διδασκόντων
1781 1026 1873 1095 ὅλη

293 1119 411 1176 τοῖς
446 1105 904 1189 μαθητευομένοις
934 1115 1256 1187 ἐγγινομένη
1279 1135 1293 1149 ο
1333 1118 1453 1172 οὔτε
1492 1119 1766 1180 λείποντός
1792 1136 1873 1170 τι-

292 1223 388 1269 νος
414 1213 521 1270 τοῖς
551 1209 877 1276 διδάσκουσι,
913 1214 1008 1264 καὶ
1038 1211 1136 1279 τῆς
1168 1210 1494 1271 τελειώσεως
1534 1211 1645 1271 τοῖς
1676 1211 1868 1279 ἐκμαν-

292 1295 516 1350 Θάνουσι
581 1302 1031 1372 προσγινομένης.
1087 1302 1155 1353 Ἢ
1207 1308 1363 1355 τοῦτο
1417 1299 1515 1369 μὲν
1571 1301 1668 1352 οὐκ
1718 1302 1874 1370 ἀκρι-

290 1383 389 1448 δὲς
436 1388 570 1458 πρὸς
597 1392 853 1460 ὁμοίωσιν
906 1389 992 1442 διὰ
1041 1390 1138 1462 τὴν
1179 1391 1272 1444 τοῦ
1306 1388 1497 1460 χρόνον
1541 1391 1866 1461 παράτασιν,

289 1480 632 1552 (,)ίκειὸτερον
678 1483 734 1535 δὲ
793 1483 998 1545 εἰπεῖν,
1063 1485 1145 1538 ὅτι
1206 1484 1365 1536 ὁποία
1420 1479 1527 1532 τῶν
1586 1484 1870 1554 νοημάτων

288 1574 324 1643 ἡ
363 1575 524 1642 φύσις
549 1579 658 1639 τοῖς
690 1574 785 1627 τοῦ
813 1575 904 1629 νοῦ
935 1580 1225 1650 κινήμασιν
1266 1574 1508 1646 ἀχρόνους
1545 1592 1868 1646 συνυφίστα’

291 1667 452 1738 μὲνη.

359 1848 444 1901 17.
485 1850 589 1901 Καὶ
627 1851 814 1921 μηδείς
848 1871 936 1922 μοι
967 1855 1367 1922 συκοφαντείτω
1399 1859 1488 1911 τὸν
1522 1859 1696 1926 λόγον,
1727 1866 1777 1916 ει
1805 1879 1856 1915 τι
1888 1833 1930 1888 Β

283 1939 394 2014 τῶν
423 1941 831 2011 ὑποδειγμάτων
865 1945 937 2014 μὴ
969 1945 1143 2016 πάντη
1177 1965 1236 1999 συ
1247 1949 1460 2017 μϐαίνοι
1493 1955 1604 2014 τοῖς
1635 1970 1856 2022 προκει-

281 2032 486 2104 μένοις.
545 2036 676 2087 Οὐδὲ
727 2036 832 2106 γὰρ
885 2037 1108 2092 δυνατὸν
1169 2040 1239 2092 τὰ
1300 2043 1470 2113 μικρὰ
1528 2045 1621 2096 καὶ
1682 2047 1856 2113 φαῦλα

273 2130 396 2189 τοῖς
420 2126 583 2192 θείοις
613 2130 706 2182 καὶ
728 2130 914 2194 ἀϊδίοις
949 2131 1084 2202 μετὰ
1114 2133 1397 2203 ἀκριϐείας
1420 2136 1704 2205 ἁρμόζειν,
1742 2138 1853 2191 ἀλλ’

274 2220 404 2272 ὅσον
454 2221 670 2289 ἐλέγξαι
717 2224 816 2294 τὴν
862 2225 1142 2294 εἰρωνείαν
1198 2226 1306 2278 τῶν
1353 2228 1413 2279 ού
1447 2227 1756 2299 δυναμένων
1790 2230 1853 2301 δὴ

275 2313 536 2390 γέννησιν.
587 2313 767 2383 ἀπαθῆ
816 2319 879 2384 τῇ
945 2318 1151 2388 διανοίᾳ
1199 2319 1400 2372 λαϐεῖν.
1427 2320 1604 2373 Είκὼν
1668 2321 1723 2374 δὲ
1778 2324 1854 2375 εἴ·

277 2419 438 2471 ρηται
464 2406 554 2457 καὶ
577 2405 722 2456 ἔστιν
748 2408 775 2458 ὁ
805 2406 928 2468 Υἱὸς
949 2409 1197 2478 γεννητὴ,
1237 2413 1328 2462 καὶ
1362 2414 1700 2482 ἀπαύγασμὰ
1734 2417 1844 2468 ἐστι

268 2495 372 2562 τῆς
438 2494 594 2567 δόξης
657 2498 750 2551 τοῦ
819 2499 975 2562 Θεοῦ,
1041 2502 1133 2552 καὶ
1192 2503 1370 2567 σοφία,
1445 2505 1539 2556 καὶ
1600 2506 1846 2575 δύναμις,

270 2586 366 2636 καὶ
398 2585 708 2659 δικαιοσύνη
741 2589 896 2654 Θεοῦ,
950 2592 1047 2661 οὐχ
1094 2592 1169 2655 ὡς
1215 2592 1347 2658 ἕξις,
1391 2594 1510 2646 οὐδὲ
1549 2594 1623 2656 ὡς
1661 2597 1848 2667 ἐπιτη-

267 2677 499 2747 δειότης,
550 2680 662 2732 ἀλλ’
705 2683 859 2736 οὐσία
903 2683 1050 2746 ζῶσα
1108 2685 1199 2736 καὶ
1240 2685 1488 2755 ἐνεργὴς,
1537 2686 1630 2738 καὶ
1679 2687 1848 2739 ἀπαύ-

266 2772 460 2842 γασμά
524 2775 638 2825 ἐστι
698 2775 797 2844 τῆς
839 2775 996 2844 δόξης
1040 2775 1131 2827 τοῦ
1173 2777 1329 2830 Θεοῦ,
1372 2777 1570 2848 Διόπερ
1610 2778 1703 2831 καὶ
1727 2777 1845 2832 ὅλον

263 2862 327 2914 ἐν
373 2863 549 2933 ἐαυτῷ
593 2865 830 2917 δείκνυσι
874 2866 964 2916 τὸν
1014 2866 1251 2936 Πατέρα,
1295 2867 1353 2932 ἐξ
1381 2868 1506 2939 ὅλης
1549 2871 1712 2923 αὑτοῦ
1745 2873 1844 2941 τῆς

264 2952 424 3021 δόξης
449 2954 836 3021 ἁπαυγασθείς.
875 2955 984 3026 Τὴν
1015 2957 1191 3008 τοίνυν
1241 2958 1397 3024 δόξαν
1448 2960 1540 3012 τοῦ
1573 2961 1707 3013 Θεοῦ
1764 2961 1837 3034 μὴ

263 3044 411 3115 ἔχειν
445 3046 784 3115 ἀπαύγασμα
809 3047 1009 3114 λέγειν,
1046 3048 1076 3118 ἦ
1107 3049 1204 3118 τὴν
1235 3050 1427 3117 σοφίαν
1473 3051 1566 3103 τοῦ
1599 3052 1732 3105 Θεοῦ
1766 3053 1839 3124 μὴ

1985 565 2110 615 dum
2164 565 2258 616 bas
2317 564 2638 619 artiﬁciosas
2692 565 2852 634 252
2906 568 3163 636 imagines
3231 568 3427 621 exinde
3493 569 3555 621 ad

1983 656 2258 725 exemplar
2301 657 2652 721 elaboratam,
2687 658 2778 710 sed
2829 659 3176 714 exsistentem
3231 669 3393 728 alque
3439 660 3538 712 sub

1983 748 2266 800 sisteutetn
2319 763 2440 799 cum
2490 749 2782 818 archetypo
2813 748 2952 815 quod
2985 764 3102 801 eam
3138 754 3407 817 produxit.
3439 766 3551 819 qua:

1979 855 2042 893 ex
2089 841 2189 893 hoc
2238 850 2323 892 est
2371 841 2509 906 quod
2545 852 2629 895 est
2660 842 3009 912 archetypum
3046 860 3057 894 :
3094 857 3210 909 qua:
3252 860 3347 911 per
3388 844 3534 897 imita

1981 931 2179 983 tionem
2238 947 2498 999 expressa
2559 949 2662 986 non
2716 943 2818 998 est,
2865 942 2968 985 tota
3030 933 3207 985 Patris
3256 946 3442 987 initura
3497 935 3548 988 in

1975 1023 2112 1076 Filio
2138 1024 2281 1076 velut
2304 1025 2355 1077 in
2382 1025 2562 1095 aliquo
2593 1027 2769 1094 sigillo
2801 1027 3083 1094 impressa.
3117 1025 3266 1091 Quod
3292 1027 3332 1077 si
3363 1028 3546 1089 mavis,

1974 1117 2150 1183 qualis
2179 1127 2260 1169 est
2291 1119 2487 1170 artium
2529 1119 2827 1171 substantia
2861 1134 2926 1173 ex
2958 1118 3274 1170 docentibus
3307 1117 3356 1168 in
3389 1118 3542 1170 disci-

1973 1211 2127 1276 pulos
2160 1211 2429 1264 transiens
2468 1221 2600 1275 tota,
2635 1212 2771 1266 adeo
2799 1221 2856 1265 ut
2885 1226 3058 1279 neque
3089 1210 3227 1265 desit
3257 1211 3545 1281 quidquam

1973 1302 2314 1365 docentibus,
2358 1312 2411 1355 et
2464 1303 2725 1370 perfectio
2761 1305 3129 1360 ediscentibus
3163 1306 3405 1357 accedat.
3439 1304 3543 1358 Ca:-

1973 1395 2218 1462 leroquiu
2268 1397 2367 1451 hoc
2414 1395 2820 1450 similitudinem
2849 1399 3141 1466 perfectam
3173 1412 3278 1452 non
3307 1397 3542 1462 exhibet,

1969 1485 2044 1545 ob.
2069 1488 2326 1553 temporis
2360 1503 2589 1541 moram.
2626 1487 2732 1542 Sed
2769 1488 2893 1542 illud
2923 1490 3334 1545 convenientius
3369 1498 3540 1559 potest

1969 1575 2071 1628 dici
2104 1593 2117 1627 :
2147 1578 2318 1643 qualis
2345 1590 2427 1631 est
2452 1578 2840 1649 cogitationum
2874 1589 3066 1632 natura
3101 1597 3203 1634 una
3234 1596 3356 1635 cum
3388 1595 3538 1635 mcu-

1972 1667 2039 1719 tis
2086 1667 2318 1720 motibus
2360 1669 2494 1722 citra
2544 1669 2704 1724 ullam
2749 1673 3009 1738 temporis
3055 1669 3366 1725 dilationem
3417 1684 3531 1724 con-

1968 1759 2182 1813 sistens.

2033 1852 2120 1906 17.
2156 1851 2266 1907 Nec
2309 1853 2591 1922 quisquam
2654 1856 2784 1910 mihi
2831 1856 2973 1910 hunc
3007 1867 3307 1910 sermonem
3343 1853 3534 1908 calum.

1961 1947 2109 2001 niose
2142 1946 2380 2013 objiciat,
2424 1948 2467 2002 si
2512 1947 2638 2014 quid
2671 1949 2722 2001 in
2756 1949 3017 2017 exemplis
3040 1965 3143 2003 non
3172 1947 3392 2001 omnino
3412 1962 3533 2015 pro-

1957 2042 2131 2104 posito
2161 2039 2470 2091 conveniat.
2507 2037 2691 2107 Neque
2721 2039 2860 2092 enim
2903 2040 3017 2092 lieri
3050 2048 3246 2105 potest,
3279 2047 3338 2091 ut
3368 2051 3530 2105 parva

1960 2143 2021 2181 ac
2049 2130 2174 2183 vilia
2206 2130 2404 2184 divinis
2433 2140 2595 2200 atque
2627 2132 2843 2183 mternis
2866 2131 3101 2198 perfecte
3126 2131 3531 2183 accommoden-

1956 2230 2042 2272 tur
2072 2237 2085 2273 :
2115 2222 2205 2273 sed
2238 2231 2495 2288 quantum
2527 2221 2657 2274 satis
2684 2230 2786 2281 est,
2823 2233 2873 2274 ut
2896 2219 3257 2276 dissimulatio
3287 2222 3528 2275 confute-

1955 2321 2042 2364 tur
2091 2326 2301 2377 eorum,
2357 2313 2451 2381 qui
2513 2313 2917 2382 generationem
2975 2314 3360 2384 impassibilem
3420 2329 3525 2368 non

1952 2413 2157 2474 quettut
2209 2413 2386 2459 mente
2431 2406 2735 2472 concipere.
2780 2406 2958 2476 Imago
3009 2417 3189 2460 autem
3226 2406 3400 2460 dictus
3444 2417 3524 2461 est

1952 2497 2138 2561 Filius,
2160 2505 2217 2549 et
2235 2506 2317 2550 est
2338 2497 2512 2565 imago
2534 2497 2734 2564 genita,
2756 2506 2810 2550 et
2830 2498 3086 2566 splendor
3106 2509 3187 2552 est
3205 2499 3384 2567 gloria:
3406 2500 3522 2560 Dei,

1950 2602 2005 2642 et
2035 2589 2323 2657 sapientia,
2349 2597 2403 2641 et
2429 2589 2692 2656 potentia,
2713 2589 2987 2657 etjuslitia
3016 2590 3129 2653 Dei,
3165 2607 3266 2643 non
3293 2602 3348 2644 ut
3371 2594 3522 2648 babi-

1953 2687 2058 2740 tus,
2095 2691 2269 2747 neque
2301 2685 2357 2731 ut
2382 2678 2649 2746 aptitudo,
2682 2680 2773 2733 sed
2817 2679 3113 2734 substantia
3152 2682 3266 2734 \‘iVu
3301 2691 3354 2736 et
3390 2698 3521 2752 0pc-

1947 2784 2094 2833 rans,
2114 2784 2176 2824 ac
2202 2769 2462 2839 Splendor
2478 2770 2662 2838 gloriae
2692 2773 2802 2825 Dei.
2824 2771 3164 2841 QuaprOpter
3187 2785 3240 2826 et
3271 2785 3438 2828 totum
3467 2777 3517 2828 iu

1944 2863 2120 2930 seipse
2151 2863 2361 2916 Patrem
2399 2862 2653 2925 ostendit,
2699 2876 2765 2914 ex
2805 2872 2910 2916 tota
2957 2865 3074 2931 ejus
3109 2865 3392 2934 majestate
3431 2880 3519 2921 re-

1944 2956 2248 3026 splendens.
2285 2954 2453 3021 Quam
2509 2956 2798 3009 absurdum
2850 2965 2933 3010 est
2991 2972 3122 3025 ergo
3171 2961 3370 3020 dicere,
3401 2959 3517 3028 glo-

1943 3047 2079 3099 riam
2122 3046 2211 3100 Dei
2253 3061 2356 3099 non
2405 3046 2604 3099 habere
2651 3047 3010 3113 splendorem,
3048 3059 3140 3099 aut
3197 3050 3514 3117 sapientiam

265 3139 505 3191 συνεῖναί
539 3157 664 3191 ποτε
695 3138 770 3209 τῷ
799 3138 936 3209 Θεῷ,
976 3141 1154 3209 πάσης
1177 3141 1275 3210 τῆς
1314 3142 1579 3207 ἀτοπίας;
1621 3143 1760 3196 Ἀλλ’
1790 3147 1832 3197 el

1946 3137 2035 3191 Dei
2062 3137 2352 3205 aliquando
2379 3152 2482 3189 una
2514 3152 2637 3189 cum
2671 3137 2778 3190 Deo
2813 3151 2916 3190 non
2949 3137 3275 3192 fuisse?Setl
3311 3142 3353 3194 si
3379 3152 3513 3201 erat.

261 3223 353 3298 ἦν,
387 3230 568 3297 φησιν,
595 3230 652 3280 ού
678 3229 1012 3299 γεγέννηται.
1049 3231 1491 3302 ’Λποκρινώμεθα
1517 3232 1693 3285 τοίνυν
1735 3235 1836 3298 ὅτι,

272 3319 490 3390 Ἐπειδὴ
515 3320 852 3391 γεγέννηται,
884 3317 1084 3391 ἧνόὑκ
1108 3323 1397 3392 ἀγέννητον
1427 3325 1562 3394 ἔχων
1588 3325 1647 3377 τὸ
1678 3322 1834 3390 εἶναι,

260 3412 336 3464 ὢν
365 3412 422 3463 δὲ
453 3413 538 3463 ἀεὶ
573 3415 664 3464 καὶ
717 3413 888 3465 συνὼν
916 3413 993 3482 τῷ
1024 3415 1218 3483 "arpi,
1257 3415 1314 3478 ἐξ
1353 3409 1412 3466 οὗ
1447 3419 1541 3470 καὶ
1576 3419 1685 3486 (17)
1736 3419 1832 3490 τὴν

259 3503 442 3555 αἰτίαν
473 3503 572 3570 τῆς
621 3504 905 3571 ὑπάρξεως
946 3503 1076 3574 ἔχει.
1120 3506 1256 3557 Πότε
1312 3502 1403 3558 οὖν
1456 3509 1533 3569 εἰς
1579 3509 1638 3559 τὸ
1693 3505 1828 3562 εἶναι

259 3596 414 3665 παρὰ
445 3595 538 3648 τοῦ
566 3596 773 3667 [ἰατρὸς
807 3598 1057 3668 παρήχθη
1086 3615 1098 3661 ;
1141 3598 1255 3666 Ἀφ’
1283 3592 1341 3652 οὗ
1375 3599 1518 3650 ἐστιν
1549 3602 1577 3650 ὀ
1606 3601 1828 3670 Πατήρ;

270 3689 409 3739 Ἀλλ’
435 3688 492 3753 ἐξ
520 3689 706 3750 ἀϊδίου,
739 3688 920 3758 φησὶν,
953 3690 980 3740 ὁ
1012 3690 1228 3760 Πατήρ·
1260 3688 1318 3753 ἐξ
1343 3690 1509 3743 ἀϊδίου
1532 3693 1708 3746 τοίνυν
1740 3694 1832 3746 καὶ

256 3781 284 3832 ὁ
311 3780 456 3842 Υἱὸς,
487 3781 755 3851 γεννητὼς
779 3785 843 3852 τῇ
871 3783 1165 3852 ἀγεννησία
1200 3783 1292 3835 τοῦ
1324 3782 1534 3853 Πατρὸς
1561 3785 1827 3838 συναπτό-

261 3889 444 3941 μενος.
469 3873 588 3924 ’Ὁτι
621 3874 675 3924 δὲ
693 3870 846 3938 οὗτος
872 3876 968 3944 οὐχ
995 3876 1262 3945 ἡμέτερος
1287 3877 1314 3928 ὁ
1341 3875 1518 3943 λόγος,
1550 3877 1718 3937 αὑτὰς
1733 3877 1832 3940 τὰς

254 3964 414 4032 ἁγίου
447 3963 757 4033 Πνεύματος
787 3966 966 4018 φωνὰς
996 3967 1177 4019 αὐτοῖς
1198 3965 1562 4038 παρεξόμεθα.
1609 3969 1701 4020 Ἐκ
1725 3969 1823 4038 μὲν

328 4191 440 4261 (Η)
468 4191 620 4246 Hune
648 4193 824 4248 locum
853 4195 1123 4252 dilIieilem
1153 4210 1274 4250 esse
1295 4195 1378 4250 vel
1407 4210 1471 4249 ex
1513 4210 1578 4249 eo
1612 4194 1811 4247 intelli-

253 4264 417 4336 gitur,
451 4265 590 4331 quod
624 4279 725 4336 non
756 4281 944 4333 parum
990 4267 1190 4336 negotii
1236 4266 1468 4320 librariis
1503 4265 1814 4318 exhibuisse

254 4334 504 4384 videatur
534 4349 549 4385 :
587 4335 784 4402 quippe
838 4337 926 4390 alii
961 4334 1118 4391 aliter
1146 4351 1268 4390 eum
1308 4336 1597 4390 emendare.
1632 4336 1810 4388 conati

250 4413 402 4454 sunt.
450 4402 698 4458 Fortasse
727 4407 957 4460 alienum
989 4424 1091 4461 non
1118 4408 1297 4464 fuerit.
1321 4407 1421 4459 etsi
1454 4407 1687 4475 longum,
1724 4422 1814 4456 va-

252 4477 365 4544 rias
392 4488 580 4529 omnes
601 4475 859 4530 lectiones
895 4478 946 4530 in
982 4478 1215 4532 medium
1256 4476 1518 4544 proferre,
1557 4485 1633 4536 ut.
1663 4477 1804 4544 quod

247 4543 516 4605 optimum
555 4554 656 4608 est,
695 4547 759 4600 ab
799 4547 1026 4602 eruditis
1064 4543 1371 4602 hominibus
1415 4547 1562 4611 seligi
1609 4543 1795 4614 possit.

248 4614 393 4666 Editi
450 4615 610 4681 igitur
649 4616 723 4668 ita
759 4619 957 4671 habent
992 4637 1005 4671 :
1053 4617 1190 4670 ἀλλά
1231 4618 1680 4687 συνυπάρχουσαν
1714 4618 1805 4687 καὶ

247 4689 727 4758 παρ-ἀφεστηκυῖαν
774 4688 851 4758 τῷ
877 4687 1239 4758 ῌπρωτοτύπῳ
1288 4686 1668 4757 ὑποστήσαντι,
1716 4686 1807 4738 τοῦ

246 4749 388 4805 εἶναι
416 4749 1029 4826 τὺ-ἀρχέτυπονξοῦσξιν.
1059 4758 1192 4823 Reg.
1212 4749 1426 4825 'primus
1460 4749 1809 4826 παρυφεστη-

245 4827 406 4898 κυῖαν
431 4824 506 4892 τῷ
539 4821 644 4898 sies
680 4827 755 4896 τῷ
787 4828 1124 4898 πρωτοτύπῳ
1143 4821 1510 4896 ύτὲοστήσαντι
1536 4821 1804 4898 τῴεἷναι,

247 4895 458 4965 reliqua
492 4895 620 4947 utin
664 4895 910 4965 vulgatis.
950 4899 1047 4953 Hic
1084 4895 1256 4950 notari
1301 4895 1498 4965 potest,
1546 4910 1701 4965 voces
1727 4897 1803 4964 τῷ

246 4963 368 5036 ὑπό-
397 4965 675 5036 manifeste
719 4963 1034 5036 redundare:
1085 4969 1213 5035 Reg.
1247 4963 1515 5036 secundus
1542 4964 1619 5034 τῷ
1654 4963 1802 5036 apta-

243 5033 463 5106 τοτύπῳ
487 5035 847 5106 ὑποπήσαντι
881 5036 940 5088 τὸ
983 5033 1140 5098 εἶναι,
1170 5033 1386 5105 reliqua
1425 5045 1483 5089 ut
1531 5033 1799 5106 iueditis.

248 5103 381 5171 Reg.
415 5101 601 5158 tertius
648 5101 820 5174 prima
879 5123 1035 5159 manu
1088 5101 1452 5176 ὑποστήσαντι
1509 5103 1586 5175 τῷ
1641 5101 1798 5166 εἶναι,

244 5188 440 5226 caetera
483 5184 539 5227 ιιι
565 5176 617 5228 in
653 5177 884 5230 excusis.
924 5176 1021 5230 Hic
1075 5178 1162 5230 ille
1213 5179 1323 5244 ipse
1367 5178 1530 5230 codex
1563 5179 1795 5244 secunda

245 5260 404 5317 manu
445 5249 929 5317 Ξπαρυφεστηκυῖαν
975 5245 1051 5316 τῷ
1102 5242 1462 5317 ὑποστήσαντι
1524 5245 1599 5315 τῷ
1658 5242 1797 5300 εἶναι

241 5314 380 5384 πρὸς
409 5315 468 5365 τὸ
488 5313 789 5385 ἀρχέτυπον
825 5313 1103 5370 οὗσαν.Ἐι
1134 5319 1219 5371 Ιιὶε
1252 5313 1519 5370 adnotabo
1556 5313 1696 5370 hunc
1718 5318 1798 5369 lo-

241 5401 364 5457 cum
389 5400 416 5435 a
441 5385 931 5457 Combelisioialiud
963 5389 1224 5457 cogitanti
1263 5403 1368 5440 non
1403 5397 1657 5444 accurate
1695 5403 1791 5440 ex-

240 5454 499 5528 scriptum
536 5454 718 5528 fuisse.
759 5456 903 5523 Regii
937 5454 1161 5525 quartus
1200 5468 1253 5511 et
1298 5461 1518 5528 quintus
1555 5457 1794 5528 ὑποστή-

240 5524 489 5593 σαντιτῷ
511 5520 647 5577 εἶναι
685 5545 696 5578 :
733 5528 782 5578 in
823 5520 1040 5595 reliquis
1081 5542 1205 5580 vero
1236 5520 1354 5580 cum
1389 5527 1618 5594 vulgatis
1649 5520 1784 5579 cou'-

238 5596 495 5667 sentiunt.
531 5595 659 5667 Reg.
705 5606 889 5650 sextus
918 5599 1083 5666 prima
1119 5613 1275 5649 manu
1306 5597 1377 5666 τῷ
1423 5598 1787 5667 ὑποστήσανιι

242 5661 298 5712 τὸ
327 5659 485 5737 εἶναι,
520 5659 719 5737 reliqua
754 5675 811 5719 ut
841 5659 1147 5737 in'editis:
1188 5668 1325 5721 idem
1352 5659 1473 5723 'ms.
1515 5659 1669 5737 manu
1705 5683 1789 5722 re-

239 5734 473 5808 centiore
501 5734 576 5808 τῷ
608 5733 944 5808 πρωτοτύπῳ
993 5739 1352 5808 ὑποστήσαντι
1393 5737 1453 5790 τὸ
1490 5733 1646 5808 εἶναι.
1683 5737 1783 5790 De-

239 5804 398 5871 nique
426 5803 574 5859 Colb.
613 5803 781 5876 prima
821 5803 978 5862 manu
1009 5803 1373 5876 ὑποστῆσαντι
1405 5809 1464 5860 τὸ
1504 5805 1663 5874 εἶναι,
1702 5823 1785 5864 re-

1948 3230 2142 3298 inquit,
2190 3230 2400 3297 genitus
2443 3244 2546 3282 nou
2593 3238 2695 3282 est.
2732 3229 3169 3297 Respondeamus
3195 3247 3343 3301 ergo,
3373 3235 3514 3301 quod

1944 3323 2196 3393 quoniam
2235 3323 2445 3390 genitus
2472 3330 2573 3386 est,
2609 3331 2746 3386 erat,
2778 3337 2897 3376 cum
2930 3323 3220 3391 ingenitum
3252 3341 3362 3377 esse
3405 3343 3511 3379 non

1941 3415 2135 3468 habeat
2159 3455 2172 3478 ,
2204 3415 2297 3468 sed
2337 3414 2561 3468 exsistat
2591 3429 2832 3481 semper,
2861 3426 2912 3467 et
2961 3415 3252 3468 eoexsistat
3303 3416 3450 3470 Patri
3480 3434 3509 3471 a

1937 3523 2043 3576 quo
2076 3509 2234 3562 etiam
2273 3509 2565 3561 exsistcndi
2610 3507 2771 3560 habet
2796 3521 3032 3560 causam.
3072 3507 3296 3572 Quando
3349 3510 3509 3577 igitur

1940 3599 2004 3649 ad
2028 3615 2135 3650 esse
2158 3613 2186 3649 ιι
2233 3598 2391 3650 Patre
2433 3599 2725 3665 productus
2758 3607 2840 3651 est
2878 3597 2900 3650 ?
2927 3598 3002 3650 Ex
3047 3614 3151 3667 quo
3181 3598 3343 3655 Pater
3375 3612 3457 3655 est
3486 3603 3507 3640 ⁸⁸

1941 3688 2045 3742 Sed
2087 3690 2153 3742 ab
2186 3700 2408 3753 esterno,
2452 3690 2644 3758 inquit,
2677 3689 2838 3745 Pater
2873 3709 2888 3746 :
2921 3692 2987 3746 ab
3017 3703 3222 3746 :uterno
3265 3695 3428 3763 igitur
3455 3705 3505 3748 et

1936 3780 2132 3845 Filius,
2173 3798 2266 3852 per
2311 3782 2709 3851 generationem
2767 3783 3016 3852 ingenita:
3069 3784 3242 3837 Patris
3301 3795 3506 3840 natura:

1937 3875 2278 3942 coniunctus.
2308 3876 2457 3941 Quod
2487 3886 2667 3929 autem
2706 3891 2809 3928 non
2841 3883 3023 3927 nostra
3055 3875 3125 3928 sit
3158 3875 3270 3930 haec
3305 3879 3500 3941 oratio,

1945 3967 2086 4035 ipsas
2117 3967 2286 4020 sancti
2317 3966 2547 4034 Spiritus
2572 3980 2728 4019 voces
2747 3965 2825 4020 eis
2845 3967 2912 4020 ob
2927 3966 3112 4020 oculos
3135 3982 3413 4036 ponemus.
3438 3969 3501 4025 Et

1921 4194 2063 4261 liqua
2113 4203 2168 4245 ut
2208 4193 2258 4245 in
2316 4192 2596 4259 impressis
2651 4193 2834 4261 libris.
2864 4194 3004 4248 Idem
3038 4194 3206 4247 codex
3255 4195 3492 4248 secunda

1923 4260 2080 4315 manu
2120 4263 2654 4332 συνυφεστηκυῖαν...
2696 4263 2772 4332 τῷ
2798 4260 2956 4316 εἶναι.
3010 4264 3084 4317 Ex
3112 4265 3307 4330 quibus
3349 4266 3496 4317 colli-

1922 4349 2048 4399 gere
2086 4335 2229 4392 licet,
2261 4337 2364 4403 has
2405 4348 2623 4403 omnes
2647 4333 2906 4387 lectiones
2936 4335 3174 4403 revocari
3217 4349 3377 4403 posse
3411 4337 3495 4388 vel

1921 4404 1986 4474 ad
2015 4405 2172 4474 hanc,
2208 4403 2286 4474 τῷ
2316 4400 2478 4466 εἶναι,
2545 4402 2626 4455 vel
2664 4403 2727 4456 ad
2758 4405 2922 4466 illam,
2952 4405 3011 4457 τὸ
3043 4399 3294 4474 εἷναιξξὶ
3323 4403 3492 4472 leges,

1916 4471 1992 4546 τῷ
2017 4470 2189 4546 εἶναι,
2211 4470 2494 4546 verborum
2533 4475 2865 4546 constructio
2902 4478 3015 4529 haec
3049 4477 3171 4532 erit,
3202 4470 3396 4526 οὖσαν
3418 4476 3494 4546 τῷ

1836 4528 1878 4582 ί)
1906 4528 2136 4616 ε-ἶναιίτὸ
2162 4528 2498 4616 ἀρχέτυπον.
2526 4545 2604 4616 ΑΔ
2636 4546 2882 4608 verbum,
2910 4562 3026 4613 qua:
3069 4547 3241 4613 imago
3281 4553 3357 4597 est
3402 4528 3492 4612 per

1915 4613 2033 4677 hoc,
2061 4613 2417 4684 quod'ipsum
2463 4615 2800 4681 archetypum
2836 4627 2931 4678 est,
2978 4629 3098 4675 seu,
3149 4630 3267 4682 qua:
3318 4616 3490 4684 imago

1914 4693 1992 4752 εει
2023 4685 2116 4736 hoc
2145 4686 2273 4751 ipso,
2312 4687 2449 4752 quod
2476 4684 2816 4750 archetypum
2851 4697 2926 4736 est
2954 4699 2972 4736 .'
3003 4685 3044 4737 si
3078 4700 3206 4738 vero
3242 4686 3407 4752 legas,
3429 4687 3490 4738 τὸ

1912 4748 2076 4814 εἶναι,
2109 4748 2360 4806 videntur
2391 4755 2503 4822 haec
2529 4748 2689 4805 verba
2717 4755 2956 4807 construi
2983 4757 3058 4808 sic
3091 4769 3245 4822 posse
3277 4748 3481 4808 εόὗσαν

1910 4823 2272 4894 ὑποστήσαντι
2321 4823 2380 4876 τὸ
2433 4819 2568 4876 εἶναι
2621 4822 2952 4892 ἀρχέτυπον.
2980 4826 3058 4877 Ad
3092 4819 3334 4888 iterbum,
3366 4843 3485 4893 qua:

1909 4894 2083 4961 imago
2106 4903 2180 4947 est
2212 4895 2416 4946 auctori
2445 4897 2563 4955 hoc,
2616 4909 2796 4963 nempe
2830 4911 2946 4947 eum
2988 4911 3096 4947 esse
3123 4896 3482 4963 archetypum.

1908 4963 1961 5016 Id
1985 4976 2092 5024 est,
2127 4975 2311 5016 auster
2340 4964 2587 5031 imaginis
2615 4961 2681 5014 ab
2718 4966 2829 5027 ipsa
2871 4966 3101 5032 imagine
3141 4961 3319 5026 habet,
3342 4966 3482 5032 quod

1906 5046 1978 5086 est
2018 5035 2381 5105 archetypum.
2411 5035 2474 5088 Et
2502 5049 2629 5087 vero
2655 5035 3007 5105 archetypum
3045 5036 3480 5102 proprienullum

1905 5114 2006 5167 est,
2043 5103 2143 5157 nisi
2201 5119 2375 5173 Imago
2404 5106 2497 5168 sit,
2551 5119 2667 5172 qua:
2701 5119 2768 5157 ex
2818 5103 2934 5173 ipso
2977 5106 3334 5172 exprimatur.
3366 5105 3479 5159 Hoc

1904 5189 1971 5225 an
2009 5174 2099 5226 illo
2153 5175 2311 5227 modo
2341 5174 2622 5242 legendum
2672 5177 2760 5238 sit,
2817 5176 3001 5242 nescio
3034 5176 3248 5240 quidem
3285 5192 3297 5228 :

1905 5254 2080 5313 tameu
2114 5246 2290 5308 potius
2323 5243 2421 5311 legi
2472 5246 2687 5313 debere.
2730 5243 2808 5313 τῷ
2836 5241 2998 5297 εἶναι.
3028 5245 3128 5297 Alii
3158 5241 3476 5297 meliora.—

1905 5312 1989 5378 Τῷ
2020 5309 2172 5368 εἶναι
2203 5309 2565 5383 ἀρχέτυπον,
2617 5309 2829 5368 οὖσαίλ.
2886 5316 3069 5379 Verte,
3119 5315 3326 5381 Imago,
3358 5332 3474 5383 qua:

1898 5385 1995 5435 hoc
2036 5385 2144 5447 ipso
2170 5390 2305 5452 quod
2328 5397 2398 5436 est
2431 5383 2790 5452 archetyuum,
2827 5385 3050 5441 exsistit.
3083 5385 3293 5437 ΜΑιιΑΝ.

3351 5185 3477 5242 pulo

1967 5454 2079 5536 (1'5)
2113 5454 2250 5507 Editi
2290 5455 2742 5536 8L:fﬁ65w;,‘d.?tr
2774 5455 2982 5536 ᾦσπερ.
3010 5457 3228 5522 Aliquot
3261 5455 3473 5536 «lodices

1899 5526 2198 5607 μιμήσεως,
2237 5527 2329 5577 καὶ
2354 5525 2560 5594 ὥσπερ.
2595 5525 2694 5578 Alii
2723 5528 2940 5595 quidam
2989 5541 3115 5580 mss.
3156 5526 3466 5594 μιμήσεως,

1894 5611 2102 5665 ωσπερ.

1963 5664 2070 5734 (16)
2108 5664 2371 5735 Τεχνῶνὴ
2407 5665 2720 5731 ὑπόστασις,
2751 5677 2940 5719 natura
2976 5667 3169 5719 artium
3211 5679 3364 5736 atque
3387 5665 3472 5718 in-

1891 5739 2119 5790 dustria.

1960 5808 2070 5877 (Π)
2097 5807 2223 5876 Reg.
2256 5816 2477 5874 quartus
2515 5809 2707 5877 Πατρὶ,
2742 5808 2873 5880 παρ’
2909 5802 2968 5861 οὗ
3011 5810 3122 5859 καί.
