4026 6514
525 362 625 419 607

1858 352 1912 405 S.
1954 352 2198 406 BASILII
2234 350 2446 405 MAGNI

3637 350 3747 404 608

526 494 592 534 ex
630 467 911 540 Evangelio
942 468 1155 539 quidem
1199 482 1475 521 sumamus
1509 467 1675 521 illud:
1712 467 1778 522 In
1826 469 2077 536 principio

2213 462 2265 520 ὗν
2286 466 2378 520 τοῦ
2404 465 2728 535 Εύαγγελίου
2753 467 3004 537 λὰὁωμεν
3026 466 3104 530 τὸ,
3143 466 3245 519 Ἐν
3268 464 3423 533 ἀρχῇ
3460 466 3539 534 ἦν
3569 470 3601 520 ό
3632 466 3741 521 Λό-

526 576 635 622 erat
678 561 993 626 Verbum";
1028 562 1127 614 hoc
1183 574 1313 615 vero
1351 575 1413 614 ex
1449 558 1663 614 Psalmo
1707 560 1847 613 velut
1890 573 1921 611 c
1964 575 2083 628 per-

2181 577 2282 629 Ῥος
2302 573 2315 585 ⁸
2335 560 2411 609 ’ἐκ
2435 558 2489 611 δὲ
2513 556 2604 611 τοῦ
2626 557 2839 627 ψαλμοῦ
2876 559 2951 620 ὡς
2979 562 3042 611 ἐκ
3084 555 3369 631 προσώπου
3400 556 3493 609 τοῦ
3526 557 3745 630 Πατρὸς

528 672 659 712 sona
689 655 864 710 Patris
900 653 1102 707 dictum
1132 669 1147 706 :
1180 652 1256 704 Ab
1280 663 1423 704 utero
1458 663 1578 703 ante
1619 649 1893 720 luciferum
1926 650 2082 719 genui

2213 649 2463 722 ἰρημένον
2497 652 2575 717 τὸ,
2610 652 2703 703 Ἐκ
2725 649 2985 717 γαστρὸς
3023 652 3135 719 πρὸ
3168 650 3475 720 ἐωσφρρου
3510 653 3623 723 (18)
3649 669 3746 723 τεο

532 759 579 801 ιε
603 748 686 813 ⁸⁹;
716 755 875 813 atque
912 743 1154 811 utrisque
1188 743 1326 795 inter
1358 753 1416 792 se
1462 739 1769 808 compositis
1798 739 2035 793 dicamus
2066 753 2079 788 :

2180 739 2442 811 γέννηκά
2473 757 2547 794 σε
2566 760 2578 772 ·
2609 743 2701 796 καὶ
2726 740 3006 803 συνθέντες
3033 744 3336 829 ἀμφότερα,
3370 741 3637 812 εἴπωμεν,
3660 748 3747 799 ὅτι

531 841 598 895 Ει
624 848 761 902 erat,
790 846 847 891 et
883 838 1093 905 genitus
1114 846 1214 890 est.
1248 832 1441 886 Verum
1466 847 1569 886 vox
1603 829 1769 884 Genui
1801 845 2015 885 causam
2055 846 2083 884 a

2213 835 2276 887 Lai.
2310 829 2375 904 ἦν
2421 835 2512 887 καὶ
2540 835 2878 903 γεγέννηται.
2922 832 3080 885 ’Λλλὰ
3107 836 3168 886 τὸ
3214 838 3331 904 μὲν,
3367 834 3746 907 Γετέννηκα,

532 946 636 1002 qua
687 931 1008 1001 principium
1044 928 1205 981 habet
1244 926 1466 989 essendi,
1498 925 1805 993 signiﬁcat:
1847 940 1945 977 vos
1994 939 2085 977 au-

534 1036 664 1090 tem,
696 1023 848 1090 Erat,
895 1021 1094 1075 indicat
1137 1017 1254 1086 ejus
1292 1017 1661 1071 exsisteutiutn
1714 1024 1952 1084 tempore
1994 1029 2086 1068 ca—

2184 927 2279 996 τὴν
2310 925 2484 977 αἰτίαν
2506 925 2596 993 ἀφ’
2624 923 2691 999 ἧς
2720 928 2831 997 ἕχει
2854 925 2951 995 τὴν
2974 923 3147 994 ἀρχὴν
3172 926 3267 977 τοῦ
3296 925 3436 981 εἶναι
3463 925 3741 997 σημαίνει·

2183 1017 2243 1069 τὸ
2266 1016 2343 1078 δὲ,
2370 1012 2510 1081 Ἦν,
2541 1016 2640 1086 τὴν
2667 1020 2890 1089 ἄχρονον
2916 1015 3078 1070 αὑτοῦ
3100 1017 3192 1069 καὶ
3214 1018 3535 1085 προαιώνιον
3563 1018 3748 1087 ὓπαρ-

533 1126 741 1171 rentem
784 1128 848 1167 ac
879 1111 1283 1179 sempiternam.
1326 1108 1431 1162 Sed
1472 1122 1600 1162 vero
1639 1120 1741 1175 pro
1771 1120 1866 1160 sua
1903 1104 2089 1161 fraude

2213 1125 2287 1165 ιν.
2328 1108 2385 1161 Ὀ
2427 1108 2503 1170 δὲ,
2555 1108 3022 1181 ἐπαγωνιζόμενος
3058 1111 3122 1179 τῇ
3174 1108 3368 1162 ἑαυτοῦ
3403 1112 3622 1184 ἀπάτῃ,
3663 1111 3747 1172 είς

533 1209 813 1260 decertans
843 1201 1154 1266 Eunomius,
1171 1204 1469 1256 orationem
1500 1199 1565 1254 ad
1592 1197 1885 1253 absurdqu
1921 1198 2090 1253 addu-

532 1314 655 1353 cere
685 1313 743 1352 se
772 1304 943 1365 putat.

603 1388 738 1443 Eun.
775 1386 833 1440 Si
877 1385 1019 1440 enim
1049 1425 1064 1449 ,
1096 1383 1287 1454 inquit,
1339 1393 1463 1439 ante
1510 1398 1659 1439 suam
1690 1383 2089 1453 generationem

2185 1200 2382 1252 ἄτοπον
2410 1200 2500 1253 τὸν
2537 1199 2690 1269 λόγον
2709 1201 2887 1271 ἁπάγε
2897 1220 2942 1256 ιν
2970 1200 3157 1255 οἴεται.

2258 1383 2415 1437 ΕΥΝ.
2474 1384 2536 1436 Εἰ
2567 1383 2691 1454 γὰρ,
2740 1383 2890 1454 φησὶ,
2942 1386 3047 1458 πρὸ
3076 1385 3174 1456 τῆς
3198 1385 3501 1456 γεννήσεως
3537 1383 3644 1454 (19)
3682 1383 3755 1457 ἦν

533 1478 703 1534 Filius
726 1487 868 1541 erat,
905 1477 1171 1547 ingenitus
1198 1485 1338 1531 erat.

2213 1474 2284 1544 ἧς
2319 1473 2509 1525 ἑαυτοῦ
2536 1474 2565 1523 ὁ
2594 1473 2739 1539 Υἱὸς,
2775 1473 3066 1547 ἁγέννητος
3097 1472 3183 1548 ἦν.

604 1572 730 1626 Βλε.
755 1572 824 1626 At
855 1570 1001 1633 illud,
1038 1578 1158 1622 ante
1195 1567 1599 1639 generationem,
1622 1581 1655 1621 o
1692 1567 1777 1621 vir
1806 1582 1965 1633 vane,
1999 1575 2095 1621 aut

2259 1566 2405 1617 ΒΑΣ.
2449 1564 2607 1620 Ἀλλὰ
2654 1566 2717 1619 τὸ
2756 1563 2869 1633 πρὸ
2912 1565 3021 1635 τῆς
3079 1567 3411 1637 γεννήσεως
3474 1565 3663 1629 τοῦτο,
3709 1562 3757 1620 ὧ

534 1664 680 1717 nullo
706 1661 862 1715 modo
900 1659 1164 1725 subsistit,
1222 1660 1527 1727 mentisque
1566 1657 1695 1711 nulli
1738 1660 1981 1730 subjecto
2010 1658 2093 1710 in-

2213 1658 2409 1723 ιάταιε,
2459 1657 2576 1727 ἦτοι
2618 1656 2964 1728 ἀνύπαρκτόν
3008 1659 3123 1711 ἐστι
3166 1659 3471 1724 παντελῶς,
3503 1659 3601 1711 καὶ
3642 1659 3759 1713 δια-

536 1749 789 1807 lizerentis
826 1762 1186 1805 commentum
1236 1758 1335 1805 est.
1368 1749 1471 1803 Sed
1511 1749 1640 1818 quid
1674 1752 1868 1805 attinet
1916 1746 2092 1803 stultis

2213 1750 2340 1814 ιοίας
2370 1751 2724 1822 ἁναπλασμδς
2753 1751 2926 1805 οὐδενὶ
2967 1750 3313 1823 ἐρειδομένης
3360 1752 3705 1824 ὑποκειμένῳ
3738 1770 3752 1782 ·

534 1844 912 1900 contradicere
943 1844 966 1896 ἲ
992 1846 1094 1898 hoc
1126 1848 1267 1897 enim
1313 1840 1536 1911 perinde
1573 1853 1657 1896 est
1687 1854 1848 1913 atque
1878 1854 1998 1893 cum
2029 1853 2092 1893 eo

2213 1844 2287 1897 ιαί
2345 1838 2397 1897 τί
2445 1844 2524 1897 δεῖ
2570 1843 2868 1911 ἀντιλέγειν
2899 1845 3010 1906 τοῖς
3059 1843 3340 1915 ἁνοήτοις;
3374 1823 3759 1918 παραπλήσιον

540 1938 870 1993 contendere
892 1977 909 2002 ,
937 1936 1023 1991 cui
1051 1934 1271 1989 rationis
1308 1948 1463 1988 usum
1496 1933 1775 2005 phrenesis
1814 1932 2091 1986 ademerit.

2213 1935 2303 2005 τὰρ
2331 1936 2505 1997 τοῦτο,
2533 1934 2719 2003 ὥσπερ
2742 1933 2807 1986 ἂν
2840 1936 2887 1985 εί
2917 1935 3007 1987 καὶ
3038 1934 3113 2004 τῷ
3144 1933 3232 1987 τὸν
3252 1935 3507 2005 λογισμὸν
3532 1939 3596 1989 bc
3622 1952 3761 2008 φρε-

537 2032 645 2084 Δυι
670 2030 715 2085 si
746 2030 812 2083 ad
838 2030 1107 2097 quidpiam
1146 2041 1332 2080 eorum
1365 2041 1485 2096 qute
1523 2036 1648 2083 sunt
1681 2024 1874 2088 tendit,
1904 2023 1967 2077 ad
1998 2038 2097 2077 sa:-

2213 2026 2387 2089 ρίτιδος
2420 2023 2798 2095 παρενεχθέντι
2821 2024 3186 2095 διεμαχόμεθα
3216 2041 3229 2054 ·
3268 2026 3299 2094 ἢ
3325 2028 3371 2077 εί
3405 2027 3540 2093 πρός
3561 2044 3618 2077 τι
3648 2027 3761 2078 τῶν

540 2122 782 2177 culorum
816 2133 1030 2191 quoque
1058 2118 1332 2174 notionem
1357 2120 1668 2174 deducetur.
1702 2114 1900 2169 Verum
1930 2116 1975 2170 si
2004 2131 2099 2169 sac-

2213 2120 2363 2173 ivzwv
2410 2118 2657 2186 φέρεται,
2704 2117 2796 2170 καὶ
2852 2117 2984 2189 πρὸς
3009 2117 3105 2187 τὴν
3158 2116 3263 2170 τῶν
3292 2116 3500 2171 αἰώνων
3551 2118 3763 2171 ἔννοιαν

541 2214 657 2267 cula
698 2214 874 2268 omnia
909 2210 1046 2265 infra
1071 2210 1469 2283 generationem
1494 2206 1768 2277 Unigeniti
1793 2205 2101 2277 intelligun-

2213 2210 2568 2281 ἱνεχθήσεται.
2624 2208 2759 2262 Ἀλλ’
2788 2209 2941 2283 εἴπερ
2974 2200 3168 2273 αἰῶνες
3215 2211 3413 2274 πάντες
3459 2210 3611 2264 κάτω
3655 2227 3764 2283 που

541 2312 647 2365 tur,
679 2320 801 2358 cum
844 2302 987 2357 illius
1030 2281 1199 2372 ipsius
1245 2303 1354 2356 sint
1381 2308 1662 2364 creatum,
1686 2312 1858 2353 vanus
1892 2309 1975 2353 est
2006 2300 2095 2368 qui

2213 2304 2294 2373 τῆς
2321 2300 2586 2368 γενέσεως
2628 2301 2736 2371 (20)
2782 2301 2876 2355 τοῦ
2914 2281 3251 2371 Μονογενοῦς
3294 2302 3561 2368 νοοῦνται,
3593 2281 3764 2356 αὐτού

540 2395 668 2465 quid
723 2395 1025 2449 substantia
1058 2392 1179 2447 Filii
1232 2391 1507 2460 antiquius
1539 2392 1752 2459 quaerit.
1774 2388 1919 2445 Nihil
1957 2395 2098 2447 enim

2213 2394 2405 2447 ixsivou
2449 2394 2601 2457 ὅντες
2634 2397 2933 2465 ποιήματα,
2990 2396 3217 2465 μάταιος
3266 2398 3295 2449 ὁ
3349 2395 3623 2464 ἐπιζητῶν
3665 2396 3768 2464 τῆς

542 2488 769 2543 alienius
796 2486 1007 2557 quaerit,
1025 2500 1187 2555 quam
1221 2484 1265 2539 si
1293 2485 1359 2539 de
1386 2483 1541 2539 Patre
1562 2484 1723 2539 etiam
1759 2492 2101 2554 percontare-

2213 2486 2543 2548 irrocrdaamg
2592 2485 2686 2537 τοῦ
2746 2486 2875 2539 Υίοῦ
2927 2486 2997 2538 τὰ
3046 2485 3406 2555 πρεσϐύτερα.
3440 2486 3605 2538 Οὐδὲν
3655 2488 3768 2555 γὰρ

546 2592 655 2643 tur,
676 2590 852 2633 utrum
880 2588 1004 2633 ante
1031 2594 1182 2634 suam
1208 2576 1644 2632 constitutionem
1680 2574 1940 2639 l'nerit,an
1974 2590 2099 2631 non.

2213 2576 2533 2648 Ξλλοιότερον
2553 2577 2750 2646 ἐρωτᾷ,
2783 2576 2816 2645 ἢ
2849 2576 2896 2627 εἰ
2917 2574 3008 2626 καὶ
3049 2574 3178 2645 περὶ
3207 2573 3300 2626 τοῦ
3353 2574 3565 2644 Πατρδς
3602 2577 3771 2627 ἐπυν-

542 2671 755 2725 Etenim
782 2681 845 2723 ut
862 2671 970 2724 illic
996 2670 1085 2724 hic
1108 2670 1332 2739 qua'stio
1353 2669 1513 2724 stulta
1543 2679 1645 2734 est,
1666 2668 1827 2739 253
1866 2683 2104 2737 quzerere

2213 2669 2419 2735 θάνετο,
2455 2670 2680 2739 πότερον
2728 2668 2937 2739 ὑπῆρχε
2981 2666 3087 2737 πρὸ
3123 2668 3221 2737 τῆς
3253 2666 3389 2729 ἰδίας
3430 2667 3769 2730 συστάσεως.

542 2763 793 2818 videlicet
822 2764 873 2815 in
895 2777 961 2816 eo
983 2762 1072 2831 qui
1097 2762 1359 2831 principio
1392 2771 1613 2815 caretac
1640 2761 1906 2828 ingenitus
1922 2767 2105 2812 estsu-

2213 2762 2399 2832 ἣούχί.
2438 2762 2525 2823 Ὦς
2554 2761 2661 2831 γὰρ
2696 2761 2810 2813 ἐκεῖ
2838 2759 3064 2830 ἀνόητον
3109 2758 3167 2811 τὸ
3204 2755 3463 2829 ἐρώτημα
3485 2799 3500 2823 ,
3542 2758 3636 2811 ἐπὶ
3670 2760 3774 2813 τοῦ

541 2854 721 2924 perius
749 2852 1000 2923 quiddam
1024 2867 1036 2901 :
1073 2853 1143 2905 ita
1165 2853 1251 2905 hic
1279 2864 1492 2920 quoque
1514 2851 1578 2903 de
1600 2864 1665 2902 eo
1694 2849 1784 2917 qui
1810 2848 1877 2901 ab
1901 2856 2103 2901 aiterno

2213 2853 2437 2921 ὶνάρχου
2492 2852 2586 2903 καὶ
2641 2852 2935 2922 ἁγεννήτου
2975 2849 3155 2920 ζητεῖν
3184 2849 3245 2902 τδ
3287 2847 3591 2922 ἀνώτερον·
3627 2849 3775 2904 οὕτω

544 2956 628 3001 est
654 2961 775 3000 cum
807 2944 991 3008 Patre,
1018 2942 1259 3013 nihilque
1285 2942 1450 2997 habet
1480 2942 1640 2996 medii
1683 2941 1819 2995 inter
1851 2954 1910 2995 se
1931 2948 1987 2994 et
2016 2953 2106 3008 ge-

2213 2943 2296 2995 καὶ
2324 2941 2574 3006 ἐνταῦθα,
2614 2943 2707 2994 ἐπὶ
2744 2945 2836 2994 τοῦ
2868 2943 2927 3009 ἐξ
2964 2942 3130 2996 ἁῖδίου
3161 2941 3237 3013 τῷ
3273 2942 3449 3013 Πατρὶ
3497 2942 3773 3007 συνόντος,

546 3038 815 3103 nitorem,
850 3034 1172 3105 temporales
1204 3034 1384 3091 facere
1425 3040 1489 3090 de
1518 3032 1695 3105 priore
1744 3032 2102 3103 quaestiones;

2213 3038 2299 3091 καὶ
2323 3036 2471 3089 οὐδὲν
2492 3035 2703 3106 ἔχοντος
2742 3036 2905 3106 μέσον
2938 3035 3129 3089 ἑαυτοῦ
3152 3052 3210 3088 τε
3235 3036 3330 3088 καὶ
3354 3033 3448 3087 τοῦ
3476 3036 3778 3105 γεννήσαν-

547 3129 768 3197 aequalis
807 3128 964 3197 plane
1002 3127 1287 3181 dementia!
1324 3135 1426 3180 est.
1456 3124 1587 3179 Nam
1630 3126 1847 3192 perinde
1885 3126 2012 3187 erit,
2043 3139 2105 3177 ac

2213 3145 2313 3191 τος,
2339 3127 2591 3198 χρονικὰς
2626 3126 2890 3179 ποιεῖσθαι
2915 3125 3008 3179 τοῦ
3036 3128 3301 3198 προτέρου
3331 3125 3429 3189 τὰς
3452 3128 3777 3197 ἐρωτήσεις,

546 3221 593 3274 ai
632 3220 751 3286 quis
778 3218 1072 3284 interroget
1099 3215 1223 3283 quid
1251 3214 1488 3267 futurum
1520 3214 1590 3267 sit
1616 3225 1735 3282 post
1754 3214 1957 3267 obitum
1993 3211 2107 3279 ejus

2213 3222 2302 3291 τῆς
2325 3221 2445 3290 ἴσης
2466 3220 2632 3283 ὅντως
2656 3220 2856 3283 ἀνοίας.
2881 3219 3147 3291 Παραπλή
3157 3236 3267 3271 σιον
3282 3218 3390 3291 γὰρ
3409 3220 3618 3291 ἐρωτᾷν
3637 3219 3777 3289 (21),

550 3312 638 3381 qui
670 3309 987 3364 immortalis
1019 3315 1122 3374 est,
1163 3314 1474 3376 quaeratque
1514 3306 1641 3374 quid
1684 3304 1954 3359 exstiterit
1986 3314 2107 3358 ante

2213 3312 2257 3364 τί
2291 3311 2438 3363 ἔσται
2470 3310 2609 3380 μετὰ
2638 3311 2736 3382 τὴν
2776 3310 3031 3383 τελευτὴν
3060 3309 3156 3363 τοῦ
3191 3309 3481 3373 ἀθανάτου,
3524 3312 3620 3380 καὶ
3652 3311 3780 3363 ἑπι-

547 3400 947 3472 generationem
979 3398 1309 3469 sempiterni.
1359 3396 1422 3451 Hi
1459 3408 1657 3459 autem,
1691 3396 1815 3468 quia
1864 3396 2110 3467 principii

549 3492 605 3547 iu
632 3490 791 3546 Patre
820 3490 1054 3561 privatio
1083 3490 1354 3545 aeternitas
1391 3489 1718 3556 nominatur,
1756 3489 2109 3559 privationem

549 3584 799 3656 principii
828 3582 1131 3637 decernunt
1150 3582 1287 3636 idem
1322 3596 1443 3637 esse
1477 3591 1640 3651 atque
1668 3582 2114 3646 seternitatem,et

550 3675 803 3746 quoniam
824 3673 996 3730 Filius
1024 3688 1129 3729 non
1152 3683 1236 3729 est
1274 3675 1569 3747 ingenitus,
1598 3689 1666 3729 ne
1696 3684 1955 3728 aeternum
1990 3673 2111 3741 qui-

552 3764 673 3822 dem
713 3779 832 3820 esse
861 3764 1198 3835 proﬁtentur.
1218 3764 1322 3821 Sed
1362 3774 1539 3820 tamen
1574 3767 1687 3821 haec
1722 3765 1969 3819 diﬂ'erunt
1992 3766 2112 3833 plu-

554 3857 751 3912 rimum
798 3857 1210 3926 signiﬁcatione.
1240 3855 1372 3910 Nam
1409 3856 1699 3925 ingenitum
1726 3856 1943 3919 dicitur,
1972 3855 2112 3922 quod

556 3962 733 4017 neque
787 3948 1109 4016 principium
1142 3949 1223 4003 sui
1263 3946 1448 4018 ipsius,
1490 3958 1661 4013 neque
1700 3960 1915 3999 causam
1958 3952 2015 3997 ut
2045 3947 2116 3998 sit

555 4037 719 4092 habet
748 4055 761 4091 :
797 4046 1058 4091 eternum
1090 4054 1239 4103 vero,
1279 4039 1418 4107 quod
1456 4046 1696 4107 tempore
1735 4037 1880 4090 omni
1913 4044 1967 4090 et
2001 4050 2114 4089 sero

556 4128 851 4183 secundum
881 4144 990 4182 esse
1018 4127 1290 4198 antiquius
1341 4136 1446 4183 est.
1484 4127 1636 4183 Unde
1672 4137 1724 4182 et
1754 4126 1915 4182 Filius
1948 4135 2005 4181 ut
2034 4135 2116 4181 est

558 4235 665 4275 non
685 4219 972 4289 ingenitus,
991 4220 1067 4275 ita
1086 4228 1317 4276 alemus
1335 4229 1436 4275 est.
1452 4218 1479 4275 ι
1490 4236 1573 4274 am
1596 4235 1724 4274 vero
1743 4218 1934 4275 saecula
1955 4220 2114 4274 etiam

558 4314 745 4366 αξιοι-ιιί
777 4312 1132 4382 appellatione
1162 4313 1403 4368 nonnulli
1439 4314 1747 4383 dignantur,
1780 4312 1931 4380 quasi
1956 4326 2020 4365 ex
2046 4325 2117 4366 eo

560 4406 703 4473 quod
734 4417 944 4474 semper
965 4405 1095 4469 sint,
1136 4406 1237 4461 hoc
1260 4406 1488 4460 nominis
1509 4406 1701 4475 adepta
1729 4406 1856 4459 sint.
1882 4404 1989 4459 Nos
2021 4420 2117 4457 au-

2207 3404 2388 3475 ζητεῖν
2433 3404 2485 3457 τι
2524 3404 2737 3475 ὑπῆρχε
2776 3403 2881 3475 πρὸ
2906 3407 3003 3475 τῆς
3027 3405 3328 3476 γεννήσεως
3364 3401 3459 3456 τοῦ
3486 3402 3681 3456 ἀϊδίου.
3712 3403 3780 3455 Oi

2208 3500 2286 3564 δὲ,
2314 3498 2499 3569 ἐπειδὴ
2532 3497 2591 3551 τὸ
2611 3499 2843 3569 ἄναρχον
2872 3496 2962 3551 τοῦ
3002 3498 3213 3568 Πατρὸς
3234 3496 3403 3552 ἀΐδιον
3431 3496 3781 3566 ὀνομάζεται,

2209 3591 2403 3644 ταυτὸν
2436 3590 2496 3642 τὸ
2517 3591 2736 3661 ἁνὰρχῳ
2763 3590 2821 3642 τὸ
2844 3590 3009 3641 ἀΐδιον
3034 3589 3419 3656 ἀποφαίνουσι,
3467 3588 3561 3640 καὶ
3590 3586 3782 3654 ἐπειδὴ

2214 3682 2288 3751 μὴ
2335 3682 2625 3751 ἀγέννητος
2671 3684 2699 3733 ὁ
2737 3681 2883 3741 Υἱὸς,
2910 3679 3028 3730 οὐδὲ
3058 3679 3224 3729 αἲδιον
3249 3672 3387 3729 εἶναι
3435 3675 3782 3746 ὁμολογοῦσι.

2211 3770 2466 3821 Πλεῖστον
2513 3769 2569 3820 δὲ
2617 3768 2859 3836 διαφέρει
2889 3766 3032 3819 κατὰ
3058 3765 3157 3836 τὴν
3194 3765 3421 3819 ἔννοιαν.
3461 3766 3786 3836 Ἆγέννητον

2213 3859 2310 3929 μὲν
2361 3859 2469 3930 γὰρ
2500 3859 2713 3927 λέγεται
2747 3859 2806 3911 τὸ
2835 3858 3105 3929 μηδεμίαν
3144 3858 3321 3929 ἀρχὴν
3371 3857 3589 3921 ἑαυτοῦ,
3646 3858 3786 3929 μηδὲ

2212 3949 2388 4002 αἰτίαν
2421 3949 2542 4019 ἔχον
2570 3948 2663 4003 τοῦ
2695 3944 2863 4003 εἶναι·
2890 3950 3058 4003 ἀΐδιον
3086 3950 3140 4002 δὲ
3162 3949 3223 4002 τὸ
3244 3950 3432 4021 χρόνου
3464 3948 3665 4011 παντὸς
3687 3948 3787 4001 καὶ

2214 4040 2401 4104 αἰῶνος
2431 4041 2570 4095 κατὰ
2588 4041 2648 4094 τὸ
2674 4036 2814 4095 εἶναι
2836 4040 3224 4113 πρεσϐύτερον.
3253 4040 3416 4093 Ὅθεν
3451 4042 3545 4093 καὶ
3573 4041 3602 4092 ὁ
3624 4040 3783 4102 Υίδς.

2215 4129 2307 4181 καὶ
2357 4130 2455 4182 οὐκ
2491 4130 2800 4201 ἀγέννητος,
2853 4131 2947 4183 καὶ
2997 4130 3184 4192 ἀΐδιος.
3230 4129 3369 4200 Ἤδη
3415 4129 3473 4182 δὲ
3502 4130 3598 4181 καὶ
3657 4128 3788 4190 τοὺς

2214 4220 2420 4285 αἰῶνας
2449 4219 2659 4285 ἀξιοῦσί
2697 4237 2843 4283 τινες
2894 4221 2991 4292 τῆς
3025 4219 3117 4273 τοῦ
3151 4218 3325 4273 ἁῖδίου
3362 4217 3475 4288 (22)
3512 4233 3789 4289 προσηγο-

2214 4312 2358 4384 ρίας,
2393 4312 2469 4376 ὡς
2489 4314 2558 4366 ὲκ
2581 4312 2676 4365 τοῦ
2704 4313 2791 4366 ἀεὶ¹
2820 4308 2957 4365 εἶναι
2992 4312 3091 4381 τῆς
3118 4311 3359 4382 κλήσεως
3382 4310 3586 4380 ταύτης
3622 4327 3788 4363 τετυ-

2216 4409 2467 4480 χηκότας.
2521 4409 2709 4479 Ἦμεῖς
2760 4409 2819 4462 δὲ
2853 4409 2950 4479 τῆς
3005 4406 3176 4476 αὐτῆς
3234 4404 3558 4473 λογιζόμεθα
3612 4420 3792 4474 παρα-

565 4504 673 4550 tem
707 4504 761 4550 et
792 4497 1053 4551 creaturis
1099 4496 1421 4551 aeternitatis
1452 4495 1810 4551 testimonium
1855 4496 2107 4565 praebere1

2221 4501 2367 4563 νοίας
2388 4500 2482 4553 καὶ
2516 4502 2580 4570 τῇ
2608 4499 2779 4551 κτίσει
2814 4497 3255 4569 προσμαρτυρεῖν
3278 4495 3339 4546 τὸ
3365 4494 3553 4555 ἀΐδιον,
3582 4494 3675 4544 καὶ
3699 4493 3792 4546 τὸν

566 4595 621 4641 et
653 4593 1018 4641 creaturarum
1062 4587 1341 4643 Dominum
1382 4587 1483 4641 hac
1520 4585 1857 4641 confessione
1882 4584 2115 4654 privare,

567 4677 807 4747 ejusdem
839 4693 958 4734 esse
984 4681 1232 4736 amentia:
1256 4679 1601 4735 arbitramur.

637 4769 726 4825 18.
766 4771 1154 4828 Atorationem
1193 4773 1259 4827 ad
1282 4773 1680 4844 impudentiam
1718 4771 1984 4827 deducens
2014 4769 2121 4824 Eu-

570 4862 801 4927 nomius,
826 4865 951 4935 quid
972 4865 1101 4919 dicit
1130 4863 1155 4918 τ

643 4956 776 5013 Eun.
807 4955 915 5011 Nos
938 4966 1115 5012 autem
1141 4955 1195 5009 in
1236 4956 1303 5011 iis
1343 4971 1464 5025 quae
1489 4964 1546 5010 et
1574 4954 1707 5010 olim
1741 4970 1772 5009 a
1817 4956 2037 5021 sanctis,
2068 4962 2124 5009 et

568 5061 714 5101 nunc
747 5062 777 5101 a
813 5046 967 5101 nobis
996 5048 1359 5101 demonstrata
1388 5053 1533 5110 sunt,
1565 5056 2121 5115 permanentesgcum

652 5245 702 5276 ⁸⁸
731 5244 883 5299 Josn.
916 5261 953 5309 ι,
997 5247 1049 5299 1.
1126 5246 1171 5277 ⁸⁸
1210 5244 1351 5300 Psal.
1379 5262 1487 5309 cur,
1513 5245 1567 5299 3.

644 5426 757 5497 (l8)
783 5426 1000 5495 Antiqui
1032 5427 1133 5481 duo
1159 5426 1278 5480 libri
1309 5426 1583 5497 ἑωσφόρον
1616 5422 1725 5493 ἐγὼ
1760 5425 2021 5497 σήμερον.

649 5496 755 5568 (ιθ)
785 5498 1010 5568 Codices
1032 5496 1230 5568 aliquot
1259 5496 1545 5568 γενέσεως.

650 5546 760 5637 {ibi
787 5546 1281 5637 eisiisézmanm'
1297 5546 1413 5633 ea;
1430 5546 1742 5635 άέὲίοέσεως.

674 5636 764 5709 ἓξ)
791 5636 1166 5709 iicg._quartus
1182 5637 1241 5709 τδ
1270 5639 1501 5709 ἐρωτᾷν.

573 5772 628 5826 δι
652 5704 762 5762 (22)
808 5704 1121 5769 Ειὶἱιῖτινες
1174 5707 1268 5776 τῆς
1299 5704 1489 5761 ἁῖδίου.
1535 5709 1603 5762 At
1648 5722 1777 5762 mss.
1810 5706 1904 5775 τῆς
1928 5704 2019 5757 τοῦ
2051 5706 2135 5758 ἁῖ-

630 5791 711 5826 ου.

630 5791 711 5831 ου.

2218 4592 2497 4661 Δεσπότην
2525 4591 2623 4659 τῆς
2646 4589 2873 4651 κτίσεως
2898 4588 2995 4657 τῆς
3026 4585 3313 4657 ὁμολογίας
3338 4582 3538 4653 ταύτης
3563 4583 3793 4636 ἀποστε-

2226 4698 2382 4826 ρεῗέ.
2418 4772 2476 4824 '0
2497 4770 2573 4834 δὲ,
2598 4768 2731 4840 πρὸς
2759 4767 2818 4820 τὸ
2840 4766 3189 4835 ἀναίσχυντον
3223 4764 3470 4835 ἐκφέρων
3488 4764 3579 4816 τὸν
3608 4764 3791 4833 λόγον,

2223 4865 2277 4917 τί
2299 4880 2491 4933 canant;

2298 4952 2457 5004 ΕΥΝ.
2494 4951 2682 5020 Ἡμεῖς
2709 4947 2788 5011 δὲ,
2836 4950 2948 5010 τοῖς
2989 4964 3050 4999 τε
3079 4945 3185 5000 ὑπὸ
3213 4944 3319 4999 τῶν
3350 4943 3519 5013 ἁγίων
3560 4944 3656 4996 καὶ
3692 4942 3796 4996 πά-

2230 5042 2319 5097 λαι
2343 5043 2455 5113 (25)
2486 5042 2582 5095 καὶ
2621 5040 2714 5093 νῦν
2739 5041 2823 5109 ἐφ’
2848 5039 3003 5111 ἡμῶν
3034 5036 3512 5107 ἀποδεικνυμένοις
3538 5036 3797 5106 ἐμμένον-

2300 5421 2415 5503 (ἓὸ)
2440 5414 2581 5503 Editi
2602 5420 2718 5503 τῶν
2731 5422 2900 5503 ἁγίων
2925 5420 3186 5503 Πατέριιξν
3224 5419 3411 5503 πάλαι.
3432 5416 3567 5503 Reg.
3601 5432 3798 5503 sectili:

2232 5490 2333 5547 dus
2349 5490 2458 5546 τῶν
2480 5493 2649 5561 ἁγίων
2673 5493 2932 5563 Πατέρων
2960 5492 3054 5563 καὶ
3080 5490 3276 5545 πάλαι.
3304 5490 3406 5544 Alii
3434 5500 3544 5543 tres
3575 5498 3799 5563 mss._ttt

2237 5566 2290 5617 in
2322 5557 2600 5617 contextu.
2654 5557 2847 5617 Vocem
2878 5561 3137 5632 Πατέρων
3165 5577 3279 5632 non,
3317 5562 3432 5615 sine
3458 5574 3621 5613 causa
3651 5557 3799 5632 dele-

2242 5646 2351 5686 tam
2380 5648 2499 5687 esse
2531 5634 2655 5687 hinc
2684 5632 2874 5700 conjici
2910 5627 3108 5698 potest,
3143 5631 3284 5701 quod
3333 5645 3437 5683 non
3493 5627 3799 5698 reperiatur

2244 5717 2417 5770 neque
2446 5705 2497 5756 in
2525 5717 2685 5770 opere
2711 5702 2957 5758 Eunomii
2994 5702 3134 5771 quod
3168 5714 3329 5770 penes
3358 5712 3457 5755 nos
3482 5710 3589 5765 est,
3621 5710 3797 5764 neque

2249 5774 2385 5842 apud
2418 5772 2743 5827 Fabricium.
