4026 6454
539 330 641 380 (ιιι

1856 336 1912 387 S.
1957 335 2199 388 BASlLll
2244 337 2456 392 SlACNl

3701 354 3806 407 6ῗὲ

546 445 648 498 lius
699 451 753 497 et
791 442 1127 509 exploratum
1154 485 1166 502 ,
1207 445 1512 512 ubicunque
1547 446 1686 499 idem
1731 457 1786 502 et
1823 452 2048 516 angelus
2080 469 2108 503 e

2236 454 2310 520 τῷ
2353 456 2566 509 Ἰακώῦ.
2601 458 2767 510 Παντὶ
2801 455 2892 510 οὖν
2935 459 3112 530 δῆλον,
3164 463 3245 514 ὅτι
3294 463 3418 517 ἔνθα
3454 468 3546 518 καὶ
3574 470 3810 536 ἄγγελος

550 537 692 590 Deus
727 535 1021 604 appellatus
1055 547 1153 601 est,
1186 536 1528 605 Unigenitum
1565 539 1883 607 significari,
1919 558 2039 595 cum
2070 559 2126 596 se

547 628 852 683 hominibus
900 644 994 696 per
1054 629 1293 696 singulas
1347 631 1725 700 generationes
1781 633 2122 694 manifestel.

545 723 763 792 suisque
811 723 1014 774 sanctis
1061 721 1239 772 Patris
1292 722 1500 775 numiet
1544 723 1896 778 voluntatem.
1940 725 2124 793 Itaque

542 817 632 885 qui
663 825 717 868 et
763 829 944 868 coram
982 813 1161 883 Moyse
1198 830 1256 868 se
1287 814 1399 883 ipse
1430 831 1550 868 eum
1584 817 1672 884 qui
1702 826 1784 870 est
1811 818 2122 882 nominavit,

543 925 647 962 non
676 910 813 962 alius
843 920 1036 976 praater
1071 908 1232 960 Deum
1263 908 1516 972 Verbum,
1545 911 1635 979 qui
1672 920 1790 964 erat
1833 911 1884 965 in
1921 913 2124 981 princi-

543 1001 630 1070 pio
663 1001 799 1068 apud
828 999 1015 1058 Deum,
1047 1000 1270 1068 intelligi
1306 1004 1528 1068 poterit.

612 1091 698 1146 19.
729 1090 833 1144 Sed
858 1090 1194 1158 iniquitatem
1231 1093 1279 1141 iu
1314 1092 1588 1144 exrelsum
1619 1092 1707 1159 qui
1746 1093 2119 1163 loquuntur”,

538 1187 695 1240 veriti
716 1202 818 1239 non
854 1196 978 1238 sunt
1007 1201 1111 1238 non
1131 1186 1477 1238 cxsistcntem
1514 1188 1793 1238 nominare
1819 1187 2033 1241 Filium.
2060 1191 2124 1243 Et

537 1279 785 1346 insipiens
808 1279 1023 1345 quidem
1045 1279 1097 1331 in
1124 1280 1277 1330 corde
1297 1295 1388 1330 suo
1409 1278 1545 1330 dixit
1572 1293 1588 1329 :
1613 1277 1733 1331 Non
1759 1291 1832 1333 est
1865 1281 2000 1335 Deus
2031 1283 2074 1313 ”
2107 1301 2119 1336 :

538 1369 592 1424 hi
619 1385 747 1424 vero
771 1385 873 1422 non
897 1369 1197 1438 cogitavere
1227 1370 1419 1429 solum,
1439 1371 1530 1422 sed
1560 1369 1718 1424 Ioenti
1742 1375 2042 1426 suntetiam
2070 1376 2120 1428 in

539 1460 822 1527 pravitate.
844 1460 951 1512 imo
979 1459 1174 1514 futuris
1203 1462 1533 1527 temporibus
1557 1463 1756 1531 scripto
1782 1466 1994 1518 tradere
2018 1482 2120 1516 non

538 1562 814 1617 caverunt,
834 1554 996 1608 Deum
1021 1553 1133 1606 ausi
1169 1570 1270 1606 non
1290 1555 1637 1609 cxsistentem
1669 1570 1882 1610 vocare.
1908 1557 1970 1608 Et
1998 1573 2124 1624 quo-

539 1644 679 1697 niam
710 1658 775 1696 ne
807 1645 953 1712 ipsos
981 1642 1195 1710 quidem
1221 1643 1488 1697 dazmones
1514 1644 1695 1696 vident
1719 1644 1817 1696 hoc
1841 1645 2120 1712 negare",

538 1751 729 1805 nempe
776 1735 942 1788 Deum
995 1750 1110 1788 esse
1146 1750 1160 1786 :
1191 1736 1242 1789 hi
1283 1738 1347 1787 ad
1394 1738 1642 1802 superius
1692 1746 1904 1802 tempus
1943 1747 2122 1789 mente

535 1829 762 1892 reversi,
795 1828 903 1881 illic
934 1827 1152 1896 impiam
1182 1845 1334 1881 suam
1361 1828 1710 1892 cupiditatem
1744 1831 1984 1896 explent,
2010 1845 2114 1881 non
2154 1805 2193 1858 Β

537 1924 702 1976 fuisse
729 1921 1016 1990 aliquando
1045 1921 1237 1974 Filium
1273 1920 1587 1988 blaspheme
1618 1933 1713 1974 ore
1760 1921 2112 1985 allirmantes,

535 2016 690 2082 quasi
727 2031 822 2070 sua
854 2015 1020 2083 ipsius
1044 2025 1235 2066 natura
1278 2029 1381 2065 non
1413 2015 1503 2077 sit,
1539 2012 1631 2064 sed
1676 2012 1816 2065 dono
1845 2013 1969 2064 sita
2009 2014 2114 2067 Deo

535 2127 642 2164 esse
676 2108 989 2177 productus.
1021 2105 1223 2160 Deinde
1253 2121 1411 2173 quam
1440 2104 1640 2158 Paulus
1663 2105 1728 2158 de
1755 2105 1913 2158 idolis
1935 2107 2112 2159 emisit

537 2215 744 2264 vocem,
777 2199 899 2254 dum
937 2199 1009 2251 ait
1045 2219 1058 2252 :
1098 2199 1391 2253 Servivistis
1425 2199 1489 2250 iis
1517 2197 1604 2267 qui
1635 2207 1825 2248 natura
1850 2213 1953 2249 non
1991 2207 2112 2248 sunt

533 2293 712 2357 dii“;
742 2300 796 2345 et
825 2288 1088 2344 Jeremias
1139 2311 1149 2344 :
1199 2287 1262 2340 Et
1313 2290 1622 2356 juraverunt
1660 2303 1752 2354 per
1794 2303 1880 2340 eos
1922 2289 2008 2357 qui
2040 2288 2115 2338 dii

535 2405 640 2440 non
691 2394 814 2439 sunt
841 2385 928 2450 7';
963 2393 1018 2437 et
1063 2382 1462 2452 sapicntissima
1512 2381 1730 2435 Esther:
1776 2377 1858 2431 Ne
1895 2380 2111 2438 tradas,

539 2476 774 2540 Domine,
796 2482 1056 2541 sceptrum
1074 2473 1139 2524 iis
1157 2473 1245 2540 qui
1280 2487 1380 2523 non
1415 2480 1531 2522 sunt
1551 2470 1594 2499 ⁷³
1669 2470 1804 2520 hanc
1833 2467 1918 2518 isti
1944 2468 1986 2518 si
2006 2466 2114 2519 Deo

537 2581 668 2620 vero
701 2566 906 2626 dicant,
936 2562 1204 2631 quomodo
1251 2562 1456 2629 possint
1504 2561 1734 2629 amplius
1774 2557 2111 2612 Christiano-

533 2672 653 2711 rum
686 2655 786 2710 sibi
816 2651 1229 2725 appellationem
1269 2650 1390 2719 jure
1425 2650 1704 2703 vindicare
1737 2650 1760 2702 τ
1796 2648 1930 2702 Nam
1984 2648 2110 2702 alibi

532 2751 695 2803 etiam
729 2749 868 2803 idem
894 2746 982 2801 ille
1005 2745 1309 2813 Apostolus,
1345 2744 1432 2805 qui
1467 2743 1518 2796 in
1549 2742 1751 2807 Spiritu
1795 2742 1884 2794 Dei
1926 2742 2110 2808 loque-

534 2846 712 2904 batur,
745 2854 850 2893 non
880 2839 1204 2893 exsistcntes
1231 2834 1466 2905 appellat
1510 2843 1720 2903 gentes,
1748 2833 1889 2901 quod
1931 2841 2112 2884 essent

534 2933 625 2985 Dei
666 2930 972 2998 cognitione
1027 2928 1271 2993 privatae,
1311 2940 1433 2977 cum
1491 2924 1609 2974 ait:
1647 2923 1777 2984 Qua:
1837 2937 1940 2972 non
1991 2930 2109 2972 sunt

528 3022 682 3090 elegit
719 3020 856 3072 Deus
885 3019 951 3073 ⁷⁸.
985 3015 1144 3082 Nam,
1192 3014 1446 3082 quoniam
1484 3012 1616 3063 Deus
1649 3021 1749 3072 est,
1782 3012 1871 3080 qui
1912 3020 2014 3076 est,
2057 3023 2110 3064 et

533 3111 819 3170 veritas,et
843 3108 975 3170 vita,
1004 3107 1308 3174 quicunque
1334 3103 1442 3158 Deo
1467 3103 1557 3170 qui
1581 3113 1682 3164 est,
1713 3101 1982 3170 conjuncti
2018 3117 2112 3170 per

535 3201 690 3254 ﬁdem
720 3215 822 3252 non
845 3209 994 3262 sunt,
1025 3201 1116 3253 sed
1149 3214 1244 3253 oer
1269 3213 1424 3250 suum
1459 3197 1601 3249 eirea
1641 3195 1923 3247 simulacra
1959 3212 2110 3249 crro-

533 3308 644 3346 rem
668 3292 866 3346 addicti
898 3302 1022 3345 sunt
1055 3290 1334 3344 mendacio
1360 3305 1464 3342 non
1496 3288 1799 3348 exsislenti,
1827 3287 1968 3353 jure,
1998 3290 2109 3352 upi-

532 3401 650 3448 nor,
683 3394 904 3454 propter
939 3383 1183 3436 veritatis
1218 3381 1599 3452 privationem,
1620 3389 1675 3432 et
1703 3393 1732 3431 a
1770 3379 1878 3430 vita
1909 3379 2111 3429 aliena-

533 3479 752 3540 tionem,
785 3493 890 3533 uon
925 3487 1252 3530 cxsrsteutes
1282 3473 1530 3544 appellati
1559 3484 1704 3526 sunt.
1736 3471 1840 3526 Sed
1863 3480 1914 3524 et
1939 3468 2109 3539 Ephe-

529 3569 625 3622 siis
653 3585 774 3623 cum
813 3567 1095 3622 scriberet.
1123 3580 1218 3619 cos
1262 3581 1355 3633 per
1395 3564 1768 3617 excellentiam
1815 3561 2112 3616 nominavit

530 3663 872 3723 exsistentes,
895 3673 1146 3728 tanquam
1189 3659 1280 3728 qui
1312 3659 1384 3720 ei,
1412 3658 1500 3724 qui
1530 3666 1630 3718 est,
1661 3670 1786 3709 vere
1806 3665 1988 3709 essent
2017 3669 2113 3722 per

529 3755 857 3822 agnitionem
899 3752 1172 3822 conjuncti
1199 3753 1428 3820 :quippe
1456 3749 1560 3802 ait:
1587 3747 1798 3802 Sanctis
1842 3749 1926 3816 qui
1967 3757 2108 3810 sunt,

526 3855 575 3897 et
781 3843 1021 3911 ﬁdelibus
1059 3846 1108 3894 in
1141 3843 1348 3895 Christo
1379 3841 1595 3894 Jesu”.
1627 3840 1716 3892 Sic
1746 3841 1888 3892 enim
1931 3849 1982 3892 et
2021 3839 2109 3903 qui

529 3948 653 3990 ante
688 3952 784 3990 nos
816 3935 964 3988 fuere
996 3936 1353 3994 tradiderunt,
1379 3945 1431 3984 ct
1457 3948 1550 3985 nos
1585 3935 1637 3986 in
1668 3933 1906 4001 antiquis
1923 3949 2104 3986 exem-

531 4031 764 4095 plaribus
793 4028 1096 4081 invenimus
1165 4025 1258 4077 llic
1282 4036 1459 4078 autem
1495 4037 1559 4075 ne
1586 4037 1646 4074 ea
1679 4023 1917 4089 quidem,
1951 4024 2106 4090 cujus

599 4145 645 4176 ⁸⁸
673 4143 818 4198 Psal.
849 4159 1018 4202 uxn.
1045 4143 1096 4193 8.
1174 4141 1216 4171 ⁶⁹
1247 4139 1384 4192 Psal.
1421 4155 1536 4203 xm,
1559 4138 1605 4192 l.
1680 4133 1950 4203 “130.”.
1988 4138 2073 4192 l9.

527 4217 572 4247 ⁷⁴
603 4216 620 4268 I
662 4217 784 4267 Cor.
816 4229 852 4274 ι,
893 4213 982 4266 9.8.
1060 4214 1106 4242 ⁷⁵
1150 4212 1346 4279 Ιέιιιιοδ.
1377 4228 1416 4275 ι,
1447 4211 1497 4262 1.

596 4325 709 4450 (⁸55)
735 4325 871 4378 Editi
899 4325 1059 4376 Ὥστε
1088 4325 1182 4378 καὶ
1207 4325 1320 4375 ἐπί.
1357 4326 1425 4376 At
1455 4323 1560 4375 duo
1589 4338 1716 4376 mss.
1757 4319 1920 4372 ’Ὥστε
1951 4322 2042 4373 καὶ
2073 4324 2099 4372 6

596 4419 639 4450 ι.
698 4399 983 4450 Aliuuanto
1028 4407 1146 4450 post
1204 4397 1351 4450 editi.
1387 4395 1467 4446 ὅτι
1517 4393 1616 4445 οὐκ
1663 4393 1800 4443 ἐστι,
1855 4389 1962 4443 Vox
2015 4393 2096 4442 ὃτι

525 4389 639 4452 ἐπὶ.
693 4393 983 4463 Aliquanto
1028 4407 1146 4462 post
1204 4397 1351 4455 editi,
1387 4395 1467 4446 ὅτι
1517 4393 1616 4445 οὐκ
1663 4393 1800 4443 ἐστι.
1855 4389 1962 4443 Vox
2015 4393 2096 4442 ὃτι

525 4473 678 4523 deest
703 4468 754 4519 in
788 4465 1188 4533 antiquioribus
1230 4467 1525 4517 codicibus.

601 4538 713 4608 (54)
745 4536 894 4600 Illud,
918 4534 1412 4608 εὶςίτὸνκατόπιν.
1447 4533 1795 4608 referendum
1831 4545 1910 4586 est
1949 4534 2100 4608 adid

533 4602 762 4676 tempus,
802 4621 909 4674 quo
947 4607 1178 4674 primum
1227 4607 1440 4674 genitus
1484 4602 1662 4657 fuerat
1720 4605 1889 4658 Filius
1919 4623 1946 4656 a
2000 4603 2103 4655 Pa-

531 4692 629 4731 tre.

598 4747 711 4816 (55)
750 4746 889 4799 Editi
922 4756 973 4799 et
1009 4754 1253 4800 recentes
1296 4743 1512 4811 quidam
1550 4758 1677 4816 mss.
1714 4745 1803 4796 τὸν
1848 4744 1982 4816 Υἱὸν
2007 4743 2098 4796 τοῦ

525 4812 659 4871 Θεοῦ
695 4812 1171 4887 βλασφημοῦντες.
1205 4816 1429 4869 Codices
1459 4812 1790 4880 antiquiores
1842 4817 1933 4866 τὸν
1977 4815 2099 4866 Υξὸν

562 4891 724 4942 λασφ.

528 4891 724 5029 βλῗόσῶθ
771 4957 882 5020 Illa,
929 4955 1015 5025 μὴ
1052 4953 1348 5029 παραδῴς,
1405 4963 1694 5029 etc.,_non
1759 4956 2099 5029 reperiuntur

527 5024 744 5098 quidem
785 5030 836 5080 in
867 5024 1104 5081 editione
1155 5028 1392 5078 Romana
1427 5027 1566 5098 ised
1611 5025 1858 5091 leguntur
1888 5043 1937 5076 ιιι
1966 5024 2088 5077 Vul-

525 5097 669 5169 gata,
694 5099 882 5169 Latina
917 5099 1009 5150 lib.
1039 5098 1232 5150 Esther
1267 5111 1378 5169 X_|\',
1417 5097 1499 5148 ll.

600 5171 711 5239 (57)
739 5167 828 5220 Vir
851 5169 1243 5239 eruditissimus
1282 5167 1502 5239 Diligens
1533 5166 1620 5218 hic
1664 5163 2009 5239 vehementer
2045 5166 2096 5216 in

528 5235 720 5293 licium
756 5239 1041 5291 invellilttr.
1079 5235 1246 5287 Miror
1273 5237 1532 5300 equidem.
1563 5237 1759 5301 inquit,
1809 5235 2095 5286 audaciam

526 5312 604 5363 vel
643 5311 813 5374 potius
845 5309 1222 5373 impudentiam
1250 5304 1421 5364 Bezcv,
1448 5307 1534 5370 qui
1587 5321 1779 5357 meram
1808 5314 1856 5355 et
1885 5306 2095 5356 inanem

525 5381 788 5448 argutiam
811 5395 920 5430 esse
943 5380 1086 5448 dicit:
1116 5393 1232 5445 qua:
1253 5395 1282 5425 α
1306 5377 1647 5448 εαηειιεείιης
1677 5375 1830 5426 l’atre
1855 5375 1950 5426 hoc
1982 5377 2095 5425 (om

525 5445 884 5519 proferuntur,
920 5455 1024 5519 etc.
1061 5446 1168 5519 Par
1200 5456 1316 5498 erat
1350 5445 1563 5508 quidem
1618 5445 1809 5519 Beznn
1847 5459 2098 5519 reveren-

527 5515 633 5574 tius
658 5522 723 5572 de
776 5518 1096 5586 gravissimo
1140 5515 1296 5568 Patre
1345 5526 1506 5580 atque
1547 5515 1856 5567 doctissimo
1895 5515 2038 5580 loqui
2079 5531 2091 5564 :

526 5592 619 5643 sed
646 5591 687 5643 si
724 5591 856 5640 satis
886 5589 1163 5640 habuisset
1200 5587 1341 5638 illius
1395 5586 1720 5637 sententiam
1756 5601 1859 5635 non
1897 5586 2094 5651 proba-

530 5675 606 5724 re,
637 5660 764 5712 nihil
787 5670 950 5721 esset,
979 5659 1191 5725 opinor,
1211 5655 1356 5724 quod
1391 5667 1678 5720 tantopere
1702 5655 1978 5725 objurgari
2005 5654 2095 5707 de-

524 5723 747 5785 buisset.
782 5729 845 5781 Et
874 5723 1026 5780 vero
1051 5723 1411 5792 Hieronymus
1448 5727 1559 5791 ipse
1598 5723 1854 5776 Basilium
1909 5735 2094 5791 petere

527 5803 753 5860 \idctur,
783 5813 943 5866 atque
970 5799 1291 5851 scntentiun
1317 5799 1430 5864 ejus
1460 5793 1762 5848 confutare.
1783 5794 1906 5862 Ejus
1932 5796 2092 5847 verba

2167 4140 2206 4167 '”
2234 4139 2411 4192 Galat.
2443 4155 2513 4202 tv,
2541 4139 2592 4192 8.

2237 545 2326 595 ml.
2357 543 2486 608 Θεὸς
2533 548 2561 596 6
2607 547 2766 609 αὐτὸς
2800 549 3254 618 προσηγόρευται,
3283 555 3310 603 6
3342 554 3653 625 Μονογενής
3691 561 3812 610 ἐστι.

2233 635 2575 704 δηλούμενος,
2610 639 2921 708 ἐμφανίζων
2951 642 3142 694 ἑαυτὸν
3173 643 3313 694 κατὰ
3350 646 3543 711 γενεὰν
3564 653 3678 711 τοῖς
3718 653 3812 702 ἀν-

2235 727 2488 797 θρώποις.
2527 731 2619 782 καὶ
2649 732 2706 782 τὸ
2739 732 2948 802 θέλημα
2978 734 3070 786 τοῦ
3109 735 3319 804 Πατρὸς
3351 739 3460 798 τοῖς
3488 739 3663 805 ἁγίοις
3685 743 3803 793 ἑαν-

2234 818 2324 869 τοῦ
2351 819 2699 888 διαγγέλλων.
2727 825 2886 876 Ὥστε
2912 826 3112 878 καὶέπὶ
3138 827 3249 895 (55)
3269 826 3363 878 τοῦ
3384 829 3661 892 Μωῡσέως
3677 832 3812 884 ὄντα

2233 912 2422 963 ἑαυτὸν
2455 913 2744 982 ὀνομάσας,
2778 916 2874 968 οὐκ
2907 917 3062 979 ἄλλος
3097 935 3179 980 τις
3216 920 3368 988 παρὰ
3401 920 3491 971 τὸν
3529 920 3664 973 Θεὸν
3707 925 3811 974 Λό-

2231 1021 2343 1071 γον,
2371 1005 2462 1056 τὸν
2494 1007 2550 1057 ἐν
2584 1007 2723 1075 ἀρχῇ
2757 1007 2883 1059 ὄντα
2905 1010 3041 1078 πρὸς
3066 1011 3157 1062 τὸν
3190 1011 3344 1073 Θεὸν,
3375 1011 3614 1081 νοηθείη.

2301 1097 2386 1149 l9.
2427 1096 2562 1148 Ἀλλ’
2586 1099 2635 1149 οἱ
2666 1097 2762 1168 τὴν
2803 1099 3012 1150 ἀδικίαν
3043 1103 3120 1163 εἰς
3151 1103 3210 1153 τὸ
3254 1101 3386 1171 ὕψος
3411 1102 3699 1165 λαλοῦντες
3735 1105 3811 1173 μὴ

2229 1187 2356 1242 ὄντα
2389 1193 2704 1259 προσειπεῖν
2755 1189 2846 1242 τὸν
2882 1190 3008 1242 Υἰὸν
3049 1195 3148 1245 οὐκ
3180 1195 3535 1263 ἀπώκνησαν.
3585 1197 3699 1248 Καὶ
3747 1196 3811 1248 Ὀ

2225 1279 2339 1347 μὲν
2364 1279 2564 1348 ἄφρων
2578 1282 2646 1332 ἐν
2665 1280 2875 1347 καίὸίςι
2899 1284 3083 1335 αὐτοῦ
3104 1282 3290 1345 εἶπεν,
3326 1289 3444 1339 Οὺκ
3474 1289 3605 1340 ἔστι
3639 1289 3806 1351 Θεός·

2229 1370 2277 1420 οἱ
2333 1370 2388 1421 δὲ
2435 1371 2494 1421 οὐ
2530 1371 2883 1442 διενοήθησαν
2929 1374 3108 1443 μόνον,
3146 1376 3281 1428 ἀλλὰ
3315 1377 3406 1428 καὶ
3449 1378 3723 1446 ἐλάλησαν
3754 1379 3810 1429 ἐν

2231 1461 2483 1531 πονηρίᾳ,
2514 1463 2606 1514 καὶ
2637 1467 2820 1534 γραφῇ
2859 1464 3191 1535 παραδοῦναι
3227 1470 3303 1530 εἰς
3334 1469 3424 1520 τὸν
3460 1470 3649 1521 ἔπειτα
3675 1470 3809 1539 χρό-

2228 1566 2316 1602 νον
2339 1551 2396 1602 of»
2428 1556 2831 1624 παρῃτήσαντο,
2873 1555 2945 1624 μὴ
2987 1557 3116 1607 ὂντα
3153 1557 3522 1626 τολμήσαντες
3558 1560 3648 1611 τὸν
3672 1559 3810 1611 Θεὸν

2228 1643 2509 1711 ὀνομάσαι.
2545 1646 2651 1696 Καὶ
2677 1647 2862 1712 ἐπειδὴ
2905 1663 2966 1714 γε
3013 1647 3211 1717 ὁρῶσιν
3238 1649 3356 1701 οὐδὲ
3383 1652 3510 1712 τοὺς
3539 1651 3807 1718 δαίμονας

2229 1733 2424 1796 αὐτοὺς
2462 1735 2904 1807 ἀπαρνουμένους
2931 1739 2990 1791 τὸ
3030 1735 3168 1790 εἶναι
3203 1739 3353 1804 Θεὸν,
3390 1737 3555 1803 οὗτοι,
3591 1743 3672 1802 εἰς
3711 1743 3806 1792 τὸν

2223 1825 2450 1878 κατόπιν
2481 1825 2591 1898 (54)
2618 1829 2804 1897 χρόνον
2837 1830 3220 1892 ἐπανελθόντες
3254 1830 3330 1900 τῷ
3363 1831 3524 1901 λόγῳ,
3557 1833 3675 1884 ὲκεῖ
3700 1833 3806 1902 τὴν

2223 1919 2390 1988 ἀσεϐῆ
2422 1919 2627 1971 ἑαυτῶν
2647 1921 2937 1992 ἐπιθυμίαν
2964 1920 3364 1991 ἀποπληροῦσι,
3399 1923 3472 1992 μὴ
3504 1919 3643 1974 εἶναί
3668 1939 3803 1974 ποτε

2221 2013 2309 2064 τὸν
2341 2013 2465 2064 Υίὸν
2497 2011 2936 2084 βλασφημοῦντες
2973 2016 3106 2084 (55),
3147 2015 3222 2076 ὡς
3249 2018 3314 2085 τῇ
3349 2015 3444 2080 μὲν
3470 2014 3665 2067 ἑαυτοῦ
3700 2014 3804 2080 φύε

2222 2121 2302 2156 σει
2338 2107 2409 2174 μὴ
2438 2105 2584 2162 ὄντα,
2615 2108 2794 2174 χάριτι
2817 2107 2872 2158 δὲ
2907 2109 2984 2170 είς
3011 2109 3068 2160 τί)
3093 2105 3230 2159 εἶναι
3251 2107 3353 2159 ὑπὸ
3379 2106 3470 2159 τοῦ
3496 2106 3630 2158 Θεοῦ
3658 2124 3802 2173 παρο

2223 2196 2470 2264 αχθέντα.
2533 2194 2668 2250 Εἶτα
2696 2198 2761 2268 ἢν
2782 2201 2809 2250 6
2839 2199 3048 2261 Παῦλος
3065 2199 3192 2269 περὶ
3222 2198 3329 2249 τῶν
3358 2199 3588 2251 εἰδώλων
3617 2200 3798 2270 ἀφῆκε

2223 2289 2426 2357 φωνὴν,
2477 2289 2664 2342 εἰπών·
2718 2290 3154 2344 Ἐδουλεύσατε
3181 2290 3304 2354 τοῖς
3330 2291 3508 2357 φύσει
3539 2293 3627 2359 μὴ
3655 2287 3798 2346 οὖσι

2222 2380 2412 2444 θεοῖς·
2447 2383 2540 2434 καὶ
2577 2384 2604 2434 ὁ
2645 2383 2943 2453 Ἱερεμίας·
2979 2384 3089 2436 Καὶ
3125 2382 3413 2451 ὤμνυσαν
3459 2383 3528 2434 ἐν
3558 2383 3681 2446 τοῖς
3714 2384 3796 2450 μή

2222 2469 2363 2525 οὖσι
2405 2473 2591 2538 θεοῖς·
2617 2477 2709 2528 καὶ
2742 2480 2774 2547 ἡ
2803 2479 3091 2546 σοφωτάτη
3155 2477 3386 2547 Ἐσθήρ·
3448 2475 3546 2542 Μὴ
3603 2491 3791 2543 παρα-

2218 2563 2338 2630 ὃῷς
2366 2563 2499 2634 (56),
2543 2567 2744 2632 Κύριε,
2773 2569 2836 2620 τὸ
2865 2569 3180 2636 σκῆπτρόν
3213 2585 3327 2621 σου
3361 2567 3483 2632 τοῖς
3514 2566 3599 2636 μὴ
3623 2562 3794 2620 οὖσιο

2219 2660 2427 2727 ταύτην
2473 2649 2618 2709 οὗτοι
2655 2659 2781 2725 περὶ
2805 2659 2895 2710 τοῦ
2927 2660 3176 2729 ἀληθινοῦ
3208 2658 3342 2710 Θεοῦ
3381 2645 3647 2720 εἰπόντες,
3677 2659 3798 2719 πῶς

2220 2748 2284 2801 ἂν
2313 2748 2536 2811 δικαίως
2585 2748 2665 2799 ἔτι
2709 2750 2807 2815 τῆς
2851 2747 3190 2815 Χριστιανῶν
3232 2746 3601 2817 προσηγορίας
3639 2762 3796 2814 μετα-

2220 2842 2490 2902 ποιοῖντο;
2540 2842 2649 2892 Καὶ
2693 2839 2801 2908 γάρ
2831 2855 2932 2889 που
2983 2837 3076 2889 καὶ
3121 2837 3345 2906 ἑτέρωθι
3375 2839 3402 2889 6
3451 2839 3610 2898 αὐτὸς
3643 2831 3797 2898 οὗτος

2234 2934 2569 2996 Ἀπόστολος,
2593 2935 2620 2984 6
2645 2935 2700 2984 ἐν
2732 2931 3008 3000 Πνεύματι
3038 2929 3171 2982 Θεοῦ
3205 2928 3399 2991 λαλῶν,
3433 2928 3506 2998 μὴ
3527 2928 3656 2979 ὄντα
3681 2930 3796 2981 ὀνο-

2222 3023 2379 3092 μάζει
2412 3026 2478 3076 τὰ
2511 3024 2637 3094 ἔθνη
2661 3024 2748 3075 διὰ
2774 3025 2833 3076 τὸ
2861 3024 2960 3092 τῆς
2986 3021 3238 3091 γνώσεως
3275 3020 3369 3072 τοῦ
3397 3018 3530 3072 Θεοῦ
3571 3019 3798 3087 ἐστερῆ-

2222 3112 2362 3172 σθαι,
2423 3113 2614 3173 εἰπὼν,
2651 3114 2732 3164 ὅτι
2786 3113 2860 3166 Τὰ
2903 3111 2986 3181 μὴ
3019 3111 3164 3164 ὄντα
3195 3110 3515 3174 ἐξελέξατο
3549 3113 3581 3162 ό
3629 3111 3794 3173 Θεός.

2232 3203 2385 3254 Ἐπεὶ
2427 3203 2535 3271 γὰρ
2574 3202 2647 3254 ὢν
2679 3206 2770 3254 καὶ
2805 3203 3029 3273 ἀλήθεια
3065 3204 3158 3255 καὶ
3207 3201 3318 3272 ζωὴ
3347 3204 3374 3254 6
3401 3201 3552 3263 Θεὸς,
3614 3203 3663 3253 οἱ
3718 3199 3797 3270 τῷ

2217 3295 2336 3363 Θεῷ
2365 3293 2441 3362 τῷ
2470 3293 2583 3346 ὄντι
2637 3294 2711 3363 μὴ
2765 3295 3035 3362 ἡνωμένοι
3079 3295 3219 3346 κατὰ
3257 3295 3354 3363 τὴν
3397 3295 3600 3354 πίστιν,
3630 3296 3695 3362 τῇ
3742 3293 3799 3344 δὲ

2220 3386 2526 3455 ἀνυπαρξία
2560 3386 2653 3438 τοῦ
2702 3386 2930 3454 ψεύδους
2979 3385 3474 3450 οἰκειωθέντεςόιά
3509 3385 3612 3454 τῆς
3670 3386 3799 3454 περὶ

2216 3479 2284 3529 τὰ
2338 3478 2528 3530 εἰδωλα
2577 3477 2802 3546 πλάνης,
2860 3476 3102 3539 εἰκότως,
3135 3473 3306 3546 οἶμαι,
3343 3478 3430 3529 διὰ
3459 3477 3556 3546 τὴν
3597 3479 3795 3547 στέρη-

2222 3587 2304 3623 σιν
2342 3573 2440 3641 τῆς
2475 3571 2749 3640 ἀληθείας,
2782 3573 2876 3622 καὶ
2920 3571 3018 3640 τὴν
3052 3570 3160 3621 ἀπὸ
3197 3569 3295 3629 τῆς
3326 3568 3470 3636 ζωῆς
3499 3570 3796 3640 ἀλλοτρίω-

2220 3678 2322 3726 σιν,
2376 3664 2450 3733 μὴ
2497 3665 2643 3726 ὖντες
2723 3661 3262 3732 προσηγορεύθησαν.
3323 3658 3485 3712 Ἀλλὰ
3535 3661 3631 3712 καὶ
3683 3667 3797 3723 τοίς

2232 3754 2498 3822 Ἐφεσίοις
2555 3755 2883 3816 ἐπιστέλλων
2941 3756 3016 3818 ὡς
3072 3755 3307 3825 γνησίως
3363 3753 3666 3824 ἡνωμένοις
3719 3754 3797 3823 τῷ

2219 3844 2330 3895 ὄντι
2363 3844 2428 3896 δι’
2465 3844 2830 3911 ἐπιγνώσεως,
2856 3844 3013 3905 ὄντας
3030 3845 3226 3906 αὐτοὺς
3247 3844 3557 3908 ἰδιαζόντως
3579 3843 3800 3914 ὠνόμα-

2218 3951 2330 3996 σεν,
2362 3933 2548 3987 εἰπὼν·
2582 3936 2690 4001 (57»
2719 3937 2842 3998 Τοῖς
2870 3936 3060 4001 ἁγίοις
3079 3935 3201 3997 τοῖς
3231 3930 3394 3997 οὖσι,
3419 3936 3518 3987 καὶ
3551 3935 3797 3998 πιστοῖς

2215 4027 2283 4078 ἐν
2311 4026 2541 4094 Χριστῷ
2586 4027 2809 4092 Ἰησοῦ.
2840 4026 2995 4077 Οὖτω
3022 4025 3130 4095 γὰρ
3156 4026 3249 4077 καὶ
3283 4027 3330 4076 oi
3369 4024 3474 4095 πρὸ
3502 4025 3662 4095 ἡμῶν
3693 4042 3798 4077 πα-

2697 4141 2739 4168 τι
2769 4139 2964 4192 Jeretn.
3001 4153 3052 4201 v,
3087 4137 3137 4189 7.
3267 4137 3311 4173 ⁷³
3345 4137 3536 4189 Esther
3565 4151 3674 4200 ιιν,
3706 4139 3791 4192 “-

2209 4331 2334 4374 sunt
2369 4321 2483 4374 hiec
2518 4320 2674 4372 initio
2704 4320 3090 4373 Counnentarii
3116 4320 3196 4371 sui
3220 4322 3272 4370 in
3313 4319 3484 4386 Epist.
3515 4319 3582 4370 ad
3624 4319 3794 4385 Ephe-

2207 4395 2310 4443 sios
2337 4408 2355 4443 :
2385 4391 2640 4455 Quidam,
2664 4393 2919 4443 curiosius
2957 4407 3112 4453 quam
3138 4407 3340 4442 necare
3379 4401 3474 4444 est.
3505 4401 3694 4453 putant
3729 4407 3795 4443 ex

2139 4485 2178 4536 υ
2207 4480 2263 4513 eo
2296 4462 2432 4536 quod
2469 4459 2643 4536 Moysi
2693 4463 2889 4536 dictum
2927 4462 2990 4510 sit
3032 4476 3050 4512 :
3080 4460 3536 4536 llaec-dieesdiliis
3567 4461 3734 4513 Israel
3774 4480 3788 4513 :

2209 4534 2307 4595 Qui
2336 4543 2436 4589 est,
2479 4533 2620 4583 misit
2653 4547 2756 4592 me,
2790 4532 2946 4582 etiam
2976 4547 3060 4581 eos
3087 4532 3175 4597 qui
3207 4529 3394 4593 Ephesi
3452 4539 3569 4580 sunt
3620 4532 3796 4583 sancti

2207 4619 2246 4652 et
2276 4602 2481 4666 fideles,
2507 4603 2744 4652 assentire
2775 4600 3020 4651 voeabqu
3055 4610 3400 4664 nuncupatos.
3439 4597 3792 4662 thuomodo

2206 4692 2233 4721 a
2274 4682 2454 4724 sancto
2486 4672 2674 4732 sanrti,
2704 4670 2901 4737 ajusto
2928 4669 3086 4736 justi,
3128 4685 3157 4719 α
3194 4669 3448 4731 sapientia
3477 4671 3744 4735 sapientes
3775 4687 3791 4722 :

2207 4743 2279 4791 im
2316 4743 2380 4792 ab
2424 4758 2483 4793 eo
2525 4742 2611 4807 qui
2649 4750 2759 4801 est,
2783 4739 2836 4790 hi
2871 4741 2961 4808 qui
2994 4751 3114 4791 sunt
3148 4739 3494 4803 appellentur,
3537 4751 3582 4790 et
3629 4741 3792 4808 juxta

2204 4815 2440 4862 enuntiem
2476 4814 2779 4875 Apostolum
2811 4811 3030 4876 elegisse
3067 4809 3226 4860 Deum
3261 4826 3318 4860 ea
3348 4826 3584 4870 qua-non
3617 4824 3791 4874 erant,

2207 4892 2259 4930 ut
2307 4884 2597 4933 destrueret
2645 4897 2704 4931 ea
2759 4896 2878 4946 qua;
2924 4888 3093 4930 erant.
3135 4879 3386 4930 [insiliunt
3440 4881 3529 4946 qui
3570 4878 3790 4946 legerit,

2204 4968 2327 5002 ιιειιιι
2365 4951 2432 5004 ab
2467 4951 2798 5018 Hieronymo
2835 4949 3018 5016 impeti
3067 4949 3225 5001 facile
3266 4947 3370 5001 sibi
3415 4953 3790 5015 persuadebit.

2206 5025 2310 5073 Sed
2345 5023 2394 5072 id
2452 5021 2578 5072 facit
2635 5021 2908 5076 iuudeste.
2960 5019 3286 5085 prudenter,
3341 5019 3790 5085 circumspecte:

2207 5107 2364 5152 quam
2411 5091 2773 5154 redarguendi
2807 5089 3074 5141 rationem
3116 5087 3314 5140 imitari
3341 5090 3599 5140 debuerat
3625 5086 3788 5139 Buzzi.

2204 5161 2514 5214 Fateuimur
2551 5177 2667 5218 nos,
2704 5160 2873 5211 videri
2937 5159 3188 5210 Basiliam
3237 5174 3346 5209 rem
3385 5174 3490 5208 non
3529 5161 3662 5209 satis
3709 5170 3793 5208 at-

2206 5233 2461 5284 teutllsse.
2525 5229 2871 5281 Arbitrantur
2945 5230 3126 5296 itaque
3160 5265 3176 5291 ,
3232 5225 3512 5280 Usserium
3569 5231 3790 5288 scruti,

2206 5301 2351 5351 Pauli
2413 5300 2478 5351 ad
2530 5300 2790 5365 Ephesios
2851 5298 3142 5365 Epistulam
3193 5300 3504 5350 cfrcutarcm
3578 5299 3790 5356 fuisse.

2203 5385 2364 5437 atque
2419 5386 2482 5420 ex
2527 5385 2680 5434 arjuu
2731 5372 2797 5421 ad
2835 5384 3023 5420 Omnes
3055 5369 3198 5420 Asiae
3231 5368 3394 5420 urbes
3435 5371 3788 5434 pertinuisse.

2208 5443 2340 5492 tliuc
2377 5440 2602 5506 t‘Onligtt
2627 5449 2681 5489 ut
2705 5439 3024 5506 simpliciter
3051 5438 3308 5503 inscripta
3340 5441 3427 5497 sit,
3458 5440 3570 5499 τοῖς
3605 5438 3789 5503 ἁγίοις

2201 5513 2314 5569 τοῖς
2341 5505 2479 5572 οὖσι,
2511 5518 2568 5559 ιιι
2614 5524 2735 5561 cum
2774 5505 3083 5560 mitteretur
3110 5509 3175 5560 ad
3215 5509 3373 5558 altam
3417 5511 3602 5559 urbem
3637 5548 3649 5566 ,
3684 5509 3789 5556 alio

2205 5583 2422 5634 nomine
2460 5580 2871 5632 inscriberetur.
2894 5577 3003 5630 lloc
3033 5578 3083 5628 in
3116 5592 3275 5630 causa
3313 5577 3429 5636 fuit,
3461 5587 3518 5627 ut
3545 5580 3786 5634 videtur,

2203 5667 2300 5703 cur
2342 5651 2540 5702 Marcio
2590 5649 2872 5716 epistolam
2923 5662 3041 5700 eam
3069 5663 3187 5713 ιιιιςυ
3233 5649 3297 5698 ad
3331 5648 3785 5714 lipbesiosniissa

2206 5722 2399 5782 fuerat,
2435 5721 2652 5773 nomine
2694 5719 2941 5783 lipistolre
2978 5717 3041 5768 ad
3090 5717 3426 5770 Laodicenos
3450 5719 3598 5768 citet.
3643 5716 3788 5784 Lege

2206 5789 2594 5845 Tertulliatlunt
2643 5790 2693 5842 in
2729 5788 3049 5841 Marcionem
3091 5790 3176 5840 ltb.
3222 5803 3273 5844 v.
3303 5805 3420 5856 cap.
3460 5787 3546 5850 11,
3573 5800 3628 5841 et
3668 5804 3788 5838 rur-
