4026 6434
212 404 321 455 615

1294 402 1660 456 ADVERSUS
1698 402 2057 458 El‘NOMIUM
2099 403 2227 457 LIB.
2270 405 2332 457 ll.

3337 408 3439 458 οιι

215 517 573 589 ραδεδώκασι,
605 519 695 569 καὶ
732 521 762 587 ὴ
776 522 891 587 μείς
926 521 980 570 ὲν
1042 523 1144 580 τοῖς
1199 522 1445 583 παλαιοῖς
1482 521 1585 572 τῶν
1633 522 1773 572 ἀντι-

1884 522 2012 573 servi
2043 519 2244 574 Christi
2279 520 2562 588 participes
2598 530 2724 572 sunt
2759 521 3118 588 appellatione
3153 520 3315 574 Deum
3351 540 3437 574 no-

210 608 442 677 γράφων
467 608 795 677 εὑρήκαμεν.
855 610 911 659 Ὀ
938 610 991 661 δὲ
1023 610 1141 660 οὑδὲ
1169 604 1235 679 ἧς
1264 610 1375 679 (58)
1404 614 1453 663 οί
1486 612 1657 663 δοῦλοι
1680 610 1771 661 τοῦ

212 697 451 769 Χριστοῦ
476 700 841 769 προσηγορίας
874 700 1207 768 μετέγουσιν,
1237 701 1355 753 οὑδὲ
1385 703 1583 771 ταύτης
1614 701 1776 765 ἀξιῶ-

214 806 305 840 σαι
377 788 467 840 τὸν
515 790 644 840 Θεὸν
710 789 859 859 ἡμῶν
905 788 1188 857 ἠνέσχετο,
1238 790 1370 842 ἀλλὰ
1428 792 1514 843 τὸν
1570 793 1633 843 ὲκ
1684 792 1774 844 τοῦ

214 881 293 949 μὴ
324 882 473 942 ὄντος
505 882 581 940 είς
627 880 684 931 τὸ
728 877 863 932 εἶναι
906 883 1292 949 παραγαγόντα
1322 882 1419 949 τὴν
1464 884 1659 944 κτίσιν,
1706 882 1777 951 μὴ

210 972 341 1023 ὄντα
380 974 656 1041 προσεῖπε.

214 1066 497 1134 σεμνύνειν
544 1067 631 1117 τὶν
663 1066 861 1135 Κύριον
893 1068 1019 1134 (59).

289 1158 445 1210 ΕΥΝ.
489 1158 561 1209 Οὑ
608 1160 1035 1227 κοινοποιοῦμεν,
1094 1161 1257 1230 φησι,
1302 1161 1393 1213 τοῦ
1442 1162 1776 1228 Μονογενοῦς

210 1250 312 1319 τὴν
345 1248 528 1300 οὐσίαν
570 1250 703 1317 πρὸς
731 1250 796 1301 τά
828 1252 889 1301 ἐκ
935 1252 1007 1320 μὴ
1032 1251 1195 1303 όντων
1228 1252 1511 1322 γενόμενα,
1549 1254 1773 1323 ἐπείπερ

210 1344 315 1394 οὑκ
343 1340 497 1393 οὐσία
522 1341 582 1393 τὸ
635 1342 706 1410 μὴ
754 1341 811 1393 δν
837 1358 849 1371 ·
886 1342 1022 1394 ἀλλὰ
1068 1343 1332 1409 τοσαύτην
1364 1343 1509 1411 αὑτῷ
1541 1344 1773 1412 νέμομεν

209 1435 313 1503 τὴν
342 1433 631 1501 ὑπεροχὴν,
661 1434 789 1501 ὅσην
822 1433 967 1503 ἔχειν
996 1435 1287 1501 ἀναγκαῖον
1312 1434 1419 1485 τῶν
1456 1435 1600 1486 ἰδίων
1625 1451 1779 1504 ποιη-

212 1522 403 1591 μάτων
438 1522 526 1571 τὸν
552 1523 800 1591 ποιητήν.

287 1611 433 1663 ΒΑΣ.
468 1610 567 1663 Διὰ
613 1611 719 1662 τῶν
765 1609 1117 1662 κατασκευῶν
1170 1613 1248 1672 είς
1279 1609 1434 1662 τοῦτο
1482 1612 1570 1663 τὸν
1626 1610 1779 1677 λόγον

210 1702 575 1771 προαγαγὼν,
637 1700 714 1769 τῷ
773 1702 971 1769 ῥήματι
1026 1700 1182 1769 δῆθεν
1260 1701 1777 1771 φιλανθρωπεὺεται,

1882 618 2054 662 strum
2088 609 2245 661 voluit
2278 609 2633 661 cohonestare
2672 628 2682 660 :
2723 610 2815 661 sed
2844 624 2990 674 eum,
3029 612 3118 679 qui
3154 624 3218 662 ex
3273 610 3441 663 nihilo

1883 701 1948 751 ad
1976 716 2085 752 esse
2113 708 2390 751 creaturas
2419 700 2690 767 produxit,
2738 715 2840 751 non
2878 701 3225 755 exsistentem
3262 702 3444 769 appel-

1885 789 2032 841 lavit.
2067 789 2170 842 Sed
2199 790 2376 855 quivis
2410 790 2533 841 inde
2560 790 2728 856 magis
2757 790 3003 843 didicerit
3047 791 3165 857 ejus
3200 802 3443 844 contem-

1889 891 2061 947 ptum,
2098 880 2235 931 unde
2269 882 2521 931 decorare
2555 894 2613 931 se
2654 878 2934 933 Dominum
2974 881 3212 934 simulat.

721 972 885 1023 Πλέον
948 973 992 1025 δ’
1042 976 1105 1026 ἂν
1169 991 1251 1035 τις
1307 974 1467 1027 αὑτοῦ
1513 976 1608 1045 τὴν
1672 973 2072 1042 καταφρόνησιν
2124 973 2458 1041 καταμάθοι,
2515 973 2572 1037 ἐξ
2608 967 2679 1025 ὧν
2720 977 3092 1046 προσποιεῖται
3123 975 3279 1046 δῆθεν
3305 978 3440 1029 ἀπο·

1958 1152 2089 1205 Ευκ.
2117 1151 2479 1205 Substantiam
2528 1151 2817 1219 Unigeniti,
2846 1152 3034 1220 inquit,
3073 1170 3177 1207 non
3213 1155 3440 1211 facimus

1881 1257 2217 1297 communem
2276 1243 2339 1295 iis
2372 1258 2489 1310 qua!
2519 1260 2581 1297 cx
2628 1245 2794 1299 nihilo
2838 1246 2973 1298 facta
3039 1256 3184 1298 sunt.
3226 1247 3438 1302 Etenim

1881 1335 2182 1387 substantia
2240 1350 2341 1389 non
2376 1342 2457 1388 est
2491 1337 2631 1401 quod
2678 1353 2781 1391 non
2836 1348 2921 1391 est
2958 1355 2970 1389 :
3010 1341 3101 1391 sed
3149 1348 3349 1394 tantam
3390 1344 3439 1395 ιιί

1880 1426 2248 1493 przestantiam
2289 1426 2591 1489 tribuimus,
2623 1438 2876 1495 quantam
2920 1443 3139 1483 necesse
3172 1440 3256 1485 est
3281 1446 3440 1485 crea-

1878 1522 2047 1565 tura'm
2084 1528 2191 1580 pra:
2224 1514 2335 1567 suis
2364 1514 2531 1582 ipsius
2561 1515 2821 1569 creaturis
2868 1517 3088 1572 habere.

1956 1602 2077 1656 Bas.
2110 1604 2463 1673 Posteaquam
2494 1609 2826 1675 argumentis
2867 1611 2977 1663 suis
3008 1611 3121 1665 buc-
3143 1612 3441 1665 orationem

1885 1694 2124 1755 deduxit,
2156 1695 2435 1747 humanior
2471 1696 2661 1759 factus,
2696 1701 2857 1753 verbo
2879 1700 3101 1765 scilicet,
3132 1704 3204 1755 ait
3228 1716 3285 1757 se
3314 1702 3443 1757 Uni-

209 1786 309 1837 καί
345 1802 492 1852 φησι,
532 1784 604 1852 μὴ
644 1786 963 1836 κοινοποιείν
998 1784 1132 1854 πρὸς
1165 1786 1231 1836 τὰ
1283 1788 1345 1836 ἐκ
1376 1786 1447 1854 μὴ
1487 1785 1652 1837 ὄντων
1683 1787 1778 1855 τὴν

1887 1787 2049 1853 geniti
2076 1788 2433 1839 substantiam
2481 1788 2547 1841 iis
2582 1804 2700 1856 qua:
2731 1805 2794 1843 ex
2838 1791 3005 1845 nihilo
3038 1802 3181 1855 sunt,
3218 1808 3323 1847 non
3362 1795 3445 1845 fa-

206 1875 399 1930 οὑσίαν
439 1874 528 1927 τοῦ
572 1874 927 1941 Μονογενοῦς.
960 1874 1150 1927 Καίτοι
1201 1879 1245 1927 εί
1275 1879 1301 1928 ό
1330 1876 1458 1938 Θεὸς
1486 1877 1592 1928 τῶν
1623 1878 1777 1939 ὅλων,

205 1969 299 2022 διὰ
352 1970 413 2020 τὸ
455 1968 743 2039 ἀγέννητος
795 1965 964 2033 εἶναι,
1004 1971 1303 2037 ἀναγκαίαν
1360 1971 1471 2040 ἔχει
1520 1971 1617 2040 τὴν
1648 1972 1781 2039 πρὸς

207 2059 283 2111 τὰ
338 2060 565 2129 γεννητὰ
600 2060 972 2130 παραλλαγὴν,
1014 2061 1081 2114 τὰ
1126 2063 1182 2115 δὲ
1232 2063 1467 2131 γεννητὰ
1493 2063 1783 2132 σύμπαντα

208 2150 395 2219 κσινὴν
445 2150 556 2219 ἔχει
619 2150 714 2220 τὴν
766 2154 827 2203 ἐκ
877 2152 949 2221 μὴ
977 2152 1143 2205 ὄντων
1181 2154 1287 2223 (40)
1329 2154 1640 2215 ὑπόστασιν,
1668 2152 1782 2215 πῶς

208 2242 334 2310 οὑχ).
376 2241 681 2308 ἀναγκαίως
724 2242 896 2295 ταῦτα
937 2243 1076 2295 κατά
1105 2244 1200 2314 τὴν
1228 2245 1387 2312 φύσιν
1416 2245 1739 2297 συνάπτεται
1767 2260 1779 2305 ;

220 2334 311 2393 Ὠς
341 2334 449 2403 γὰρ
491 2334 606 2385 ἐκεῖ
632 2334 693 2385 τὸ
727 2334 1019 2401 ἀπρόσιτον
1051 2335 1158 2403 (Η)
1182 2335 1412 2404 διίστησι
1440 2337 1537 2399 τὰς
1572 2336 1779 2404 φύσεις,

206 2420 385 2485 οὕτως
411 2423 639 2475 ἐνταῦοα
659 2424 718 2474 τὸ
742 2426 999 2491 ὁμότιμον
1024 2427 1102 2487 είς
1126 2427 1319 2477 ταυτ“.ν
1370 2425 1618 2497 ἀλλήλοις
1666 2444 1783 2478 συν-

212 2518 361 2582 άγει.
409 2516 500 2567 Ἐκ
538 2516 611 2583 μὴ
652 2514 815 2566 ὄντων
838 2514 893 2566 δὲ
923 2516 1170 2582 λέγοντες
1213 2518 1302 2570 τὸν
1328 2520 1452 2571 Υίδν
1479 2519 1661 2572 καὶτὰ
1694 2522 1781 2573 ὑπ’

208 2607 376 2658 αὑτοῦ
432 2605 723 2673 γενόμενα,
776 2606 869 2658 καὶ
922 2609 1347 2672 κοινοποιοῦντες
1410 2610 1589 2664 αὑτῶν
1646 2612 1785 2664 κατὰ

206 2697 502 2767 τοῦτο’τὴν
545 2699 731 2767 φύσιν,
767 2698 825 2751 οὗ
857 2718 1018 2767 φασιν
1048 2703 1234 2772 ὁμοίαν
1269 2703 1416 2774 αὑτῴ
1451 2704 1587 2774 πρὸς
1620 2704 1688 2757 τά
1722 2707 1783 2757 ἐκ

212 2788 289 2857 μὴ
330 2788 494 2839 ὄντων
532 2788 726 2841 διδόναι
752 2790 847 2860 τὴν
879 2792 1083 2845 οὐσίαν.
1114 2795 1222 2845 Καὶ
1247 2794 1352 2863 γάρ
1385 2791 1450 2847 αὖ
1484 2796 1575 2847 κα)⁸
1604 2796 1779 2858 τοῦτο,

210 2878 289 2941 ὡς
323 2878 483 2941 αὑτὸς
516 2880 715 2949 Κύριος
738 2880 832 2944 ὣν,
857 2885 978 2935 ὅσον
1018 2883 1259 2952 βούλεται
1292 2886 1547 2957 παρέχειν
1574 2888 1679 2956 (4⁵2)
1709 2888 1784 2956 τῷ

210 2970 508 3038 Μονογενεί
556 2972 655 3040 τῆς
704 2974 885 3038 ἀξίας.
932 2974 1072 3026 οὑτω
1118 2978 1346 3028 ποιεῖται
1394 2980 1519 3038 τοὺς
1574 2978 1780 3045 λόγους·

210 3060 493 3131 Τοσαύτην
538 3064 645 3131 γάρ
680 3064 822 3131 αὑτῷ
852 3064 1117 3132 νέμομεν,
1164 3065 1328 3134 φησὶ,
1365 3072 1463 3134 τὴν
1493 3068 1781 3138 ὑπεροχὴν,

1888 1892 2010 1929 cere
2044 1891 2405 1930 communem.
2436 1879 2594 1947 Atqui
2624 1880 2667 1933 si
2696 1878 2834 1934 Deus
2872 1882 3268 1949 universorum,
3299 1890 3440 1955 qttml

1886 1966 2148 2035 ingenitus
2178 1976 2279 2033 est,
2334 1983 2361 2020 a
2408 1970 2600 2037 genitis
2658 1974 2962 2027 necessario
2996 1975 3207 2043 diﬂ‘ert,
3263 1980 3440 2047 genita

1884 2070 2059 2110 autem
2090 2058 2268 2111 omnia
2300 2074 2641 2113 communem
2670 2061 2869 2116 habent
2892 2080 2955 2118 ex
2991 2066 3158 2119 nihilo
3179 2070 3443 2123 exsisten-

1887 2146 2034 2210 tiam,
2088 2162 2263 2201 nonne
2295 2152 2409 2202 haec
2448 2150 2586 2203 inter
2633 2165 2692 2203 se
2741 2162 2929 2206 natura
2973 2157 3280 2211 necessario
3313 2174 3445 2212 con-

1879 2232 2214 2303 junguntur?
2267 2236 2725 2301 Quemadmodum
2782 2243 2922 2293 enim
2956 2243 3066 2298 illic
3111 2245 3441 2303 inaccessum

1882 2326 2137 2392 quiddam
2198 2326 2428 2397 seiungit
2490 2342 2707 2385 naturas
2762 2352 2773 2384 :
2840 2334 2912 2386 ita
2975 2335 3061 2389 hic
3116 2338 3442 2393 conditionis

1883 2418 2188 2485 xqualitate
2213 2422 2354 2472 inter
2376 2422 2505 2474 sein
2532 2438 2693 2477 unum
2715 2435 2769 2478 et
2804 2425 2940 2479 idem
2972 2428 3441 2497 colliguntur.Etsi

1886 2511 2028 2562 enim
2057 2510 2249 2564 Filium
2291 2521 2343 2565 ct
2366 2529 2428 2567 ea
2463 2529 2582 2583 qum
2614 2516 2682 2568 ab
2704 2517 2816 2583 ipso
2842 2518 2981 2573 facta
3004 2531 3147 2585 sunt,
3181 2523 3362 2577 dicant
3386 2540 3444 2578 se

1885 2615 1948 2655 ex
1983 2602 2165 2667 nihilo,
2191 2618 2485 2674 eorumque
2513 2615 2756 2660 naturam
2791 2612 3083 2664 secundum
3114 2612 3214 2665 hoc
3247 2612 3445 2667 faciant

1888 2708 2249 2757 communem,
2284 2706 2478 2763 negant
2510 2706 2685 2750 tamen
2717 2713 2775 2752 se
2804 2700 2852 2752 ei
2900 2702 3257 2755 substantiam
3289 2704 3445 2757 tactis

1885 2798 1949 2837 ex
1988 2785 2155 2838 nihilo
2185 2787 2342 2839 rebus
2369 2789 2599 2842 similem
2635 2791 2891 2845 tribuere.
2928 2792 3061 2847 Nam
3085 2809 3290 2857 rursus,
3322 2804 3443 2848 tan-

1886 2889 2042 2940 quam
2084 2877 2127 2928 si
2165 2877 2277 2944 ipse
2314 2878 2571 2931 Dominus
2592 2880 2685 2942 sit,
2716 2890 2774 2932 ut
2801 2891 3058 2949 quantum
3096 2886 3209 2937 vult
3257 2885 3445 2952 imper-

1888 2967 1983 3018 tiat
2010 2968 2287 3035 dignitatis
2330 2969 2633 3039 Unigenito,
2666 2972 2747 3026 sic
2774 2972 3047 3042 loquitur:
3086 2974 3337 3040 Tantam,
3364 2978 3447 3029 in-

1885 3060 2021 3128 quit,
2052 3061 2339 3115 tribuimus
2372 3063 2419 3117 ei
2448 3064 2839 3129 excellentiam,
2867 3077 3069 3135 quanta
3112 3082 3445 3140 necessecst

207 3154 333 3205 ὅσον
362 3154 647 3223 ὑπερέχειν
675 3156 964 3224 ἀναγκαῖον
1005 3158 1111 3209 τῶν
1161 3160 1305 3212 ἰδίων
1352 3162 1671 3232 ποιημάτων
1695 3164 1778 3215 τὸν

1892 3163 2197 3206 creatorem
2226 3154 2473 3222 proprias
2506 3167 2781 3209 creaturas
2808 3172 3081 3225 superare.
3116 3158 3230 3213 Non
3269 3161 3442 3215 dixit:

209 3245 459 3313 ποιητήν.
504 3244 613 3296 Οὐκ
638 3240 787 3307 εἷπε,
822 3248 1235 3320 Κατειλήφαμεν
1263 3251 1293 3321 ἢ
1323 3251 1615 3321 δοξάζομεν
1646 3252 1776 3323 (45),

209 3337 285 3395 ὡς
321 3336 415 3387 ἐπὶ
457 3334 590 3387 Θεοῦ
636 3338 905 3407 προσῆκον
942 3336 1007 3405 ἦν
1033 3358 1044 3368 ·
1078 3342 1246 3406 ἀλλὰ,
1280 3342 1552 3412 Νέμομεν,
1585 3344 1657 3405 ὡς
1685 3346 1779 3395 αὑ-

208 3429 301 3490 τὸς
330 3427 423 3479 τοῦ
457 3430 651 3499 μέτρου
681 3433 777 3500 τῆς
798 3433 1057 3501 διανομῆς
1079 3435 1383 3504 κατάρχων.
1411 3437 1586 3505 Πόσην
1611 3437 1667 3489 δὲ
1692 3440 1781 3489 καὶ

208 3520 393 3571 δίδωσι
430 3522 525 3589 τὴν
564 3523 864 3594 ὑπεροχήνς
902 3527 1062 3578 Ὅσον
1092 3527 1373 3597 ὑπερέχειν
1418 3529 1560 3598 (44),
1598 3532 1779 3601 φησιν,

210 3614 507 3675 ἀναγκαῖον
532 3613 639 3664 τῶν
676 3614 817 3667 ἰδίων
853 3618 1169 3693 ποιημάτων
1202 3618 1291 3669 τὸν
1329 3622 1575 3687 ποιητήν.
1620 3619 1783 3672 Οὑπω

209 3704 369 3755 τοῦτο
405 3704 499 3771 τῆς
529 3704 667 3756 κατὰ
701 3704 798 3773 τὴν
828 3707 1013 3759 οὐσίαν
1046 3710 1303 3780 διαφορᾶς
1344 3711 1443 3779 τὴν
1480 3713 1781 3781 μαρτυρίαν

211 3796 347 3867 ἔχει.
384 3796 691 3866 ’Ἄνθρωποι
727 3799 833 3867 γὰρ
863 3799 1024 3870 τέχνῃ
1061 3802 1157 3868 μὲν
1197 3802 1518 3873 ὑπερέχουσι
1564 3805 1670 3855 τῶν
1704 3808 1781 3856 ol-

213 3888 379 3941 κείων
416 3888 611 3959 ἔργων,
645 3888 916 3959 ὁμοοὺσιοι
966 3891 1021 3941 δὲ
1053 3892 1200 3960 ὅμως
1232 3895 1413 3956 αὑτοῖς
1443 3894 1780 3965 καθεστήκα-

215 3995 334 4029 σιν·
368 3978 441 4040 ὼς
469 3981 496 4030 ὁ
541 3981 814 4049 κεραμεὺς
859 3978 936 4048 τῷ
966 3980 1119 4050 πηλῷ
1140 4022 1153 4042 ,
1184 3984 1275 4034 καί¹
1315 3985 1342 4035 ὀ
1374 3984 1645 4052 ναυπηγὸς
1676 3988 1784 4047 τοῖς

214 4067 411 4132 ξύλοις.
450 4069 685 4140 Σὼματα.
722 4073 827 4144 γάρ
868 4071 1066 4142 ὁμοίως
1092 4074 1395 4145 ἀμφότερα,
1434 4074 1526 4126 καὶ
1554 4075 1785 4147 αἰσθητά

212 4160 438 4229 ὁμοίως,
461 4162 553 4213 καὶ
574 4165 755 4231 γήινα.

285 4250 374 4306 20.
419 4253 681 4307 Τοσοῦτον
717 4256 772 4307 δὲ
798 4257 874 4325 τῷ
906 4258 1018 4328 Υἱῷ
1050 4259 1183 4329 πρὸς
1203 4258 1300 4330 τὴν
1326 4260 1502 4311 κτίσιν
1524 4261 1582 4313 τὸ
1606 4260 1785 4329 διάφο-

218 4362 311 4413 ρον
344 4346 658 4419 συγχωρῶν,
700 4348 799 4417 ἥδη
847 4349 937 4400 καί
973 4351 1099 4419 περὶ
1139 4351 1307 4422 αὑτὴν
1335 4352 1431 4421 τὴν
1458 4352 1663 4403 ἔννοιαν
1693 4353 1782 4405 τοῦ

214 4436 553 4502 ἱΙονογενοῦς
578 4442 886 4509 κακουργεῖ.

287 4525 447 4578 ΕΥΝ.
486 4530 581 4581 Διὰ
623 4530 778 4581 τοῦτο
824 4531 932 4603 γὰρ
954 4572 967 4593 ,
1000 4530 1163 4599 φησὶ,
1204 4533 1507 4604 Μονογενὴς
1530 4575 1542 4596 ,
1574 4536 1778 4606 ἐπειδὴ,

220 4620 379 4688 μόνος
433 4622 579 4689 παρὰ
622 4622 780 4691 μόνου
811 4626 873 4691 τῇ
921 4622 1011 4673 τοῦ
1054 4622 1161 4692 (45)
1215 4624 1507 4693 ἀγεννήτου
1560 4625 1782 4695 δυνάμει

216 4711 495 4780 γεννηθεὶς
522 4716 613 4764 καὶ
658 4714 910 4775 κτισθεὶς,
951 4715 1282 4778 τελειότατος
1312 4716 1529 4783 γέγονεν
1570 4719 1785 4789 ὑπουρ-

216 4804 335 4871 γός.

231 4938 327 4974 sus
353 4934 471 4987 cap.
506 4920 591 4973 l7.
646 4920 753 4991 Nec
784 4922 974 4974 mirum
1008 4921 1051 4973 si
1091 4921 1235 4973 Pauli
1296 4924 1519 4991 epistola
1581 4940 1772 4977 nomen

216 4994 470 5054 Epistula:
531 4992 594 5043 a.|
665 4990 924 5057 Ephesius
988 4996 1293 5051 l't'lllltlt:l'll,
1335 4990 1464 5045 cum
1509 4994 1770 5060 Ephesus,

213 5078 336 5129 quze
371 5064 531 5113 tutius
562 5061 699 5111 Asim
735 5062 1044 5129 metropolis
1071 5073 1175 5121 ρει,
1204 5076 1357 5113 suum
1382 5066 1427 5117 ei
1457 5079 1646 5117 nomen
1676 5084 1771 5129 nu-

222 5135 329 5186 tins
362 5147 519 5195 quam
552 5133 674 5181 urbs
696 5131 796 5180 alia
834 5134 959 5183 dare
993 5134 1253 5183 debuerit.

216 5269 243 5287 γ
289 5200 401 5269 (53)
432 5202 569 5251 ΕιΙὶιι
608 5202 665 5252 'U
694 5199 770 5262 δὲ,
811 5195 896 5269 ἦς.
934 5204 1151 5270 Antiqui
1193 5216 1285 5253 sex
1320 5200 1436 5253 libri
1477 5204 1533 5255 Ὀ
1576 5204 1633 5255 δὲ
1664 5205 1781 5256 οὑδὲ

212 5290 400 5405 η’(ὗῡ)
431 5339 605 5394 (.udex
634 5356 770 5392 unus
798 5340 1189 5409 άποσεμνὺνειν
1220 5341 1309 5393 τὸν
1346 5340 1493 5395 Υἱόν.

290 5412 400 5482 (tu;
432 5413 639 5482 unum
672 5428 806 5464 unus
838 5428 937 5463 ms.
980 5413 1042 5461 ἐκ
1079 5412 1152 5481 μὴ
1189 5412 1359 5472 ὖντος.
1401 5413 1499 5464 Alii
1546 5416 1779 5482 quinque

215 5498 327 5535 mss
363 5481 435 5550 ἐκ
468 5482 539 5550 μὴ
572 5480 757 5550 ὄντων.

290 5549 535 5616 (initia,
574 5549 809 5615 Ὠςγάρ,
843 5564 972 5617 etc.,
1022 5553 1336 5619 pntuaccipi
1382 5552 1458 5603 sic
1512 5552 1708 5606 debere
1756 5572 1768 5606 :

214 5623 671 5687 Quemadmodum
706 5620 861 5672 Pater
886 5633 938 5673 et
974 5634 1235 5673 creaturae
1266 5624 1379 5673 ideo
1406 5629 1595 5672 natura
1634 5626 1775 5676 inter

214 5706 273 5742 se
300 5690 574 5744 «litl'erunt.
602 5694 740 5755 quod
771 5690 942 5743 Patris
976 5702 1166 5742 natura
1195 5694 1495 5744 communis
1512 5707 1629 5745 esse
1666 5710 1771 5744 non

215 5763 383 5827 possit
414 5762 678 5811 creaturis
709 5762 849 5816 :.ita.
878 5776 939 5813 ex
980 5761 1243 5813 sententia
1290 5762 1769 5822 Ennomianurum.

216 5828 383 5883 Filius
409 5838 462 5883 et
492 5838 753 5883 creaturae
792 5830 909 5885 ideo
949 5842 1138 5884 natura
1173 5832 1314 5883 inter
1345 5846 1400 5885 se
1430 5834 1769 5917 convenis”,

1886 3241 2253 3310 Concipimus,
2302 3256 2391 3298 aut
2432 3246 2738 3314 opinamur,
2788 3248 2927 3304 sicut
2960 3266 3056 3320 par
3099 3262 3215 3305 erat
3241 3252 3307 3307 de
3337 3252 3445 3307 Deo

1884 3333 2061 3387 dicere
2094 3353 2104 3387 :
2133 3335 2245 3399 sed,
2288 3335 2616 3402 Tribuimus,
2643 3340 2792 3407 quasi
2827 3356 3075 3396 mensura
3110 3341 3445 3398 distributio.

1884 3425 1966 3475 nis
1995 3439 2157 3491 penes
2179 3427 2349 3492 ipsum
2370 3429 2456 3479 sit.
2482 3427 2744 3492 Quantam
2773 3446 2898 3484 vero
2923 3433 3169 3486 concedit
3188 3442 3447 3503 prmstan-

1886 3515 2050 3567 tiam?
2077 3516 2303 3583 Quanta,
2334 3520 2536 3587 inquit,
2572 3534 2792 3577 necesse
2843 3532 2925 3579 est
2973 3536 3276 3582 creatorem
3316 3542 3443 3596 pro-

1884 3608 2033 3673 prias
2066 3622 2343 3664 creaturas
2375 3613 2718 3668 antecellere.
2742 3614 2986 3670 Nondum
3019 3618 3123 3673 hoc
3152 3619 3441 3673 diversita-

1886 3706 1991 3752 tem
2017 3701 2330 3755 substantiae
2354 3702 2616 3760 declarat.
2642 3704 2893 3761 llomines
2915 3710 3057 3761 enim
3090 3719 3207 3762 arte
3228 3710 3442 3778 quidem

1884 3802 2143 3857 superant
2178 3810 2271 3847 sua
2306 3796 2539 3862 ipsorum
2566 3812 2747 3865 opera,
2770 3808 2822 3851 et
2852 3807 3025 3852 tamen
3054 3799 3297 3853 eamdem
3322 3814 3442 3852 cum

1884 3882 1962 3935 eis
1989 3882 2185 3936 habent
2216 3886 2600 3947 substantiam,
2634 3896 2690 3942 ut
2722 3886 2911 3956 figulus
2950 3904 3071 3943 cum
3101 3889 3235 3953 luto,
3270 3902 3325 3943 ut
3352 3906 3443 3942 ua-

1888 3975 1967 4027 vis
1998 3974 2289 4030 fabricator
2309 3992 2430 4030 cum
2465 3976 2642 4044 lignis.
2678 3976 2917 4047 Utraque
2957 3980 3100 4033 enim
3141 3991 3260 4035 sunt
3294 3982 3443 4033 simi-

1888 4062 2009 4119 liter
2041 4082 2292 4137 corpora,
2319 4069 2594 4123 sensibilia
2628 4069 2830 4137 pariter
2854 4079 2907 4123 et
2936 4079 3171 4123 terrena.

1956 4267 2045 4321 20.
2072 4268 2355 4336 Postquam
2393 4281 2569 4321 autem
2608 4268 2743 4322 Filio
2773 4271 3044 4325 concessit
3073 4271 3442 4325 diversitatem

1889 4369 2088 4411 tantam
2126 4374 2153 4411 a
2194 4358 2479 4419 creaturis.
2524 4359 2635 4427 jam
2671 4370 2727 4414 et
2762 4362 2811 4414 in
2842 4362 3009 4429 ipsam
3046 4359 3317 4429 Unigeniti
3348 4378 3445 4418 no-

1891 4452 2085 4503 tionem
2118 4450 2348 4521 maligne
2375 4452 2505 4520 agit.

1960 4540 2091 4595 EUN.
2130 4539 2263 4594 Nam
2306 4543 2527 4605 idcirco,
2565 4543 2761 4610 inquit,
2794 4543 3114 4615 Uuigenitus
3148 4556 3263 4609 est,
3308 4561 3444 4618 quo-

1891 4631 2031 4682 niam
2060 4632 2205 4687 solus
2236 4648 2262 4684 a
2297 4633 2409 4687 solo
2432 4635 2668 4699 potentia
2710 4635 2930 4704 ingeniti
2955 4637 3169 4704 genitus
3201 4649 3254 4691 ct
3282 4654 3438 4691 crea-

1892 4733 1998 4787 tus,
2024 4724 2447 4790 perfectissimus
2476 4725 2649 4780 factus
2676 4736 2758 4780 est
2793 4728 3057 4781 minister.

1884 4930 2025 4994 qnurl
2061 4930 2296 4998 ejusdem
2328 4931 2651 4983 conditionis
2674 4931 2963 4997 participes
2990 4932 3117 4987 sint.
3165 4932 3287 4987 Mox
3318 4936 3447 4989 editi

1885 5012 1936 5051 ct
1964 5010 2073 5051 tres
2116 5014 2243 5051 mss.
2286 5009 2529 5075 recentes
2559 5001 2805 5075 άλλήᾈοις
2856 5001 3138 5075 συνάπτει.
3173 5004 3279 5058 Alii
3316 5022 3420 5075 qua

1890 5080 2167 5140 tnur_iuss.
2197 5071 2527 5135 antiquiores
2561 5072 2806 5139 ἀλλήλοις
2840 5073 3080 5140 συνάγει.

1957 5137 2064 5212 (ιε)
2096 5138 2204 5202 [leg
2291 5150 2509 5212 quartus
2557 5137 2802 5212 παρέχει.
2847 5144 2948 5195 Alii
2976 5137 3106 5197 mss.
3141 5158 3261 5196 cum
3287 5144 3450 5196 editis

1884 5208 2165 5276 παρέχειν,
2201 5218 2366 5260 recte.
2424 5208 2772 5264 Cunsu-in-iio
2820 5214 2961 5264 enim
3015 5214 3300 5266 verborum
3337 5215 3446 5264 ha-u

1881 5294 2000 5329 οδω
2034 5284 2192 5353 debet
2226 5297 2237 5328 :
2265 5276 2574 5353 ξὺν-Κύριος
2600 5280 2883 5353 παρέχειν,
2905 5296 3021 5353 seu,
3052 5281 3146 5353 τοῦ
3185 5282 3447 5353 παρέχειν

1879 5348 1999 5399 ὅσον
2030 5346 2369 5418 βοὺλεταιτῷ
2398 5346 2708 5417 Μονογενεῖ,
2737 5346 2886 5418 quasi
2927 5352 2994 5404 sit
3038 5346 3291 5405 Dominus
3332 5346 3445 5403 ἰνι-

1880 5417 2063 5488 ὺιιρηςίι
2098 5416 2605 5488 υηὶθεηιιοίιηηιιιιιι
2633 5416 2926 5488 dignitatis,
2964 5435 3214 5487 quantum
3243 5420 3371 5473 vult.

1952 5487 2292 5559 (45)_\’erte:
2338 5487 2459 5540 Non
2490 5490 2647 5553 dixit,
2679 5487 2997 5549 concipimus
3037 5502 3126 5544 aut
3176 5492 3444 5559 glori/ica-

1875 5572 2006 5607 mus.
2047 5555 2251 5608 MARAN.

1876 5694 1898 5708 _
1945 5626 2055 5695 (ιι)
2092 5626 2225 5678 Edtti
2263 5628 2393 5696 ὅσην
2424 5628 2725 5699 ὑπερέχειν.
2766 5630 2985 5701 Antiqui
3028 5640 3262 5698 quatuor
3322 5632 3439 5683 libri

1872 5711 2013 5748 οσον.

1946 5766 2060 5843 μὸ)
2104 5765 2557 5843 chiisceundus
2612 5781 2663 5823 et
2721 5771 2909 5843 tertius
2943 5771 3131 5843 ἐπειδὴ
3182 5770 3349 5843 μόνος
3374 5772 3443 5841 τῇ

1874 5835 2009 5887 τοῦ;
2054 5852 2214 5901 quam
2263 5839 2545 5891 lcetionem
2584 5852 2801 5897 secutus
2846 5842 3013 5896 fuisse
3066 5835 3274 5895 vuitciur
3309 5835 3441 5893 Tra'i
