4026 6486
565 355 670 407 619

1865 350 1921 402 5.
1965 349 2207 402 BASHJI
2249 351 2460 402 MAG?”

3686 355 3797 406 630

563 464 731 512 Deum
768 460 996 514 Verbum
1033 463 1097 512 ad
1125 463 1496 526 operationem
1546 463 1906 529 progreditur.
1941 464 2116 513 Enno-

2219 464 2422 521 οἰκείας
2469 463 2670 522 εἰκόνος
2720 461 2810 512 τοῦ
2850 463 2981 513 Θεοῦ
3023 464 3192 530 Λόγου
3233 463 3472 531 πρόεισιν
3520 467 3601 525 είς
3634 465 3799 533 ἐνέρ-

560 551 700 602 mius
734 563 861 602 vero
886 550 1221 615 unigenitum
1249 548 1442 601 Filium
1477 550 1778 603 ministrum
1811 551 2115 618 appellavit,

559 644 660 695 hoc
714 643 762 695 ei
821 657 1073 711 magnum
1114 642 1439 706 attribuens,
1493 643 1635 712 quod
1679 648 1744 696 ad
1776 660 1960 698 eorum
1997 659 2115 710 qua:

559 731 949 800 praecipiuntur
980 732 1336 785 ministerium
1373 733 1598 787 idoneus
1629 743 1731 786 est.
1763 733 1818 788 Si
1847 734 1988 787 enim
2013 749 2115 786 non

557 826 610 873 in
634 836 701 874 eo
728 822 873 890 quod
910 820 1054 874 Deus
1086 823 1358 888 perfectus
1379 826 1470 884 sit.
1498 824 1831 892 majestatem
1861 825 2113 895 possidet,

557 913 649 968 sed
680 912 732 965 in
761 929 825 966 eo
842 913 986 982 quod
1009 914 1229 968 sedulus
1246 916 1318 968 sit
1347 916 1615 978 minister,
1640 915 1753 983 jam
1785 933 1813 969 a
1849 916 2118 969 ministra-

559 1005 711 1057 loriis
738 1005 1044 1072 spiritibus,
1072 1007 1164 1073 qui
1195 1007 1464 1074 inculpate
1510 1008 1796 1064 ministerii
1830 1023 1963 1077 opus
1991 1024 2113 1076 perv

558 1095 767 1161 lii-iunt,
797 1095 978 1164 quain
1014 1112 1072 1152 re
1102 1097 1350 1152 diﬂeret?
1376 1097 1469 1152 His
1506 1098 1574 1152 de
1609 1102 1784 1156 causis
1822 1100 1936 1154 voci
1980 1105 2119 1169 geni-

554 1199 638 1242 tus
667 1203 851 1242 vocem
898 1199 1108 1243 creatus
1146 1190 1447 1258 conjunxit,
1484 1200 1541 1244 ut
1573 1195 1732 1247 etiam
1764 1193 1888 1247 hinc
1916 1192 2115 1246 nullam

556 1282 698 1334 inter
727 1280 920 1334 Filium
953 1290 1007 1333 et
1031 1289 1336 1334 creaturam
1375 1281 1741 1338 diversitatem
1781 1297 1900 1338 esse
1935 1293 2117 1338 osten-

553 1373 664 1426 dat.

626 1465 714 1519 2'2.
747 1478 864 1519 .Iam
891 1481 1018 1522 vero
1048 1482 1227 1535 operae
1259 1469 1492 1536 pretium
1527 1466 1690 1522 fuerit
1730 1466 1871 1520 illius
1903 1482 2116 1535 quoque

553 1558 974 1612 admonitionem
1006 1557 1215 1611 audire.

623 1649 756 1703 Eua.
790 1647 904 1702 Non
938 1658 1174 1718 oportet,
1204 1650 1398 1718 inquit,
1432 1664 1551 1703 cum
1584 1647 1760 1704 Patris
1787 1667 1848 1706 ac
1876 1652 1993 1705 Filii
2017 1667 2116 1720 ap-

553 1738 898 1806 pellationem
943 1740 1217 1806 audimus,
1249 1740 1363 1808 ejus
1392 1741 1787 1809 generationem
1824 1743 2110 1797 humanam

556 1830 852 1900 intelligere
879 1829 926 1884 :~
948 1847 1048 1887 nec
1109 1834 1383 1887 hominum
1433 1833 1779 1900 generatione
1809 1835 2068 1889 adductos
2097 1877 2113 1902 ,

557 1923 720 1978 Deum
751 1927 1148 1979 communionis
1176 1925 1481 1978 nominibus
1510 1934 1602 1978 aut
1627 1926 1964 1990 passionibus
1991 1930 2117 1982 sub-

550 2019 738 2086 jicere.
1208 2077 1214 2081 _

628 2108 749 2160 Bas.
813 2103 992 2160 Monet
1057 2105 1248 2160 Filium
1314 2105 1460 2161 Patri
1512 2111 1804 2163 secundum
1863 2111 2115 2164 substan-

556 2203 681 2251 tiam
716 2199 947 2253 similem
984 2199 1206 2270 intelligi
1249 2215 1354 2254 non
1399 2212 1667 2270 oportere.
1705 2201 1818 2256 Hoc
1841 2204 1984 2255 enim
2014 2203 2114 2256 sibi

553 2291 664 2342 vult
704 2290 785 2342 illa
837 2291 1264 2360 participationis
1307 2293 1552 2360 negatio,
1593 2293 1743 2359 quasi
1796 2293 2101 2347 substantia

555 2379 731 2433 Patris
777 2395 899 2432 cum
938 2381 1239 2434 substantia
1275 2379 1394 2434 Filii
1445 2397 1550 2434 non
1584 2390 1748 2451 queat
1781 2385 2117 2439 communio-

552 2487 673 2525 nem
710 2472 868 2526 ullam
920 2473 1141 2527 habere.
1192 2472 1482 2542 Propterea
1520 2473 1791 2542 pra-clara:
1827 2473 1954 2543 illae,
1987 2493 2118 2546 qua-

555 2583 670 2618 rum
723 2581 819 2620 nos
881 2567 1093 2621 turbam
1137 2567 1613 2634 prmtermisimus,
1663 2570 1941 2624 nominum
2000 2573 2114 2625 dis-

554 2657 866 2718 tinetiones.
933 2657 1074 2726 quod
1107 2656 1359 2710 videlicet
1393 2673 1498 2712 non
1539 2675 1983 2728 quormncunque
2014 2677 2116 2714 ea:-

555 2747 674 2798 dem
725 2759 850 2798 sunt
900 2747 1334 2813 enuntiationes,
1381 2765 1443 2802 ea
1481 2752 1742 2803 continuo
1790 2766 1848 2805 re
1902 2769 2115 2822 quoque

550 2835 848 2904 signiﬁcata
879 2840 1067 2891 eadem
1099 2839 1206 2891 sint
1235 2857 1248 2892 :
1286 2848 1343 2892 ut
1377 2850 1599 2910 prapter
1630 2857 1724 2896 eos
1759 2845 1848 2911 qni
1887 2845 1936 2897 iu
1973 2855 2112 2900 terra

552 2939 732 2994 patres
760 2928 1131 2994 nominantur,
1167 2941 1326 3000 neget
1367 2933 1532 2985 Deum
1567 2931 1689 2985 Filii
1726 2932 1940 2988 Patrem
1972 2952 2110 2991 esse.

550 3019 664 3090 Ego
703 3036 853 3086 vero,
900 3037 1021 3075 cum
1064 3021 1228 3074 multa
1279 3025 1387 3076 sint
1434 3038 1554 3090 quae
1601 3023 1767 3094 258
1802 3026 2114 3080 christiani-

2225 569 2392 619 γειαν.
2439 552 2496 604 Ὀ
2542 554 2594 605 δὲ
2636 552 2724 602 τὸν
2763 552 3023 621 μονογενῆ
3068 553 3191 606 Υἱὸν
3213 553 3480 623 ὑπουργὸν
3510 553 3796 622 προσηγό-

2225 660 2399 713 ρευσε.
2429 644 2582 695 τοῦτο
2615 644 2762 712 αὑτῷ
2788 643 2895 714 (58)
2925 645 3230 712 προστιθεὶς
3267 645 3423 715 μέγα,
3448 645 3533 696 ὅτι
3569 644 3796 708 εὔθετος

2222 734 2353 802 πρὸς
2375 733 2471 802 τὴν
2491 733 2762 786 διακονίαν
2789 736 2894 786 τῶν
2914 735 3350 802 ὲπιτασσομένων
3379 733 3540 786 ἐστίν.
3579 734 3643 785 Et
3677 736 3794 805 γάρ

2219 823 2316 873 οὑκ
2342 823 2398 873 ἐν
2421 821 2499 892 τῷ
2519 822 2649 883 Θεὸς
2675 818 2812 874 εἶναι
2836 823 3034 883 τέλειος
3064 820 3157 891 τὴν
3185 821 3338 887 δόξαν
3361 823 3640 892 κέκτηται,
3670 821 3791 871 ἀλλ’

2219 917 2275 965 ἐν
2306 912 2380 982 τῷ
2408 914 2675 986 ὑπουργὸς
2704 915 2954 984 ἀκριϐὴς,
2978 913 3029 965 τί
3056 912 3242 964 διοίσει
3270 916 3375 966 τῶν
3397 911 3793 983 λειτουργικῶν

2221 1006 2543 1074 πνευμάτων
2569 1049 2583 1072 9
2628 1006 2930 1074 ἀμέμπτως
2964 1006 3022 1058 τὸ
3052 1004 3209 1075 ἔργον
3235 1008 3333 1071 τῆς
3363 1007 3634 1070 διακονίας
3668 1005 3788 1054 ἐπι-

2217 1092 2550 1159 τελοὺντων;
2584 1094 2681 1147 Διά
2727 1093 2900 1145 ταῦτα
2948 1095 3026 1164 τῷ
3084 1091 3389 1161 γεννηθεὶς
3421 1095 3482 1146 τὸ
3521 1095 3792 1156 κτισθείς

2219 1185 2469 1255 συνῆψεν,
2519 1188 2605 1240 ἴνα
2657 1185 2943 1238 κάντεῦθεν
3003 1184 3269 1256 μηδεμίαν
3312 1180 3474 1237 οὖσαν
3524 1187 3655 1240 Υίοῦ
3694 1187 3793 1240 καὶ

2218 1276 2504 1344 κτίσματος
2533 1276 2791 1348 διαφορὰν
2821 1275 3080 1348 ἐπιδείξῃ.

2287 1463 2377 1516 22.
2417 1462 2597 1527 Ἄξιον
2621 1463 2677 1514 δὲ
2701 1463 2924 1516 ἀκοῦσαι
2959 1464 3050 1514 καὶ
3070 1462 3168 1529 τῆς
3200 1464 3588 1533 παραινέσεως.

2287 1646 2443 1701 ΕΥΝ.
2505 1645 2580 1698 Οὐ
2627 1647 2752 1716 χρὴ,
2815 1648 2967 1717 φησὶ,
3009 1647 3075 1716 τῇ
3114 1642 3205 1696 τοῦ
3264 1646 3473 1716 Πατρὺς
3538 1643 3631 1696 καὶ
3688 1643 3786 1695 τοῦ

2217 1738 2344 1794 Υίοῦ
2368 1737 2478 1809 (59)
2501 1741 2862 1812 προσέχοντας
2888 1740 3224 1814 προσηγορίᾳ
3247 1741 3341 1792 ἁνο
3353 1741 3598 1812 ρωπικὴν
3616 1735 3787 1792 αὑτοῦ

2218 1833 2311 1902 τὴν
2347 1831 2598 1903 γέννησιν
2631 1836 2848 1898 ἐννοεῖν,
2902 1836 3008 1887 κάκ
3045 1834 3151 1886 τῶν
3182 1835 3238 1886 ὲν
3275 1832 3584 1902 ἀνθρώποις
3625 1833 3785 1901 γενέ-

2220 1938 2353 1973 σεων
2400 1922 2790 1991 ἀναγομένους,
2816 1927 2924 1986 τοῖς
2951 1925 3051 1991 τῆς
3086 1923 3370 1993 μετουσίας
3415 1923 3523 1994 (60)
3557 1925 3787 1995 ὀνόμασι

2216 2014 2312 2066 καὶ
2344 2015 2573 2068 πάθεσιν
2593 2015 2820 2081 ὑπάγειν
2853 2015 2942 2065 τὸν
2967 2013 3118 2066 Θεόν.

2287 2104 2432 2159 ΒᾹΣ.
2488 2105 2550 2157 ’Π
2597 2106 2693 2173 μὲν
2751 2104 3098 2176 παραίνεσις,
3139 2104 3212 2175 μὴ
3249 2105 3358 2159 δεῖν
3393 2104 3488 2176 τὴν
3531 2107 3651 2158 κατ’
3696 2106 3790 2158 οὐ,

2219 2195 2338 2250 σίαν
2375 2195 2500 2248 Υἱοῦ
2553 2196 2645 2246 καὶ
2667 2195 2887 2265 ’Πατρὸς
2911 2195 3200 2266 ὁμοιότητα
3239 2196 3453 2252 ἐννοεῖν.
3483 2196 3655 2249 Τοῦτο
3673 2195 3788 2263 γὰρ

2217 2289 2360 2360 αὑτῷ
2413 2288 2652 2358 βούλεται
2695 2291 2724 2358 ἡ
2773 2290 2869 2359 τῆς
2924 2287 3206 2358 μετουσίας
3255 2289 3656 2361 ἀπαγόρευσις,
3705 2287 3785 2347 ὡς

2217 2381 2572 2449 ἀκοινωνήτου
2623 2379 2722 2447 τῆς
2756 2380 2847 2432 τοῦ
2903 2379 3108 2451 Πατρὸς
3143 2381 3330 2444 οὑσίας
3375 2383 3510 2452 πρὸς
3542 2380 3642 2449 τὴν
3685 2377 3784 2429 τοῦ

2217 2468 2549 2537 Μονογενοῦς
2583 2470 2949 2542 ὑπαρχούσης.
2986 2471 3083 2523 Διά
3127 2471 3298 2527 ταῦτα
3338 2473 3448 2542 (61)
3481 2473 3540 2523 αί
3586 2472 3786 2538 σεμναὶ

2219 2566 2418 2616 ἐκεῖναι
2455 2562 2561 2614 τῶν
2595 2563 2869 2632 ὀνομάτων
2903 2564 3192 2627 διαστολαὶ,
3225 2558 3300 2616 ὧν
3325 2566 3414 2616 τὸν
3442 2564 3596 2632 ὄχλον
3625 2565 3784 2632 ἡμεῖς

2216 2655 2582 2726 ὑπερέϐημενο
2613 2655 2686 2717 ὼς
2731 2655 2850 2723 οὑχὶ
2878 2657 3014 2708 ὅσων
3066 2657 3119 2707 αί
3153 2656 3483 2724 ἐκφωνήσεις
3511 2657 3567 2706 αἱ
3598 2655 3784 2712 αὑταὶ,

2214 2749 2381 2802 ταῦτα
2424 2749 2517 2802 καὶ
2541 2748 2619 2819 τῷ
2653 2749 3028 2818 σημαινομένῳ
3069 2747 3164 2817 ήδη
3204 2737 3404 2809 ταυτὰ,
3447 2746 3533 2799 ἵνα
3566 2745 3629 2799 τὸ
3674 2747 3787 2800 Πα-

2214 2848 2344 2916 τέρα
2375 2842 2511 2899 εἶναι
2544 2845 2636 2899 τοῦ
2672 2845 2801 2899 Υίοῦ
2833 2846 2920 2898 τὸν
2951 2843 3080 2896 Θεὸν
3123 2843 3210 2894 διά
3239 2843 3365 2904 τοὺς
3400 2840 3493 2892 ἐπὶ
3521 2842 3638 2921 ¹γῆς
3682 2859 3786 2893 πα-

2215 2939 2376 3008 τέρας
2432 2937 2856 3006 ὀνομαζομένους
2909 2936 3191 3004 ἀφέληται.
3247 2933 3386 3000 Ἐγὼ
3430 2933 3519 2994 δὲ,
3572 2933 3785 2985 πολλῶν

2216 3029 2402 3087 ὄντων.
2443 3028 2477 3081 ἃ
2538 3029 2625 3080 τὸν
2668 3027 3102 3102 ,Χριστιανισμὺν
3153 3026 3260 3078 ἀπὸ
3315 3028 3413 3095 τῆς
3468 3024 3785 3092 Ἑλληνικῆς

553 3128 728 3167 sutum
762 3128 791 3164 a
840 3115 1025 3181 gentili
1066 3129 1255 3166 errore
1285 3130 1348 3167 ac
1375 3113 1596 3169 Iudaica
1636 3117 1935 3186 ignorantia
1985 3119 2115 3172 diri-

2219 3118 2423 3188 πλάνης
2459 3118 2550 3170 καὶ
2595 3119 2690 3188 τῆς
2732 3117 3026 3185 Ἰουδαϊκῆς
3067 3117 3339 3181 ἀγνωσίας
3377 3117 3664 3183 διίστησιν.
3693 3114 3781 3168 ob-

553 3214 718 3272 mant,
748 3205 950 3259 nullum
985 3204 1226 3260 arbitror
1254 3205 1304 3258 in
1352 3215 1548 3260 nostrae
1588 3207 1777 3261 salutis
1825 3208 2112 3278 Evangelia

553 3296 732 3350 inesse
779 3296 956 3362 potius
992 3308 1056 3348 ac
1098 3291 1271 3362 majus
1322 3294 1536 3360 dogma,
1585 3311 1746 3364 quam
1794 3297 1848 3351 in
1899 3295 2112 3352 Patrem

552 3400 605 3442 et
641 3386 837 3440 Filium
875 3385 1054 3440 ﬁdem.
1083 3383 1218 3439 Nam
1260 3385 1341 3440 vel
1376 3385 1412 3440 ii
1446 3387 1536 3457 qui
1577 3403 1899 3459 quocunque
1933 3405 2118 3445 errore

553 3478 714 3530 scissi
745 3487 894 3541 sunt,
939 3479 1104 3530 Deum
1134 3488 1434 3532 creatorem
1471 3495 1534 3532 ac
1565 3481 1810 3548 Opiﬁcem
1843 3496 1960 3535 esse
1988 3497 2118 3535 con-

557 3570 801 3620 titentur.
855 3569 956 3633 Qui
1012 3583 1142 3621 vero
1203 3567 1340 3623 falso
1392 3572 1720 3638 appellatum
1759 3571 2014 3636 Patrem,
2066 3583 2118 3627 et

553 3660 746 3714 Filium
781 3664 922 3715 nuda
978 3662 1342 3731 appellatione
1390 3664 1685 3730 pra-dicat,
1723 3664 1963 3733 nihilque
2011 3665 2114 3718 dif-

550 3757 697 3810 ferre
745 3756 1060 3818 arbitratur,
1097 3755 1176 3808 vel
1211 3752 1425 3808 Patrem
1468 3753 1549 3817 vel
1605 3763 1903 3808 creatorem
1955 3755 2118 3822 proli-

553 3849 675 3911 teri,
699 3854 754 3901 et
781 3856 873 3909 aut
900 3847 1093 3902 Filium
1125 3856 1218 3901 aut
1253 3844 1516 3900 facturam
1546 3846 1747 3910 dicere,
1781 3847 1869 3900 ubi
1904 3862 1933 3900 a
1964 3848 2119 3902 nobis

555 3941 943 3995 collocahilnr?
978 3951 1070 3996 aut
1118 3957 1226 4011 qua
1275 3942 1328 3995 in
1377 3949 1522 3994 secta
1573 3939 1976 3993 numerabitur?
2021 3939 2117 3993 Ju-

551 4033 861 4086 daeurumue
901 4049 969 4086 an
1013 4035 1299 4102 gentium?
1347 4032 1457 4088 Nec
1506 4033 1649 4087 enim
1694 4029 2019 4087 Christianis
2061 4049 2120 4086 se

553 4124 825 4192 adjunget,
856 4125 945 4193 qui
983 4126 1197 4192 pietatis
1232 4127 1397 4179 robur
1420 4135 1470 4179 et
1511 4126 1656 4179 velut
1708 4125 1983 4194 religionis
2024 4141 2120 4178 no-

555 4205 1074 4271 strze'cbaracterem
1105 4217 1395 4272 iuliciatur.
1441 4216 1555 4270 Non
1594 4218 1738 4270 enim
1776 4220 1826 4270 iu
1875 4218 2118 4286 Opificem

555 4307 904 4373 credidimus,
934 4318 988 4361 et
1027 4309 1078 4360 in
1113 4307 1373 4361 facturam
1407 4326 1418 4360 :
1462 4310 1554 4361 sed
1601 4312 1651 4359 in
1691 4310 1902 4363 Patrem
1937 4321 1990 4363 et
2039 4311 2120 4364 Fi-

556 4399 684 4449 limn
716 4411 811 4465 per
837 4398 1089 4465 baptismi
1122 4397 1350 4467 gratiam
1390 4397 1656 4465 obsignati
1691 4414 1896 4452 sumus.
1930 4398 2121 4465 Quam-

2214 3212 2299 3263 ὁὲν
2331 3211 2567 3282 ἠγοῦμαι
2614 3208 2943 3278 κυριώτερον
2991 3208 3165 3277 δόγμα
3196 3207 3292 3276 τῆς
3319 3208 3399 3269 εἰς
3431 3206 3648 3276 Πατέρα
3693 3206 3786 3258 καὶ

2217 3306 2343 3357 Υἱὸν
2391 3304 2624 3364 πίστεως
2677 3301 2753 3370 τῷ
2802 3299 3116 3369 Εὑαγγελίῳ
3170 3300 3267 3368 τῆς
3316 3298 3588 3369 σωτηρίας
3628 3297 3786 3367 ἡμῶν

2221 3398 2539 3466 ἐνυπάρχειν
2570 3395 2698 3464 (6:2).
2742 3392 2889 3444 Ἐπεὶ
2925 3392 2982 3442 τό
3012 3408 3075 3459 γε
3112 3390 3334 3461 κτίστην
3374 3385 3513 3443 ε’ναι
3562 3389 3658 3442 καὶ
3689 3389 3786 3458 δη-

2221 3487 2473 3559 μιουργὸν
2512 3486 2602 3538 τὸν
2633 3485 2764 3538 Θεὸν
2790 3484 2883 3536 καὶ
2910 3484 2960 3536 οἱ
2990 3483 3109 3536 καθ’
3147 3482 3538 3552 ὁποιανδήποτε
3573 3479 3786 3547 πλάνην

2217 3579 2601 3648 ἀπεσχισμένοι
2648 3576 2997 3630 συντίθενται.
3038 3576 3093 3626 ὐ
3144 3574 3196 3625 δὲ
3249 3571 3468 3641 Πατέρα
3515 3569 3789 3638 ψευδώνυ-

2220 3689 2336 3742 μον,
2370 3671 2463 3723 κα“ι
2521 3668 2841 3739 Υἰὸν”μέχρι
2889 3664 3255 3737 προσηγορίας
3291 3659 3452 3730 ψιλῆς
3505 3659 3619 3730 (65)
3656 3678 3788 3714 κατ-

2218 3764 2512 3832 αγγέλλων,
2576 3765 2670 3815 καὶ
2727 3760 2877 3812 οὐδὲν
2929 3755 3224 3826 ἡγούμενος
3273 3752 3566 3823 διαφέρειν,
3605 3752 3640 3823 ἢ
3678 3753 3789 3806 Πα-

2219 3858 2348 3926 τέρα
2405 3855 2680 3926 ὁμολογεῖν
2754 3853 2787 3920 ἢ
2868 3849 3108 3915 κτίστην,
3180 3847 3272 3899 καὶ
3334 3847 3453 3915 ἦτοι
3509 3844 3639 3898 Υἰδν
3702 3845 3787 3897 λέο

2219 3964 2335 4014 γειν
2377 3945 2410 4014 ἢ
2446 3943 2687 4011 ποίημα,
2731 3938 2830 3992 ποῦ
2875 3936 3152 4001 τετάξεται
3205 3939 3329 4007 παρ’
3371 3936 3558 4005 ήμῶνς
3609 3935 3644 4004 ἢ
3689 3935 3789 4002 τῆς

2222 4037 2379 4098 ποίας
2431 4031 2566 4086 εἶναι
2610 4031 2823 4101 μερίδος
2855 4029 3292 4101 ἀριθμηθήσεται
3325 4029 3470 4097 (64);
3513 4029 3612 4097 τῆς
3661 4027 3789 4080 Ἰου-

2219 4127 2400 4187 δαίων,
2448 4126 2478 4195 ἢ
2539 4124 2636 4194 τῆς
2688 4122 2987 4193 τἘλλήνων;
3038 4124 3112 4174 Οὑ
3174 4120 3283 4190 γὰρ
3335 4118 3399 4189 δὴ
3443 4120 3790 4189 Χριστιανοῖς

2221 4220 2407 4271 ἑαυτὸν
2439 4217 2756 4286 είσποιήσει,
2783 4216 2810 4267 ὁ
2843 4214 2940 4285 τὴν
2967 4214 3191 4284 δύναμιν
3221 4211 3321 4281 τῆς
3355 4210 3659 4274 εὐσεϐείας,
3691 4211 3787 4264 καὶ

2220 4312 2310 4363 τὸν
2352 4311 2510 4362 οἱονεὶ
2544 4308 2861 4379 χαρακτῆρα
2891 4306 2986 4375 τῆς
3029 4304 3275 4375 λατρείας
3321 4302 3476 4372 ἡμῶν
3511 4302 3787 4373 ἀρνούμε-

2222 4422 2308 4465 νος
2335 4402 2464 4471 (65).
2491 4402 2561 4452 Ob
2591 4399 2699 4466 γάρ
2725 4401 2803 4459 είς
2835 4397 3156 4465 δημιουργὸν
3187 4394 3281 4446 καὶ
3309 4394 3520 4463 ποίημα
3548 4393 3792 4446 ὲπιστεὺο

553 4492 736 4544 ubrem
777 4491 868 4557 qui
900 4493 996 4544 has
1029 4490 1258 4558 rejicere
1290 4502 1451 4541 voces
1484 4489 1667 4550 audet,
1712 4504 1923 4543 omnem
1960 4491 2116 4542 simul

2226 4511 2422 4562 σαμεν’
2474 4491 2586 4544 ἀλλ’
2625 4491 2704 4549 εἰς
2757 4486 2973 4556 Πατέρα
3022 4487 3116 4539 καὶ
3167 4485 3295 4538 Υίὸν
3335 4485 3423 4537 διά
3469 4485 3566 4554 τῆς
3615 4485 3675 4535 ὲν
3715 4484 3792 4552 τῷ

556 4581 961 4651 Evangeliorum
1002 4582 1107 4634 vim
1155 4581 1281 4635 facit
1331 4581 1560 4641 irritam,
1595 4596 1716 4632 cum
1764 4596 1864 4634 nec
1904 4581 2115 4634 Patrem

556 4685 934 4740 generautem,
981 4689 1077 4728 nec
1123 4672 1316 4726 Filiqu
1383 4673 1621 4739 genitum
1689 4673 1960 4739 praedicet.
2013 4676 2115 4727 Sed

555 4768 669 4819 haec
731 4766 873 4829 dico,
924 4765 1132 4833 inquit,
1187 4774 1245 4818 ut
1294 4764 1563 4833 passionis
1630 4764 2036 4833 intelligentiam
2088 4781 2115 4816 e

627 4983 738 5052 (58)
773 4983 908 5036 Editi
941 4977 1098 5035 τοῦτο
1132 4982 1188 5033 δὲ
1223 4983 1391 5051 αὐτῷ.
1419 4980 1617 5036 Vocula
1662 4981 1717 5033 δέ
1751 4982 1908 5036 abest
1938 4999 1966 5032 a
2027 4997 2124 5036 no-

558 5055 685 5107 stris
713 5052 1007 5106 codicibus.

628 5123 740 5194 (59)
772 5121 1187 5194 Libriﬁveleres,
1222 5122 1317 5194 καίἷ
1345 5120 1499 5194 ἶςὶοὗ.
1534 5121 1698 5194 Ειίίιί,
1726 5121 1817 5194 καὶ
1843 5121 1935 5175 τοῦ
1972 5121 2121 5175 Υίοῦ.

559 5189 760 5248 Ibidem
786 5193 837 5245 in
871 5193 1031 5245 editis
1063 5191 1260 5260 legitur
1292 5189 1646 5261 ἀνθρωπίνην
1672 5209 1685 5245 :
1719 5193 1810 5246 sed
1841 5195 1891 5245 in
1929 5196 2126 5247 nostris

558 5263 835 5331 rudicibus
851 5265 1109 5329 scriptum
1145 5261 1471 5325 invenimus,
1496 5260 1878 5331 ἀνθρωπικήν.

626 5330 741 5402 (60)
782 5331 1017 5402 Basilius
1048 5333 1205 5385 docet
1257 5331 1534 5398 aliquanto
1565 5330 1707 5384 infra
1738 5373 1752 5394 ,
1803 5332 2124 5385 Eunomium

556 5400 739 5457 vocem
766 5400 1024 5472 μετουσία
1053 5417 1160 5454 non
1185 5401 1260 5453 ita
1283 5402 1550 5469 accipere,
1584 5409 1640 5454 ut
1672 5403 1943 5468 signiticet
1979 5417 2128 5456 com-

562 5473 870 5527 munionem
925 5472 1243 5540 quamlibet,
1297 5473 1390 5526 sed
1441 5472 1877 5526 communionem
1937 5485 2123 5526 esseu-

559 5554 740 5681 ι’ῗὸι)
778 5613 960 5668 Codex
1010 5627 1144 5665 unus
1189 5627 1309 5667 cum
1342 5611 1501 5666 editis
1553 5611 1639 5662 διὰ
1688 5610 1862 5663 τοῦτο.
1917 5609 2124 5677 Reliqui

558 5699 651 5736 set
688 5699 814 5737 mss.
843 5683 931 5737 διὰ
959 5683 1150 5736 ταῦτα.

631 5753 741 5820 (69.)
786 5754 920 5809 Editi
950 5755 1294 5821 ἐνυπάρχειν.
1330 5753 1506 5808 Editio
1537 5751 1664 5804 Ven.
1696 5761 1764 5820 et.
1795 5761 1999 5818 septem
2040 5767 2126 5805 no-

2229 4583 2557 4649 βαπτίσματι
2584 4578 2803 4647 χάριτος
2834 4573 3292 4649 ὲσφραγίσθημεν.
3322 4575 3485 4626 Ὥστε
3523 4576 3550 4625 ὁ
3586 4572 3792 4634 ταύτας

2224 4671 2433 4742 τολμῶν
2474 4670 2682 4722 ἀθετεῖν
2717 4667 2815 4728 τὰς
2869 4648 3056 4734 φωνὰς
3093 4668 3270 4720 πᾶσαν
3311 4665 3443 4736 ὁμοῦ
3501 4664 3792 4733 παραγρά-

2227 4783 2313 4832 es:
2357 4764 2465 4833 (66)
2497 4762 2603 4814 τῶν
2633 4759 2977 4827 Εὑαγγελίων
3023 4760 3121 4829 τὴν
3152 4759 3397 4828 δύναμιν.
3445 4756 3668 4826 Πατέρα
3720 4756 3795 4826 μὴ

2220 4985 2316 5037 slri
2353 4998 2480 5035 mss.
2504 4981 2786 5052 ὑπάρχειν.

2292 5053 2404 5121 (65)
2454 5053 2586 5118 Heg.
2619 5046 2855 5117 quartus
2902 5049 2954 5121 iu
3010 5059 3292 5121 contextu,
3340 5046 3503 5117 ψιλῆς
3558 5050 3793 5120 φωνῆςε

2225 5125 2277 5177 in
2301 5117 2410 5196 ora
2442 5117 2584 5196 libri.
2612 5117 3195 5196 πρωηγορίας,ιὲιλῆς-
3297 5186 3318 5196 ,
3411 5185 3467 5196 ,,

2296 5192 2407 5262 (64)
2445 5193 2623 5262 Codex
2657 5185 2882 5262 untis'e't
2925 5185 3052 5262 editi
3101 5185 3658 5262 συναριθμηθήσεται.
3690 5187 3793 5240 Alii

2226 5253 2318 5318 sei
2368 5253 2497 5316 mss.
2525 5260 2975 5331 ἀριθμηθὴσεται.
3013 5258 3125 5312 Vox
3163 5253 3304 5312 εἶναι
3333 5253 3505 5312 ἀὲοὲι
3560 5258 3612 5310 in
3660 5272 3794 5325 qua-

2227 5345 2346 5387 tuor
2374 5332 2672 5386 codicibus.

2295 5402 2408 5470 (65)
2447 5402 2666 5468 Antiqui
2711 5417 2802 5454 sex
2830 5401 2967 5470 ilibri
3017 5415 3145 5470 cum
3191 5399 3425 5451 editione
3454 5395 3588 5470 Ven.
3627 5395 3796 5470 ᾕμῶν

2224 5463 2572 5556 ἀρνούμενος.
2594 5463 2796 5525 Ἐιιὶιίο
2827 5469 2996 5527 Paris.
3021 5477 3076 5525 et
3120 5468 3251 5538 Reg.
3281 5466 3550 5523 secundus
3581 5463 3665 5536 μὴ’
3691 5463 3790 5536 ὸς-

2224 5560 2311 5594 νου
2321 5559 2499 5604 μενος.

2295 5560 2671 5711 (ξξῖοὲοοᾶίςεε
2701 5628 2803 5666 non
2839 5612 2993 5681 pauci
3025 5609 3331 5680 διαγράφει,
3356 5621 3515 5661 sensu
3547 5620 3656 5659 non
3693 5605 3792 5660 dis-

2223 5699 2403 5739 Slmlil.
