4026 6484
241 412 347 466 οτι

1346 423 1721 478 ADVERSUS
1763 423 2131 480 EUNOMIUM
2175 426 2300 479 LlB.
2345 425 2405 480 ll.

3397 427 3504 483 629.

241 538 612 607 γεννήσαντα,
667 541 760 593 καὶ
816 539 941 590 Υίὸν
998 539 1072 610 μὴ
1121 543 1446 613 γεννηθέντα
1512 547 1820 615 κηρύσσων.

1934 547 2105 600 Patris
2142 565 2272 601 voce
2302 555 2647 603 enascentetn
2686 546 2906 614 fugiam.
2963 547 3161 601 Verum
3214 549 3503 613 oportebat

255 625 421 679 Ἀλλὰ
453 627 620 680 ταῦτα
661 629 804 694 λέγω
838 627 982 696 (67),
1024 632 1174 697 φησὶ,
1211 633 1306 702 τὴν
1347 634 1440 685 τοῦ
1490 636 1693 699 πάθους
1737 637 1823 687 ἕν-

239 732 396 796 νοιαν
430 720 527 790 τὴν
569 722 632 772 ὲκ
674 721 773 788 τῆς
829 719 922 771 τοῦ
967 721 1176 793 Πατρὸς
1232 725 1413 793 ςωνῆς
1471 728 1824 796 ἐγγινομένην

239 794 528 862 ἐκκλίνων.
567 810 765 882 Ἐχρῆν
813 811 869 864 δὲ
915 811 1084 883 δήπου
1133 816 1224 867 τόν
1270 833 1330 882 γε
1368 817 1612 868 εὐσεϐεῖν
1655 794 1822 885 ἔγνω-

238 901 411 961 κότα,
454 902 513 952 τὸ
565 901 905 971 ἀπεμφαῖνον
949 904 1049 973 τῆς
1100 907 1157 956 ὲν
1199 908 1309 968 τοῖς
1358 908 1562 975 ῥήμασι
1620 908 1826 970 τούτοις

235 990 504 1050 διανοίας,
534 988 586 1039 εἴ
610 1006 662 1040 τι
703 991 809 1062 ἄρα
847 994 940 1045 καὶ
989 996 1277 1064 ὲνυπῆρχε,
1320 997 1820 1066 παραιτησάμενον,

241 1083 322 1149 μὴ
358 1080 536 1130 πᾶσαν
579 1079 789 1150 ἀθρόως
821 1083 918 1152 τὴν
953 1084 1134 1152 φωνὴν
1162 1084 1392 1149 ἀθετεῖν,
1429 1087 1563 1155 μηδὲ
1593 1091 1659 1158 τῇ
1693 1106 1824 1158 προ-

240 1171 408 1238 φάσει
436 1171 531 1222 τοῦ
561 1173 839 1242 ἀπρεποῦς
882 1177 976 1226 καὶ
1008 1177 1068 1226 τὸ
1114 1176 1236 1228 ὅσον
1273 1179 1368 1230 ἀπ’
1414 1179 1583 1248 αὐτῆς
1631 1185 1822 1251 χρήσι-

243 1277 348 1328 μον
389 1264 797 1316 συνεκόάλλειν·
833 1266 945 1317 ἁλλ⁴
980 1266 1087 1316 ἀπὸ
1133 1268 1229 1336 μὲν
1265 1267 1372 1318 τῶν
1416 1270 1684 1321 ταπεινῶν
1732 1274 1824 1324 καὶ

243 1353 524 1422 σαρκικῶν
552 1357 835 1425 νοημάτων
871 1365 928 1406 εν
961 1360 1072 1418 τοῖς
1113 1361 1237 1429 περὶ
1271 1360 1404 1412 Θεοῦ
1443 1361 1674 1430 δόγμασι
1721 1381 1826 1416 κα·

244 1446 533 1516 θαρεύειν,
574 1450 826 1518 γέννησιν
856 1449 910 1501 δὲ
956 1453 1020 1520 τῇ
1051 1452 1328 1523 ἁγιωσύνῃ
1359 1453 1452 1506 καὶ
1493 1458 1556 1525 τῇ
1595 1455 1822 1527 άποθεία

240 1540 342 1591 τοῦ
382 1539 516 1593 Θεοῦ
558 1543 875 1612 πρέπουσαν
903 1545 1133 1596 ἐννοεῖν·
1172 1547 1261 1598 τὸν
1308 1547 1403 1616 μὲν
1437 1549 1656 1619 τρόπον,
1702 1551 1820 1602 καθ’

239 1636 305 1686 ὃν
353 1635 640 1702 ἐγέννησεν
671 1638 698 1687 6
734 1635 884 1698 Θεὸς,
926 1636 1001 1698 ὡς
1033 1636 1269 1712 ἄρρητον
1319 1639 1412 1690 καὶ
1466 1640 1821 1710 άπερινόητον

241 1726 499 1796 ἀφιέντα,
529 1727 663 1796 πρὸς
689 1725 744 1778 δὲ
779 1725 872 1796 τὴν
905 1728 1020 1779 κατ’
1065 1729 1254 1780 οὐσίαν
1293 1730 1585 1798 ὁμοιότητα
1617 1733 1679 1782 ἐκ
1724 1732 1820 1799 τῆς

239 1817 340 1870 τοῦ
385 1819 577 1887 γεννᾷν
612 1817 982 1888 προσηγορίας
1005 1819 1382 1890 ὁδηγούμενον.
1425 1822 1680 1890 Καίτοιγε
1720 1840 1822 1890 φαρ

241 1910 402 1980 νερὸν
435 1911 808 1981 σκοπουμένῳ,
837 1913 917 1964 ὅτι
952 1913 1011 1964 οὑ
1046 1914 1370 1979 σωματικῶν
1398 1913 1589 1967 παθῶν
1619 1913 1824 1980 κυρίως
1858 1919 1896 1972 Β
1928 1921 2038 1974 lere

242 2003 342 2055 καὶ
383 2002 612 2073 πρώτως
646 2003 853 2056 ἔννοιαν
893 2006 1138 2074 ἐμποιεῖν
1176 2008 1331 2058 ταυτὶ
1370 2005 1579 2073 πέφυκε
1615 2005 1680 2057 τὰ
1709 2006 1820 2058 ὀνο·

247 2111 418 2164 ματα,
447 2096 474 2147 6
504 2094 704 2165 πατὴρ,
748 2095 909 2163 λέγω,
951 2097 1044 2150 καὶ
1084 2099 1111 2148 ὁ
1141 2098 1253 2160 υἱός
1274 2116 1286 2127 ⁸
1323 2098 1458 2150 ἀλλὰ
1507 2098 1627 2149 καθ’
1655 2100 1822 2152 ἑαυτὰ

248 2187 350 2256 μὲν
393 2186 678 2257 λεγόμενα,
723 2188 823 2258 τὴν
878 2190 1011 2259 πρὸς
1059 2189 1264 2258 ἄλληλα
1328 2190 1510 2258 σχέσιν
1554 2191 1821 2246 ἐνδείκνυ-

242 2296 336 2330 ται
382 2281 490 2348 (68)
528 2282 712 2351 μόνην.
764 2281 950 2351 Πατὴρ
995 2283 1090 2350 μὲν
1125 2283 1231 2352 γάρ
1277 2284 1424 2334 ἐστιν
1457 2287 1483 2336 ὁ
1523 2284 1695 2355 ἑτέρῳ
1732 2285 1824 2337 τοῦ

1933 652 2054 688 cum
2083 637 2175 705 qui
2209 639 2292 704 pie
2339 653 2500 706 agere
2530 638 2833 698 statuisset,
2865 638 3124 690 absonum
3163 637 3354 690 horum
3390 655 3506 690 vcr-

1936 727 2124 780 |:orttm
2159 741 2396 792 sensum,
2427 729 2470 782 si
2504 728 2594 798 qui
2634 738 2809 782 tamen
2848 730 3036 790 iuerat,
3067 730 3372 795 adversari,
3399 737 3505 782 noti

1936 827 2102 872 totam
2164 820 2324 872 simul
2381 837 2565 876 vocem
2640 823 2970 889 reprobare;
3029 837 3203 890 neque
3265 820 3502 875 iudecori

1933 910 2179 976 obtentu,
2209 912 2469 982 quidquid
2501 916 2570 966 ab
2601 929 2663 966 ea
2693 914 2904 966 accedit
2951 913 3222 977 utilitatis,
3256 914 3307 967 id
3343 908 3505 966 simui

1937 1003 2159 1070 rejieere
2203 1023 2215 1057 :
2253 1005 2346 1057 sed
2389 1015 2445 1057 ut
2485 1007 2551 1059 ab
2609 1005 2907 1059 humilibus
2947 1005 3362 1073 carnalibusque
3412 1019 3503 1056 co-

1934 1094 2280 1162 gitationibus
2324 1095 2374 1147 in
2422 1096 2622 1149 divinis
2680 1095 2946 1165 dogmatis
2990 1110 3182 1164 purum
3230 1111 3382 1158 esse,
3429 1096 3501 1148 ita

1937 1188 2340 1252 generationem
2377 1189 2646 1242 sanctitati
2687 1200 2849 1256 atque
2896 1188 3125 1254 opai/aiis
3175 1187 3263 1238 Dei
3309 1201 3504 1240 conve-

1931 1281 2166 1334 nientem
2222 1279 2555 1346 intelligere:
2591 1281 2722 1331 adeo
2775 1288 2832 1330 ut
2869 1279 3088 1330 modum
3144 1275 3359 1344 quidem
3398 1291 3502 1343 quo

1936 1371 2071 1424 Deus
2114 1374 2318 1438 genuit,
2364 1382 2618 1438 tanquam
2650 1374 2737 1438 qui
2779 1371 3069 1425 iucllabilis
3101 1385 3162 1422 ac
3196 1369 3505 1437 incompre—

1935 1463 2212 1516 hensibilis
2248 1464 2339 1526 sit,
2389 1464 2865 1531 praztertuitteret,
2913 1463 2980 1515 ad
3024 1460 3343 1516 substantiae
3375 1473 3503 1512 veto

1931 1554 2332 1608 similitudinem
2382 1569 2479 1623 per
2528 1557 2818 1623 generandi
2873 1553 3284 1622 appellationem
3334 1550 3502 1604 dedu-

1932 1656 2167 1699 ceretur.
2197 1645 2514 1714 Quanquam
2548 1647 2893 1714 perspicuum
2926 1655 3008 1700 est
3049 1643 3340 1713 reputanti,
3387 1643 3501 1696 haec

1931 1740 2184 1802 nomina,
2242 1751 2393 1809 pater
2438 1751 2493 1794 et
2531 1739 2693 1801 lilius,
2739 1739 3096 1806 corporalium
3153 1738 3500 1792 atlectiouum

1930 1831 2311 1899 cogitationem
2373 1833 2586 1901 proprie
2632 1847 2693 1884 ac
2730 1831 2988 1900 primario
3035 1845 3222 1899 parere
3257 1845 3360 1884 non
3411 1845 3501 1883 so-

2079 1938 2091 1973 :
2131 1926 2224 1976 sed
2259 1939 2380 1977 cum
2429 1940 2524 1992 per
2570 1939 2629 1977 se
2673 1925 2786 1977 sola
2824 1924 3100 1986 dicuntur,
3143 1924 3313 1976 solum
3350 1921 3493 1976 habi-

1933 2022 2044 2066 tum
2081 2025 2320 2067 mutuum
2357 2016 2618 2068 indicare.
2672 2013 2832 2065 l’ater
2865 2013 3008 2065 enim
3040 2019 3151 2075 est,
3201 2011 3290 2080 qui
3346 2009 3498 2064 alteri

1930 2107 2228 2161 exsistendi
2289 2107 2613 2175 principium
2663 2105 2960 2159 secundum
3013 2105 3244 2158 similem
3293 2103 3498 2172 sibiipsi

1938 2207 2186 2250 naturam
2219 2198 2450 2252 contulit
2478 2215 2490 2248 :
2520 2196 2658 2251 ﬁlius
2688 2212 2834 2260 vero,
2866 2197 2955 2263 qui
2981 2211 3042 2247 ex
3077 2197 3179 2249 alio
3211 2209 3308 2263 per
3337 2211 3498 2263 gent-.—

1935 2288 2196 2341 rationem
2233 2288 2556 2356 principium
2588 2300 2642 2339 nt
2673 2288 2744 2341 sit
2780 2289 2986 2342 habuit.

243 2371 386 2428 εἶναι
419 2377 555 2429 κατὰ
583 2376 680 2446 τὴν
713 2377 902 2446 ὁμοίαν
951 2378 1127 2448 ἑαυτῷ
1157 2378 1318 2446 φύσιν
1368 2380 1464 2450 τὴν
1508 2379 1680 2451 ἀρχὴν
1749 2382 2073 2453 παρασχώνο
2111 2383 2223 2445 υίὸς
2254 2383 2310 2435 δὲ
2373 2385 2400 2436 6
2463 2381 2521 2449 ἐξ
2588 2383 2773 2453 ἑτέρου
2801 2383 3071 2452 γεννητῶς
3097 2383 3190 2434 τοῦ
3230 2377 3364 2436 εἶναι
3405 2384 3499 2452 τὴν

243 2469 421 2540 ἀρχὴν
455 2470 722 2540 ἐσχηκώς.

317 2560 407 2614 25.
454 2561 621 2614 Ὅταν
658 2563 756 2631 μὲν
784 2558 874 2615 οὖν
904 2561 1246 2634 ἀκούσωμεν,
1276 2565 1356 2617 ὅτι
1398 2565 1682 2635 ἄνθρωπος
1719 2565 1828 2636 (69)

244 2652 448 2723 πατὴρ,
491 2653 610 2705 τότε
652 2656 742 2706 καὶ
780 2656 878 2707 τὴν
917 2654 1009 2708 τοῦ
1046 2656 1250 2719 πάθους
1284 2657 1493 2710 ἔννοιαν
1539 2659 1826 2729 προσλαμ-

245 2745 484 2815 ϐάνομεν
503 2763 515 2774 ·
551 2746 676 2799 ὅταν
705 2747 761 2798 δὲ
779 2789 792 2810 ,
823 2748 904 2799 ὅτι
940 2749 967 2799 6
999 2748 1131 2810 Θεὸς
1170 2750 1379 2819 Πατὴρ,
1408 2750 1500 2802 ἐπὶ
1522 2752 1618 2820 τὴν
1641 2751 1827 2820 άπαθῆ

245 2836 430 2888 αἰτίαν
463 2839 574 2899 τοῖς
626 2837 906 2908 λογισμοῖς
957 2839 1349 2910 ἀνατρέχομεν.
1388 2841 1445 2893 '0
1474 2840 1552 2903 δὲ,
1588 2842 1681 2892 ἐπὶ
1731 2842 1828 2911 τῆς

246 2926 529 2996 ἐμπαθοῦς
556 2928 767 2995 φύσεως
795 2932 858 2998 τῇ
894 2929 1236 3000 προσηγορίᾳ
1267 2929 1438 3003 ταύτῃ
1470 2930 1822 2993 συνεθισθεὶς,

246 3019 310 3069 τὸ
359 3019 500 3087 ὑπὲρ
554 3019 652 3090 τὴν
688 3020 991 3088 κατάληψιν
1044 3020 1149 3072 τῶν
1201 3020 1389 3074 ἑαυτοῦ
1443 3021 1718 3091 λογισμῶν
1751 3020 1825 3083 ὡς

1997 2565 2088 2618 2'5.
2113 2564 2315 2631 Itaque,
2349 2578 2470 2617 cum
2504 2564 2776 2626 audimus,
2809 2564 3078 2617 hominem
3111 2575 3317 2630 patrem
3350 2581 3492 2629 esse.

1931 2667 2057 2710 tunc
2091 2657 2280 2709 incidit
2328 2657 2488 2710 nobis
2515 2654 2737 2709 allectus
2771 2656 3026 2724 cogitatio
3055 2676 3068 2710 :
3110 2665 3166 2708 at
3212 2671 3342 2711 vero
3368 2673 3487 2710 cum

1931 2743 2096 2798 Deum
2128 2745 2360 2807 Patrem,
2389 2754 2499 2799 tum
2529 2747 2594 2799 ad
2626 2747 3012 2815 impassihilem
3047 2762 3264 2801 causam
3315 2759 3498 2801 mente

1933 2840 2252 2894 attollimur.
2282 2840 2576 2894 Eunomius
2607 2852 2786 2896 autem
2822 2843 2958 2895 hanc
2990 2841 3400 2909 appellationem
3436 2835 3505 2896 (ἵε

1935 2930 2168 2997 subjecta
2231 2929 2604 2984 all‘ectiunibus
2675 2942 2862 2984 natura
2928 2934 3173 3001 accipere
3227 2943 3496 2995 assuezus,

1934 3023 2074 3091 quod
2113 3022 2334 3075 rationis
2363 3023 2480 3090 ejus
2517 3030 2728 3090 captum
2776 3030 3016 3090 supcrat,
3068 3025 3116 3074 id
3155 3032 3214 3075 ut
3249 3023 3500 3090 impossi-

246 3107 509 3160 ἀδύνατον
543 3110 890 3179 ἀπαρνεῖται.
925 3111 999 3162 Οὐ
1035 3110 1162 3180 γὰρ,
1194 3112 1270 3181 τῷ
1305 3111 1465 3166 πάθει
1513 3112 1620 3165 τῶν
1654 3113 1824 3183 φθαρ-

1934 3113 2039 3167 bile
2078 3122 2357 3182 pernegat.
2410 3112 2524 3166 Non
2573 3116 2716 3167 enim
2757 3131 2854 3182 par
2888 3125 3000 3168 erat
3037 3129 3190 3179 eum,
3235 3118 3500 3183 corrupti-

245 3205 357 3252 τῶν
407 3203 767 3271 προσέχοντα,
810 3205 877 3272 τῇ
932 3201 1169 3273 ἀπαθείᾳ
1231 3203 1323 3255 τοῦ
1383 3203 1517 3256 Θεοῦ
1581 3207 1829 3258 άπιστεῖν

248 3293 546 3360 προσῆκεν,
590 3293 728 3356 οὐδὲ,
758 3296 822 3363 τῇ
864 3295 1060 3363 ρευστῇ
1105 3293 1259 3362 φύσει
1293 3297 1385 3347 καὶ
1429 3295 1648 3366 μυρίαις
1699 3297 1830 3348 ὑπο-

250 3385 481 3456 κειμένῃ
519 3383 867 3453 μεταϐολαῖς,
898 3385 997 3453 τὴν
1032 3387 1296 3457 ἄτρεπτον
1334 3389 1427 3439 καὶ
1478 3387 1830 3440 ἀναλλοίωτον

247 3477 434 3529 οὐσίαν
466 3476 833 3547 παρατιθέντα
868 3477 997 3547 (70).
1046 3479 1182 3549 Μηδ’
1203 3480 1282 3530 ὅτι
1309 3481 1376 3531 τά
1405 3479 1574 3551 θνητὰ
1605 3480 1716 3544 ζῶα
1745 3479 1828 3532 διὰ

249 3568 455 3632 πάθους
503 3572 694 3640 γεννᾷ,
739 3571 834 3622 καὶ⁹
874 3571 966 3623 τὸν
1000 3571 1130 3623 Θεὸν
1167 3573 1339 3642 ἐχρῆν
1369 3572 1540 3635 οὕτως
1589 3573 1824 3625 οἴεσθαι·

249 3663 369 3715 ἀλλ’
395 3663 644 3716 ἐντεῦθεν
678 3664 875 3733 μᾶλλον
904 3665 1211 3734 ὁδηγεῖσθαι
1246 3666 1381 3736 πρὸς
1413 3667 1508 3736 τὴν
1540 3665 1826 3734 ἀλήθειαν·

248 3757 358 3820 ὃτι,
392 3757 581 3825 ἐπειδὴ
613 3757 680 3809 τὰ
710 3757 926 3828 φθαρτὰ
963 3758 1155 3820 οὓτως,
1186 3760 1212 3808 ὁ
1248 3757 1522 3827 ἄφθαρτος
1551 3761 1827 3821 ἐναντίως.

250 3848 364 3898 Καὶ
400 3849 506 3917 μὴν
562 3847 681 3899 οὐδὲ
717 3849 892 3900 ἐκεῖνό
931 3866 993 3918 γε
1042 3848 1106 3901 ἂν
1156 3851 1317 3909 εἴποι,
1369 3849 1443 3909 ὼς
1491 3849 1692 3920 κυρίως
1738 3851 1831 3902 καὶ

249 3937 487 4010 πρώτως
539 3940 629 3991 ἐπὶ
675 3939 783 3992 τῶν
822 3940 1122 4010 ἀνθρώπων
1164 3940 1516 4009 τεταγμένων
1562 3941 1670 3992 τῶν
1710 3942 1829 3993 ὀνο-

254 4033 443 4102 μάτων
467 4032 690 4092 τούτων,
714 4032 1164 4103 καταχρηστικῶς
1186 4035 1348 4101 ἡμεῖς
1371 4032 1692 4101 ἐπιλέγομεν
1716 4033 1831 4101 (7i)

251 4123 334 4192 τῷ
362 4122 498 4192 Θεῷ.
544 4124 600 4174 Ὀ
633 4126 740 4193 γάρ
773 4141 850 4174 τοι
897 4123 1098 4192 Κύριος
1142 4123 1298 4191 ἡμῶν
1335 4122 1540 4191 Ἰησοῦς
1577 4121 1828 4192 Χριστὸς,

251 4218 392 4285 πρὸς
424 4216 522 4286 τὴν
557 4216 772 4269 πάντων
822 4217 994 4286 ἀρχὴν
1039 4215 1132 4267 καὶ
1167 4217 1263 4284 τὴν
1296 4214 1466 4284 ἀληθῆ
1513 4214 1622 4266 τῶν
1664 4214 1829 4265 ὄντων

250 4307 434 4359 αἰτίαν
483 4307 770 4374 ἐπανάγων
815 4309 982 4376 ἡμᾶς,
1026 4306 1222 4375 Ὑμεῖς
1264 4305 1331 4357 δὲ
1373 4305 1458 4373 μὴ
1509 4303 1825 4371 καλέσητε,

252 4397 409 4465 φησὶ,
453 4395 678 4463 πατέρα
733 4395 898 4463 ὑμῶν
949 4396 1046 4448 ἐπὶ
1100 4393 1210 4462 τῆς
1262 4393 1402 4462 γῆς·
1433 4389 1519 4458 εἶς
1557 4393 1667 4461 γάρ
1699 4394 1829 4445 ἐστι

1933 3206 2119 3259 biliutn
2174 3203 2515 3259 allectionem
2575 3205 2983 3272 attendentem,
3029 3217 3190 3276 atque
3245 3208 3500 3260 substan-

1934 3299 2060 3352 tiam
2109 3298 2498 3353 immutabilem
2551 3313 2615 3352 ac
2655 3298 3051 3352 inalterabilem
3099 3311 3304 3354 natura:
3345 3299 3502 3354 llum:

1932 3400 1985 3439 et
2025 3387 2326 3440 innumeris
2363 3388 2752 3441 mutationibus
2783 3388 3030 3442 obnoxia:
3069 3401 3498 3458 comparantem,

1932 3476 2098 3530 Deum
2155 3493 2258 3531 non
2315 3478 2536 3533 credere
2602 3478 2972 3533 allectionibus
3026 3481 3336 3536 immunem.
3394 3481 3502 3536 Nec

1932 3568 2184 3634 quoniam
2226 3568 2474 3622 mortalia
2505 3569 2754 3622 animalia
2794 3585 2889 3638 per
2924 3571 3170 3624 allectum
3205 3582 3492 3641 generant,

1933 3660 2005 3711 ita
2044 3673 2259 3727 quoque
2311 3658 2376 3711 de
2428 3657 2536 3712 Deo
2587 3660 2789 3713 sentire
2845 3662 3122 3728 Oportebat
3167 3677 3181 3712 :
3229 3663 3322 3714 sed
3375 3661 3501 3716 hinc

1933 3753 2110 3816 magis
2158 3751 2348 3805 deduci
2385 3750 2453 3804 ad
2505 3752 2810 3812 veritatem,
2854 3753 2994 3820 quod
3026 3754 3276 3820 quoniam
3313 3768 3501 3807 corru-

1933 3842 2136 3912 ptibilia
2173 3842 2276 3897 ltoc
2306 3843 2488 3906 modo,
2521 3842 2566 3896 is
2603 3843 2696 3911 qui
2737 3843 3160 3911 incorruptibilis
3191 3853 3296 3905 cst,
3343 3847 3501 3900 modo

1931 3938 2207 3992 contrario
2257 3947 2500 4006 generat.
2550 3936 2734 4006 Neque
2781 3952 2909 3991 vero
2945 3937 3072 3991 illud
3120 3937 3350 4002 dixerit,
3400 3954 3498 3991 no-

1934 4030 2075 4082 mina
2102 4030 2216 4082 haec
2239 4044 2359 4098 quae
2391 4028 2554 4098 259
2583 4032 2802 4100 proprie
2836 4044 2898 4084 ac
2944 4031 3201 4100 primario
3233 4032 3298 4085 de
3329 4033 3502 4084 homi-

1934 4121 2088 4174 nibus
2141 4131 2396 4190 usurpata
2442 4131 2596 4186 sunt,
2637 4123 2701 4176 de
2753 4123 2860 4174 Deo
2889 4139 2915 4174 a
2956 4121 3110 4175 nobis
3141 4121 3244 4174 dici
3278 4135 3373 4191 per
3417 4124 3503 4175 ab-

1933 4231 2114 4268 usum.
2166 4213 2371 4268 Etenim
2414 4213 2670 4268 Domiuus
2709 4224 2890 4267 noster
2920 4212 3078 4267 Jesus
3121 4213 3388 4279 Christus,
3435 4216 3501 4266 ad

1931 4307 2170 4358 Omnium
2218 4305 2537 4373 principium
2581 4313 2634 4357 et
2680 4319 2862 4356 veram
2913 4319 3092 4356 rerum
3138 4318 3358 4357 causam
3406 4319 3503 4356 nos

1935 4398 2237 4450 reducens:
2285 4395 2385 4448 Vos
2425 4407 2599 4449 autem
2636 4396 2796 4448 nolite
2840 4411 3044 4458 vocare,
3079 4395 3270 4462 inquit,
3302 4405 3502 4462 patrem

250 4486 458 4554 Πατὴρ
487 4486 596 4555 (72)
631 4485 797 4554 ὑμῶν
828 4490 860 4540 ὀ
893 4485 1195 4552 οὐράνιος.
1241 4485 1365 4548 Πῶς
1404 4481 1494 4538 οὖν
1527 4484 1602 4546 ὡς
1646 4501 1824 4554 σαρκι-

1934 4498 2159 4540 vestrum
2201 4489 2252 4539 in
2291 4498 2466 4550 terra;
2508 4503 2642 4541 unus
2683 4488 2822 4539 enim
2871 4499 2943 4540 est
2984 4486 3142 4540 Pater
3189 4500 3352 4540 vester
3396 4504 3500 4542 εω-

250 4578 364 4630 κῶν
393 4577 581 4630 παθῶν
613 4578 1037 4648 προηγουμένως
1079 4577 1410 4638 ἐνδεικτικὰς
1443 4576 1645 4638 ταύτας
1683 4578 1830 4645 ἡμᾶς

251 4671 396 4735 ἀξιοῖ
425 4671 522 4733 τὰς
566 4672 746 4739 φωνὰς
785 4670 1240 4740 ἀποπέμπεσθαι,
1289 4669 1354 4733 ἃς
1384 4672 1411 4721 6
1443 4670 1644 4739 Κύριος
1696 4670 1826 4737 (75),

250 4763 327 4824 ῶς
372 4765 435 4832 τῇ
475 4761 708 4832 ἀπαθείᾳ
742 4761 834 4813 τοῦ
879 4761 1014 4812 Θεοῦ
1066 4759 1398 4830 πρεπούσας,
1444 4760 1550 4812 ἀπὸ
1588 4758 1695 4810 τῶν
1735 4759 1829 4811 ἀν-

252 4851 491 4922 θρώπων
535 4853 669 4922 πρὸς
718 4853 880 4905 αὑτὸν
935 4852 1046 4922 (74)
1105 4851 1488 4922 μετατίθησιν;
1526 4852 1586 4902 Εἰ
1641 4851 1694 4902 δὲ
1744 4851 1834 4901 καὶ

324 4965 370 4996 ⁸⁸
412 4963 599 5018 Matth.
629 4982 785 5033 mn,
814 4968 866 5023 9.

325 5079 436 5147 (6'7)
481 5077 639 5150 Unus
673 5092 765 5132 aut
799 5081 936 5134 alter
972 5096 1068 5136 ms.
1097 5097 1218 5133 eum
1264 5083 1422 5136 editis
1453 5083 1660 5150 λέγων.
1689 5127 1698 5135 .
1725 5123 1737 5136 .
1769 5124 1780 5135 .
1811 5125 1823 5138 .

250 5151 520 5220 ἐκκλίνωᾷ
540 5148 642 5202 Alii
672 5150 913 5220 quinque
955 5168 1080 5205 mss.
1112 5151 1371 5220 λέγω.....
1401 5148 1684 5207 ἐκκλίνων.

328 5220 442 5292 (63)
482 5217 622 5273 Editi
671 5219 1061 5275 ἐνδείκνυνται.
1122 5217 1346 5276 Veteres
1417 5225 1656 5292 quinque
1705 5223 1827 5278 libri

249 5291 608 5344 ἐνδείκνυται.

326 5362 441 5432 (69)
484 5361 622 5415 Editi
651 5360 822 5434 Paris.
845 5363 1188 5434 ἀκούσωμεν,
1215 5365 1293 5415 ὃτι
1321 5362 1625 5434 ἄνθρωπος.
1656 5363 1828 5417 Edilio

253 5433 388 5485 Ven.
418 5442 469 5485 ct
505 5446 598 5485 sex
631 5447 758 5503 mss.
785 5433 1110 5503 ἀκούσωμεν
1156 5433 1456 5503 ἄνθρωπος.
1499 5435 1604 5486 Sed
1642 5449 1825 5488 vocem

249 5503 334 5554 ὅτι
366 5503 562 5572 inepte
609 5502 861 5555 omissam
917 5502 1037 5555 esse
1089 5520 1152 5556 ex
1202 5502 1270 5558 co
1303 5504 1639 5572 intelligitur,
1684 5506 1825 5572 quod

251 5571 434 5643 statim
467 5573 708 5643 legamus
734 5573 860 5625 ὃταν
886 5572 961 5636 δὲ,
993 5575 1074 5626 ὅτι
1101 5577 1129 5626 6
1169 5574 1300 5635 Θεὸς
1334 5571 1542 5643 Πατήρ.

323 5641 437 5706 (70)
483 5641 702 5714 Veteres
747 5656 978 5711 quatuor
1038 5644 1155 5695 libri
1213 5660 1334 5714 cum
1388 5641 1544 5698 editis
1596 5661 1828 5714 παρατι-

253 5712 444 5785 θέντα.
490 5712 590 5763 ΛΙιὶ
648 5719 751 5766 duo
819 5729 947 5770 mss.
997 5713 1376 5785 παρατιθέναι.
1445 5715 1641 5785 Ibidem
1682 5712 1827 5768 editi

255 5781 393 5853 μηδὲ
431 5783 512 5834 ὅτι
533 5822 544 5835 .
569 5822 581 5835 .
609 5825 618 5834 .
648 5821 659 5832 .
683 5823 694 5834 .
742 5785 954 5853 γεννᾷν.
987 5781 1132 5840 Libri
1170 5787 1372 5853 antiqui
1408 5784 1528 5855 μηδ’
1559 5786 1638 5837 ὅτι
1660 5823 1672 5836 .
1701 5824 1712 5836 .
1737 5823 1748 5836 .
1775 5824 1786 5836 .

251 5869 434 5921 γεννᾳ.

1938 4580 2080 4631 testis
2104 4580 2169 4631 δ’.
2222 4580 2501 4644 Quomodo
2553 4579 2714 4649 igitur
2766 4594 2924 4633 voces
2971 4579 3102 4640 bas,
3154 4588 3406 4646 tauquam
3457 4579 3500 4631 si

1938 4670 2208 4737 praecipue
2262 4669 2512 4720 carnales
2580 4667 2801 4722 allectus
2877 4667 3276 4737 signiﬁcarent,
3343 4682 3501 4734 repuo

1941 4760 2164 4813 dieudas
2212 4771 2392 4813 censet
2435 4775 2618 4827 :quas
2669 4760 2948 4813 Dominus‘
2977 4771 3160 4814 noster
3209 4758 3354 4814 velut
3413 4759 3502 4810 Dei

1946 4853 2212 4919 aput/nam
2266 4852 2517 4904 decentes
2551 4852 2618 4903 ab
2655 4851 2960 4905 hominibus
3005 4851 3067 4903 ad
3104 4853 3276 4918 ipsum
3325 4859 3503 4903 trans-

2003 5083 2116 5152 (71)
2159 5082 2300 5135 Edili
2351 5092 2406 5135 et
2452 5097 2582 5137 mss.
2631 5097 2732 5133 non
2779 5081 2930 5148 pauci
2983 5078 3326 5148 ὲπιλέγομεν.
3372 5081 3500 5150 ειυς.

1932 5156 2122 5208 tertius
2159 5152 2521 5222 ὲπιλέγωμεν.

2001 5224 2116 5291 (72)
2156 5224 2294 5276 Edili
2325 5225 2352 5274 6
2380 5219 2590 5290 Πατήρ.
2622 5220 2899 5274 Articulus
2932 5219 2984 5272 in
3018 5235 3145 5272 mss.
3171 5219 3369 5273 nostris
3396 5236 3504 5273 non

1931 5305 2216 5346 ιιινριιιιιιν.

2001 5362 2112 5431 (75)
2155 5361 2293 5416 Editi
2354 5361 2559 5432 Κύριος
2618 5362 2797 5432 ἡμῶν.
2857 5361 2964 5414 Vox
3025 5360 3209 5413 ultima
3255 5359 3308 5412 in
3371 5373 3503 5412 mss.

1932 5434 2100 5488 deest.

2008 5506 2118 5571 (74)
2160 5504 2298 5557 Editi
2332 5513 2384 5556 et
2410 5502 2512 5555 duo
2548 5519 2673 5554 mss.
2704 5502 2840 5572 πρὸς
2880 5502 3087 5554 ἑαυτόν.
3138 5498 3289 5553 Unde
3336 5499 3508 5572 intor-

1937 5590 2098 5640 pres:
2143 5579 2210 5626 ad
2249 5591 2302 5627 se
2340 5575 2506 5636 ipsum
2559 5571 2809 5640 transfert
2838 5588 2855 5623 :
2891 5577 3029 5638 quod
3078 5573 3204 5638 quin
3249 5571 3504 5640 yitiOsntn

1936 5639 2027 5704 Sit,
2058 5645 2290 5698 dubitari
2321 5645 2464 5696 nullo
2498 5647 2654 5696 modo
2687 5653 2884 5712 potest.
2919 5642 3031 5694 Non
3061 5641 3204 5694 enim
3245 5639 3509 5712 Dominus

1938 5731 1996 5768 se
2031 5717 2142 5783 ipse
2174 5725 2327 5768 vocat
2369 5713 2626 5766 Patrem:
2661 5708 2752 5766 sed
2801 5713 2852 5765 id
2903 5727 3095 5764 nomen
3143 5708 3401 5783 transfert
3441 5711 3506 5768 ad

1940 5777 2104 5838 Deuin
2141 5788 2552 5843 universorum,
2603 5798 2694 5834 seu
2744 5783 2808 5835 ad
2847 5798 3000 5835 suum
3056 5783 3222 5848 ipsius
3269 5777 3507 5833 Patrem.

1939 5856 2116 5909 Codex
2150 5856 2299 5908 Colb.
2329 5865 2381 5908 et
2415 5854 2501 5906 alii
2544 5863 2652 5907 tres
2684 5853 2816 5916 πρὸς
2847 5852 3028 5914 αὑτὸν,
3059 5865 3222 5907 recte.
