4026 6466
480 355 588 412 69.7

1801 360 1857 418 S.
1902 359 2151 415 BASILII
2192 355 2409 415 MAGNI

3650 348 3761 403 623

478 475 626 530 enim
657 477 909 546 quoniam
956 477 1179 531 omnino
1229 475 1513 531 inclfabilis
1562 477 1752 530 modus
1785 484 1866 529 est
1905 485 2066 543 atque

2190 476 2203 542 ᾗ
2234 473 2519 542 γέννησιςς
2568 470 2660 523 κα).
2685 472 2934 541 iterasti};
2966 469 3058 523 καὶ
3097 468 3214 531 πῶς
3246 467 3310 521 ἂν
3345 468 3554 535 γένοινο
3579 470 3762 537 αὐτης

482 566 1068 639 incomprehensibilis,
1100 569 1359 624 continuo
1390 570 1556 622 etiam
1592 568 1798 622 iirmam
1841 581 1906 620 ac
1950 577 2062 621 sta-

484 657 645 712 bilem
677 660 729 713 in
760 659 974 715 Patrem
1021 670 1074 716 et
1099 661 1290 716 Filium
1321 661 1477 715 fidem
1530 660 1868 730 abjiciemus.
1906 659 2062 719 Nam,

487 749 533 803 si
583 749 939 820 intelligentia
986 763 1167 808 nostra
1203 751 1531 808 voluerimus
1566 751 1740 806 metiri
1778 752 1980 811 omnia,
2012 762 2064 804 et

487 841 629 907 quod
675 852 856 897 mente
904 844 1022 911 capi
1074 859 1177 898 non
1234 852 1427 912 potest,
1465 843 1514 896 id
1555 841 1806 896 arbitrari
1847 840 2065 894 omnino

490 947 595 984 non
639 946 781 998 esse,
814 936 1010 1003 peribit
1061 935 1206 998 fidei,
1241 937 1437 1004 peribit
1486 935 1597 1005 spei
1653 947 1877 987 merces.
1924 931 2065 995 Quo-

490 1025 652 1080 modo
679 1037 860 1083 autem
894 1028 1156 1085 fuerimus
1186 1031 1415 1097 amplius
1447 1027 1592 1095 digni
1622 1023 2064 1086 beatitudinibus,

487 1131 612 1187 qua:
639 1119 691 1173 in
725 1120 832 1175 fide
861 1136 1041 1176 rerum
1077 1136 1183 1174 non
1228 1118 1602 1188 apparentium
1636 1119 1882 1183 reposita:
1919 1127 2064 1180 sunt,

487 1208 536 1263 si
565 1208 723 1280 261
760 1211 827 1266 iis
857 1212 987 1266 solis
1013 1227 1132 1280 quae
1168 1212 1360 1265 rationi
1408 1211 1670 1265 evidentia
1719 1218 1862 1272 sunt,
1909 1209 2065 1262 ﬁdem

495 1300 791 1356 habemus?
825 1303 973 1357 Unde
1007 1318 1156 1356 vana:
1203 1301 1360 1357 facta:
1413 1311 1538 1357 sunt
1583 1312 1793 1372 gentes,
1825 1311 1879 1353 et
1927 1309 2071 1353 lene-

496 1391 608 1446 bria
659 1394 944 1447 obductum
990 1404 1073 1448 est
1130 1394 1366 1450 insciens
1405 1409 1498 1447 cor
1536 1408 1720 1447 eorum
1752 1391 1834 1444 ⁸⁹ἳ
1861 1391 2066 1458 Nonne,

496 1485 752 1554 quoniam
786 1485 913 1539 dum
947 1501 1010 1540 ea
1049 1496 1368 1554 sequuntur,
1399 1500 1518 1552 quae
1568 1484 1762 1537 rationi
1807 1483 2072 1537 verisimi-

495 1575 566 1630 lia
598 1575 872 1638 videntur,
904 1577 1271 1645 prmdicationi
1309 1577 1543 1646 Spiritus
1576 1574 1732 1628 fidem
1781 1590 1885 1628 non
1919 1574 2073 1627 adbi-

494 1664 670 1722 bent?
710 1666 856 1732 Quos
915 1676 1095 1721 autem
1140 1667 1307 1722 Isaias
1373 1676 1430 1720 ut
1491 1665 1733 1734 perditos
1791 1663 2073 1733 deplorat?

504 1759 598 1815 Va?
639 1761 964 1830 sapientibus
1011 1760 1062 1813 in
1108 1762 1311 1827 seipsis,
1343 1771 1390 1812 et
1426 1774 1603 1811 coram
1645 1758 1831 1825 seipsis
1863 1757 2075 1810 scienti-

2173 566 2245 617 Οὐ
2292 563 2419 634 γὰρ,
2459 561 2645 633 ἐπειδὴ
2680 563 2708 614 ὀ
2738 562 2936 632 τρόπος
2983 561 3220 632 άρῤητος
3264 561 3356 612 καὶ
3394 561 3764 631 ἀπερινόητος

2174 656 2474 720 παντελῶς,
2523 657 2626 728 ἤδη
2659 655 2751 708 καὶ
2798 655 2861 708 τὸ
2906 656 3101 723 πάγιον
3137 655 3235 724 τῆς
3289 654 3368 716 είς
3413 652 3634 724 Πατέρα
3664 655 3761 706 καὶ

2173 753 2299 804 Υίὸν
2332 752 2567 814 πίστεως
2610 748 2971 819 ὲκϐαλοῦμεν.
3010 750 3071 801 Εἰ
3112 747 3221 818 γὰρ
3257 745 3542 818 μέλλοιμεν
3575 749 3761 800 πάντα

2171 845 2236 913 τῇ
2279 843 2579 914 καταλήψει
2618 844 2854 916 μετρεῖν,
2895 842 2988 894 καὶ
3023 842 3084 894 τὸ
3117 844 3228 904 τοῖς
3257 841 3532 910 λογισμοῖς
3560 841 3758 909 άπερίο

2173 934 2375 1003 ληπτον
2403 935 2536 1005 μηδὲ
2568 931 2706 987 εἶναι
2734 934 3075 1004 τὰπαράπαν
3101 933 3762 1003 ὐπολαμϐάνειν,οίχήσε-

2172 1040 2262 1077 ται
2295 1026 2392 1095 μὲν
2417 1025 2524 1096 (90)
2556 1028 2584 1078 ὁ
2607 1025 2706 1094 τῆς
2734 1027 2988 1088 πίστεως,
3018 1025 3297 1094 οἰχήσεται
3323 1025 3378 1078 δὲ
3408 1026 3437 1076 ὀ
3473 1025 3574 1095 τῆς
3605 1023 3762 1075 ὲλπί-

2174 1121 2261 1183 δος
2299 1120 2509 1190 μισθός.
2542 1117 2664 1182 Πῶς
2706 1118 2750 1171 δ’
2777 1119 2842 1172 ἂν
2872 1118 3062 1188 εἴημεν
3098 1117 3175 1169 ἔτι
3221 1116 3331 1171 τῶν
3392 1116 3762 1188 μακαρισμῶν

2175 1213 2335 1276 ἄξιοι.
2366 1211 2473 1264 τῶν
2518 1211 2612 1262 ἐπὶ
2647 1213 2711 1280 τῇ
2742 1211 2921 1263 πίστει
2945 1209 3051 1263 τῶν
3074 1209 3321 1280 ἀοράτων
3356 1209 3760 1280 ἀποκειμένων,

2175 1307 2223 1355 ei
2276 1304 2456 1374 μόνοις
2489 1304 2600 1364 τοῖς
2629 1301 2769 1354 κατά
2807 1302 3062 1372 λογισμὸν
3118 1300 3372 1372 ἐναργέσι
3408 1300 3759 1370 πειθόμενοις

2177 1396 2347 1449 Πόθεν
2376 1394 2688 1465 ὲματαιώθη
2717 1395 2786 1446 τὰ
2815 1394 2962 1465 ἔθνη,
2992 1397 3087 1447 καὶ
3118 1392 3404 1464 ἐσκοτίσθη
3437 1396 3468 1463 ἡ
3501 1393 3765 1455 ἀσύνετος

2177 1485 2356 1539 αὐτῶν
2386 1485 2582 1556 καρδία
2607 1501 2621 1549 ;
2644 1484 2755 1537 Οὐκ
2773 1484 2956 1554 ἐπειδὴ
2982 1487 3091 1548 τοῖς
3117 1488 3180 1538 ὲκ
3202 1485 3309 1536 τῶν
3341 1481 3618 1553 λογισμῶν
3649 1484 3762 1548 (91)

2179 1577 2522 1646 φαινομένοις
2551 1575 2987 1637 ἀκολουθοῦντες,
3017 1574 3096 1645 τῷ
3120 1576 3432 1645 κηρύγματι
3469 1573 3564 1626 τοῦ
3589 1574 3764 1627 Πνεύ-

2183 1686 2348 1740 ματος
2383 1668 2702 1731 ἀπειθοῦσι;
2739 1668 2903 1730 Τίνας
2941 1668 2996 1720 δὲ
3039 1669 3068 1719 ὁ
3107 1668 3331 1728 Ἡσαΐας
3373 1668 3450 1730 ὼς
3491 1665 3759 1720 ἀπολωλὲ-

2177 1779 2276 1825 τας
2310 1760 2588 1832 ὀδύρεταις
2629 1759 2775 1814 Οὐαί
2811 1762 2864 1813 οι
2906 1760 3082 1829 σοφοί
3114 1761 3183 1813 ἐν
3211 1759 3448 1825 ἑαυτοῖς
3495 1758 3631 1830 (92),
3666 1761 3766 1813 καί

497 1853 591 1906 bus
621 1852 688 1906 ’°.
739 1850 930 1906 Nonne
979 1852 1120 1906 bos?
1163 1851 1341 1907 Multis
1383 1850 1549 1920 igitur
1573 1865 1637 1903 ex
1680 1851 1745 1904 iis
1768 1865 1887 1918 qua:
1917 1849 2081 1903 inter-

2190 1852 2436 1925 ἐνώπιον
2471 1850 2668 1904 αὐτῶν
2711 1851 3128 1920 ἐπιστήμονες.
3182 1852 3256 1903 Οὐ
3289 1851 3415 1913 τούς
3452 1848 3764 1912 τοιούτουςς

503 1943 685 1997 media
736 1953 883 2007 sunt,
921 1943 1318 2011 praetermissis,
1363 1953 1473 1995 tum
1525 1942 1592 1996 iis
1644 1943 1842 2011 quibus
1897 1951 2081 2010 aperte

501 2034 1009 2089 aﬂirmavitFilium
1042 2035 1280 2104 genitum
1331 2050 1438 2088 non
1474 2032 1663 2098 fuisse,
1694 2043 1806 2087 tum
1855 2034 1921 2087 iis
1962 2047 2081 2102 quae

504 2127 800 2183 artificiose
829 2129 1176 2198 excogitavit,
1211 2128 1312 2181 boc
1344 2136 1403 2180 ut
1443 2128 1706 2189 obtineat,
1737 2125 2078 2195 Unigenitum

504 2218 716 2272 scilicet
758 2225 1060 2273 creaturam
1106 2233 1169 2271 ac
1213 2214 1478 2270 facturam
1521 2230 1665 2280 esse,
1699 2217 1763 2269 ad
1814 2213 2077 2283 praecipua

505 2310 805 2378 impietatis
866 2311 1040 2379 capita
1105 2323 1192 2362 me
1248 2318 1581 2372 convertam,
1622 2306 1667 2360 si
1717 2305 1870 2375 prius
1906 2304 1972 2357 de
2015 2303 2078 2356 iis

501 2415 621 2469 qua:
654 2401 857 2454 omissa
907 2410 1052 2462 sunt,
1085 2401 1187 2454 hoc
1237 2398 1410 2452 solum
1461 2407 1718 2451 notavero
1743 2397 1884 2465 quod
1919 2410 2077 2464 quam

501 2493 556 2544 in
613 2501 951 2546 antecessura
1011 2490 1184 2559 rcipsa
1246 2488 1592 2544 concinnavit
1650 2487 2078 2554 blasphemiam,

503 2584 642 2638 hanc
686 2583 851 2638 verbo
902 2584 1192 2652 obtegere.
1253 2581 1632 2650 sermonisque
1692 2577 2079 2648 impudentiam

504 2673 752 2736 delinire,
782 2689 903 2727 cum
936 2674 1116 2739 veilet,
1143 2689 1246 2726 non
1280 2686 1619 2725 communem
1651 2668 1828 2723 facere
1858 2684 1916 2722 se
1950 2668 2084 2720 dixit

503 2764 770 2819 creaturis
813 2764 1178 2834 Unigenitum,
1215 2779 1437 2816 suorum
1493 2761 1720 2830 ipsemet
1773 2762 2081 2828 dogmatum

503 2858 723 2925 oblitus,
747 2872 866 2926 qua:
908 2859 960 2912 in
1008 2858 1377 2925 superioribus
1417 2854 1564 2909 clara
1611 2869 1674 2907 ac
1723 2863 1907 2920 aperta
1954 2866 2082 2904 voce

500 2950 826 3021 exponebat.
886 2955 929 3004 A
990 2951 1186 3019 quibus
1243 2964 1431 3003 rursus
1485 2948 1538 3001 in
1603 2945 1966 3017 impudentem
2020 2960 2082 2998 ac

509 3039 1004 3096 manifestissimum
1055 3039 1466 3110 repugnantiam
1517 3037 1726 3091 incidit.
1763 3034 1852 3088 Sic
1902 3045 2079 3086 autem

506 3139 696 3193 scribit
725 3158 738 3193 :

576 3230 712 3286 Eunt.
757 3228 926 3282 Nemo
977 3237 1156 3282 autem
1210 3243 1330 3282 cum
1391 3226 1585 3281 Filium
1640 3225 1903 3276 facturam
1964 3235 2083 3274 esse

507 3325 679 3388 audit,
714 3321 938 3375 moleste
987 3321 1141 3382 ferat,
1179 3320 1333 3388 quasi
1386 3321 1660 3373 nominum
1699 3315 2090 3371 communitate

509 3415 811 3469 communis
843 3412 937 3466 llat
970 3413 1289 3466 substantia.

587 3505 710 3560 Bas.
752 3503 1034 3572 Quomodo
1083 3504 1266 3572 igitur,
1313 3520 1345 3555 ο
1390 3501 1808 3571 sapientissime,
1860 3501 1903 3553 si
1959 3499 2089 3552 sub-

512 3599 728 3653 stantiae
774 3597 1063 3650 diversitas
1109 3596 1475 3650 diversitatem
1524 3595 1800 3646 nominum
1849 3607 2093 3645 necessa-

515 3693 595 3744 rio
629 3691 877 3759 sequitur
905 3690 1280 3759 (recordamur
1307 3690 1448 3741 enim
1481 3697 1532 3741 te
1567 3688 1684 3740 iure
1713 3687 1764 3739 in
1795 3686 2088 3753 superiori-

515 3785 614 3837 bus
640 3783 1050 3853 pertractasse),
1084 3796 1190 3835 non
1224 3795 1363 3834 nunc
1390 3779 1702 3833 substantize
1729 3777 2092 3832 communitas

513 3875 954 3930 communitatem
1015 3874 1295 3927 nominum
1353 3871 1650 3940 sequetur?
1704 3869 1886 3937 Neque
1947 3869 2089 3922 enim

513 3968 704 4035 semel,
733 3983 905 4037 neque
937 3969 1112 4022 obiter
1144 3968 1226 4022 bis
1261 3965 1438 4020 verbis
1479 3980 1609 4018 usus
1660 3963 1826 4017 fuisse
1874 3977 2091 4031 compe-

517 4059 679 4113 ritur.
711 4057 914 4113 Deinde
958 4069 1010 4112 et
1051 4073 1217 4122 nunc,
1243 4056 1393 4124 quasi
1423 4055 1572 4109 illum
1599 4070 1784 4109 eorum
1817 4069 1934 4122 quae
1963 4053 2098 4108 dixit

517 4148 889 4215 paenituisset,
951 4149 1094 4216 quod
1169 4147 1446 4200 nominum
1505 4143 1923 4199 communicatio
1992 4159 2097 4196 non

517 4255 832 4294 communes
879 4241 1043 4294 etiam
1090 4239 1257 4294 faciat
1307 4238 1665 4299 substantias,
1705 4252 1894 4290 rursus
1943 4234 2098 4305 paulo

519 4342 660 4404 post,
695 4334 1033 4390 adversarios
1063 4349 1190 4388 suos
1221 4333 1536 4404 objurgans,
1572 4331 1658 4385 illa
1693 4330 1920 4384 inducit.

588 4541 631 4570 "
661 4540 812 4594 Rom.
845 4557 884 4608 ι,
915 4540 1006 4593 21.
1082 4542 1127 4573 ⁸⁸
1157 4539 1262 4598 lsa.
1299 4557 1352 4607 ν,
1381 4541 1470 4596 21.

601 4744 703 4813 (90)
727 4745 950 4799 Codices
984 4746 1089 4814 duo
1121 4745 1219 4814 μὲν
1246 4747 1402 4813 ἡμῖν.

603 4809 703 4884 (91)
736 4817 914 4870 Codex
969 4809 1132 4869 Colb.
1151 4814 1228 4883 τῷ
1269 4809 1546 4884 λογισμῷ,
1585 4811 1725 4866 haud
1761 4810 1921 4864 male.
1953 4809 2092 4863 Editi

516 4899 574 4940 ct
606 4882 733 4939 mss.
766 4904 868 4938 non
906 4888 1056 4953 pauci
1086 4888 1149 4947 ὲκ
1171 4882 1279 4938 τῶν
1307 4882 1602 4953 λογισμῶν.

595 4956 706 5022 (92)
737 4957 872 5009 Editi
905 4950 956 5008 et
987 4954 1120 5024 Reg.
1162 4950 1389 5024 quintus
1411 4950 1477 5004 ἐν
1508 4953 1835 5024 ἐαιιτοζςΣ-ίη
1861 4950 2091 5024 seuipsis,

520 5039 574 5082 et
605 5021 677 5079 ita
714 5041 926 5092 quoque
951 5021 1153 5078 editum
1182 5021 1465 5078 invenitur
1494 5025 1633 5090 apud
1677 5021 1839 5075 LXX.
1866 5021 1968 5073 Alii
2001 5036 2093 5073 sex

523 5115 653 5150 mss.
691 5097 818 5167 παρ’
842 5098 1075 5167 ἑαυτοῖς,
1113 5099 1253 5167 apud
1280 5113 1331 5148 sc
1354 5099 1511 5167 ipsos.

595 5168 705 5238 (95)
741 5161 1307 5238 Εἰίίιίίπαραδεγῡῆναι
1352 5163 1502 5238 αὐτό.
1540 5166 1760 5238 Antiqui
1810 5161 1931 5219 libri
1982 5177 2096 5238 om-

526 5235 621 5292 nes
670 5236 840 5307 αὐτῷ.
895 5235 1002 5290 Νρὺ
1064 5235 1448 5297 omittendum,
1491 5235 1591 5303 legi
1640 5235 1797 5304 paulo
1851 5243 1978 5287 ante
2044 5235 2095 5283 in

523 5309 792 5374 aliquibus
823 5324 950 5361 mss.
981 5307 1286 5360 διετείνετο.

599 5380 708 5448 (96)
735 5380 874 5433 Editi
925 5389 977 5431 et
1002 5379 1108 5433 duo
1143 5394 1270 5430 mss.
1305 5380 1464 5448 μόνον
1500 5396 1613 5442 τοις
1661 5374 2049 5448 παρατεθεῖσιν
2083 5385 2096 5423 :

529 5445 687 5513 quam
745 5452 1033 5503 lectionem
1089 5445 1316 5502 secutus
1375 5451 1695 5512 Coi-uarius,
1746 5445 1831 5500 ita
1885 5445 2093 5498 vei-tit:

529 5521 631 5575 Ubi
684 5522 778 5572 hoc
827 5522 996 5574 solum
1041 5521 1294 5588 appositis
1330 5520 1618 5576 addidero.
1666 5535 1727 5570 nc
1777 5517 2096 5588 indicaverit.

531 5592 633 5644 Alii
660 5593 893 5659 quinque
928 5586 1252 5659 ηιεεζμόνον
1297 5593 1410 5653 τοῖς
1459 5591 1796 5661 παρεοεῖσιν,
1829 5596 1882 5639 et
1909 5587 1980 5661 ita
2004 5586 2099 5661 def

532 5664 604 5732 git
639 5654 1049 5730 T'rape'zuntius,
1082 5654 1202 5712 cum
1229 5663 1297 5714 ita
1332 5654 1720 5728 interpretatus
1747 5660 1818 5732 sit
1856 5676 1867 5710 ε
2050 5655 2102 5706 id

533 5729 698 5783 solum
723 5749 748 5784 e
768 5734 1130 5797 praetermissis
1166 5731 1438 5800 collegero.
1462 5763 1530 5770 —
1552 5731 1858 5796 Legendum
1889 5729 2102 5800 videtur

538 5803 938 5870 7:191:203i3w.
1000 5804 1132 5858 illud
1192 5797 1333 5858 cnitit
1386 5801 1868 5872 ἐπι-σημηνάμενος
1900 5797 2103 5865 aliquid

2183 1945 2358 1998 Πολλὰ
2397 1945 2576 1997 τοίνυν
2603 1943 2848 2014 ὑπερϐὰς
2875 1945 2984 1996 τῶν
3009 1946 3066 1997 ὲν
3091 1944 3261 2014 μέσῳ,
3294 1944 3393 1997 ὅσα
3421 1959 3479 1996 τε
3509 1945 3640 2014 περὶ
3669 1940 3767 1994 τοῦ

2184 2040 2258 2109 μὴ
2284 2037 2639 2106 γεγεννῆσθαι
2669 2037 2760 2088 τὸν
2785 2037 2912 2088 Υίὸν
2943 2039 3006 2088 ὲκ
3037 2036 3131 2089 τοῦ
3164 2035 3476 2107 προφανοῦς
3502 2034 3765 2087 διετείνα-

2179 2149 2258 2195 το,
2306 2130 2399 2183 καὶ
2444 2131 2546 2182 ὅσα
2587 2129 2716 2200 περὶ
2759 2129 2852 2180 τοῦ
2913 2128 3316 2199 παραδεχοιῖψαι
3365 2127 3516 2197 αὐτῷ
3557 2125 3672 2195 (95)
3706 2126 3770 2178 τὸ

2181 2225 2386 2294 κτίσμα
2424 2219 2565 2275 εἶναι
2599 2221 2695 2274 καὶ
2724 2220 2935 2291 ποίημα
2971 2222 3062 2273 τὸν
3091 2219 3367 2289 Μονογενῆ
3414 2219 3767 2288 ἐτεχνάσατο,

2180 2317 2269 2368 ἐπὶ
2301 2315 2368 2368 τὰ
2401 2313 2738 2385 καιριώτατα
2767 2314 2865 2380 τῆς
2900 2312 3152 2374 ἀσεϐείας
3185 2311 3480 2382 τρέψομαι,
3509 2310 3770 2363 τοσοῦτον

2184 2409 2342 2478 μόνον
2389 2410 2501 2469 τοῖς
2543 2405 2860 2475 παρεθεῖσιν
2892 2405 3001 2474 (94)
3038 2405 3542 2474 ἐπισημηνάμενος,
3580 2404 3663 2456 ὅτι
3703 2406 3771 2473 ἣν

2184 2496 2465 2566 προλαϐὼν
2493 2495 2570 2565 τῷ
2596 2495 2741 2566 ἔργῳ
2768 2494 3140 2548 κατεσκεύασε
3173 2493 3541 2564 βλασφημίαν,
3561 2493 3769 2564 ταύτην

2186 2585 2463 2656 βουληθεὶς
2493 2585 2808 2637 ὲπισκιάσαι
2838 2584 2916 2653 τῷ
2943 2585 3171 2654 ῥήματι,
3201 2583 3296 2636 καὶ¹
3329 2583 3391 2636 τὸ
3427 2583 3647 2647 ἀναιδὲς
3672 2585 3770 2636 τοῦ

2182 2679 2340 2746 λόγου
2386 2676 2792 2747 καταπραῧναι,
2835 2676 2939 2746 ἔφη
2990 2677 3312 2729 κοινοποιεῖν
3357 2677 3447 2728 τὸν
3487 2677 3769 2744 Μονογενῆ

2185 2771 2321 2840 πρὸς
2348 2769 2443 2840 τὴν
2471 2769 2666 2833 κτίσιν,
2700 2767 3082 2838 ἐπιλαθόμενος
3111 2767 3275 2830 αὐτὸς
3301 2767 3414 2836 (95)
3435 2766 3546 2820 τῶν
3575 2767 3770 2820 ἑαυτοῦ

2184 2863 2492 2930 δογμάτων,
2525 2860 2560 2913 ἃ
2590 2862 2646 2912 ὲν
2675 2863 2786 2923 τοῖς
2811 2861 3037 2912 κατόπιν
3071 2859 3253 2927 λόγοις
3287 2861 3468 2929 γυμνῇ
3502 2859 3597 2911 καὶ
3629 2860 3772 2911 ἀπε-

2188 2955 2520 3025 ρακαλύπτῳ
2539 2955 2604 3022 τῇ
2638 2957 2787 3024 φωνῇ
2825 2953 3107 3018 ἐξετίθετο.
3145 2953 3265 3021 Ὑφ’
3291 2947 3366 3005 ὧν
3393 2952 3502 3022 (96)
3531 2953 3670 3023 πρὸς
3688 2956 3773 3006 ἀνι

2184 3047 2469 3116 αίσχυντον
2517 3046 2679 3098 πάλιν
2721 3047 2813 3099 καὶ
2863 3047 3335 3116 περιφανεστάτην
3374 3045 3772 3113 ὲναντιολογίαν

2186 3139 2426 3194 ἐξέπεσε.
2453 3139 2658 3209 Γράφει
2689 3137 2744 3191 δὲ
2777 3137 2947 3200 οὕτως
2967 3155 2980 3168 ο

2258 3233 2414 3286 ΕΥΝ.
2456 3231 2659 3301 Μηδεὶς
2684 3232 2763 3290 δὲ,
2802 3232 2893 3284 τὸν
2921 3232 3047 3284 Υίὸν
3081 3232 3294 3284 ἀκούων
3317 3232 3548 3302 ποίημα,
3582 3232 3773 3302 δυσχε-

2191 3323 2435 3392 ραινέτω,
2459 3321 2533 3384 ὡς
2565 3323 3037 3393 κοινοποιουμένης
3064 3322 3165 3392 τῆς
3187 3323 3373 3385 οὐσίας
3403 3323 3507 3376 ὑπὸ
3535 3323 3637 3394 τῆς
3665 3324 3772 3377 τῶν

2187 3416 2466 3482 ὀνομάτων
2501 3413 2802 3474 κοινωνίας.

2261 3508 2404 3558 ίῖΓιΣ.
2447 3505 2568 3568 Πῶς
2622 3502 2735 3567 οὖν,
2771 3501 2815 3557 ὧ
2850 3506 3149 3573 σοφώτατε.
3200 3507 3248 3558 εί
3289 3508 3355 3576 τῇ
3384 3506 3617 3577 διαφορᾷ
3665 3507 3771 3559 τῶν

2190 3601 2470 3668 ὀνομάτων
2501 3599 2560 3650 τὸ
2590 3599 3041 3668 παρηλλαγμένον
3082 3599 3183 3668 τῆς
3219 3598 3406 3662 οὐσίας
3437 3597 3497 3662 ἐξ
3529 3600 3773 3668 ἀνάγκης

2187 3691 2377 3744 ἕπεται
2404 3692 2753 3760 (μεμνήμεθα
2777 3692 2886 3762 γὰρ
2913 3691 3085 3760 δήπου
3111 3693 3167 3742 ἐν
3187 3694 3298 3753 τοῖς
3321 3691 3432 3743 ἄνω
3453 3691 3634 3758 λόγοις
3662 3690 3772 3758 (97)

2189 3781 2358 3833 ταῦτα
2377 3780 2714 3847 διεξιόντος),
2739 3783 2858 3850 οὐχὶ
2883 3781 2977 3832 νῦν
3003 3783 3067 3851 τῇ
3093 3781 3344 3850 κοινωνίᾳ
3359 3779 3464 3832 τῶν
3491 3781 3772 3850 ὀνομάτων

2190 3870 2249 3921 τὸ
2289 3871 2466 3922 κοινὸν
2497 3869 2596 3938 τῆς
2633 3870 2820 3930 οὐσίας
2865 3868 3245 3937 ἀκολουθήσεις
3299 3869 3432 3920 Οὐδὲ
3464 3868 3574 3939 γὰρ
3607 3870 3772 3934 ἅπαξ,

2191 3962 2310 4014 οὐδὲ
2347 3964 2410 4014 ἐκ
2443 3961 2717 4034 παρέργου
2761 3963 2946 4014 τοῦτον
2985 3961 3076 4013 τὸν
3120 3961 3275 4029 λόγον
3309 3960 3776 4033 παραφθεγξάμε-

2197 4070 2286 4115 νος
2333 4055 2602 4115 φαίνεται.
2654 4054 2805 4105 Ἐπεὶ
2839 4054 2933 4106 καὶ
2967 4052 3060 4104 νῦν
3092 4053 3272 4116 εὐθὺς,
3310 4052 3498 4122 ὧσπερ
3538 4070 3776 4124 μεταμε-

2198 4142 2379 4213 ληθεὶς
2409 4144 2493 4210 ἐφ’
2523 4138 2604 4205 οἷς
2642 4142 2882 4214 εἴρηκεν,
2911 4144 2992 4195 ὅτι
3023 4145 3056 4212 ή
3083 4141 3192 4194 τῶν
3211 4143 3492 4213 ὀνομάτων
3521 4145 3776 4206 κοινωνία

2198 4235 2256 4287 οὐ
2323 4235 2684 4303 κοινοποιήσει
2749 4237 2843 4286 καὶ
2909 4234 3008 4296 τὰς
3062 4233 3285 4295 οὐσίας,
3356 4232 3513 4284 πάλιν
3579 4236 3776 4300 ἐπάγει

2201 4327 2339 4398 μετὰ
2379 4325 2592 4398 μικρὸν,
2635 4324 2742 4377 τῶν
2784 4323 3293 4395 ἀντιδιατιθεμένων
3335 4325 3483 4394 αὐτῷ
3515 4324 3779 4377 καθαπτιὶ-

2203 4435 2363 4489 μενος

2128 4722 2172 4774 Ῐ)
2200 4737 2321 4790 addi
2352 4733 2609 4795 ostendit,
2639 4746 2701 4785 ac
2745 4731 2968 4800 proinde
2994 4746 3096 4781 non
3127 4730 3194 4780 iis
3222 4726 3352 4800 addi
3384 4741 3504 4800 quae
3540 4737 3771 4800 phaler-

2203 4807 2579 4865 mittebantur,
2617 4804 2711 4856 sed
2745 4797 2837 4854 'iis
2893 4817 3010 4868 qua:
3055 4801 3167 4868 jam
3200 4797 3345 4850 dicta
3403 4797 3633 4852 fuerant.
3666 4797 3778 4851 ΜΑ-

2205 4894 2328 4932 ΒΑΝ.

2279 4947 2391 5012 (95)
2419 4943 2647 4999 Codices
2681 4957 2783 4995 non
2820 4941 2971 5009 pauci
2998 4937 3397 5012 ἐπιλαθόμενος
3440 4937 3624 5000 αὐτός.
3661 4936 3780 4992 Vox

2198 5011 2446 5078 αὑτόςὶιι
2483 5013 2702 5067 excusis
2742 5011 3169 5065 desiderabatur.

2203 5155 2228 5174 τ
2271 5071 2378 5155 (96)
2440 5084 2657 5153 Antiqui
2720 5095 2925 5152 septem
2981 5080 3102 5133 libri
3165 5080 3254 5148 ὑφ’
3305 5071 3401 5133 ὧν.
3467 5078 3611 5132 Editi
3684 5081 3778 5148 ἀφ’

2195 5180 2289 5213 ων.

2269 5227 2378 5298 (97)
2412 5227 2535 5280 Post
2571 5241 2758 5298 vocem
2784 5223 2975 5298 Δλόγοις
3006 5221 3246 5298 additum
3273 5221 3545 5298 invenitur
3577 5221 3648 5298 in_
3667 5221 3781 5298 edi:

2199 5291 2343 5356 tione
2368 5297 2658 5369 Parisiensi
2695 5295 2999 5369 e_t_i_n_l_ieg.
3036 5291 3271 5369 secundo
3307 5293 3364 5369 ὲν
3410 5293 3475 5369 τῇ
3507 5291 3780 5369 ἁρχῇιτοῦ

2201 5368 2467 5442 παρόντος
2496 5367 2674 5442 λόγου.
2706 5361 2808 5440 Βιῖιί
2834 5366 2984 5442 idem
3013 5361 3190 5442 sentio
3221 5362 3360 5442 990d
3392 5362 3476 5412 vir
3521 5365 3781 5415 doctissi-

2201 5431 2318 5494 nuis
2353 5431 2599 5495 Diiczeiis,
2631 5439 2731 5488 hoc
2760 5434 3010 5486 videlicet
3045 5433 3188 5483 inter
3231 5431 3556 5498 glossemata
3596 5446 3783 5484 recen-

2199 5512 2304 5565 seri
2343 5510 2534 5561 merito
2563 5523 2741 5574 posse.
2771 5504 2904 5556 Nam
2933 5501 3477 5574 prmterquamquod
3511 5502 3622 5554 bzec
3661 5516 3784 5574 ver-

2202 5587 2263 5636 ba
2304 5582 2354 5632 in
2390 5570 2612 5646 reliquis
2653 5591 2742 5627 sex
2779 5591 2907 5626 mss.
2965 5575 3184 5634 desunt,
3243 5570 3479 5646 arbitror
3526 5572 3781 5622 caecutire

2201 5653 2290 5721 qui
2324 5667 2430 5702 nou
2468 5640 2930 5721 videt_addita__ea_
2949 5657 3070 5721 esse
3093 5656 3162 5721 eo
3186 5640 3411 5721 consilio
3444 5650 3501 5721 ut
3533 5655 3782 5721 monere-

2206 5711 2346 5778 iiiur,
2392 5721 2562 5784 ipsum
2624 5716 2781 5782 hujus
2815 5714 2935 5769 libri
2990 5711 3200 5767 initium
3234 5711 3318 5766 liis
3355 5711 3554 5773 verbis,
3578 5711 3636 5761 ὲν
3672 5713 3778 5772 τοῖς

2204 5794 2314 5847 ἀνω
2348 5790 2546 5856 λόγοις,
2587 5785 2831 5842 indicari.
