4026 6438
204 393 314 447 (29

202 599 450 667 φροντὶς,
501 601 966 670 παρηλλαγμένων
1017 602 1126 654 τῶν
1167 601 1462 669 ὀνομάτων,
1503 602 1773 670 παρηλλα-

201 687 414 755 γμένας
441 689 718 758 ὁμολογεῖν
743 690 835 740 καὶ
867 689 964 751 τὰς
995 691 1198 751 οὐσίας.

279 778 426 831 ΒΑΣ.
459 781 580 844 Πῶς
601 781 665 833 ἀν
685 797 765 842 τις
794 779 1052 833 εύκολώτε
1064 799 1151 852 ρον
1191 779 1450 848 χρήσαιτο
1482 778 1688 846 λόγοις;
1717 781 1775 841 ἧς

204 886 292 936 γε,
324 869 389 923 δι’
415 872 596 939 ὀλίγου
627 871 761 940 πρὸς
797 872 864 924 τὰ
910 874 1124 925 ἐναντία
1162 872 1642 942 περιτρεπόμενος,
1684 869 1778 921 νῦν

207 958 310 1027 μέν
335 977 467 1029 φησι
492 960 592 1026 τὴν
612 957 872 1030 διαφορὰν
899 963 1005 1014 τῶν
1031 959 1306 1028 ὀνομάτων
1333 961 1645 1026 ἀναγκαίως
1673 960 1779 1013 τῶν

203 1049 407 1102 οὐσιῶν
449 1047 546 1116 τὴν
580 1050 932 1120 παραλλαγὴν
975 1049 1321 1117 ὑποφαίνειν·
1379 1049 1473 1102 νῦν
1513 1050 1569 1103 δὲ
1621 1051 1780 1104 πάλιν

203 1141 306 1212 τὴν
343 1139 626 1194 κοινωνίαν
665 1143 739 1213 μὴ
769 1145 1086 1196 κοινοποιεῖν
1118 1142 1215 1207 τὰς
1244 1143 1461 1207 οὐσίας;
1522 1145 1677 1209 Ἀλλ’,
1705 1141 1782 1196 οἷ-

211 1248 332 1301 μαι,
371 1232 695 1302 προσόμοιον
725 1251 778 1285 τι
811 1235 1069 1302 ποιοῦμεν
1107 1238 1218 1297 τοῖς
1244 1235 1335 1286 τὸν
1363 1234 1679 1306 ἀνδροφόνον
1717 1237 1781 1286 ἐκ

207 1319 493 1392 λοιδορίας,
515 1322 547 1394 ἢ
570 1322 800 1395 πληγῆς,
829 1325 862 1392 ἦ
893 1340 1034 1388 τινος
1056 1325 1162 1377 τῶν
1182 1324 1435 1377 τοιούτων
1460 1328 1493 1379 ἀ
1501 1345 1676 1397 μαρτη
1687 1326 1784 1399 μά-

205 1429 318 1464 των
346 1414 638 1484 κρίνουσιν.

281 1502 372 1557 25.
419 1506 538 1558 Ἐπὶ
577 1504 670 1559 οὖν
699 1506 759 1557 τὸ
792 1509 1080 1575 κεφάλαιον
1111 1508 1220 1560 τῶν
1260 1509 1443 1563 κακῶν
1495 1510 1656 1562 αὑτοῦ
1687 1527 1781 1580 με·

206 1594 488 1667 ταόῶμεν.
545 1599 886 1668 Θεασάμενος
918 1594 1094 1663 οὗτος,
1141 1601 1222 1652 ὅτι
1261 1603 1412 1674 κοινὴ
1451 1603 1483 1672 ἡ
1517 1601 1782 1672 πρόληψις

208 1688 381 1740 πᾶσιν
438 1687 639 1755 ὁμοίως
684 1689 1024 1759 Χριστιανοῖς
1075 1692 1366 1763 ἐνυπάρχει
1408 1695 1549 1760 (τοῖς
1593 1709 1656 1759 γε
1707 1690 1782 1751 ὼς

207 1778 426 1848 ἀληθῶς
481 1779 580 1849 τῆς
633 1784 998 1853 προσηγορίας
1030 1783 1232 1855 ταύτης
1276 1787 1467 1852 ἀξίοις)
1521 1785 1648 1851 περὶ
1687 1783 1780 1836 τοῦ

1326 392 1697 446 ADVERSUS
1738 390 2102 446 EUNOMIUM
2141 393 2269 446 LIB.
2313 394 2378 445 ll.

277 507 436 562 ΕΥΝ.
479 509 601 562 Ὅτι
651 509 836 581 ἐχρῆν,
885 510 1039 579 εἴπερ
1073 511 1253 570 αὐτοῖς
1296 505 1486 592 ἦνβῆς
1525 509 1777 578 ἀληθείας
1806 519 1846 572 Α

3338 394 3446 447 650

1957 509 2087 563 Eun.
2126 509 2438 577 Oportebat,
2471 507 2663 575 inquit,
2696 509 2740 560 si
2773 521 2875 576 qua
2911 507 2988 559 eis
3031 514 3171 560 esset
3205 509 3447 564 veritatis

1878 616 2029 666 cura,
2077 615 2198 653 cum
2261 600 2478 655 nomina
2538 600 2749 652 diversa
2805 599 2934 664 sint,
2988 597 3228 652 diversas
3284 598 3446 650 etiam

1879 691 2209 746 substantias
2238 692 2504 746 conﬁteri.

1953 781 2075 837 Bas.
2117 780 2392 847 Quomodo
2441 781 2562 852 quis
2613 778 2826 832 facilius
2881 781 3059 834 verbis
3108 778 3182 831 uti
3237 776 3448 846 possit?

1880 876 1970 944 qui
2023 877 2233 931 scilicet
2282 874 2425 928 brevi
2479 875 2546 928 ad
2604 873 2878 926 contraria
2926 886 3254 936 conversus,
3307 884 3448 922 nunc

1882 964 2096 1032 quidem
2145 965 2323 1025 dicat,
2384 967 2658 1020 nominum
2713 963 3082 1018 diversitatem
3141 961 3447 1016 necessario

1881 1056 2305 1109 substantiarum
2348 1054 2714 1110 diversitatem
2763 1053 3052 1106 ostendere
3082 1071 3096 1105 :
3128 1069 3270 1108 nunc
3322 1065 3446 1105 vero

1882 1163 1912 1201 e
1961 1148 2254 1208 contrario,
2309 1161 2496 1200 eorum
2549 1144 3092 1200 communicationem
3142 1157 3244 1196 non
3295 1158 3446 1196 com-

1884 1255 2069 1292 munes.
2129 1238 2458 1292 substantias
2516 1235 2726 1291 facere?
2785 1236 2910 1300 Sed,
2963 1236 3180 1303 opinor,
3229 1233 3450 1303 perinde

1883 1329 2112 1384 faciums
2151 1340 2310 1398 atque
2343 1330 2418 1392 hi,
2445 1329 2536 1397 qui
2567 1328 2883 1384 homicidam
2915 1326 3168 1391 convicii,
3205 1334 3298 1378 aut
3331 1325 3450 1378 vul-

1884 1423 2049 1483 neris,
2083 1431 2176 1474 aut
2211 1419 2514 1489 hujusmodi
2549 1419 2755 1488 peccati
2785 1427 3060 1473 accusant.

1950 1514 2039 1567 25.
2083 1513 2163 1565 Ad
2209 1519 2373 1579 caput
2419 1509 2582 1578 igitur
2625 1508 2886 1560 malorum
2935 1509 3048 1573 ejus
3087 1517 3448 1561 transeamus.

1885 1608 1978 1660 llic
2003 1606 2088 1660 illc
2114 1620 2234 1658 cum
2254 1602 2473 1654 vidisset
2496 1600 2845 1667 auticipatam
2870 1599 3174 1666 opinionem
3200 1593 3453 1650 omnibus

1885 1699 2082 1766 pariter
2126 1693 2470 1758 Christianis,
2502 1693 2592 1760 qui
2630 1706 2756 1745 vere
2785 1691 2887 1744 hac
2916 1690 3268 1758 appellatione
3302 1689 3448 1760 digni

1884 1798 2029 1850 sunt,
2059 1801 2397 1841 communem
2428 1798 2570 1848 esse,
2599 1781 2792 1836 Filium
2822 1781 3069 1835 videlicet
3104 1779 3274 1833 lucem
3302 1781 3450 1848 geni-

207 1869 329 1936 φῶς
391 1865 527 1924 εἶναι
584 1873 673 1926 τὸν
732 1875 856 1926 Υἱὸν
914 1874 1189 1944 γεννητὸν,
1248 1881 1311 1930 ἐκ
1361 1876 1452 1927 τοῦ
1485 1876 1779 1944 ἀγεννήτου

1891 1890 1993 1932 ιιιιιι
2042 1891 2183 1941 esse,
2215 1893 2278 1931 ex
2313 1878 2550 1945 ingenita
2599 1877 2721 1931 luce
2767 1875 3214 1944 resplendentem.
3243 1879 3296 1925 et
3331 1886 3450 1926 esse

207 1962 391 2028 φωτὸς
436 1967 833 2037 ἀπολάμψαντα
862 1968 996 2037 (98),
1036 1971 1129 2022 καὶ
1157 1971 1456 2038 αὑτοζωὴν,
1501 1969 1594 2020 καὶ
1627 1969 1783 2021 αὺτο-

206 2051 412 2118 άγαθον
436 2060 498 2108 ὲκ
522 2051 622 2125 τῆς
657 2057 919 2120 ζωοποιοῦ
951 2062 1132 2132 πηγῆς
1159 2063 1256 2131 τῆς
1288 2061 1558 2131 πατρικῆς
1584 2060 1782 2128 ἀγαθό-

203 2161 373 2213 τητος
404 2147 730 2216 προελθόντα
751 2168 765 2182 ·
802 2149 920 2206 εἶτα
945 2153 1286 2224 ἐνθυμηθεὶς,
1317 2153 1419 2213 ὅτι.
1464 2155 1510 2204 ει
1556 2151 1630 2222 μὴ
1656 2151 1783 2204 ταύ⁹

204 2255 310 2301 τας
355 2241 509 2310 ἡμῶν
553 2243 650 2307 τάς
694 2246 902 2308 ἐννοίας
949 2244 1372 2307 διασαλεύσειεν,
1431 2244 1582 2298 οὐδὲν
1636 2242 1783 2314 αὐτῷ

211 2330 374 2384 πλέον
398 2334 506 2386 τῶν
533 2337 876 2405 σοφισμάτων
897 2337 1182 2407 γενήσεται
1209 2336 1340 2407 (99),
1367 2336 1441 2402 ὡς
1466 2337 1558 2390 τοῦ
1582 2354 1644 2406 γε
1668 2337 1782 2406 φῶς

204 2424 595 2494 ὁμολογοῦντος
639 2427 727 2480 τὸν
779 2429 1012 2500 Πατέρα,
1067 2430 1180 2498 φῶς
1219 2430 1275 2483 δὲ
1335 2431 1430 2482 καὶ
1484 2431 1576 2484 τὸν
1630 2431 1778 2494 Υίὸν,

205 2515 310 2583 ⁴τῆς
364 2515 458 2569 τοῦ
509 2518 689 2585 φωτὸς
719 2521 924 2583 ἑννοίας
968 2523 1094 2591 μιᾶς
1133 2523 1224 2574 καὶ
1256 2521 1353 2588 τῆς
1396 2521 1566 2588 αὐτῆς
1605 2523 1782 2590 ὑπαρ-

207 2608 432 2677 χούσης.
474 2612 791 2683 αὐτομάτως
842 2617 920 2678 είς
971 2615 1068 2685 τὴν
1133 2616 1422 2686 ὁμολογίαν
1483 2616 1582 2686 τῆς
1643 2614 1784 2668 κατά

209 2698 311 2768 τὴν
334 2699 518 2757 οὐσίαν
539 2705 867 2776 οἰκειότητος
894 2705 1343 2777 ὑπαχθησομένου
1373 2705 1447 2776 (1)
1470 2724 1482 2736 ’
1516 2707 1654 2774 φωτὶ
1677 2708 1785 2778 γὰρ

211 2790 353 2859 πρὸς
401 2792 535 2860 φῶς,
568 2797 686 2847 κατ’
722 2797 882 2850 αὑτὸν
919 2797 1009 2850 τὸν
1046 2797 1140 2849 τοῦ
1190 2798 1366 2866 φωτὸς
1418 2798 1594 2866 λόγον,
1641 2798 1786 2850 οὐδε-

214 2883 337 2948 μία,
368 2883 492 2936 ούτε
528 2889 668 2942 κατά
692 2888 788 2958 τὴν
829 2891 1126 2959 προφορὰν,
1160 2889 1282 2941 οὔτε
1312 2891 1432 2942 κατ’
1468 2890 1636 2961 αὐτὴν
1683 2893 1783 2961 τὴν

213 2971 422 3025 ἔννοιαν
462 2974 560 3043 (2),
598 2979 712 3029 ἐστὶ
758 2980 1111 3050 παραλλαγή·
1169 2982 1254 3031 ἵνα
1308 2976 1399 3033 οὖν
1436 2981 1593 3033 τοῦτο
1628 2982 1784 3052 ἡμῶν

212 3066 502 3137 ἀφέληται,
541 3074 652 3134 τοῖς
694 3072 802 3124 τῶν
848 3075 1238 3144 τεχνασμάτων
1283 3075 1518 3139 δικτύοις
1555 3076 1644 3129 τὸν
1687 3076 1785 3146 τῆς

213 3158 454 3223 πίστεως
512 3161 666 3231 λόγον
720 3164 1194 3236 περιστοιχίζεται,
1229 3167 1553 3239 ἀσύμϐλητα
1615 3169 1786 3222 ταῦτα

215 3249 313 3301 καί
357 3252 692 3326 ἀκοινώνητα
757 3257 1034 3321 παντελῶς
1064 3258 1311 3330 ἀλλήλοις
1339 3257 1478 3313 εἶναι
1504 3260 1788 3321 διδάσκων,

215 3342 311 3393 καὶ
343 3343 441 3407 τὴν
471 3345 566 3397 τοῦ
599 3348 892 3416 ἀγεννήτου
943 3351 1078 3420 πρὸς
1111 3352 1168 3402 τὸ
1211 3353 1468 3420 γεννητὸν
1499 3352 1786 3414 ἀντίθεσιν,

213 3433 418 3502 ταύτην
466 3436 560 3486 καὶ
609 3436 686 3505 τῷ
720 3440 857 3505 φωτὶ
900 3441 1035 3508 πρὸς
1076 3441 1136 3492 τὸ
1171 3441 1285 3509 φῶς
1340 3438 1474 3494 εἶναι
1515 3440 1703 3510 λέγων,
1755 3442 1788 3511 ἢ

212 3523 377 3576 τοῦτο
415 3524 709 3594 φεύγοντας
757 3532 904 3600 ἡμᾶς
949 3533 1024 3599 (ὅ)
1062 3533 1314 3586 σύνθετον
1352 3529 1490 3586 εἶναι
1524 3535 1614 3586 τὸν
1658 3535 1790 3586 Θεὸν

214 3615 502 3684 ὁμολογεῖν
535 3620 877 3687 ἀναγκάζων.
917 3624 1132 3676 Μᾶλλον
1169 3625 1224 3677 δὲ
1266 3625 1434 3694 αὐτῆς
1479 3624 1641 3677 αὑτοῦ
1691 3625 1790 3693 τῆς

215 3705 415 3771 λέξεως
444 3711 784 3782 ἀκούσωμεν.

291 3799 452 3854 ΕΥΝ.
489 3804 722 3874 Πότερον
750 3807 878 3859 ἀλλο
902 3825 953 3860 τι
981 3810 1256 3880 σημαίνει,
1293 3810 1446 3880 φησὶ,
1476 3809 1536 3861 τὸ
1562 3808 1675 3877 φῶς
1707 3807 1791 3860 ἐπ’

217 3896 517 3965 ἀγεννήτου
541 3898 616 3967 (4)
648 3900 796 3968 παρὰ
820 3900 880 3951 τὸ
906 3901 1180 3972 γεννητὸν,
1212 3901 1243 3972 ἦ
1274 3901 1466 3955 ταυτὸν
1499 3902 1789 3972 δκάτερον;

220 3986 287 4038 Εἰ
325 3987 421 4056 μὲν
465 3989 572 4059 γὰρ
620 3989 696 4057 (5)
740 3989 924 4061 ἕτερόν
953 4009 1006 4044 τι
1055 3995 1150 4046 καὶ
1185 3995 1401 4063 ἕτερον,
1441 3991 1680 4063 εὔδηλον,
1711 3993 1792 4044 ὅτι

222 4080 319 4131 καὶ
355 4077 606 4131 σύνθετον
640 4080 702 4131 τὸ
731 4081 787 4146 ἐξ
821 4081 1006 4152 ἑτέρου
1047 4084 1140 4134 καὶ
1171 4085 1356 4152 ἑτέρου
1400 4084 1752 4152 συγκείμενον
1777 4098 1789 4110 ”

220 4172 283 4222 τὸ
336 4171 393 4224 δὲ
439 4170 688 4224 σύνθετον
741 4173 839 4225 οὐκ
897 4174 1218 4244 ἀγέννητον·
1251 4176 1300 4226 εί
1331 4175 1388 4227 δὲ
1420 4175 1634 4238 ταυτὸν,
1671 4176 1795 4226 ὅσον

225 4263 599 4332 παρήλλακται
631 4263 692 4314 τὸ
723 4265 979 4334 γεννητὸν
1009 4267 1143 4333 πρὸς
1176 4263 1234 4317 τὸ
1263 4265 1577 4336 ἀγέννητον,
1612 4265 1796 4317 τοσοῦο

225 4372 318 4405 τον
357 4355 570 4424 ἀνάγκη
607 4355 981 4428 παρηλλάχθαι
1012 4357 1072 4409 τὸ
1103 4357 1214 4425 φῶς
1262 4359 1397 4428 πρὸς
1438 4358 1498 4410 τὸ
1528 4358 1664 4426 φῶς,
1703 4359 1796 4408 καὶ

226 4448 330 4516 τὴν
369 4445 514 4516 ζωὴν
542 4449 674 4517 πρὸς
702 4449 801 4520 τὴν
831 4447 996 4519 ζωὴν,
1033 4449 1126 4502 καὶ
1156 4448 1253 4520 την
1278 4449 1506 4519 δύναμιν
1536 4448 1672 4520 πρὸς
1699 4449 1797 4520 τὴν

225 4538 476 4609 δύναμιν.

1886 1975 2058 2041 ipsam
2087 1987 2183 2039 per
2206 1987 2265 2025 se
2291 1971 2480 2032 vitam,
2508 1972 2792 2041 ipsumque
2821 1984 2916 2040 per
2941 1982 2999 2023 se
3025 1969 3240 2026 bonum,
3269 1981 3332 2019 ex
3367 1965 3445 2017 vi-

1887 2067 2142 2121 vificante
2186 2065 2334 2119 fonte
2387 2074 2626 2132 paternae
2679 2062 2939 2116 bonitatis
2983 2060 3390 2131 provenientem
3433 2075 3451 2111 ι

1883 2159 2078 2212 deinde
2109 2173 2230 2212 cum
2264 2155 2638 2218 intellexisset,
2674 2154 2770 2208 has
2804 2164 3018 2206 nostras
3059 2153 3304 2204 notiones
3346 2149 3448 2203 nisi

1884 2253 2266 2315 concussisset,
2304 2248 2440 2311 fore,
2489 2259 2546 2300 ut
2586 2247 2748 2317 262
2791 2245 2925 2299 nihil
2957 2243 3181 2298 omnino
3227 2243 3326 2297 sibi
3359 2256 3452 2295 su-

1884 2345 2050 2415 persit
2083 2351 2281 2414 praeter
2310 2341 2639 2411 sophismata
2677 2340 2789 2408 (qui
2820 2339 2961 2392 enim
2991 2337 3204 2390 Patrem
3235 2334 3453 2388 confite-

1889 2450 1972 2490 tur
2003 2437 2174 2489 lucem
2206 2449 2349 2498 esse,
2376 2443 2430 2486 et
2477 2432 2670 2486 Filium
2702 2443 2918 2498 quoque
2947 2442 3066 2481 esse
3104 2426 3300 2491 lucem,
3326 2440 3453 2478 cum

1889 2528 2020 2580 lucis
2047 2527 2117 2578 sit
2147 2541 2248 2576 una
2277 2535 2331 2578 et
2360 2524 2549 2576 eadem
2579 2521 2752 2584 notio,
2781 2519 3102 2572 naturaliter
3131 2532 3195 2570 eo
3228 2514 3454 2569 deduce-

1887 2631 1994 2679 tur.
2020 2627 2077 2671 ut
2104 2616 2540 2685 conjunctionem
2570 2612 2863 2666 secundum
2910 2609 3267 2665 substantiam
3294 2607 3454 2662 conti-

1891 2720 2068 2766 tt'alttl'
2093 2729 2107 2766 ι
2133 2726 2256 2763 nam
2287 2709 2460 2762 lucem
2492 2708 2630 2760 inter
2654 2714 2708 2759 et
2736 2704 2928 2765 lucem,
2959 2701 3254 2756 secundum
3285 2700 3452 2768 ipsam

1891 2804 2023 2857 lucis
2061 2805 2344 2871 rationem,
2377 2801 2518 2854 nulla
2546 2812 2718 2876 neque
2742 2799 2794 2851 in
2825 2795 3160 2867 prolatione,
3193 2807 3368 2862 neque
3398 2792 3451 2844 in

1889 2899 2000 2964 ipsa
2051 2895 2444 2965 significatione
2498 2893 2785 2946 diversitas
2827 2891 2994 2958 est):
3044 2897 3102 2943 ut
3143 2887 3306 2958 igitur
3354 2887 3456 2940 hoc

1890 2989 2044 3042 nobis
2078 2987 2317 3048 adimat,
2357 2981 2713 3035 artificiorum
2752 2981 2953 3033 retibus
2993 2978 3116 3031 fidei
3153 2976 3452 3030 doctrinam

1890 3078 2295 3142 circumvallat.
2341 3080 2454 3130 haec
2492 3075 2631 3128 inter
2661 3088 2720 3127 se
2755 3087 2928 3141 neque
2973 3071 3134 3123 ullam
3173 3082 3459 3138 compara-

1895 3173 2131 3231 tionem,
2186 3182 2359 3236 neque
2410 3165 2572 3219 ullam
2624 3162 3060 3219 communionem
3111 3161 3312 3215 docens
3359 3159 3457 3213 ha~

1895 3261 2061 3314 bere:
2096 3268 2148 3312 et
2173 3274 2289 3326 quae
2313 3268 2395 3312 est
2422 3257 2660 3328 genitum
2695 3255 2835 3308 inter
2866 3263 2921 3308 et
2961 3253 3254 3323 ingenitum
3285 3266 3454 3320 Oppo-

1891 3354 2037 3416 sitio,
2071 3353 2211 3405 hanc
2241 3350 2426 3403 dicens
2452 3349 2613 3401 etiam
2639 3363 2758 3401 esse
2794 3347 2966 3399 lucem
3004 3347 3145 3398 inter
3170 3352 3225 3397 et
3255 3343 3454 3405 lucem,

1890 3454 1977 3497 aut
2014 3444 2058 3498 si
2091 3444 2189 3496 hoc
2219 3455 2554 3505 aversamur,
2590 3440 2945 3506 cmupositum
2979 3451 3102 3491 esse
3131 3437 3294 3488 Deum
3327 3449 3462 3486 con-

1891 3536 2032 3591 fiteri
2060 3549 2282 3606 cogens.
2318 3533 2426 3586 Sed
2469 3531 2647 3600 potius
2677 3531 2845 3598 ipsam
2891 3529 3007 3599 ejus
3038 3527 3330 3582 dictionem
3363 3541 3455 3579 au-

1893 3628 2124 3681 diamus.

1968 3813 2100 3867 Eun.
2148 3811 2336 3866 Utrum
2371 3810 2512 3862 aliud
2555 3809 2681 3878 quid
2723 3806 3009 3876 significat,
3055 3804 3244 3873 inquit,
3281 3803 3371 3856 lux
3407 3802 3458 3855 iu

1897 3908 2132 3977 ingenito
2162 3914 2356 3974 pra-ter
2386 3903 2648 3973 genitum,
2682 3917 2750 3953 au
2783 3899 2920 3953 idem
2948 3896 3274 3965 utrumque?
3303 3893 3459 3956 Nam,

1896 4002 1941 4052 si
1976 3999 2120 4052 aliud
2161 4008 2321 4065 atque
2353 3995 2536 4056 aliud,
2580 3994 2754 4062 palam
2798 4001 2880 4046 est
2909 3992 3072 4044 etiam
3103 3989 3462 4057 compositum

1899 4093 1946 4143 id
1977 4105 2101 4144 esse
2123 4129 2138 4153 ,
2173 4089 2314 4157 quod
2342 4103 2407 4142 ex
2449 4087 2555 4140 alio
2581 4097 2743 4153 atque
2781 4085 2886 4137 alio
2917 4092 3145 4138 constat.
3181 4081 3332 4147 Quod
3361 4096 3457 4133 au-

1899 4193 2003 4236 tem
2034 4181 2390 4249 compositum
2427 4190 2542 4244 est,
2596 4178 2888 4248 ingenitum
2938 4191 3044 4231 n0u
3092 4184 3194 4230 est.
3240 4175 3296 4228 Si
3337 4188 3468 4226 vero

1898 4274 2060 4336 idem,
2098 4283 2360 4343 quantum
2394 4272 2667 4326 diversum
2701 4280 2783 4324 est
2811 4269 3051 4337 genitum
3081 4268 3148 4320 ah
3187 4265 3465 4335 ingenito,

1901 4369 2110 4412 tantum
2143 4373 2364 4412 necesse
2401 4369 2482 4413 est
2516 4359 2688 4410 lucem
2722 4372 2748 4408 a
2789 4357 2907 4409 luce
2942 4355 3210 4408 diversam
3239 4366 3381 4416 esse,
3413 4359 3469 4406 et

1901 4466 2064 4507 Vitam
2094 4470 2122 4506 ιι
2155 4455 2288 4516 vita,
2319 4463 2373 4507 et
2401 4453 2697 4521 potentiam
2729 4465 2758 4503 a
2788 4448 3048 4518 potentia.

302 4630 446 4683 ΒΑΣ.
510 4630 700 4698 Ὁρᾶτε
745 4632 837 4683 καὶ
879 4632 1088 4686 συνίετε
1139 4634 1200 4685 τὸ
1233 4635 1333 4702 τῆς
1381 4634 1634 4698 ἀσεϐείας
1675 4653 1789 4706 φρι-

1975 4634 2098 4688 Bas.
2144 4634 2330 4688 Videte
2362 4642 2415 4685 et
2441 4631 2722 4698 iutelligite
2753 4629 3078 4684 horrendam
3111 4627 3470 4692 impietatem.

226 4723 371 4776 κτόν.
407 4723 591 4785 Ὅσον,
623 4723 774 4792 φησὶ,
801 4722 859 4775 τὸ
889 4724 1182 4794 ἀγέννητον
1212 4726 1305 4777 τοῦ
1343 4727 1595 4795 γεννητοῦ
1622 4727 1797 4798 διενή-

306 4968 418 5038 (98)
457 4968 671 5038 Antiqui
713 4968 817 5020 duo
849 4968 967 5019 libri
1010 4967 1358 5038 ἁπολάμψαν.
1412 4967 1511 5020 Alii
1569 4982 1696 5022 mss.
1743 4976 1797 5021 et

233 5040 364 5091 editi
395 5037 814 5108 ἀπολάμψαντα.
877 5039 1067 5091 Statim
1114 5037 1242 5106 ueg.
1281 5041 1553 5108 secundus
1578 5038 1798 5105 perinde

235 5118 401 5174 atque
431 5109 558 5161 editi
579 5105 768 5178 ’πηγῆς
795 5108 915 5177 τῆς,
961 5125 1023 5160 ea:
1065 5105 1214 5174 fonte
1266 5117 1499 5178 paterna:
1537 5105 1802 5159 bonitatis.

239 5179 449 5244 lteliqui
506 5177 659 5231 mss.’
687 5177 869 5250 πηγῆς
901 5181 995 5232 καὶ
1024 5179 1244 5250 τῆς,εα;
1305 5177 1595 5243 viviﬁcante
1641 5178 1805 5246 fonte,

233 5264 403 5316 exque
441 5258 656 5317 paterna
683 5251 915 5301 bonitate
947 5249 1382 5317 progredientem.

308 5317 420 5387 (99)
463 5316 653 5369 Οὐδὲν
679 5317 838 5383 αὑτῷ
861 5316 1054 5374 πλέον
1071 5317 1188 5370 τῶν
1210 5317 1615 5386 σοφισμάτων.
1629 5319 1803 5382 Verte,

239 5387 393 5442 Nihil
429 5389 506 5438 illi
536 5388 821 5453 proderunt
860 5391 1201 5456 sap/tismata.
1236 5388 1445 5441 Manus.

314 5457 389 5526 (l)
431 5457 567 5528 liiditi
599 5467 652 5510 et
695 5458 822 5528 Ilerg.
875 5461 1096 5524 quintus
1143 5459 1493 5528 σοφισμάτων
1526 5457 1694 5513 ἔσται.
1746 5459 1802 5511 ’0

248 5529 346 5648 γάρ
394 5526 509 5594 φῶς
542 5527 816 5597 ὁμολογῶν
849 5529 936 5580 τὸν
971 5526 1664 5599 Πατέρα.....“οίκειότητος
1709 5530 1804 5581 ὑπ-

248 5616 307 5648 ιν
347 5598 559 5648 ήσεται.
580 5601 647 5648 At
671 5599 907 5648 nuiunue
939 5611 1138 5648 mss.ut
1169 5602 1512 5648 incontextu-
1541 5599 1639 5648 nisi
1660 5602 1803 5648 quod

237 5598 647 5672 αχθῄσεταιτΑι
671 5599 907 5666 quinque
926 5615 1066 5672 mss.
1085 5598 1138 5651 ut
1169 5602 1219 5651 in
1236 5610 1512 5672 contextu,
1541 5599 1639 5651 nisi
1660 5602 1803 5668 quod

243 5668 380 5736 lteg’.
447 5668 636 5737 tertius
695 5683 789 5735 pro
823 5685 886 5736 γε
923 5670 1114 5722 habeat
1142 5686 1222 5731 τε,
1248 5681 1302 5722 et
1363 5670 1414 5720 iu
1451 5669 1581 5734 ltcg.
1610 5678 1806 5737 quarto

242 5754 340 5804 pro
371 5736 696 5809 οἰκειότητος
734 5739 942 5807 legatur
991 5739 1336 5809 ταυτότητος.
1392 5739 1586 5794 Parum
1631 5736 1807 5792 refert

246 5819 367 5861 utro
394 5807 552 5861 modo
582 5807 751 5877 legas,
775 5825 894 5863 cum
922 5819 1150 5878 utroque
1182 5807 1334 5866 modo
1362 5813 1550 5865 eadem
1593 5819 1802 5865 senten-

1904 4728 2194 4792 Quautum,
2227 4725 2435 4794 inquit,
2471 4723 2766 4791 ingenitum
2804 4738 2832 4774 a
2861 4720 3044 4788 acuito
3091 4718 3309 4784 ditl'crt,
3350 4727 3471 4770 tan-

1905 4903 1973 4952 tia
2008 4899 2290 4951 efficiatur.

1974 4973 2050 5038 (2)
2081 4970 2220 5023 Editi
2273 4966 2427 5038 xa:&_
2466 4966 2566 5036 τὴν
2618 4966 2875 5038 ἒνᾲνοιανᾏ
2910 4964 3128 5032 Antiqui
3194 4975 3300 5038 tres
3348 4964 3470 5038 li_bri

1909 5033 2026 5093 κατ’
2073 5039 2242 5108 αὐτὴν
2272 5037 2371 5108 τὴν
2405 5033 2630 5089 ἔννοιαν.
2663 5036 2780 5108 mox
2845 5034 2992 5108 ch._
3012 5036 3282 5108 secundus
3313 5033 3474 5108 τοῦτο

1905 5112 2070 5181 ἡμᾶς.
2127 5103 2243 5181 Alii
2291 5103 2394 5162 duo
2450 5124 2578 5159 tuss.
2634 5107 2824 5159 τούτου
2881 5106 3049 5176 ἡμᾶς.
3083 5103 3471 5174 Editietlleg.

1903 5180 2123 5248 quintus
2152 5190 2208 5232 ut
2236 5180 2286 5232 in
2318 5186 2592 5232 contextu.

1973 5250 2051 5320 (5)
2077 5249 2230 5310 Illud.
2259 5249 2429 5319 ἡμᾶς,
2465 5263 2528 5301 ex
2553 5257 2782 5315 quatuor
2812 5263 2941 5301 mss.
2972 5243 3295 5299 addidimus.

1973 5321 2048 5391 (4t
2079 5319 2261 5373 Nullus
2281 5322 2384 5373 erit
2410 5317 2733 5391 sensusnisi
2755 5318 3013 5391 legamus,
3046 5314 3199 5391 παρά
3225 5314 3287 5367 τὸ
3315 5315 3482 5391 ἀγένέ

1903 5387 2082 5474 νητον,
2114 5404 2378 5474 non‘vero
2403 5388 2658 5474 γεννητόν
2682 5388 2963 5471 Litaenim
2991 5388 3145 5474 patin
3175 5387 3396 5474 ppsth
3417 5387 3476 5439 δὲ

1905 5456 2157 5514 σύνθετον
2190 5461 2289 5512 ούκ
2317 5456 2633 5528 ἀγέννητον.
2686 5458 2773 5510 Sic
2808 5459 2967 5524 igitur
2995 5456 3260 5528 reddenda
3290 5457 3475 5528 Eunu-

1902 5533 1993 5585 tuii
2025 5533 2183 5586 verba
2215 5545 2228 5582 :
2265 5523 2451 5583 Utrum
2473 5523 2565 5582 lux
2588 5530 2642 5580 in
2672 5523 2900 5597 ingenito
2930 5526 3235 5597 aliudiquid
3266 5523 3472 5597 signiﬁ-

1904 5613 1984 5654 σοι
2012 5621 2071 5653 ac
2098 5601 2404 5671 ingenitum,
2428 5618 2494 5652 an
2513 5669 2519 5671 _
2537 5600 2672 5671 idem
2695 5596 3014 5671 utrumque?
3048 5596 3265 5671 Malim.

1977 5672 2052 5742 (ὅ)
2072 5664 2296 5726 Codices
2327 5681 2435 5726 tres
2469 5669 2567 5740 μὲν
2596 5668 2723 5739 γάρ.
2763 5664 2958 5724 Vocula
2998 5667 3108 5739 γάρ
3142 5669 3193 5722 iu
3259 5664 3476 5721 excusis

1906 5743 2260 5797 desideratur.

1943 5751 2260 5797 esmeratur.
