4026 6436
255 352 364 404 657

255 489 417 541 νητον
464 472 580 539 οὐχὶ
633 473 875 534 ὲπίτασίς
910 475 1023 524 ἐστι
1077 491 1167 525 του
1213 473 1465 541 γεννητού
1492 489 1504 502 °

253 564 317 614 τὸ
353 563 463 631 ('27)
488 563 742 631 γεννητὸν
774 562 964 630 ὒιρεσίς
995 565 1076 626 τίς
1110 565 1221 615 ἐστι
1248 563 1339 615 τοῦ
1368 565 1684 633 ἀγεννήτου·
1714 564 1825 616 ἀλλ’

254 656 421 706 οἱονεὶ
485 655 623 707 κατᾶ
676 655 963 726 διάμετρον
1007 659 1207 707 τούτων
1258 657 1404 708 ἐστὶν
1444 659 1474 726 ὴ
1509 658 1824 719 ἀπόστασις.

255 747 386 808 Τοῖς
423 749 518 815 μὲν
553 743 644 798 οὐν
677 747 862 800 οὐσίαν
890 747 1183 814 τιθεμένοις
1200 748 1259 798 τὸ
1277 750 1530 818 γεννητὸν
1549 750 1640 801 καὶ
1668 749 1827 816 ἀγέν-

254 855 418 906 νητον
459 839 630 890 ταῦτα
662 841 754 891 καὶ
799 840 874 892 ἔτι
922 839 1088 890 πλείω
1121 839 1324 892 τούτων
1363 841 1713 910 ἀκολουθήσει
1761 840 1828 892 τὰ

255 931 454 983 ἄτοπα.
489 932 675 983 Ἔσται
709 931 815 999 γὰρ
842 932 904 982 ὲκ
934 929 1024 981 τοῦ
1065 931 1310 983 ἐναντίου
1349 931 1408 982 τὸ
1456 933 1692 984 ἐναντίον
1740 949 1829 1000 γε-

258 1023 587 1092 γεννημένον
607 1040 620 1052 ·
655 1023 744 1075 καὶ
775 1025 891 1073 ἀντὶ
914 1023 1011 1091 τῆς
1038 1025 1270 1094 φυσικῆς
1303 1025 1627 1087 οἱκειώσεως
1659 1027 1824 1092 ἀναγ-

258 1115 389 1166 καία
428 1132 508 1177 τις
549 1115 727 1174 αὐτοῖς
770 1115 863 1166 καί
897 1118 1014 1166 κατ’
1047 1117 1212 1185 αὐτὴν
1265 1117 1360 1186 τὴν
1407 1118 1515 1185 ('28)
1560 1119 1743 1169 οὐσίαν
1796 1120 1826 1188 ἡ

262 1205 449 1268 στάσις
489 1205 906 1274 ἀναψανήσεται.
957 1206 1124 1258 Τοῦτο
1158 1208 1212 1259 δὲ
1253 1209 1420 1260 πλείω
1456 1210 1551 1277 τῆς
1578 1209 1828 1270 ἀσεϐείας

255 1300 354 1370 τὴν
401 1298 638 1368 ἀμαθίαν
681 1299 812 1368 ἔχει,
855 1301 953 1371 τὴν
1003 1303 1187 1353 οὐσίαν
1227 1302 1402 1369 λέγειν
1451 1304 1542 1355 καὶ
1579 1303 1830 1372 ᾡτινιοῦν

253 1394 366 1444 τῶν
410 1392 660 1444 ἁπάντων
704 1394 946 1445 ἐναντίαν
985 1389 1123 1447 εἶναι
1170 1398 1232 1463 τῇ
1283 1395 1435 1465 οὐσία
1488 1396 1620 1461 (Εἰθι,
1665 1397 1828 1448 παλαι

255 1483 729 1553 διωμολογημένον
758 1487 848 1538 καὶ
883 1486 1032 1556 παρᾶ
1053 1489 1162 1547 τοῖς
1196 1486 1297 1548 ἔξω
1329 1490 1507 1553 σοφοῖς
1536 1486 1670 1550 (οὒς,
1704 1489 1830 1541 ὅταν

260 1579 334 1646 μὴ
367 1575 599 1647 εὐρωσιν
652 1574 793 1630 οὗτοι
855 1579 1381 1646 συναγωνιζομένους
1437 1583 1556 1640 ταῖς
1593 1579 1831 1650 βλασφη-

259 1669 412 1737 μίαις
466 1670 672 1733 αὐτῶν,
732 1672 804 1731 ὡς
851 1670 1060 1731 οὐδενὸς
1113 1669 1294 1733 ἀξίους
1331 1672 1828 1741 παραλογίζονται),

255 1763 534 1831 ἀμήχανον
583 1763 844 1832 ὑπάρχειν
887 1762 942 1812 ἐν
989 1761 1144 1833 οὐσία
1185 1764 1282 1834 τὴν
1315 1765 1647 1818 ἐναντίωσιν.
1698 1765 1757 1816 ΕΞ
1787 1766 1829 1816 δ’

1362 352 1722 406 ADVERSUS
1754 352 2116 406 £130)”le
2160 352 2284 406 LIB.
2332 352 2395 407 ll.

1729 475 1826 543 μὴἸ

1943 484 2050 525 tum
2077 473 2297 540 ingettiti
2329 482 2409 526 est
2446 474 2693 526 remissio
2720 474 2984 541 quredam,
3019 476 3112 526 sed
3145 481 3284 526 velut
3311 491 3373 529 ex
3405 481 3490 528 diu

3407 361 3508 415 6.38

1936 577 2106 618 tnetro
2129 566 2317 618 horum
2344 565 2596 618 distantia
2619 576 2719 619 est.
2746 565 2848 618 Eos
2881 566 3063 633 igitur,
3083 567 3172 634 qtti
3197 567 3434 635 genitum
3461 581 3508 620 ut

1936 657 2224 724 iugi-uitam
2252 656 2601 708 substantiam
2637 657 2843 720 dicunt,
2865 657 2974 709 htec
3003 669 3054 707 et
3087 658 3260 710 adhuc
3290 657 3373 710 his
3402 658 3508 725 plu-

1939 765 2022 800 res
2058 751 2265 814 ineptiae
2288 760 2595 816 sequentur.
2628 747 2757 800 Nam
2787 747 3115 800 contrarium
3148 763 3208 801 ex
3238 755 3509 801 contraito

1936 842 2165 907 genitmu
2193 842 2482 909 erit,atque
2511 855 2604 906 pro
2639 840 2868 891 naturali
2894 841 3286 907 conjunctione,
3327 858 3503 894 neces-

1937 932 2074 983 saria
2108 934 2349 999 quantam
2395 932 2584 983 seditio
2628 933 2788 984 etiam
2829 933 3121 985 secundum
3175 933 3340 1000 ipsam
3385 935 3507 986 sub-

1937 1024 2188 1074 stantiam
2227 1023 2354 1090 ipsis
2381 1023 2558 1076 inet-it.
2603 1023 2712 1076 Ilue
2739 1032 2917 1074 autem
2945 1025 3202 1090 majorem
3243 1025 3508 1077 inscitiam

1937 1132 2094 1180 quam
2117 1117 2443 1184 impietatem
2472 1130 2582 1183 pra:
2611 1131 2668 1168 se
2702 1113 2823 1175 fert,
2854 1115 2894 1168 si
2933 1117 3053 1182 qttis
3087 1117 3228 1168 tlicat
3258 1119 3508 1170 Sttbstauo

1940 1210 2065 1262 tiam
2121 1225 2218 1277 per
2266 1209 2619 1260 substantiam
2672 1209 2844 1258 cuivis
2879 1213 3118 1259 Omnium
3171 1223 3349 1262 rerum
3393 1223 3518 1264 esse

1938 1303 2280 1362 contrariam,
2309 1316 2428 1352 cum
2452 1300 2471 1368 j
2494 1315 2562 1352 tm
2595 1300 2721 1352 olim
2761 1314 2846 1351 res
2873 1297 3115 1353 confessa
3152 1301 3218 1352 sit
3252 1301 3333 1353 vel
3373 1302 3515 1369 apud

1937 1403 2192 1445 externos
2222 1393 2493 1460 sapientes
2522 1395 2681 1459 (quos
2709 1407 2828 1443 cum
2869 1405 2970 1443 nou
3001 1392 3305 1443 invenerint
3337 1391 3392 1444 hi
3419 1407 3515 1460 pro

1939 1483 2050 1535 suis
2082 1482 2427 1550 hlasphentiis
2469 1483 2808 1534 decertantes
2831 1520 2846 1544 ,
2881 1489 2935 1532 ut
2968 1481 3162 1534 nullius
3211 1483 3367 1550 pretii
3420 1485 3517 1535 ho-

1940 1575 2110 1627 mines
2134 1575 2479 1644 despiciunt),
2517 1574 2632 1627 fieri
2678 1589 2781 1626 non
2816 1588 2991 1640 posse,
3021 1581 3076 1626 ttt
3123 1573 3174 1625 itt
3212 1575 3512 1628 substantia

1938 1667 2007 1719 sit
2045 1669 2420 1720 contrarietas.
2452 1667 2602 1732 Quod
2643 1665 2686 1718 si
2717 1665 3008 1733 quispiam,
3039 1663 3090 1718 id
3135 1667 3278 1734 quod
3328 1683 3514 1721 verum

1938 1766 2040 1818 est,
2078 1756 2316 1825 genitum
2367 1766 2420 1808 et
2460 1756 2756 1823 ingenitum
2791 1754 2904 1805 vult
2952 1770 3074 1809 esse
3114 1756 3321 1810 iudices
3352 1775 3516 1826 quas-

254 1855 390 1924 ῐπερ
425 1855 570 1906 ἐστὶν
602 1853 812 1921 ἀληθὲς.
853 1854 1215 1922 γνωριστικάς
1246 1873 1396 1917 τινας
1421 1856 1685 1924 ἰδιότητας
1716 1858 1826 1908 ὲπι-

1933 1847 2049 1899 dam
2094 1849 2474 1916 proprietates,
2505 1861 2624 1915 qua:
2657 1846 2709 1898 itt
2742 1845 3042 1899 substantia
3075 1847 3514 1913 considerentur,

255 1945 629 2014 θεωρουμένας
660 1946 722 2011 τῇ
752 1943 906 2013 οὐσία
937 1945 1142 2014 δέχοιτο
1179 1963 1260 2007 τις
1301 1941 1438 1998 εἶναι
1472 1947 1530 1998 τὸ
1575 1949 1828 2016 γεννητὸν

252 2038 430 2089 καίτὸ
459 2037 766 2104 ἀγέννητον,
814 2037 948 2106 πρὸς
991 2038 1088 2107 τὴν
1137 2039 1342 2108 τρανὴν
1381 2040 1473 2090 καὶ
1526 2040 1828 2108 ἀσύγχυτον

253 2127 467 2196 Ματρὸς
498 2127 590 2176 καὶ
627 2127 752 2178 Υἰού
791 2128 1232 2196 χειραγωγούσας
1261 2129 1488 2188 ἔννοιαν,
1524 2132 1614 2183 τόν
1645 2149 1702 2182 τε
1731 2131 1829 2200 τῆς

250 2217 505 2270 ἀσεϐείας
537 2217 880 2285 διαφεύξεται
913 2221 1171 2278 κίνδυνον,
1208 2221 1298 2271 καὶ
1324 2221 1384 2272 τὸ
1419 2224 1477 2272 ἐν
1521 2224 1631 2283 τοῖς
1689 2222 1830 2289 λογι-

254 2313 412 2380 σμοῖς
449 2311 736 2363 ἀκόλουθον
803 2312 1077 2364 διασώσει.
1117 2315 1178 2363 Αἱ
1235 2312 1344 2381 γάρ
1398 2330 1478 2364 τοι
1537 2313 1828 2384 ἰδιότητες,

242 2404 414 2456 οἱονεὶ
444 2405 788 2476 χαρακτῆρές
818 2407 928 2469 (50)
963 2422 1106 2465 τινες
1135 2405 1226 2456 καὶ
1267 2407 1466 2476 μορφαὶ
1498 2406 1828 2477 ἐπιθεωρού-

253 2512 412 2563 μεναι
442 2499 504 2566 τῇ
537 2497 708 2564 οὐσία,
755 2496 1024 2564 διαιροῦσι
1063 2496 1160 2564 μὲν
1209 2496 1269 2547 τὸ
1306 2497 1480 2548 κοινὸν
1528 2501 1638 2560 τοῖς
1697 2500 1829 2553 ἰδιά-

250 2587 405 2648 «ζουσι
441 2586 801 2656 χαρακτῆρσι*
831 2586 888 2636 τὸ
917 2586 971 2637 δὲ
1014 2588 1248 2656 ὀμοφυὲς
1285 2589 1381 2658 τῆς
1410 2590 1594 2651 οὐσίας
1627 2591 1686 2642 οὐ
1718 2591 1830 2644 δια-

251 2679 559 2730 κόπτουσιν.
598 2671 742 2738 Οἶον,
776 2677 926 2748 κοινὴ
968 2678 1066 2747 μὲν
1107 2680 1279 2750 (51)ή
1325 2681 1532 2750 θεότης,
1566 2682 1828 2752 ἰδιώματα

357 2784 480 2819 τινα
515 2768 789 2840 πατρότης
822 2771 915 2821 καὶ
967 2771 1153 2840 υἰότης
1178 2784 1190 2794 ·
1226 2772 1290 2822 ἐκ
1340 2771 1395 2823 δὲ
1443 2773 1538 2840 τῆς
1571 2773 1825 2842 ἐκατέρου

250 2860 590 2928 συμπλοκῆς,
620 2860 714 2913 τοῦ
747 2879 805 2912 τε
837 2862 1017 2914 κοινοῦ
1043 2864 1134 2913 καὶ
1165 2863 1258 2915 τοῦ
1291 2865 1438 2928 ἰδίου,
1466 2867 1496 2935 ἡ
1529 2865 1826 2936 κατάληψις

249 2951 384 3016 ἡμῖν
415 2949 513 3018 τῆς
544 2949 798 3018 ἀληθείας
839 2952 1148 3018 ἐγγίνεται·
1195 2950 1357 3011 ὥστε,
1399 2952 1690 3023 ἀγέννητον
1731 2955 1828 3023 μὲν

251 3039 369 3106 φῶς
392 3040 749 3102 ἀκούσαντας,
782 3043 871 3094 τὸν
907 3043 1122 3114 Πατέρα
1155 3048 1316 3110 νοεῖν,
1340 3046 1594 3116 γεννητὸν
1621 3045 1674 3097 δὲ
1693 3046 1824 3113 φῶς,

247 3133 348 3202 τὴν
381 3133 473 3184 τοῦ
508 3134 637 3184 Υίού
683 3134 977 3201 λαμϐάνειν
1009 3135 1243 3187 ἔννοιαν·
1277 3137 1411 3188 καθὸ
1463 3139 1559 3205 μὲν
1595 3136 1707 3204 φῶς
1739 3139 1828 3189 καὶ

249 3224 387 3292 φῶς,
416 3225 666 3293 οὐδεμιᾶς
716 3227 772 3276 ὲν
818 3227 998 3289 αὐτοῖς
1044 3228 1414 3298 ἐναντιότητος
1442 3230 1820 3299 ὑπαρχούσης,
1857 3202 1899 3259 C

246 3317 385 3369 καθὸ
411 3316 468 3368 δὲ
492 3316 744 3385 γεννητὸν
773 3318 865 3369 καὶ
894 3319 1206 3389 ἀγέννητον,
1229 3320 1700 3391 ὲπιθεωρουμένης
1727 3323 1824 3390 τῆς

248 3407 596 3470 ἀντιθέσεως.
628 3407 776 3480 Αὐτη
808 3410 914 3481 γὰρ
937 3411 1043 3463 τῶν
1071 3411 1375 3482 ἰδιωμάτων
1403 3415 1433 3483 ἡ
1459 3413 1639 3480 φύσις,
1678 3415 1733 3465 ἐν
1757 3415 1822 3482 τῇ

246 3501 348 3567 τῆς
373 3500 558 3562 οὐσίας
585 3502 868 3571 ταυτότητι
905 3504 1173 3556 δεικνύναι
1215 3505 1311 3574 τὴν
1341 3507 1632 3575 ἑτερότητα
1669 3504 1780 3574 (32)
1807 3523 1819 3535 °

246 3594 342 3644 καὶ
363 3592 500 3645 αὐτά
520 3595 617 3662 μὲν
636 3596 768 3662 πρὸς
785 3594 985 3663 ἄλληλα
997 3595 1322 3666 ἀντιδιαιρού
1333 3613 1464 3666 μενα
1488 3596 1742 3660 πολλάκις
1759 3597 1824 3650 τὰ

252 3684 540 3753 ἰδιώματα,
564 3684 696 3752 πρὸς
714 3685 773 3736 τὸ
794 3685 1032 3736 ἐναντίον
1053 3687 1376 3748 διίστασθαι,
1391 3689 1489 3757 τὴν
1504 3704 1563 3754 γε
1585 3689 1680 3757 μὲν
1707 3687 1823 3739 ἐνὸο

247 3793 388 3844 τητα
406 3779 500 3846 τῆς
530 3777 716 3839 οὐσίας
749 3778 821 3847 μὴ
853 3777 1102 3828 διασπᾶν·
1126 3778 1199 3838 ως
1221 3779 1280 3830 τὸ
1309 3779 1510 3849 πτηνὸν
1532 3779 1624 3830 καὶ
1647 3779 1705 3831 τὸ
1724 3797 1824 3831 πε-

261 3868 362 3931 ζὸν,
387 3870 479 3919 καί
497 3870 554 3920 τὸ
568 3869 781 3938 ἔνυδρον
795 3871 888 3922 καὶ
913 3871 972 3922 τὸ
1001 3870 1270 3939 χερσαῖον,
1291 3871 1459 3922 καὶτὸ
1491 3869 1702 3937 λογικὸν
1733 3871 1824 3922 καὶ

247 3961 309 4011 τὺ
343 3959 532 4023 ἄλογον
585 3961 726 4021 Mti;
759 3962 865 4030 γὰρ
898 3963 1083 4024 οὐσίας
1111 3963 1218 4022 τοῖς
1248 3961 1411 4012 πᾶσιν
1437 3961 1820 4030 ὑποκειμένης,

247 4050 317 4102 τὰ
355 4048 618 4118 ἰδιώματα
648 4049 818 4102 ταῦτα
851 4052 948 4103 οὐκ
986 4051 1252 4120 ἀλλοτριοῖ
1295 4051 1394 4120 τὴν
1440 4049 1659 4112 οὐσίαν,
1701 4051 1822 4102 οὐδὲ

249 4141 417 4193 οἱονεὶ
472 4140 849 4203 συστασιαζειν
906 4142 1114 4203 ἑαυτοῖς
1168 4138 1485 4192 ἀναπείθει·
1538 4141 1604 4210 τῇ
1670 4141 1822 4210 ὲνερ-

249 4234 376 4303 γεία
408 4234 517 4302 (55)
564 4233 619 4285 δὲ
653 4233 759 4284 τῶν
806 4234 1217 4303 γνωρισμάτων,
1262 4233 1449 4305 ὥσπερ
1477 4252 1528 4285 τι
1567 4233 1683 4303 φῶς
1705 4237 1825 4297 ταῖς

247 4325 452 4393 1ξκυχαῖς
481 4325 634 4394 ἡμῶν
675 4325 964 4387 ἐντιθέντα,
997 4327 1132 4393 πρὸς
1163 4326 1259 4394 τὴν
1291 4325 1515 4396 ἐφικτὴν
1553 4329 1669 4388 ταῖς
1706 4327 1823 4379 δια-

249 4416 422 4478 νοίαις
480 4417 692 4468 σύνεσιν
730 4418 931 4488 ὁδηγεῖ.
975 4416 1112 4468 Ἀλλ’
1142 4412 1313 4478 οὗτος,
1364 4419 1463 4487 τὴν
1521 4418 1629 4469 τῶν
1679 4417 1820 4469 ἰδιω-

253 4510 442 4576 μάτων
492 4507 761 4561 ἀντίθεσιν
829 4509 962 4578 πρὸς
1010 4509 1107 4579 τὴν
1167 4507 1352 4559 οὐσίαν
1409 4509 1776 4579 μετακομίσας
1807 4550 1820 4571 ,

249 4597 501 4651 ἐντεῦθεν
554 4601 650 4670 τὴν
698 4600 950 4670 ἀφορμὴν
1013 4602 1111 4669 τῆς
1176 4599 1427 4658 ἀσεϐείας
1497 4601 1822 4669 ἐφέλκεται.

248 4689 440 4760 ὥσπερ
462 4693 655 4756 παῖδας
690 4693 834 4762 ἡμᾶς
880 4693 1373 4763 μορμολυττόμενος
1410 4697 1519 4755 τοῖς
1559 4695 1825 4763 σοφίσμα-

323 5053 433 5124 (27)
460 5051 600 5124 Editi
632 5056 753 5108 οὐδὲ
784 5057 1052 5110 ἀνάπαλιν
1085 5057 1164 5110 τό.
1220 5055 1440 5109 Veteres
1473 5058 1715 5124 quinque
1751 5057 1820 5108 li-

249 5123 340 5178 bri
361 5123 481 5177 οὐδὲ
513 5123 616 5195 μὴν
653 5126 734 5177 τό.

324 5217 434 5285 ('28)
467 5217 643 5288 Codex
681 5218 830 5270 Colb.
863 5229 909 5268 et
946 5221 1072 5272 editi
1107 5220 1245 5272 κατά
1275 5235 1479 5288 ταυτην
1528 5222 1651 5286 τήν.
1713 5219 1814 5271 Alii

253 5287 355 5360 tlttp
383 5305 507 5360 mss.
534 5287 680 5354 Rr'gii
711 5290 828 5340 κατ’
858 5289 1024 5359 αὐτὴν
1055 5292 1174 5360 τήν.
1205 5293 1494 5358 Aliquanto
1533 5298 1651 5354 post
1683 5290 1815 5340 mliti

248 5357 409 5476 305:0
436 5357 493 5409 δὲ
543 5361 636 5412 καὶ
672 5360 859 5412 πλείω.
899 5357 1234 5414 νυὸυια’καί
1277 5357 1330 5414 in
1391 5363 1630 5429 quinque
1689 5375 1817 5411 mss.

286 5441 418 5476 eest.

286 5441 418 5477 (ἕνεί.

323 5496 434 5565 (29)
460 5494 610 5562 lllud,
637 5499 919 5568 τῇοὺσίᾳ.
941 5501 1132 5570 legitur
1156 5500 1366 5566 quidem
1398 5503 1450 5554 in
1473 5503 1676 5554 duobus
1699 5515 1823 5550 mss.

250 5569 475 5633 perinde
505 5579 664 5632 atque
689 5589 739 5624 in
779 5569 1040 5638 vulgatis:
1078 5572 1167 5623 sed
1196 5571 1246 5622 in
1280 5572 1400 5625 aliis
1426 5571 1706 5623 codicibus
1736 5576 1826 5620 aut

250 5639 395 5687 :leesl
436 5639 674 5705 omnino,
700 5651 789 5693 aut
813 5643 1049 5693 additum
1076 5650 1158 5694 est
1198 5643 1429 5694 secunda
1463 5655 1642 5693 mauu.

320 5713 681 5806 (3Q)_Autiqui
733 5743 842 5806 tres
899 5733 1016 5786 libri
1081 5734 1242 5786 οἱονεὶ
1283 5732 1649 5806 χαρακτῆρες.
1706 5731 1819 5786 Vox

249 5801 411 5852 οἱονεί
441 5802 490 5854 in
523 5803 683 5856 editis
719 5803 1149 5860 desiderabatur.

1932 1954 2156 2008 qumque
2183 1940 2247 1992 ad
2279 1938 2480 1992 claram
2517 1954 2578 1992 ac
2611 1939 2945 1992 inconfusam
2983 1939 3160 1993 Patris
3187 1951 3238 1992 et
3267 1939 3389 1994 Filii
3419 1956 3516 1995 uo-

1931 2035 2130 2084 tionem
2162 2033 2313 2097 quasi
2346 2047 2503 2084 manu
2534 2033 2752 2093 ducant,
2792 2033 2834 2085 is
2880 2041 2932 2083 et
2958 2032 3249 2099 impietatis
3297 2035 3510 2102 pericu-

1931 2125 2039 2177 lum
2081 2123 2316 2192 eﬂttgiet,
2345 2134 2396 2175 et
2429 2123 2854 2176 ratiocinationis
2878 2128 3312 2180 consecutionem
3345 2128 3515 2180 tuehi-

1933 2228 2035 2270 tur.
2069 2215 2198 2269 Nam
2255 2217 2639 2284 proprietates,
2675 2233 2792 2286 qua:
2838 2219 3000 2272 veluti
3037 2221 3254 2286 quidam
3316 2219 3514 2273 chara-

1932 2319 2105 2362 cteres
2152 2322 2216 2361 ac
2267 2306 2455 2360 formae
2503 2307 2555 2360 iit
2607 2309 2906 2362 substantia
2961 2310 3394 2368 considerantur.
3461 2311 3514 2363 id

1931 2400 2069 2467 quod
2102 2415 2386 2452 commune
2407 2407 2489 2452 est
2521 2400 2857 2467 distinguunt
2878 2401 3095 2468 quidem
3129 2402 3362 2469 pmpriis
3388 2401 3516 2454 cha-

1935 2491 2228 2544 racteribtts
2267 2505 2280 2540 :
2318 2499 2374 2541 at
2412 2490 2732 2544 substantiae
2763 2492 3204 2545 communitatem
3243 2507 3346 2545 non
3384 2493 3516 2545 diri-

1931 2592 2102 2634 munt.
2157 2581 2397 2651 Exempli
2443 2597 2603 2634 causa
2627 2623 2640 2644 ,
2677 2583 2848 2638 deitas
2884 2586 3191 2638 communis
3216 2598 3322 2653 ρει,
3387 2599 3513 2652 pro-

1932 2676 2186 2742 prietates
2223 2689 2347 2727 vero
2379 2685 2505 2728 sunt
2553 2678 2852 2744 paternitas
2877 2686 2929 2728 et
2961 2676 3167 2728 liliatio.
3204 2676 3281 2728 Ex
3314 2679 3515 2730 utrius-

1931 2780 2034 2834 que
2056 2773 2230 2817 autent
2261 2767 2561 2831 complexu,
2605 2777 2717 2819 tum
2761 2768 3088 2829 communis,
3135 2777 3245 2819 ttntt
3284 2767 3511 2836 pr0prii,

1932 2855 2229 2908 innascitur
2279 2857 2432 2909 nobis
2490 2858 2904 2926 comprehensio
2956 2858 3220 2910 veritatis.
3280 2857 3514 2912 Proinde

1930 2963 2052 3001 cum
2104 2947 2397 3016 ingenitam
2446 2948 2620 3002 lucem
2668 2950 2951 3013 audimus,
2994 2948 3209 3002 Patrem
3259 2950 3514 3019 intelligi.

1932 3056 2053 3094 mus
2081 3055 2094 3092 :
2123 3055 2242 3093 cum
2276 3055 2406 3094 vero
2443 3042 2676 3110 genitam
2710 3041 2905 3106 lucem,
2941 3040 3059 3094 Filii
3093 3041 3389 3110 accipimus
3416 3058 3513 3094 no-

1937 3134 2155 3186 tionem.
2186 3130 2318 3184 Nam
2346 3141 2612 3199 quatenus
2648 3133 2862 3199 quidem
2894 3131 2980 3184 lux
3007 3141 3060 3185 et
3085 3132 3172 3184 lux
3200 3144 3346 3198 sunt,
3370 3133 3513 3186 nulla

1933 3235 2016 3280 cst
2051 3225 2101 3277 in
2128 3225 2206 3278 eis
2234 3224 2591 3278 contrarietas
2614 3239 2628 3276 :
2650 3237 2912 3292 quatenus
2935 3239 3065 3279 vero
3090 3224 3327 3293 genitum
3357 3236 3411 3278 et
3434 3228 3517 3277 itt-

1931 3319 2197 3389 genitum,
2234 3328 2455 3386 apparet
2480 3318 2765 3385 oppositio.
2809 3316 2934 3370 llrec
2987 3327 3070 3370 est
3107 3318 3248 3370 enim
3279 3317 3516 3386 proprie-

1935 3422 2102 3464 tatum
2135 3422 2348 3474 natura,
2376 3420 2431 3461 ut
2466 3410 2518 3461 iit
2552 3409 2864 3461 substantia:
2895 3409 3174 3462 identitate
3201 3411 3516 3476 aliudquid-

1933 3504 2055 3557 dam
2081 3503 2390 3566 ostendant,
2410 3512 2575 3570 utque
2599 3503 2725 3569 ipsa:
2748 3503 2963 3569 quidem
2993 3502 3353 3570 proprietates
3377 3511 3510 3567 tum,

1935 3611 2054 3649 cum
2084 3607 2224 3662 saepe
2255 3593 2394 3646 inter
2423 3607 2482 3646 se
2523 3606 2588 3644 ex
2638 3591 2863 3643 adverso
2894 3591 3232 3654 dividuntur,
3271 3593 3339 3644 ad
3381 3605 3515 3644 con-

1937 3689 2158 3739 trariutn
2201 3684 2513 3744 discedant,
2547 3695 2644 3734 nec
2678 3689 2854 3733 tamen
2897 3681 3210 3735 substantia:
3249 3682 3512 3736 unitatem

1933 3778 2185 3831 tlivellant
2213 3792 2226 3826 :
2248 3775 2386 3842 quod
2415 3788 2581 3843 genus
2603 3785 2726 3826 sunt
2747 3773 2959 3827 volatile
2981 3783 3032 3828 et
3058 3774 3324 3843 pedestre,
3345 3789 3514 3844 aqua-

1935 3870 2022 3921 tile
2052 3877 2104 3920 et
2142 3876 2410 3929 terrestre,
2453 3865 2712 3917 rationale
2757 3875 2806 3918 et
2840 3865 3167 3918 irrationale.
3207 3864 3340 3918 Cum
3366 3869 3510 3919 enim

1931 3960 2228 4016 Suhstantia
2273 3975 2372 4012 uua
2418 3958 2666 4012 omnibus
2707 3955 2942 4023 subjecta
2989 3959 3097 4020 sit,
3143 3957 3224 4010 ha:
3270 3959 3514 4026 proprie-

1935 4065 2067 4106 tates
2094 4052 2453 4105 substantiam
2489 4066 2590 4103 uott
2620 4051 2821 4102 faciunt
2849 4050 3136 4113 diversam,
3156 4065 3327 4118 neque
3354 4053 3512 4120 quasi

1932 4147 1995 4201 ad
2032 4156 2208 4198 mutua
2243 4144 2460 4197 dissidia
2495 4143 2753 4196 inducunt
2783 4159 2796 4194 :
2827 4143 2919 4195 sed
2952 4143 3268 4195 iudiciorum
3295 4143 3345 4195 vi
3369 4143 3515 4198 velut

1934 4244 2103 4293 lucem
2138 4240 2425 4308 quamdam
2471 4239 2670 4293 nostris
2729 4238 2922 4291 animis
2964 4239 3291 4307 ingerentes,
3327 4239 3394 4294 ad
3425 4240 3511 4294 itt-

1935 4334 2279 4402 telligentiam
2332 4348 2493 4400 quain
2532 4346 2680 4383 mens
2731 4333 2945 4397 assequi
2993 4332 3162 4400 possit
3216 4333 3509 4386 deducunt.

1932 4426 2030 4478 llic
2061 4435 2234 4477 autem
2264 4422 2648 4490 proprietatum
2673 4420 3008 4488 oppositione
3036 4420 3101 4473 ad
3136 4420 3496 4474 substantiam

1902 4531 1904 4533 ’
1935 4516 2210 4576 translata,
2240 4516 2364 4566 hinc
2395 4511 2688 4580 impietatis
2717 4526 2902 4562 ansam
2926 4511 3120 4578 carpit,
3155 4526 3250 4563 nos
3280 4508 3509 4562 Cavilla-

1936 4613 2138 4663 tiouttm
2193 4607 2344 4675 quasi
2402 4605 2564 4657 larvis
2616 4611 2927 4670 perterrens
2976 4610 3230 4668 tanquam
3270 4615 3508 4668 pueros;

1936 4702 2075 4771 quod
2105 4702 2147 4754 si
2179 4699 2320 4752 aliud
2343 4698 2468 4766 quid
2516 4695 2674 4749 fuerit
2715 4695 2802 4748 lux
2835 4704 3026 4762 printer
3060 4693 3379 4763 ingenitum,
3412 4707 3508 4744 ne-

1998 5054 2108 5124 (51)
2139 5052 2270 5121 Reg.
2307 5050 2494 5104 tertius
2535 5047 2710 5102 κοινὸν
2732 5047 2853 5118 μέν,
2886 5048 3188 5114 εει-αιὶᾳαὶα
3217 5064 3506 5101 commune.

1995 5145 2106 5215 (39.)
2140 5142 2532 5215 'l‘rapezuntius
2562 5155 2756 5215 vocem
2777 5139 3094 5206 ἑτερότητα
3135 5140 3206 5192 ita
3253 5139 3508 5215 reddidit,

1923 5210 2332 5270 distinctionem.
2368 5211 2686 5268 Corttat‘ius,
2725 5212 3124 5262 diversitatem:
3163 5210 3299 5273 quod
3349 5213 3510 5262 abso-

1925 5305 2051 5340 num
2093 5301 2232 5346 esse,
2267 5283 2348 5334 \‘cl
2381 5297 2444 5333 ex
2483 5282 2707 5333 attrihtts
2733 5281 2864 5332 disci
2898 5291 3094 5346 potest.
3128 5278 3358 5330 Penuria
3399 5281 3505 5330 litt-

1924 5373 2040 5429 gme
2074 5355 2275 5407 Latinae
2315 5351 2461 5411 facit,
2495 5361 2551 5403 ut
2587 5367 2647 5402 ea
2685 5367 2782 5403 vox
2813 5352 3043 5417 exprimi
3074 5351 3161 5401 vix
3208 5351 3397 5417 possit.

2002 5451 2114 5515 (.35)
2154 5446 2284 5515 lteg.
2323 5444 2593 5497 secundus
2643 5445 2707 5512 τῇ
2736 5441 3013 5515 ἐναργείᾳ,
3061 5443 3337 5515 ευὶιίεηιὶαΔ
3369 5443 3510 5515 indit

1927 5511 2148 5572 ciorum.
2193 5511 2295 5568 Alii
2336 5515 2572 5582 quinque
2629 5529 2758 5564 mss.
2787 5511 2844 5565 et
2871 5511 2999 5566 editi
3033 5515 3099 5583 τῇ
3129 5511 3400 5582 ἐνεργείᾳ,
3461 5511 3507 5565 vi

1924 5604 2078 5658 atque
2108 5587 2337 5656 efﬁcacia
2372 5584 2710 5658 intimorum.
2742 5583 2927 5658 Lectio
2964 5595 3193 5652 utraque
3227 5584 3508 5658 invenitur

1926 5653 2159 5727 iu'lteg."
2181 5659 2361 5714 tertio,
2399 5653 2477 5705 sic
2513 5662 2568 5703 ut
2601 5653 2809 5727 legatur
2841 5655 3028 5727 prima
3062 5669 3221 5727 manu
3249 5655 3314 5727 τῇ
3351 5654 3504 5727 ἐνερν

1921 5731 2063 5796 γείᾳ,
2096 5722 2335 5796 secunda
2392 5736 2517 5775 vero
2566 5725 2631 5792 τῇ
2667 5722 2949 5796 ἐναργείᾳ.
2989 5722 3106 5796 Ηοο
3133 5724 3248 5790 ipso
3281 5722 3335 5776 in
3385 5723 3504 5778 loco

1920 5785 2061 5855 ediii'
2082 5792 2192 5851 οἶόν
2226 5814 2300 5852 τι.
2331 5797 2398 5849 At
2429 5806 2555 5848 mss.
2585 5785 2827 5862 plerique
2857 5785 3044 5849 omnes
3073 5785 3262 5862 ὥσπερ
3285 5808 3356 5846 τι.
