4026 6456
244 390 344 443 641

1342 386 1708 441 ADVERSUS
1747 384 2112 441 EUNOMIUM
2151 382 2279 436 LIB.
2324 380 2390 435 ll.

3374 374 3482 431 613

246 525 402 569 σωσι,
425 504 609 560 τοῦτον
641 506 733 559 καὶ
757 508 847 559 ἐπὶ
877 505 973 575 τῆς
1006 504 1098 558 τοῦ
1121 504 1411 576 ἀγεννήτου
1445 519 1804 575 προσηγοριας

1915 499 2187 554 nominum
2215 497 2549 569 signiﬁcetur
2577 508 2591 544 :
2619 508 2685 546 an
2714 491 2829 546 lizec
2850 499 2999 544 extra
3019 486 3375 544 substantiam
3402 488 3484 540 in-

243 596 770 661 καταδειξάσθωσαν.

316 854 404 909 30.
462 853 771 922 Ἐμπλήσας
800 851 856 903 δὲ
886 852 972 907 τὸν
1003 853 1113 925 (42)
1144 853 1301 919 λόγον
1340 851 1602 924 φλυαρίας
1630 855 1811 925 κενῆς,

244 946 339 999 καὶ
391 945 607 997 πάντων
642 942 775 1012 ὁμοῦ
808 942 914 997 τῶν
959 945 1175 998 πώποτε
1225 944 1352 1013 περὶ
1398 943 1493 1015 τὴν
1531 947 1624 999 τοῦ
1679 945 1813 999 Θεοῦ

242 1038 447 1105 γνῶσιν
478 1034 845 1103 ὲσχολακότων
876 1032 1261 1103 κατεπαρθεὶς,
1287 1034 1361 1097 ὡς
1384 1036 1543 1099 αὐτὸς
1559 1038 1673 1090 ὀδόν
1695 1057 1815 1093 τινα

244 1128 438 1197 καινὴν
472 1128 563 1179 καὶ
590 1128 899 1199 πρόσφατον
929 1125 1219 1197 τετμηκὼς
1260 1126 1399 1197 πρὸς
1424 1128 1513 1180 τὸν
1555 1129 1687 1182 Θεὸν
1718 1131 1814 1198 φέ-

245 1237 470 1290 ρουσαν,
507 1220 571 1292 ἢν
593 1224 766 1283 οὐδεὶς
806 1220 913 1272 τῶν
951 1218 1232 1289 προτέρων
1260 1220 1478 1290 ἐξεῦρε,
1510 1221 1815 1274 τελευταῖον

242 1312 464 1376 ἐπάγει,
506 1312 581 1377 ὡς
628 1315 756 1383 παρ’
811 1310 981 1377 αὐτῆς
1022 1308 1396 1380 δεδιδαγμένος
1426 1308 1517 1362 τοῦ
1551 1308 1684 1362 Θεοῦ
1718 1311 1817 1379 τῆς

241 1402 455 1469 οὐσίας,
490 1402 587 1473 τὴν
622 1402 762 1455 κατά
789 1398 882 1451 τοῦ
913 1399 1041 1451 Υἱοῦ
1072 1399 1434 1473 βλασφημίαν.

315 1579 475 1630 ΕΥΝ.
499 1580 619 1629 ’Ότι
651 1576 683 1645 ἡ
716 1575 811 1644 μὲν
843 1575 1095 1649 ἀνωτέρω
1135 1576 1405 1647 βασιλείας
1436 1578 1544 1646 (45)
1571 1580 1662 1631 καὶ
1694 1578 1819 1630 πάν-

240 1687 310 1741 τη
364 1670 630 1737 γενέσεως
681 1669 1048 1733 ἀνεπίδεκτος,
1098 1668 1308 1730 τούτοις
1352 1668 1679 1721 παιδεύουσα
1720 1669 1818 1739 τὴν

244 1766 366 1834 μετ’
390 1764 601 1826 εὐνοίας
644 1764 973 1836 προσιοῦσαν
1007 1765 1263 1827 διάνοιαν,
1296 1761 1532 1815 ἀπωθεῖν
1569 1762 1643 1825 ὡς
1687 1766 1819 1835 πορ-

1916 589 2214 659 telligemus
2247 589 2269 641 ?
2297 589 2685 653 Quamcunque
2726 582 2885 648 igitur
2916 581 2968 633 in
3002 591 3324 647 unoquoque
3365 575 3485 628 illo-

1918 695 2036 734 rum
2071 677 2497 747 excogitaverint
2522 674 2806 737 rationem,
2839 686 2958 726 eam
2998 684 3209 739 quoque
3240 674 3304 725 de
3338 668 3490 737 inge-

1917 768 2010 822 niti
2042 765 2393 836 appellatione
2426 762 2716 832 accipiant.

1984 857 2073 911 50.
2115 854 2404 923 Postquam
2452 864 2629 909 autem
2683 852 2986 909 orationem
3035 847 3284 901 manibus
3331 848 3484 917 nugis

1917 948 2228 1016 complevit,
2259 943 2527 1012 simulque
2555 946 2815 1001 adversus
2847 955 3053 1002 omnes,
3096 946 3357 1009 quotquot
3388 955 3487 991 IIII-

1917 1053 2076 1107 quam
2106 1037 2198 1092 Dei
2230 1035 2596 1104 cognitionem
2624 1034 2836 1103 assequi
2873 1034 3214 1093 studuerunt,
3239 1045 3356 1083 sese
3389 1044 3485 1082 ex-

1919 1130 2060 1193 tulit,
2092 1130 2245 1199 quasi
2285 1130 2398 1197 ipse
2421 1142 2611 1183 novam
2634 1126 2920 1196 quamdam
2952 1141 3013 1180 ac
3049 1133 3319 1179 recentem
3344 1122 3489 1178 viam

1919 1224 1983 1274 ad
2025 1223 2189 1276 Deum
2233 1221 2512 1273 ducentem
2542 1216 2842 1281 Stravisset,
2871 1231 3030 1286 quam
3056 1230 3213 1271 nemo
3250 1229 3280 1267 e
3318 1214 3489 1284 majo-

1919 1311 2067 1364 ribus
2104 1311 2389 1373 invenerit,
2428 1320 2537 1362 tum
2576 1309 2821 1373 demum,
2861 1317 3116 1377 tanquam
3151 1310 3217 1363 ah
3250 1308 3362 1380 ipsa
3394 1309 3486 1363 Dei

1918 1400 2216 1453 substantia
2247 1402 2362 1456 edot
2385 1410 2489 1466 tus,
2532 1398 2671 1453 hanc
2706 1399 2759 1452 in
2786 1400 2976 1454 Filium
3011 1400 3214 1455 inducit
3238 1400 3490 1472 blaSphe-

1922 1491 2081 1544 miam
2108 1508 2119 1543 :

1992 1582 2124 1638 Eun.
2152 1582 2461 1638 Substantia
2511 1584 2726 1654 quidem
2758 1597 2875 1651 quae
2906 1599 3069 1654 regno
3097 1586 3343 1655 superior
3380 1594 3484 1652 est,

1920 1689 2145 1745 quaeque
2174 1673 2370 1728 nullam
2403 1678 2806 1745 generationem
2828 1676 3086 1741 admittit,
3118 1678 3201 1731 his
3233 1678 3487 1731 erudiens

1925 1779 2157 1820 mentem
2189 1767 2448 1821 benevole
2470 1769 2847 1835 accedentem,
2879 1783 2999 1823 eam
3029 1770 3486 1837 comparationem

243 1858 471 1927 ρωτάτω
500 1858 921 1929 παρακελεύεται
944 1858 1090 1926 νόμῳ
1124 1855 1335 1925 φύσεως
1348 1853 1445 1926 τὴν
1477 1854 1610 1927 πρὸς
1638 1855 1804 1924 ’ἑτεροη

1926 1878 2044 1932 quae
2071 1876 2189 1916 cum
2222 1861 2324 1916 alio
2359 1862 2436 1926 tit,
2470 1862 2584 1935 lege
2628 1874 2831 1921 natura:
2868 1881 3029 1937 quam
3062 1864 3373 1936 longissime
3400 1880 3483 1920 re-

243 1942 531 2015 σύγκρισιν
558 1946 690 2017 (Μ).

313 2033 462 2089 ΒΑΣ.
504 2033 651 2107 *Αρα
707 2036 827 2103 οὐχὶ
886 2035 1069 2103 σαφῶς
1116 2036 1469 2099 ἐνδείκνυται,
1517 2036 1598 2087 ὅτι
1655 2035 1815 2096 αὐτὸς

241 2125 450 2197 ἠξιώθη
496 2128 593 2197 τῆς
622 2127 729 2179 τῶν
764 2128 1089 2198 ἀπορρήτων
1118 2126 1534 2195 ἀποκαλύψεως,
1584 2130 1697 2197 μετ’
1724 2128 1813 2178 εὐ-

239 2221 391 2283 νοίας
436 2219 530 2290 τὴν
579 2219 813 2275 διάνοιαν
848 2219 1211 2293 προσαγαγὼν
1244 2219 1319 2290 τῷ
1354 2219 1504 2289 Θεῷ;
1560 2221 1670 2273 Καὶ
1728 2220 1813 2272 διά

239 2312 400 2366 τοῦτο
439 2313 737 2367 ἀπωθεῖται
789 2315 864 2377 ὡς
894 2314 1229 2387 πορρωτάτω
1269 2313 1357 2366 τὸν
1392 2312 1669 2383 Μονογενῆ
1718 2314 1814 2382 τῆς

238 2407 335 2457 τοῦ
367 2408 579 2476 Πατρὸς
631 2408 934 2468 κοινωνίας,
991 2406 1122 2475 μηδὲ
1175 2406 1254 2468 είς
1316 2404 1600 2476 σύγκρισιν
1653 2404 1812 2458 αὐτὸν

238 2496 409 2559 ἀξιῶν
447 2497 555 2568 (45)
592 2495 1017 2566 παραδέχεσθαι·
1052 2496 1186 2547 ἀλλὰ
1206 2496 1297 2546 καὶ
1319 2496 1465 2566 νόμῳ
1484 2496 1694 2563 φύσεως
1715 2497 1811 2569 τὴν

238 2588 336 2641 τοῦ
367 2588 705 2658 Μονογενοῦς
736 2590 921 2643 οὐσίαν
955 2587 1062 2641 ἀπὸ
1094 2588 1192 2659 τῆς
1238 2586 1332 2639 τοῦ
1380 2589 1589 2658 [ἰατρὸς
1632 2590 1813 2660 διωρί-

242 2682 370 2736 σθαι
416 2683 565 2754 φησί.
612 2683 675 2735 Τί
717 2683 875 2735 τοῦτο
916 2681 1120 2749 λέγων;
1151 2681 1273 2733 Ὅτι
1312 2683 1340 2732 ὁ
1374 2680 1505 2743 Θεὸς
1542 2679 1648 2732 τῶν
1677 2681 1812 2733 ὅλων

236 2775 364 2827 οὐδὲ
387 2775 703 2846 βουλόμενος
741 2777 963 2829 ἐδύνατο
994 2776 1129 2845 πρὸς
1157 2773 1254 2844 τὴν
1282 2774 1381 2844 τῆς
1409 2774 1591 2837 οὐσίας
1616 2775 1811 2827 οἰκειό-

238 2884 381 2936 τητα
414 2868 503 2919 τὸν
560 2869 840 2936 Μονογενῆ
892 2866 1340 2937 παραδέξασθαι,
1400 2869 1548 2937 νόμῳ
1600 2866 1813 2934 φύσεως

238 2956 343 3024 τῆς
368 2955 656 3023 συναφείας
679 2957 778 3026 τῆς
810 2957 946 3026 πρὸς
975 2957 1136 3009 αὐτὸν
1166 2958 1558 3028 ἐξειργόμενος,
1593 2958 1692 3009 οὐκ
1715 2956 1808 3024 ὢν,

237 3049 317 3110 ὡς
374 3048 568 3111 ἔοικεν,
632 3049 791 3111 αὐτὸς
840 3049 1033 3102 ἑαυτοῦ
1080 3049 1303 3122 κύριος,
1371 3049 1507 3103 ἀλλά
1556 3052 1665 3114 τοῖς
1714 3054 1811 3122 τῆς

1918 1954 2126 2025 pellere
2145 1954 2311 2022 jubet.

1987 2046 2146 2119 267
2177 2045 2300 2099 Bas.
2321 2046 2509 2101 Annon
2540 2046 2713 2116 palam
2732 2048 2985 2110 ostendit,
3012 2050 3228 2118 dignum
3254 2065 3311 2104 se
3332 2049 3485 2103 habi.

1920 2146 2028 2190 tum
2055 2138 2221 2193 fuisse
2245 2152 2567 2191 arcanorum
2588 2138 2938 2203 revelatione,
2969 2140 3125 2193 simul
3153 2151 3209 2195 ut
3232 2141 3487 2195 benevole

1918 2227 2027 2281 Deo
2057 2240 2289 2283 mentem
2318 2229 2565 2297 adjunxit
2585 2229 2607 2281 ?
2628 2230 2707 2284 0b
2726 2228 2884 2299 idque
2902 2230 3239 2302 Unigenitum
3257 2247 3284 2285 a
3309 2230 3486 2287 Patris

1915 2322 2287 2373 coinmnnione
2303 2322 2511 2387 repellit
2525 2337 2681 2392 quam
2700 2322 3031 2391 longissime,
3050 2339 3169 2379 cum
3183 2340 3249 2381 ne
3266 2324 3484 2395 dignum

1915 2408 2128 2478 quidem
2144 2425 2263 2463 eum
2278 2412 2568 2479 existimet,
2584 2416 2673 2483 qui
2689 2414 2753 2468 ad
2768 2415 3216 2485 comparationem
3232 2417 3485 2471 admitta-

1917 2512 2033 2567 tur;
2073 2503 2162 2555 sed
2196 2502 2313 2569 lege
2339 2503 2502 2556 etiam
2521 2512 2745 2570 natura),
2765 2506 3119 2559 subS'antiam
3154 2507 3421 2577 Unigeniti
3451 2524 3483 2562 a

1914 2595 2208 2649 substantia
2229 2593 2404 2648 Patris
2419 2605 2716 2664 separatam
2740 2610 2856 2650 esse
2874 2596 3035 2650 dicat.
3075 2595 3212 2663 Quid
3240 2597 3343 2651 sibi
3373 2598 3485 2651 vult

1916 2688 2037 2739 dum
2075 2689 2177 2741 hoc
2211 2686 2341 2741 dicit
2368 2686 2389 2739 ?
2418 2686 2570 2752 Quod
2617 2687 2755 2740 Dens
2803 2687 3200 2752 universorum,
3224 2703 3291 2743 ne
3317 2688 3361 2741 si
3391 2704 3485 2742 vo-

1916 2776 2101 2830 luisset
2124 2778 2361 2845 quidem,
2399 2776 2662 2845 pomisset
2691 2774 3035 2847 Unigenitum
3060 2777 3125 2832 ad
3162 2779 3483 2833 substantia:

1915 2868 2365 2923 necessitudinem
2420 2868 2727 2934 admittere,
2772 2884 2894 2924 eum
2943 2869 3047 2924 sibi
3104 2875 3218 2939 lege
3277 2881 3482 2925 naturae

1914 2958 2216 3028 prohibitus
2247 2959 2547 3025 admittere,
2582 2976 2727 3023 cum,
2763 2969 2821 3014 ut
2866 2962 2914 3015 ei
2946 2962 3175 3028 videtur,
3209 2964 3291 3017 sui
3317 2964 3484 3030 ipsius

1914 3066 2018 3105 non
2064 3060 2209 3105 esset
2238 3051 2504 3114 dominus,
2548 3051 2641 3105 sed
2678 3052 3015 3108 necessitatis
3058 3054 3307 3109 terminis
3351 3055 3479 3109 sub-

239 3141 489 3211 ἀνάγκης
520 3141 667 3210 ὅροις
696 3141 1097 3212 ύπεζευγμένος
1123 3142 1255 3212 (46).
1290 3142 1526 3195 Τοιαῦτα
1560 3144 1669 3214 γάρ
1698 3146 1804 3195 ἐστι

1909 3140 2103 3209 iectus.
2134 3139 2445 3213 Huiusmodi
2471 3142 2612 3195 enim
2643 3152 2787 3205 sunt,
2808 3156 2927 3211 quae
2957 3151 3162 3197 natura:
3190 3142 3305 3213 lege
3330 3158 3481 3199 com-

238 3232 311 3284 τὰ.
335 3232 414 3302 τῷ
442 3233 543 3303 τῆς
572 3234 782 3301 φύσεως
811 3236 959 3303 νόμῳ
982 3234 1413 3305 κατειλημμένα,
1439 3234 1804 3304 ἀπροαιρέτως

1914 3232 2204 3301 prehensa,
2250 3232 2386 3286 citra
2421 3233 2748 3288 voluntatem
2787 3234 2852 3287 ad
2887 3234 2938 3289 id
2981 3236 3121 3304 quod
3165 3245 3370 3288 natura:
3397 3236 3480 3289 vi-

239 3327 321 3388 εἰς
346 3326 407 3378 τὸ
429 3330 493 3397 τῇ
535 3326 691 3396 φύσει
718 3326 905 3379 δοκοῦν
931 3326 1269 3395 ὑπαγόμενα.
1320 3325 1404 3388 Ὠς
1433 3325 1541 3396 γὰρ
1575 3324 1651 3393 τῷ
1681 3325 1814 3397 πυρὶ

1912 3340 2029 3380 sum
2063 3325 2244 3391 fuerit,
2268 3329 2651 3397 perducuntur.
2676 3326 3135 3393 Quemadmodum
3167 3327 3310 3381 enim
3343 3328 3480 3398 ignis

240 3418 402 3485 φύσει
435 3420 493 3471 τὸ
526 3420 855 3489 θερμαίνειν,
906 3419 966 3471 οὐ
1004 3417 1342 3488 προαιρέσει,
1377 3418 1469 3470 καὶ
1501 3418 1804 3485 ἀναγκαίως

1912 3432 2102 3475 natura
2134 3435 2239 3473 non
2281 3419 2554 3477 voluntate
2596 3418 2875 3482 calefacit,
2907 3428 2960 3472 et
2997 3422 3299 3474 necessario
3328 3419 3480 3489 frigi-

237 3510 587 3564 ἀνεπίδεκτόν
618 3514 731 3564 ἐστι
760 3512 857 3581 τῆς
908 3510 1265 3581 ψυχρότητος,
1320 3509 1396 3581 τῷ
1446 3510 1543 3580 τῆς
1599 3510 1804 3580 φύσεως

1911 3513 2134 3568 ditatem
2180 3512 2412 3581 respuit,
2447 3513 2563 3581 lege
2604 3523 2810 3565 natura;
2855 3506 3109 3566 secietate
3151 3511 3265 3581 ejus
3298 3511 3481 3581 priva-

238 3602 391 3670 νόμῳ
405 3602 501 3671 τὴν
532 3602 665 3671 πρὸς
681 3604 812 3655 αὐτὸ
834 3603 942 3671 (47)
968 3602 1252 3655 κοινωνίαν
1279 3602 1649 3673 ἀφῃρημένον·
1675 3602 1804 3656 οὖτα

1909 3616 2033 3659 tus:
2062 3604 2139 3658 sic
2182 3604 2295 3657 vult
2347 3604 2509 3657 Deum
2550 3610 2603 3656 et
2640 3602 2851 3658 Patrem
2882 3602 2997 3673 lege
3046 3613 3251 3657 naturae
3282 3604 3481 3659 habere

241 3692 490 3764 βούλεται
548 3695 641 3745 καὶ
690 3695 779 3747 τὸν
817 3693 948 3746 Θεὸν
999 3698 1095 3745 καὶ
1129 3694 1349 3764 Πατέρα
1405 3695 1552 3764 νόμῳ
1597 3695 1811 3763 φύσεως

238 3785 675 3856 ἢλλοτριωμένην
708 3786 851 3855 ἔχειν
882 3786 1015 3856 πρὸς
1042 3785 1133 3837 τὸν
1162 3785 1287 3837 Υἱὸν
1309 3787 1406 3856 τὴν
1434 3787 1640 3840 οὐσίαν.
1673 3787 1811 3840 Καί-

309 4008 426 4081 (42)
461 4010 614 4081 Editi
659 4007 973 4081 Ἐμπλήσας
1013 4009 1105 4061 καὶ
1152 4009 1260 4061 τόν.
1294 4010 1362 4063 Αι
1394 4024 1521 4064 mss.
1569 4011 1804 4078 quinque

250 4079 568 4148 Ἐμπλήσας
596 4079 653 4132 δὲ
672 4079 784 4131 τόν.

309 4149 419 4219 (45)
454 4149 591 4201 Editi
647 4148 817 4201 Paris.
841 4148 1026 4219 Ὄτιὴ
1080 4148 1177 4218 μὲν
1231 4148 1487 4219 ἀνωτέρω

238 4217 397 4275 Unde
436 4219 751 4282 interpres:
814 4217 1022 4269 cmleste’
1049 4217 1282 4285 regnum.
1338 4217 1515 4271 Editio
1571 4217 1702 4270 Ven.
1751 4230 1805 4270 et

236 4289 390 4343 Coll).
419 4304 538 4358 cum
571 4287 690 4341 aliis
722 4288 955 4356 quinque
992 4286 1171 4353 Regiis
1201 4288 1322 4339 ’Ότι
1359 4288 1389 4355 ἡ
1422 4287 1519 4357 μὲν
1544 4287 1802 4358 ἀνωτέρω

238 4357 551 4429 βασιλείας,
581 4367 633 4429 et
669 4359 742 4411 ita
778 4357 1215 4429 quoqueulegitur
1266 4358 1315 4410 in
1356 4358 1471 4425 ipso
1492 4373 1665 4429 Aopere
1703 4357 1805 4409 Ευ-

236 4426 423 4482 nomii.
455 4428 555 4493 Qui
595 4426 743 4481 locus
774 4438 831 4478 ut
864 4426 1214 4493 intelligatur,
1248 4442 1345 4479 vox
1380 4426 1539 4479 οὐσία
1562 4429 1805 4494 supplen-

235 4500 306 4559 da
332 4506 434 4561 est,
476 4499 587 4567 hoc
633 4497 790 4551 modo
829 4512 844 4549 :
891 4494 955 4546 'H
985 4496 1080 4566 μὲν
1135 4498 1291 4549 οὐσία
1342 4497 1599 4567 ἀνωτέρω
1650 4498 1800 4567 βασι-

1536 4147 1802 4216 βασιλεία.

1917 3696 2144 3749 alienam
2169 3709 2197 3747 a
2228 3693 2364 3747 Filio
2394 3694 2767 3748 substantiam.
2798 3695 2914 3748 .lam
2940 3709 3063 3749 vero
3091 3704 3299 3749 natura:
3331 3694 3479 3762 leges

1920 3804 2023 3843 non
2057 3799 2294 3841 mutuam
2325 3788 2462 3840 inter
2494 3785 2706 3841 Patrem
2734 3797 2787 3841 et
2810 3785 2999 3840 Filium
3023 3787 3361 3851 distantiam,
3383 3785 3477 3841 sed

1900 4008 2404 4079 gabatEnnomius.
2428 4006 2526 4058 Alii
2565 4021 2657 4059 sex
2684 4005 2802 4060 libri
2828 4014 3036 4079 veteres
3067 4004 3350 4079 emendate
3375 4003 3473 4076 τὴν

1900 4076 2035 4148 πρὸς
2056 4078 2239 4149 ἕτερον
2270 4076 2575 4149 σύγκρισιν,
2607 4077 3046 4149 comparationem
3077 4091 3192 4128 cum
3246 4076 3389 4149 alio;
3417 4087 3472 4130 et

1904 4146 1975 4200 ita
2009 4146 2225 4215 quoque
2264 4148 2436 4199 edidit
2484 4148 2642 4199 homo
2701 4146 2946 4199 doctrina
2989 4146 3466 4212 praestantissimus

1900 4215 1983 4272 Jo.
2004 4214 2257 4271 Albertus
2290 4214 2592 4269 Fabricius.

1976 4287 2087 4356 (45)
2125 4287 2190 4339 Et
2219 4287 2306 4356 hic
2362 4299 2594 4356 quoque
2626 4284 2755 4356 Reg.
2784 4284 3026 4356 quintus
3055 4294 3111 4338 et
3144 4285 3283 4356 _editi
3342 4300 3468 4339 cor—

1902 4353 2212 4426 τιιριθμηδὲ
2237 4354 2523 4425 σύγκρισιν
2540 4353 2722 4407 αὐτῶν
2740 4354 2924 4426 ἀξιῶν.
2954 4355 3107 4409 Unde
3131 4353 3422 4426 Carnarius
3451 4370 3469 4409 :

1902 4424 2063 4495 neque
2084 4424 2531 4493 comparationem
2571 4426 2803 4494 ipsorum
2836 4425 3111 4495 admittere
3140 4425 3334 4477 volens.
3363 4424 3471 4481 Sed

1904 4494 2237 4565 in'reliquis
2284 4511 2376 4547 sex
2432 4511 2559 4565 mss.
2616 4496 2900 4549 emendate
2962 4494 3153 4561 legitur
3209 4495 3343 4564 μηδὲ
3390 4498 3473 4560 εἰς

234 4556 430 4632 λείας(
463 4564 769 4620 Substantia
817 4580 933 4635 qua:
969 4556 1137 4638 regno
1167 4568 1405 4636 superior
1437 4556 1669 4638 estiihoc
1691 4580 1793 4632 est,

1909 4556 2184 4638 σύγκρισιν
2215 4567 2375 4619 αὐτὸν
2405 4564 2588 4629 ἀξιῶν,
2621 4582 2681 4617 ηε
2740 4564 2807 4616 ad
2862 4556 3299 4632 comparationem
3353 4556 3471 4632 qui;

234 4638 529 4691 substantia
554 4652 670 4704 qua:
702 4636 1018 4689 transcendit
1050 4638 1104 4687 id
1140 4645 1358 4703 tempus,
1399 4654 1500 4700 quo
1531 4637 1665 4690 Deus
1694 4655 1792 4691 rae-

236 4709 313 4775 pit
343 4706 631 4759 dominium
660 4706 713 4758 in
743 4716 1010 4758 creaturas
1041 4704 1267 4770 habere;
1312 4723 1418 4759 unn
1452 4708 1635 4770 verbo,
1668 4712 1792 4761 sub-

235 4776 432 4829 stantia
482 4787 697 4829 wterna.
752 4775 922 4841 Quam
980 4776 1299 4842 scripturam
1340 4792 1519 4828 veram
1570 4793 1687 4832 esse
1742 4787 1795 4829 et

236 4846 577 4899 emendatam
623 4844 779 4899 facile
810 4842 1082 4907 fatebitur,
1122 4845 1212 4913 qui
1247 4845 1403 4911 paulo
1429 4848 1685 4899 attentius
1729 4846 1796 4899 Ie-

237 4916 378 4985 gerit
410 4916 493 4967 illa
523 4931 638 4982 quae
669 4924 932 4985 praeeunt1
966 4913 1144 4966 Basilii
1174 4915 1353 4985 verba,
1380 4915 1454 4976 ὡς
1481 4915 1796 4985 παράὐτῆς

235 4984 606 5053 δεδιδαγμένος
652 4984 745 5037 τοῦ
803 4982 936 5036 Θεοῦ
995 4986 1092 5052 τῆς
1141 4983 1353 5046 οὐσίας,
1398 4982 1647 5051 quasi-ab
1682 4982 1796 5053 ipsa

234 5055 337 5107 Dei
363 5057 650 5107 substantia
678 5058 910 5108 edoctus.
946 5053 1055 5107 lloc
1090 5056 1202 5120 ipso
1248 5055 1298 5107 in
1333 5056 1449 5107 loco
1504 5055 1634 5120 editi
1681 5072 1797 5123 γεν-

234 5126 463 5195 νήσεως.
504 5124 721 5191 Antiqui
786 5124 903 5176 libri
942 5124 1209 5195 γενέσεως
1244 5141 1258 5177 :
1298 5124 1448 5195 quod
1490 5136 1796 5195 utrumque

236 5194 341 5247 diei
383 5208 537 5263 posse
584 5206 726 5263 puto,
766 5210 884 5247 cum
940 5194 1231 5249 allirmaret
1273 5194 1569 5248 Etmomius
1625 5196 1794 5249 Deum

236 5266 608 5319 universorum
645 5263 801 5316 talem
859 5278 975 5318 esse
1020 5275 1228 5331 natura,
1257 5274 1314 5319 ut
1352 5278 1449 5318 nec
1504 5264 1644 5334 gigni
1697 5280 1795 5318 nec

236 5335 457 5403 gignere
488 5344 684 5403 posset.

307 5404 420 5525 tu)
453 5404 582 5473 Reg.
617 5404 837 5473 quintus
866 5416 921 5459 et
963 5404 1089 5487 editi
1116 5404 1213 5475 τὴν
1244 5404 1516 5485 προτέραν
1562 5404 1789 5473 σύγκρι-

307 5492 341 5525 ι.
427 5486 667 5525 nlernres
720 5487 1157 5525 comparationem
1211 5491 1433 5525 nrtorem
1468 5489 1486 5525 :
1520 5490 1682 5525 uuam
1740 5485 1789 5525 et

237 5492 341 5528 σιν.
402 5477 667 5541 Interpres
720 5477 1157 5542 comparationem
1210 5478 1433 5544 priorem
1468 5489 1486 5527 :
1520 5490 1682 5542 quam
1740 5485 1792 5528 et

236 5546 627 5610 scripturamet
652 5546 1149 5611 interpretationem
1174 5560 1348 5609 nemo,
1384 5545 1597 5610 opinor,
1632 5544 1791 5598 homo

236 5614 500 5681 probabit.
536 5613 764 5678 Etenim,
826 5617 869 5667 si
921 5613 1085 5668 semel
1141 5616 1468 5684 reciperetur
1527 5613 1790 5680 ejusmodi

236 5686 520 5748 scriptura,
559 5695 650 5737 aut
698 5684 1099 5752 interpretatio,
1141 5684 1313 5751 palam
1372 5686 1495 5739 inde
1531 5697 1790 5752 sequere-

238 5762 325 5805 tur
354 5753 519 5806 Deum
551 5755 921 5807 universorum
977 5754 1160 5807 saltem
1184 5755 1530 5821 posteriorem
1554 5755 1791 5822 aliquam

235 5824 689 5893 comparationem
744 5825 1024 5878 admisisse
1055 5840 1067 5875 :
1096 5825 1237 5890 quod
1292 5837 1359 5878 ex
1394 5838 1547 5895 aequo
1594 5837 1788 5893 perne-

553 5922 817 5983 Parnoc.
868 5921 980 5983 Gn.
1031 5919 1270 5981 XXIX.

1900 4639 2015 4690 dem
2042 4655 2157 4689 eum
2186 4638 2458 4689 admittere
2490 4638 2756 4703 dignatus.

1968 4707 2078 4775 (46)
2109 4707 2249 4759 Editi
2299 4717 2354 4775 et
2398 4701 2799 4770 Regﬂquintus
2845 4701 3331 4773 ὑποζευγνύμενος.
3360 4705 3468 4759 Alii

1896 4792 1986 4831 sex
2025 4792 2151 4829 mss.
2184 4774 2614 4843 ὑπεζευγμένος.

1969 4845 2082 4914 (47)
2110 4846 2291 4899 Codex
2318 4844 2472 4899 Colb.
2496 4853 2550 4898 et
2580 4847 2706 4913 Heg.
2736 4844 3005 4897 secundus
3040 4844 3263 4911 perinde
3305 4854 3469 4911 atque

1897 4913 2025 4969 editi
2054 4914 2151 4984 τὴν
2173 4915 2308 4985 πρὸς
2332 4913 2479 4975 αὐτό,
2508 4924 2560 4985 et
2578 4914 2655 4985 ita
2706 4929 2947 4985 quoque,
2968 4914 3152 4968 habuit
3194 4916 3323 4983 Reg.
3361 4924 3471 4968 tero

1900 4986 2005 5056 tius
2046 4984 2225 5056 prima
2260 5000 2442 5056 manu.
2484 4984 2586 5036 Alii
2624 4998 2733 5037 tres
2762 5000 2889 5037 mss.
2923 4984 3075 5054 Regii
3108 4985 3245 5055 πρὸς
3276 4985 3468 5056 αὐτὴν,

1896 5055 2215 5125 ψυχρότητα
2251 5055 2523 5108 videlicet.
2561 5056 2712 5119 Quod
2738 5057 2995 5123 optimum
3024 5071 3145 5109 esse
3184 5056 3373 5117 fateor,
3403 5055 3471 5110 'si

1900 5141 1985 5178 res
2023 5141 2089 5178 ex
2143 5125 2621 5191 grammaticorum
2658 5126 2855 5193 regulis
2881 5126 3202 5186 aestimetur,
3249 5141 3368 5178 cum
3402 5127 3470 5177 de

1898 5195 2192 5263 frigitlitate
2244 5210 2546 5250 sermonem
2593 5195 2776 5249 haberi
2826 5204 3058 5248 conStet.
3114 5195 3239 5249 Mihi
3291 5206 3467 5247 tamen

1897 5266 2117 5319 dubium
2176 5281 2280 5319 non
2318 5273 2421 5324 est.
2448 5266 2573 5333 quin
2608 5265 2836 5318 Basilius
2890 5266 3173 5331 scripserit
3206 5264 3357 5325 αὐτὸ,
3412 5275 3471 5316 ιιι

1898 5336 2095 5388 vitaret
2123 5335 2551 5403 ambiguitatem,
2590 5351 2655 5387 ne
2680 5334 2929 5388 videlicet
2952 5339 3069 5389 dua:
3093 5337 3172 5391 ba:
3193 5350 3353 5390 voces
3373 5334 3473 5387 αὐ-

1897 5404 1993 5474 τὴν
2030 5405 2311 5458 κοινωνίαν
2343 5420 2371 5456 a
2404 5405 2782 5476 prtepositione
2813 5404 2949 5472 πρός
2988 5408 3099 5476 regi
3130 5408 3467 5467 viderentur,

1897 5473 2013 5526 cum
2044 5476 2155 5542 ipsa
2177 5477 2443 5529 societate.
2484 5476 2561 5527 lta
2596 5473 2769 5527 tamen
2824 5475 2965 5528 hunc
2989 5473 3162 5529 locum
3200 5476 3470 5541 interpre-

1901 5544 2001 5596 tari
2033 5546 2301 5615 convenit,
2339 5555 2396 5596 ut
2451 5544 2763 5612 suppleatur
2810 5546 3043 5615 πρᾶγμα
3064 5545 3165 5615 τῆς
3194 5544 3472 5614 ψυχρότη-

1898 5630 2007 5677 τος.
2037 5612 2150 5669 Non
2180 5616 2338 5669 habet
2372 5615 2692 5684 societatem
2745 5612 2863 5667 cuni
2901 5612 3323 5684 re’frigiditatis,
3367 5612 3471 5666 huc

1898 5696 2000 5753 est,
2033 5699 2154 5739 cum
2180 5684 2494 5753 l'rigiditate.
2529 5682 2620 5736 Sic
2652 5685 2932 5750 Phaedrus,
2960 5682 3085 5739 cuni
3134 5687 3316 5739 cibum
3344 5684 3472 5738 sim-

1898 5752 2110 5875 pliciter
2168 5752 2472 5825 signiﬁcare
2522 5753 2711 5820 vellet,
2757 5755 3034 5825 eleganter
3078 5757 3338 5825 scripsit,
3390 5770 3470 5805 res

1898 5840 1941 5875 Cl
1984 5840 2023 5875 ι.

1898 5840 2023 5878 εισι.

3003 5922 3075 5979 ‘21
