4026 6452
568 346 673 399 645

1904 342 1960 396 S.
2005 342 2248 397 BASiLli
2282 343 2494 398 MAGNI

3701 363 3808 418 6H

567 455 925 511 necessariam
966 461 1020 506 et
1065 451 1352 506 infractam
1392 455 1828 510 communitatem
1872 455 2119 513 elIiciunt.

2235 475 2383 526 τοιγε
2421 462 2469 513 oi
2492 461 2591 532 τῆς
2621 462 2831 532 φύσεως
2859 466 3015 538 νόμοι
3040 470 3160 542 ούχὶ
3204 470 3481 526 διάστασιν
3516 473 3613 526 ἀπ’
3647 476 3813 551 ditia..-

567 547 781 604 Etenim
813 545 859 601 si
906 545 1110 601 diceret
1137 545 1302 599 Deum
1351 548 1722 602 universorum
1760 546 2034 601 voluntate
2063 549 2136 602 ef-

564 637 777 700 fecisse,
810 643 872 689 ut
902 634 1046 688 nulla
1073 647 1256 688 secum
1290 647 1433 691 esset
1459 635 1882 700 communio;ne
1911 637 1990 692 sic
2014 640 2133 705 qui-

564 731 685 783 dem
716 727 972 782 bonitatis
995 726 1189 781 divina:
1220 728 1355 782 ratio
1373 726 1727 794 permitteret,
1745 737 1799 780 ut
1821 727 1922 782 (ide
1939 728 2132 797 dignus

562 820 854 873 haberetur
874 818 919 871 is
949 815 1041 885 qui
1073 818 1149 872 ait
1187 817 1398 870 Patrem
1429 829 1490 868 ea
1527 830 1646 884 quae
1673 815 1774 870 sibi
1811 817 2027 882 adsunt,
2057 820 2128 884 ei,

560 909 652 982 qui
674 925 739 963 ex
757 908 874 985 ipso
897 916 1120 974 est,non
1148 906 1544 960 communicare
1569 923 1581 958 :
1606 907 1699 960 sed
1725 914 1904 961 tamen
1932 907 2133 962 inesset

560 1001 615 1055 in
649 1002 806 1056 dictis
833 997 1161 1056 consecutio.
1184 998 1250 1048 At
1277 995 1457 1049 dicere
1487 998 1601 1066 lege
1624 1006 1830 1050 naturae
1854 1011 1973 1052 esse
1994 997 2128 1053 alie-

559 1096 852 1156 nationem,
875 1107 940 1145 ne
967 1090 1083 1158 ejus
1113 1087 1327 1158 quidem
1351 1098 1454 1152 est,
1474 1089 1563 1156 qui
1591 1102 1767 1144 rerum
1794 1088 2128 1143 sensibilium

561 1199 805 1242 naturam
845 1182 1218 1244 considerarit,
1244 1195 1340 1248 per
1393 1197 1554 1252 quam
1591 1195 1694 1236 non
1733 1180 1930 1245 aliena,
1955 1195 2128 1249 neque

558 1277 855 1342 contraria,
900 1276 992 1332 sed
1039 1275 1218 1344 potius
1264 1273 1548 1341 conjuncta
1596 1283 1649 1328 et
1693 1281 1916 1342 cognata
1951 1287 1980 1327 a
2015 1277 2127 1329 sin—

560 1372 695 1443 gulis
723 1371 867 1443 gigni
900 1370 1091 1424 solent.

630 1642 717 1696 3i.
755 1641 960 1694 Rursus
1008 1636 1168 1706 igitur
1220 1635 1308 1688 hic
1354 1646 1567 1702 quoque
1613 1645 1800 1687 eorum
1831 1646 1952 1701 qua:
1995 1648 2025 1687 a
2064 1646 2122 1686 se

559 1733 699 1788 dicta
721 1738 844 1786 sunt
867 1727 1269 1798 repugnantiam
1291 1731 1530 1777 mutuam
1559 1735 1661 1776 non
1681 1720 1964 1778 intellexit.
1985 1719 2119 1775 Nam

2240 549 2346 601 λων
2382 549 2494 621 Υἱῷ
2515 553 2650 624 πρὸς
2674 553 2914 624 Πατέρα,
2944 557 3058 611 ἀλλ’
3085 561 3386 630 ἀναγκαίαν
3414 564 3508 616 καὶ
3532 549 3810 636 ἄρρηκτον

2239 640 2335 710 τὴν
2384 645 2663 697 κοινωνίαν
2691 645 2934 699 ποιοῦσιν
2963 648 3095 719 (48).
3156 654 3217 706 Ei
3263 655 3361 725 μὲν
3391 653 3500 724 γὰρ
3552 657 3809 730 βουλήσει

2239 731 2390 798 ἔλεγε
2435 733 2496 785 τὸ
2528 736 2665 805 πρὸς
2699 736 2886 790 ἑαυτὸν
2931 739 3290 815 ἀκοινώνητον
3345 751 3810 806 κατεσκευακέναι

2238 821 2327 873 τὸν
2356 821 2486 874 Θεὸν
2507 825 2614 877 τῶν
2647 828 2802 892 ὅλων,
2841 828 2947 881 οὐδ’
2971 828 3113 883 οὕτω
3143 835 3241 903 μὲν
3267 838 3332 890 ἂν
3356 840 3384 890 ὁ
3409 839 3506 910 τῆς
3544 841 3812 911 ἀγαθά-τη-

2235 929 2326 974 τος
2346 912 2439 966 τοῦ
2468 913 2600 966 Θεοῦ
2634 921 2929 991 συνεχώρει
2955 920 3110 989 λόγος
3152 925 3377 981 πιθανὸν
3417 928 3556 985 εἶναι
3604 932 3696 984 τὸν
3723 931 3812 983 λέκ

2235 1020 2396 1072 γοντα
2441 1004 2800 1077 ἀκοινώνητον
2821 1006 2959 1065 εἶναι
2994 1012 3082 1066 τὸν
3112 1014 3334 1085 Πατέρα
3360 1021 3465 1072 τῶν
3487 1023 3638 1093 αύτῷ
3669 1039 3811 1094 παρο

2233 1095 2400 1147 όντων
2455 1097 2590 1168 πρὸς
2621 1098 2713 1150 τὸν
2753 1099 2810 1164 ἐξ
2844 1103 3009 1156 αὐτοῦ
3029 1122 3044 1136 ο
3073 1101 3184 1176 εἶχε
3216 1105 3262 1158 δ’
3293 1106 3359 1160 ἂν
3390 1110 3538 1178 ὅμως
3583 1116 3811 1168 ἀκολουσ

2235 1187 2353 1240 θίαν
2375 1186 2444 1239 τά
2478 1188 2757 1258 εἰρημένα.
2792 1191 2959 1263 Νόμῳ
2980 1195 3036 1247 δὲ
3065 1197 3277 1266 φύσεως
3317 1197 3495 1265 λέγειν
3540 1205 3809 1276 ὑπάρχειν

2232 1281 2327 1351 τὴν
2356 1281 2729 1353 ἀλλοτρίωσιν,
2757 1284 2875 1337 οὐδὲ
2896 1286 2995 1356 τὴν
3034 1291 3091 1342 ὲν
3134 1296 3246 1356 τοῖς
3276 1293 3550 1364 αἰσθητοῖς
3575 1299 3692 1351 ζεστι
3711 1300 3808 1368 φύ-

2233 1393 2314 1428 σιν
2342 1377 2766 1446 ὲπεσκεμμένουο
2805 1378 2922 1430 καθ’
2954 1380 3019 1450 ἢν
3045 1384 3165 1454 οὐχὶ
3197 1384 3266 1438 τὰ
3287 1379 3560 1454 ἀλλότρια,
3590 1387 3715 1440 οὐδὲ
3744 1391 3808 1443 τὰ

2230 1464 2481 1529 ἐναντία,
2535 1468 2604 1519 τὰ
2639 1469 2814 1522 οἰκεῖα
2861 1468 2917 1520 δὲ
2966 1469 3166 1539 μᾶλλον
3213 1477 3307 1528 καὶ
3350 1475 3422 1529 τά
3459 1477 3808 1546 προσήκοντα

2229 1555 2629 1623 ἀπογεννᾶσθαι
2665 1561 2906 1628 πέφυκεν
2940 1560 3028 1629 ὑφ’
3052 1564 3301 1620 ἑκάστου.

2295 1647 2381 1700 5i.
2424 1648 2593 1702 Πάλιν
2622 1647 2712 1704 οὖν
2764 1653 2854 1705 καὶ
2891 1652 3126 1708 ἐνταῦθα
3163 1657 3222 1708 ού
3271 1659 3471 1712 συνεῖδε
3524 1658 3626 1730 τὴν
3667 1659 3806 1731 πρὸς

2227 1738 2392 1792 ἑαυτά
2413 1739 2520 1794 τῶν
2572 1742 2874 1812 εἰρημένων
2910 1745 3275 1817 ἐναντιότητα.
3295 1748 3382 1799 Ἐν
3411 1750 3519 1820 γὰρ
3538 1753 3651 1811 τοῖς
3674 1766 3782 1802 κατ

558 1828 612 1881 iu
639 1820 1067 1894 praecedentibus
1094 1831 1216 1871 cum
1251 1813 1476 1870 moleste
1504 1812 1675 1868 ferret
1713 1827 1806 1868 eos
1856 1814 1947 1884 qui
1984 1811 2115 1868 Uni-

2223 1828 2345 1884 όπιν
2362 1811 2709 1900 ἀγανακτῶν,
2728 1834 2863 1902 πρὸς
2884 1835 3014 1898 τοὺς
3035 1811 3218 1908 ὅμοιον
3245 1837 3362 1892 κατ’
3383 1811 3569 1894 ούσίαν
3585 1841 3676 1894 τὸν
3701 1842 3806 1896 Μο-

559 1917 797 1987 genitum
832 1913 1017 1968 dicunt
1050 1907 1198 1961 Patri
1229 1907 1460 1962 similem
1512 1904 1807 1961 secundum
1861 1904 2115 1960 substan-

558 2012 708 2072 tiam,
733 2007 812 2062 sic
842 2003 1061 2073 scripsit
1088 2020 1100 2055 :

627 2102 760 2156 Eun.
781 2098 1043 2154 Videntur
1072 2103 1252 2150 autem
1278 2091 1407 2146 mihi
1427 2091 1646 2146 omnino
1667 2089 1719 2142 hi
1751 2087 1838 2156 qui
1870 2085 2117 2140 substan-

558 2200 690 2251 tiam
725 2192 850 2247 nulli
886 2187 1123 2244 dominio
1165 2184 1452 2244 subditam,
1486 2190 1539 2233 et
1559 2179 1702 2233 omni
1743 2192 1903 2231 causa
1953 2192 2116 2248 supe-

560 2289 777 2346 riorem,
805 2291 859 2336 et
883 2281 948 2333 ab
971 2276 1221 2332 omnibus
1241 2273 1446 2342 legibus
1468 2271 1690 2324 liberam
1710 2285 1829 2324 cum
1864 2268 2118 2324 substan-

560 2381 631 2433 tia
686 2390 804 2447 qua:
871 2371 1048 2442 genita
1097 2375 1181 2422 est
1229 2381 1291 2419 ac
1349 2363 1590 2434 paternis
1645 2361 1851 2432 legibus
1905 2363 2113 2425 servit,

558 2479 874 2537 comparare
897 2460 1012 2517 ausi
1048 2468 1195 2525 sunt,
1233 2465 1325 2511 aut
1365 2455 1509 2510 nullo
1543 2453 1700 2508 modo
1741 2467 1919 2507 rerum
1956 2462 2103 2506 natu-

558 2527 1102 2618 considerasse,
1131 2555 1222 2600 aut
1246 2561 1349 2599 non
1373 2560 1505 2614 pura
1537 2551 1715 2598 mente
1755 2542 1820 2596 de
1864 2541 1946 2595 his
1974 2541 2116 2610 judi-

557 2654 697 2706 cium
734 2650 946 2702 fecisse.

626 2742 749 2794 BAS.
788 2734 1067 2804 Quomodo
1086 2733 1248 2802 igitur
1278 2727 1405 2781 nulli
1431 2727 1672 2780 dominio
1694 2726 1934 2786 subdita,
1965 2733 2020 2779 et
2044 2723 2113 2777 ab

552 2834 802 2892 omnibus
837 2828 1046 2899 legibus
1093 2824 1259 2878 libera
1309 2817 1646 2881 substantia,
1696 2830 1837 2869 nunc
1875 2815 1991 2868 visa
2032 2822 2114 2869 est

555 2945 662 2984 non
702 2941 768 2980 et
818 2921 988 2977 libero
1023 2915 1248 2973 arbitrio
1288 2912 1338 2966 id
1369 2909 1590 2974 habere,
1615 2914 1676 2960 ut
1723 2904 1853 2959 nulli
1886 2919 2110 2973 compa-

554 3030 725 3081 retur,
757 3013 851 3069 sed
878 3018 1089 3066 natura:
1117 3005 1236 3075 lege
1262 2997 1568 3072 prepediri,
1622 3004 1784 3064 atque
1813 2993 2054 3065 genitum
2081 3006 2110 3045 a

556 3104 938 3164 communione
972 3099 1056 3154 sui
1086 3093 1444 3150 involuntarie
1496 3087 1774 3158 repellere,
1806 3086 1884 3141 sic
1935 3091 1996 3139 ut
2040 3085 2108 3138 ob

561 3157 813 3261 ito-cuipsi
859 3201 1076 3257 quoque
1110 3181 1395 3251 Unigenito
1450 3157 1727 3231 inaccessa
1771 3174 1880 3227 sit?
1927 3173 2112 3241 Itaque
2139 3157 2180 3215 C

552 3287 837 3340 verborum
859 3278 1000 3332 illius
1029 3269 1381 3343 repugnantia
1405 3266 1510 3322 huc
1544 3280 1711 3334 usque
1744 3263 2109 3333 progreditur;

553 3390 607 3431 at
662 3381 860 3443 quanta
929 3378 1011 3424 est
1059 3361 1349 3433 impietas?
1401 3357 1644 3413 Dominio
1703 3354 1920 3425 quidem
1982 3352 2138 3427 nulli.

561 3466 922 3532 mancipatam
967 3456 1322 3514 substantiam
1351 3450 1517 3522 268
1546 3448 1722 3503 Patris
1761 3445 2114 3515 eamdemque

558 3557 784 3610 liberam
820 3550 948 3606 dicit
984 3547 1050 3619 (si
1082 3557 1258 3600 tamen
1296 3542 1532 3596 dominio
1577 3536 1708 3592 nulli
1757 3535 2000 3604 subjecta
2032 3544 2116 3588 est

557 3641 866 3702 substantia
904 3653 989 3704 ea,
1027 3651 1145 3707 qua:
1183 3634 1284 3703 legi
1318 3641 1525 3687 naturae
1555 3626 1899 3698 subjicitur):
1939 3628 2115 3680 servi-

557 3740 661 3794 lem
684 3750 813 3792 vero
838 3749 869 3788 e
892 3727 1163 3784 contrario
1193 3722 1510 3793 pronuntiat
1554 3719 1832 3788 Uuigeniti
1863 3719 2116 3772 substan-

559 3834 710 3894 tiam,
747 3828 872 3881 hinc
896 3821 1057 3876 etiam
1095 3825 1305 3872 naturae
1339 3811 1529 3866 tollens
1565 3808 1948 3877 aaqualitatem.
1978 3807 2110 3859 Nam

556 3938 676 3976 cum
714 3920 832 3971 duae
856 3929 942 3969 res
970 3913 1099 3976 sint,
1118 3916 1366 3964 creatura
1389 3912 1444 3957 et
1465 3901 1670 3965 deitas;
1705 3913 1934 3966 cumque
1963 3912 2116 3951 crea-

557 4024 676 4068 tura
712 4009 930 4078 quidem
965 4005 1019 4058 in
1045 4001 1305 4056 servitute
1336 4011 1397 4051 ac
1413 3992 1717 4050 obedientia
1750 3990 1997 4045 ordinata
2018 3988 2109 4052 sit,

554 4102 730 4156 deitas
762 4111 890 4151 vero
944 4095 1000 4148 in
1044 4091 1353 4160 principatu
1388 4097 1550 4156 atque
1583 4082 1987 4138 dominatione:
2021 4080 2112 4150 qui

556 4191 870 4261 dignitatem
924 4181 1063 4237 tollit
1107 4178 1359 4240 dominii,
1394 4187 1450 4231 et
1498 4175 1690 4229 Filium
1736 4175 1802 4227 ad
1845 4172 2118 4229 servitutis

558 4279 918 4336 humilitatem
947 4270 1149 4341 dejicit,
1173 4280 1350 4322 nonne
1380 4265 1666 4318 manifesto
1696 4265 2118 4333 deprehenditur

555 4391 677 4428 eum
702 4386 797 4441 per
820 4370 872 4424 id
910 4379 1121 4437 quoque
1153 4363 1218 4417 ad
1260 4359 1507 4415 eumdem
1550 4359 1794 4412 ordinem
1831 4359 2075 4427 redigere
2098 4400 2114 4424 ,

2217 1923 2410 1993 νογενῆ
2437 1924 2512 1995 τίς)
2534 1925 2706 1994 Πατρὶ
2734 1924 3010 1993 λέγοντας,
3044 1927 3095 1997 ἐξ
3115 1928 3280 1999 ραψεν
3311 1928 3480 1993 οὕτως
3502 1947 3516 1960 ·

2289 2101 2446 2154 ΕΥΝ.
2485 2101 2595 2170 Τὴν
2622 2101 2791 2173 ἀρχὴν
2821 2102 2878 2154 δὲ
2922 2102 3033 2173 (49)
3067 2103 3281 2156 δοκοῦσί
3317 2120 3406 2174 μοι
3460 2105 3509 2156 oi
3551 2105 3651 2175 τὴν
3682 2106 3804 2159 ἀδέ-

2219 2207 2432 2252 σποτον,
2480 2191 2574 2242 καὶ
2621 2192 2799 2263 πάσης
2851 2193 2946 2263 μὲν
3006 2193 3184 2258 αἰτίας
3228 2195 3545 2266 κρείττονα,
3577 2196 3798 2249 πάντων

2217 2283 2272 2334 δὲ
2322 2280 2501 2350 νόμων
2538 2283 2825 2355 ἐλευθέραν
2855 2284 3038 2338 οὐσίαν
3082 2288 3147 2356 τῇ
3197 2289 3426 2358 γεννητῇ
3472 2288 3565 2340 καὶ
3614 2286 3801 2356 νόμοις

2219 2377 2502 2445 πατρικοῖς
2551 2375 2870 2450 δουλευούσῃ
2932 2381 3238 2452 συγκρίνειν
3301 2381 3707 2451 τολμήσαντες,
3763 2380 3796 2451 ἢ

2220 2464 2353 2534 μηδὲ
2391 2464 2525 2527 δλως
2563 2467 2661 2535 τὴν
2694 2467 2800 2521 τῶν
2845 2469 2979 2521 ὅλων
3034 2469 3194 2537 φύσιν
3247 2470 3616 2539 ἐπεσκέφθαι,
3647 2470 3680 2540 ἢ
3719 2468 3797 2541 μὴ

2214 2555 2425 2625 καθαρᾷ
2445 2558 2506 2625 τῇ
2528 2555 2731 2626 διανοίᾳ
2753 2557 2852 2619 τὰς
2878 2559 3004 2627 περὶ
3032 2558 3234 2610 τούτων
3261 2560 3528 2612 ποιεῖσθαι
3558 2561 3792 2630 κρίσεις.

2285 2723 2430 2776 ΒΑΣ.
2472 2725 2594 2790 Πῶς
2634 2722 2724 2780 οὖν
2775 2729 2807 2799 ἡ
2855 2728 3143 2794 ἀδέσποτος
3191 2732 3284 2784 καὶ
3335 2733 3552 2787 πάντων
3611 2737 3794 2805 νόμων

2215 2813 2470 2885 ἐλευθέρα
2500 2816 2735 2888 ἀνεφάνη
2769 2817 2860 2871 νῦν
2887 2819 2984 2890 οὐχ
3012 2819 3256 2874 ἑκούσιον
3297 2823 3494 2892 ἔχουσα
3528 2824 3588 2877 τὸ
3621 2825 3793 2894 ἀσύγ-

2214 2921 2435 2974 κριτον,
2503 2907 2639 2959 ἀλλά
2703 2909 2853 2978 νόμῳ
2917 2911 3130 2980 φύσεως
3184 2914 3630 2984 προειλημμένη,
3695 2917 3792 2969 καὶ

2212 2995 2586 3064 ἀπροαιρέτως
2607 2997 2706 3067 τῆς
2734 2999 2869 3069 πρὸς
2911 3001 3105 3073 ἑαυτὴν
3138 3003 3419 3064 κοινωνίας
3444 3004 3504 3055 τὸ
3530 3005 3791 3074 γεννητὸν

2213 3086 2590 3140 ἀπελαύνουσα
2617 3128 2632 3152 ,
2682 3088 2820 3142 ὥστε
2857 3091 2944 3144 διὰ
2981 3094 3137 3146 τοῦτο
3182 3093 3272 3146 καὶ
3312 3094 3460 3164 αύτῷ
3499 3097 3790 3166 τυγχάνειν

2211 3176 2289 3246 τῷ
2321 3178 2614 3246 Μονογενεί
2651 3180 3130 3250 ἀπροσπέλαστος;
3161 3183 3425 3236 Τοσοῦτον
3464 3185 3565 3254 μὲν
3599 3182 3692 3240 οὖν
3731 3188 3788 3240 ὲν

2210 3275 2324 3330 τοῖς
2356 3268 2666 3339 λεγομένοις
2698 3272 2788 3323 ὑπ’
2823 3272 2983 3327 αὑτοῦ
3015 3275 3075 3327 τὸ
3108 3274 3434 3344 ἀσύμφωνον
3454 3293 3467 3306 ·
3494 3277 3555 3330 τὸ
3579 3278 3638 3331 δὲ
3669 3280 3792 3332 ἀσε-

2212 3357 2303 3420 ϐὲς
2349 3359 2505 3424 ὅσον;
2563 3361 2877 3416 Ἀδέσποτον
2929 3365 3024 3434 μὲν
3069 3367 3161 3419 καὶ
3217 3367 3502 3438 ἐλευθέραν
3544 3369 3644 3440 τὴν
3690 3371 3788 3424 τοῦ

2212 3447 2421 3518 Πατρὸς
2446 3448 2631 3504 οὐσίαν
2661 3453 3056 3525 προσαγορεύει
3097 3455 3276 3527 (εἴπερ
3304 3452 3397 3509 οὖν
3432 3458 3729 3521 ἀδέσποτος
3755 3461 3790 3530 ή

2212 3539 2288 3611 τῷ
2321 3539 2469 3611 νόμῳ
2493 3542 2590 3612 τῆς
2612 3543 2824 3610 φύσεως
2855 3546 3289 3616 ὑποκύπτουσα)ο
3326 3549 3574 3620 δουλικὴν
3609 3551 3664 3603 δὲ
3707 3545 3788 3604 ιῖ-

2213 3648 2301 3684 ναι
2340 3632 2398 3696 ἐξ
2438 3633 2714 3688 ἀντιθέτου
2755 3637 2852 3706 τὴν
2893 3636 2984 3690 τοῦ
3022 3638 3357 3706 Μονογενοῦς
3402 3641 3786 3710 ἀποφαίνεται,

2215 3722 2306 3773 καὶ
2329 3723 2574 3777 ἐντεῦθεν
2604 3725 2665 3777 τὸ
2688 3728 2944 3797 ὁμότιμον
2975 3728 3075 3798 τῆς
3114 3729 3326 3797 φύσεως
3361 3731 3786 3802 ἀφαιρούμενος.

2212 3811 2315 3864 Δύο
2349 3814 2456 3880 γάρ
2501 3815 2669 3866 ὄντων
2708 3818 3066 3887 πραγμάτων,
3113 3820 3340 3882 κτίσεώς
3372 3838 3430 3872 τε
3465 3823 3559 3874 καὶ
3595 3822 3786 3892 θεότη-

2211 3918 2299 3963 τος
2321 3917 2334 3930 ’
2361 3903 2454 3956 καὶ
2477 3905 2576 3975 τῆς
2599 3907 2694 3974 μὲν
2720 3907 2947 3970 κτίσεως
2974 3909 3031 3960 ὲν
3070 3909 3276 3979 δουλείᾳ
3310 3911 3402 3962 καὶ
3446 3912 3660 3982 ὑπακοῇ
3702 3931 3790 3966 τε·

2212 3992 2512 4065 ταγμένης,
2547 3996 2778 4066 ἀρχικῆς
2800 3996 2854 4049 δὲ
2886 3997 3051 4068 οὔσης
3078 3999 3169 4051 καὶ
3196 3999 3517 4071 δεσποτικῇ
3549 4003 3648 4072 τῆς
3669 4002 3788 4058 θεό-

2213 4101 2403 4155 τητοςο
2450 4087 2479 4138 ὁ
2518 4085 2914 4157 ἀφαιρούμενος
2951 4088 3053 4158 τῆς
3087 4089 3401 4154 δεσποτείας
3444 4092 3505 4144 τὸ
3545 4093 3784 4166 ἀξίωμα,

2217 4175 2309 4226 καὶ
2343 4176 2423 4238 εἰς
2464 4176 2525 4228 τὸ
2555 4176 2652 4247 τῆς
2683 4177 2923 4242 δουλείας
2967 4181 3220 4234 ταπεινὸν
3246 4181 3598 4236 καταϐάλλων
3618 4223 3633 4248 ,
3662 4186 3788 4257 οὐχὶ

2215 4264 2373 4334 δῆλός
2426 4268 2540 4319 ἐστι
2596 4269 2690 4320 καὶ
2721 4269 2808 4323 διὰ
2868 4270 3023 4324 τοῦτο
3071 4272 3455 4343 συποιχοῦντα
3503 4275 3663 4328 αὑτὸν
3717 4280 3784 4347 τῇ

2219 4356 2364 4426 πάσῃ
2400 4356 2569 4411 κτίσει
2595 4358 2836 4425 δεικνύς;
2873 4361 2946 4414 υύ
2981 4361 3088 4434 γὰρ
3116 4363 3178 4434 δὴ
3203 4363 3360 4417 τοῦτο
3389 4367 3583 4435 σεμνὸν
3615 4367 3784 4438 αὐτῷ.

557 4477 717 4536 atque
754 4470 1067 4518 creaturam
1097 4453 1354 4511 omnem?
1401 4451 1511 4504 Nec
1544 4450 1686 4503 enim
1739 4449 1982 4519 proiecto
2012 4450 2114 4504 hoc

2223 4449 2263 4499 εί
2301 4448 2407 4500 τῶν
2449 4451 2750 4520 ὁμοδούλων
2775 4453 3009 4522 προέξει.
3055 4455 3189 4506 Ἀλλ’
3225 4460 3272 4509 εί
3306 4458 3379 4528 μὴ
3414 4459 3664 4527 βασιλεὺς
3692 4460 3786 4513 καὶ

556 4517 967 4627 ίιιῖειοτίοευω,
1013 4550 1058 4605 si
1093 4545 1373 4604 conservis
1402 4549 1638 4612 praestat.
1678 4539 1782 4593 Sed
1830 4540 1931 4593 nisi
1989 4554 2112 4593 eum

2223 4517 2492 4607 Δεσπότης
2514 4517 2840 4607 όμολογοῖτον,
2876 4541 2936 4591 οὐ
2978 4544 3041 4610 τῇ
3078 4544 3175 4610 τῆς
3214 4517 3426 4610 φύσεως
3467 4517 3782 4605 ὲλαττιίισει,

559 4650 736 4718 r'egern
764 4659 827 4700 ac
858 4641 1141 4698 Dominum
1177 4634 1554 4698 conﬁteamur,
1593 4631 1728 4685 adeo
1773 4641 1831 4683 ut
1869 4645 1972 4684 non
2004 4645 2112 4718 na-

557 4717 690 4794 tura:
720 4733 1097 4798 submissione,
1126 4729 1220 4783 sed
1251 4723 1542 4779 voluntatis
1586 4721 1826 4775 b0uitate
1859 4717 2112 4773 obedien-

557 4835 683 4887 tiam
723 4827 1076 4897 amplectatur
1105 4840 1116 4874 :
1160 4821 1259 4874 hoc
1291 4829 1470 4886 grave,
1507 4813 1609 4867 hoc
1634 4810 1984 4874 horrendum,
2011 4807 2110 4861 hoc

558 4922 850 4993 perniciem
878 4915 1034 4971 all'ert
1058 4909 1399 4980 negantibus.
1425 4904 1585 4958 Addit
1608 4912 1785 4956 autem
1817 4918 1829 4952 ε

631 5015 757 5068 Eua.
791 5011 960 5079 Leges
988 5014 1193 5059 natura:
1222 5014 1454 5068 sequens
1502 4997 1617 5064 ipsa
1660 4993 1749 5046 Dei
1784 4991 2108 5052 substantia,

557 5120 729 5173 neque
757 5117 882 5157 cum
919 5099 1023 5154 alio
1065 5092 1301 5150 admittit
1327 5088 1787 5157 comparationem
1824 5103 1836 5136 :
1891 5084 1984 5137 sed
2018 5099 2113 5137 no-

554 5199 636 5250 bis
663 5194 905 5264 largitur,
930 5200 990 5245 ut
1016 5187 1131 5256 ejus
1164 5182 1531 5253 operationem
1554 5176 1917 5245 intelligamus
1939 5175 2114 5243 digni-

628 5398 739 5465 (58)
769 5393 908 5465 Editi
935 5400 998 5446 ει
1021 5386 1396 5465 m_ss._aliqunt
1427 5396 1532 5436 non
1577 5379 1650 5432 ita
1687 5379 1887 5457 antiqui
1917 5394 2116 5465 κοινω-

554 5454 671 5521 νίαν
693 5454 791 5535 τῆς
830 5454 1466 5535 φύσεως-ὑποϐάλλουσιν,
1512 5454 1940 5535 ιξοιιιηιξιιηίοηεξιξιι
1963 5458 2120 5535 uatu-

554 5518 638 5590 rai
675 5518 1189 5601 ευρξιεί-υηεηῧοάοι
1216 5525 1388 5601 (Σοιι).Δ
1419 5529 1471 5574 et
1503 5520 1608 5598 duo
1635 5518 1797 5601 'Regii
1840 5518 2116 5601 ἄρρηκτον

555 5587 836 5658 κοινωνίαν
847 5598 1110 5660 ποιοῦσιν,
1131 5611 1292 5648 comm
1302 5598 1539 5666 unionem
1571 5587 1848 5666 infryctam
1872 5587 2113 5666 efﬁciunt.

555 5679 702 5728 Arms
718 5690 816 5728 ms,
837 5674 967 5738 Reg.
983 5669 1215 5738 ἄρρητον
1243 5660 1524 5738 κοινωνίαν
1547 5660 2116 5738 Mto‘ﬁcwgociemtern

559 5727 809 5796 arcanam
846 5727 1087 5794 red'dur'tt'.
1115 5727 1336 5807 'Lectio,
1376 5744 1496 5798 qua!
1540 5727 1710 5807 posita
1746 5735 1829 5781 est
1880 5727 2115 5780 secundo

560 5817 700 5878 loco,
731 5813 858 5867 milii
888 5820 942 5865 et
971 5809 1144 5879 aptior
1174 5803 1379 5858 videtur
1406 5809 1458 5854 et
1497 5803 1690 5852 verior.

2218 4628 2282 4696 τῇ
2327 4627 2617 4698 ἀγαθότητι
2650 4630 2705 4682 δὲ
2751 4631 2849 4700 τῆς
2879 4631 3246 4702 προαιρέσεως
3269 4634 3695 4704 καταδεχόμενος
3727 4637 3783 4687 τὸ

2219 4717 2488 4788 ὑπήκοον⁹
2531 4722 2685 4775 τοῦτο
2730 4721 2962 4791 χαλεπὸν
3016 4721 3109 4775 καὶ
3155 4723 3411 4794 φρικτὸν,
3442 4725 3534 4776 καὶ
3565 4725 3783 4796 ὄλεθρον

2217 4809 2376 4880 φέρον
2401 4815 2512 4874 τοῖς
2541 4812 2908 4884 ἀρνουμένοις.
2952 4813 3009 4866 '0
3038 4814 3093 4866 δὲ
3123 4815 3501 4886 προστίθησιν

2287 4992 2445 5044 ΕΥΝ.
2496 4991 2615 5044 Ὅτι
2665 4995 2775 5054 τοῖς
2837 4994 3020 5063 νόμοις
3070 4993 3170 5061 τῆς
3220 4991 3430 5060 φύσεως
3478 4992 3782 5061 ἑπομένηὴ

2215 5082 2307 5135 τοῦ
2341 5082 2474 5134 Θεοῦ
2526 5084 2699 5146 οὐσία,
2753 5083 2873 5135 οὗτε
2929 5083 3024 5154 τὴν
3067 5084 3202 5152 πρὸς
3255 5083 3437 5152 ἓτερον
3498 5083 3784 5152 σύγκρισιν

2217 5174 2552 5244 ἐπιδέχεται,
2587 5177 2680 5228 καὶ
2734 5175 2957 5246 παρέχει
2990 5177 3122 5245 ἡμῖν
3165 5174 3450 5226 ἀκόλουθον
3502 5174 3596 5225 καὶ
3626 5189 3786 5243 προσ-

2287 5375 2651 5450 (Α49)-Οοάἰοςεε
2681 5374 2942 5450 nonnulli
2970 5373 3248 5450 ἀρχὴνδέ,
3279 5372 3483 5450 omisso
3510 5369 3780 5450 articulo;

2213 5457 2267 5500 et
2297 5444 2387 5499 ita'
2407 5448 2458 5499 in
2498 5444 2680 5499 codice
2706 5445 3019 5499 Colbertiuo
3057 5445 3270 5511 legitur,
3309 5444 3491 5511 inquo
3518 5444 3630 5511 jam
3661 5455 3776 5511 mo-

2213 5518 2441 5588 nuimus
2484 5516 2676 5588 librum
2732 5513 2982 5588 Euuornii
3044 5509 3291 5567 inveniri.
3325 5509 3480 5574 lllUd,
3527 5509 3778 5588 τὴνάρυ

2213 5589 2334 5657 χήν,
2379 5584 2752 5657 adverbialiter
2784 5583 3040 5657 positum
3072 5597 3205 5657 esse
3257 5596 3412 5657 nemo
3459 5594 3563 5631 non
3613 5580 3776 5657 videt.

2213 5649 2313 5709 Elii
2355 5671 2480 5708 mss.
2506 5663 2560 5707 et
2587 5656 2714 5708 editi
2747 5649 2844 5725 τὴν
2872 5653 3046 5724 ἀρχὴν
3067 5651 3124 5706 δέ
3149 5668 3165 5686 ο
3186 5650 3327 5722 quod
3345 5664 3558 5719 quoque
3591 5649 3780 5703 adver-

2216 5726 2423 5779 bialiter
2454 5726 2554 5779 dici
2585 5736 2769 5778 notum
2802 5735 2907 5776 est.
