4026 6432
224 386 334 443 6.55

1325 382 1691 438 ADVERSUS
1729 380 2096 439 EUNOMIUM
2140 382 2268 439 LIB.
2311 383 2373 437 ll.

3358 384 3465 443 ϐω

220 500 467 569 ἤκουσαν
519 494 592 565 τῷ
642 495 750 561 ίδίῳ
797 491 1062 565 ἀξιώματι
1108 494 1243 545 νοεῖν
1283 494 1464 557 αὐτοῖς
1502 493 1599 564 τὴν
1648 494 1784 565 ἐνέρ-

1906 498 1998 548 tati
2042 496 2268 564 pr0pria:
2302 502 2719 548 consentancam
2759 504 2899 555 esse,
2938 497 3099 561 atque
3137 495 3464 549 convenien-

222 608 402 659 γειαν.

302 681 446 732 ΒΑΣ.
481 678 647 731 Τοῦτο
684 679 894 749 εἴρηται
929 679 1024 747 μὲν
1063 676 1253 746 ἐκείνῳ
1282 675 1391 745 (50)
1423 678 1500 738 είς
1529 675 1797 739 ἀπόδειξιν

223 775 321 841 τῆς
354 770 753 840 ἀλλοτριώσεως
780 769 872 821 τοῦ
900 766 1233 834 Μονογενοῦς
1268 768 1404 837 πρὸς
1427 767 1517 820 τὸν
1546 767 1791 837 Πατέρα·

227 863 506 930 συνίστησι
538 861 592 911 δὲ
641 860 730 911 τὸν
782 859 1043 929 ἡμέτερον
1073 858 1245 925 λόγον.
1274 858 1336 909 Ei
1370 858 1477 926 γὰρ
1510 857 1797 909 ἀκόλουθον

222 954 318 1005 καὶ
340 953 716 1023 προσήκουσαν
738 951 813 1019 τῷ
846 950 958 1020 ἰδίῳ
990 948 1258 1018 ἀξιώματι
1289 949 1512 1018 παρέχει
1540 952 1676 1001 νοεῖν
1704 949 1795 1001 καὶ

216 1045 321 1113 τὴν
370 1044 649 1112 ἐνέργειαν
690 1044 723 1111 ἡ
768 1040 860 1094 τοῦ
892 1040 1025 1093 Θεοῦ
1054 1042 1206 1093 οὐσία
1227 1081 1241 1104 ,
1282 1041 1498 1109 ἀξίωμα
1527 1040 1623 1109 μέν
1653 1042 1797 1092 ἐστιν

219 1137 261 1202 ἡ
295 1136 657 1203 cii-emam,
698 1133 772 1195 ὼς
797 1132 1049 1204 Εὐνομίῳ
1094 1134 1271 1185 δοκεῖ’
1317 1132 1377 1184 τὸ
1420 1132 1477 1183 δὲ
1511 1132 1641 1185 αὐτὸ
1686 1132 1795 1200 (51)

220 1226 317 1280 καὶ
369 1226 523 1279 οὐσία
559 1224 697 1276 κατὰ
740 1224 829 1277 τὸν
874 1224 1075 1277 τούτων
1124 1224 1298 1292 λόγον,
1332 1224 1580 1293 ἐνέργεια
1610 1224 1663 1277 δὲ
1704 1225 1795 1276 τοῦ

220 1317 359 1370 Θεοῦ
385 1320 411 1369 ὁ
432 1316 760 1385 Μονογενὴς,
784 1316 815 1384 ἦ
838 1316 1121 1386 ἐνεργείας
1151 1317 1331 1369 εἰκών.
1352 1317 1459 1368 Καὶ
1475 1316 1629 1368 τοῦτο
1661 1316 1798 1368 κατὰ

220 1409 311 1460 τὸν
366 1405 569 1459 τούτων
612 1407 768 1475 λόγον
793 1423 805 1434 ·
864 1406 1002 1459 ὥστε
1052 1407 1261 1469 τούτοις
1307 1408 1605 1475 ἀντιλέγειν
1654 1425 1795 1477 παρ-

228 1496 386 1547 ἐλκον
418 1495 481 1548 ἂν
507 1494 589 1565 εἴη
613 1535 627 1558 ,
661 1496 811 1549 οὐδὲν
837 1496 1047 1565 ἔχουσιν
1076 1496 1206 1565 (52).
1238 1497 1306 1547 Ἢ
1326 1495 1516 1550 πολλοῦ
1549 1496 1611 1548 ἂν
1637 1514 1797 1565 τιμη-

222 1585 314 1636 σαί
323 1603 427 1655 μην
461 1586 740 1658 ἀρνεῖσθαι
770 1588 963 1649 αὐτοὺς
989 1586 1334 1655 βλασφημίαν
1365 1588 1566 1657 ταύτην
1587 1604 1600 1617 ο
1636 1587 1794 1655 πλὴν,

219 1679 517 1750 ἐπειδήπερ
543 1681 855 1751 εἰρήκασιν,
892 1679 950 1742 ἐξ
984 1680 1160 1732 αὐτῶν
1195 1679 1301 1730 τῶν
1330 1678 1537 1742 τούτοις
1575 1679 1799 1749 εἰρημέ-

219 1787 330 1821 νων
364 1770 802 1839 σύλλογισώμεθα
822 1811 834 1833 ,
867 1770 949 1821 ὅτι
980 1770 1057 1831 εἰς
1087 1768 1301 1839 ἀξίωμα
1333 1770 1429 1837 μὲν
1463 1768 1556 1821 τοῦ
1589 1769 1723 1821 Θεοῦ
1757 1770 1795 1836 ἠ

1902 595 2027 638 ιειιι.

1969 676 2093 729 Bas.
2118 674 2229 728 lloc
2257 674 2474 743 quidem
2516 673 2583 727 ab
2622 686 2686 725 eo
2713 672 2913 727 dictum
2945 682 3050 735 est,
3099 680 3157 726 ut
3209 671 3464 744 Unigeni-

1902 777 2011 819 tum
2040 781 2069 819 a
2106 766 2265 821 Patre
2294 766 2527 819 alienum
2559 764 2845 822 ostendat;
2881 770 2934 815 at
2980 773 3221 817 nostrum
3259 779 3464 819 sermo-

1901 874 2021 913 nem
2064 858 2370 911 conﬁrmat.
2407 854 2619 909 Etenim
2655 856 2700 908 si
2748 854 2845 908 Dei
2882 853 3179 909 substantia
3212 855 3314 911 hoc
3347 856 3463 916 dat,

1902 959 1958 1001 ut
1990 948 2366 1016 operationem
2394 945 2761 1014 intelligamus
2805 957 3229 1000 consentaneam
3267 959 3465 1000 conve-

1902 1041 2248 1108 nientemque
2280 1053 2389 1093 suae
2414 1036 2681 1107 dignitati,
2722 1036 2961 1105 dignitas
2989 1036 3236 1105 quaedam
3266 1044 3352 1092 est
3381 1038 3465 1091 in-

1899 1133 2152 1201 genitum,
2195 1141 2253 1185 ut
2287 1128 2550 1186 Eunomio
2588 1128 2825 1191 videtur,
2877 1141 3065 1181 rursus
3104 1127 3155 1181 id
3186 1128 3360 1196 ipsum
3409 1138 3465 1183 et

1900 1224 2197 1278 substantia
2246 1232 2328 1275 est
2367 1236 2433 1275 ex
2464 1221 2652 1274 horum
2698 1221 2986 1285 sententia,
3018 1216 3336 1289 Unigenitus
3363 1235 3462 1272 au-

1900 1324 2004 1367 tem
2036 1313 2279 1382 operatio
2301 1321 2384 1366 est
2418 1311 2532 1375 Dei,
2569 1318 2661 1363 aut
2689 1309 3026 1377 operationis
3057 1309 3263 1379 imago;
3303 1309 3463 1380 idque

1898 1420 1965 1459 ex
1998 1406 2189 1457 horum
2215 1405 2456 1458 doctrina
2495 1420 2509 1455 :
2546 1416 2716 1470 quare
2756 1403 2837 1457 his
2876 1402 3247 1457 contradicere
3277 1417 3465 1471 swee-

1900 1493 2061 1547 ﬂnnm
2096 1496 2280 1557 tuerit,
2314 1509 2435 1547 cum
2474 1493 2608 1545 nihil
2638 1491 2866 1545 habeant
2896 1492 3039 1561 quod
3080 1491 3235 1547 nobis
3268 1493 3464 1547 advero

1900 1598 2068 1640 setnr.
2126 1586 2468 1654 Caeteroquin
2529 1599 2624 1639 eos
2680 1583 2913 1638 facerem
2972 1583 3212 1652 plurimi,
3247 1585 3293 1639 si
3322 1586 3463 1640 hanc

1900 1678 2290 1746 blasphemiam
2348 1678 2726 1745 abnegarent:
2784 1674 3039 1745 quoniam
3088 1685 3267 1729 tamen
3310 1678 3464 1732 dixe-

1901 1777 2045 1830 runt,
2097 1784 2163 1821 ex
2218 1768 2349 1836 ipsis
2397 1781 2583 1821 eorum
2624 1766 2782 1820 dictis
2823 1766 3161 1835 colligamus,
3201 1767 3364 1835 quod,
3417 1768 3460 1821 si

219 1860 552 1928 ἀγεννησὶα
582 1860 689 1930 (55)
708 1902 721 1924 ,
757 1865 817 1912 τὸ
848 1860 903 1912 δὲ
930 1860 1061 1913 αὐτὸ
1088 1861 1180 1912 καὶ
1206 1861 1361 1913 οὐσία
1381 1903 1393 1924 ,
1424 1859 1711 1924 ἀκόλουθος
1740 1860 1784 1912 δὲ

1897 1860 2138 1928 qumdain
2160 1858 2254 1912 Dei
2292 1858 2527 1927 dignitas
2549 1868 2633 1911 est
2654 1858 2963 1926 ingenitum,
2987 1857 3036 1911 id
3066 1868 3244 1911 autem
3284 1856 3459 1926 ipsum

219 1953 318 2003 καὶ
347 1951 691 2019 προσήκουσα
712 1948 790 2019 τῷ
832 1949 1101 2021 ἀξιώματι
1132 1950 1224 2003 τοῦ
1274 1950 1407 2003 Θεοῦ
1459 1954 1489 2021 ὴ
1527 1952 1791 2023 ἐνέργεια,

217 2041 361 2110 αῦτη
390 2042 445 2094 δέ
488 2044 631 2094 ὲστιν
654 2042 682 2094 ὁ
716 2044 945 2113 Χριστὸς
976 2043 1117 2096 κατὰ
1147 2044 1245 2113 τὴν
1279 2044 1481 2097 τούτων
1508 2045 1791 2113 ὑπόληψιν,

219 2138 420 2197 οἰκεῖος
450 2136 557 2203 ἄρα
601 2135 694 2187 καὶ
728 2137 1017 2206 προσήκων
1042 2138 1106 2205 τῇ
1140 2136 1295 2205 οὐσίᾳ
1336 2135 1486 2187 ἔσται
1510 2135 1603 2187 τοῦ
1637 2135 1790 2187 Θεοῦ.

223 2227 334 2279 Καὶ
376 2225 576 2279 τούτων
601 2226 749 2279 οὐδέν
776 2230 921 2279 ἐστιν
948 2227 1229 2297 ἡμέτερον.
1272 2227 1417 2278 Αὐτά
1451 2226 1556 2296 γὰρ
1582 2225 1649 2278 τὰ
1676 2226 1796 2279 τού-

220 2335 331 2369 των
364 2316 646 2379 συνθέντες
678 2318 916 2386 ῥήματα,
958 2319 1041 2368 ἐπ’
1087 2317 1264 2369 αὐτῶν
1285 2316 1381 2386 τὴν
1416 2316 1578 2379 δεῖξιν
1612 2318 1795 2369 ποιού-

224 2407 385 2475 μεθα.
410 2409 486 2478 Τῇ
512 2408 684 2478 οὐσίᾳ,
713 2410 864 2477 φησὶ,
891 2408 981 2460 τοῦ
1006 2408 1139 2459 Θεοῦ
1164 2407 1442 2460 ἀκολουθεί
1464 2407 1522 2459 τὸ
1544 2406 1759 2479 ἀξίωμα
1780 2427 1792 2438 ·

218 2494 300 2565 τῷ
325 2494 592 2565 ἀξιώματι
614 2496 945 2563 ἁναλογοῦσά
973 2500 1115 2549 ἐστιν
1151 2498 1182 2565 ἡ
1218 2497 1493 2568 ἐνέργεια·
1529 2499 1625 2568 τῆς
1648 2501 1797 2571 ἐνερ-

218 2589 377 2656 γείας
428 2587 589 2640 εἰκὼν
640 2590 668 2637 ὁ
712 2588 1048 2656 Μονογενής·
1091 2588 1185 2640 καὶ
1240 2590 1530 2654 ἀνάπαλιν,
1599 2592 1645 2642 εί
1698 2591 1795 2660 τῆς

224 2679 324 2748 μὲν
356 2678 465 2745 (54)
497 2677 775 2746 ἐνεργείας
803 2680 830 2729 ὁ
863 2678 1169 2749 Μονογενὴς
1198 2679 1378 2741 εἰκὼν,
1401 2684 1432 2748 ἡ
1469 2681 1524 2733 δὲ
1552 2683 1795 2752 ἐνέργεια

221 2768 315 2821 τοῦ
365 2765 690 2836 ἀξιώματος,
742 2767 802 2819 τὸ
854 2768 910 2820 δὲ
964 2768 1179 2839 ἀξίωμα
1224 2772 1323 2840 τῆς
1366 2771 1571 2833 οὐσίας,
1631 2774 1658 2823 ὁ
1687 2774 1796 2824 Μο-

221 2858 448 2926 νογενὴς
478 2857 628 2909 ἔσται
657 2858 754 2928 τῆς
782 2858 968 2921 οὐσίας
992 2858 1171 2911 εἰκὼν.
1194 2859 1347 2911 Οὕτω
1372 2862 1464 2913 καὶ
1491 2862 1640 2913 αὐτοὶ
1670 2862 1795 2912 πολ-

221 2953 380 3013 λάκις
420 2952 467 3003 οἱ
508 2951 734 3022 ἐργάται
783 2950 876 3003 τοῦ
932 2951 1177 3020 ψεύδους,
1230 2952 1331 3002 ὐπὸ
1372 2952 1470 3019 τῆς
1519 2952 1796 3021 ἐνεργείας

221 3043 513 3113 ἀγχόμενοι
534 3083 547 3105 ,
582 3042 915 3113 μαρτυροῦσι
960 3045 1021 3110 τῇ
1056 3040 1281 3110 ἀληθείᾳ
1311 3044 1403 3093 καὶ
1431 3043 1505 3111 μὴ
1537 3042 1792 3112 βουλόμε-

220 3153 323 3187 νοι.
372 3136 529 3186 Ἐπεὶ.
553 3136 644 3185 καὶ
672 3136 718 3184 οἱ
740 3133 988 3201 δαίμονες
1012 3134 1128 3201 οὐχί
1154 3133 1548 3201 εὐαγγελιστῶν
1579 3135 1791 3189 ἐποίουν

1898 1951 2196 2006 substantia
2232 1965 2449 2020 quoque
2470 1958 2575 2013 est,
2598 1958 2963 2004 consentanea
2994 1964 3123 2003 vero
3148 1958 3232 2004 est
3264 1959 3462 2003 etcou—

1899 2044 2120 2097 veniens
2151 2043 2245 2096 Dci
2286 2042 2537 2111 dignitati
2575 2041 2816 2109 operatio
2838 2038 2973 2107 ejus,
3015 2042 3127 2096 ha‘c
3177 2050 3353 2096 autem
3381 2053 3463 2096 cst

1898 2130 2144 2184 Christus
2168 2145 2230 2183 ex
2269 2130 2462 2184 horum
2499 2130 2791 2193 sententia,
2836 2131 3158 2200 coniunctus
3204 2132 3371 2201 igitur
3398 2148 3461 2184 ac

1898 2222 2221 2274 conveniens
2249 2222 2350 2273 erit
2382 2220 2699 2274 substantiae
2727 2221 2839 2273 Dei.
2866 2224 3041 2288 Atque
3093 2223 3286 2277 horum
3321 2224 3453 2277 nihil

1899 2319 2143 2366 nostrum
2171 2320 2271 2366 est.
2294 2311 2412 2379 ipsa
2438 2312 2581 2365 enim
2614 2312 2838 2365 istorum
2865 2313 3023 2365 verba
3054 2326 3461 2380 componentes,

1898 2420 1963 2458 ex
1994 2404 2186 2457 iisdem
2244 2404 2758 2458 deinoxistrationem
2807 2404 3162 2459 conteximus.
3201 2404 3463 2459 Substan-

1902 2494 2053 2557 tiam,
2077 2492 2268 2560 inquit,
2307 2494 2553 2559 sequitur
2584 2492 2676 2545 Dei
2710 2490 2941 2560 dignitas
2974 2510 2987 2545 :
3038 2494 3198 2548 habet
3228 2508 3457 2562 proporo

1899 2585 2099 2638 tionem
2132 2584 2377 2651 Operatio
2407 2598 2529 2637 cum
2557 2583 2819 2652 dignitate
2851 2602 2862 2636 :
2903 2586 3233 2652 operationis
3282 2588 3459 2658 imago

1897 2686 1978 2729 est
2018 2674 2337 2744 Unigenitus
2372 2693 2385 2729 :
2419 2684 2470 2729 et
2498 2675 2613 2728 vice
2645 2689 2822 2739 versa,
2851 2676 2893 2728 si
2921 2672 3241 2745 Unigenitus
3274 2678 3451 2749 imago

1898 2778 1982 2820 est
2015 2766 2380 2834 operationis:
2418 2765 2661 2833 operatio
2687 2778 2832 2829 vero,
2866 2764 3141 2834 dignitatis
3174 2783 3189 2821 ι
3221 2766 3457 2836 dignitas

1898 2865 2097 2921 autem,
2122 2855 2456 2919 substantiae,
2493 2854 2809 2925 Unigenitus
2834 2857 3150 2910 substantiae
3186 2862 3289 2911 erit
3320 2858 3457 2912 ima-

1897 2962 1981 3016 go.
2012 2947 2103 3001 Sic
2128 2960 2269 3015 saepe
2298 2954 2352 3001 et
2374 2947 2473 3017 ipsi
2507 2949 2771 3002 mendacii
2803 2947 3106 3015 architecti,
3131 2963 3308 3004 rerum
3330 2966 3457 3020 pcr-

1896 3038 2181 3106 spicuitate
2214 3039 2409 3104 coacti,
2446 3038 2527 3091 vel
2552 3039 2701 3092 inviti
2733 3042 3014 3095 veritatem
3035 3042 3343 3097 testimonio
3359 3058 3459 3098 suo

1896 3132 2266 3197 comprobant.
2288 3129 2452 3200 269
2465 3128 2598 3183 Nam
2624 3138 2679 3183 et
2700 3131 2967 3185 daemones
2981 3146 3085 3185 non
3103 3133 3457 3201 evangelista-

219 3223 404 3295 ἔργον,
436 3220 549 3273 ἀλλ’
588 3193 926 3273 ἀντιϐλέπειν
972 3221 1046 3291 μὴ
1078 3193 1375 3292 ’ξυνάμενοι
1420 3224 1495 3293 τῷ
1532 3226 1629 3293 τῆς
1659 3224 1784 3294 ἁλη-

1892 3236 2009 3274 rum
2034 3220 2297 3275 faciebant
2323 3236 2456 3288 opus
2488 3238 2501 3273 ι
2529 3220 2622 3273 sed
2656 3229 2832 3275 tamen
2855 3236 2976 3276 cum
3008 3225 3249 3279 veritatis
3282 3223 3454 3280 lucem

222 3316 373 3377 θείας
408 3313 562 3381 φωτὶ,
587 3312 753 3365 ἐϐόων
774 3330 785 3341 ’
816 3312 1075 3382 Οἶδαμέν
1105 3330 1177 3366 σε
1202 3316 1292 3379 τίς
1320 3311 1391 3379 εἴ,
1420 3318 1451 3368 ό
1487 3315 1650 3380 ἅγιος
1684 3316 1790 3369 τοῦ

223 3404 392 3457 Θεοῦ.

292 3491 381 3544 3i.
418 3492 643 3562 Ἴόωμεν
667 3494 723 3545 δὲ
752 3493 843 3545 καὶ
874 3494 941 3544 τὰ
971 3491 1255 3546 ἀκόλουθα.

294 3582 453 3636 ΕΥΝ.
485 3584 608 3636 Εἴτε
644 3586 781 3654 γὰρ,
807 3585 999 3655 φησὶν,
1043 3586 1107 3636 ἐκ
1148 3583 1256 3636 τῶν
1295 3585 1793 3656 δημιουργημάτων

221 3676 424 3729 σκοπού
435 3678 592 3746 μενὸς
614 3694 716 3739 τις,
748 3678 810 3728 ὲκ
829 3676 1031 3729 τούτων
1054 3677 1147 3729 ἐπὶ
1165 3676 1263 3740 τὰς
1294 3676 1481 3738 οὐσίας
1519 3680 1772 3745 ἀνάγοιτο

292 3812 340 3844 ’⁸
376 3811 536 3865 Marc.
576 3828 612 3875 ι,
640 3810 729 3864 24.

297 3970 409 4040 (50)
434 3970 575 4024 Editi
596 3971 675 4033 εἰς
709 3964 980 4031 ἀπόδειξιν
1004 3968 1215 4036 ἐκείνῳ.
1242 3967 1309 4019 At
1333 3982 1462 4021 mss.
1492 3966 1683 4037 ἐκείνῳ
1709 3969 1787 4029 εἰς

218 4040 517 4103 ἀπόδειξιν.

296 4110 407 4175 (51)
438 4107 577 4163 Editi
611 4108 672 4159 τὸ
699 4109 754 4161 δὲ
793 4107 925 4161 αὐτὸ
946 4106 1122 4159 τοῦτο.
1165 4106 1278 4160 Vox
1310 4106 1465 4158 τοῦτο
1510 4106 1561 4158 in
1590 4105 1788 4159 codici-

218 4180 325 4233 bus
353 4178 745 4248 antiquioribus
775 4180 943 4234 deest.
975 4176 1173 4231 Ibidem
1207 4177 1341 4248 Reg.
1383 4186 1609 4245 quartus
1648 4175 1788 4227 κατὰ

219 4248 309 4301 τὸν
341 4246 529 4303 τούτου
558 4246 732 4314 λόγον.

295 4319 409 4387 (52)
434 4320 530 4373 Hic
559 4318 707 4371 locus
737 4316 881 4387 visus
908 4326 991 4369 est
1021 4317 1220 4371 homini
1252 4315 1565 4387 doctissimo
1590 4314 1784 4387 Ducaao

223 4385 448 4444 mutilus
503 4399 555 4443 et
609 4386 915 4440 mendosus.
990 4388 1093 4439 Sed
1160 4394 1378 4454 praestat
1431 4385 1558 4454 ejus
1620 4386 1781 4437 verba

222 4460 518 4521 ascribere,
538 4474 654 4525 quas
687 4458 798 4509 haec
815 4462 939 4509 sunt
970 4471 982 4505 :
1016 4453 1183 4507 Locus
1222 4467 1293 4525 est
1326 4456 1378 4506 in
1409 4453 1588 4525 Graeco
1618 4459 1775 4506 mnti-

223 4527 327 4585 Ius.
362 4544 451 4580 nec
486 4523 692 4580 adeum
708 4526 999 4578 sanandum
1020 4526 1146 4578 satis
1172 4524 1385 4591 adjuvat
1420 4523 1545 4589 Reg.
1584 4541 1679 4576 ms.
1721 4528 1775 4577 in

221 4612 326 4661 quo
357 4598 487 4663 lego,
508 4596 582 4659 ὦς
617 4612 680 4663 γε
719 4594 927 4657 τούτοις
960 4594 1257 4663 ἀντιλέγεις
1288 4593 1387 4644 οὐκ
1412 4592 1641 4660 ἔχουσιν,
1669 4605 1772 4648 etc.

222 4665 419 4719 Fateor
444 4668 655 4732 quidem
685 4666 826 4718 hunc
864 4664 1039 4717 locum
1076 4665 1319 4717 mutilum
1353 4678 1472 4733 esse
1506 4664 1554 4713 in
1598 4663 1775 4733 Regiis

226 4734 400 4787 tribus
432 4750 561 4789 mss.
588 4734 807 4802 perinde
836 4744 995 4799 atque
1022 4738 1072 4787 in
1104 4736 1238 4788 libro
1277 4732 1450 4802 Duczci
1486 4746 1499 4781 :
1532 4734 1623 4786 sed
1658 4738 1775 4786 dico

220 4819 346 4857 eum
400 4804 525 4855 mihi
587 4801 852 4873 integrum
879 4812 931 4855 et
960 4806 1299 4857 emendatum
1338 4801 1509 4873 videri
1556 4805 1616 4873 in
1657 4805 1774 4857 aliis

223 4875 434 4942 duobus
466 4888 593 4926 mss.
649 4871 827 4942 Regiis
864 4882 917 4926 et
944 4874 995 4926 in
1031 4880 1258 4941 utraque
1283 4872 1516 4942 editione
1555 4871 1687 4925 Ven.
1721 4884 1775 4925 et

222 4940 399 4998 Paris.
430 4952 484 4998 et
513 4943 565 4996 in
592 4940 777 4997 codice
806 4942 1112 4996 Colbertino
1137 4957 1151 4992 :
1174 4940 1238 4994 in
1286 4940 1479 5009 quibus
1524 4944 1773 4997 omnibus

223 5012 417 5080 legitur
447 5015 537 5077 ita,
572 5022 631 5065 ut
662 5012 712 5063 in
755 5022 1011 5066 contextu
1053 5011 1233 5081 videre
1260 5013 1405 5065 licet.
1438 5009 1570 5065 Puto
1611 5012 1773 5081 igitur

221 5079 478 5135 Basilium
520 5081 887 5145 ὲλλειπτικῶς,
920 5092 977 5134 ιιι
1006 5096 1144 5149 saepe
1177 5079 1326 5143 alias,
1368 5081 1600 5134 locutum
1633 5079 1769 5145 esse,

221 5154 305 5204 sic
341 5160 398 5203 ut
430 5162 549 5219 post
576 5151 723 5205 οὐδέν
772 5165 876 5203 vox
924 5151 1181 5215 ἐναντίον,
1213 5160 1304 5202 aut
1329 5149 1431 5219 alia
1460 5152 1659 5218 quaevis
1695 5154 1772 5204 si-

220 5221 366 5273 milis
403 5217 779 5284 subnudiatur,
803 5222 942 5288 quod
984 5222 1057 5275 ita
1090 5217 1604 5286 interpretabimur:
1637 5220 1771 5273 Cum

221 5290 355 5343 nihil
382 5291 600 5361 habeant
627 5290 764 5361 quod
796 5290 940 5361 nobis
975 5292 1276 5343 adversetur
1312 5304 1329 5341 :
1358 5297 1452 5340 aut
1486 5290 1551 5361 si
1582 5290 1768 5361 mavis,

219 5376 338 5411 cum
375 5359 503 5411 nihil
531 5358 752 5412 habeant
781 5358 916 5428 quod
944 5363 1087 5413 nobis
1120 5373 1372 5428 Opponere
1415 5359 1629 5428 possint.
1662 5358 1772 5413 Nec

219 5443 410 5494 parum
462 5430 597 5482 hanc
646 5427 1007 5495 conjecturam
1074 5427 1308 5495 adjuvat,
1355 5429 1495 5495 quod
1542 5427 1769 5483 Basilius

218 5498 379 5564 paulo
412 5508 536 5551 ante
587 5501 658 5551 ita
698 5500 970 5565 scripserit
1009 5519 1019 5553 :
1052 5497 1165 5550 Hoc
1213 5496 1479 5566 (Eunomii
1526 5499 1769 5566 testimo-

219 5568 392 5634 nium)
423 5583 706 5634 sermonem
746 5580 976 5619 nostrum
1026 5565 1323 5633 conﬁrmat.
1374 5567 1442 5620 Et
1497 5565 1769 5634 aliquanto

220 5632 407 5688 infra»:
444 5632 529 5686 Sic
553 5654 687 5705 ιωρε
735 5645 782 5688 et
822 5639 921 5704 ipsi
971 5632 1230 5689 mendacii
1275 5637 1565 5699 architecti,
1586 5632 1768 5687 rerum

218 5706 586 5771 perspicuitate
629 5708 821 5768 adacti,
871 5708 944 5759 vel
978 5707 1128 5759 inviti
1169 5706 1436 5759 veritatem
1476 5706 1767 5759 testimonio

218 5788 311 5828 suo
348 5775 699 5843 comprobant.
731 5777 878 5842 Quod
906 5778 1040 5832 idem
1075 5785 1155 5831 est
1181 5791 1242 5831 ac
1272 5775 1317 5830 si
1352 5775 1551 5831 diceret
1586 5772 1765 5828 :Tan-

1890 3313 2086 3367 intueri
2120 3330 2221 3367 non
2254 3313 2811 3382 possent,c|amahant
2836 3336 2848 3369 :
2871 3312 3123 3369 Novimus
3146 3327 3194 3369 te
3214 3318 3328 3383 quis
3358 3318 3431 3371 sis

1892 3406 2143 3457 nimirum
2170 3404 2259 3457 ille
2289 3414 2502 3457 sanctus
2537 3403 2632 3456 Dei
2661 3404 2730 3455 ’⁸.

1963 3495 2051 3548 52.
2085 3492 2189 3547 Sed
2214 3494 2487 3546 videamus
2524 3502 2580 3545 et
2625 3495 2927 3561 sequentia.

1965 3587 2101 3642 Eun.
2135 3585 2189 3641 Si
2222 3587 2346 3656 quis
2368 3586 2533 3649 enim,
2562 3586 2757 3655 inquit,
2791 3602 2904 3641 rem
2932 3603 2996 3643 ex
3030 3598 3296 3644 creaturis
3320 3605 3454 3646 con-

1894 3681 2161 3747 siderans,
2223 3694 2327 3749 ope
2358 3680 2549 3733 harum
2604 3677 2670 3732 ad
2720 3678 3054 3736 substantias
3081 3684 3402 3750 perducatur
3430 3720 3447 3749 ,

1886 3965 2196 4042 tum_abe_s_t,
2222 3977 2290 4042 ut
2314 3967 2631 4022 Eunomiam
2675 3970 2965 4042 quicquam
2998 3987 3138 4026 nunc
3168 3975 3446 4042 proferant

1884 4038 2022 4103 quod
2045 4038 2200 4089 nobis
2227 4040 2560 4101 adversetur,
2593 4041 2825 4093 utetiam
2856 4038 3180 4095 sententiain
3200 4054 3440 4099 nostram

1884 4106 2222 4178 confirment,
2252 4123 2481 4178 eamque
2510 4110 2577 4163 ob
2607 4123 2782 4162 rerum
2819 4112 3253 4178 perspicuitatem
3290 4116 3440 4167 testi-

1886 4177 2067 4265 inonio
2097 4192 2195 4265 suo
2219 4178 2461 4265 stabilire
2479 4189 2756 4265 cogantur:
2788 4177 3287 4265 Quod’sequiturﬁ)
3316 4184 3445 4265 πολ-

1884 4244 1974 4317 λοῦ
2009 4246 2093 4317 ἄν,
2121 4256 2251 4317 etc.,
2276 4244 2588 4314 cwteroquin
2614 4262 2699 4298 eos
2721 4246 2944 4313 facerem
2968 4244 3204 4317 plu—rimi,
3235 4244 3287 4305 si
3309 4252 3445 4309 hanc

1885 4315 2256 4391 blasphemiam
2290 4318 2624 4391 abnegarent,
2653 4330 2757 4368 non
2780 4318 2849 4391 ita
2878 4315 3046 4385 accipi
3078 4320 3256 4385 debet,
3288 4326 3439 4391 quasi

1884 4383 1936 4436 in
1971 4386 2051 4437 Itis
2081 4384 2418 4458 blasphemia
2468 4383 3059 4458 aliqua_contineatur,
3086 4406 3208 4445 cum
3245 4383 3438 4458 potius

1880 4469 2177 4507 sermonem
2210 4469 2363 4507 suum
2407 4454 2528 4507 inde
2549 4455 2854 4509 coulirmari
2887 4458 3029 4511 dicat
3057 4454 3316 4514 Basilius:
3340 4466 3435 4519 sed

1808 4495 1850 4548 Β
1883 4525 1980 4577 hoc
2006 4525 2197 4596 modo:
2238 4522 2291 4575 Si
2329 4522 2858 4596 Eunomianimalam
2889 4543 3036 4596 suam
3076 4495 3419 4596 voluntatciz:

1878 4608 1980 4661 qua
2036 4593 2103 4662 ita
2156 4591 2430 4659 loquentes
2501 4593 2840 4662 Unigcnitum
2900 4612 2929 4648 a
2994 4595 3151 4652 Patre
3203 4591 3437 4655 alienum

1876 4661 2162 4715 ostendere
2186 4663 2390 4733 volunt,
2426 4661 2637 4716 tandem
2680 4665 2965 4733 aliquando
2989 4666 3284 4733 abjicerent
3317 4686 3437 4724 mu-

1877 4740 2181 4797 tarentque,
2202 4732 2354 4785 valde
2384 4734 2669 4785 admodum
2696 4732 2887 4787 de'hoc
2919 4750 3011 4790 eos
3047 4732 3343 4793 laudarem.
3380 4740 3435 4794 ld

1875 4813 2053 4854 autem
2081 4804 2153 4874 ita
2188 4816 2307 4855 esse
2329 4802 2504 4874 facile,
2530 4802 2741 4874 opinor,
2760 4804 3051 4874 ifatebitur,
3075 4809 3163 4874 qui
3191 4823 3276 4872 ea,
3314 4825 3435 4874 quae

1875 4874 2069 4945 partim
2112 4871 2223 4945 jam
2272 4872 2623 4945 protulimus,
2650 4870 2829 4926 Basilii
2864 4870 3282 4945 verbaulcgerit.
3317 4870 3429 4931 Hoc

1873 4942 2103 5060 Ἦιὶιίεηι,
2138 4943 2332 5006 inquit,
2362 4941 2427 4992 ab
2462 4956 2521 4992 eo
2570 4942 2767 4995 dictum
2799 4954 2893 5007 est,
2923 4955 2975 4995 ut
3027 4941 3361 5012 Umbemmm
3400 4971 3431 5001 ιι

1928 5021 2036 5060 atre
2069 5010 2294 5060 alienum
2318 5012 2555 5060 ostendat
2597 5026 2617 5060 :
2655 5020 2707 5060 at
2737 5021 2968 5060 nostrum
2997 5030 3282 5060 serinnmm
3304 5035 3431 5060 nnn-

1928 5021 2036 5063 atre
2069 5010 2294 5061 alienum
2318 5012 2555 5063 ostendat
2597 5026 2617 5063 ἔ
2655 5020 2707 5063 at
2737 5021 2968 5064 nostrum
2997 5010 3282 5069 sermonem
3304 5035 3432 5071 con-

1872 5080 2068 5154 firmat.
2104 5109 2171 5154 ς-
2198 5080 2505 5154 Καὶ-τοῦζῑρ
2534 5080 2684 5132 κατὰ
2707 5080 2812 5154 τον
2843 5083 3067 5135 τούτων
3088 5086 3289 5154 λόγον.
3328 5088 3435 5140 Το-

1877 5158 1959 5200 tus
1995 5148 2253 5224 hiclocus
2286 5151 2366 5201 sic
2409 5150 2616 5224 videtur
2656 5151 2959 5224 reddendus
3002 5172 3014 5205 :
3062 5148 3229 5224 Atqite
3271 5158 3325 5209 id
3365 5174 3431 5210 ea:

1872 5233 2052 5270 eorum
2080 5217 2323 5292 doctrina
2350 5220 2702 5292 consequitur,
2734 5222 2807 5273 ita
2834 5234 2883 5273 ut
2917 5225 2991 5276 eis
3018 5217 3335 5292 superﬂuum
3362 5232 3429 5279 sit

1872 5289 2245 5353 contradicere,
2278 5303 2394 5364 cum
2428 5288 2479 5338 id
2506 5305 2609 5342 non
2645 5292 2862 5364 possint.
2901 5295 2973 5345 Ac
3002 5288 3186 5360 magno
3220 5299 3429 5364 quidem

1872 5373 2133 5434 mercarer
2189 5366 2244 5409 ut
2284 5359 2417 5434 hanc
2458 5374 2608 5410 suam
2664 5360 2975 5434 impietatem
3006 5359 3295 5434 abtiegen't;
3337 5370 3427 5418 sed

1870 5427 1992 5493 quia
2019 5442 2131 5478 eam
2164 5426 2509 5491 protulerunt.
2546 5440 2651 5482 etc.
2684 5428 2891 5483 ΜΑιιΑΝ.

1942 5495 2051 5564 (55)
2083 5496 2220 5547 Editi
2253 5495 2350 5564 μὲν
2384 5495 2517 5548 Θεοῦ
2568 5499 2879 5566 ἁγεννησία.
2928 5500 3104 5556 Codex
3166 5502 3319 5557 Colb.
3375 5517 3430 5556 et

1872 5562 2005 5646 Reg.
2035 5562 2227 5646 tertius
2256 5562 2315 5645 ut
2358 5568 2407 5646 i'n
2463 5562 2909 5646 contemtu—Mos
2957 5572 3113 5646 iidem
3160 5574 3428 5646 codices'l)

1870 5635 2137 5705 ἐνέργεια.
2170 5635 2451 5705 Articulus
2476 5637 2527 5689 in
2561 5638 2721 5690 editis
2750 5639 3178 5695 desiderabatur.

1870 5703 2051 5826 but-0‘54)
2078 5703 2330 5760 Voculam
2365 5704 2462 5774 μέν
2493 5706 2673 5763 addidi
2695 5720 2759 5762 ex
2788 5710 2993 5765 duobus
3022 5708 3204 5782 Regiis
3227 5712 3432 5770 οθὰὶοἰε

1910 5789 1995 5829 ιιε.
