4026 6446
545 353 650 413 ϐίἺ

1888 357 1945 411 S.
1985 355 2228 413 BASILII
2267 355 2484 413 MAGNI

3686 354 3796 410 058

547 479 831 538 propterea
864 469 1002 538 quod
1031 469 1250 537 ingeuiti
1286 477 1590 524 creaturam
1623 468 1818 523 Filium
1850 469 2108 534 inveniat,

2229 469 2306 523 ιοῦ
2343 471 2442 541 μὲν
2465 469 2756 540 ἀγεννήτου
2781 468 2868 522 τὸν
2895 469 3019 522 Υίὸν
3046 469 3310 540 εὑρίσκων
3350 470 3582 542 ποίημα,
3610 469 3708 524 τοῦ
3739 472 3798 524 δὲ

551 557 816 626 Unigeniti
845 556 1363 622 vero,Paracletum,
1401 559 1527 612 item
1565 567 1843 627 propterea
1876 558 2017 628 quod
2049 573 2115 612 ex

554 647 821 717 Unigeniti
851 649 1189 715 praestantia,
1226 648 1564 716 operationis
1595 649 1880 703 confirmet
1928 649 2114 704 diver-

548 740 785 799 sitatem,
814 738 929 807 ejus
956 739 1120 791 etiam
1148 738 1480 792 diversitatis
1502 753 1623 806 quae
1668 739 1961 793 secundum
1993 741 2119 794 sub-

548 830 799 883 stantiam
830 838 932 893 est,
964 836 1336 895 argumentum
1365 827 1726 881 certissimum
1757 828 1974 897 accipit.

617 922 741 974 Bas.
774 920 1011 973 Primum
1038 919 1202 988 igitur
1231 919 1502 988 quomodo
1525 919 1842 974 subStantia:
1876 935 1940 974 ex
1966 935 2119 974 crea-

551 1016 684 1067 turis
713 1013 966 1067 mstimari
994 1012 1224 1082 possint,
1246 1026 1347 1079 ego
1372 1011 1587 1080 quidem
1625 1028 1729 1064 non
1756 1012 1930 1066 video.
1965 1013 2116 1066 Enim

554 1121 680 1161 vero
715 1105 1030 1174 potentiam,
1067 1104 1496 1172 sapientiamque
1522 1112 1578 1157 et
1622 1111 1815 1166 artem,
1852 1119 1957 1158 non
1993 1103 2121 1157 sub-

553 1199 806 1252 stantiam
861 1198 1038 1267 ipsam
1089 1197 1328 1251 indicant
1380 1206 1666 1250 creaturae.
1708 1196 1821 1250 lmo
1857 1212 1925 1250 ne
1953 1198 2118 1266 ipsam

553 1293 769 1361 quidem
806 1291 1021 1361 opificis
1069 1291 1358 1360 potentiam
1388 1300 1554 1344 totam
1591 1289 1901 1343 necessario
1939 1290 2122 1344 decla-

552 1394 715 1448 rant;
748 1398 872 1438 cum
899 1397 1284 1451 nonnunquam
1316 1383 1431 1435 fieri
1475 1383 1669 1451 possit,
1702 1390 1759 1434 ut
1786 1380 1981 1436 artifex
2018 1395 2123 1436 non

550 1493 742 1532 omnes
789 1477 937 1530 vires
983 1491 1110 1530 suas
1143 1476 1195 1528 in
1240 1475 1450 1544 agendo
1482 1485 1720 1538 exserat,
1753 1475 1846 1527 sed
1875 1488 2018 1543 sazpe
2041 1487 2125 1528 re-

549 1569 854 1622 missiorem
875 1575 1125 1621 conatum
1152 1567 1202 1619 in
1233 1566 1488 1632 operibus
1507 1567 1638 1619 artis
1667 1566 1942 1620 adhibeat.
1968 1564 2122 1632 Quod

552 1663 596 1716 si
632 1672 798 1716 totam
824 1661 985 1715 etiam
1017 1659 1315 1728 potentiam
1351 1658 1736 1712 transmoverit
1761 1660 1811 1711 in
1840 1674 2000 1729 Opus,
2047 1659 2122 1712 ita

552 1758 764 1809 domum
795 1753 1038 1806 futurum
1075 1760 1177 1813 est,
1213 1760 1270 1803 ut
1293 1749 1410 1817 ejus
1437 1752 1584 1803 vires
1627 1749 1882 1818 operibus
1931 1751 2124 1803 metia-

2218 562 2553 631 Μενογενοῦς
2579 563 2667 615 τὸν
2688 562 3061 634 Παράκλητον,
3085 564 3195 615 κάκ
3225 564 3321 633 τῆς
3338 563 3430 616 τοῦ
3456 564 3800 633 Μονογενοῦς

2219 655 2490 726 ὑπεροχῆς
2526 656 2635 725 (55)
2669 653 2766 724 τὴν
2807 653 2906 723 τῆς
2944 653 3224 724 ἐνεργείας
3273 654 3536 725 διαφορὰν
3575 654 3800 706 πιστού-

2224 763 2398 817 μενος,
2429 744 2907 816 ἀναμφισϐήτητον
2931 743 3194 814 λαμϐάνει
3221 745 3315 796 καὶ
3335 744 3436 813 τῆς
3456 748 3578 797 κατ’
3605 747 3800 798 οὐσίαν

2221 837 2567 910 παραλλαγῆς
2592 837 2690 908 τὴν
2713 834 3003 898 ἀπόδειξιν.

2290 929 2435 981 ΒΑΣ.
2481 928 2701 998 Πρῶτον
2755 927 2853 997 μὲν
2891 921 2983 979 οὖν
3024 926 3141 989 πῶς
3176 925 3400 978 δυνατὸν
3448 929 3513 979 ἐκ
3541 926 3651 978 τῶν
3704 926 3800 996 δη-

2224 1021 2646 1092 μιουργημάτων
2692 1019 2792 1083 τὰς
2833 1020 3021 1082 οὐσίας
3063 1018 3510 1087 ἀναλογίζεσθαι,
3537 1017 3647 1087 ἐγὼ
3701 1021 3800 1089 μὲν

2218 1113 2313 1180 οὐχ
2342 1109 2472 1182 ὁρῶ.
2514 1111 2800 1181 Δυνάμεως
2847 1109 2976 1181 γὰρ,
3033 1111 3127 1164 καὶ
3178 1110 3386 1179 σοφίας,
3440 1109 3534 1162 καὶ
3581 1109 3797 1179 τέχνης,

2219 1202 2340 1273 οὐχὶ
2369 1201 2425 1254 δὲ
2473 1201 2571 1272 τῆς
2607 1201 2791 1265 οὐσίας
2817 1201 2983 1272 αὐτῆς
3010 1200 3316 1254 ένδεικτικά
3340 1205 3454 1254 ἐστι
3491 1201 3797 1269 ποιήματα.

2220 1295 2331 1349 Καὶ
2353 1295 2474 1348 οὐδὲ
2506 1293 2675 1364 αὐτὴν
2710 1295 2889 1346 πᾶσαν
2935 1292 3027 1346 τοῦ
3068 1293 3399 1365 δημιουργοῦ
3435 1294 3534 1364 τὴν
3567 1291 3801 1362 δύναμιν

2222 1388 2533 1459 ἀναγκαίως
2559 1389 2905 1459 παρίστησιν,
2951 1388 3303 1458 ἐκδεχομένου
3338 1387 3460 1440 ποτὲ
3500 1387 3593 1440 τὸν
3625 1387 3804 1456 τεχνί-

2222 1498 2320 1552 την
2370 1481 2442 1553 μὴ
2472 1483 2653 1535 πᾶσαν
2687 1481 2880 1534 ἑαυτοῦ
2925 1480 3022 1550 τὴν
3082 1481 3231 1549 ἰσχὺν
3279 1479 3636 1533 ὲναποθέσθαι
3685 1481 3806 1540 ταῖς

2224 1572 2538 1642 ἐνεργείαις,
2554 1571 2666 1624 ἀλλ’
2682 1571 2992 1641 ὑφειμένοις
3011 1569 3266 1631 πολλάκις
3279 1570 3370 1622 ἐπὶ
3387 1570 3493 1622 τῶν
3509 1569 3688 1639 ἔργων
3707 1571 3807 1638 τῆς

2224 1664 2417 1734 τέχνης
2439 1666 2546 1726 τοῖς
2569 1663 2741 1727 τόνοις
2765 1661 2876 1733 (56)
2902 1660 3227 1732 χρήσασθαι.
3254 1662 3314 1713 Εἰ
3342 1661 3398 1714 δὲ
3431 1661 3523 1713 καὶ
3548 1660 3680 1731 ὃλην
3708 1661 3807 1731 τὴν

2225 1755 2450 1824 δύναμιν
2499 1755 2590 1806 ἐπὶ
2634 1755 2694 1808 τὸ
2742 1755 2901 1826 ἔργον
2957 1753 3323 1821 άνακινήσειε,
3377 1752 3469 1804 καὶ
3515 1752 3692 1816 οὑτως
3741 1753 3810 1806 ἂν

554 1863 695 1909 mur,
721 1860 825 1899 non
853 1853 1030 1896 autem
1068 1847 1159 1896 fiet
1193 1852 1250 1895 ut
1294 1841 1680 1904 substantiam,
1733 1855 1852 1908 qua:
1907 1839 2122 1894 tandem

2229 1847 2460 1917 ὑπάρχοι
2499 1845 2595 1915 τὴν
2639 1846 2789 1915 ἰσχὺν
2829 1843 2994 1898 αὐτοῦ
3023 1843 3112 1896 διά
3140 1842 3248 1895 τῶν
3285 1842 3458 1914 ἔργων
3483 1845 3810 1915 ἀναμετρεῖ-

553 1954 615 1992 ca
649 1938 740 2005 sit,
783 1935 1167 1998 intelligamus.
1214 1933 1368 2000 Quod
1409 1933 1476 1995 si,
1523 1933 1781 2000 quoniam
1810 1930 1994 1984 divina
2031 1949 2125 1985 na-

556 2040 671 2082 tura
708 2027 936 2097 simplex
983 2035 1067 2080 est
1123 2035 1287 2092 atque
1337 2022 1731 2091 incomposita,
1761 2022 2122 2077 substantiam

553 2120 824 2174 existimet
853 2133 955 2170 una
984 2131 1104 2171 cum
1133 2124 1396 2185 potestate
1418 2129 1766 2178 concurrere,
1800 2127 1876 2177 et,
1904 2123 2123 2183 propter

557 2215 792 2266 innatam
835 2211 944 2264 Deo
971 2210 1286 2275 bonitatem,
1310 2208 1456 2261 dicat
1509 2215 1676 2261 totum
1721 2206 1898 2260 Patris
1929 2217 2120 2277 poten-

558 2305 685 2357 tiam
715 2302 780 2356 ad
820 2301 1223 2372 generationem
1255 2301 1376 2353 Filii
1425 2308 1776 2360 commotam,
1830 2309 1990 2366 atque
2022 2299 2122 2353 ite-

557 2409 676 2448 rum
711 2402 873 2446 totam
920 2389 1196 2460 Unigeniti
1229 2389 1294 2443 ad
1332 2389 1692 2443 substantiam
1740 2387 1979 2453 Spiritus
2002 2402 2128 2440 san-

555 2487 652 2548 t'li,
699 2483 835 2537 adeo
879 2493 936 2534 ut
975 2497 1040 2535 ex
1072 2481 1281 2550 Spiritu
1323 2480 1541 2548 quidem
1579 2479 1818 2547 potentia
1849 2475 2125 2547 Uuigeniti

564 2577 970 2646 conspiciatur,
1023 2572 1290 2641 simulque
1333 2573 1495 2625 etiam
1567 2571 1907 2626 substantia:
1943 2583 2130 2624 rursus

559 2683 687 2722 vero
717 2682 780 2721 cx
818 2665 1127 2733 Unigenito,
1162 2663 1336 2716 Patris
1372 2662 1705 2732 intelligatur
1728 2673 1782 2717 et
1809 2663 2048 2732 potentia
2074 2671 2129 2716 et

555 2759 857 2818 substantia
886 2797 901 2821 ,
947 2757 1214 2812 advertite
1261 2755 1388 2824 quid
1423 2754 1549 2809 hinc
1590 2754 1892 2825 colligatur.
1931 2752 2064 2808 Nam
2097 2769 2127 2809 e

557 2852 753 2920 quibus
785 2859 1010 2904 conatus
1045 2857 1130 2901 est
1160 2846 1477 2900 substantiae
1506 2846 2004 2900 dissimilitudinem
2037 2861 2128 2900 os-

561 2944 800 3004 tendere,
839 2955 905 2995 ex
955 2939 1019 2991 iis
1050 2938 1379 3004 comperitur
1417 2938 1828 2992 similitudinem
1857 2949 2122 2992 astruere.

559 3037 770 3092 Etenim
796 3034 840 3089 si
878 3039 1117 3100 potestas
1149 3029 1280 3083 nihil
1313 3044 1435 3082 cum
1457 3031 1760 3083 substantia
1787 3030 1949 3084 habet
1973 3045 2125 3083 com-

560 3145 744 3194 mune,
790 3127 1060 3198 quomodo
1092 3140 1159 3178 ex
1201 3122 1433 3192 Opificiis
1463 3138 1584 3193 quae
1607 3121 1833 3175 effectus
1865 3128 1994 3173 sunt
2029 3135 2127 3188 po-

2227 1939 2371 2003 σθαι,
2411 1938 2532 2008 οὐχὶ
2573 1937 2630 1989 δὲ
2665 1938 2761 2007 τὴν
2793 1938 3004 2000 οὐσίαν,
3035 1937 3159 2007 ἦτις
3193 1936 3322 1991 ποτέ
3345 1938 3457 1989 ἐστι
3480 1975 3493 1998 ,
3520 1937 3808 2004 καταλαμ-

2225 2028 2500 2083 ϐάνεσθαι.
2553 2025 2615 2079 El
2647 2025 2704 2078 δὲ
2757 2027 2840 2080 διὰ
2878 2028 2938 2080 τὸ
2989 2027 3193 2081 ἁπλοῦν
3234 2027 3328 2080 καὶ
3382 2025 3672 2079 ἀσύνθετον
3711 2027 3809 2094 τῆς

2227 2120 2375 2181 θείας
2403 2119 2617 2188 φύσεως
2647 2121 2711 2189 τῇ
2747 2118 2842 2189 μὲν
2875 2118 3099 2188 δυνάμει
3135 2118 3430 2189 σύνδρομον
3457 2114 3666 2167 τίθεται
3711 2116 3809 2184 τὴν

2224 2213 2429 2276 οὐσίαν,
2467 2213 2558 2264 καὶ
2595 2212 2682 2264 διὰ
2730 2213 2826 2282 τὴν
2871 2211 3177 2283 προσοῦσαν
3235 2211 3546 2282 ἀγαθότητα
3580 2206 3663 2278 τῷ
3693 2206 3813 2276 Θεῷ

2225 2306 2351 2374 ὅλην
2372 2305 2468 2375 μὲν
2484 2303 2800 2374 κεκινῆσθαι
2825 2302 2972 2370 λέγοι
3000 2303 3111 2373 (57)
3129 2302 3225 2373 τὴν
3242 2303 3334 2356 τοῦ
3352 2303 3564 2374 Πατρός
3580 2301 3812 2369 δύναμιν

2227 2400 2305 2460 είς
2335 2397 2434 2468 τὴν
2480 2397 2734 2465 γέννησιν
2773 2395 2865 2448 τοῦ
2898 2394 3030 2447 Υίοῦ
3052 2435 3066 2456 ,
3101 2394 3226 2464 ὅλην
3265 2395 3322 2447 δὲ
3356 2395 3517 2447 πάλιν
3567 2394 3668 2465 τὴν
3717 2391 3812 2446 τοῦ

2229 2485 2564 2552 Μονογενοῦς
2605 2486 2684 2546 είς
2713 2482 2810 2554 τὴν
2838 2484 3136 2537 ὑπόστασιν
3160 2484 3255 2536 τοῦ
3281 2483 3438 2551 ἁγίου
3471 2482 3809 2552 Πνεὺματος,

2229 2575 2369 2628 ὥστε
2399 2576 2462 2626 ὲκ
2495 2575 2591 2644 μὲν
2624 2576 2716 2628 τοῦ
2735 2575 3048 2646 Πνεύματος
3076 2579 3174 2648 τὴν
3206 2575 3299 2628 τοῦ
3342 2574 3682 2642 Μονογενοῦς
3720 2573 3814 2625 δύ-

2231 2683 2393 2738 ναμιν
2428 2665 2770 2736 θεωρεῖσθαι,
2801 2668 2936 2737 ὁμοῦ
2959 2669 3016 2720 δὲ
3049 2670 3142 2720 καὶ
3169 2668 3265 2740 τὴν
3293 2669 3500 2732 οὐσίαν,
3532 2670 3597 2721 ἐκ
3629 2668 3686 2719 δὲ
3717 2666 3814 2719 τοῦ

2231 2760 2563 2830 Μονογενοῦς
2615 2759 2778 2813 πάλιν
2801 2761 2898 2831 τὴν
2941 2761 3035 2812 τοῦ
3095 2763 3303 2832 Πατρὸς
3351 2763 3580 2831 δύναμίν
3626 2777 3686 2812 τε
3719 2761 3813 2812 καὶ

2228 2857 2413 2908 οὐσίαν
2447 2853 2959 2924 καταλαμϐάνεσθαι
2980 2869 2992 2882 ⁸
3043 2856 3294 2906 σκοπεῖτε
3327 2854 3389 2904 τὸ
3420 2853 3808 2922 συναγόμενον.

2241 2947 2330 3011 Ἐξ
2355 2939 2428 3000 ὧν
2463 2945 2570 3018 γάρ
2610 2945 2934 3016 ἐπεχρίρησε
2984 2943 3044 2997 τὸ
3093 2943 3343 3014 ἀνόμοιον
3398 2945 3660 3014 συστῆσαι
3710 2945 3814 3013 τῆς

2229 3041 2437 3103 οὐσίας,
2463 3041 2526 3092 ὲκ
2553 3038 2758 3092 τούτων
2784 3039 2953 3109 ἐφάνη
2989 3036 3412 3101 κατασκευάζων
3439 3036 3537 3109 τὴν
3562 3038 3814 3107 ὁμοιότη-

2230 3145 2318 3180 τα.
2359 3131 2419 3180 Εἰ
2453 3129 2551 3198 μὲν
2577 3130 2684 3200 γὰρ
2719 3129 2868 3181 οὐδὲν
2896 3129 3006 3199 ἔχει
3031 3126 3260 3199 κοινὸνὴ
3291 3127 3519 3199 δύναμις
3549 3128 3684 3199 πρὸς
3711 3128 3815 3198 τὴν

559 3195 890 3286 ιθεεειίείείι
925 3216 1465 3288 comprehensionem
1509 3215 1674 3284 ipsius
1707 3213 1972 3268 deductus
2001 3211 2126 3266 est?

2230 3218 2434 3280 οὐσίαν,
2465 3219 2577 3280 πῶς
2620 3220 2684 3272 ὲκ
2742 3219 2851 3272 τῶν
2896 3220 3426 3290 δημιουργημάτων,
3475 3221 3617 3292 άπερ
3654 3221 3816 3273 δυνά-

557 3323 768 3376 contra,
814 3311 858 3364 si
907 3311 1046 3365 idem
1101 3319 1186 3364 est
1233 3308 1536 3364 substantia
1575 3316 1629 3361 et
1665 3316 1943 3377 potestas:
1983 3305 2128 3374 quod

559 3416 878 3476 pmestatem
915 3405 1182 3472 designat,
1219 3403 1271 3456 id
1296 3403 1536 3472 profecto
1582 3400 1938 3456 substantiam
1965 3399 2128 3454 etiam

559 3498 882 3565 designabit.
918 3494 1150 3548 Proinde
1188 3494 1399 3561 opiticia
1431 3508 1536 3546 non
1566 3495 1631 3546 ad
1665 3492 1983 3547 substantia:
2017 3492 2130 3544 dis-

559 3588 994 3652 similitudinem,
1028 3595 1084 3638 ut
1139 3593 1193 3637 tu
1224 3584 1378 3647 dicis,
1417 3585 1508 3637 sed
1555 3583 1620 3636 ad
1655 3585 1948 3652 perfectam
1983 3584 2132 3638 simi-

561 3682 841 3734 litudinem
887 3682 1112 3733 ducunt.
1159 3679 1364 3731 ltursus
1393 3685 1540 3730 certe
1567 3688 1618 3727 et
1660 3676 1746 3729 hic
1779 3685 2008 3732 conatus
2038 3691 2132 3729 no-

561 3785 731 3828 stram
770 3772 940 3839 magis
985 3786 1144 3838 quam
1201 3769 1368 3838 ipsius
1411 3767 1736 3822 sententiam
1765 3766 1991 3822 stabilit.
2026 3767 2132 3821 Aut

563 3868 709 3922 enim
741 3879 842 3918 non
877 3864 1040 3917 habet
1061 3861 1200 3914 unde
1227 3875 1286 3912 ea
1317 3875 1436 3929 quae
1463 3862 1596 3914 dixit
1624 3853 2131 3922 demonstretfaut,

566 3961 610 4013 si
633 3975 662 4013 e
687 3958 845 4012 rebus
863 3956 1114 4010 humanis
1136 3951 1380 4018 exempla
1407 3961 1703 4014 mutuatur,
1751 3953 1992 4006 inveniet
2023 3967 2127 4004 non

565 4068 630 4107 ex
670 4049 896 4105 artificis
951 4048 1204 4115 operibus
1241 4042 1464 4113 intelligi
1527 4057 1554 4094 a
1598 4044 1754 4096 nobis
1785 4046 1902 4109 ejus
1951 4058 2132 4100 essen-

564 4147 714 4208 tiam,
744 4143 835 4197 sed
860 4157 923 4196 ex
950 4140 1130 4210 genito
1152 4137 1410 4209 genitOris
1443 4144 1691 4189 naturam
1721 4135 1996 4201 cognosci.
2025 4134 2134 4188 Nec

564 4237 709 4290 enim
745 4234 862 4288 fieri
889 4242 1085 4301 potest,
1121 4241 1178 4284 ut
1197 4231 1313 4300 ejus
1337 4229 1426 4298 qui
1458 4231 1676 4282 domum
1719 4226 2024 4279 construxit
2049 4238 2134 4279 es-

570 4328 746 4383 sentia
800 4325 1285 4392 comprehendatur
1322 4338 1388 4376 ex
1420 4323 1618 4377 domo:
1661 4331 1715 4373 at
1749 4316 1967 4373 difﬁcile
2028 4331 2134 4369 non

566 4429 649 4475 est
674 4435 736 4473 ex
757 4419 1002 4488 genitura
1032 4415 1291 4486 genitoris
1318 4423 1566 4467 naturam
1591 4410 1918 4480 intelligere.
1955 4405 2137 4472 Quare

2235 3309 2377 3380 μεώς
2401 3311 2547 3361 ἐστιν
2574 3309 3007 3378 ἀποτελέσματα,
3039 3312 3174 3380 πρὸς
3195 3310 3291 3380 τὴν
3313 3312 3614 3382 κατάληψιν
3639 3311 3818 3381 αὐτῆς

2231 3399 2523 3470 ὠδηγήθη;
2565 3401 2612 3452 εί
2656 3399 2711 3452 δὲ
2750 3399 2943 3452 ταυτὸν
2988 3399 3143 3451 οὐσία
3178 3401 3238 3452 τέ
3285 3403 3398 3453 ὲστι
3433 3403 3526 3455 καὶ
3555 3403 3812 3472 δύναμις,

2231 3493 2292 3544 τὸ
2324 3491 2419 3562 τὴν
2461 3491 2689 3560 δύναμιν
2718 3491 3116 3562 χαρακτηρίζον
3159 3493 3549 3563 χαρακτηρίσει
3590 3496 3817 3558 πάντως

2233 3586 2327 3637 καὶ
2382 3582 2480 3654 τὴν
2525 3583 2733 3637 οὐσίαν.
2793 3583 2951 3636 Ὥστε
3009 3583 3076 3638 τά
3129 3584 3609 3657 δημιουργήματα,
3637 3587 3713 3648 ὡς
3746 3590 3816 3640 σὺ

2234 3677 2356 3748 φῂς,
2385 3676 2444 3728 οὐ
2469 3674 2603 3746 πρὸς
2639 3675 2699 3726 τὸ
2727 3675 2976 3746 ἀνόμοιον
3005 3676 3102 3746 τῆς
3134 3677 3344 3741 οὐσίας,
3380 3677 3516 3731 ἀλλά
3551 3678 3687 3748 πρὸς
3713 3678 3818 3749 τὴν

2233 3767 2518 3839 ἀκρίϐειαν
2543 3767 2639 3838 τῆς
2672 3767 2990 3840 ὁμοιότητος
3033 3769 3205 3840 φέρει.
3264 3768 3430 3821 Πάλιν
3489 3768 3670 3837 μέντοι
3716 3768 3819 3822 καὶ

2232 3859 2388 3912 τοῦτο
2412 3858 2473 3910 τὸ
2497 3859 2800 3930 ἐγχείρημα
2818 3860 2907 3912 τὸν
2931 3859 3195 3930 ἡμέτερον
3237 3858 3434 3929 μᾶλλον
3464 3859 3496 3928 ἢ
3521 3857 3611 3910 τὸν
3644 3856 3818 3910 αὑτοῦ

2233 3951 2388 4019 λόγον
2415 3951 2746 4022 συνίστησιν.
2789 3954 2859 4004 Ἢ
2889 3951 2998 4021 γὰρ
3040 3951 3337 4021 οὐδαμόθεν
3371 3949 3482 4020 ἔχει
3531 3950 3822 4019 παρασχέ-

2236 4044 2356 4096 σθαι
2390 4045 2497 4097 τῶν
2528 4045 2830 4115 εἰρημένων
2858 4045 2956 4107 τὰς
3001 4043 3332 4106 ἀποδείξεις,
3363 4042 3395 4112 ἢ
3429 4041 3586 4111 εἴπερ
3617 4043 3682 4092 ἐκ
3707 4040 3822 4092 τῶν

2235 4134 2586 4205 ἀνθρωπίνων
2635 4135 2734 4196 τάς
2773 4135 2985 4196 είκόνας
3031 4133 3317 4197 λαμϐάνοι,
3369 4135 3592 4202 εὑρήσει
3617 4132 3717 4184 οὐκ
3748 4132 3821 4184 ὲκ

2235 4226 2342 4277 τῶν
2368 4227 2546 4297 ἔργων
2588 4226 2680 4279 τοῦ
2713 4227 2956 4294 τεχνίτου
2987 4227 3045 4277 ὲν
3080 4225 3326 4295 περινοίᾳ
3355 4224 3456 4292 τῆς
3491 4225 3677 4285 οὐσίας
3710 4225 3819 4276 αὑ-

2235 4318 2326 4371 τοῦ
2379 4318 2695 4387 γινομένους
2732 4317 2898 4387 ἡμᾶς,
2946 4315 3059 4369 ἀλλ’
3103 4317 3166 4369 ὲκ
3202 4313 3294 4367 τοῦ
3334 4311 3682 4382 γεννηθέντος
3715 4313 3821 4382 τὴν

2235 4410 2327 4463 τοῦ
2361 4409 2749 4480 γεγεννηκότος
2795 4409 2953 4479 φύσιν
2989 4407 3468 4477 ἑπιγινὼσκοντας.
3501 4404 3575 4457 Οὐ
3611 4403 3719 4474 γὰρ
3749 4405 3820 4456 ὲκ

567 4514 612 4565 si
649 4511 965 4581 Unigenitus
997 4518 1247 4564 creatura
1281 4515 1396 4571 est,
1430 4505 1610 4558 Patris
1643 4505 1799 4560 nobis
1838 4503 2126 4558 essentiam

2237 4505 2336 4573 τῆς
2385 4504 2562 4567 οἰκίας
2613 4504 2710 4576 τὴν
2754 4504 2941 4558 οὐσίαν
2991 4502 3085 4555 τοῦ
3145 4501 3426 4571 οἰκοδόμου
3486 4497 3819 4550 καταλαϐεῖν

569 4622 672 4657 ιιοη
701 4604 921 4658 exhibet
949 4619 961 4652 :
1004 4602 1048 4656 si
1094 4615 1224 4654 vero
1253 4597 1466 4653 Patrem
1512 4597 1666 4651 nobis
1696 4607 1882 4650 notum
1920 4612 2016 4666 per
2044 4610 2133 4650 se-

567 4696 743 4764 ipsum
811 4694 958 4759 facit,
1014 4708 1117 4746 non
1169 4700 1419 4744 creatura
1457 4697 1561 4754 est,
1603 4690 1696 4743 sed
1733 4689 1903 4742 Filius
1949 4703 2132 4752 verus,

569 4787 772 4855 Deique
799 4786 997 4849 imago.
1024 4795 1077 4838 et
1105 4781 1421 4838 substantire
1463 4782 1768 4834 character.
1805 4779 1989 4848 Atque
2019 4779 2134 4833 haec

568 4881 780 4946 quidem
806 4889 928 4932 Sltttl
951 4875 1275 4945 hujusmodi.

564 4974 717 5042 τέρα,
779 4971 897 5038 οὐχὶ
946 4967 1351 5037 δημιούργημα,
1393 4962 1528 5016 ἀλλά
1580 4959 1704 5022 Υἱὸς
1758 4960 1984 5030 ἀληθὴς,
2039 4958 2133 5011 καὶ

568 5066 674 5116 Καὶ
701 5062 872 5115 ταῦτα
910 5077 1006 5128 μεν
1033 5059 1271 5109 τοιαῦτα.

640 5251 750 5319 (55)
782 5249 823 5303 E
849 5250 1063 5316 regione
1093 5237 1553 5319 πρῖε-ὑπεροχῆς..
1598 5235 1648 5286 in
1673 5231 1932 5319 'margine
1956 5233 2124 5319 ‘Regii

571 5301 937 5387 terft—ii‘le‘gitul"
963 5319 1062 5369 hoc
1095 5301 1380 5387 scholium,‘
1412 5301 1478 5377 ἥν
1521 5304 1844 5387 ὑπερέχεται
1879 5301 1982 5387 ὑπὸ
2019 5301 2119 5387 τοὺ

570 5371 1224 5462 ίίνατρόςῗεαιιρτωιιᾳηιία
1250 5371 1371 5462 ’τινα
1414 5371 1753 5462 superatura
1799 5371 2124 5462 qutrelsed

571 5443 651 5517 ait
670 5443 1054 5519 Colnbefi'sius,
1083 5457 1222 5507 hunc
1250 5443 1426 5504 locum
1457 5445 1555 5519 sibi
1581 5445 1744 5519 videri
1779 5443 2128 5519 p0tius_acci-

571 5511 820 5604 piendum
844 5531 906 5582 de
933 5542 994 5578 ea
1018 5511 1348 5604 praestantia,
1376 5533 1476 5585 qua
1505 5513 1825 5604 Unigettilps
1857 5527 1920 5564 ex
1950 5511 2122 5565 Euno-

573 5585 872 5658 itiianoruut
901 5585 1166 5650 sententia
1201 5585 1790 5662 Spiritumsuperabat:
1867 5651 1877 5662 ⁸
1917 5651 1928 5662 ⁹

784 5667 1001 5740 Irrepsit
1036 5651 1282 5716 mendum
1331 5664 1380 5740 in
1413 5655 1709 5712 editionem
1742 5651 2125 5740 [Parisiensem

573 5721 1211 5807 negligentia.operarum
1267 5751 1280 5786 :
1342 5732 1526 5795 inqua
1576 5738 1670 5790 pro
1702 5721 1875 5784 τόνοις
1929 5721 2130 5790 legitur

571 5816 769 5873 πόνοις.

2241 4598 2493 4651 δυνατόν·
2526 4599 2588 4652 ὲκ
2644 4599 2824 4668 μέντοι
2873 4595 2966 4648 τοῦ
3015 4596 3350 4664 γεννήματος
3383 4593 3569 4661 νοῆσαι
3631 4589 3819 4659 ῥᾴδιον

2241 4690 2331 4742 τοῦ
2380 4691 2764 4760 γεγεννηκότος
2799 4689 2896 4759 τὴν
2927 4689 3107 4757 φύσιν.
3153 4687 3313 4737 Ὥστε
3340 4687 3386 4736 εί
3418 4685 3515 4752 μὲν
3548 4679 3820 4751 δημιούρ-

2239 4799 2390 4852 γημα
2423 4785 2450 4836 ὁ
2490 4780 2814 4850 Μονογενὴς,
2851 4782 2911 4833 οὐ
2947 4779 3276 4850 παρίστησιν
3307 4777 3438 4846 ἡμῖν
3473 4773 3568 4826 τοῦ
3599 4774 3820 4844 Πατρὸς

2238 4873 2335 4942 τὴν
2361 4875 2576 4927 οὐσίανσ
2611 4874 2658 4924 εί
2691 4871 2746 4924 δὲ
2776 4872 3028 4943 γνωρίζει
3071 4871 3204 4941 ἡμῖν
3249 4869 3314 4921 δι’
3349 4867 3540 4922 ἑαυτοῦ
3578 4867 3670 4921 τὸν
3706 4869 3821 4920 Πα-

2193 4961 2354 5015 είκὼν
2397 4964 2489 5016 τοῦ
2559 4962 2714 5028 Θεοῦ,
2774 4964 2868 5014 καὶ
2934 4961 3045 5031 (58)
3109 4960 3456 5023 ὑποστάσεως
3503 4960 3816 5030 χαρακτήρ.

2309 5231 2422 5304 (57)
2463 5230 2704 5304 (Iudices
2719 5232 2923 5304 aliquot
2945 5237 3116 5300 λέγει.

2309 5298 2420 5370 (58)
2459 5302 2635 5356 Codex
2668 5298 2824 5356 ColbI
2876 5312 2930 5357 et
2980 5298 3065 5356 alii
3109 5314 3219 5356 tres
3275 5299 3426 5370 Regii
3479 5298 3618 5353 ἀλλά
3683 5299 3811 5362 Υἱὸς

2225 5373 2320 5427 καὶ
2343 5370 2505 5424 εἰκὼν
2531 5372 2852 5442 άληθὴςίκαί
2885 5389 2898 5425 :
2925 5388 3062 5439 quos
3084 5372 3250 5426 libros
3281 5381 3498 5424 secutus
3536 5370 3811 5442 interpres

2225 5448 2305 5497 sic
2336 5445 2494 5496 vertit
2529 5462 2540 5494 :
2578 5440 2703 5495 sed
2741 5441 2913 5496 Filius
2966 5453 3015 5494 et
3063 5444 3237 5509 imago
3287 5451 3397 5493 erat
3435 5455 3570 5491 vera.
3631 5440 3812 5493 Editio

2227 5525 2453 5580 utraque.
2484 5513 2654 5566 Paris.
2695 5523 2749 5565 et
2794 5511 2936 5567 Ven.
2966 5528 3088 5566 cum
3136 5509 3268 5579 Reg.
3304 5519 3459 5563 sexto
3498 5521 3554 5562 ut
3589 5511 3641 5562 in
3677 5524 3810 5580 con-

2230 5578 2397 5637 textu.
2432 5584 2558 5651 lleg.
2585 5593 2812 5649 quartus
2837 5585 2888 5634 in
2925 5583 3165 5645 margine
3198 5578 3267 5651 ita
3303 5591 3359 5651 ut
3395 5580 3674 5651 edidimus
3707 5594 3721 5632 :
3751 5578 3806 5651 i_n

2226 5663 2477 5721 Contettu
2507 5647 2633 5705 vero
2659 5653 2771 5705 ἀλλ’
2796 5653 2942 5718 Υἱὸς,
2975 5652 3070 5704 καὶ
3104 5649 3264 5704 εἰκὼν
3282 5649 3485 5721 ἀληθὴς
3511 5648 3607 5703 τοῦ
3641 5647 3805 5712 Θεοῦ,

2228 5728 2316 5777 sed
2344 5720 2540 5786 Filius,
2565 5732 2612 5775 et
2640 5739 2755 5776 vera
2779 5723 2867 5776 Dei
2895 5725 3091 5792 imago.
