4026 6476
232 383 338 436 619

1328 382 1705 437 ADVERSUS
1744 380 2108 437 EUNOMIL‘M
2148 385 2273 440 LIB.
2314 386 2379 439 II.

3366 378 3472 433 630

302 496 390 549 53.
447 495 507 547 ’Π
552 497 607 550 δὲ
655 494 968 565 παρενθήκη
997 494 1105 563 (59)
1152 498 1249 565 τῆς
1296 496 1641 564 βλασφημίας
1674 498 1806 565 ὅσης

1985 496 2149 563 270
2174 497 2261 550 5³5.
2291 498 2407 551 Jam
2438 510 2563 550 vero
2590 504 2787 563 quanta
2812 505 2897 549 est
2923 494 3263 563 blasphemia!
3289 508 3472 547 acces-

231 590 667 659 Καταφρονήσας
714 587 812 653 τῆς
840 587 897 637 έν
937 588 1048 648 τοῖς
1084 578 1434 652 Εὐαγγελίοις
1462 585 1711 655 ἀπειλῆς,
1740 588 1805 656 ἦν

230 682 258 731 ό
295 680 498 750 Κύριος
553 679 664 738 τοῖς
720 676 780 727 τὸ
805 675 1025 747 Πνεῦμα
1058 678 1118 731 τὸ
1183 677 1334 744 ἆγιον
1384 676 1807 746 βλασφημήσασι

233 769 619 843 φοϐερωτάτην
671 767 1063 835 έπανετείνατο,
1114 766 1501 837 δημιούργημα
1548 766 1693 835 λέγει
1746 768 1807 821 τὸ

233 861 457 931 Πνεῦμα
498 859 559 910 τὸ
588 860 767 926 ἅγιον·
814 860 1009 930 μικροῦ
1051 857 1182 928 μηδὲ
1216 855 1352 918 ζῶον
1398 856 1526 910 αὐτὸ
1568 852 1705 910 εἶναι
1732 858 1808 910 δι-

230 950 377 1014 δοὺς,
432 951 543 1009 τοῖς
600 948 845 1017 ἀψύχοις,
878 951 953 1012 ὡς
982 948 1046 1000 τά
1087 946 1274 1009 πολλὰ,
1300 950 1399 1017 τῆς
1442 946 1809 1018 προσηγορίας

230 1040 435 1109 ταύτης
473 1041 907 1111 ὲφαρμοζούσης.
934 1040 1006 1091 Οὐ
1041 1038 1147 1107 γὰρ
1166 1038 1249 1109 δὴ,
1283 1040 1363 1091 ὃτι
1392 1037 1657 1109 προέλαϐε
1698 1038 1806 1108 (60)

230 1134 299 1200 τῇ
376 1129 690 1202 βλασφημίᾳ
729 1132 900 1201 ταύτῃ
956 1130 1047 1183 τὸν
1101 1130 1337 1200 Κύριον,
1386 1128 1709 1197 καθυφεῖναί
1756 1146 1808 1181 τι

232 1226 386 1293 ἡμᾶς
432 1225 531 1295 τῆς
560 1226 981 1293 ἀγανακτήσεως
1028 1221 1195 1287 ἀξιον.
1239 1225 1311 1276 Οὐ
1342 1222 1449 1292 γὰρ
1491 1219 1811 1291 παραμυθία

230 1314 396 1368 τοῦτο
420 1317 517 1386 τῆς
540 1316 810 1377 ἀσεϐείας,
838 1314 970 1368 ἀλλά
994 1316 1272 1386 προσθήκη
1292 1316 1390 1385 τῆς
1415 1312 1807 1384 κατακρίσεως.

246 1407 402 1461 Ἐπεὶ
430 1411 521 1461 καὶ
555 1406 664 1476 (6|)
696 1408 723 1459 ό
755 1406 954 1478 Κύριος
988 1408 1084 1479 τὴν
1128 1408 1226 1477 μὲν
1261 1409 1338 1471 είς
1381 1406 1542 1459 αὑτὸν
1577 1405 1816 1475 βλασφη-

238 1500 371 1569 μίαν
395 1502 459 1554 δι’
473 1498 780 1571 ἀγαθότητα
813 1499 1156 1569 συνεχώρησε
1174 1514 1188 1529 ο
1213 1500 1309 1569 τὴν
1338 1500 1394 1551 δὲ
1415 1501 1492 1562 είς
1516 1499 1575 1551 τὸ
1590 1495 1813 1565 Πνεῦμα

235 1592 300 1645 τὸ
325 1592 477 1658 ἆγιον
510 1592 909 1662 ἀναπόδραστον
936 1586 1073 1641 εἶναι
1100 1592 1211 1652 τοῖς
1244 1591 1574 1661 τολμήσασιν
1602 1589 1816 1658 ἀπεφή-

235 1697 386 1735 νατο.
443 1681 665 1753 Πρῶτος
713 1682 890 1734 τοίνυν
939 1679 1048 1732 τῶν
1103 1681 1195 1749 ἀφ’
1233 1674 1292 1734 οῦ
1324 1680 1386 1732 τὸ
1427 1682 1685 1751 κήρυγμα
1715 1680 1814 1750 τῆς

237 1771 524 1837 εὐσεϐείας
581 1771 1029 1843 περιαΠέῖλεται
1063 1773 1397 1842 ὲπιφυέντων
1450 1774 1514 1842 τῇ
1564 1770 1809 1842 ἀληθείᾳ,

1914 588 1996 639 sio
2028 587 2050 638 7
2089 584 2258 638 Minas
2296 603 2387 642 eas
2419 604 2552 655 quas
2581 587 2630 641 in
2666 585 2955 653 Evangelio
2980 586 3232 640 Dominus
3268 587 3318 637 in
3349 585 3472 653 Spi-

1915 679 2075 729 ritum
2131 687 2374 730 sanctum
2419 678 2912 746 blaspltemantibus
2970 691 3227 747 perquam
3287 677 3473 729 formi-

1914 768 2122 820 dandas
2148 768 2440 821 intentavit
2466 771 2530 832 ⁸⁷,
2549 776 2891 837 aspernatus,
2917 779 3222 823 creaturam
3246 786 3367 825 esse
3401 771 3477 823 ait

1915 860 2173 929 Spiritum
2201 869 2445 912 sanctum
2472 877 2487 926 ;
2530 863 2609 912 sic
2662 876 2720 916 ut
2770 876 2960 934 parum
2992 862 3152 925 absit,
3180 872 3237 915 ut
3260 879 3326 916 ne
3360 865 3476 914 ani-

1914 951 2021 1007 mal
2060 951 2274 1019 quidem
2308 965 2429 1002 eum
2462 966 2579 1005 esse
2608 956 2892 1019 concedat,
2923 969 3046 1009 cum
3101 954 3213 1006 ha-c
3240 954 3474 1021 appella-

1916 1044 1988 1096 tio
2036 1052 2094 1095 ιιι
2140 1041 2426 1109 plurimum
2481 1042 2795 1096 inanimatis
2846 1045 3305 1099 accommodetur.
3371 1044 3478 1096 Nec

1917 1136 2063 1187 enim
2094 1133 2358 1204 profecto,
2392 1134 2534 1201 quod
2564 1133 2703 1187 hanc
2728 1135 2885 1187 istam
2917 1134 3300 1203 blasphemiam
3330 1138 3479 1203 prius

1917 1227 1967 1278 in
2005 1227 2292 1280 Dominum
2335 1226 2592 1290 evomuit,
2622 1234 2907 1295 propterea
2948 1225 3147 1293 aliquid
3178 1244 3275 1283 nos
3300 1229 3366 1282 de
3393 1228 3476 1281 in-

1918 1318 2233 1385 dignatione
2262 1318 2541 1372 remittere
2574 1334 2675 1385 par
2698 1317 2879 1372 fuerit.
2913 1315 3025 1371 Hoc
3046 1318 3185 1370 enim
3216 1322 3478 1389 mitigatio

1917 1424 2021 1462 non
2053 1418 2138 1462 est
2182 1410 2496 1478 impietatis,
2548 1410 2642 1462 sed
2697 1409 3162 1463 condcmnationis
3221 1415 3475 1464 accessio.

1916 1500 2050 1553 Nam
2085 1510 2139 1554 et
2168 1500 2426 1557 Dominus
2458 1499 2724 1571 prolatam
2758 1502 2809 1552 in
2868 1516 2924 1554 se
2980 1500 3367 1568 blasphemiam
3414 1506 3481 1554 ob

1918 1607 2068 1645 suam
2106 1591 2402 1645 bonitatem
2443 1591 2651 1646 remisit
2683 1609 2695 1644 :
2742 1598 2796 1641 at
2829 1606 2945 1642 eam
2981 1607 3099 1660 quae
3133 1591 3185 1644 in
3221 1589 3479 1657 Spiritum

1919 1690 2163 1735 Sanctum
2183 1680 2405 1750 jacitur,
2441 1682 2760 1735 audentibus
2804 1679 3186 1737 inevitabiliter
3210 1684 3482 1752 imputan-

1918 1773 2039 1825 dam
2083 1772 2472 1842 pronuntiavit.
2514 1770 2724 1827 Primus
2760 1786 2892 1837 ergo
2928 1771 3137 1826 illorum
3170 1776 3258 1841 qui
3284 1775 3483 1828 verita-

236 1863 444 1934 ταύτην
466 1864 727 1933 ἐτόλμησε
755 1864 853 1933 τὴν
882 1863 1062 1935 φωνὴν
1108 1865 1326 1934 ἀφεῖναι
1357 1863 1485 1935 περὶ
1521 1861 1614 1916 τοῦ
1645 1862 1815 1917 Πνεῦ-

1926 1874 2026 1916 lem
2060 1863 2231 1917 adorti
2273 1871 2419 1923 sunt,
2453 1875 2519 1915 ex
2570 1876 2677 1929 quo
2709 1862 2927 1930 pietatis
2976 1864 3282 1931 przedicatio
3310 1864 3483 1917 divul—

242 1972 433 2025 ματος.
459 1953 664 2007 Οῠκουν
698 1954 839 2017 τινος
893 1954 1053 2025 μέχρι
1098 1958 1335 2027 τήμερον
1362 1956 1681 2027 ἀκηκόαμεν
1726 1956 1816 2025 δη-

241 2049 563 2119 μιούργημα
586 2049 646 2102 τὸ
669 2049 820 2117 ἀγιον
848 2049 1069 2119 Πνεῦμα
1112 2048 1223 2118 (62)
1252 2050 1639 2118 προσειπόντος
1658 2090 1672 2115 ,
1697 2048 1730 2119 ἢ
1757 2050 1816 2100 ὲν

237 2146 354 2206 τοῖς
386 2144 819 2210 καταλειφθεῖσιν
854 2142 943 2194 ὑπ’
985 2141 1163 2192 αὐτῶν
1194 2140 1371 2207 λόγοις
1404 2140 1502 2209 τὴν
1548 2155 1821 2209 προσηγο-

241 2234 365 2306 ρίαν
399 2235 600 2303 ταύτην
617 2234 953 2304 εὑρήκαμεν.
982 2228 1115 2285 Εἷτά
1139 2246 1323 2302 φησιν’

312 2410 472 2463 ΕΥΝ.
520 2410 582 2463 Εί
629 2411 692 2462 ὲκ
738 2408 844 2463 τῶν
892 2408 1387 2481 δημιουργημάτων
1433 2408 1689 2477 ἀνάγοιτό
1738 2426 1822 2472 τις

242 2500 381 2570 πρὸς
414 2499 511 2569 τὴν
561 2499 661 2571 τῆς
702 2500 887 2562 οὐσίας
932 2498 1254 2570 κατάληψιν,
1301 2500 1519 2570 εὑρήσει
1574 2496 1667 2551 τοῦ
1724 2498 1820 2569 μὲν

240 2592 540 2663 ἀγεννήτου
580 2591 671 2645 τὸν
716 2592 843 2645 Υίὸν
876 2593 1107 2663 ποίημα,
1148 2591 1241 2645 τοῦ
1276 2592 1331 2644 δὲ
1368 2590 1701 2659 Μονογενοῦς
1731 2591 1821 2643 τὸν

243 2683 625 2754 Παράκλητον.

319 2775 468 2827 ΒΔΣ.
526 2775 719 2834 Ἀλλος
764 2765 918 2837 οὗτος
960 2774 1159 2842 τρόπος
1206 2773 1307 2842 τῆς
1384 2772 1636 2835 ἀσεϐείας
1686 2771 1819 2841 (65)·

241 2861 410 2915 διπλᾶ
450 2862 787 2932 βλασφημεῖν
831 2865 888 2917 ὲν
923 2863 1001 2915 ένὶ
1026 2864 1252 2933 ῥήματι,
1289 2863 1380 2914 καὶ
1416 2861 1513 2931 τὴν
1546 2861 1638 2914 τοῦ
1671 2862 1822 2929 ἀγίου

244 2952 564 3023 Πνεύματος
599 2951 942 3019 ἑξουδένωσιν
987 2955 1062 3018 ὼς
1100 2954 1533 3025 ὁμολογουμένην
1573 2953 1822 3017 λαϐόντα,

245 3045 495 3099 ἐντεῦθεν
520 3047 759 3117 ὁρμῆσαι
786 3047 923 3116 πρὸς
951 3047 1048 3115 τὴν
1092 3045 1363 3111 ἀπόδειξιν
1396 3046 1494 3116 τῆς
1535 3045 1629 3097 τοῦ
1656 3047 1827 3099 Mavo-

244 3138 440 3208 γενοῦς
466 3138 829 3200 ἐλαττώσεως.
870 3138 1000 3195 Καὶ,
1032 3138 1105 3199 ὡς
1138 3137 1331 3198 ἔοικεν,
1359 3140 1422 3188 Οἱ
1453 3137 1550 3205 μὲν
1582 3138 1822 3203 οὐρανοὶ

244 3226 593 3297 διηγοῦνται
619 3228 807 3292 δόξαν
826 3228 972 3281 Θεοῦ
993 3243 1005 3255 ·
1039 3227 1098 3279 τό
1126 3227 1182 3279 δὲ
1207 3225 1429 3297 Πνεῦμα
1462 3228 1521 3279 τὸ
1550 3227 1703 3295 ἅγιον
1728 3230 1825 3297 τὴν

248 3320 352 3391 τῆς
402 3321 559 3392 δόξης
621 3322 915 3375 ἐλάττωσιν
960 3319 1053 3372 τοῦ
1110 3318 1444 3387 Μονογενοῦς
1488 3319 1825 3387 ἀναγγέλλει.

248 3412 364 3466 Καὶ
414 3415 443 3465 ὁ
498 3412 599 3483 μὲν
644 3412 847 3483 Κύριος
908 3412 1035 3483 περὶ
1086 3410 1179 3465 τοῦ
1228 3410 1581 3483 Παρακλήτου
1635 3411 1826 3478 λέγων,

264 3503 522 3569 Ἐκεῖνος
542 3502 645 3571 ἐμὲ
668 3504 932 3568 δοξάσει,
967 3504 1129 3575 φησίν
1150 3522 1163 3534 ·
1196 3504 1228 3574 ή
1253 3503 1308 3555 δὲ
1335 3504 1638 3573 κατήγορος
1666 3501 1833 3569 γλῶτ-

249 3610 322 3646 τα
373 3594 630 3663 ἐμπόδιον
674 3591 811 3646 εἶναι
864 3595 941 3664 τῷ
970 3595 1086 3665 Υίῷ
1137 3596 1234 3665 τῆς
1291 3598 1426 3665 πρὸς
1475 3596 1563 3649 τὸν
1614 3595 1831 3665 Πατέρα

254 3685 597 3757 συγκρίσεως
632 3687 1005 3754 ἀποφαίνεται.
1059 3687 1271 3757 Ἐπειδὴ
1305 3688 1412 3758 γὰρ
1454 3687 1545 3739 τοῦ
1584 3689 1832 3758 Πνεῦμα-

250 3795 365 3842 τος.
400 3778 552 3847 φησι,
587 3778 815 3848 ποιητὴς
844 3782 871 3831 ό
898 3779 1023 3841 Υἱὸς
1047 3778 1225 3849 (ἵλεως
1255 3778 1309 3831 δὲ
1336 3781 1485 3848 ἡμῖν,
1519 3780 1708 3849 Κύριε,
1740 3781 1831 3831 ἐπὶ

252 3873 370 3934 τοῖς
396 3869 501 3939 (64)
539 3870 886 3940 λαλουμένοις
913 3870 1070 3939 εἴης),
1112 3870 1271 3923 τοῦτο
1310 3870 1365 3922 δὲ
1393 3870 1632 3923 τοιοῦτον
1663 3874 1829 3935 ἐστιν,

254 3962 332 4024 ὡς
371 3960 637 4031 μηδεμίαν
668 3959 969 4030 σεμνότητα
1010 3958 1089 4029 τῷ
1121 3959 1584 4029 δημιουργήσαντι
1614 3975 1832 4029 προστι-

257 4052 431 4115 θέναι,
460 4051 547 4103 διὰ
580 4051 736 4103 τοῦτο
768 4051 885 4103 οὐδὲ
922 4048 1307 4120 συγκρίνεσθαι
1344 4048 1421 4119 τῷ
1454 4049 1627 4119 Πατρὶ
1662 4048 1829 4113 ἄξιος,

258 4144 326 4195 ὲκ
354 4143 451 4213 τῆς
476 4136 550 4194 ὧν
578 4143 830 4211 ἐποίησεν
857 4141 1126 4205 εὐτελείας
1166 4142 1226 4194 τὸ
1263 4142 1519 4211 ὁμότιμον
1559 4142 1652 4210 τῆς
1681 4142 1833 4204 ἀξίας

257 4233 613 4307 ἀφῃρημένος

332 4327 419 4380 54.
442 4321 587 4396 Ἀρα
610 4324 879 4394 ἀκηκόατέ
910 4342 1038 4379 ποτε
1056 4323 1399 4394 βλασφημίας
1421 4321 1829 4391 χαλεπωτέραςς

263 4416 375 4491 ἆρά
403 4436 486 4481 τις
526 4417 667 4470 οὕτω
716 4417 1026 4490 περιφανῶς
1064 4418 1144 4479 είς
1182 4417 1242 4468 τὸ
1281 4417 1517 4484 ἄφυκτον
1544 4418 1714 4485 κρῖμα
1738 4415 1833 4485 τῆς

1919 1971 2042 2023 gnta
2079 1968 2182 2020 est,
2218 1955 2355 2009 hanc
2387 1953 2452 2009 de
2475 1954 2677 2023 Spiritu
2709 1970 2895 2010 vocem
2914 1956 3161 2009 emittere
3190 1970 3352 2011 ausus
3378 1965 3482 2011 est.

1919 2045 2131 2098 Etenim
2160 2045 2248 2111 qui
2287 2044 2546 2112 Spiritum
2606 2057 2854 2097 sanctum
2890 2054 3189 2099 creaturam
3249 2044 3486 2112 appella-

1922 2134 2011 2196 rit,
2038 2134 2342 2187 audivimus
2371 2132 2638 2187 neminem
2670 2135 2735 2185 ad
2779 2133 3095 2185 hodiernum
3124 2148 3294 2202 usque
3321 2134 3485 2199 diem,

1922 2242 2094 2295 neque
2144 2226 2196 2279 in
2236 2228 2304 2281 iis
2346 2242 2483 2295 quos
2512 2226 2782 2294 reliquere
2822 2224 2972 2281 libris
3007 2226 3144 2282 hanc
3165 2226 3485 2298 appellatio-

1922 2334 2042 2372 nem
2070 2320 2391 2372 invenimus.
2420 2320 2601 2387 Itaque
2614 2319 2743 2372 dicit
2766 2334 2780 2371 :

1992 2409 2125 2462 Eua.
2191 2407 2247 2461 Si
2273 2409 2393 2477 quis
2421 2409 2752 2463 subvehatur
2781 2424 2811 2463 e
2841 2408 3104 2462 creaturis
3128 2406 3193 2460 ad
3225 2407 3479 2459 substan-

1925 2501 2011 2554 tiae
2045 2500 2589 2568 comprehensionem
2617 2538 2633 2564 ,
2674 2498 2899 2565 ingeniti
2932 2498 3147 2566 quidem
3187 2508 3489 2552 creaturam

1924 2592 2119 2646 Filium
2152 2592 2408 2656 inveniet,
2448 2589 2720 2660 Unigeniti
2756 2606 2905 2655 vero,
2931 2589 3291 2644 Paracletum.

1996 2771 2122 2827 Bas.
2161 2772 2314 2825 Alius
2367 2771 2453 2825 hic
2498 2781 2579 2823 est
2624 2768 2914 2837 impietatis
2961 2768 3171 2821 modus.
3225 2764 3488 2819 Nimirum

1926 2864 2213 2933 dupliciter
2304 2864 2641 2930 blasphemat
2719 2862 2881 2914 verbo
2940 2862 3139 2923 unico,
3210 2859 3493 2923 sanctique

1928 2956 2165 3024 Spiritus
2186 2963 2498 3022 contemptu
2529 2992 2542 3017 ,
2579 2953 2733 3019 quasi
2772 2966 2858 3004 res
2889 2949 3137 3005 confessa
3171 2950 3259 3012 sit,
3292 2949 3493 3015 posita,

1926 3049 2054 3104 hinc
2113 3047 2179 3100 ad
2223 3045 2694 3098 demonstrandam
2744 3042 3011 3112 Unigeniti
3068 3042 3492 3095 imminutionem

1928 3144 2249 3196 concitatur.
2278 3141 2476 3209 Atque,
2509 3148 2567 3191 ut
2600 3155 2695 3207 par
2718 3147 2819 3202 est,
2852 3136 2981 3191 (Σαιίὶ
3003 3139 3215 3205 quidem
3247 3144 3493 3189 enarrant

1932 3233 2155 3301 gloriam
2189 3230 2281 3284 Dei
2311 3232 2356 3261 "‘
2393 3248 2405 3284 :
2442 3228 2681 3299 Spiritus
2722 3244 2853 3282 vero
2898 3237 3118 3281 sanctus
3165 3227 3497 3281 imminutio-

1934 3336 2053 3374 nem
2089 3321 2271 3388 glorite
2312 3320 2585 3391 Unigeniti
2625 3322 2857 3373 nuntiat.
2898 3319 2959 3372 lit
3000 3319 3256 3371 Dominus
3290 3319 3357 3369 tle
3389 3315 3497 3369 Pa-

1935 3412 2134 3465 racleto
2166 3413 2424 3481 loquens:
2460 3413 2593 3476 Ille,
2630 3412 2839 3478 inquit,
2872 3427 2951 3463 me
2987 3410 3297 3477 gloriﬁcabit
3321 3408 3401 3474 ”;
3442 3414 3497 3461 at

1936 3503 2195 3557 maledica
2260 3503 2348 3555 illa
2404 3504 2585 3571 lingua
2652 3502 2844 3555 Filium
2906 3516 3002 3570 per
3060 3515 3180 3553 cum
3249 3498 3495 3569 impediri

1935 3596 2285 3663 pronuntiat,
2327 3610 2392 3647 ne
2452 3609 2572 3645 cum
2628 3592 2786 3645 Patre
2834 3600 3194 3658 comparetur.
3231 3588 3496 3655 Quoniam

1933 3687 2099 3748 enim,
2136 3686 2332 3755 inquit,
2362 3684 2598 3753 Spiritus
2619 3684 2861 3737 conditor
2888 3691 2971 3735 est
3000 3680 3167 3734 Filius
3194 3680 3289 3746 (sis
3314 3688 3495 3729 autem

1936 3779 2127 3843 nobis,
2168 3776 2389 3831 Domine
2418 3816 2431 3839 ,
2468 3776 2532 3829 de
2570 3775 2633 3827 iis
2663 3788 2781 3841 qua;
2828 3772 3117 3840 loquimur,
3159 3765 3445 3837 propitius)
3481 3782 3495 3819 :

1935 3870 2021 3923 hic
2066 3879 2245 3921 autem
2280 3866 2399 3919 talis
2431 3874 2551 3925 est,
2586 3872 2641 3915 ut
2674 3863 2837 3915 decus
2872 3860 3075 3912 nullum
3120 3857 3322 3912 tribuat
3370 3870 3499 3908 con-

1935 3961 2129 4021 ditori,
2192 3957 2395 4011 idcirco
2449 3968 2625 4021 neque
2676 3952 2868 4020 dignus
2904 3960 2986 4004 est
3035 3949 3123 4017 qui
3170 3963 3290 4002 cum
3339 3944 3500 4000 Patre

1933 4058 2298 4119 comparetur,
2345 4062 2468 4101 cum
2517 4047 2585 4099 ob
2632 4060 2818 4098 eorum
2862 4060 2982 4112 quae
3033 4042 3160 4095 fecit
3201 4040 3497 4103 vilitatem,

1936 4140 2213 4211 dignitatis
2239 4138 2548 4208 aequalitate
2573 4136 2811 4206 privatus
2840 4135 2928 4188 sit.

2005 4320 2094 4377 54.
2134 4318 2269 4372 Num
2313 4330 2549 4384 unquam
2594 4313 2821 4365 audistis
2852 4306 3239 4376 blasphemiam
3289 4302 3503 4371 gravio-

1936 4430 2048 4469 rem
2076 4413 2099 4465 ?
2124 4426 2249 4465 num
2291 4409 2413 4478 quis
2442 4407 2575 4461 adeo
2612 4405 2898 4473 perspicue
2936 4402 2986 4452 in
3017 4396 3324 4452 inevitabile
3353 4393 3499 4460 judi-

260 4485 343 4578 είς
372 4511 433 4565 τὸ
459 4510 679 4581 Πνεῦμα
714 4485 957 4579 τὸτάγιον
985 4508 1330 4581 βλασφημίας
1358 4507 1651 4572 κατέπεσε;
1693 4507 1824 4561 Μον-

1939 4509 2078 4561 cium
2137 4504 2205 4557 ob
2252 4502 2565 4569 blasphema
2613 4498 2665 4550 in
2721 4495 2983 4563 Spiritum
3034 4500 3279 4546 sanctum
3340 4485 3503 4538 verba

331 4673 376 4704 "
407 4670 592 4725 Matth.
625 4685 723 4735 xu,
748 4669 835 4724 3i.
911 4670 956 4701 ⁸⁸
984 4668 1123 4724 Psal.
1152 4684 1308 4732 ιιι-ιιι,
1344 4668 1399 4723 2.
1477 4667 1522 4698 ⁸⁸
1542 4666 1695 4721 Joan.
1728 4681 1839 4731 xvr,
1869 4664 1953 4718 H.

336 4831 446 4899 (59)
477 4828 629 4899 Illud,
665 4826 1002 4899 παρενθήκη,
1040 4826 1193 4881 debet
1240 4840 1406 4893 accipi
1440 4838 1504 4878 ne
1543 4840 1607 4877 eo
1636 4823 1821 4899 genvi-

262 4892 372 4959 cio,
403 4892 510 4967 quo
549 4892 806 4965 Spiritum
854 4892 1101 4967 sanctum
1143 4892 1489 4967 consectatus
1529 4904 1617 4967 est
1648 4892 1824 4947 Euno-

264 4964 448 5023 mius':
484 4964 623 5035 quod
678 4978 783 5019 tam
826 4982 989 5035 grave
1033 4966 1208 5018 [uitet
1242 4964 1740 5035 tamihorrencﬂlum,
1768 4971 1826 5013 ut

264 5032 640 5092 contumeliam
680 5032 849 5103 insani
873 5053 975 5105 qua
992 5036 1298 5089 cEunomius
1332 5034 1523 5087 Filium
1553 5032 1824 5105 affecerat.

264 5110 423 5177 longe
452 5101 739 5175 superarit.
778 5101 1031 5177 llcrc'ipso
1058 5107 1109 5159 in
1143 5106 1261 5158 loco
1307 5120 1437 5177 mss.
1464 5101 1707 5177 nonnulli
1732 5119 1829 5153 κα-

262 5173 613 5259 ταφρονήσας
658 5177 785 5248 γάρ.
842 5173 1080 5231 Subinde
1131 5191 1261 5231 mss.
1321 5176 1523 5246 aliquot
1591 5173 1831 5244 βλασφη-

308 5267 449 5302 ουσι.

266 5267 449 5322 μουσι.

278 5390 307 5395 __
338 5316 656 5395 (Q0)_Editio
692 5318 823 5395 Ven.
863 5329 918 5395 et
974 5314 1143 5395 nostLi
1193 5326 1421 5395 septem.
1482 5330 1615 5368 mss.
1660 5329 1833 5395 προσ-

266 5383 527 5443 έλαϐεζίη
557 5402 664 5455 quo
700 5387 882 5439 mirari
908 5387 1066 5445 subit
1097 5383 1517 5454 Trapezuntium
1554 5400 1663 5438 uno
1690 5383 1835 5455 litte-

265 5462 399 5513 rulte
435 5453 799 5511 addithmento
832 5456 903 5508 ita
938 5456 1183 5509 delusum
1210 5453 1360 5517 esse,
1388 5464 1444 5507 ut
1493 5465 1658 5508 totum
1716 5453 1835 5519 ejus

266 5527 370 5582 loci
407 5528 727 5580 sententiam
757 5527 1079 5593 corruperit,
1114 5526 1474 5592 interpretans
1506 5526 1605 5577 hoc
1636 5524 1792 5577 modo
1818 5540 1829 5572 :

270 5598 553 5649 Dominum
604 5612 806 5663 quoque
835 5596 903 5647 ad
939 5595 1073 5647 hanc
1102 5596 1475 5663 blasphemiam
1532 5594 1825 5660 conjunxit.

269 5665 387 5720 Non
422 5668 565 5734 enim
626 5666 941 5725 Eunomius,
982 5674 1041 5716 ut
1088 5666 1269 5719 verbis
1322 5674 1459 5734 utar,
1498 5664 1826 5733 interpretis.

272 5733 559 5791 Dominum
597 5735 662 5788 ad
715 5736 854 5789 hanc
904 5734 1290 5800 blasphemiam
1344 5733 1624 5803 conjunxit
1678 5750 1691 5785 :
1738 5735 1829 5789 sed

276 5805 539 5877 Spiritum
593 5816 860 5865 sanctum.
926 5806 1092 5863 ltectc
1148 5805 1304 5875 igitur
1338 5816 1390 5861 ct
1440 5808 1743 5871 cmeudate,
1774 5814 1831 5859 ut

1935 4829 2119 4875 monet
2152 4817 2396 4879 DUCatlls,
2444 4813 2497 4866 in
2540 4809 2864 4865 editionibus
2909 4805 3188 4879 Basiliensi
3230 4814 3283 4856 et
3311 4803 3497 4870 Steph.

1932 4905 2031 4957 pro
2056 4884 2360 4957 προσέλαϐε
2383 4875 2582 4950 legitur
2599 4879 2864 4957 προέλαϐε
2896 4898 2910 4932 :
2948 4878 3067 4930 Non
3096 4875 3231 4957 enini
3253 4890 3500 4953 quoniam

1934 4952 2030 5011 hoc
2058 4952 2288 5010 com-icio
2319 4954 2598 5007 Dominum
2652 4954 2796 5019 prius
2842 4952 3105 5002 insecutus
3159 4954 3232 4995 est
3266 4982 3281 5007 ,
3331 4952 3501 5019 minus

1934 5028 2203 5097 indignari
2255 5026 2521 5097 debemus.
2576 5014 2797 5073 llr'ctam
2847 5020 3011 5097 illam_
3041 5014 3499 5097 .ethemendatam

1936 5082 2261 5167 scripturam
2311 5095 2489 5167 secuti
2560 5102 2685 5145 sunt
2741 5086 3053 5159 typographi
3111 5082 3496 5135 l’arisienses:

1937 5165 2071 5237 quos
2104 5182 2201 5219 nos
2232 5165 2525 5237 imitamur.
2605 5231 2614 5237 -
2701 5230 2713 5237 _
2797 5228 2807 5237 _
2892 5227 2902 5237 .
2971 5225 2985 5237 _
3221 5221 3230 5229 ,
3281 5220 3334 5237 ,π
3394 5218 3484 5237 θ’,

2010 5218 2119 5304 (lii)
2154 5218 2295 5288 Editi
2344 5233 2496 5286 Ἐπεὶ
2523 5231 2637 5285 καί.
2674 5225 3057 5304 _Anti_qui_dt_to
3114 5221 3232 5304 libri
3281 5218 3502 5292 Ἐπειδὴ

1941 5292 2049 5361 καί.
2088 5292 2203 5359 Mox
2228 5306 2359 5373 Reg.
2386 5316 2609 5372 quartus
2634 5300 2731 5369 τὴν
2760 5292 2855 5373 μὲν
2891 5298 2968 5373 είς
2995 5292 3204 5373 ἑαυτόν.
3294 5360 3303 5372 ⁹

2012 5376 2122 5444 (62)
2152 5376 2287 5428 Editi
2310 5361 2479 5444 ’μέὶρι
2512 5361 3086 5444 σήμερονάκηκόαμεν
3114 5361 3500 5444 δημιουργημα

1940 5416 2532 5515 τδῊῖέῡᾙῖτδνὲιῗῗον.
2557 5416 2722 5494 “auio
2753 5416 2908 5491 aliter
2941 5416 3501 5494 in.itiss.'uustrts,'uti

1940 5534 2003 5572 ex
2035 5526 2287 5569 contextu
2318 5515 2769 5583 perspiciipot‘est.

2011 5585 2123 5655 (63)
2176 5570 2389 5646 Antiqui
2425 5570 2528 5655 duo
2560 5570 2682 5635 libri
2733 5578 2933 5649 τρόπος
2985 5573 3080 5643 τῆς
3133 5570 3501 5643 βλασφημίας,

1938 5658 2123 5710 modus
2158 5654 2506 5725 blasphemiw.
2575 5725 2578 5726 ν
2641 5723 2647 5726 _
2756 5723 2776 5726 _
2984 5718 2997 5726 _
3050 5719 3061 5726 _
3124 5713 3136 5726 _
3186 5714 3198 5726 ,

2010 5728 2121 5798 (till)
2148 5713 2371 5785 Codices
2427 5727 2530 5781 duo
2568 5723 2661 5776 ἐπὶ
2694 5723 2824 5784 τοῖς.
2867 5718 3021 5781 Illud,
3048 5713 3159 5775 ὲπί,
3186 5714 3260 5767 in~
3288 5713 3503 5766 excusis

1939 5800 2141 5855 deerat.
