  <div class='ocr_page' id='page_1' title='image "/cluster/home/n/w/nwhite01/storage/ocr_20150623/29/ien.35556001660547/734.png"; bbox 0 0 4026 6492; ppageno 0'>
   <div class='ocr_carea' id='block_1_1' title="bbox 512 365 608 418">
    <p class='ocr_par' dir='ltr' id='par_1_1' title="bbox 512 365 608 418">
     <span class='ocr_line' id='line_1_1' title="bbox 512 365 608 418; baseline -0.01 0"><span class='ocrx_word' id='word_1_1' title='bbox 512 365 608 418; x_wconf 70' lang='grc'><strong>651</strong></span> 
     </span>
    </p>
   </div>
   <div class='ocr_carea' id='block_1_2' title="bbox 1856 361 2450 416">
    <p class='ocr_par' dir='ltr' id='par_1_2' title="bbox 1856 361 2450 416">
     <span class='ocr_line' id='line_1_2' title="bbox 1856 361 2450 416; baseline -0.003 -2"><span class='ocrx_word' id='word_1_2' title='bbox 1856 362 1914 414; x_wconf 90' lang='lat' dir='ltr'><strong>S.</strong></span> <span class='ocrx_word' id='word_1_3' title='bbox 1958 362 2195 416; x_wconf 76' lang='lat' dir='ltr'><strong>BASILll</strong></span> <span class='ocrx_word' id='word_1_4' title='bbox 2236 361 2450 414; x_wconf 72' lang='lat' dir='ltr'><strong>MACNI</strong></span> 
     </span>
    </p>
   </div>
   <div class='ocr_carea' id='block_1_3' title="bbox 3654 361 3762 417">
    <p class='ocr_par' dir='ltr' id='par_1_3' title="bbox 3654 361 3762 417">
     <span class='ocr_line' id='line_1_3' title="bbox 3654 361 3762 417; baseline -0.009 -1"><span class='ocrx_word' id='word_1_5' title='bbox 3654 361 3762 417; x_wconf 79' lang='lat'><strong>659</strong></span> 
     </span>
    </p>
   </div>
   <div class='ocr_carea' id='block_1_4' title="bbox 507 469 2081 546">
    <p class='ocr_par' dir='ltr' id='par_1_4' title="bbox 507 469 2076 536">
     <span class='ocr_line' id='line_1_4' title="bbox 507 469 2076 536; baseline 0.002 -15"><span class='ocrx_word' id='word_1_6' title='bbox 507 476 780 536; x_wconf 74' lang='lat' dir='ltr'><strong>cultansus</strong></span> <span class='ocrx_word' id='word_1_7' title='bbox 807 471 926 523; x_wconf 82' lang='lat' dir='ltr'><strong>est?</strong></span> <span class='ocrx_word' id='word_1_8' title='bbox 972 470 1140 523; x_wconf 74' lang='lat' dir='ltr'><strong>llnius</strong></span> <span class='ocrx_word' id='word_1_9' title='bbox 1169 469 1405 525; x_wconf 80' lang='lat' dir='ltr'><strong>Montani</strong></span> <span class='ocrx_word' id='word_1_10' title='bbox 1441 473 1615 523; x_wconf 82' lang='lat' dir='ltr'><strong>fuerat</strong></span> <span class='ocrx_word' id='word_1_11' title='bbox 1652 472 1786 526; x_wconf 90' lang='lat' dir='ltr'><strong>adeo</strong></span> <span class='ocrx_word' id='word_1_12' title='bbox 1825 472 1878 522; x_wconf 90' lang='lat' dir='ltr'><strong>in</strong></span> <span class='ocrx_word' id='word_1_13' title='bbox 1905 470 2076 536; x_wconf 86' lang='lat' dir='ltr'><strong>Spiri-</strong></span> 
     </span>
    </p>
   </div>
   <div class='ocr_carea' id='block_1_5' title="bbox 2183 469 3758 546">
    <p class='ocr_par' dir='ltr' id='par_1_5' title="bbox 2183 469 3758 546">
     <span class='ocr_line' id='line_1_5' title="bbox 2183 469 3758 546; baseline 0.004 -23"><span class='ocrx_word' id='word_1_14' title='bbox 2183 473 2344 524; x_wconf 80' lang='grc' dir='ltr'><strong>τανοῦ</strong></span> <span class='ocrx_word' id='word_1_15' title='bbox 2374 469 2441 540; x_wconf 78' lang='grc' dir='ltr'><strong>ἦν</strong></span> <span class='ocrx_word' id='word_1_16' title='bbox 2477 471 2637 540; x_wconf 80' lang='grc' dir='ltr'>μόνου</span> <span class='ocrx_word' id='word_1_17' title='bbox 2661 471 2908 523; x_wconf 76' lang='grc' dir='ltr'>τοσοῦτον</span> <span class='ocrx_word' id='word_1_18' title='bbox 2949 473 3182 541; x_wconf 70' lang='grc' dir='ltr'>μανῆναι</span> <span class='ocrx_word' id='word_1_19' title='bbox 3217 472 3352 522; x_wconf 74' lang='grc' dir='ltr'>κατὰ</span> <span class='ocrx_word' id='word_1_20' title='bbox 3383 476 3471 524; x_wconf 72' lang='grc' dir='ltr'>τοῦ</span> <span class='ocrx_word' id='word_1_21' title='bbox 3504 477 3758 546; x_wconf 74' lang='grc' dir='ltr'>Πνεύμα-</span> 
     </span>
    </p>
   </div>
   <div class='ocr_carea' id='block_1_6' title="bbox 507 559 2073 626">
    <p class='ocr_par' dir='ltr' id='par_1_6' title="bbox 507 559 2073 626">
     <span class='ocr_line' id='line_1_6' title="bbox 507 559 2073 626; baseline -0.001 -9"><span class='ocrx_word' id='word_1_22' title='bbox 507 575 620 618; x_wconf 84' lang='lat' dir='ltr'><strong>tum</strong></span> <span class='ocrx_word' id='word_1_23' title='bbox 676 569 924 613; x_wconf 88' lang='lat' dir='ltr'><strong>sanctum</strong></span> <span class='ocrx_word' id='word_1_24' title='bbox 982 559 1260 623; x_wconf 88' lang='lat' dir='ltr'><strong>insanire,</strong></span> <span class='ocrx_word' id='word_1_25' title='bbox 1322 574 1553 626; x_wconf 91' lang='lat' dir='ltr'><strong>eumque</strong></span> <span class='ocrx_word' id='word_1_26' title='bbox 1600 569 1708 614; x_wconf 93' lang='lat' dir='ltr'><strong>tum</strong></span> <span class='ocrx_word' id='word_1_27' title='bbox 1770 560 2073 615; x_wconf 84' lang='lat' dir='ltr'><strong>nominibus</strong></span> 
     </span>
    </p>
   </div>
   <div class='ocr_carea' id='block_1_7' title="bbox 508 648 2073 717">
    <p class='ocr_par' dir='ltr' id='par_1_7' title="bbox 508 648 2073 717">
     <span class='ocr_line' id='line_1_7' title="bbox 508 648 2073 717; baseline -0.002 -11"><span class='ocrx_word' id='word_1_28' title='bbox 508 651 800 706; x_wconf 80' lang='lat' dir='ltr'><strong>humilibus</strong></span> <span class='ocrx_word' id='word_1_29' title='bbox 827 651 1190 717; x_wconf 82' lang='lat' dir='ltr'><strong>dedecorare,</strong></span> <span class='ocrx_word' id='word_1_30' title='bbox 1234 659 1341 703; x_wconf 88' lang='lat' dir='ltr'><strong>tum</strong></span> <span class='ocrx_word' id='word_1_31' title='bbox 1375 648 1541 716; x_wconf 86' lang='lat' dir='ltr'><strong>ipsius</strong></span> <span class='ocrx_word' id='word_1_32' title='bbox 1578 661 1823 706; x_wconf 90' lang='lat' dir='ltr'><strong>naturam</strong></span> <span class='ocrx_word' id='word_1_33' title='bbox 1867 651 1936 702; x_wconf 89' lang='lat' dir='ltr'><strong>ita</strong></span> <span class='ocrx_word' id='word_1_34' title='bbox 1982 652 2073 704; x_wconf 86' lang='lat' dir='ltr'><strong>de-</strong></span> 
     </span>
    </p>
   </div>
   <div class='ocr_carea' id='block_1_8' title="bbox 503 739 2067 815">
    <p class='ocr_par' dir='ltr' id='par_1_8' title="bbox 503 739 2067 815">
     <span class='ocr_line' id='line_1_8' title="bbox 503 739 2067 815; baseline 0 -18"><span class='ocrx_word' id='word_1_35' title='bbox 503 745 763 815; x_wconf 82' lang='lat' dir='ltr'><strong>primere,</strong></span> <span class='ocrx_word' id='word_1_36' title='bbox 791 751 850 796; x_wconf 93' lang='lat' dir='ltr'><strong>ut</strong></span> <span class='ocrx_word' id='word_1_37' title='bbox 877 756 938 794; x_wconf 90' lang='lat' dir='ltr'><strong>ea</strong></span> <span class='ocrx_word' id='word_1_38' title='bbox 965 742 1112 797; x_wconf 88' lang='lat' dir='ltr'><strong>dicat</strong></span> <span class='ocrx_word' id='word_1_39' title='bbox 1142 739 1491 811; x_wconf 78' lang='lat' dir='ltr'><strong>ignominiam</strong></span> <span class='ocrx_word' id='word_1_40' title='bbox 1519 745 1783 797; x_wconf 80' lang='lat' dir='ltr'><strong>conditori</strong></span> <span class='ocrx_word' id='word_1_41' title='bbox 1811 740 2067 798; x_wconf 81' lang='lat' dir='ltr'><strong>aiTricari.</strong></span> 
     </span>
    </p>
   </div>
   <div class='ocr_carea' id='block_1_9' title="bbox 503 832 2066 905">
    <p class='ocr_par' dir='ltr' id='par_1_9' title="bbox 503 832 2066 905">
     <span class='ocr_line' id='line_1_9' title="bbox 503 832 2066 905; baseline -0.002 -18"><span class='ocrx_word' id='word_1_42' title='bbox 503 837 618 891; x_wconf 79' lang='lat' dir='ltr'><strong>lino</strong></span> <span class='ocrx_word' id='word_1_43' title='bbox 661 850 791 889; x_wconf 80' lang='lat' dir='ltr'><strong>vero</strong></span> <span class='ocrx_word' id='word_1_44' title='bbox 849 843 904 888; x_wconf 90' lang='lat' dir='ltr'><strong>et</strong></span> <span class='ocrx_word' id='word_1_45' title='bbox 952 834 1076 898; x_wconf 91' lang='lat' dir='ltr'><strong>ille,</strong></span> <span class='ocrx_word' id='word_1_46' title='bbox 1108 849 1174 886; x_wconf 91' lang='lat' dir='ltr'><strong>ne</strong></span> <span class='ocrx_word' id='word_1_47' title='bbox 1223 834 1303 886; x_wconf 91' lang='lat' dir='ltr'><strong>sui</strong></span> <span class='ocrx_word' id='word_1_48' title='bbox 1339 832 1505 902; x_wconf 88' lang='lat' dir='ltr'><strong>ipsius</strong></span> <span class='ocrx_word' id='word_1_49' title='bbox 1540 833 1796 905; x_wconf 76' lang='lat' dir='ltr'><strong>dejiceret</strong></span> <span class='ocrx_word' id='word_1_50' title='bbox 1841 832 2066 899; x_wconf 82' lang='lat' dir='ltr'><strong>fastum,</strong></span> 
     </span>
    </p>
   </div>
   <div class='ocr_carea' id='block_1_10' title="bbox 509 923 2069 997">
    <p class='ocr_par' dir='ltr' id='par_1_10' title="bbox 509 923 2069 997">
     <span class='ocr_line' id='line_1_10' title="bbox 509 923 2069 997; baseline 0.002 -19"><span class='ocrx_word' id='word_1_51' title='bbox 509 927 696 997; x_wconf 83' lang='lat' dir='ltr'><strong>utique</strong></span> <span class='ocrx_word' id='word_1_52' title='bbox 730 927 796 981; x_wconf 91' lang='lat' dir='ltr'><strong>de</strong></span> <span class='ocrx_word' id='word_1_53' title='bbox 831 926 1034 997; x_wconf 85' lang='lat' dir='ltr'><strong>Spiritu</strong></span> <span class='ocrx_word' id='word_1_54' title='bbox 1069 924 1272 995; x_wconf 89' lang='lat' dir='ltr'><strong>aliquid</strong></span> <span class='ocrx_word' id='word_1_55' title='bbox 1305 923 1585 980; x_wconf 85' lang='lat' dir='ltr'><strong>humiliter</strong></span> <span class='ocrx_word' id='word_1_56' title='bbox 1618 927 1795 980; x_wconf 86' lang='lat' dir='ltr'><strong>dicere</strong></span> <span class='ocrx_word' id='word_1_57' title='bbox 1819 926 2069 982; x_wconf 77' lang='lat' dir='ltr'><strong>cavisset.</strong></span> 
     </span>
    </p>
   </div>
   <div class='ocr_carea' id='block_1_11' title="bbox 505 1015 2072 1087">
    <p class='ocr_par' dir='ltr' id='par_1_11' title="bbox 505 1015 2072 1087">
     <span class='ocr_line' id='line_1_11' title="bbox 505 1015 2072 1087; baseline 0.001 -17"><span class='ocrx_word' id='word_1_58' title='bbox 505 1018 612 1071; x_wconf 84' lang='lat' dir='ltr'><strong>Sed</strong></span> <span class='ocrx_word' id='word_1_59' title='bbox 644 1018 713 1071; x_wconf 89' lang='lat' dir='ltr'><strong>de</strong></span> <span class='ocrx_word' id='word_1_60' title='bbox 747 1019 845 1072; x_wconf 94' lang='lat' dir='ltr'><strong>hoc</strong></span> <span class='ocrx_word' id='word_1_61' title='bbox 881 1016 1102 1085; x_wconf 85' lang='lat' dir='ltr'><strong>quidem</strong></span> <span class='ocrx_word' id='word_1_62' title='bbox 1149 1033 1243 1087; x_wconf 91' lang='lat' dir='ltr'><strong>per</strong></span> <span class='ocrx_word' id='word_1_63' title='bbox 1269 1016 1438 1069; x_wconf 85' lang='lat' dir='ltr'><strong>otium</strong></span> <span class='ocrx_word' id='word_1_64' title='bbox 1484 1017 1744 1072; x_wconf 90' lang='lat' dir='ltr'><strong>dicemus.</strong></span> <span class='ocrx_word' id='word_1_65' title='bbox 1779 1015 1912 1070; x_wconf 81' lang='lat' dir='ltr'><strong>Illud</strong></span> <span class='ocrx_word' id='word_1_66' title='bbox 1945 1032 2072 1072; x_wconf 89' lang='lat' dir='ltr'><strong>vero</strong></span> 
     </span>
    </p>
   </div>
   <div class='ocr_carea' id='block_1_12' title="bbox 501 1107 2069 1179">
    <p class='ocr_par' dir='ltr' id='par_1_12' title="bbox 501 1107 2069 1179">
     <span class='ocr_line' id='line_1_12' title="bbox 501 1107 2069 1179; baseline 0.001 -19"><span class='ocrx_word' id='word_1_67' title='bbox 501 1109 588 1162; x_wconf 90' lang='lat' dir='ltr'><strong>cui</strong></span> <span class='ocrx_word' id='word_1_68' title='bbox 643 1125 748 1163; x_wconf 89' lang='lat' dir='ltr'><strong>non</strong></span> <span class='ocrx_word' id='word_1_69' title='bbox 783 1117 966 1176; x_wconf 89' lang='lat' dir='ltr'><strong>patet,</strong></span> <span class='ocrx_word' id='word_1_70' title='bbox 1010 1111 1152 1179; x_wconf 89' lang='lat' dir='ltr'><strong>quod</strong></span> <span class='ocrx_word' id='word_1_71' title='bbox 1211 1108 1352 1162; x_wconf 89' lang='lat' dir='ltr'><strong>nulla</strong></span> <span class='ocrx_word' id='word_1_72' title='bbox 1397 1108 1522 1164; x_wconf 87' lang='lat' dir='ltr'><strong>Filii</strong></span> <span class='ocrx_word' id='word_1_73' title='bbox 1561 1109 1802 1178; x_wconf 85' lang='lat' dir='ltr'><strong>operatio</strong></span> <span class='ocrx_word' id='word_1_74' title='bbox 1846 1125 1873 1162; x_wconf 91' lang='lat' dir='ltr'><strong>a</strong></span> <span class='ocrx_word' id='word_1_75' title='bbox 1910 1107 2069 1162; x_wconf 84' lang='lat' dir='ltr'><strong>Patre</strong></span> 
     </span>
    </p>
   </div>
   <div class='ocr_carea' id='block_1_13' title="bbox 499 1197 2067 1268">
    <p class='ocr_par' dir='ltr' id='par_1_13' title="bbox 499 1197 2067 1268">
     <span class='ocr_line' id='line_1_13' title="bbox 499 1197 2067 1268; baseline -0.004 -14"><span class='ocrx_word' id='word_1_76' title='bbox 499 1199 673 1254; x_wconf 86' lang='lat' dir='ltr'><strong>divisa</strong></span> <span class='ocrx_word' id='word_1_77' title='bbox 708 1199 805 1261; x_wconf 88' lang='lat' dir='ltr'><strong>sit,</strong></span> <span class='ocrx_word' id='word_1_78' title='bbox 830 1214 926 1253; x_wconf 91' lang='lat' dir='ltr'><strong>nec</strong></span> <span class='ocrx_word' id='word_1_79' title='bbox 956 1200 1247 1268; x_wconf 83' lang='lat' dir='ltr'><strong>quidquam</strong></span> <span class='ocrx_word' id='word_1_80' title='bbox 1287 1197 1446 1268; x_wconf 72' lang='lat'><strong>271</strong></span> <span class='ocrx_word' id='word_1_81' title='bbox 1472 1200 1540 1253; x_wconf 92' lang='lat' dir='ltr'><strong>sit</strong></span> <span class='ocrx_word' id='word_1_82' title='bbox 1567 1201 1618 1251; x_wconf 90' lang='lat' dir='ltr'><strong>in</strong></span> <span class='ocrx_word' id='word_1_83' title='bbox 1646 1213 1820 1252; x_wconf 89' lang='lat' dir='ltr'><strong>rerum</strong></span> <span class='ocrx_word' id='word_1_84' title='bbox 1851 1207 2067 1265; x_wconf 88' lang='lat' dir='ltr'><strong>natura,</strong></span> 
     </span>
    </p>
   </div>
   <div class='ocr_carea' id='block_1_14' title="bbox 499 1288 2068 1359">
    <p class='ocr_par' dir='ltr' id='par_1_14' title="bbox 499 1288 2068 1359">
     <span class='ocr_line' id='line_1_14' title="bbox 499 1288 2068 1359; baseline 0.003 -19"><span class='ocrx_word' id='word_1_85' title='bbox 499 1291 648 1350; x_wconf 72' lang='lat' dir='ltr'><strong>quod</strong></span> <span class='ocrx_word' id='word_1_86' title='bbox 707 1291 772 1345; x_wconf 90' lang='lat' dir='ltr'><strong>ad</strong></span> <span class='ocrx_word' id='word_1_87' title='bbox 818 1289 1013 1344; x_wconf 84' lang='lat' dir='ltr'><strong>Filium</strong></span> <span class='ocrx_word' id='word_1_88' title='bbox 1039 1290 1327 1359; x_wconf 85' lang='lat' dir='ltr'><strong>pertineat,</strong></span> <span class='ocrx_word' id='word_1_89' title='bbox 1359 1301 1414 1343; x_wconf 89' lang='lat' dir='ltr'><strong>et</strong></span> <span class='ocrx_word' id='word_1_90' title='bbox 1449 1305 1476 1343; x_wconf 87' lang='lat' dir='ltr'><strong>a</strong></span> <span class='ocrx_word' id='word_1_91' title='bbox 1509 1289 1667 1342; x_wconf 86' lang='lat' dir='ltr'><strong>Patre</strong></span> <span class='ocrx_word' id='word_1_92' title='bbox 1690 1288 1925 1343; x_wconf 89' lang='lat' dir='ltr'><strong>alienum</strong></span> <span class='ocrx_word' id='word_1_93' title='bbox 1956 1290 2068 1344; x_wconf 84' lang='lat' dir='ltr'><strong>sit?</strong></span> 
     </span>
    </p>
   </div>
   <div class='ocr_carea' id='block_1_15' title="bbox 505 1380 2065 1449">
    <p class='ocr_par' dir='ltr' id='par_1_15' title="bbox 505 1380 2065 1449">
     <span class='ocr_line' id='line_1_15' title="bbox 505 1380 2065 1449; baseline -0.001 -14"><span class='ocrx_word' id='word_1_94' title='bbox 505 1381 696 1436; x_wconf 85' lang='lat' dir='ltr'><strong>Omnia</strong></span> <span class='ocrx_word' id='word_1_95' title='bbox 727 1381 900 1444; x_wconf 80' lang='lat' dir='ltr'><strong>enim,</strong></span> <span class='ocrx_word' id='word_1_96' title='bbox 934 1380 1138 1449; x_wconf 90' lang='lat' dir='ltr'><strong>inquit,</strong></span> <span class='ocrx_word' id='word_1_97' title='bbox 1181 1393 1298 1432; x_wconf 80' lang='lat' dir='ltr'><strong>mea</strong></span> <span class='ocrx_word' id='word_1_98' title='bbox 1328 1395 1420 1432; x_wconf 81' lang='lat' dir='ltr'><strong>tua</strong></span> <span class='ocrx_word' id='word_1_99' title='bbox 1463 1389 1618 1442; x_wconf 74' lang='lat' dir='ltr'><strong>sunt,</strong></span> <span class='ocrx_word' id='word_1_100' title='bbox 1643 1388 1691 1430; x_wconf 84' lang='lat' dir='ltr'><strong>et</strong></span> <span class='ocrx_word' id='word_1_101' title='bbox 1742 1388 1833 1432; x_wconf 87' lang='lat' dir='ltr'><strong>tua</strong></span> <span class='ocrx_word' id='word_1_102' title='bbox 1864 1395 1978 1432; x_wconf 85' lang='lat' dir='ltr'><strong>mea</strong></span> <span class='ocrx_word' id='word_1_103' title='bbox 2023 1380 2065 1433; x_wconf 74' lang='grc' dir='ltr'>ι.</span> 
     </span>
    </p>
   </div>
   <div class='ocr_carea' id='block_1_16' title="bbox 503 1468 2065 1542">
    <p class='ocr_par' dir='ltr' id='par_1_16' title="bbox 503 1468 2065 1542">
     <span class='ocr_line' id='line_1_16' title="bbox 503 1468 2065 1542; baseline 0.004 -22"><span class='ocrx_word' id='word_1_104' title='bbox 503 1471 785 1538; x_wconf 71' lang='lat' dir='ltr'><strong>Quomodo</strong></span> <span class='ocrx_word' id='word_1_105' title='bbox 851 1472 1014 1542; x_wconf 77' lang='lat' dir='ltr'><strong>igitur</strong></span> <span class='ocrx_word' id='word_1_106' title='bbox 1073 1468 1308 1538; x_wconf 88' lang='lat' dir='ltr'><strong>Spiritus</strong></span> <span class='ocrx_word' id='word_1_107' title='bbox 1357 1485 1576 1524; x_wconf 90' lang='lat' dir='ltr'><strong>causam</strong></span> <span class='ocrx_word' id='word_1_108' title='bbox 1639 1469 1926 1540; x_wconf 87' lang='lat' dir='ltr'><strong>Unigenilo</strong></span> <span class='ocrx_word' id='word_1_109' title='bbox 1968 1472 2065 1526; x_wconf 90' lang='lat' dir='ltr'><strong>soli</strong></span> 
     </span>
    </p>
   </div>
   <div class='ocr_carea' id='block_1_17' title="bbox 2174 561 3763 633">
    <p class='ocr_par' dir='ltr' id='par_1_17' title="bbox 2174 561 3763 633">
     <span class='ocr_line' id='line_1_17' title="bbox 2174 561 3763 633; baseline 0.004 -17"><span class='ocrx_word' id='word_1_110' title='bbox 2174 580 2284 626; x_wconf 87' lang='grc' dir='ltr'>τος,</span> <span class='ocrx_word' id='word_1_111' title='bbox 2328 563 2420 614; x_wconf 83' lang='grc' dir='ltr'><strong>καὶ</strong></span> <span class='ocrx_word' id='word_1_112' title='bbox 2452 562 2678 633; x_wconf 84' lang='grc' dir='ltr'>ὀνόμασί</span> <span class='ocrx_word' id='word_1_113' title='bbox 2704 578 2764 614; x_wconf 86' lang='grc' dir='ltr'><strong>τε</strong></span> <span class='ocrx_word' id='word_1_114' title='bbox 2799 561 2929 614; x_wconf 74' lang='grc' dir='ltr'>αὐτὸ</span> <span class='ocrx_word' id='word_1_115' title='bbox 2968 567 3244 628; x_wconf 79' lang='grc' dir='ltr'><strong>ταπεινοῖς</strong></span> <span class='ocrx_word' id='word_1_116' title='bbox 3289 563 3639 633; x_wconf 77' lang='grc' dir='ltr'>καθυϐρίσαι,</span> <span class='ocrx_word' id='word_1_117' title='bbox 3661 571 3763 621; x_wconf 78' lang='grc' dir='ltr'><strong>καὶ</strong></span> 
     </span>
    </p>
   </div>
   <div class='ocr_carea' id='block_1_18' title="bbox 2174 651 3762 726">
    <p class='ocr_par' dir='ltr' id='par_1_18' title="bbox 2174 651 3762 726">
     <span class='ocr_line' id='line_1_18' title="bbox 2174 651 3762 726; baseline 0.003 -19"><span class='ocrx_word' id='word_1_118' title='bbox 2174 654 2270 726; x_wconf 79' lang='grc' dir='ltr'>τὴν</span> <span class='ocrx_word' id='word_1_119' title='bbox 2300 653 2461 722; x_wconf 74' lang='grc' dir='ltr'>φύσιν</span> <span class='ocrx_word' id='word_1_120' title='bbox 2489 655 2653 707; x_wconf 77' lang='grc' dir='ltr'>αὑτοῦ</span> <span class='ocrx_word' id='word_1_121' title='bbox 2681 653 2929 707; x_wconf 79' lang='grc' dir='ltr'>τοσοῦτον</span> <span class='ocrx_word' id='word_1_122' title='bbox 2968 651 3300 715; x_wconf 81' lang='grc' dir='ltr'>ἑξευτελίσαι</span> <span class='ocrx_word' id='word_1_123' title='bbox 3322 698 3335 722; x_wconf 92' lang='grc'><strong>,</strong></span> <span class='ocrx_word' id='word_1_124' title='bbox 3368 655 3507 708; x_wconf 76' lang='grc' dir='ltr'>ὥστε</span> <span class='ocrx_word' id='word_1_125' title='bbox 3538 658 3762 722; x_wconf 78' lang='grc' dir='ltr'><strong>ἀδοξίαν</strong></span> 
     </span>
    </p>
   </div>
   <div class='ocr_carea' id='block_1_19' title="bbox 2175 745 3762 816">
    <p class='ocr_par' dir='ltr' id='par_1_19' title="bbox 2175 745 3762 816">
     <span class='ocr_line' id='line_1_19' title="bbox 2175 745 3762 816; baseline 0.003 -18"><span class='ocrx_word' id='word_1_126' title='bbox 2175 748 2346 800; x_wconf 79' lang='grc' dir='ltr'>εἰπεῖν</span> <span class='ocrx_word' id='word_1_127' title='bbox 2387 745 2465 815; x_wconf 81' lang='grc' dir='ltr'>τῷ</span> <span class='ocrx_word' id='word_1_128' title='bbox 2501 745 2820 816; x_wconf 82' lang='grc' dir='ltr'><strong>πεποιηκότι</strong></span> <span class='ocrx_word' id='word_1_129' title='bbox 2852 745 3296 815; x_wconf 79' lang='grc' dir='ltr'>προστρίϐεσθαι.</span> <span class='ocrx_word' id='word_1_130' title='bbox 3327 747 3541 802; x_wconf 79' lang='grc' dir='ltr'>Μᾶλλον</span> <span class='ocrx_word' id='word_1_131' title='bbox 3568 747 3625 799; x_wconf 77' lang='grc' dir='ltr'><strong>δὲ</strong></span> <span class='ocrx_word' id='word_1_132' title='bbox 3655 754 3762 803; x_wconf 74' lang='grc' dir='ltr'><strong>κά·-</strong></span> 
     </span>
    </p>
   </div>
   <div class='ocr_carea' id='block_1_20' title="bbox 2176 835 3759 911">
    <p class='ocr_par' dir='ltr' id='par_1_20' title="bbox 2176 835 3759 911">
     <span class='ocr_line' id='line_1_20' title="bbox 2176 835 3759 911; baseline 0.003 -23"><span class='ocrx_word' id='word_1_133' title='bbox 2176 840 2353 900; x_wconf 82' lang='grc' dir='ltr'>κεῖνος</span> <span class='ocrx_word' id='word_1_134' title='bbox 2381 836 2579 907; x_wconf 76' lang='grc' dir='ltr'>ἔφυγεν</span> <span class='ocrx_word' id='word_1_135' title='bbox 2626 837 2691 890; x_wconf 85' lang='grc' dir='ltr'>ἂν</span> <span class='ocrx_word' id='word_1_136' title='bbox 2746 836 3016 898; x_wconf 79' lang='grc' dir='ltr'><strong>ταπεινῶς</strong></span> <span class='ocrx_word' id='word_1_137' title='bbox 3053 835 3160 906; x_wconf 80' lang='grc'>(65)</span> <span class='ocrx_word' id='word_1_138' title='bbox 3204 841 3375 892; x_wconf 78' lang='grc' dir='ltr'>εἰπεῖν</span> <span class='ocrx_word' id='word_1_139' title='bbox 3413 858 3463 892; x_wconf 86' lang='grc' dir='ltr'><strong>τι</strong></span> <span class='ocrx_word' id='word_1_140' title='bbox 3495 840 3625 911; x_wconf 76' lang='grc' dir='ltr'>περὶ</span> <span class='ocrx_word' id='word_1_141' title='bbox 3657 842 3759 893; x_wconf 77' lang='grc' dir='ltr'>τοῦ</span> 
     </span>
    </p>
   </div>
   <div class='ocr_carea' id='block_1_21' title="bbox 2174 928 3758 1000">
    <p class='ocr_par' dir='ltr' id='par_1_21' title="bbox 2174 928 3758 1000">
     <span class='ocr_line' id='line_1_21' title="bbox 2174 928 3758 1000; baseline 0.004 -22"><span class='ocrx_word' id='word_1_142' title='bbox 2174 928 2508 997; x_wconf 82' lang='grc' dir='ltr'>Πνεύματος,</span> <span class='ocrx_word' id='word_1_143' title='bbox 2560 928 2636 990; x_wconf 85' lang='grc' dir='ltr'>ὼς</span> <span class='ocrx_word' id='word_1_144' title='bbox 2685 931 2750 982; x_wconf 87' lang='grc' dir='ltr'>ἂν</span> <span class='ocrx_word' id='word_1_145' title='bbox 2800 930 2872 1000; x_wconf 82' lang='grc' dir='ltr'>μὴ</span> <span class='ocrx_word' id='word_1_146' title='bbox 2909 929 2999 982; x_wconf 84' lang='grc' dir='ltr'><strong>τὸν</strong></span> <span class='ocrx_word' id='word_1_147' title='bbox 3045 928 3210 997; x_wconf 74' lang='grc' dir='ltr'>τῦφον</span> <span class='ocrx_word' id='word_1_148' title='bbox 3263 933 3455 986; x_wconf 79' lang='grc' dir='ltr'>ἑαυτοῦ</span> <span class='ocrx_word' id='word_1_149' title='bbox 3505 932 3758 989; x_wconf 76' lang='grc' dir='ltr'>καταϐά-</span> 
     </span>
    </p>
   </div>
   <div class='ocr_carea' id='block_1_22' title="bbox 2173 1016 3752 1094">
    <p class='ocr_par' dir='ltr' id='par_1_22' title="bbox 2173 1016 3752 1094">
     <span class='ocr_line' id='line_1_22' title="bbox 2173 1016 3752 1094; baseline 0.005 -26"><span class='ocrx_word' id='word_1_150' title='bbox 2173 1016 2276 1069; x_wconf 88' lang='grc' dir='ltr'>λοι.</span> <span class='ocrx_word' id='word_1_151' title='bbox 2308 1019 2417 1070; x_wconf 75' lang='grc' dir='ltr'><strong>Καὶ</strong></span> <span class='ocrx_word' id='word_1_152' title='bbox 2445 1017 2571 1087; x_wconf 76' lang='grc' dir='ltr'>περὶ</span> <span class='ocrx_word' id='word_1_153' title='bbox 2601 1018 2697 1086; x_wconf 83' lang='grc' dir='ltr'>μὲν</span> <span class='ocrx_word' id='word_1_154' title='bbox 2736 1019 2923 1071; x_wconf 88' lang='grc' dir='ltr'>τούτου</span> <span class='ocrx_word' id='word_1_155' title='bbox 2950 1018 3090 1072; x_wconf 80' lang='grc' dir='ltr'>κατὰ</span> <span class='ocrx_word' id='word_1_156' title='bbox 3128 1017 3324 1088; x_wconf 81' lang='grc' dir='ltr'>σχολὴν</span> <span class='ocrx_word' id='word_1_157' title='bbox 3351 1022 3584 1093; x_wconf 73' lang='grc' dir='ltr'>ἐροῦμεν</span> <span class='ocrx_word' id='word_1_158' title='bbox 3615 1023 3752 1094; x_wconf 87' lang='grc'>(66).</span> 
     </span>
    </p>
   </div>
   <div class='ocr_carea' id='block_1_23' title="bbox 2188 1107 3756 1187">
    <p class='ocr_par' dir='ltr' id='par_1_23' title="bbox 2188 1107 3756 1187">
     <span class='ocr_line' id='line_1_23' title="bbox 2188 1107 3756 1187; baseline 0.005 -26"><span class='ocrx_word' id='word_1_159' title='bbox 2188 1109 2391 1161; x_wconf 84' lang='grc' dir='ltr'>Ἐκεῖνο</span> <span class='ocrx_word' id='word_1_160' title='bbox 2411 1109 2468 1161; x_wconf 83' lang='grc' dir='ltr'>δὲ</span> <span class='ocrx_word' id='word_1_161' title='bbox 2495 1110 2601 1163; x_wconf 89' lang='grc' dir='ltr'>τίνι</span> <span class='ocrx_word' id='word_1_162' title='bbox 2635 1107 2742 1160; x_wconf 81' lang='grc' dir='ltr'>τῶν</span> <span class='ocrx_word' id='word_1_163' title='bbox 2764 1108 2980 1162; x_wconf 84' lang='grc' dir='ltr'>πάντων</span> <span class='ocrx_word' id='word_1_164' title='bbox 3020 1109 3232 1182; x_wconf 78' lang='grc' dir='ltr'>ἄδηλον,</span> <span class='ocrx_word' id='word_1_165' title='bbox 3263 1112 3344 1162; x_wconf 83' lang='grc' dir='ltr'>ὅτι</span> <span class='ocrx_word' id='word_1_166' title='bbox 3369 1113 3591 1182; x_wconf 82' lang='grc' dir='ltr'>οὐδεμία</span> <span class='ocrx_word' id='word_1_167' title='bbox 3607 1115 3756 1187; x_wconf 80' lang='grc' dir='ltr'>ἐνέρ-</span> 
     </span>
    </p>
   </div>
   <div class='ocr_carea' id='block_1_24' title="bbox 2173 1194 3753 1268">
    <p class='ocr_par' dir='ltr' id='par_1_24' title="bbox 2173 1194 3753 1268">
     <span class='ocr_line' id='line_1_24' title="bbox 2173 1194 3753 1268; baseline 0.002 -18"><span class='ocrx_word' id='word_1_168' title='bbox 2173 1214 2296 1266; x_wconf 87' lang='grc' dir='ltr'>γεια</span> <span class='ocrx_word' id='word_1_169' title='bbox 2333 1195 2424 1250; x_wconf 79' lang='grc' dir='ltr'>τοῦ</span> <span class='ocrx_word' id='word_1_170' title='bbox 2455 1197 2585 1250; x_wconf 81' lang='grc' dir='ltr'><strong>Υίοῦ</strong></span> <span class='ocrx_word' id='word_1_171' title='bbox 2631 1197 3050 1268; x_wconf 82' lang='grc' dir='ltr'>ἀποτετμημένη</span> <span class='ocrx_word' id='word_1_172' title='bbox 3085 1197 3199 1250; x_wconf 73' lang='grc' dir='ltr'>ἐστὶ</span> <span class='ocrx_word' id='word_1_173' title='bbox 3230 1194 3324 1249; x_wconf 80' lang='grc' dir='ltr'>τοῦ</span> <span class='ocrx_word' id='word_1_174' title='bbox 3354 1197 3587 1266; x_wconf 67' lang='grc' dir='ltr'>Πατρδς,</span> <span class='ocrx_word' id='word_1_175' title='bbox 3629 1201 3753 1253; x_wconf 73' lang='grc' dir='ltr'>οὐδὲ</span> 
     </span>
    </p>
   </div>
   <div class='ocr_carea' id='block_1_25' title="bbox 2173 1285 3756 1361">
    <p class='ocr_par' dir='ltr' id='par_1_25' title="bbox 2173 1285 3756 1361">
     <span class='ocr_line' id='line_1_25' title="bbox 2173 1285 3756 1361; baseline 0.001 -21"><span class='ocrx_word' id='word_1_176' title='bbox 2173 1289 2288 1341; x_wconf 80' lang='grc' dir='ltr'>ἐστί</span> <span class='ocrx_word' id='word_1_177' title='bbox 2316 1306 2367 1341; x_wconf 90' lang='grc' dir='ltr'><strong>τι</strong></span> <span class='ocrx_word' id='word_1_178' title='bbox 2401 1289 2459 1341; x_wconf 84' lang='grc' dir='ltr'><strong>ἐν</strong></span> <span class='ocrx_word' id='word_1_179' title='bbox 2492 1293 2604 1353; x_wconf 85' lang='grc' dir='ltr'>τοῖς</span> <span class='ocrx_word' id='word_1_180' title='bbox 2637 1285 2753 1342; x_wconf 80' lang='grc' dir='ltr'>οὖσι</span> <span class='ocrx_word' id='word_1_181' title='bbox 2794 1285 2871 1356; x_wconf 83' lang='grc' dir='ltr'><strong>τῷ</strong></span> <span class='ocrx_word' id='word_1_182' title='bbox 2899 1287 3012 1358; x_wconf 83' lang='grc' dir='ltr'><strong>Υἱῷ</strong></span> <span class='ocrx_word' id='word_1_183' title='bbox 3051 1289 3313 1360; x_wconf 84' lang='grc' dir='ltr'>ὑπάρχον,</span> <span class='ocrx_word' id='word_1_184' title='bbox 3345 1287 3374 1340; x_wconf 85' lang='grc' dir='ltr'><strong>ὃ</strong></span> <span class='ocrx_word' id='word_1_185' title='bbox 3413 1287 3508 1339; x_wconf 76' lang='grc' dir='ltr'>τοῦ</span> <span class='ocrx_word' id='word_1_186' title='bbox 3537 1290 3756 1361; x_wconf 79' lang='grc' dir='ltr'>Πατρδς</span> 
     </span>
    </p>
   </div>
   <div class='ocr_carea' id='block_1_26' title="bbox 2171 1378 3751 1451">
    <p class='ocr_par' dir='ltr' id='par_1_26' title="bbox 2171 1378 3751 1451">
     <span class='ocr_line' id='line_1_26' title="bbox 2171 1378 3751 1451; baseline 0 -18"><span class='ocrx_word' id='word_1_187' title='bbox 2171 1380 2561 1451; x_wconf 71' lang='grc' dir='ltr'>ἠλλοτρίωται;</span> <span class='ocrx_word' id='word_1_188' title='bbox 2605 1380 2807 1435; x_wconf 79' lang='grc' dir='ltr'>Πάντα</span> <span class='ocrx_word' id='word_1_189' title='bbox 2854 1379 2982 1448; x_wconf 72' lang='grc' dir='ltr'>γὰρ,</span> <span class='ocrx_word' id='word_1_190' title='bbox 3028 1382 3181 1449; x_wconf 75' lang='grc' dir='ltr'>φησὶ,</span> <span class='ocrx_word' id='word_1_191' title='bbox 3224 1382 3297 1435; x_wconf 84' lang='grc' dir='ltr'>τὰ</span> <span class='ocrx_word' id='word_1_192' title='bbox 3338 1381 3448 1450; x_wconf 87' lang='grc' dir='ltr'><strong>ἐμὰ</strong></span> <span class='ocrx_word' id='word_1_193' title='bbox 3480 1378 3564 1432; x_wconf 79' lang='grc' dir='ltr'>σά</span> <span class='ocrx_word' id='word_1_194' title='bbox 3593 1380 3751 1445; x_wconf 80' lang='grc' dir='ltr'>ἐστι,</span> 
     </span>
    </p>
   </div>
   <div class='ocr_carea' id='block_1_27' title="bbox 2171 1466 3753 1543">
    <p class='ocr_par' dir='ltr' id='par_1_27' title="bbox 2171 1466 3753 1543">
     <span class='ocr_line' id='line_1_27' title="bbox 2171 1466 3753 1543; baseline -0.002 -18"><span class='ocrx_word' id='word_1_195' title='bbox 2171 1472 2268 1525; x_wconf 77' lang='grc' dir='ltr'>καὶ</span> <span class='ocrx_word' id='word_1_196' title='bbox 2293 1473 2363 1526; x_wconf 84' lang='grc' dir='ltr'>τὰ</span> <span class='ocrx_word' id='word_1_197' title='bbox 2392 1471 2474 1525; x_wconf 84' lang='grc' dir='ltr'><em>σὰ</em></span> <span class='ocrx_word' id='word_1_198' title='bbox 2503 1472 2633 1540; x_wconf 81' lang='grc' dir='ltr'>ἐμά.</span> <span class='ocrx_word' id='word_1_199' title='bbox 2682 1472 2805 1534; x_wconf 84' lang='grc' dir='ltr'><strong>Πῶς</strong></span> <span class='ocrx_word' id='word_1_200' title='bbox 2836 1466 2927 1523; x_wconf 81' lang='grc' dir='ltr'>οὖν</span> <span class='ocrx_word' id='word_1_201' title='bbox 2967 1468 3060 1521; x_wconf 80' lang='grc' dir='ltr'>τοῦ</span> <span class='ocrx_word' id='word_1_202' title='bbox 3091 1471 3406 1543; x_wconf 82' lang='grc' dir='ltr'>Πνεύματος</span> <span class='ocrx_word' id='word_1_203' title='bbox 3438 1470 3538 1540; x_wconf 84' lang='grc' dir='ltr'>τὴν</span> <span class='ocrx_word' id='word_1_204' title='bbox 3568 1471 3753 1522; x_wconf 83' lang='grc' dir='ltr'>αἰτίαν</span> 
     </span>
    </p>
   </div>
   <div class='ocr_carea' id='block_1_28' title="bbox 504 1559 2081 1634">
    <p class='ocr_par' dir='ltr' id='par_1_28' title="bbox 504 1560 2066 1632">
     <span class='ocr_line' id='line_1_28' title="bbox 504 1560 2066 1632; baseline 0.001 -18"><span class='ocrx_word' id='word_1_205' title='bbox 504 1563 792 1630; x_wconf 61' lang='lat' dir='ltr'><strong>attribuit,</strong></span> <span class='ocrx_word' id='word_1_206' title='bbox 843 1572 898 1617; x_wconf 88' lang='lat' dir='ltr'><strong>et</strong></span> <span class='ocrx_word' id='word_1_207' title='bbox 953 1561 1022 1615; x_wconf 87' lang='lat' dir='ltr'><strong>ad</strong></span> <span class='ocrx_word' id='word_1_208' title='bbox 1056 1560 1172 1628; x_wconf 89' lang='lat' dir='ltr'><strong>ejus</strong></span> <span class='ocrx_word' id='word_1_209' title='bbox 1212 1563 1568 1615; x_wconf 85' lang='lat' dir='ltr'><strong>accusandam</strong></span> <span class='ocrx_word' id='word_1_210' title='bbox 1619 1571 1868 1616; x_wconf 88' lang='lat' dir='ltr'><strong>naturam</strong></span> <span class='ocrx_word' id='word_1_211' title='bbox 1911 1564 2066 1632; x_wconf 85' lang='lat' dir='ltr'><strong>hujus</strong></span> 
     </span>
    </p>
   </div>
   <div class='ocr_carea' id='block_1_29' title="bbox 2183 1559 3755 1634">
    <p class='ocr_par' dir='ltr' id='par_1_29' title="bbox 2183 1559 3755 1634">
     <span class='ocr_line' id='line_1_29' title="bbox 2183 1559 3755 1634; baseline -0.004 -19"><span class='ocrx_word' id='word_1_212' title='bbox 2183 1563 2246 1633; x_wconf 75' lang='grc' dir='ltr'>τῷ</span> <span class='ocrx_word' id='word_1_213' title='bbox 2296 1565 2592 1631; x_wconf 85' lang='grc' dir='ltr'>Μονογενεῖ</span> <span class='ocrx_word' id='word_1_214' title='bbox 2627 1565 2772 1634; x_wconf 79' lang='grc' dir='ltr'>μόνῳ</span> <span class='ocrx_word' id='word_1_215' title='bbox 2826 1559 3183 1632; x_wconf 83' lang='grc' dir='ltr'>προστίθησι,</span> <span class='ocrx_word' id='word_1_216' title='bbox 3241 1563 3331 1615; x_wconf 72' lang='grc' dir='ltr'><strong>καὶ</strong></span> <span class='ocrx_word' id='word_1_217' title='bbox 3382 1559 3755 1630; x_wconf 74' lang='grc' dir='ltr'><strong>κατηγόρημα</strong></span> 
     </span>
    </p>
   </div>
   <div class='ocr_carea' id='block_1_30' title="bbox 502 1650 2081 1725">
    <p class='ocr_par' dir='ltr' id='par_1_30' title="bbox 502 1650 2070 1722">
     <span class='ocr_line' id='line_1_30' title="bbox 502 1650 2070 1722; baseline 0 -15"><span class='ocrx_word' id='word_1_218' title='bbox 502 1661 833 1708; x_wconf 81' lang='lat' dir='ltr'><strong>creationem</strong></span> <span class='ocrx_word' id='word_1_219' title='bbox 884 1651 1147 1722; x_wconf 80' lang='lat' dir='ltr'><strong>usurpat?</strong></span> <span class='ocrx_word' id='word_1_220' title='bbox 1190 1650 1342 1718; x_wconf 85' lang='lat' dir='ltr'><strong>Quod</strong></span> <span class='ocrx_word' id='word_1_221' title='bbox 1383 1652 1429 1706; x_wconf 89' lang='lat' dir='ltr'><strong>si</strong></span> <span class='ocrx_word' id='word_1_222' title='bbox 1469 1653 1572 1705; x_wconf 92' lang='lat' dir='ltr'><strong>duo</strong></span> <span class='ocrx_word' id='word_1_223' title='bbox 1621 1652 1880 1720; x_wconf 88' lang='lat' dir='ltr'><strong>principia</strong></span> <span class='ocrx_word' id='word_1_224' title='bbox 1929 1655 2070 1708; x_wconf 93' lang='lat' dir='ltr'><strong>inter</strong></span> 
     </span>
    </p>
   </div>
   <div class='ocr_carea' id='block_1_31' title="bbox 2183 1650 3756 1725">
    <p class='ocr_par' dir='ltr' id='par_1_31' title="bbox 2183 1650 3756 1725">
     <span class='ocr_line' id='line_1_31' title="bbox 2183 1650 3756 1725; baseline -0.001 -21"><span class='ocrx_word' id='word_1_225' title='bbox 2183 1653 2269 1722; x_wconf 69' lang='grc' dir='ltr'>τῆς</span> <span class='ocrx_word' id='word_1_226' title='bbox 2318 1652 2532 1722; x_wconf 72' lang='grc' dir='ltr'>φύσεως</span> <span class='ocrx_word' id='word_1_227' title='bbox 2565 1655 2675 1725; x_wconf 87' lang='grc'>(67)</span> <span class='ocrx_word' id='word_1_228' title='bbox 2702 1650 2864 1706; x_wconf 80' lang='grc' dir='ltr'>αὑτοῦ</span> <span class='ocrx_word' id='word_1_229' title='bbox 2912 1654 3010 1721; x_wconf 85' lang='grc' dir='ltr'>τὴν</span> <span class='ocrx_word' id='word_1_230' title='bbox 3053 1651 3243 1704; x_wconf 73' lang='grc' dir='ltr'>τούτου</span> <span class='ocrx_word' id='word_1_231' title='bbox 3283 1653 3546 1723; x_wconf 72' lang='grc' dir='ltr'>λαμϐάνει</span> <span class='ocrx_word' id='word_1_232' title='bbox 3589 1651 3756 1720; x_wconf 81' lang='grc' dir='ltr'>δημι-</span> 
     </span>
    </p>
   </div>
   <div class='ocr_carea' id='block_1_32' title="bbox 503 1742 2081 1816">
    <p class='ocr_par' dir='ltr' id='par_1_32' title="bbox 503 1743 2068 1808">
     <span class='ocr_line' id='line_1_32' title="bbox 503 1743 2068 1808; baseline 0.001 -9"><span class='ocrx_word' id='word_1_233' title='bbox 503 1761 566 1799; x_wconf 84' lang='lat' dir='ltr'><strong>se</strong></span> <span class='ocrx_word' id='word_1_234' title='bbox 599 1745 824 1798; x_wconf 81' lang='lat' dir='ltr'><strong>adversa</strong></span> <span class='ocrx_word' id='word_1_235' title='bbox 850 1744 1134 1808; x_wconf 91' lang='lat' dir='ltr'><strong>inducens,</strong></span> <span class='ocrx_word' id='word_1_236' title='bbox 1168 1743 1280 1798; x_wconf 82' lang='lat' dir='ltr'><strong>haec</strong></span> <span class='ocrx_word' id='word_1_237' title='bbox 1313 1743 1462 1806; x_wconf 88' lang='lat' dir='ltr'><strong>dicit,</strong></span> <span class='ocrx_word' id='word_1_238' title='bbox 1491 1758 1593 1796; x_wconf 89' lang='lat' dir='ltr'><strong>una</strong></span> <span class='ocrx_word' id='word_1_239' title='bbox 1617 1759 1739 1798; x_wconf 91' lang='lat' dir='ltr'><strong>cum</strong></span> <span class='ocrx_word' id='word_1_240' title='bbox 1775 1744 2068 1800; x_wconf 82' lang='lat' dir='ltr'><strong>Manichan</strong></span> 
     </span>
    </p>
   </div>
   <div class='ocr_carea' id='block_1_33' title="bbox 2183 1742 3755 1816">
    <p class='ocr_par' dir='ltr' id='par_1_33' title="bbox 2183 1742 3755 1816">
     <span class='ocr_line' id='line_1_33' title="bbox 2183 1742 3755 1816; baseline 0 -20"><span class='ocrx_word' id='word_1_241' title='bbox 2183 1746 2429 1816; x_wconf 68' lang='grc' dir='ltr'>λυργίαν;</span> <span class='ocrx_word' id='word_1_242' title='bbox 2479 1748 2542 1799; x_wconf 82' lang='lat' dir='ltr'><strong>El</strong></span> <span class='ocrx_word' id='word_1_243' title='bbox 2599 1747 2697 1816; x_wconf 87' lang='grc' dir='ltr'><strong>μὲν</strong></span> <span class='ocrx_word' id='word_1_244' title='bbox 2749 1742 2874 1810; x_wconf 76' lang='grc' dir='ltr'>οὖν,</span> <span class='ocrx_word' id='word_1_245' title='bbox 2935 1743 3027 1797; x_wconf 85' lang='grc' dir='ltr'>δύο</span> <span class='ocrx_word' id='word_1_246' title='bbox 3072 1745 3246 1814; x_wconf 75' lang='grc' dir='ltr'>ἀρχὰς</span> <span class='ocrx_word' id='word_1_247' title='bbox 3298 1743 3755 1816; x_wconf 77' lang='grc' dir='ltr'>ἀντιπαρεξάγων</span> 
     </span>
    </p>
   </div>
   <div class='ocr_carea' id='block_1_34' title="bbox 501 1835 2081 1910">
    <p class='ocr_par' dir='ltr' id='par_1_34' title="bbox 501 1835 2066 1901">
     <span class='ocr_line' id='line_1_34' title="bbox 501 1835 2066 1901; baseline 0.002 -11"><span class='ocrx_word' id='word_1_248' title='bbox 501 1847 559 1890; x_wconf 86' lang='lat' dir='ltr'><strong>et</strong></span> <span class='ocrx_word' id='word_1_249' title='bbox 592 1835 862 1891; x_wconf 73' lang='lat' dir='ltr'><strong>llarcione</strong></span> <span class='ocrx_word' id='word_1_250' title='bbox 891 1844 1236 1901; x_wconf 87' lang='lat' dir='ltr'><strong>conteretur;</strong></span> <span class='ocrx_word' id='word_1_251' title='bbox 1289 1835 1373 1890; x_wconf 88' lang='lat' dir='ltr'><strong>sin</strong></span> <span class='ocrx_word' id='word_1_252' title='bbox 1416 1844 1596 1889; x_wconf 88' lang='lat' dir='ltr'><strong>autem</strong></span> <span class='ocrx_word' id='word_1_253' title='bbox 1627 1837 1814 1890; x_wconf 86' lang='lat' dir='ltr'><strong>statuit</strong></span> <span class='ocrx_word' id='word_1_254' title='bbox 1861 1840 1927 1893; x_wconf 86' lang='lat' dir='ltr'><strong>ab</strong></span> <span class='ocrx_word' id='word_1_255' title='bbox 1960 1853 2066 1893; x_wconf 90' lang='lat' dir='ltr'><strong>uno</strong></span> 
     </span>
    </p>
   </div>
   <div class='ocr_carea' id='block_1_35' title="bbox 2183 1835 3754 1910">
    <p class='ocr_par' dir='ltr' id='par_1_35' title="bbox 2183 1835 3754 1910">
     <span class='ocr_line' id='line_1_35' title="bbox 2183 1835 3754 1910; baseline -0.001 -21"><span class='ocrx_word' id='word_1_256' title='bbox 2183 1837 2440 1910; x_wconf 76' lang='grc' dir='ltr'>ἱιλλήλαις,</span> <span class='ocrx_word' id='word_1_257' title='bbox 2470 1837 2643 1890; x_wconf 82' lang='grc' dir='ltr'><strong>ταῦτὰ</strong></span> <span class='ocrx_word' id='word_1_258' title='bbox 2680 1854 2832 1908; x_wconf 84' lang='grc' dir='ltr'>φησι,</span> <span class='ocrx_word' id='word_1_259' title='bbox 2868 1835 3005 1905; x_wconf 71' lang='grc' dir='ltr'>μετὰ</span> <span class='ocrx_word' id='word_1_260' title='bbox 3036 1837 3334 1905; x_wconf 86' lang='grc' dir='ltr'>Μανιχαίου</span> <span class='ocrx_word' id='word_1_261' title='bbox 3367 1839 3458 1890; x_wconf 74' lang='grc' dir='ltr'><strong>καὶ</strong></span> <span class='ocrx_word' id='word_1_262' title='bbox 3481 1837 3754 1908; x_wconf 83' lang='grc' dir='ltr'>Μαρκίω-</span> 
     </span>
    </p>
   </div>
   <div class='ocr_carea' id='block_1_36' title="bbox 503 1925 2065 1999">
    <p class='ocr_par' dir='ltr' id='par_1_36' title="bbox 503 1925 2065 1999">
     <span class='ocr_line' id='line_1_36' title="bbox 503 1925 2065 1999; baseline -0.001 -18"><span class='ocrx_word' id='word_1_263' title='bbox 503 1928 745 1998; x_wconf 84' lang='lat' dir='ltr'><strong>pendere</strong></span> <span class='ocrx_word' id='word_1_264' title='bbox 773 1927 955 1984; x_wconf 80' lang='lat' dir='ltr'><strong>omnia</strong></span> <span class='ocrx_word' id='word_1_265' title='bbox 977 1965 994 1990; x_wconf 85' lang='lat'><strong>,</strong></span> <span class='ocrx_word' id='word_1_266' title='bbox 1022 1928 1168 1999; x_wconf 91' lang='lat' dir='ltr'><strong>quod</strong></span> <span class='ocrx_word' id='word_1_267' title='bbox 1215 1941 1246 1981; x_wconf 80' lang='lat' dir='ltr'><strong>a</strong></span> <span class='ocrx_word' id='word_1_268' title='bbox 1291 1925 1429 1981; x_wconf 83' lang='lat' dir='ltr'><strong>Filio</strong></span> <span class='ocrx_word' id='word_1_269' title='bbox 1459 1926 1663 1981; x_wconf 83' lang='lat' dir='ltr'><strong>factum</strong></span> <span class='ocrx_word' id='word_1_270' title='bbox 1698 1943 1816 1984; x_wconf 78' lang='lat' dir='ltr'><strong>esse</strong></span> <span class='ocrx_word' id='word_1_271' title='bbox 1850 1930 2065 1992; x_wconf 89' lang='lat' dir='ltr'><strong>dicitur,</strong></span> 
     </span>
    </p>
   </div>
   <div class='ocr_carea' id='block_1_37' title="bbox 501 2018 2069 2091">
    <p class='ocr_par' dir='ltr' id='par_1_37' title="bbox 501 2018 2069 2091">
     <span class='ocr_line' id='line_1_37' title="bbox 501 2018 2069 2091; baseline 0.001 -19"><span class='ocrx_word' id='word_1_272' title='bbox 501 2021 558 2074; x_wconf 83' lang='lat' dir='ltr'><strong>id</strong></span> <span class='ocrx_word' id='word_1_273' title='bbox 595 2019 662 2075; x_wconf 91' lang='lat' dir='ltr'><strong>ad</strong></span> <span class='ocrx_word' id='word_1_274' title='bbox 704 2021 934 2091; x_wconf 83' lang='lat' dir='ltr'><strong>primam</strong></span> <span class='ocrx_word' id='word_1_275' title='bbox 981 2034 1198 2074; x_wconf 82' lang='lat' dir='ltr'><strong>causam</strong></span> <span class='ocrx_word' id='word_1_276' title='bbox 1233 2018 1484 2074; x_wconf 76' lang='lat' dir='ltr'><strong>refertur.</strong></span> <span class='ocrx_word' id='word_1_277' title='bbox 1523 2018 1722 2087; x_wconf 85' lang='lat' dir='ltr'><strong>Quare,</strong></span> <span class='ocrx_word' id='word_1_278' title='bbox 1751 2021 1852 2076; x_wconf 80' lang='lat' dir='ltr'><strong>etsi</strong></span> <span class='ocrx_word' id='word_1_279' title='bbox 1889 2020 2069 2075; x_wconf 86' lang='lat' dir='ltr'><strong>omnia</strong></span> 
     </span>
    </p>
   </div>
   <div class='ocr_carea' id='block_1_38' title="bbox 504 2111 2066 2182">
    <p class='ocr_par' dir='ltr' id='par_1_38' title="bbox 504 2111 2066 2182">
     <span class='ocr_line' id='line_1_38' title="bbox 504 2111 2066 2182; baseline 0.001 -18"><span class='ocrx_word' id='word_1_280' title='bbox 504 2128 600 2182; x_wconf 79' lang='lat' dir='ltr'><strong>per</strong></span> <span class='ocrx_word' id='word_1_281' title='bbox 635 2113 800 2168; x_wconf 91' lang='lat' dir='ltr'><strong>Deum</strong></span> <span class='ocrx_word' id='word_1_282' title='bbox 841 2111 1077 2168; x_wconf 85' lang='lat' dir='ltr'><strong>Verbum</strong></span> <span class='ocrx_word' id='word_1_283' title='bbox 1115 2111 1180 2164; x_wconf 87' lang='lat' dir='ltr'><strong>ad</strong></span> <span class='ocrx_word' id='word_1_284' title='bbox 1217 2127 1326 2166; x_wconf 76' lang='lat' dir='ltr'><strong>esse</strong></span> <span class='ocrx_word' id='word_1_285' title='bbox 1355 2112 1617 2181; x_wconf 86' lang='lat' dir='ltr'><strong>producta</strong></span> <span class='ocrx_word' id='word_1_286' title='bbox 1673 2112 1847 2167; x_wconf 80' lang='lat' dir='ltr'><strong>fuisse</strong></span> <span class='ocrx_word' id='word_1_287' title='bbox 1891 2111 2066 2166; x_wconf 91' lang='lat' dir='ltr'><strong>credi-</strong></span> 
     </span>
    </p>
   </div>
   <div class='ocr_carea' id='block_1_39' title="bbox 504 2203 2068 2268">
    <p class='ocr_par' dir='ltr' id='par_1_39' title="bbox 504 2203 2068 2268">
     <span class='ocr_line' id='line_1_39' title="bbox 504 2203 2068 2268; baseline 0.002 -12"><span class='ocrx_word' id='word_1_288' title='bbox 504 2218 648 2268; x_wconf 90' lang='lat' dir='ltr'><strong>mus,</strong></span> <span class='ocrx_word' id='word_1_289' title='bbox 710 2214 885 2262; x_wconf 87' lang='lat' dir='ltr'><strong>tamen</strong></span> <span class='ocrx_word' id='word_1_290' title='bbox 939 2203 1314 2257; x_wconf 88' lang='lat' dir='ltr'><strong>universorum</strong></span> <span class='ocrx_word' id='word_1_291' title='bbox 1368 2203 1534 2258; x_wconf 87' lang='lat' dir='ltr'><strong>Deum</strong></span> <span class='ocrx_word' id='word_1_292' title='bbox 1567 2204 1803 2258; x_wconf 88' lang='lat' dir='ltr'><strong>omnium</strong></span> <span class='ocrx_word' id='word_1_293' title='bbox 1851 2219 2068 2260; x_wconf 84' lang='lat' dir='ltr'><strong>causam</strong></span> 
     </span>
    </p>
   </div>
   <div class='ocr_carea' id='block_1_40' title="bbox 503 2295 2069 2364">
    <p class='ocr_par' dir='ltr' id='par_1_40' title="bbox 503 2295 2069 2364">
     <span class='ocr_line' id='line_1_40' title="bbox 503 2295 2069 2364; baseline 0.002 -15"><span class='ocrx_word' id='word_1_294' title='bbox 503 2310 622 2349; x_wconf 80' lang='lat' dir='ltr'><strong>esse</strong></span> <span class='ocrx_word' id='word_1_295' title='bbox 651 2313 757 2352; x_wconf 90' lang='lat' dir='ltr'><strong>non</strong></span> <span class='ocrx_word' id='word_1_296' title='bbox 798 2311 1082 2364; x_wconf 82' lang='lat' dir='ltr'><strong>negamus.</strong></span> <span class='ocrx_word' id='word_1_297' title='bbox 1117 2295 1216 2362; x_wconf 93' lang='lat' dir='ltr'><strong>Qui</strong></span> <span class='ocrx_word' id='word_1_298' title='bbox 1257 2306 1434 2349; x_wconf 88' lang='lat' dir='ltr'><strong>autem</strong></span> <span class='ocrx_word' id='word_1_299' title='bbox 1475 2295 1592 2349; x_wconf 80' lang='lat' dir='ltr'><strong>ﬁeri</strong></span> <span class='ocrx_word' id='word_1_300' title='bbox 1627 2305 1836 2362; x_wconf 90' lang='lat' dir='ltr'><strong>potest,</strong></span> <span class='ocrx_word' id='word_1_301' title='bbox 1885 2307 2069 2354; x_wconf 89' lang='lat' dir='ltr'><strong>utnon</strong></span> 
     </span>
    </p>
   </div>
   <div class='ocr_carea' id='block_1_41' title="bbox 505 2387 2073 2458">
    <p class='ocr_par' dir='ltr' id='par_1_41' title="bbox 505 2387 2073 2458">
     <span class='ocr_line' id='line_1_41' title="bbox 505 2387 2073 2458; baseline 0.001 -17"><span class='ocrx_word' id='word_1_302' title='bbox 505 2399 691 2458; x_wconf 70' lang='lat' dir='ltr'><strong>aperte</strong></span> <span class='ocrx_word' id='word_1_303' title='bbox 725 2388 1086 2457; x_wconf 81' lang='lat' dir='ltr'><strong>periculosum</strong></span> <span class='ocrx_word' id='word_1_304' title='bbox 1125 2389 1230 2451; x_wconf 88' lang='lat' dir='ltr'><strong>sit,</strong></span> <span class='ocrx_word' id='word_1_305' title='bbox 1258 2387 1518 2455; x_wconf 90' lang='lat' dir='ltr'><strong>Spiritum</strong></span> <span class='ocrx_word' id='word_1_306' title='bbox 1561 2402 1591 2441; x_wconf 88' lang='lat' dir='ltr'><strong>a</strong></span> <span class='ocrx_word' id='word_1_307' title='bbox 1630 2388 1738 2443; x_wconf 93' lang='lat' dir='ltr'><strong>Deo</strong></span> <span class='ocrx_word' id='word_1_308' title='bbox 1784 2389 2073 2444; x_wconf 86' lang='lat' dir='ltr'><strong>dirimere?</strong></span> 
     </span>
    </p>
   </div>
   <div class='ocr_carea' id='block_1_42' title="bbox 487 2479 2071 2554">
    <p class='ocr_par' dir='ltr' id='par_1_42' title="bbox 487 2479 2071 2554">
     <span class='ocr_line' id='line_1_42' title="bbox 487 2479 2071 2554; baseline 0.003 -23"><span class='ocrx_word' id='word_1_309' title='bbox 487 2496 630 2554; x_wconf 65' lang='lat' dir='ltr'><strong>rum</strong></span> <span class='ocrx_word' id='word_1_310' title='bbox 679 2483 877 2550; x_wconf 88' lang='lat' dir='ltr'><strong>partim</strong></span> <span class='ocrx_word' id='word_1_311' title='bbox 941 2481 1158 2553; x_wconf 90' lang='lat' dir='ltr'><strong>quidem</strong></span> <span class='ocrx_word' id='word_1_312' title='bbox 1213 2479 1498 2551; x_wconf 82' lang='lat' dir='ltr'><strong>Apostolus</strong></span> <span class='ocrx_word' id='word_1_313' title='bbox 1565 2479 1850 2550; x_wconf 74' lang='lat' dir='ltr'><strong>coniuncte</strong></span> <span class='ocrx_word' id='word_1_314' title='bbox 1915 2482 2071 2536; x_wconf 87' lang='lat' dir='ltr'><strong>nobis</strong></span> 
     </span>
    </p>
   </div>
   <div class='ocr_carea' id='block_1_43' title="bbox 507 2571 2071 2640">
    <p class='ocr_par' dir='ltr' id='par_1_43' title="bbox 507 2571 2071 2640">
     <span class='ocr_line' id='line_1_43' title="bbox 507 2571 2071 2640; baseline -0.001 -14"><span class='ocrx_word' id='word_1_315' title='bbox 507 2575 685 2626; x_wconf 85' lang='lat' dir='ltr'><strong>tradat</strong></span> <span class='ocrx_word' id='word_1_316' title='bbox 711 2590 726 2640; x_wconf 91' lang='lat'><strong>;</strong></span> <span class='ocrx_word' id='word_1_317' title='bbox 760 2583 816 2628; x_wconf 90' lang='lat' dir='ltr'><strong>et</strong></span> <span class='ocrx_word' id='word_1_318' title='bbox 843 2574 1005 2629; x_wconf 89' lang='lat' dir='ltr'><strong>modo</strong></span> <span class='ocrx_word' id='word_1_319' title='bbox 1034 2572 1235 2629; x_wconf 82' lang='lat' dir='ltr'><strong>Christi</strong></span> <span class='ocrx_word' id='word_1_320' title='bbox 1260 2613 1275 2636; x_wconf 93' lang='lat'><strong>,</strong></span> <span class='ocrx_word' id='word_1_321' title='bbox 1307 2573 1465 2626; x_wconf 92' lang='lat' dir='ltr'><strong>modo</strong></span> <span class='ocrx_word' id='word_1_322' title='bbox 1495 2572 1588 2624; x_wconf 90' lang='lat' dir='ltr'><strong>Dei</strong></span> <span class='ocrx_word' id='word_1_323' title='bbox 1615 2571 1875 2639; x_wconf 87' lang='lat' dir='ltr'><strong>Spiritum</strong></span> <span class='ocrx_word' id='word_1_324' title='bbox 1909 2572 2071 2634; x_wconf 86' lang='lat' dir='ltr'><strong>dicat,</strong></span> 
     </span>
    </p>
   </div>
   <div class='ocr_carea' id='block_1_44' title="bbox 506 2662 2072 2732">
    <p class='ocr_par' dir='ltr' id='par_1_44' title="bbox 506 2662 2072 2732">
     <span class='ocr_line' id='line_1_44' title="bbox 506 2662 2072 2732; baseline 0.003 -21"><span class='ocrx_word' id='word_1_325' title='bbox 506 2663 594 2715; x_wconf 88' lang='lat' dir='ltr'><strong>ubi</strong></span> <span class='ocrx_word' id='word_1_326' title='bbox 648 2665 881 2719; x_wconf 81' lang='lat' dir='ltr'><strong>scribit:</strong></span> <span class='ocrx_word' id='word_1_327' title='bbox 934 2664 995 2719; x_wconf 88' lang='lat' dir='ltr'><strong>Si</strong></span> <span class='ocrx_word' id='word_1_328' title='bbox 1044 2666 1159 2732; x_wconf 72' lang='lat' dir='ltr'><strong>quis</strong></span> <span class='ocrx_word' id='word_1_329' title='bbox 1203 2675 1377 2717; x_wconf 84' lang='lat' dir='ltr'><strong>autem</strong></span> <span class='ocrx_word' id='word_1_330' title='bbox 1410 2662 1668 2730; x_wconf 78' lang='lat' dir='ltr'><strong>Spiritum</strong></span> <span class='ocrx_word' id='word_1_331' title='bbox 1720 2663 1916 2715; x_wconf 79' lang='lat' dir='ltr'><strong>Christi</strong></span> <span class='ocrx_word' id='word_1_332' title='bbox 1970 2679 2072 2717; x_wconf 82' lang='lat' dir='ltr'><strong>non</strong></span> 
     </span>
    </p>
   </div>
   <div class='ocr_carea' id='block_1_45' title="bbox 507 2751 2074 2823">
    <p class='ocr_par' dir='ltr' id='par_1_45' title="bbox 507 2751 2074 2823">
     <span class='ocr_line' id='line_1_45' title="bbox 507 2751 2074 2823; baseline 0.001 -16"><span class='ocrx_word' id='word_1_333' title='bbox 507 2752 677 2819; x_wconf 73' lang='lat' dir='ltr'><strong>habet,</strong></span> <span class='ocrx_word' id='word_1_334' title='bbox 707 2754 792 2808; x_wconf 81' lang='lat' dir='ltr'><strong>hic</strong></span> <span class='ocrx_word' id='word_1_335' title='bbox 822 2770 925 2808; x_wconf 83' lang='lat' dir='ltr'><strong>non</strong></span> <span class='ocrx_word' id='word_1_336' title='bbox 947 2764 1021 2808; x_wconf 72' lang='lat' dir='ltr'><strong>est</strong></span> <span class='ocrx_word' id='word_1_337' title='bbox 1045 2756 1160 2823; x_wconf 78' lang='lat' dir='ltr'><strong>ejus</strong></span> <span class='ocrx_word' id='word_1_338' title='bbox 1187 2755 1244 2817; x_wconf 79' lang='grc' dir='ltr'>’ς</span> <span class='ocrx_word' id='word_1_339' title='bbox 1286 2762 1343 2808; x_wconf 87' lang='lat' dir='ltr'><strong>et</strong></span> <span class='ocrx_word' id='word_1_340' title='bbox 1369 2768 1594 2808; x_wconf 85' lang='lat' dir='ltr'><strong>rursus:</strong></span> <span class='ocrx_word' id='word_1_341' title='bbox 1634 2751 1735 2809; x_wconf 78' lang='lat' dir='ltr'><strong>Vos</strong></span> <span class='ocrx_word' id='word_1_342' title='bbox 1767 2765 1942 2809; x_wconf 80' lang='lat' dir='ltr'><strong>autem</strong></span> <span class='ocrx_word' id='word_1_343' title='bbox 1970 2772 2074 2808; x_wconf 83' lang='lat' dir='ltr'><strong>non</strong></span> 
     </span>
    </p>
   </div>
   <div class='ocr_carea' id='block_1_46' title="bbox 507 2844 2074 2917">
    <p class='ocr_par' dir='ltr' id='par_1_46' title="bbox 507 2844 2074 2917">
     <span class='ocr_line' id='line_1_46' title="bbox 507 2844 2074 2917; baseline 0 -17"><span class='ocrx_word' id='word_1_344' title='bbox 507 2846 751 2915; x_wconf 75' lang='lat' dir='ltr'><strong>spiritum</strong></span> <span class='ocrx_word' id='word_1_345' title='bbox 771 2847 957 2902; x_wconf 66' lang='lat' dir='ltr'><strong>mundi</strong></span> <span class='ocrx_word' id='word_1_346' title='bbox 988 2847 1281 2915; x_wconf 72' lang='lat' dir='ltr'><strong>accepistis,</strong></span> <span class='ocrx_word' id='word_1_347' title='bbox 1322 2847 1411 2900; x_wconf 75' lang='lat' dir='ltr'><strong>sed</strong></span> <span class='ocrx_word' id='word_1_348' title='bbox 1452 2844 1710 2914; x_wconf 79' lang='lat' dir='ltr'><strong>Spiritum</strong></span> <span class='ocrx_word' id='word_1_349' title='bbox 1735 2849 1823 2917; x_wconf 82' lang='lat' dir='ltr'><strong>qui</strong></span> <span class='ocrx_word' id='word_1_350' title='bbox 1869 2863 1933 2901; x_wconf 80' lang='lat' dir='ltr'><strong>ea:</strong></span> <span class='ocrx_word' id='word_1_351' title='bbox 1963 2846 2074 2900; x_wconf 82' lang='lat' dir='ltr'><strong>Deo</strong></span> 
     </span>
    </p>
   </div>
   <div class='ocr_carea' id='block_1_47' title="bbox 507 2935 2075 3008">
    <p class='ocr_par' dir='ltr' id='par_1_47' title="bbox 507 2935 2075 3008">
     <span class='ocr_line' id='line_1_47' title="bbox 507 2935 2075 3008; baseline -0.001 -17"><span class='ocrx_word' id='word_1_352' title='bbox 507 2947 583 2991; x_wconf 73' lang='lat' dir='ltr'><strong>ut</strong></span> <span class='ocrx_word' id='word_1_353' title='bbox 616 2939 637 2969; x_wconf 86' lang='grc'><strong><em>⁸</em></strong></span> <span class='ocrx_word' id='word_1_354' title='bbox 664 2956 678 2992; x_wconf 86' lang='lat'><strong>:</strong></span> <span class='ocrx_word' id='word_1_355' title='bbox 707 2939 905 3008; x_wconf 90' lang='lat' dir='ltr'><strong>partim</strong></span> <span class='ocrx_word' id='word_1_356' title='bbox 938 2953 1068 2993; x_wconf 89' lang='lat' dir='ltr'><strong>vero</strong></span> <span class='ocrx_word' id='word_1_357' title='bbox 1105 2937 1364 2992; x_wconf 84' lang='lat' dir='ltr'><strong>Dominus</strong></span> <span class='ocrx_word' id='word_1_358' title='bbox 1404 2935 1662 3006; x_wconf 87' lang='lat' dir='ltr'><strong>Spiritum</strong></span> <span class='ocrx_word' id='word_1_359' title='bbox 1698 2937 1939 2991; x_wconf 85' lang='lat' dir='ltr'><strong>veritatis</strong></span> <span class='ocrx_word' id='word_1_360' title='bbox 1980 2952 2075 2990; x_wconf 85' lang='lat' dir='ltr'><strong>no-</strong></span> 
     </span>
    </p>
   </div>
   <div class='ocr_carea' id='block_1_48' title="bbox 508 3027 2072 3100">
    <p class='ocr_par' dir='ltr' id='par_1_48' title="bbox 508 3027 2072 3100">
     <span class='ocr_line' id='line_1_48' title="bbox 508 3027 2072 3100; baseline 0.001 -22"><span class='ocrx_word' id='word_1_361' title='bbox 508 3027 683 3082; x_wconf 86' lang='lat' dir='ltr'><strong>minet</strong></span> <span class='ocrx_word' id='word_1_362' title='bbox 717 3029 768 3095; x_wconf 67' lang='lat'><strong>‘;</strong></span> <span class='ocrx_word' id='word_1_363' title='bbox 800 3030 999 3100; x_wconf 89' lang='lat' dir='ltr'><strong>quippe</strong></span> <span class='ocrx_word' id='word_1_364' title='bbox 1051 3033 1163 3100; x_wconf 88' lang='lat' dir='ltr'><strong>ipse</strong></span> <span class='ocrx_word' id='word_1_365' title='bbox 1215 3040 1298 3084; x_wconf 90' lang='lat' dir='ltr'><strong>est</strong></span> <span class='ocrx_word' id='word_1_366' title='bbox 1343 3030 1584 3089; x_wconf 85' lang='lat' dir='ltr'><strong>veritas,</strong></span> <span class='ocrx_word' id='word_1_367' title='bbox 1637 3029 1986 3097; x_wconf 88' lang='lat' dir='ltr'><strong>proceditque</strong></span> <span class='ocrx_word' id='word_1_368' title='bbox 2045 3044 2072 3080; x_wconf 87' lang='lat' dir='ltr'><strong>a</strong></span> 
     </span>
    </p>
   </div>
   <div class='ocr_carea' id='block_1_49' title="bbox 508 3115 2073 3184">
    <p class='ocr_par' dir='ltr' id='par_1_49' title="bbox 508 3115 2073 3184">
     <span class='ocr_line' id='line_1_49' title="bbox 508 3115 2073 3184; baseline 0 -15"><span class='ocrx_word' id='word_1_369' title='bbox 508 3115 687 3172; x_wconf 85' lang='lat' dir='ltr'><strong>Patre.</strong></span> <span class='ocrx_word' id='word_1_370' title='bbox 753 3119 814 3172; x_wconf 67' lang='lat' dir='ltr'><strong>At</strong></span> <span class='ocrx_word' id='word_1_371' title='bbox 865 3120 952 3174; x_wconf 91' lang='lat' dir='ltr'><strong>hic</strong></span> <span class='ocrx_word' id='word_1_372' title='bbox 1011 3123 1074 3173; x_wconf 91' lang='lat' dir='ltr'><strong>ad</strong></span> <span class='ocrx_word' id='word_1_373' title='bbox 1140 3117 1563 3174; x_wconf 88' lang='lat' dir='ltr'><strong>destructionem</strong></span> <span class='ocrx_word' id='word_1_374' title='bbox 1624 3117 1806 3184; x_wconf 67' lang='lat' dir='ltr'><strong>gloria:</strong></span> <span class='ocrx_word' id='word_1_375' title='bbox 1865 3117 2073 3169; x_wconf 87' lang='lat' dir='ltr'><strong>Domini</strong></span> 
     </span>
    </p>
   </div>
   <div class='ocr_carea' id='block_1_50' title="bbox 2171 1926 3757 1999">
    <p class='ocr_par' dir='ltr' id='par_1_50' title="bbox 2171 1926 3757 1999">
     <span class='ocr_line' id='line_1_50' title="bbox 2171 1926 3757 1999; baseline -0.002 -17"><span class='ocrx_word' id='word_1_376' title='bbox 2171 1947 2259 1993; x_wconf 90' lang='grc' dir='ltr'><strong>νος</strong></span> <span class='ocrx_word' id='word_1_377' title='bbox 2307 1928 2746 1999; x_wconf 78' lang='grc' dir='ltr'>συντριϐήσεται’</span> <span class='ocrx_word' id='word_1_378' title='bbox 2780 1929 2830 1979; x_wconf 87' lang='grc' dir='ltr'>εἰ</span> <span class='ocrx_word' id='word_1_379' title='bbox 2868 1927 2925 1979; x_wconf 83' lang='grc' dir='ltr'>δὲ</span> <span class='ocrx_word' id='word_1_380' title='bbox 2964 1929 3092 1993; x_wconf 78' lang='grc' dir='ltr'>μιᾶς</span> <span class='ocrx_word' id='word_1_381' title='bbox 3148 1926 3369 1990; x_wconf 74' lang='grc' dir='ltr'>ἐξάπτει</span> <span class='ocrx_word' id='word_1_382' title='bbox 3407 1930 3474 1980; x_wconf 74' lang='grc' dir='ltr'><strong>τὰ</strong></span> <span class='ocrx_word' id='word_1_383' title='bbox 3506 1929 3658 1990; x_wconf 84' lang='grc' dir='ltr'>ὄντα,</span> <span class='ocrx_word' id='word_1_384' title='bbox 3691 1927 3757 1979; x_wconf 71' lang='grc' dir='ltr'>τὸ</span> 
     </span>
    </p>
   </div>
   <div class='ocr_carea' id='block_1_51' title="bbox 2174 2018 3760 2094">
    <p class='ocr_par' dir='ltr' id='par_1_51' title="bbox 2174 2018 3760 2094">
     <span class='ocr_line' id='line_1_51' title="bbox 2174 2018 3760 2094; baseline -0.003 -18"><span class='ocrx_word' id='word_1_385' title='bbox 2174 2022 2325 2094; x_wconf 80' lang='grc' dir='ltr'>παρὰ</span> <span class='ocrx_word' id='word_1_386' title='bbox 2351 2020 2445 2072; x_wconf 80' lang='grc' dir='ltr'>τοῦ</span> <span class='ocrx_word' id='word_1_387' title='bbox 2471 2019 2600 2073; x_wconf 88' lang='grc' dir='ltr'><strong>Υἱοῦ</strong></span> <span class='ocrx_word' id='word_1_388' title='bbox 2629 2019 2956 2089; x_wconf 72' lang='grc' dir='ltr'>γεγενῆσθαι</span> <span class='ocrx_word' id='word_1_389' title='bbox 2991 2019 3281 2088; x_wconf 86' lang='grc' dir='ltr'>λεγόμενον</span> <span class='ocrx_word' id='word_1_390' title='bbox 3312 2018 3446 2089; x_wconf 73' lang='grc' dir='ltr'>πρὸς</span> <span class='ocrx_word' id='word_1_391' title='bbox 3475 2020 3573 2088; x_wconf 75' lang='grc' dir='ltr'><strong>τὴν</strong></span> <span class='ocrx_word' id='word_1_392' title='bbox 3603 2018 3760 2091; x_wconf 84' lang='grc' dir='ltr'>πρώ-</span> 
     </span>
    </p>
   </div>
   <div class='ocr_carea' id='block_1_52' title="bbox 2171 2107 3759 2185">
    <p class='ocr_par' dir='ltr' id='par_1_52' title="bbox 2171 2107 3759 2185">
     <span class='ocr_line' id='line_1_52' title="bbox 2171 2107 3759 2185; baseline -0.004 -18"><span class='ocrx_word' id='word_1_393' title='bbox 2171 2131 2270 2185; x_wconf 85' lang='grc' dir='ltr'><strong>την</strong></span> <span class='ocrx_word' id='word_1_394' title='bbox 2298 2110 2475 2166; x_wconf 86' lang='grc' dir='ltr'>αίτίαν</span> <span class='ocrx_word' id='word_1_395' title='bbox 2513 2111 2609 2184; x_wconf 85' lang='grc' dir='ltr'><strong>τὴν</strong></span> <span class='ocrx_word' id='word_1_396' title='bbox 2647 2110 2925 2183; x_wconf 81' lang='grc' dir='ltr'>ἀναφορὰν</span> <span class='ocrx_word' id='word_1_397' title='bbox 2957 2110 3090 2180; x_wconf 76' lang='grc' dir='ltr'>ἔχει.</span> <span class='ocrx_word' id='word_1_398' title='bbox 3128 2110 3288 2162; x_wconf 84' lang='grc' dir='ltr'>Ὥστε</span> <span class='ocrx_word' id='word_1_399' title='bbox 3334 2107 3435 2161; x_wconf 85' lang='grc' dir='ltr'>κᾶν</span> <span class='ocrx_word' id='word_1_400' title='bbox 3466 2109 3646 2161; x_wconf 82' lang='grc' dir='ltr'>πάντα</span> <span class='ocrx_word' id='word_1_401' title='bbox 3675 2111 3759 2173; x_wconf 85' lang='grc' dir='ltr'><strong>είς</strong></span> 
     </span>
    </p>
   </div>
   <div class='ocr_carea' id='block_1_53' title="bbox 2171 2201 3756 2276">
    <p class='ocr_par' dir='ltr' id='par_1_53' title="bbox 2171 2201 3756 2276">
     <span class='ocr_line' id='line_1_53' title="bbox 2171 2201 3756 2276; baseline -0.006 -15"><span class='ocrx_word' id='word_1_402' title='bbox 2171 2209 2229 2261; x_wconf 83' lang='grc' dir='ltr'>τὸ</span> <span class='ocrx_word' id='word_1_403' title='bbox 2263 2204 2399 2259; x_wconf 79' lang='grc' dir='ltr'>εἶναι</span> <span class='ocrx_word' id='word_1_404' title='bbox 2431 2206 2708 2276; x_wconf 80' lang='grc' dir='ltr'>παρῆχθαι</span> <span class='ocrx_word' id='word_1_405' title='bbox 2741 2206 2829 2258; x_wconf 81' lang='grc' dir='ltr'><strong>διὰ</strong></span> <span class='ocrx_word' id='word_1_406' title='bbox 2871 2202 2963 2259; x_wconf 77' lang='grc' dir='ltr'>τοῦ</span> <span class='ocrx_word' id='word_1_407' title='bbox 3003 2203 3136 2258; x_wconf 84' lang='grc' dir='ltr'><strong>Θεοῦ</strong></span> <span class='ocrx_word' id='word_1_408' title='bbox 3169 2203 3339 2272; x_wconf 86' lang='grc' dir='ltr'>Λόγου</span> <span class='ocrx_word' id='word_1_409' title='bbox 3383 2201 3756 2272; x_wconf 74' lang='grc' dir='ltr'>πιστεύωμεν,</span> 
     </span>
    </p>
   </div>
   <div class='ocr_carea' id='block_1_54' title="bbox 2172 2294 3759 2352">
    <p class='ocr_par' dir='ltr' id='par_1_54' title="bbox 2172 2294 3759 2352">
     <span class='ocr_line' id='line_1_54' title="bbox 2172 2294 3759 2352; baseline -0.006 0"><span class='ocrx_word' id='word_1_410' title='bbox 2172 2298 2308 2352; x_wconf 75' lang='grc' dir='ltr'>ἀλλὰ</span> <span class='ocrx_word' id='word_1_411' title='bbox 2341 2299 2402 2350; x_wconf 85' lang='grc' dir='ltr'><strong>τὸ</strong></span> <span class='ocrx_word' id='word_1_412' title='bbox 2434 2299 2648 2352; x_wconf 87' lang='grc' dir='ltr'>πάντων</span> <span class='ocrx_word' id='word_1_413' title='bbox 2678 2299 2850 2351; x_wconf 77' lang='grc' dir='ltr'>αἴτιον</span> <span class='ocrx_word' id='word_1_414' title='bbox 2887 2294 3023 2350; x_wconf 83' lang='grc' dir='ltr'>εἶναι</span> <span class='ocrx_word' id='word_1_415' title='bbox 3052 2297 3142 2351; x_wconf 78' lang='grc' dir='ltr'><strong>τὸν</strong></span> <span class='ocrx_word' id='word_1_416' title='bbox 3171 2296 3302 2350; x_wconf 81' lang='grc' dir='ltr'>Θεὸν</span> <span class='ocrx_word' id='word_1_417' title='bbox 3342 2294 3451 2348; x_wconf 82' lang='grc' dir='ltr'>τῶν</span> <span class='ocrx_word' id='word_1_418' title='bbox 3482 2294 3619 2347; x_wconf 83' lang='grc' dir='ltr'>ὅλων</span> <span class='ocrx_word' id='word_1_419' title='bbox 3657 2294 3759 2344; x_wconf 74' lang='grc' dir='ltr'><strong>οὐκ</strong></span> 
     </span>
    </p>
   </div>
   <div class='ocr_carea' id='block_1_55' title="bbox 2172 2383 3754 2460">
    <p class='ocr_par' dir='ltr' id='par_1_55' title="bbox 2172 2383 3754 2460">
     <span class='ocr_line' id='line_1_55' title="bbox 2172 2383 3754 2460; baseline -0.006 -18"><span class='ocrx_word' id='word_1_420' title='bbox 2172 2389 2569 2460; x_wconf 83' lang='grc' dir='ltr'>ἀφαιρούμεθα.</span> <span class='ocrx_word' id='word_1_421' title='bbox 2599 2387 2722 2450; x_wconf 87' lang='grc' dir='ltr'><strong>Πῶς</strong></span> <span class='ocrx_word' id='word_1_422' title='bbox 2753 2388 2810 2440; x_wconf 86' lang='grc' dir='ltr'><strong>δὲ</strong></span> <span class='ocrx_word' id='word_1_423' title='bbox 2841 2390 2902 2440; x_wconf 86' lang='grc' dir='ltr'><strong>οὐ</strong></span> <span class='ocrx_word' id='word_1_424' title='bbox 2936 2388 3047 2460; x_wconf 85' lang='lat'><strong>(68)</strong></span> <span class='ocrx_word' id='word_1_425' title='bbox 3087 2388 3316 2457; x_wconf 83' lang='grc' dir='ltr'>φανερὸν</span> <span class='ocrx_word' id='word_1_426' title='bbox 3361 2387 3474 2457; x_wconf 81' lang='grc' dir='ltr'>ἔχει</span> <span class='ocrx_word' id='word_1_427' title='bbox 3505 2385 3596 2437; x_wconf 78' lang='grc' dir='ltr'>τὸν</span> <span class='ocrx_word' id='word_1_428' title='bbox 3635 2383 3754 2435; x_wconf 77' lang='grc' dir='ltr'>κίν-</span> 
     </span>
    </p>
   </div>
   <div class='ocr_carea' id='block_1_56' title="bbox 2170 2472 3757 2551">
    <p class='ocr_par' dir='ltr' id='par_1_56' title="bbox 2170 2472 3757 2551">
     <span class='ocr_line' id='line_1_56' title="bbox 2170 2472 3757 2551; baseline -0.007 -17"><span class='ocrx_word' id='word_1_429' title='bbox 2170 2481 2322 2534; x_wconf 89' lang='grc' dir='ltr'>δυνον</span> <span class='ocrx_word' id='word_1_430' title='bbox 2351 2482 2577 2551; x_wconf 84' lang='grc' dir='ltr'>διαιρεῖν</span> <span class='ocrx_word' id='word_1_431' title='bbox 2622 2480 2729 2538; x_wconf 72' lang='grc' dir='ltr'>ἀπὸ</span> <span class='ocrx_word' id='word_1_432' title='bbox 2775 2478 2868 2532; x_wconf 81' lang='grc' dir='ltr'>τοῦ</span> <span class='ocrx_word' id='word_1_433' title='bbox 2909 2481 3045 2532; x_wconf 74' lang='grc' dir='ltr'>Θεοῦ</span> <span class='ocrx_word' id='word_1_434' title='bbox 3075 2480 3136 2531; x_wconf 87' lang='grc' dir='ltr'><strong>τὸ</strong></span> <span class='ocrx_word' id='word_1_435' title='bbox 3161 2479 3422 2547; x_wconf 74' lang='grc' dir='ltr'>Πνεῦμας</span> <span class='ocrx_word' id='word_1_436' title='bbox 3454 2477 3609 2529; x_wconf 75' lang='grc' dir='ltr'>τοῦτο</span> <span class='ocrx_word' id='word_1_437' title='bbox 3657 2472 3757 2543; x_wconf 83' lang='grc' dir='ltr'>μὲν</span> 
     </span>
    </p>
   </div>
   <div class='ocr_carea' id='block_1_57' title="bbox 2171 2566 3760 2641">
    <p class='ocr_par' dir='ltr' id='par_1_57' title="bbox 2171 2566 3760 2641">
     <span class='ocr_line' id='line_1_57' title="bbox 2171 2566 3760 2641; baseline -0.004 -17"><span class='ocrx_word' id='word_1_438' title='bbox 2171 2571 2266 2625; x_wconf 80' lang='grc' dir='ltr'>τοῦ</span> <span class='ocrx_word' id='word_1_439' title='bbox 2305 2570 2630 2624; x_wconf 88' lang='grc' dir='ltr'>Ἀποστόλου</span> <span class='ocrx_word' id='word_1_440' title='bbox 2654 2571 3016 2641; x_wconf 83' lang='grc' dir='ltr'>συνημμένως</span> <span class='ocrx_word' id='word_1_441' title='bbox 3043 2573 3174 2641; x_wconf 81' lang='grc' dir='ltr'><strong>ἡμῖν</strong></span> <span class='ocrx_word' id='word_1_442' title='bbox 3211 2569 3616 2640; x_wconf 76' lang='grc' dir='ltr'>παραδιδόντος,</span> <span class='ocrx_word' id='word_1_443' title='bbox 3662 2566 3760 2620; x_wconf 78' lang='grc' dir='ltr'><strong>καὶ</strong></span> 
     </span>
    </p>
   </div>
   <div class='ocr_carea' id='block_1_58' title="bbox 2173 2653 3760 2734">
    <p class='ocr_par' dir='ltr' id='par_1_58' title="bbox 2173 2653 3760 2734">
     <span class='ocr_line' id='line_1_58' title="bbox 2173 2653 3760 2734; baseline -0.003 -19"><span class='ocrx_word' id='word_1_444' title='bbox 2173 2660 2268 2715; x_wconf 79' lang='grc' dir='ltr'><strong>νῦν</strong></span> <span class='ocrx_word' id='word_1_445' title='bbox 2315 2663 2412 2733; x_wconf 84' lang='grc' dir='ltr'><strong>μὲν</strong></span> <span class='ocrx_word' id='word_1_446' title='bbox 2440 2661 2677 2734; x_wconf 82' lang='grc' dir='ltr'>Χριστοῦ</span> <span class='ocrx_word' id='word_1_447' title='bbox 2727 2662 2995 2732; x_wconf 85' lang='grc' dir='ltr'>λέγοντος,</span> <span class='ocrx_word' id='word_1_448' title='bbox 3028 2661 3122 2716; x_wconf 84' lang='grc' dir='ltr'>νῦν</span> <span class='ocrx_word' id='word_1_449' title='bbox 3171 2661 3227 2714; x_wconf 87' lang='grc' dir='ltr'>δὲ</span> <span class='ocrx_word' id='word_1_450' title='bbox 3261 2659 3353 2713; x_wconf 76' lang='grc' dir='ltr'>τοῦ</span> <span class='ocrx_word' id='word_1_451' title='bbox 3385 2659 3543 2723; x_wconf 82' lang='grc' dir='ltr'>Θεοῦ,</span> <span class='ocrx_word' id='word_1_452' title='bbox 3589 2661 3646 2711; x_wconf 83' lang='grc' dir='ltr'>ὲν</span> <span class='ocrx_word' id='word_1_453' title='bbox 3675 2653 3760 2720; x_wconf 72' lang='grc' dir='ltr'>οἷς</span> 
     </span>
    </p>
   </div>
   <div class='ocr_carea' id='block_1_59' title="bbox 2173 2748 3760 2825">
    <p class='ocr_par' dir='ltr' id='par_1_59' title="bbox 2173 2748 3760 2825">
     <span class='ocr_line' id='line_1_59' title="bbox 2173 2748 3760 2825; baseline -0.003 -19"><span class='ocrx_word' id='word_1_454' title='bbox 2173 2754 2375 2825; x_wconf 69' lang='grc' dir='ltr'>γράφει</span> <span class='ocrx_word' id='word_1_455' title='bbox 2395 2772 2407 2785; x_wconf 89' lang='grc'>·</span> <span class='ocrx_word' id='word_1_456' title='bbox 2444 2758 2513 2808; x_wconf 75' lang='lat' dir='ltr'><strong>Et</strong></span> <span class='ocrx_word' id='word_1_457' title='bbox 2533 2754 2601 2808; x_wconf 87' lang='grc' dir='ltr'>δέ</span> <span class='ocrx_word' id='word_1_458' title='bbox 2623 2773 2712 2821; x_wconf 83' lang='grc' dir='ltr'><strong>τις</strong></span> <span class='ocrx_word' id='word_1_459' title='bbox 2734 2757 2972 2825; x_wconf 75' lang='grc' dir='ltr'>Πνεῦμα</span> <span class='ocrx_word' id='word_1_460' title='bbox 2991 2755 3248 2824; x_wconf 79' lang='grc' dir='ltr'>Χριστοῦ</span> <span class='ocrx_word' id='word_1_461' title='bbox 3274 2755 3384 2807; x_wconf 82' lang='grc' dir='ltr'>οὐκ</span> <span class='ocrx_word' id='word_1_462' title='bbox 3408 2752 3551 2822; x_wconf 76' lang='grc' dir='ltr'>ἔχει,</span> <span class='ocrx_word' id='word_1_463' title='bbox 3578 2748 3760 2814; x_wconf 83' lang='grc' dir='ltr'>οὗτος</span> 
     </span>
    </p>
   </div>
   <div class='ocr_carea' id='block_1_60' title="bbox 2174 2839 3760 2914">
    <p class='ocr_par' dir='ltr' id='par_1_60' title="bbox 2174 2839 3760 2914">
     <span class='ocr_line' id='line_1_60' title="bbox 2174 2839 3760 2914; baseline -0.004 -16"><span class='ocrx_word' id='word_1_464' title='bbox 2174 2847 2286 2899; x_wconf 83' lang='grc' dir='ltr'>οὐκ</span> <span class='ocrx_word' id='word_1_465' title='bbox 2333 2847 2503 2899; x_wconf 79' lang='grc' dir='ltr'>ἐστιν</span> <span class='ocrx_word' id='word_1_466' title='bbox 2546 2847 2766 2900; x_wconf 82' lang='grc' dir='ltr'>αὐτοῦ’</span> <span class='ocrx_word' id='word_1_467' title='bbox 2823 2847 2916 2900; x_wconf 75' lang='grc' dir='ltr'><strong>καὶ</strong></span> <span class='ocrx_word' id='word_1_468' title='bbox 2965 2847 3164 2900; x_wconf 76' lang='grc' dir='ltr'>πάλιν·</span> <span class='ocrx_word' id='word_1_469' title='bbox 3221 2845 3402 2914; x_wconf 81' lang='grc' dir='ltr'>Ὑμεῖς</span> <span class='ocrx_word' id='word_1_470' title='bbox 3452 2844 3519 2896; x_wconf 85' lang='grc' dir='ltr'>δὲ</span> <span class='ocrx_word' id='word_1_471' title='bbox 3567 2843 3638 2895; x_wconf 87' lang='grc' dir='ltr'>οὐ</span> <span class='ocrx_word' id='word_1_472' title='bbox 3687 2839 3760 2893; x_wconf 79' lang='grc' dir='ltr'>τὸ</span> 
     </span>
    </p>
   </div>
   <div class='ocr_carea' id='block_1_61' title="bbox 2177 2933 3760 3007">
    <p class='ocr_par' dir='ltr' id='par_1_61' title="bbox 2177 2933 3760 3007">
     <span class='ocr_line' id='line_1_61' title="bbox 2177 2933 3760 3007; baseline -0.003 -17"><span class='ocrx_word' id='word_1_473' title='bbox 2177 2937 2414 3006; x_wconf 80' lang='grc' dir='ltr'>πνεῦμα</span> <span class='ocrx_word' id='word_1_474' title='bbox 2438 2938 2544 2991; x_wconf 82' lang='grc' dir='ltr'>τοῦ</span> <span class='ocrx_word' id='word_1_475' title='bbox 2565 2939 2797 3005; x_wconf 80' lang='grc' dir='ltr'>κόσμου</span> <span class='ocrx_word' id='word_1_476' title='bbox 2820 2938 3060 2992; x_wconf 71' lang='grc' dir='ltr'>ἐλάϐετε</span> <span class='ocrx_word' id='word_1_477' title='bbox 3094 2940 3224 3007; x_wconf 81' lang='lat'><strong>(69),</strong></span> <span class='ocrx_word' id='word_1_478' title='bbox 3249 2938 3408 2991; x_wconf 64' lang='grc' dir='ltr'><em>ἀλλὰ</em></span> <span class='ocrx_word' id='word_1_479' title='bbox 3433 2937 3496 2989; x_wconf 76' lang='grc' dir='ltr'>τὸ</span> <span class='ocrx_word' id='word_1_480' title='bbox 3513 2933 3760 3000; x_wconf 75' lang='grc' dir='ltr'>Πνεῦμα</span> 
     </span>
    </p>
   </div>
   <div class='ocr_carea' id='block_1_62' title="bbox 2176 3023 3760 3097">
    <p class='ocr_par' dir='ltr' id='par_1_62' title="bbox 2176 3023 3760 3097">
     <span class='ocr_line' id='line_1_62' title="bbox 2176 3023 3760 3097; baseline -0.004 -16"><span class='ocrx_word' id='word_1_481' title='bbox 2176 3027 2243 3081; x_wconf 83' lang='grc' dir='ltr'>τὸ</span> <span class='ocrx_word' id='word_1_482' title='bbox 2273 3028 2340 3081; x_wconf 79' lang='grc' dir='ltr'>ἐκ</span> <span class='ocrx_word' id='word_1_483' title='bbox 2374 3027 2479 3081; x_wconf 84' lang='grc' dir='ltr'>τοῦ</span> <span class='ocrx_word' id='word_1_484' title='bbox 2505 3027 2682 3080; x_wconf 74' lang='grc' dir='ltr'>Θεοῦ*</span> <span class='ocrx_word' id='word_1_485' title='bbox 2712 3028 2870 3080; x_wconf 75' lang='grc' dir='ltr'>τοῦτο</span> <span class='ocrx_word' id='word_1_486' title='bbox 2891 3029 2945 3080; x_wconf 82' lang='grc' dir='ltr'><strong>δὲ</strong></span> <span class='ocrx_word' id='word_1_487' title='bbox 2968 3029 3059 3079; x_wconf 82' lang='grc' dir='ltr'>τοῦ</span> <span class='ocrx_word' id='word_1_488' title='bbox 3089 3028 3293 3097; x_wconf 83' lang='grc' dir='ltr'>Κυρίου</span> <span class='ocrx_word' id='word_1_489' title='bbox 3323 3027 3383 3078; x_wconf 86' lang='grc' dir='ltr'><strong>τὸ</strong></span> <span class='ocrx_word' id='word_1_490' title='bbox 3412 3025 3638 3092; x_wconf 80' lang='grc' dir='ltr'>Πνεῦμα</span> <span class='ocrx_word' id='word_1_491' title='bbox 3658 3023 3760 3092; x_wconf 79' lang='grc' dir='ltr'><strong>τῆς</strong></span> 
     </span>
    </p>
   </div>
   <div class='ocr_carea' id='block_1_63' title="bbox 2179 3114 3758 3190">
    <p class='ocr_par' dir='ltr' id='par_1_63' title="bbox 2179 3114 3758 3190">
     <span class='ocr_line' id='line_1_63' title="bbox 2179 3114 3758 3190; baseline -0.004 -17"><span class='ocrx_word' id='word_1_492' title='bbox 2179 3121 2434 3189; x_wconf 79' lang='grc' dir='ltr'>ἀληθείας</span> <span class='ocrx_word' id='word_1_493' title='bbox 2457 3121 2705 3187; x_wconf 79' lang='grc' dir='ltr'>λέγοντος</span> <span class='ocrx_word' id='word_1_494' title='bbox 2731 3119 2842 3190; x_wconf 88' lang='grc'>(70)</span> <span class='ocrx_word' id='word_1_495' title='bbox 2865 3138 2878 3149; x_wconf 82' lang='lat'><strong><em>°</em></strong></span> <span class='ocrx_word' id='word_1_496' title='bbox 2909 3117 3095 3188; x_wconf 79' lang='grc' dir='ltr'>ἐπειδὴ</span> <span class='ocrx_word' id='word_1_497' title='bbox 3129 3118 3289 3180; x_wconf 77' lang='grc' dir='ltr'>αὐτὸς</span> <span class='ocrx_word' id='word_1_498' title='bbox 3312 3117 3422 3188; x_wconf 85' lang='lat'><strong>(71)</strong></span> <span class='ocrx_word' id='word_1_499' title='bbox 3448 3119 3481 3187; x_wconf 80' lang='grc' dir='ltr'>ἡ</span> <span class='ocrx_word' id='word_1_500' title='bbox 3507 3114 3758 3185; x_wconf 83' lang='grc' dir='ltr'>ἀλήθεια,</span> 
     </span>
    </p>
   </div>
   <div class='ocr_carea' id='block_1_64' title="bbox 510 3202 2081 3283">
    <p class='ocr_par' dir='ltr' id='par_1_64' title="bbox 510 3208 2077 3279">
     <span class='ocr_line' id='line_1_64' title="bbox 510 3208 2077 3279; baseline -0.001 -17"><span class='ocrx_word' id='word_1_501' title='bbox 510 3210 682 3264; x_wconf 88' lang='lat' dir='ltr'><strong>nostri</strong></span> <span class='ocrx_word' id='word_1_502' title='bbox 715 3208 839 3266; x_wconf 78' lang='lat' dir='ltr'><strong>Jesu</strong></span> <span class='ocrx_word' id='word_1_503' title='bbox 876 3211 1099 3277; x_wconf 85' lang='lat' dir='ltr'><strong>Christi,</strong></span> <span class='ocrx_word' id='word_1_504' title='bbox 1138 3219 1198 3265; x_wconf 87' lang='lat' dir='ltr'><strong>ut</strong></span> <span class='ocrx_word' id='word_1_505' title='bbox 1231 3211 1495 3279; x_wconf 90' lang='lat' dir='ltr'><strong>Spiritum</strong></span> <span class='ocrx_word' id='word_1_506' title='bbox 1528 3208 1706 3262; x_wconf 78' lang='lat' dir='ltr'><strong>aufert</strong></span> <span class='ocrx_word' id='word_1_507' title='bbox 1735 3223 1764 3262; x_wconf 88' lang='lat' dir='ltr'><strong>a</strong></span> <span class='ocrx_word' id='word_1_508' title='bbox 1796 3208 1974 3271; x_wconf 89' lang='lat' dir='ltr'><strong>Patre,</strong></span> <span class='ocrx_word' id='word_1_509' title='bbox 2005 3209 2077 3262; x_wconf 87' lang='lat' dir='ltr'><strong>ita</strong></span> 
     </span>
    </p>
   </div>
   <div class='ocr_carea' id='block_1_65' title="bbox 2183 3202 3763 3283">
    <p class='ocr_par' dir='ltr' id='par_1_65' title="bbox 2183 3202 3763 3283">
     <span class='ocr_line' id='line_1_65' title="bbox 2183 3202 3763 3283; baseline -0.004 -19"><span class='ocrx_word' id='word_1_510' title='bbox 2183 3213 2276 3264; x_wconf 75' lang='grc' dir='ltr'><strong>καὶ</strong></span> <span class='ocrx_word' id='word_1_511' title='bbox 2302 3212 2453 3282; x_wconf 72' lang='grc' dir='ltr'>παρὰ</span> <span class='ocrx_word' id='word_1_512' title='bbox 2481 3213 2574 3265; x_wconf 75' lang='grc' dir='ltr'>τοῦ</span> <span class='ocrx_word' id='word_1_513' title='bbox 2610 3213 2822 3283; x_wconf 77' lang='grc' dir='ltr'>Πατρὸς</span> <span class='ocrx_word' id='word_1_514' title='bbox 2850 3211 3228 3283; x_wconf 80' lang='grc' dir='ltr'>ἐκπορεύεται.</span> <span class='ocrx_word' id='word_1_515' title='bbox 3276 3210 3412 3262; x_wconf 79' lang='grc' dir='ltr'>Ἀλλ’</span> <span class='ocrx_word' id='word_1_516' title='bbox 3449 3202 3624 3270; x_wconf 71' lang='grc' dir='ltr'>οὗτος,</span> <span class='ocrx_word' id='word_1_517' title='bbox 3680 3205 3763 3268; x_wconf 88' lang='grc' dir='ltr'><strong>είς</strong></span> 
     </span>
    </p>
   </div>
   <div class='ocr_carea' id='block_1_66' title="bbox 509 3298 2073 3371">
    <p class='ocr_par' dir='ltr' id='par_1_66' title="bbox 509 3298 2073 3371">
     <span class='ocr_line' id='line_1_66' title="bbox 509 3298 2073 3371; baseline -0.001 -17"><span class='ocrx_word' id='word_1_518' title='bbox 509 3316 631 3354; x_wconf 87' lang='lat' dir='ltr'><strong>eum</strong></span> <span class='ocrx_word' id='word_1_519' title='bbox 657 3303 815 3357; x_wconf 81' lang='lat' dir='ltr'><strong>unice</strong></span> <span class='ocrx_word' id='word_1_520' title='bbox 839 3300 1131 3371; x_wconf 81' lang='lat' dir='ltr'><strong>Unigenito</strong></span> <span class='ocrx_word' id='word_1_521' title='bbox 1149 3301 1213 3355; x_wconf 92' lang='lat' dir='ltr'><strong>ad</strong></span> <span class='ocrx_word' id='word_1_522' title='bbox 1236 3300 1420 3371; x_wconf 67' lang='lat' dir='ltr'><strong>gloriae</strong></span> <span class='ocrx_word' id='word_1_523' title='bbox 1442 3299 1777 3354; x_wconf 85' lang='lat' dir='ltr'><strong>eversionem</strong></span> <span class='ocrx_word' id='word_1_524' title='bbox 1806 3298 2073 3364; x_wconf 89' lang='lat' dir='ltr'><strong>attribuit,</strong></span> 
     </span>
    </p>
   </div>
   <div class='ocr_carea' id='block_1_67' title="bbox 509 3387 2075 3459">
    <p class='ocr_par' dir='ltr' id='par_1_67' title="bbox 509 3387 2075 3459">
     <span class='ocr_line' id='line_1_67' title="bbox 509 3387 2075 3459; baseline -0.002 -15"><span class='ocrx_word' id='word_1_525' title='bbox 509 3393 688 3459; x_wconf 84' lang='lat' dir='ltr'><strong>ipsum</strong></span> <span class='ocrx_word' id='word_1_526' title='bbox 739 3395 1097 3456; x_wconf 84' lang='lat' dir='ltr'><strong>contumelia,</strong></span> <span class='ocrx_word' id='word_1_527' title='bbox 1142 3404 1200 3447; x_wconf 91' lang='lat' dir='ltr'><strong>ut</strong></span> <span class='ocrx_word' id='word_1_528' title='bbox 1238 3393 1337 3449; x_wconf 83' lang='lat' dir='ltr'><strong>sibi</strong></span> <span class='ocrx_word' id='word_1_529' title='bbox 1373 3392 1603 3455; x_wconf 82' lang='lat' dir='ltr'><strong>videtur,</strong></span> <span class='ocrx_word' id='word_1_530' title='bbox 1644 3389 1899 3444; x_wconf 79' lang='lat' dir='ltr'><strong>alliciens.</strong></span> <span class='ocrx_word' id='word_1_531' title='bbox 1941 3387 2075 3442; x_wconf 88' lang='lat' dir='ltr'><strong>Nam</strong></span> 
     </span>
    </p>
   </div>
   <div class='ocr_carea' id='block_1_68' title="bbox 512 3482 2079 3552">
    <p class='ocr_par' dir='ltr' id='par_1_68' title="bbox 512 3482 2079 3552">
     <span class='ocr_line' id='line_1_68' title="bbox 512 3482 2079 3552; baseline -0.003 -14"><span class='ocrx_word' id='word_1_532' title='bbox 512 3484 566 3538; x_wconf 89' lang='lat' dir='ltr'><strong>iu</strong></span> <span class='ocrx_word' id='word_1_533' title='bbox 639 3487 1019 3540; x_wconf 82' lang='lat' dir='ltr'><strong>retributionis</strong></span> <span class='ocrx_word' id='word_1_534' title='bbox 1080 3487 1167 3540; x_wconf 85' lang='lat' dir='ltr'><strong>die</strong></span> <span class='ocrx_word' id='word_1_535' title='bbox 1226 3485 1425 3540; x_wconf 85' lang='lat' dir='ltr'><strong>nullam</strong></span> <span class='ocrx_word' id='word_1_536' title='bbox 1473 3484 1542 3538; x_wconf 89' lang='lat' dir='ltr'><strong>ob</strong></span> <span class='ocrx_word' id='word_1_537' title='bbox 1595 3497 1756 3552; x_wconf 87' lang='lat' dir='ltr'><strong>prava</strong></span> <span class='ocrx_word' id='word_1_538' title='bbox 1828 3482 2079 3552; x_wconf 78' lang='lat' dir='ltr'><strong>dogmata</strong></span> 
     </span>
    </p>
   </div>
   <div class='ocr_carea' id='block_1_69' title="bbox 513 3575 1093 3645">
    <p class='ocr_par' dir='ltr' id='par_1_69' title="bbox 513 3575 1093 3645">
     <span class='ocr_line' id='line_1_69' title="bbox 513 3575 1093 3645; baseline 0.012 -18"><span class='ocrx_word' id='word_1_539' title='bbox 513 3575 770 3630; x_wconf 90' lang='lat' dir='ltr'><strong>ultionem</strong></span> <span class='ocrx_word' id='word_1_540' title='bbox 793 3587 1093 3645; x_wconf 81' lang='lat' dir='ltr'><strong>exspectat.</strong></span> 
     </span>
    </p>
   </div>
   <div class='ocr_carea' id='block_1_70' title="bbox 2184 3297 3763 3372">
    <p class='ocr_par' dir='ltr' id='par_1_70' title="bbox 2184 3297 3763 3372">
     <span class='ocr_line' id='line_1_70' title="bbox 2184 3297 3763 3372; baseline -0.004 -19"><span class='ocrx_word' id='word_1_541' title='bbox 2184 3299 2506 3370; x_wconf 79' lang='grc' dir='ltr'>καθαίρεσιν</span> <span class='ocrx_word' id='word_1_542' title='bbox 2549 3303 2647 3371; x_wconf 80' lang='grc' dir='ltr'>τῆς</span> <span class='ocrx_word' id='word_1_543' title='bbox 2676 3302 2834 3370; x_wconf 80' lang='grc' dir='ltr'>δόξης</span> <span class='ocrx_word' id='word_1_544' title='bbox 2867 3299 2960 3352; x_wconf 79' lang='grc' dir='ltr'>τοῦ</span> <span class='ocrx_word' id='word_1_545' title='bbox 3008 3301 3213 3372; x_wconf 81' lang='grc' dir='ltr'>Κυρίου</span> <span class='ocrx_word' id='word_1_546' title='bbox 3237 3299 3392 3370; x_wconf 70' lang='grc' dir='ltr'>ἡμῶν</span> <span class='ocrx_word' id='word_1_547' title='bbox 3428 3298 3601 3358; x_wconf 70' lang='grc' dir='ltr'>Ἰησοῦ</span> <span class='ocrx_word' id='word_1_548' title='bbox 3629 3297 3763 3364; x_wconf 78' lang='grc' dir='ltr'>Χρι-</span> 
     </span>
    </p>
   </div>
   <div class='ocr_carea' id='block_1_71' title="bbox 2187 3389 3766 3464">
    <p class='ocr_par' dir='ltr' id='par_1_71' title="bbox 2187 3389 3766 3464">
     <span class='ocr_line' id='line_1_71' title="bbox 2187 3389 3766 3464; baseline -0.004 -20"><span class='ocrx_word' id='word_1_549' title='bbox 2187 3391 2337 3454; x_wconf 83' lang='grc' dir='ltr'>στοῦ,</span> <span class='ocrx_word' id='word_1_550' title='bbox 2381 3393 2601 3463; x_wconf 74' lang='grc' dir='ltr'>ἀφαιρεῖ</span> <span class='ocrx_word' id='word_1_551' title='bbox 2642 3393 2739 3464; x_wconf 87' lang='grc' dir='ltr'>μὲν</span> <span class='ocrx_word' id='word_1_552' title='bbox 2772 3392 2903 3445; x_wconf 74' lang='grc' dir='ltr'>αὐτὸ</span> <span class='ocrx_word' id='word_1_553' title='bbox 2932 3391 3025 3446; x_wconf 81' lang='grc' dir='ltr'>τοῦ</span> <span class='ocrx_word' id='word_1_554' title='bbox 3060 3390 3289 3461; x_wconf 76' lang='grc' dir='ltr'>Πατρὸς,</span> <span class='ocrx_word' id='word_1_555' title='bbox 3321 3389 3399 3458; x_wconf 84' lang='grc' dir='ltr'>τῷ</span> <span class='ocrx_word' id='word_1_556' title='bbox 3430 3389 3485 3440; x_wconf 83' lang='grc' dir='ltr'>δὲ</span> <span class='ocrx_word' id='word_1_557' title='bbox 3525 3389 3766 3454; x_wconf 80' lang='grc' dir='ltr'>Μονογε-</span> 
     </span>
    </p>
   </div>
   <div class='ocr_carea' id='block_1_72' title="bbox 2186 3477 3766 3556">
    <p class='ocr_par' dir='ltr' id='par_1_72' title="bbox 2186 3477 3766 3556">
     <span class='ocr_line' id='line_1_72' title="bbox 2186 3477 3766 3556; baseline -0.004 -20"><span class='ocrx_word' id='word_1_558' title='bbox 2186 3488 2268 3537; x_wconf 84' lang='grc' dir='ltr'>νεῖ</span> <span class='ocrx_word' id='word_1_559' title='bbox 2298 3485 2660 3554; x_wconf 71' lang='grc' dir='ltr'>διαφερόντως</span> <span class='ocrx_word' id='word_1_560' title='bbox 2689 3486 2780 3538; x_wconf 78' lang='grc' dir='ltr'>ἐπὶ</span> <span class='ocrx_word' id='word_1_561' title='bbox 2807 3484 3122 3556; x_wconf 74' lang='grc' dir='ltr'>καθαιρέσει</span> <span class='ocrx_word' id='word_1_562' title='bbox 3157 3483 3254 3551; x_wconf 78' lang='grc' dir='ltr'><strong>τῆς</strong></span> <span class='ocrx_word' id='word_1_563' title='bbox 3281 3479 3437 3550; x_wconf 77' lang='grc' dir='ltr'>δόξης</span> <span class='ocrx_word' id='word_1_564' title='bbox 3467 3477 3766 3550; x_wconf 82' lang='grc' dir='ltr'>προστίθη-</span> 
     </span>
    </p>
   </div>
   <div class='ocr_carea' id='block_1_73' title="bbox 2191 3568 3766 3646">
    <p class='ocr_par' dir='ltr' id='par_1_73' title="bbox 2191 3568 3766 3646">
     <span class='ocr_line' id='line_1_73' title="bbox 2191 3568 3766 3646; baseline -0.004 -18"><span class='ocrx_word' id='word_1_565' title='bbox 2191 3593 2296 3638; x_wconf 85' lang='grc' dir='ltr'>σιν,</span> <span class='ocrx_word' id='word_1_566' title='bbox 2332 3575 2657 3646; x_wconf 76' lang='grc' dir='ltr'>ἐφυϐρίζων,</span> <span class='ocrx_word' id='word_1_567' title='bbox 2690 3575 2764 3638; x_wconf 85' lang='grc' dir='ltr'>ὠς</span> <span class='ocrx_word' id='word_1_568' title='bbox 2804 3574 2973 3628; x_wconf 79' lang='grc' dir='ltr'>οἴεται</span> <span class='ocrx_word' id='word_1_569' title='bbox 3005 3571 3139 3643; x_wconf 76' lang='lat'><strong>(72),</strong></span> <span class='ocrx_word' id='word_1_570' title='bbox 3193 3570 3443 3640; x_wconf 82' lang='grc' dir='ltr'>οὐδεμίαν</span> <span class='ocrx_word' id='word_1_571' title='bbox 3484 3568 3766 3639; x_wconf 72' lang='grc' dir='ltr'>ἐκδίκησιν</span> 
     </span>
    </p>
   </div>
   <div class='ocr_carea' id='block_1_74' title="bbox 515 3670 2858 3744">
    <p class='ocr_par' dir='ltr' id='par_1_74' title="bbox 515 3670 2858 3744">
     <span class='ocr_line' id='line_1_74' title="bbox 515 3670 2858 3744; baseline -0.001 -20"><span class='ocrx_word' id='word_1_572' title='bbox 515 3673 610 3727; x_wconf 66' lang='grc' dir='ltr'><strong>ἰπὶ</strong></span> <span class='ocrx_word' id='word_1_573' title='bbox 654 3673 766 3736; x_wconf 71' lang='grc' dir='ltr'>τοῖς</span> <span class='ocrx_word' id='word_1_574' title='bbox 815 3673 1068 3744; x_wconf 72' lang='grc' dir='ltr'>πονηροῖς</span> <span class='ocrx_word' id='word_1_575' title='bbox 1111 3671 1374 3741; x_wconf 84' lang='grc' dir='ltr'>δόγμασιν</span> <span class='ocrx_word' id='word_1_576' title='bbox 1417 3672 1526 3740; x_wconf 78' lang='grc'>(75)</span> <span class='ocrx_word' id='word_1_577' title='bbox 1572 3673 1628 3723; x_wconf 78' lang='grc' dir='ltr'>ὲν</span> <span class='ocrx_word' id='word_1_578' title='bbox 1675 3674 1739 3741; x_wconf 79' lang='grc' dir='ltr'>τῇ</span> <span class='ocrx_word' id='word_1_579' title='bbox 1771 3670 1953 3741; x_wconf 79' lang='grc' dir='ltr'>ἡμέρᾳ</span> <span class='ocrx_word' id='word_1_580' title='bbox 1984 3671 2081 3740; x_wconf 73' lang='grc' dir='ltr'>τῆς</span> <span class='ocrx_word' id='word_1_581' title='bbox 2120 3671 2523 3734; x_wconf 86' lang='grc' dir='ltr'>ἀνταποδόσεως</span> <span class='ocrx_word' id='word_1_582' title='bbox 2558 3671 2858 3742; x_wconf 86' lang='grc' dir='ltr'>ἀναμένων.</span> 
     </span>
    </p>
   </div>
   <div class='ocr_carea' id='block_1_75' title="bbox 590 3810 2081 3878">
    <p class='ocr_par' dir='ltr' id='par_1_75' title="bbox 590 3810 2081 3878">
     <span class='ocr_line' id='line_1_75' title="bbox 590 3810 2081 3878; baseline -0.006 -3"><span class='ocrx_word' id='word_1_583' title='bbox 590 3819 605 3848; x_wconf 90' lang='grc'>¹</span> <span class='ocrx_word' id='word_1_584' title='bbox 641 3817 952 3878; x_wconf 79' lang='lat' dir='ltr'><strong>Joan.xvn.</strong></span> <span class='ocrx_word' id='word_1_585' title='bbox 990 3816 1078 3872; x_wconf 77' lang='grc'>10.</span> <span class='ocrx_word' id='word_1_586' title='bbox 1151 3817 1172 3847; x_wconf 82' lang='grc'><strong>¹</strong></span> <span class='ocrx_word' id='word_1_587' title='bbox 1208 3812 1364 3868; x_wconf 78' lang='lat' dir='ltr'><strong>Rom.</strong></span> <span class='ocrx_word' id='word_1_588' title='bbox 1398 3828 1519 3878; x_wconf 81' lang='grc' dir='ltr'>νιιι,</span> <span class='ocrx_word' id='word_1_589' title='bbox 1550 3812 1603 3868; x_wconf 91' lang='lat'><strong>9.</strong></span> <span class='ocrx_word' id='word_1_590' title='bbox 1681 3810 1748 3864; x_wconf 85' lang='grc'><strong>⁸1</strong></span> <span class='ocrx_word' id='word_1_591' title='bbox 1785 3810 1906 3866; x_wconf 88' lang='lat' dir='ltr'><strong>Cor.</strong></span> <span class='ocrx_word' id='word_1_592' title='bbox 1946 3828 2006 3878; x_wconf 89' lang='lat' dir='ltr'><strong>n,</strong></span> <span class='ocrx_word' id='word_1_593' title='bbox 2041 3814 2081 3866; x_wconf 68' lang='lat' dir='ltr'><strong>li</strong></span> 
     </span>
    </p>
   </div>
   <div class='ocr_carea' id='block_1_76' title="bbox 2183 3810 2670 3878">
    <p class='ocr_par' dir='ltr' id='par_1_76' title="bbox 2203 3812 2670 3878">
     <span class='ocr_line' id='line_1_76' title="bbox 2203 3812 2670 3878; baseline -0.002 -12"><span class='ocrx_word' id='word_1_594' title='bbox 2203 3813 2225 3844; x_wconf 72' lang='grc'><strong>⁸</strong></span> <span class='ocrx_word' id='word_1_595' title='bbox 2258 3812 2414 3869; x_wconf 82' lang='lat' dir='ltr'><strong>Joan.</strong></span> <span class='ocrx_word' id='word_1_596' title='bbox 2461 3828 2548 3878; x_wconf 85' lang='lat' dir='ltr'><strong>xv,</strong></span> <span class='ocrx_word' id='word_1_597' title='bbox 2581 3813 2670 3869; x_wconf 74' lang='lat'><strong>26.</strong></span> 
     </span>
    </p>
   </div>
   <div class='ocr_carea' id='block_1_77' title="bbox 590 3927 2095 3997">
    <p class='ocr_par' dir='ltr' id='par_1_77' title="bbox 590 3927 2095 3997">
     <span class='ocr_line' id='line_1_77' title="bbox 590 3927 2095 3997; baseline -0.005 -12"><span class='ocrx_word' id='word_1_598' title='bbox 590 3931 704 3997; x_wconf 79' lang='lat'><strong>(65)</strong></span> <span class='ocrx_word' id='word_1_599' title='bbox 740 3932 882 3985; x_wconf 83' lang='lat' dir='ltr'><strong>Editi</strong></span> <span class='ocrx_word' id='word_1_600' title='bbox 911 3931 977 3989; x_wconf 83' lang='grc' dir='ltr'>ἂν</span> <span class='ocrx_word' id='word_1_601' title='bbox 1001 3931 1292 3995; x_wconf 85' lang='grc' dir='ltr'>ταπεινῶς.</span> <span class='ocrx_word' id='word_1_602' title='bbox 1318 3934 1387 3986; x_wconf 82' lang='lat' dir='ltr'><strong>At</strong></span> <span class='ocrx_word' id='word_1_603' title='bbox 1422 3945 1553 3984; x_wconf 88' lang='lat' dir='ltr'><strong>mss.</strong></span> <span class='ocrx_word' id='word_1_604' title='bbox 1577 3936 1690 3984; x_wconf 80' lang='lat' dir='ltr'><strong>tres</strong></span> <span class='ocrx_word' id='word_1_605' title='bbox 1723 3927 1788 3982; x_wconf 81' lang='grc' dir='ltr'>ἂν</span> <span class='ocrx_word' id='word_1_606' title='bbox 1817 3927 1876 3980; x_wconf 76' lang='grc' dir='ltr'>τὸ</span> <span class='ocrx_word' id='word_1_607' title='bbox 1903 3943 2095 3980; x_wconf 86' lang='grc' dir='ltr'>ταπει-</span> 
     </span>
    </p>
   </div>
   <div class='ocr_carea' id='block_1_78' title="bbox 516 3998 2096 4073">
    <p class='ocr_par' dir='ltr' id='par_1_78' title="bbox 516 3998 2096 4073">
     <span class='ocr_line' id='line_1_78' title="bbox 516 3998 2096 4073; baseline -0.003 -18"><span class='ocrx_word' id='word_1_608' title='bbox 516 4002 647 4066; x_wconf 76' lang='grc' dir='ltr'>νῶς.</span> <span class='ocrx_word' id='word_1_609' title='bbox 668 4002 877 4073; x_wconf 80' lang='lat' dir='ltr'><strong>Ibidem</strong></span> <span class='ocrx_word' id='word_1_610' title='bbox 899 4003 1030 4054; x_wconf 84' lang='lat' dir='ltr'><strong>editi</strong></span> <span class='ocrx_word' id='word_1_611' title='bbox 1070 4003 1146 4073; x_wconf 82' lang='grc' dir='ltr'>μὴ</span> <span class='ocrx_word' id='word_1_612' title='bbox 1176 4001 1343 4071; x_wconf 80' lang='grc' dir='ltr'>τῦφον</span> <span class='ocrx_word' id='word_1_613' title='bbox 1387 3998 1579 4055; x_wconf 81' lang='grc' dir='ltr'>ἑαυτοῦ</span> <span class='ocrx_word' id='word_1_614' title='bbox 1641 3998 1993 4059; x_wconf 83' lang='grc' dir='ltr'>καταϐάλλοι.</span> <span class='ocrx_word' id='word_1_615' title='bbox 2028 3998 2096 4052; x_wconf 77' lang='lat' dir='ltr'><strong>At</strong></span> 
     </span>
    </p>
   </div>
   <div class='ocr_carea' id='block_1_79' title="bbox 518 4071 1494 4140">
    <p class='ocr_par' dir='ltr' id='par_1_79' title="bbox 518 4071 1494 4140">
     <span class='ocr_line' id='line_1_79' title="bbox 518 4071 1494 4140; baseline -0.003 -12"><span class='ocrx_word' id='word_1_616' title='bbox 518 4087 654 4128; x_wconf 87' lang='lat' dir='ltr'><strong>mss.</strong></span> <span class='ocrx_word' id='word_1_617' title='bbox 675 4071 1012 4140; x_wconf 72' lang='lat' dir='ltr'><strong>antiquiores</strong></span> <span class='ocrx_word' id='word_1_618' title='bbox 1039 4071 1096 4121; x_wconf 77' lang='lat' dir='ltr'><strong>ut</strong></span> <span class='ocrx_word' id='word_1_619' title='bbox 1120 4071 1172 4140; x_wconf 87' lang='lat' dir='ltr'><strong>in</strong></span> <span class='ocrx_word' id='word_1_620' title='bbox 1213 4081 1494 4126; x_wconf 81' lang='lat' dir='ltr'><strong>contextu.</strong></span> 
     </span>
    </p>
   </div>
   <div class='ocr_carea' id='block_1_80' title="bbox 595 4139 2097 4213">
    <p class='ocr_par' dir='ltr' id='par_1_80' title="bbox 595 4139 2097 4213">
     <span class='ocr_line' id='line_1_80' title="bbox 595 4139 2097 4213; baseline -0.004 -17"><span class='ocrx_word' id='word_1_621' title='bbox 595 4141 705 4213; x_wconf 78' lang='grc'>(66)</span> <span class='ocrx_word' id='word_1_622' title='bbox 741 4139 973 4213; x_wconf 58' lang='lat' dir='ltr'><strong>Verbum</strong></span> <span class='ocrx_word' id='word_1_623' title='bbox 1006 4139 1264 4209; x_wconf 78' lang='grc' dir='ltr'>ἐροῦμεν</span> <span class='ocrx_word' id='word_1_624' title='bbox 1302 4140 1528 4213; x_wconf 67' lang='lat' dir='ltr'><strong>reperiri</strong></span> <span class='ocrx_word' id='word_1_625' title='bbox 1575 4140 1794 4213; x_wconf 71' lang='lat' dir='ltr'><strong>quidem</strong></span> <span class='ocrx_word' id='word_1_626' title='bbox 1836 4142 1888 4193; x_wconf 92' lang='lat' dir='ltr'><strong>in</strong></span> <span class='ocrx_word' id='word_1_627' title='bbox 1935 4139 2097 4213; x_wconf 84' lang='lat' dir='ltr'><strong>editis</strong></span> 
     </span>
    </p>
   </div>
   <div class='ocr_carea' id='block_1_81' title="bbox 521 4207 2098 4280">
    <p class='ocr_par' dir='ltr' id='par_1_81' title="bbox 521 4207 2098 4280">
     <span class='ocr_line' id='line_1_81' title="bbox 521 4207 2098 4280; baseline -0.002 -18"><span class='ocrx_word' id='word_1_628' title='bbox 521 4223 578 4265; x_wconf 73' lang='grc' dir='ltr'><strong>ιιι</strong></span> <span class='ocrx_word' id='word_1_629' title='bbox 605 4207 980 4280; x_wconf 60' lang='grc' dir='ltr'>ἶηίΙίᾳυίὺυε</span> <span class='ocrx_word' id='word_1_630' title='bbox 1003 4207 1157 4264; x_wconf 32' lang='lat' dir='ltr'><strong>mss.’</strong></span> <span class='ocrx_word' id='word_1_631' title='bbox 1182 4225 1285 4263; x_wconf 86' lang='lat' dir='ltr'><strong>non</strong></span> <span class='ocrx_word' id='word_1_632' title='bbox 1314 4207 1544 4280; x_wconf 87' lang='lat' dir='ltr'><strong>dilIitcor</strong></span> <span class='ocrx_word' id='word_1_633' title='bbox 1578 4227 1590 4260; x_wconf 90' lang='lat'>:</span> <span class='ocrx_word' id='word_1_634' title='bbox 1632 4209 1763 4260; x_wconf 92' lang='lat' dir='ltr'><strong>mihi</strong></span> <span class='ocrx_word' id='word_1_635' title='bbox 1798 4219 1972 4280; x_wconf 86' lang='lat' dir='ltr'><strong>tamen</strong></span> <span class='ocrx_word' id='word_1_636' title='bbox 1999 4209 2098 4261; x_wconf 91' lang='lat' dir='ltr'><strong>du-</strong></span> 
     </span>
    </p>
   </div>
   <div class='ocr_carea' id='block_1_82' title="bbox 521 4279 2096 4352">
    <p class='ocr_par' dir='ltr' id='par_1_82' title="bbox 521 4279 2096 4352">
     <span class='ocr_line' id='line_1_82' title="bbox 521 4279 2096 4352; baseline -0.004 -15"><span class='ocrx_word' id='word_1_637' title='bbox 521 4283 676 4338; x_wconf 79' lang='lat' dir='ltr'><strong>bium</strong></span> <span class='ocrx_word' id='word_1_638' title='bbox 707 4279 814 4336; x_wconf 82' lang='lat' dir='ltr'><strong>non</strong></span> <span class='ocrx_word' id='word_1_639' title='bbox 843 4291 948 4352; x_wconf 80' lang='lat' dir='ltr'><strong>est,</strong></span> <span class='ocrx_word' id='word_1_640' title='bbox 977 4281 1106 4352; x_wconf 86' lang='lat' dir='ltr'><strong>quin</strong></span> <span class='ocrx_word' id='word_1_641' title='bbox 1151 4281 1342 4352; x_wconf 81' lang='lat' dir='ltr'><strong>melius</strong></span> <span class='ocrx_word' id='word_1_642' title='bbox 1384 4279 1546 4340; x_wconf 86' lang='lat' dir='ltr'><strong>absit,</strong></span> <span class='ocrx_word' id='word_1_643' title='bbox 1574 4288 1684 4330; x_wconf 85' lang='lat' dir='ltr'><strong>tum</strong></span> <span class='ocrx_word' id='word_1_644' title='bbox 1732 4279 1876 4344; x_wconf 89' lang='lat' dir='ltr'><strong>quod</strong></span> <span class='ocrx_word' id='word_1_645' title='bbox 1911 4293 2008 4352; x_wconf 88' lang='lat' dir='ltr'><strong>per</strong></span> <span class='ocrx_word' id='word_1_646' title='bbox 2037 4293 2096 4330; x_wconf 89' lang='lat' dir='ltr'><strong>se</strong></span> 
     </span>
    </p>
   </div>
   <div class='ocr_carea' id='block_1_83' title="bbox 519 4349 2097 4421">
    <p class='ocr_par' dir='ltr' id='par_1_83' title="bbox 519 4349 2097 4421">
     <span class='ocr_line' id='line_1_83' title="bbox 519 4349 2097 4421; baseline -0.006 -12"><span class='ocrx_word' id='word_1_647' title='bbox 519 4353 684 4409; x_wconf 71' lang='lat' dir='ltr'><strong>facile</strong></span> <span class='ocrx_word' id='word_1_648' title='bbox 726 4366 754 4403; x_wconf 90' lang='lat' dir='ltr'><strong>a</strong></span> <span class='ocrx_word' id='word_1_649' title='bbox 810 4349 1051 4421; x_wconf 83' lang='lat' dir='ltr'><strong>quolibet</strong></span> <span class='ocrx_word' id='word_1_650' title='bbox 1089 4349 1326 4420; x_wconf 83' lang='lat' dir='ltr'><strong>suppleri</strong></span> <span class='ocrx_word' id='word_1_651' title='bbox 1365 4357 1573 4421; x_wconf 26' lang='lat' dir='ltr'><strong>pOIestA,‘</strong></span> <span class='ocrx_word' id='word_1_652' title='bbox 1595 4357 1706 4421; x_wconf 81' lang='lat' dir='ltr'><strong>tum</strong></span> <span class='ocrx_word' id='word_1_653' title='bbox 1739 4352 1879 4413; x_wconf 85' lang='lat' dir='ltr'><strong>quod</strong></span> <span class='ocrx_word' id='word_1_654' title='bbox 1920 4349 1970 4397; x_wconf 89' lang='lat' dir='ltr'><strong>in</strong></span> <span class='ocrx_word' id='word_1_655' title='bbox 2005 4361 2097 4400; x_wconf 82' lang='lat' dir='ltr'><strong>ve-</strong></span> 
     </span>
    </p>
   </div>
   <div class='ocr_carea' id='block_1_84' title="bbox 528 4417 2097 4476">
    <p class='ocr_par' dir='ltr' id='par_1_84' title="bbox 528 4417 2097 4476">
     <span class='ocr_line' id='line_1_84' title="bbox 528 4417 2097 4476; baseline -0.004 -2"><span class='ocrx_word' id='word_1_656' title='bbox 528 4417 846 4476; x_wconf 76' lang='lat' dir='ltr'><strong>tustioribus</strong></span> <span class='ocrx_word' id='word_1_657' title='bbox 877 4435 1009 4475; x_wconf 83' lang='lat' dir='ltr'><strong>mss.</strong></span> <span class='ocrx_word' id='word_1_658' title='bbox 1060 4437 1164 4474; x_wconf 88' lang='lat' dir='ltr'><strong>non</strong></span> <span class='ocrx_word' id='word_1_659' title='bbox 1194 4417 1504 4473; x_wconf 75' lang='lat' dir='ltr'><strong>invenitur.</strong></span> <span class='ocrx_word' id='word_1_660' title='bbox 1539 4417 1614 4470; x_wconf 79' lang='lat' dir='ltr'><strong>Ex</strong></span> <span class='ocrx_word' id='word_1_661' title='bbox 1651 4417 1734 4471; x_wconf 81' lang='lat' dir='ltr'><strong>his</strong></span> <span class='ocrx_word' id='word_1_662' title='bbox 1765 4425 1943 4467; x_wconf 86' lang='lat' dir='ltr'><strong>autem</strong></span> <span class='ocrx_word' id='word_1_663' title='bbox 1974 4429 2097 4468; x_wconf 89' lang='lat' dir='ltr'><strong>ver-</strong></span> 
     </span>
    </p>
   </div>
   <div class='ocr_carea' id='block_1_85' title="bbox 523 4485 2096 4557">
    <p class='ocr_par' dir='ltr' id='par_1_85' title="bbox 523 4485 2096 4557">
     <span class='ocr_line' id='line_1_85' title="bbox 523 4485 2096 4557; baseline -0.005 -12"><span class='ocrx_word' id='word_1_664' title='bbox 523 4491 634 4553; x_wconf 77' lang='lat' dir='ltr'><strong>bis.</strong></span> <span class='ocrx_word' id='word_1_665' title='bbox 664 4491 768 4545; x_wconf 84' lang='lat' dir='ltr'><strong>nisi</strong></span> <span class='ocrx_word' id='word_1_666' title='bbox 799 4491 955 4545; x_wconf 78' lang='lat' dir='ltr'><strong>valde</strong></span> <span class='ocrx_word' id='word_1_667' title='bbox 983 4490 1161 4555; x_wconf 75' lang='lat' dir='ltr'><strong>fallor,</strong></span> <span class='ocrx_word' id='word_1_668' title='bbox 1198 4489 1382 4557; x_wconf 75' lang='lat' dir='ltr'><strong>colligi</strong></span> <span class='ocrx_word' id='word_1_669' title='bbox 1417 4489 1612 4541; x_wconf 86' lang='lat' dir='ltr'><strong>merito</strong></span> <span class='ocrx_word' id='word_1_670' title='bbox 1661 4495 1858 4557; x_wconf 81' lang='lat' dir='ltr'><strong>potest,</strong></span> <span class='ocrx_word' id='word_1_671' title='bbox 1898 4485 2096 4557; x_wconf 68' lang='lat' dir='ltr'><strong>librum</strong></span> 
     </span>
    </p>
   </div>
   <div class='ocr_carea' id='block_1_86' title="bbox 527 4554 2094 4627">
    <p class='ocr_par' dir='ltr' id='par_1_86' title="bbox 527 4554 2094 4627">
     <span class='ocr_line' id='line_1_86' title="bbox 527 4554 2094 4627; baseline -0.003 -15"><span class='ocrx_word' id='word_1_672' title='bbox 527 4561 748 4614; x_wconf 77' lang='lat' dir='ltr'><strong>tertium</strong></span> <span class='ocrx_word' id='word_1_673' title='bbox 780 4576 885 4616; x_wconf 92' lang='lat' dir='ltr'><strong>non</strong></span> <span class='ocrx_word' id='word_1_674' title='bbox 915 4561 1017 4614; x_wconf 79' lang='lat' dir='ltr'><strong>nisi</strong></span> <span class='ocrx_word' id='word_1_675' title='bbox 1060 4554 1483 4627; x_wconf 55' lang='lat' dir='ltr'><strong>aliquanto&#39;post</strong></span> <span class='ocrx_word' id='word_1_676' title='bbox 1511 4558 1643 4610; x_wconf 83' lang='lat' dir='ltr'><strong>duos</strong></span> <span class='ocrx_word' id='word_1_677' title='bbox 1688 4555 1895 4624; x_wconf 90' lang='lat' dir='ltr'><strong>priores</strong></span> <span class='ocrx_word' id='word_1_678' title='bbox 1934 4570 1964 4607; x_wconf 91' lang='lat' dir='ltr'><strong>a</strong></span> <span class='ocrx_word' id='word_1_679' title='bbox 1994 4554 2094 4607; x_wconf 90' lang='lat' dir='ltr'><strong>Ba-</strong></span> 
     </span>
    </p>
   </div>
   <div class='ocr_carea' id='block_1_87' title="bbox 527 4630 1256 4700">
    <p class='ocr_par' dir='ltr' id='par_1_87' title="bbox 527 4630 1256 4700">
     <span class='ocr_line' id='line_1_87' title="bbox 527 4630 1256 4700; baseline -0.001 -15"><span class='ocrx_word' id='word_1_680' title='bbox 527 4632 650 4685; x_wconf 84' lang='lat' dir='ltr'><strong>silio</strong></span> <span class='ocrx_word' id='word_1_681' title='bbox 676 4632 1037 4700; x_wconf 80' lang='lat' dir='ltr'><strong>conscriptum</strong></span> <span class='ocrx_word' id='word_1_682' title='bbox 1069 4630 1256 4684; x_wconf 73' lang='lat' dir='ltr'><strong>fuisse.</strong></span> 
     </span>
    </p>
   </div>
   <div class='ocr_carea' id='block_1_88' title="bbox 601 4694 2107 4771">
    <p class='ocr_par' dir='ltr' id='par_1_88' title="bbox 601 4694 2107 4771">
     <span class='ocr_line' id='line_1_88' title="bbox 601 4694 2107 4771; baseline -0.005 -17"><span class='ocrx_word' id='word_1_683' title='bbox 601 4699 713 4771; x_wconf 60' lang='lat'><strong>(6&#39;1)</strong></span> <span class='ocrx_word' id='word_1_684' title='bbox 740 4694 1022 4766; x_wconf 51' lang='lat' dir='ltr'><strong>llltnl,&#39;xal</strong></span> <span class='ocrx_word' id='word_1_685' title='bbox 1057 4700 1443 4768; x_wconf 75' lang='grc' dir='ltr'>κατηγόρημα</span> <span class='ocrx_word' id='word_1_686' title='bbox 1479 4694 1587 4764; x_wconf 82' lang='grc' dir='ltr'>τῆς</span> <span class='ocrx_word' id='word_1_687' title='bbox 1619 4696 1880 4771; x_wconf 74' lang='grc' dir='ltr'>φύσεῳς,</span> <span class='ocrx_word' id='word_1_688' title='bbox 1900 4703 2034 4771; x_wconf 83' lang='lat' dir='ltr'><strong>e_tc.,</strong></span> <span class='ocrx_word' id='word_1_689' title='bbox 2054 4702 2107 4748; x_wconf 78' lang='lat' dir='ltr'><strong>et</strong></span> 
     </span>
    </p>
   </div>
   <div class='ocr_carea' id='block_1_89' title="bbox 530 4766 2104 4840">
    <p class='ocr_par' dir='ltr' id='par_1_89' title="bbox 530 4766 2104 4840">
     <span class='ocr_line' id='line_1_89' title="bbox 530 4766 2104 4840; baseline -0.004 -16"><span class='ocrx_word' id='word_1_690' title='bbox 530 4766 750 4840; x_wconf 48' lang='lat' dir='ltr'><strong>ad&#39;ejiu</strong></span> <span class='ocrx_word' id='word_1_691' title='bbox 797 4771 1153 4825; x_wconf 73' lang='lat' dir='ltr'><strong>accusandam</strong></span> <span class='ocrx_word' id='word_1_692' title='bbox 1198 4766 1466 4840; x_wconf 44' lang='lat' dir='ltr'><strong>nat—uram,</strong></span> <span class='ocrx_word' id='word_1_693' title='bbox 1519 4779 1651 4840; x_wconf 70' lang='grc' dir='ltr'>εις..</span> <span class='ocrx_word' id='word_1_694' title='bbox 1705 4766 1834 4820; x_wconf 88' lang='lat' dir='ltr'><strong>mihi</strong></span> <span class='ocrx_word' id='word_1_695' title='bbox 1888 4767 2104 4840; x_wconf 67' lang='lat' dir='ltr'><strong>videtur</strong></span> 
     </span>
    </p>
   </div>
   <div class='ocr_carea' id='block_1_90' title="bbox 533 4835 2105 4909">
    <p class='ocr_par' dir='ltr' id='par_1_90' title="bbox 533 4835 2105 4909">
     <span class='ocr_line' id='line_1_90' title="bbox 533 4835 2105 4909; baseline -0.004 -16"><span class='ocrx_word' id='word_1_696' title='bbox 533 4835 706 4909; x_wconf 69' lang='lat' dir='ltr'><strong>accipi</strong></span> <span class='ocrx_word' id='word_1_697' title='bbox 769 4855 928 4909; x_wconf 86' lang='lat' dir='ltr'><strong>posse</strong></span> <span class='ocrx_word' id='word_1_698' title='bbox 981 4841 1082 4895; x_wconf 88' lang='lat' dir='ltr'><strong>hoc</strong></span> <span class='ocrx_word' id='word_1_699' title='bbox 1113 4839 1271 4894; x_wconf 90' lang='lat' dir='ltr'><strong>modo</strong></span> <span class='ocrx_word' id='word_1_700' title='bbox 1313 4854 1329 4892; x_wconf 87' lang='lat'><strong>:</strong></span> <span class='ocrx_word' id='word_1_701' title='bbox 1392 4837 1708 4901; x_wconf 82' lang='lat' dir='ltr'><strong>Eunomius,</strong></span> <span class='ocrx_word' id='word_1_702' title='bbox 1745 4850 1865 4909; x_wconf 85' lang='lat' dir='ltr'><strong>cum</strong></span> <span class='ocrx_word' id='word_1_703' title='bbox 1923 4835 2105 4909; x_wconf 30' lang='lat' dir='ltr'><strong>aitAab</strong></span> 
     </span>
    </p>
   </div>
   <div class='ocr_carea' id='block_1_91' title="bbox 535 4904 2108 4980">
    <p class='ocr_par' dir='ltr' id='par_1_91' title="bbox 535 4904 2108 4980">
     <span class='ocr_line' id='line_1_91' title="bbox 535 4904 2108 4980; baseline -0.007 -11"><span class='ocrx_word' id='word_1_704' title='bbox 535 4904 832 4980; x_wconf 51' lang='lat' dir='ltr'><strong>Uuigeni&#39;to</strong></span> <span class='ocrx_word' id='word_1_705' title='bbox 861 4921 1106 4966; x_wconf 84' lang='lat' dir='ltr'><strong>creatum</strong></span> <span class='ocrx_word' id='word_1_706' title='bbox 1137 4910 1422 4978; x_wconf 85' lang='lat' dir='ltr'><strong>Spiritum,</strong></span> <span class='ocrx_word' id='word_1_707' title='bbox 1458 4909 1633 4980; x_wconf 77' lang='lat' dir='ltr'><strong>verbis</strong></span> <span class='ocrx_word' id='word_1_708' title='bbox 1675 4907 1888 4980; x_wconf 81' lang='lat' dir='ltr'><strong>quidem</strong></span> <span class='ocrx_word' id='word_1_709' title='bbox 1936 4904 2108 4959; x_wconf 87' lang='lat' dir='ltr'><strong>videri</strong></span> 
     </span>
    </p>
   </div>
   <div class='ocr_carea' id='block_1_92' title="bbox 532 4977 2108 5050">
    <p class='ocr_par' dir='ltr' id='par_1_92' title="bbox 532 4977 2108 5050">
     <span class='ocr_line' id='line_1_92' title="bbox 532 4977 2108 5050; baseline -0.001 -21"><span class='ocrx_word' id='word_1_710' title='bbox 532 4977 718 5049; x_wconf 73' lang='lat' dir='ltr'><strong>potest</strong></span> <span class='ocrx_word' id='word_1_711' title='bbox 748 4990 1000 5034; x_wconf 89' lang='lat' dir='ltr'><strong>naturam</strong></span> <span class='ocrx_word' id='word_1_712' title='bbox 1054 4977 1327 5050; x_wconf 81' lang='lat' dir='ltr'><strong>Unigeriiti</strong></span> <span class='ocrx_word' id='word_1_713' title='bbox 1355 4977 1644 5033; x_wconf 78' lang='lat' dir='ltr'><strong>extollere:</strong></span> <span class='ocrx_word' id='word_1_714' title='bbox 1680 4978 1772 5050; x_wconf 87' lang='lat' dir='ltr'><strong>sed</strong></span> <span class='ocrx_word' id='word_1_715' title='bbox 1817 4992 1874 5050; x_wconf 66' lang='lat' dir='ltr'><strong>re</strong></span> <span class='ocrx_word' id='word_1_716' title='bbox 1909 4984 2108 5050; x_wconf 55' lang='lat' dir='ltr'><strong>tamen</strong></span> 
     </span>
    </p>
   </div>
   <div class='ocr_carea' id='block_1_93' title="bbox 533 5045 2109 5120">
    <p class='ocr_par' dir='ltr' id='par_1_93' title="bbox 533 5045 2109 5120">
     <span class='ocr_line' id='line_1_93' title="bbox 533 5045 2109 5120; baseline -0.002 -19"><span class='ocrx_word' id='word_1_717' title='bbox 533 5045 653 5103; x_wconf 70' lang='lat' dir='ltr'><strong>cam</strong></span> <span class='ocrx_word' id='word_1_718' title='bbox 691 5051 963 5120; x_wconf 85' lang='lat' dir='ltr'><strong>deprimit.</strong></span> <span class='ocrx_word' id='word_1_719' title='bbox 988 5051 1066 5104; x_wconf 89' lang='lat' dir='ltr'><strong>Ita</strong></span> <span class='ocrx_word' id='word_1_720' title='bbox 1096 5045 1404 5120; x_wconf 60' lang='lat' dir='ltr'><strong>eiiiuLdicit</strong></span> <span class='ocrx_word' id='word_1_721' title='bbox 1440 5048 1788 5120; x_wconf 70' lang='lat' dir='ltr'><strong>creatumab</strong></span> <span class='ocrx_word' id='word_1_722' title='bbox 1822 5045 2109 5120; x_wconf 61' lang='lat' dir='ltr'><strong>Unigguito</strong></span> 
     </span>
    </p>
   </div>
   <div class='ocr_carea' id='block_1_94' title="bbox 536 5117 2109 5188">
    <p class='ocr_par' dir='ltr' id='par_1_94' title="bbox 536 5117 2109 5188">
     <span class='ocr_line' id='line_1_94' title="bbox 536 5117 2109 5188; baseline -0.003 -17"><span class='ocrx_word' id='word_1_723' title='bbox 536 5117 819 5188; x_wconf 69' lang='lat' dir='ltr'><strong>Spiritum,</strong></span> <span class='ocrx_word' id='word_1_724' title='bbox 870 5129 929 5174; x_wconf 88' lang='lat' dir='ltr'><strong>ut</strong></span> <span class='ocrx_word' id='word_1_725' title='bbox 978 5120 1136 5175; x_wconf 91' lang='lat' dir='ltr'><strong>simul</strong></span> <span class='ocrx_word' id='word_1_726' title='bbox 1185 5117 1415 5172; x_wconf 76' lang='lat' dir='ltr'><strong>aliirmet</strong></span> <span class='ocrx_word' id='word_1_727' title='bbox 1474 5117 1822 5188; x_wconf 84' lang='lat' dir='ltr'><strong>Unigeuitum</strong></span> <span class='ocrx_word' id='word_1_728' title='bbox 1872 5131 1907 5188; x_wconf 15' lang='lat' dir='ltr'><strong>7a</strong></span> <span class='ocrx_word' id='word_1_729' title='bbox 1947 5117 2109 5188; x_wconf 65' lang='lat' dir='ltr'><strong>Patre</strong></span> 
     </span>
    </p>
   </div>
   <div class='ocr_carea' id='block_1_95' title="bbox 537 5183 2107 5257">
    <p class='ocr_par' dir='ltr' id='par_1_95' title="bbox 537 5183 2107 5257">
     <span class='ocr_line' id='line_1_95' title="bbox 537 5183 2107 5257; baseline -0.003 -15"><span class='ocrx_word' id='word_1_730' title='bbox 537 5183 782 5243; x_wconf 79' lang='lat' dir='ltr'><strong>creatum</strong></span> <span class='ocrx_word' id='word_1_731' title='bbox 806 5183 938 5244; x_wconf 82' lang='lat' dir='ltr'><strong>esse</strong></span> <span class='ocrx_word' id='word_1_732' title='bbox 975 5206 990 5242; x_wconf 87' lang='lat'><strong>:</strong></span> <span class='ocrx_word' id='word_1_733' title='bbox 1027 5193 1077 5244; x_wconf 90' lang='lat' dir='ltr'><strong>in</strong></span> <span class='ocrx_word' id='word_1_734' title='bbox 1107 5204 1215 5257; x_wconf 88' lang='lat' dir='ltr'><strong>quo</strong></span> <span class='ocrx_word' id='word_1_735' title='bbox 1238 5190 1394 5243; x_wconf 84' lang='lat' dir='ltr'><strong>valde</strong></span> <span class='ocrx_word' id='word_1_736' title='bbox 1416 5183 1705 5240; x_wconf 85' lang='lat' dir='ltr'><strong>admodum</strong></span> <span class='ocrx_word' id='word_1_737' title='bbox 1734 5186 1961 5257; x_wconf 73' lang='lat' dir='ltr'><strong>deprimi</strong></span> <span class='ocrx_word' id='word_1_738' title='bbox 1986 5183 2107 5257; x_wconf 76' lang='lat' dir='ltr'><strong>Filii</strong></span> 
     </span>
    </p>
   </div>
   <div class='ocr_carea' id='block_1_96' title="bbox 537 5255 2107 5328">
    <p class='ocr_par' dir='ltr' id='par_1_96' title="bbox 537 5255 2107 5328">
     <span class='ocr_line' id='line_1_96' title="bbox 537 5255 2107 5328; baseline -0.003 -15"><span class='ocrx_word' id='word_1_739' title='bbox 537 5268 786 5313; x_wconf 85' lang='lat' dir='ltr'><strong>naturam</strong></span> <span class='ocrx_word' id='word_1_740' title='bbox 823 5269 987 5328; x_wconf 84' lang='lat' dir='ltr'><strong>atque</strong></span> <span class='ocrx_word' id='word_1_741' title='bbox 1012 5255 1168 5328; x_wconf 76' lang='lat' dir='ltr'><strong>deiici</strong></span> <span class='ocrx_word' id='word_1_742' title='bbox 1198 5273 1356 5313; x_wconf 89' lang='lat' dir='ltr'><strong>nemo</strong></span> <span class='ocrx_word' id='word_1_743' title='bbox 1385 5272 1490 5311; x_wconf 93' lang='lat' dir='ltr'><strong>non</strong></span> <span class='ocrx_word' id='word_1_744' title='bbox 1529 5257 1698 5328; x_wconf 63' lang='lat' dir='ltr'><strong>videt.</strong></span> <span class='ocrx_word' id='word_1_745' title='bbox 1738 5256 1866 5323; x_wconf 77' lang='lat' dir='ltr'><strong>Ejus</strong></span> <span class='ocrx_word' id='word_1_746' title='bbox 1913 5255 1998 5328; x_wconf 59' lang='lat' dir='ltr'><strong>rei</strong></span> <span class='ocrx_word' id='word_1_747' title='bbox 2053 5263 2107 5308; x_wconf 87' lang='lat' dir='ltr'><strong>et</strong></span> 
     </span>
    </p>
   </div>
   <div class='ocr_carea' id='block_1_97' title="bbox 537 5324 2098 5400">
    <p class='ocr_par' dir='ltr' id='par_1_97' title="bbox 537 5324 2098 5400">
     <span class='ocr_line' id='line_1_97' title="bbox 537 5324 2098 5400; baseline -0.001 -19"><span class='ocrx_word' id='word_1_748' title='bbox 537 5324 953 5400; x_wconf 60' lang='lat' dir='ltr'><strong>aliamcausa&#39;m</strong></span> <span class='ocrx_word' id='word_1_749' title='bbox 976 5324 1322 5400; x_wconf 79' lang='lat' dir='ltr'><strong>inventurum</strong></span> <span class='ocrx_word' id='word_1_750' title='bbox 1354 5337 1504 5400; x_wconf 90' lang='lat' dir='ltr'><strong>puto,</strong></span> <span class='ocrx_word' id='word_1_751' title='bbox 1533 5327 1624 5396; x_wconf 89' lang='lat' dir='ltr'><strong>qui</strong></span> <span class='ocrx_word' id='word_1_752' title='bbox 1669 5325 1864 5382; x_wconf 84' lang='lat' dir='ltr'><strong>librum</strong></span> <span class='ocrx_word' id='word_1_753' title='bbox 1913 5324 2098 5380; x_wconf 88' lang='lat' dir='ltr'><strong>Euno-</strong></span> 
     </span>
    </p>
   </div>
   <div class='ocr_carea' id='block_1_98' title="bbox 539 5395 1184 5470">
    <p class='ocr_par' dir='ltr' id='par_1_98' title="bbox 539 5395 1184 5470">
     <span class='ocr_line' id='line_1_98' title="bbox 539 5395 1184 5470; baseline 0.005 -16"><span class='ocrx_word' id='word_1_754' title='bbox 539 5399 635 5456; x_wconf 84' lang='lat' dir='ltr'><strong>mii</strong></span> <span class='ocrx_word' id='word_1_755' title='bbox 663 5395 948 5470; x_wconf 75' lang='lat' dir='ltr'><strong>diligenter</strong></span> <span class='ocrx_word' id='word_1_756' title='bbox 973 5397 1184 5470; x_wconf 85' lang='lat' dir='ltr'><strong>legerit.</strong></span> 
     </span>
    </p>
   </div>
   <div class='ocr_carea' id='block_1_99' title="bbox 2270 3915 3178 3996">
    <p class='ocr_par' dir='ltr' id='par_1_99' title="bbox 2270 3915 3178 3996">
     <span class='ocr_line' id='line_1_99' title="bbox 2270 3915 3178 3996; baseline -0.007 -16"><span class='ocrx_word' id='word_1_757' title='bbox 2270 3925 2382 3996; x_wconf 84' lang='lat'><strong>(68)</strong></span> <span class='ocrx_word' id='word_1_758' title='bbox 2402 3925 2534 3992; x_wconf 80' lang='lat' dir='ltr'><strong>Reg.</strong></span> <span class='ocrx_word' id='word_1_759' title='bbox 2563 3933 2785 3994; x_wconf 89' lang='lat' dir='ltr'><strong>quartus</strong></span> <span class='ocrx_word' id='word_1_760' title='bbox 2819 3922 2944 3986; x_wconf 85' lang='grc' dir='ltr'><strong>Πῶς</strong></span> <span class='ocrx_word' id='word_1_761' title='bbox 2974 3915 3066 3976; x_wconf 79' lang='grc' dir='ltr'>οὖν</span> <span class='ocrx_word' id='word_1_762' title='bbox 3095 3921 3178 3996; x_wconf 71' lang='grc' dir='ltr'><strong>οὐ.</strong></span> 
     </span>
    </p>
   </div>
   <div class='ocr_carea' id='block_1_100' title="bbox 2271 3989 3771 4066">
    <p class='ocr_par' dir='ltr' id='par_1_100' title="bbox 2271 3989 3771 4066">
     <span class='ocr_line' id='line_1_100' title="bbox 2271 3989 3771 4066; baseline -0.007 -16"><span class='ocrx_word' id='word_1_763' title='bbox 2271 3989 2383 4066; x_wconf 80' lang='lat'><strong>(69)</strong></span> <span class='ocrx_word' id='word_1_764' title='bbox 2424 3989 2557 4048; x_wconf 75' lang='lat' dir='ltr'><strong>Eiliti</strong></span> <span class='ocrx_word' id='word_1_765' title='bbox 2581 3989 2641 4066; x_wconf 77' lang='lat' dir='ltr'><strong>et</strong></span> <span class='ocrx_word' id='word_1_766' title='bbox 2690 4009 2820 4048; x_wconf 86' lang='lat' dir='ltr'><strong>mss.</strong></span> <span class='ocrx_word' id='word_1_767' title='bbox 2844 3993 3184 4066; x_wconf 29' lang='lat' dir='ltr'><strong>Anonpauci</strong></span> <span class='ocrx_word' id='word_1_768' title='bbox 3219 3989 3658 4066; x_wconf 40' lang='lat' dir='ltr'><strong>utin-contextu.</strong></span> <span class='ocrx_word' id='word_1_769' title='bbox 3697 3990 3771 4041; x_wconf 80' lang='lat' dir='ltr'><strong>At</strong></span> 
     </span>
    </p>
   </div>
   <div class='ocr_carea' id='block_1_101' title="bbox 2200 4059 3772 4136">
    <p class='ocr_par' dir='ltr' id='par_1_101' title="bbox 2200 4059 3772 4136">
     <span class='ocr_line' id='line_1_101' title="bbox 2200 4059 3772 4136; baseline -0.008 -16"><span class='ocrx_word' id='word_1_770' title='bbox 2200 4059 2334 4136; x_wconf 74' lang='lat' dir='ltr'><strong>Reg.</strong></span> <span class='ocrx_word' id='word_1_771' title='bbox 2365 4059 2590 4134; x_wconf 73' lang='lat' dir='ltr'><strong>quartus</strong></span> <span class='ocrx_word' id='word_1_772' title='bbox 2627 4065 2816 4134; x_wconf 80' lang='grc' dir='ltr'>Ἡμεῖς</span> <span class='ocrx_word' id='word_1_773' title='bbox 2840 4063 2966 4125; x_wconf 77' lang='grc' dir='ltr'>δὲ...</span> <span class='ocrx_word' id='word_1_774' title='bbox 2995 4059 3279 4136; x_wconf 73' lang='grc' dir='ltr'>ἐλάϐομεν,</span> <span class='ocrx_word' id='word_1_775' title='bbox 3315 4059 3632 4136; x_wconf 41' lang='grc' dir='ltr'><strong>Ν-οςλοηςεηι</strong></span> <span class='ocrx_word' id='word_1_776' title='bbox 3665 4075 3772 4136; x_wconf 75' lang='lat' dir='ltr'><strong>non</strong></span> 
     </span>
    </p>
   </div>
   <div class='ocr_carea' id='block_1_102' title="bbox 2203 4129 3773 4204">
    <p class='ocr_par' dir='ltr' id='par_1_102' title="bbox 2203 4129 3773 4204">
     <span class='ocr_line' id='line_1_102' title="bbox 2203 4129 3773 4204; baseline -0.006 -14"><span class='ocrx_word' id='word_1_777' title='bbox 2203 4129 2454 4204; x_wconf 61' lang='lat' dir='ltr'><strong>Spiritum</strong></span> <span class='ocrx_word' id='word_1_778' title='bbox 2478 4136 2658 4188; x_wconf 82' lang='lat' dir='ltr'><strong>mundi</strong></span> <span class='ocrx_word' id='word_1_779' title='bbox 2690 4129 3022 4201; x_wconf 76' lang='lat' dir='ltr'><strong>accepimus;</strong></span> <span class='ocrx_word' id='word_1_780' title='bbox 3053 4145 3106 4187; x_wconf 88' lang='lat' dir='ltr'><strong>et</strong></span> <span class='ocrx_word' id='word_1_781' title='bbox 3137 4129 3210 4186; x_wconf 76' lang='lat' dir='ltr'><strong>ita</strong></span> <span class='ocrx_word' id='word_1_782' title='bbox 3239 4131 3378 4204; x_wconf 78' lang='lat' dir='ltr'><strong>apud</strong></span> <span class='ocrx_word' id='word_1_783' title='bbox 3400 4129 3655 4204; x_wconf 81' lang='lat' dir='ltr'><strong>_Pau|um_</strong></span> <span class='ocrx_word' id='word_1_784' title='bbox 3695 4131 3773 4181; x_wconf 91' lang='lat' dir='ltr'><strong>le-</strong></span> 
     </span>
    </p>
   </div>
   <div class='ocr_carea' id='block_1_103' title="bbox 2203 4200 3770 4277">
    <p class='ocr_par' dir='ltr' id='par_1_103' title="bbox 2203 4200 3770 4277">
     <span class='ocr_line' id='line_1_103' title="bbox 2203 4200 3770 4277; baseline -0.004 -18"><span class='ocrx_word' id='word_1_785' title='bbox 2203 4200 2349 4277; x_wconf 81' lang='lat' dir='ltr'><strong>gitur</strong></span> <span class='ocrx_word' id='word_1_786' title='bbox 2406 4205 2658 4277; x_wconf 6' lang='lat' dir='ltr'><strong>Epistolag</strong></span> <span class='ocrx_word' id='word_1_787' title='bbox 2705 4204 2723 4257; x_wconf 93' lang='lat' dir='ltr'><strong>l</strong></span> <span class='ocrx_word' id='word_1_788' title='bbox 2794 4200 2861 4257; x_wconf 81' lang='lat' dir='ltr'><strong>ad</strong></span> <span class='ocrx_word' id='word_1_789' title='bbox 2920 4204 3168 4277; x_wconf 73' lang='lat' dir='ltr'><strong>Corinth.</strong></span> <span class='ocrx_word' id='word_1_790' title='bbox 3223 4218 3288 4277; x_wconf 88' lang='lat' dir='ltr'><strong>_n,</strong></span> <span class='ocrx_word' id='word_1_791' title='bbox 3360 4200 3466 4264; x_wconf 76' lang='grc'><strong>12,</strong></span> <span class='ocrx_word' id='word_1_792' title='bbox 3521 4201 3770 4277; x_wconf 79' lang='lat' dir='ltr'><strong>quodex</strong></span> 
     </span>
    </p>
   </div>
   <div class='ocr_carea' id='block_1_104' title="bbox 2201 4269 3772 4341">
    <p class='ocr_par' dir='ltr' id='par_1_104' title="bbox 2201 4269 3772 4341">
     <span class='ocr_line' id='line_1_104' title="bbox 2201 4269 3772 4341; baseline -0.007 -10"><span class='ocrx_word' id='word_1_793' title='bbox 2201 4269 2266 4331; x_wconf 74' lang='grc' dir='ltr'>ἑο</span> <span class='ocrx_word' id='word_1_794' title='bbox 2292 4269 2536 4331; x_wconf 82' lang='lat' dir='ltr'><strong>evenisse</strong></span> <span class='ocrx_word' id='word_1_795' title='bbox 2578 4275 2808 4336; x_wconf 84' lang='lat' dir='ltr'><strong>videtur,</strong></span> <span class='ocrx_word' id='word_1_796' title='bbox 2860 4275 3002 4341; x_wconf 76' lang='lat' dir='ltr'><strong>quod</strong></span> <span class='ocrx_word' id='word_1_797' title='bbox 3054 4274 3305 4341; x_wconf 82' lang='lat' dir='ltr'><strong>librarius</strong></span> <span class='ocrx_word' id='word_1_798' title='bbox 3369 4269 3772 4341; x_wconf 55' lang='lat' dir='ltr'><strong>putareruuita</strong></span> 
     </span>
    </p>
   </div>
   <div class='ocr_carea' id='block_1_105' title="bbox 2131 4337 3774 4426">
    <p class='ocr_par' dir='ltr' id='par_1_105' title="bbox 2131 4337 3774 4426">
     <span class='ocr_line' id='line_1_105' title="bbox 2131 4337 3774 4426; baseline -0.005 -27"><span class='ocrx_word' id='word_1_799' title='bbox 2131 4375 2173 4426; x_wconf 70' lang='grc' dir='ltr'><strong>Ι)</strong></span> <span class='ocrx_word' id='word_1_800' title='bbox 2206 4347 2345 4426; x_wconf 77' lang='lat' dir='ltr'><strong>apud</strong></span> <span class='ocrx_word' id='word_1_801' title='bbox 2400 4345 2661 4426; x_wconf 29' lang='lat' dir='ltr'><strong>‘Basilium</strong></span> <span class='ocrx_word' id='word_1_802' title='bbox 2691 4337 3172 4411; x_wconf 53' lang='lat' dir='ltr'><strong>scribi&#39;oporlere,</strong></span> <span class='ocrx_word' id='word_1_803' title='bbox 3220 4340 3296 4391; x_wconf 91' lang='lat' dir='ltr'><strong>uti</strong></span> <span class='ocrx_word' id='word_1_804' title='bbox 3354 4341 3493 4405; x_wconf 89' lang='lat' dir='ltr'><strong>apud</strong></span> <span class='ocrx_word' id='word_1_805' title='bbox 3543 4337 3774 4390; x_wconf 83' lang='lat' dir='ltr'><strong>Paulum</strong></span> 
     </span>
    </p>
   </div>
   <div class='ocr_carea' id='block_1_106' title="bbox 2205 4417 2502 4467">
    <p class='ocr_par' dir='ltr' id='par_1_106' title="bbox 2205 4417 2502 4467">
     <span class='ocr_line' id='line_1_106' title="bbox 2205 4417 2502 4467; baseline -0.01 0"><span class='ocrx_word' id='word_1_806' title='bbox 2205 4417 2502 4467; x_wconf 69' lang='lat' dir='ltr'><strong>leaehatur.</strong></span> 
     </span>
    </p>
   </div>
   <div class='ocr_carea' id='block_1_107' title="bbox 2257 4431 3776 4553">
    <p class='ocr_par' dir='ltr' id='par_1_107' title="bbox 2257 4431 3776 4553">
     <span class='ocr_line' id='line_1_107' title="bbox 2257 4431 3776 4553; baseline -0.006 -18"><span class='ocrx_word' id='word_1_807' title='bbox 2542 4484 2835 4550; x_wconf 84' lang='grc' dir='ltr'>Κυρίου...</span> <span class='ocrx_word' id='word_1_808' title='bbox 2856 4480 3157 4553; x_wconf 69' lang='grc' dir='ltr'>λέγοντος.</span> <span class='ocrx_word' id='word_1_809' title='bbox 3193 4477 3356 4553; x_wconf 76' lang='lat' dir='ltr'><strong>Verte</strong></span> <span class='ocrx_word' id='word_1_810' title='bbox 3385 4494 3399 4529; x_wconf 73' lang='grc' dir='ltr'>ε</span> <span class='ocrx_word' id='word_1_811' title='bbox 3426 4474 3558 4528; x_wconf 87' lang='lat' dir='ltr'><strong>Cum</strong></span> <span class='ocrx_word' id='word_1_812' title='bbox 3586 4474 3776 4553; x_wconf 67' lang='lat' dir='ltr'><strong>Domi-</strong></span> 
     </span>
    </p>
   </div>
   <div class='ocr_carea' id='block_1_108' title="bbox 2201 4547 3779 4620">
    <p class='ocr_par' dir='ltr' id='par_1_108' title="bbox 2201 4547 3779 4620">
     <span class='ocr_line' id='line_1_108' title="bbox 2201 4547 3779 4620; baseline -0.006 -14"><span class='ocrx_word' id='word_1_813' title='bbox 2201 4547 2299 4607; x_wconf 63' lang='lat' dir='ltr'><strong>nus</strong></span> <span class='ocrx_word' id='word_1_814' title='bbox 2331 4547 2474 4606; x_wconf 77' lang='lat' dir='ltr'><strong>dicat</strong></span> <span class='ocrx_word' id='word_1_815' title='bbox 2518 4547 2776 4620; x_wconf 72' lang='lat' dir='ltr'><strong>Spiritum</strong></span> <span class='ocrx_word' id='word_1_816' title='bbox 2803 4547 3035 4605; x_wconf 74' lang='lat' dir='ltr'><strong>veritatis</strong></span> <span class='ocrx_word' id='word_1_817' title='bbox 3067 4552 3196 4618; x_wconf 73' lang='lat' dir='ltr'><strong>(ipse</strong></span> <span class='ocrx_word' id='word_1_818' title='bbox 3227 4549 3365 4600; x_wconf 80' lang='lat' dir='ltr'><strong>enim</strong></span> <span class='ocrx_word' id='word_1_819' title='bbox 3415 4558 3488 4599; x_wconf 78' lang='lat' dir='ltr'><strong>est</strong></span> <span class='ocrx_word' id='word_1_820' title='bbox 3531 4547 3779 4612; x_wconf 79' lang='lat' dir='ltr'><strong>veritas),</strong></span> 
     </span>
    </p>
   </div>
   <div class='ocr_carea' id='block_1_109' title="bbox 2200 4621 3164 4688">
    <p class='ocr_par' dir='ltr' id='par_1_109' title="bbox 2200 4621 3164 4688">
     <span class='ocr_line' id='line_1_109' title="bbox 2200 4621 3164 4688; baseline -0.006 -10"><span class='ocrx_word' id='word_1_821' title='bbox 2200 4637 2247 4678; x_wconf 81' lang='lat' dir='ltr'><strong>et</strong></span> <span class='ocrx_word' id='word_1_822' title='bbox 2290 4643 2306 4674; x_wconf 78' lang='grc' dir='ltr'><strong>ι</strong></span> <span class='ocrx_word' id='word_1_823' title='bbox 2344 4625 2387 4676; x_wconf 86' lang='lat' dir='ltr'><strong><em>A</em></strong></span> <span class='ocrx_word' id='word_1_824' title='bbox 2413 4621 2576 4676; x_wconf 84' lang='lat' dir='ltr'><strong>Patre</strong></span> <span class='ocrx_word' id='word_1_825' title='bbox 2605 4623 2856 4688; x_wconf 77' lang='lat' dir='ltr'><strong>procedit.</strong></span> <span class='ocrx_word' id='word_1_826' title='bbox 2896 4638 2916 4672; x_wconf 72' lang='grc' dir='ltr'><strong>ι</strong></span> <span class='ocrx_word' id='word_1_827' title='bbox 2953 4622 3164 4674; x_wconf 65' lang='lat' dir='ltr'><strong>Marum.</strong></span> 
     </span>
    </p>
   </div>
   <div class='ocr_carea' id='block_1_110' title="bbox 2272 4686 3778 4761">
    <p class='ocr_par' dir='ltr' id='par_1_110' title="bbox 2272 4686 3778 4761">
     <span class='ocr_line' id='line_1_110' title="bbox 2272 4686 3778 4761; baseline -0.005 -15"><span class='ocrx_word' id='word_1_828' title='bbox 2272 4694 2384 4761; x_wconf 78' lang='grc'>(71)</span> <span class='ocrx_word' id='word_1_829' title='bbox 2421 4692 2559 4745; x_wconf 85' lang='lat' dir='ltr'><strong>Edili</strong></span> <span class='ocrx_word' id='word_1_830' title='bbox 2606 4686 2666 4745; x_wconf 84' lang='lat' dir='ltr'><strong>et</strong></span> <span class='ocrx_word' id='word_1_831' title='bbox 2724 4707 2852 4745; x_wconf 85' lang='lat' dir='ltr'><strong>mss.</strong></span> <span class='ocrx_word' id='word_1_832' title='bbox 2909 4706 3099 4745; x_wconf 91' lang='lat' dir='ltr'><strong>omnes</strong></span> <span class='ocrx_word' id='word_1_833' title='bbox 3151 4689 3333 4750; x_wconf 82' lang='grc' dir='ltr'>αὑτός,</span> <span class='ocrx_word' id='word_1_834' title='bbox 3366 4686 3778 4761; x_wconf 52' lang='lat' dir='ltr'><strong>ubitameqex</strong></span> 
     </span>
    </p>
   </div>
   <div class='ocr_carea' id='block_1_111' title="bbox 2204 4755 3782 4832">
    <p class='ocr_par' dir='ltr' id='par_1_111' title="bbox 2204 4755 3782 4832">
     <span class='ocr_line' id='line_1_111' title="bbox 2204 4755 3782 4832; baseline -0.005 -17"><span class='ocrx_word' id='word_1_835' title='bbox 2204 4755 2574 4832; x_wconf 67' lang='lat' dir='ltr'><strong>graminaticaa</strong></span> <span class='ocrx_word' id='word_1_836' title='bbox 2609 4761 2806 4832; x_wconf 78' lang='lat' dir='ltr'><strong>regulis</strong></span> <span class='ocrx_word' id='word_1_837' title='bbox 2835 4762 3342 4832; x_wconf 82' lang='lat' dir='ltr'><strong>scribiopm-tuisset</strong></span> <span class='ocrx_word' id='word_1_838' title='bbox 3368 4757 3521 4832; x_wconf 82' lang='grc' dir='ltr'>αὐτὸ,</span> <span class='ocrx_word' id='word_1_839' title='bbox 3554 4755 3782 4832; x_wconf 80' lang='grc' dir='ltr'>Πνεῦμα</span> 
     </span>
    </p>
   </div>
   <div class='ocr_carea' id='block_1_112' title="bbox 2205 4827 3780 4898">
    <p class='ocr_par' dir='ltr' id='par_1_112' title="bbox 2205 4827 3780 4898">
     <span class='ocr_line' id='line_1_112' title="bbox 2205 4827 3780 4898; baseline -0.004 -14"><span class='ocrx_word' id='word_1_840' title='bbox 2205 4827 2457 4886; x_wconf 67' lang='lat' dir='ltr'><strong>videlicet</strong></span> <span class='ocrx_word' id='word_1_841' title='bbox 2492 4850 2504 4887; x_wconf 87' lang='lat'>:</span> <span class='ocrx_word' id='word_1_842' title='bbox 2542 4834 2632 4885; x_wconf 87' lang='lat' dir='ltr'><strong>sed</strong></span> <span class='ocrx_word' id='word_1_843' title='bbox 2665 4827 2947 4898; x_wconf 73' lang='lat' dir='ltr'><strong>scripsisse</strong></span> <span class='ocrx_word' id='word_1_844' title='bbox 2977 4827 3228 4884; x_wconf 79' lang='lat' dir='ltr'><strong>Basilium</strong></span> <span class='ocrx_word' id='word_1_845' title='bbox 3257 4828 3600 4898; x_wconf 14' lang='grc' dir='ltr'>αὑτόςῄριιιο,</span> <span class='ocrx_word' id='word_1_846' title='bbox 3635 4827 3780 4894; x_wconf 90' lang='lat' dir='ltr'><strong>quod</strong></span> 
     </span>
    </p>
   </div>
   <div class='ocr_carea' id='block_1_113' title="bbox 2208 4896 3776 4969">
    <p class='ocr_par' dir='ltr' id='par_1_113' title="bbox 2208 4896 3776 4969">
     <span class='ocr_line' id='line_1_113' title="bbox 2208 4896 3776 4969; baseline -0.003 -15"><span class='ocrx_word' id='word_1_847' title='bbox 2208 4904 2290 4955; x_wconf 85' lang='lat' dir='ltr'><strong>vir</strong></span> <span class='ocrx_word' id='word_1_848' title='bbox 2311 4899 2688 4956; x_wconf 84' lang='lat' dir='ltr'><strong>sanctissimus</strong></span> <span class='ocrx_word' id='word_1_849' title='bbox 2723 4896 3022 4969; x_wconf 79' lang='lat' dir='ltr'><strong>respiceret</strong></span> <span class='ocrx_word' id='word_1_850' title='bbox 3079 4902 3141 4953; x_wconf 87' lang='lat' dir='ltr'><strong>ad</strong></span> <span class='ocrx_word' id='word_1_851' title='bbox 3198 4899 3372 4953; x_wconf 89' lang='lat' dir='ltr'><strong>locum</strong></span> <span class='ocrx_word' id='word_1_852' title='bbox 3415 4896 3642 4952; x_wconf 71' lang='lat' dir='ltr'><strong>Joannis</strong></span> <span class='ocrx_word' id='word_1_853' title='bbox 3689 4912 3776 4957; x_wconf 76' lang='lat' dir='ltr'><strong>x-v,</strong></span> 
     </span>
    </p>
   </div>
   <div class='ocr_carea' id='block_1_114' title="bbox 2205 4971 3270 5043">
    <p class='ocr_par' dir='ltr' id='par_1_114' title="bbox 2205 4971 3270 5043">
     <span class='ocr_line' id='line_1_114' title="bbox 2205 4971 3270 5043; baseline -0.008 -16"><span class='ocrx_word' id='word_1_854' title='bbox 2205 4975 2296 5034; x_wconf 62' lang='lat'><strong>26,</strong></span> <span class='ocrx_word' id='word_1_855' title='bbox 2323 4974 2408 5043; x_wconf 86' lang='lat' dir='ltr'><strong>ubi</strong></span> <span class='ocrx_word' id='word_1_856' title='bbox 2440 4987 2538 5043; x_wconf 80' lang='lat' dir='ltr'><strong>vox</strong></span> <span class='ocrx_word' id='word_1_857' title='bbox 2568 4971 2930 5043; x_wconf 80' lang='grc' dir='ltr'>Παράκλητος</span> <span class='ocrx_word' id='word_1_858' title='bbox 2964 4971 3270 5043; x_wconf 83' lang='lat' dir='ltr'><strong>adhibetur.</strong></span> 
     </span>
    </p>
   </div>
   <div class='ocr_carea' id='block_1_115' title="bbox 2279 5030 3784 5113">
    <p class='ocr_par' dir='ltr' id='par_1_115' title="bbox 2279 5030 3784 5113">
     <span class='ocr_line' id='line_1_115' title="bbox 2279 5030 3784 5113; baseline -0.005 -18"><span class='ocrx_word' id='word_1_859' title='bbox 2279 5030 2390 5113; x_wconf 65' lang='grc'>(72)</span> <span class='ocrx_word' id='word_1_860' title='bbox 2447 5042 2597 5095; x_wconf 83' lang='lat' dir='ltr'><strong>Culb.</strong></span> <span class='ocrx_word' id='word_1_861' title='bbox 2657 5030 2924 5096; x_wconf 42' lang='lat' dir='ltr'><strong>&#39;secmi&#39;da&#39;</strong></span> <span class='ocrx_word' id='word_1_862' title='bbox 2957 5056 3116 5096; x_wconf 86' lang='lat' dir='ltr'><strong>manu</strong></span> <span class='ocrx_word' id='word_1_863' title='bbox 3184 5036 3492 5108; x_wconf 73' lang='grc' dir='ltr'>ἐφυϐρίζων</span> <span class='ocrx_word' id='word_1_864' title='bbox 3543 5036 3619 5100; x_wconf 84' lang='grc' dir='ltr'>ὡς</span> <span class='ocrx_word' id='word_1_865' title='bbox 3671 5030 3784 5088; x_wconf 77' lang='grc' dir='ltr'>οἶόν</span> 
     </span>
    </p>
   </div>
   <div class='ocr_carea' id='block_1_116' title="bbox 2205 5114 2853 5180">
    <p class='ocr_par' dir='ltr' id='par_1_116' title="bbox 2205 5114 2853 5180">
     <span class='ocr_line' id='line_1_116' title="bbox 2205 5114 2853 5180; baseline -0.002 -14"><span class='ocrx_word' id='word_1_866' title='bbox 2205 5130 2285 5172; x_wconf 88' lang='grc' dir='ltr'><strong>τε.</strong></span> <span class='ocrx_word' id='word_1_867' title='bbox 2311 5124 2566 5180; x_wconf 84' lang='lat' dir='ltr'><strong>quantum</strong></span> <span class='ocrx_word' id='word_1_868' title='bbox 2593 5114 2645 5163; x_wconf 86' lang='lat' dir='ltr'><strong>in</strong></span> <span class='ocrx_word' id='word_1_869' title='bbox 2672 5129 2724 5165; x_wconf 73' lang='lat' dir='ltr'><strong>se</strong></span> <span class='ocrx_word' id='word_1_870' title='bbox 2757 5121 2853 5166; x_wconf 81' lang='lat' dir='ltr'><strong>est.</strong></span> 
     </span>
    </p>
   </div>
   <div class='ocr_carea' id='block_1_117' title="bbox 2277 5177 3784 5257">
    <p class='ocr_par' dir='ltr' id='par_1_117' title="bbox 2277 5177 3784 5257">
     <span class='ocr_line' id='line_1_117' title="bbox 2277 5177 3784 5257; baseline -0.003 -25"><span class='ocrx_word' id='word_1_871' title='bbox 2277 5177 2390 5253; x_wconf 77' lang='lat'><strong>(73)</strong></span> <span class='ocrx_word' id='word_1_872' title='bbox 2430 5182 2607 5257; x_wconf 67' lang='lat' dir='ltr'><strong>Editio</strong></span> <span class='ocrx_word' id='word_1_873' title='bbox 2634 5181 2818 5257; x_wconf 81' lang='lat' dir='ltr'><strong>Paris._</strong></span> <span class='ocrx_word' id='word_1_874' title='bbox 2850 5192 2904 5235; x_wconf 91' lang='lat' dir='ltr'><strong>et</strong></span> <span class='ocrx_word' id='word_1_875' title='bbox 2931 5195 3060 5233; x_wconf 81' lang='lat' dir='ltr'><strong>mss.</strong></span> <span class='ocrx_word' id='word_1_876' title='bbox 3097 5177 3340 5257; x_wconf 79' lang='lat' dir='ltr'><strong>nonnulli</strong></span> <span class='ocrx_word' id='word_1_877' title='bbox 3381 5180 3643 5257; x_wconf 55' lang='lat' dir='ltr'><strong>nempe};</strong></span> <span class='ocrx_word' id='word_1_878' title='bbox 3683 5177 3784 5257; x_wconf 60' lang='grc' dir='ltr'>ρη-</span> 
     </span>
    </p>
   </div>
   <div class='ocr_carea' id='block_1_118' title="bbox 2206 5247 3784 5323">
    <p class='ocr_par' dir='ltr' id='par_1_118' title="bbox 2206 5247 3784 5323">
     <span class='ocr_line' id='line_1_118' title="bbox 2206 5247 3784 5323; baseline -0.003 -18"><span class='ocrx_word' id='word_1_879' title='bbox 2206 5247 2462 5323; x_wconf 36' lang='grc' dir='ltr'>μασι-καὶ</span> <span class='ocrx_word' id='word_1_880' title='bbox 2490 5253 2745 5322; x_wconf 84' lang='grc' dir='ltr'>νοήμασι,</span> <span class='ocrx_word' id='word_1_881' title='bbox 2769 5252 2828 5304; x_wconf 82' lang='lat' dir='ltr'><strong>ob</strong></span> <span class='ocrx_word' id='word_1_882' title='bbox 2845 5267 3005 5323; x_wconf 75' lang='lat' dir='ltr'><strong>praua</strong></span> <span class='ocrx_word' id='word_1_883' title='bbox 3037 5249 3189 5323; x_wconf 69' lang='lat' dir='ltr'><strong>uerba</strong></span> <span class='ocrx_word' id='word_1_884' title='bbox 3215 5257 3260 5323; x_wconf 65' lang='lat' dir='ltr'><strong>et</strong></span> <span class='ocrx_word' id='word_1_885' title='bbox 3293 5249 3534 5323; x_wconf 42' lang='lat' dir='ltr'><strong>cogitate:</strong></span> <span class='ocrx_word' id='word_1_886' title='bbox 3572 5247 3640 5299; x_wconf 84' lang='lat' dir='ltr'><strong>At</strong></span> <span class='ocrx_word' id='word_1_887' title='bbox 3670 5247 3784 5300; x_wconf 86' lang='lat' dir='ltr'><strong>edi-</strong></span> 
     </span>
    </p>
   </div>
   <div class='ocr_carea' id='block_1_119' title="bbox 2205 5315 3783 5387">
    <p class='ocr_par' dir='ltr' id='par_1_119' title="bbox 2205 5315 3783 5387">
     <span class='ocr_line' id='line_1_119' title="bbox 2205 5315 3783 5387; baseline -0.005 -11"><span class='ocrx_word' id='word_1_888' title='bbox 2205 5315 2279 5376; x_wconf 75' lang='lat' dir='ltr'><strong>iio</strong></span> <span class='ocrx_word' id='word_1_889' title='bbox 2315 5320 2449 5375; x_wconf 79' lang='lat' dir='ltr'><strong>Ven.</strong></span> <span class='ocrx_word' id='word_1_890' title='bbox 2477 5331 2530 5375; x_wconf 91' lang='lat' dir='ltr'><strong>ct</strong></span> <span class='ocrx_word' id='word_1_891' title='bbox 2575 5315 2806 5375; x_wconf 58' lang='lat' dir='ltr'><strong>&#39;codices</strong></span> <span class='ocrx_word' id='word_1_892' title='bbox 2846 5315 3193 5387; x_wconf 82' lang='lat' dir='ltr'><strong>antiquiores</strong></span> <span class='ocrx_word' id='word_1_893' title='bbox 3220 5315 3375 5377; x_wconf 76' lang='lat' dir='ltr'><strong>Colb.</strong></span> <span class='ocrx_word' id='word_1_894' title='bbox 3411 5329 3465 5372; x_wconf 88' lang='lat' dir='ltr'><strong>et</strong></span> <span class='ocrx_word' id='word_1_895' title='bbox 3499 5315 3633 5385; x_wconf 79' lang='lat' dir='ltr'><strong>Reg.</strong></span> <span class='ocrx_word' id='word_1_896' title='bbox 3677 5327 3783 5373; x_wconf 77' lang='lat' dir='ltr'><strong>lcr-</strong></span> 
     </span>
    </p>
   </div>
   <div class='ocr_carea' id='block_1_120' title="bbox 2205 5391 3150 5462">
    <p class='ocr_par' dir='ltr' id='par_1_120' title="bbox 2205 5391 3150 5462">
     <span class='ocr_line' id='line_1_120' title="bbox 2205 5391 3150 5462; baseline -0.005 -16"><span class='ocrx_word' id='word_1_897' title='bbox 2205 5394 2314 5450; x_wconf 88' lang='lat' dir='ltr'><strong>tius</strong></span> <span class='ocrx_word' id='word_1_898' title='bbox 2343 5392 2663 5462; x_wconf 86' lang='lat' dir='ltr'><strong>simpliciter</strong></span> <span class='ocrx_word' id='word_1_899' title='bbox 2689 5401 2745 5445; x_wconf 87' lang='lat' dir='ltr'><strong>ut</strong></span> <span class='ocrx_word' id='word_1_900' title='bbox 2779 5391 2830 5447; x_wconf 92' lang='lat' dir='ltr'><strong>iu</strong></span> <span class='ocrx_word' id='word_1_901' title='bbox 2873 5397 3150 5444; x_wconf 76' lang='lat' dir='ltr'><strong>contextu.</strong></span> 
     </span>
    </p>
   </div>
  </div>
