4026 6442
233 364 342 420 653

1336 358 1703 414 ADVERSUS
1743 360 2111 416 EUNOMIUM
2154 361 2283 414 LIB.
2330 360 2415 413 Ill.

3365 359 3469 414 651

240 506 3467 550 _____________________________________....

1254 738 1593 863 KAT'
1686 746 2481 863 ΕΥΝΟΜΙΟΥ

1606 1018 1969 1105 ΛΟΓΟΣ
2006 1013 2121 1100 I".

1258 1272 1416 1327 ΠΕΡΙ
1456 1274 1592 1326 ΤΟΥ
1628 1274 1832 1326 ΑΓΙΟΥ
1868 1270 2293 1327 ΠΝΕΥΜΑΤΟΣ
2334 1269 2464 1341 (74).

721 1663 1191 1757 CONTRA
1269 1663 1952 1756 EUNOMIUM
2038 1664 2396 1752 LIBER
2469 1662 2982 1754 TERTIUS

1484 1897 1572 1953 DE
1607 1897 1877 1954 SPIRITU
1925 1896 2209 1956 SANCTO.

311 2266 362 2310 1.
412 2255 557 2308 ΒΑΣ.
598 2254 764 2317 Μόλις
799 2254 927 2306 ποτὲ
964 2254 1075 2323 (75)
1108 2255 1384 2325 κορεσθεὶς
1434 2255 1541 2305 τῶν
1594 2255 1672 2316 είς
1716 2253 1807 2306 τὸν

1985 2252 2032 2307 Ι.
2076 2252 2197 2307 ΒΑε.
2218 2251 2315 2306 Vix
2338 2250 2546 2304 tandem
2569 2248 2914 2317 blaSphemiis
2930 2248 2981 2301 in
3012 2244 3353 2317 Unigenilum
3374 2264 3462 2303 ρι-

232 2348 513 2419 Μονογενῆ
549 2346 922 2419 βλασφημιῶν,
952 2347 1043 2397 ἐπὶ
1069 2347 1126 2399 τὸ
1157 2347 1375 2417 Πνεῦμα
1397 2347 1456 2399 τὸ
1488 2346 1641 2414 ἆγιον
1674 2363 1803 2417 μετ-

231 2442 512 2513 ελήλυθεν,
554 2439 819 2493 ἀκόλουθα
858 2440 921 2506 τῇ
964 2438 1056 2508 ὅλῃ
1104 2438 1265 2489 αὑτοῦ
1322 2437 1431 2509 (76)
1493 2437 1804 2511 προαιρέσει

231 2536 330 2587 καὶ
356 2534 483 2603 περὶ
511 2530 696 2584 τούτου
725 2528 1098 2597 διαλεγόμενος
1118 2545 1132 2559 ·
1162 2531 1358 2600 γράφει
1388 2530 1443 2583 δὲ
1474 2530 1663 2593 οὕτως·

308 2624 468 2675 ΕΥΝ.
532 2618 869 2689 Ἀρκούντων
934 2619 990 2671 δὲ
1036 2622 1168 2689 ἡμῖν
1222 2621 1487 2674 τοσούτων
1535 2622 1662 2693 περὶ
1711 2621 1803 2674 τοῦ

231 2708 594 2778 Μονογενοῦς,
631 2707 918 2762 ἀκόλουθον
964 2708 1029 2764 ἂν
1074 2709 1157 2780 εἴη
1206 2709 1299 2762 καὶ
1347 2709 1594 2780 περὶτοῦ
1626 2710 1807 2780 Παρα-

232 2803 432 2873 κλήτου
463 2800 643 2853 λοιπὸν
669 2802 841 2853 εἰπεῖν
865 2814 880 2831 ⁸
915 2799 973 2851 οὐ
1009 2800 1123 2860 ταῖς
1149 2798 1518 2865 ἀνεξετάστοις
1543 2798 1648 2853 τῶν
1682 2800 1806 2851 πολ-

232 2893 342 2945 λῶν
370 2890 795 2954 ἀκολουθοῦντας
813 2889 1009 2955 δόξαις,
1040 2891 1137 2961 τὴν
1160 2890 1215 2943 δὲ
1239 2890 1345 2943 τῶν
1369 2888 1535 2958 ἁγίων
1558 2892 1614 2942 ὲν
1639 2890 1806 2943 ἆπασι

236 2982 611 3051 φυλάσσοντας
636 2981 1003 3045 διδασκαλίαν,
1039 2982 1166 3051 παρ’
1190 2975 1263 3034 ὧν
1287 2982 1466 3052 τρίτον
1498 2982 1630 3035 αὐτὸ
1655 2982 1809 3049 ἀξιώ-

239 3090 370 3143 ματι
400 3074 494 3124 καὶ
534 3070 678 3134 τάξει
731 3070 1012 3139 μαθόντες,
1043 3071 1223 3138 τρίτον
1260 3068 1397 3124 εἶναι
1428 3075 1520 3127 καὶ
1549 3077 1613 3145 τῇ
1651 3075 1807 3143 φύσει

234 3179 702 3229 πεπιστευκαμεν.

311 3256 459 3307 ΒΑΣ.
488 3255 609 3305 Ὅτι
643 3254 739 3324 μὲν
785 3252 892 3323 γάρ
938 3253 1038 3305 οὐκ
1084 3252 1252 3306 οἴεται
1296 3254 1402 3307 δεῖν
1449 3259 1512 3327 τῇ
1544 3258 1686 3328 ἁπλῇ
1716 3264 1807 3312 καὶ

234 3346 637 3417 ἀνεπιτηδεύτῳ
693 3346 873 3397 πίστει
928 3346 1035 3399 τῶν
1090 3346 1298 3400 πολλῶν
1345 3346 1621 3417 ἐμμένειν,
1673 3349 1807 3401 ἀλλά

234 3443 504 3511 τεχνικοῖς
532 3457 639 3493 τισι
683 3440 775 3493 καὶ
811 3439 1218 3510 σεσοφισμένοις
1258 3439 1435 3507 λόγοις
1473 3439 1631 3494 πάλιν
1674 3440 1807 3510 πρὸς

236 3535 300 3587 τὸ
350 3533 538 3587 δοκοῦν
572 3533 749 3603 ἐαυτῷ
781 3532 1223 3605 παρακρούεσθαι
1251 3533 1348 3602 τὴν
1393 3533 1666 3603 ἀλήθειαν.
1701 3534 1811 3586 ἱκα-

1911 2343 2157 2408 satiatus,
2190 2341 2255 2396 ad
2289 2340 2547 2409 Spiritum
2579 2346 2823 2392 sanctum
2854 2336 2924 2390 ita
2958 2337 3192 2401 transiit,
3225 2346 3281 2390 ut
3312 2339 3375 2391 de
3406 2353 3464 2392 ec

1912 2436 2074 2491 etiam
2106 2442 2526 2489 consentaneum
2570 2432 2665 2486 toti
2715 2444 2811 2485 suo
2848 2430 3124 2499 proposito
3167 2444 3464 2485 sermonem

1913 2526 2177 2582 instituat.
2220 2524 2420 2579 Scribit
2458 2530 2637 2576 autem
2670 2520 2749 2574 sic
2791 2539 2804 2573 :

1983 2618 2118 2673 Eun.
2162 2617 2294 2672 Cum
2344 2625 2521 2670 autem
2581 2615 2695 2668 haec
2745 2613 2899 2668 nobis
2937 2613 3000 2666 de
3033 2612 3318 2682 Unigenito
3360 2614 3451 2667 sut‘

1915 2709 2115 2773 ﬁciant,
2146 2721 2479 2775 consequens
2500 2706 2662 2759 fuerit
2701 2713 2757 2757 ut
2785 2703 2894 2770 jam
2926 2704 2991 2757 de
3025 2702 3301 2757 Paracleto
3338 2720 3462 2772 quo-

1914 2817 2018 2870 que
2047 2802 2323 2865 dicamus,
2365 2815 2473 2854 non
2523 2798 2666 2869 vulgi
2704 2797 2985 2867 opiniones
3029 2799 3340 2852 temerarias
3387 2812 3469 2851 se-

1915 2895 2063 2955 cuti.
2121 2895 2212 2949 sed
2268 2902 2579 2948 sanctorum
2628 2892 2679 2944 in
2715 2889 2965 2945 omnibus
3012 2889 3309 2945 doctrinam
3345 2905 3462 2945 ser--

1915 2996 2101 3039 vanles
2128 3004 2139 3037 :
2175 3000 2204 3038 a
2234 3000 2428 3052 quibus
2456 2998 2576 3038 cum
2608 2982 2955 3037 didicerimus
2980 2996 3101 3035 eum
3133 2982 3391 3049 dignitate
3418 2992 3472 3036 et

1914 3076 2103 3129 ordine
2138 3077 2352 3127 tertium
2378 3113 2392 3137 ,
2436 3072 2650 3125 tertium
2690 3084 2900 3138 quoque
2930 3080 3121 3123 natura
3157 3084 3274 3126 esse
3305 3071 3475 3126 credi-

1915 3183 2053 3222 IDUS.

1988 3258 2112 3312 BAS.
2155 3256 2303 3323 Quod
2331 3254 2544 3324 quidem
2575 3268 2677 3308 non
2702 3260 2854 3324 putet
2879 3260 3130 3323 oportere
3155 3254 3206 3308 in
3240 3255 3469 3327 simplici

1918 3366 1983 3404 ac
2014 3348 2155 3404 nuda
2199 3347 2486 3402 multorum
2520 3347 2623 3400 lide
2654 3360 2970 3413 permanere
2990 3386 3005 3411 ,
3031 3347 3124 3401 sed
3167 3349 3471 3405 artiﬁciosis

1915 3440 2234 3506 quibusdam
2311 3454 2373 3492 ac
2453 3437 2706 3506 captiosis
2804 3436 3098 3493 rationibus
3190 3442 3469 3495 veritatem

1922 3544 2105 3583 rursus
2133 3530 2197 3580 ad
2242 3530 2327 3593 id,
2374 3528 2515 3598 quod
2564 3529 2664 3582 sibi
2715 3528 2946 3593 videtur,
2990 3530 3305 3596 detrudere,
3341 3534 3470 3588 satis

237 3624 346 3687 νῶς
386 3622 444 3688 ἐξ
473 3614 547 3675 ὧν
596 3618 746 3674 εἶπεν
791 3622 1073 3695 ἐδήλωσεν.
1119 3623 1419 3692 Ἀτιμάζων
1448 3623 1555 3693 γὰρ
1586 3624 1681 3694 τὴν
1708 3626 1813 3678 τῶν

1916 3639 1979 3679 ex
2010 3624 2075 3678 iis
2104 3638 2221 3692 qua:
2252 3623 2471 3691 protulit
2497 3622 2672 3676 verbis
2706 3623 2956 3675 ostendit.
2976 3624 3137 3693 272
3170 3623 3301 3680 Nam
3331 3628 3469 3681 mul—

239 3714 451 3768 πολλῶν
474 3712 647 3778 δόξαν,
738 3714 1016 3777 δοξάζουσι
1041 3714 1100 3767 τὸ
1124 3713 1347 3785 Πνεῦμα
1368 3716 1428 3767 τὸ
1455 3714 1626 3783 ἅγιον,
1655 3733 1819 3786 προσ-

241 3809 476 3859 ποιεῖται
508 3804 605 3875 τὴν
653 3804 762 3855 τῶν
802 3805 971 3871 ἁγίων
1004 3804 1295 3873 φυλάσσειν
1332 3804 1692 3870 διδασκαλίαν,
1726 3808 1819 3860 καὶ

240 3899 368 3958 τοὺς
418 3898 619 3967 ταύτην
679 3895 826 3966 αὐτῷ
882 3896 1329 3967 παραδεδωκότας
1377 3898 1684 3969 ἀποαωπᾷ,
1726 3900 1821 3951 καὶ

240 3988 359 4049 νῦν,
389 3987 531 4059 άπερ
558 3991 661 4043 κάν
680 3991 791 4051 τοῖς
816 3988 941 4059 περὶ
965 3986 1057 4039 τοῦ
1085 3987 1421 4055 Μονογενοῢς
1448 3988 1625 4057 λόγοις
1652 3990 1818 4041 ποιῶν

242 4076 559 4147 ἀπεδείχθη.
590 4075 722 4131 Εἶτά
752 4096 883 4149 φησι
922 4076 1072 4148 παρὰ
1111 4077 1207 4148 μὲν
1240 4076 1347 4130 τῶν
1387 4077 1554 4145 ἁγίων
1586 4078 1824 4149 μεμαθη-

243 4170 398 4222 κέναι
427 4168 485 4219 τὸ
505 4167 685 4237 τρίτον
715 4164 854 4221 εἶναι
878 4171 944 4239 τῇ
971 4167 1119 4232 τάξει
1146 4168 1240 4221 καὶ
1267 4167 1343 4238 τῷ
1370 4166 1657 4239 ἀξιώματι,
1689 4171 1817 4240 παρ’

243 4259 438 4315 ἑαυτοῦ
468 4259 524 4311 δὲ
564 4261 982 4315 πεπιστευκέναι
1009 4260 1068 4312 τὸ
1097 4262 1190 4313 καὶ
1232 4260 1341 4331 (77)
1374 4261 1553 4331 τρίτον
1585 4256 1722 4314 εἶναι
1751 4265 1815 4332 τῇ

246 4354 428 4421 φύσει.
466 4352 622 4415 Τίνες
648 4352 703 4404 δὲ
732 4356 779 4405 οἱ
826 4355 989 4422 ἀγιοι,
1018 4353 1110 4405 καὶ
1138 4356 1193 4405 ὲν
1221 4354 1390 4417 ποίοις
1419 4353 1595 4423 λόγοις
1619 4355 1716 4425 τὴν
1741 4355 1818 4407 διο

244 4445 537 4497 δασκαλίαν
592 4444 935 4513 πεποίηνται,
982 4447 1154 4498 εἰπεῖν
1200 4445 1299 4496 οὐκ
1353 4445 1464 4515 ἔχει
1506 4446 1636 4516 (78).
1673 4439 1817 4517 Ἀρα

246 4534 468 4601 γέγονεν
510 4536 649 4588 οὕτω
702 4534 971 4604 τολμηρὸς
1014 4536 1332 4605 ἄνθρωπος,
1386 4536 1485 4597 τὰς
1540 4537 1667 4607 περὶ
1709 4537 1816 4590 τῶν

249 4628 407 4680 θείων
434 4628 715 4698 δογμάτων
758 4628 1103 4696 καινοτομίας
1126 4626 1508 4699 εἰσηγούμενος
1533 4643 1547 4691 ;
1577 4628 1672 4690 Τίς
1709 4628 1815 4700 γάρ

245 4720 478 4789 ἀνάγκη,
514 4723 561 4772 εἰ
607 4720 683 4792 τῷ
716 4720 981 4791 ἀξιώματι
1014 4720 1106 4773 καὶ
1142 4722 1206 4791 τῇ
1238 4719 1386 4787 τάξει
1427 4718 1607 4790 τρίτον
1633 4718 1806 4789 ὑπάρο

1921 3728 2095 3769 torum
2136 3716 2384 3782 opinione
2413 3723 2739 3782 contempta,
2779 3729 2883 3782 qua
2923 3714 3180 3783 Spiritum
3225 3730 3469 3773 sanctum

1913 3806 2231 3878 gloriticant,
2255 3805 2470 3858 simulat
2497 3816 2675 3858 tenere
2699 3819 2757 3860 se
2798 3817 3109 3862 sanctorum
3129 3809 3429 3864 doctrinam
3453 3830 3465 3864 :

1915 3912 1971 3955 at
1993 3913 2085 3954 eos
2115 3899 2206 3969 qui
2237 3912 2354 3952 eam
2384 3898 2481 3967 ipsi
2531 3898 2898 3963 tradiderunt,
2936 3907 3097 3963 tacet,
3129 3901 3290 3954 etiam
3327 3917 3471 3957 nunc

1916 3992 2117 4046 faciens
2164 4006 2223 4045 ea
2260 3991 2397 4060 ipsa,
2430 4003 2547 4058 quae
2576 3988 2642 4041 ab
2668 4004 2731 4043 eo
2770 3990 2892 4042 dum
2924 3990 2990 4043 de
3032 3989 3318 4061 Unigenito
3352 4010 3471 4049 ser-

1915 4096 2124 4135 monem
2190 4080 2450 4143 haberet,
2511 4078 2647 4131 facta
2700 4093 2819 4133 esse
2882 4081 3305 4134 demonstratum
3366 4095 3467 4137 est.

1916 4173 2116 4228 Deinde
2140 4172 2272 4226 dicit
2299 4188 2327 4225 a
2362 4171 2563 4226 sanctis
2605 4170 2818 4240 quidem
2883 4186 2941 4226 se
2969 4171 3223 4228 didicisse
3255 4174 3471 4231 tertium

1912 4281 2031 4322 esse
2074 4268 2260 4322 ordine
2308 4273 2362 4317 et
2395 4264 2652 4334 dignitate
2686 4263 2982 4333 Spiritum;
3022 4282 3051 4318 a
3101 4281 3161 4321 se
3186 4267 3303 4335 ipso
3344 4283 3471 4323 vero

1914 4360 2153 4419 credere.
2190 4364 2379 4410 natura
2415 4370 2631 4425 quoque
2661 4355 2878 4408 tertium
2910 4371 3049 4410 esse.
3083 4357 3182 4423 Qui
3215 4372 3340 4412 vero
3362 4359 3473 4412 sint

1912 4448 2086 4503 sancti
2134 4448 2240 4512 illi,
2277 4456 2331 4504 et
2374 4448 2425 4501 in
2482 4447 2676 4516 quibus
2725 4446 2939 4515 scriptis
2983 4447 3122 4501 hanc
3169 4447 3467 4501 doctrinam

1912 4534 2180 4588 ediderint
2208 4533 2389 4588 dicere
2431 4549 2533 4588 non
2576 4542 2769 4602 potest.
2814 4532 3006 4586 Fuitne
3038 4547 3271 4601 unquam
3308 4531 3470 4588 homo

1914 4627 1992 4680 sic
2030 4626 2227 4691 audax,
2270 4627 2362 4695 qui
2412 4626 2712 4679 divinorum
2751 4624 3062 4694 dogmatum
3100 4623 3469 4679 innovationes

1912 4719 2236 4775 induceret?
2273 4720 2379 4775 Cur
2425 4719 2565 4773 enim
2613 4732 2835 4773 necesse
2874 4726 2991 4782 est,
3030 4718 3073 4770 si
3121 4717 3378 4785 dignitate
3406 4733 3470 4773 ac

326 4922 440 5004 (μ)
473 4918 703 5004 Titulus,
725 4931 785 5004 ut
819 4923 904 4987 ﬁt,
949 4920 1106 5002 ali08~
1138 4930 1221 5004 est
1253 4928 1305 5003 in
1354 4924 1473 5004 aliis
1516 4920 1811 5004 effligimus.

1916 4919 2201 5004 τῶγῃίδίων
2236 4925 2684 5004 συγγραμμάτων
2712 4923 3071 5004 χρησάμενος.
3107 4921 3302 5004 Dicunt.
3339 4938 3469 5003 uou-

245 4990 659 5065 Regiilluartus
688 5001 742 5044 et
786 5004 973 5065 sextus
1016 4990 1307 5065 coim’noﬁ
1365 4994 1500 5065 πρὸς
1532 4992 1815 5062 Εὐνόμιον,

243 5064 377 5133 περὶ
405 5060 743 5133 Πνεῖύματος,
775 5062 1008 5129 ejusdem
1030 5063 1309 5133 ﬁadvergua
1355 5060 1699 5124 Eu‘nomium,
1746 5067 1819 5133 (de

246 5130 471 5197 Spiritu.
499 5130 630 5200 Reg.
662 5136 930 5186 secundus
960 5131 1053 5184 τοῦ
1081 5130 1244 5187 αὑτοῦ
1277 5133 1513 5201 μεγάλου
1538 5132 1816 5185 Βασιλείου

245 5202 386 5269 πρὸς
412 5202 695 5270 Εὐνόμιον,
738 5201 864 5269 περὶ
892 5201 985 5253 τοῦ
1018 5204 1173 5271 ἁγίου
1220 5202 1358 5256 Πνεύ
1370 5220 1557 5271 ματος,
1586 5204 1819 5271 ejusdem

246 5273 426 5340 magni
450 5272 641 5323 Basilii
661 5271 907 5324 adversus
936 5270 1275 5335 Eunbmium,
1305 5270 1562 5325 desancto
1591 5270 1816 5340 Spiritu.

245 5338 383 5408 Reg.
420 5342 611 5413 tertius
648 5352 701 5394 et
737 5341 889 5413 Colb.
913 5342 1249 5413 simpliciter
1277 5340 1530 5413 περὶτοῦ
1566 5338 1818 5411 Πνεῦμα-

245 5427 340 5472 τος
371 5408 464 5461 τοῦ
500 5411 675 5478 ἀγίου,
715 5413 777 5463 de
827 5408 1266 5478 Spiritu'sancto.
1302 5408 1501 5478 Dubius
1534 5420 1588 5463 et
1638 5408 1812 5467 incer-

252 5492 343 5533 tus
370 5481 522 5533 visus
549 5473 631 5534 est
662 5482 749 5535 hic
780 5473 916 5535 liber
942 5483 1286 5547 quibusdam.
1346 5473 1419 5535 Ita
1474 5480 1617 5534 enim
1676 5484 1811 5536 scri-

1918 4993 2049 5045 nulli
2072 4995 2210 5048 hunc
2236 4993 2423 5048 librum
2447 4993 2612 5047 suum
2642 4993 2830 5045 Basilii
2868 5008 2971 5045 non
3005 5009 3136 5055 esse,
3163 4993 3302 5061 quod
3332 4994 3387 5044 in
3409 5010 3468 5045 eo

1918 5065 2243 5130 reperiantur
2289 5067 2441 5117 verba
2486 5065 2746 5129 quaedam,
2778 5078 2894 5130 qum
2955 5063 3197 5116 videntur
3229 5064 3465 5121 duriora,

1915 5133 2101 5202 quibus
2132 5150 2232 5188 non
2263 5134 2575 5195 comperitur
2604 5134 2661 5202 in
2706 5133 2813 5186 alio
2846 5132 2954 5186 ulla
2996 5147 3205 5201 operum
3252 5147 3467 5184 suorum

1916 5220 2038 5255 usus
2064 5204 2243 5270 fuisse.
2271 5205 2342 5256 Ea
2370 5204 2434 5255 de
2470 5219 2527 5256 re
2552 5203 2606 5255 in
2641 5201 2977 5256 Prmt'atione.

1988 5274 2100 5343 (75)
2129 5273 2267 5327 Editi
2304 5273 2472 5337 Μόλις
2521 5273 2594 5326 δέ.
2639 5273 2835 5327 Vocula
2862 5271 2917 5323 δέ
2948 5272 3000 5324 in
3036 5285 3171 5343 mss.
3201 5269 3469 5343 antiquin:

1920 5339 2256 5398 rib'us'deest.
2291 5344 2484 5397 Statim
2538 5344 2669 5412 Reg.
2718 5346 2935 5412 quintus
2960 5350 3013 5395 et
3047 5341 3174 5412 editi
3206 5339 3468 5411 μονογενῆ

1920 5413 2067 5465 Υἱόν.
2106 5414 2211 5467 Sed
2241 5416 2292 5466 in
2324 5415 2445 5466 aliis
2478 5410 2745 5467 mssfvox
2795 5410 2936 5481 Υίόν
2968 5426 3072 5481 non
3108 5411 3315 5481 legitur.

1982 5483 2094 5552 (76)
2147 5482 2277 5552 Reg.
2316 5492 2549 5553 quartus
2600 5483 2693 5553 ὅλῃ
2747 5479 2961 5553 ἑαυτοῦ.
2996 5477 3283 5550 Aliquanto
3329 5477 3467 5533 infra

246 5562 400 5621 ptum
438 5550 711 5621 invenitur
746 5550 796 5601 in
824 5553 1184 5621 oracodicum
1228 5553 1515 5621 Regiorum
1547 5552 1727 5621 quarti
1763 5559 1813 5621 et

1915 5550 2043 5606 mss.
2072 5550 2179 5607 tres
2212 5550 2695 5616 ἀκολουθοῦντες.ξξ
2734 5551 3115 5621 φυλάσσοντες.

246 5619 391 5693 sexti
422 5617 643 5693 ὶΤινέςΔ
665 5620 1033 5693 φασι-τουτον
1085 5620 1175 5693 rev
1219 5617 1374 5689 λόγον
1424 5619 1498 5693 μὴ
1542 5619 1813 5693 εἶναιτοῦ

247 5688 728 5763 ἀγίουμΒασιλείρῖ),
761 5689 847 5763 διά
871 5690 1211 5763 τὺῌφέρεσθαι
1245 5688 1383 5763 ρήτά
1412 5688 1529 5763 τινα
1555 5692 1611 5743 ὲν
1644 5691 1811 5763 αὐτῷ,

247 5758 560 5831 τραχύτερα
613 5754 751 5818 εἶναι
806 5754 1084 5830 δοκοῦντα,
1128 5756 1209 5825 οἷς
1242 5754 1310 5818 ἔν’
1348 5762 1519 5816 οὐδενὶ⁵
1567 5754 1813 5833 φαίνεται

2008 5622 2095 5691 77)
2126 5622 2265 5675 Editi
2298 5623 2392 5675 καὶ
2423 5623 2504 5675 τό.
2528 5623 2743 5691 Antiqui
2770 5623 2875 5677 duo
2910 5622 3031 5675 libri
3059 5620 3119 5673 τὸ
3141 5621 3253 5674 καί.

2010 5624 2071 5674 77
2126 5624 2265 5675 Editi
2298 5624 2392 5675 καὶ
2423 5624 2504 5675 τό.
2528 5624 2743 5691 Antiqui
2770 5624 2875 5677 duo
2910 5624 3031 5675 libri
3059 5624 3119 5673 τὸ
3141 5624 3253 5674 καί.

2127 5692 2369 5774 Ηιιεκιτεξ
2398 5691 2791 5774 νοοοεκεὶπεῖν
2812 5695 2921 5748 οὐκ
2967 5692 3110 5761 ἔχει,
3142 5706 3208 5748 ex
3239 5697 3467 5760 quatuor

1914 5763 2188 5826 codicibus
2218 5763 2399 5836 Regiis
2430 5765 2749 5822 addidimus.
