4008 6472
261 403 364 459 657

1349 407 1725 464 ADVERSUS
1764 407 2131 468 EUNOMIUM
2171 411 2298 467 LIB.
2342 412 2432 468 Ill.

3404 415 3506 472 658

263 519 491 585 παντὸς
525 518 832 583 βλέπουσι
869 520 938 574 τὸ
977 523 1296 590 πρόσωπον
1323 521 1430 575 τοῦ
1468 524 1697 590 Πατρός
1721 540 1837 591 μου

1941 526 1996 578 in
2017 527 2159 581 caelis
2190 528 2326 580 est'.
2355 526 2418 580 Et
2447 525 2730 581 Psalmista
2763 526 2894 582 dicit
2940 545 2955 580 :
3005 527 3198 583 Castra
3229 532 3509 586 metabitur

262 611 370 665 τοῦ
398 611 468 665 ὲν
495 610 618 676 τοῖς
643 611 936 679 οὐρανοῖς.
965 613 1076 666 Καὶ
1112 616 1141 666 6
1177 613 1478 684 Ψαλμῳδός
1502 629 1654 684 φησιο
1691 617 1839 682 Παρ-

258 701 512 769 εμϐαλεῖ
530 689 780 772 ἄγγελος
815 704 1034 770 Κυρίου
1070 704 1272 769 κύκλῳ
1308 701 1428 756 τῶν
1457 702 1841 772 φοϐουμένων

258 795 481 847 αὐτόν’
520 794 634 859 καὶ,
677 795 730 846 Ὁ
770 794 1021 864 ἄγγελος
1067 797 1099 847 ό
1129 793 1477 863 ῥυσάμενος
1522 794 1630 865 (86)
1667 811 1743 864 με
1771 794 1840 846 ἐκ

259 887 547 953 νεότητός
571 903 721 956 μου·
750 889 842 940 καὶ
878 888 976 940 ὅσα
1017 887 1260 943 τοιαῦτα.
1293 890 1415 942 Ὅτι
1454 889 1508 942 δὲ
1540 889 1697 942 πάλιν
1734 888 1839 940 εἰσί

259 996 408 1042 τινες
452 980 671 1048 ἄγγελοι
709 981 802 1034 καὶ
833 980 967 1032 ὅλων
1013 980 1182 1033 ἐθνῶν
1229 981 1585 1052 προεστῶτες,
1633 981 1839 1048 Μωσῆς

260 1072 414 1140 ἡμᾶς
437 1071 676 1124 διδάσκει
701 1071 788 1123 διὰ
811 1071 909 1140 τῆς
942 1071 1087 1140 ᾠδῆς
1117 1072 1289 1140 λέγων
1310 1090 1322 1103 ·
1358 1071 1494 1126 Ὅτε
1521 1069 1840 1139 διεμέριζεν

261 1165 296 1214 d
349 1164 634 1232 Ὕψιστος
676 1163 840 1230 ἔθνη,
895 1165 971 1229 ὼς
1020 1163 1357 1233 διέσπειρε-νο
1409 1164 1578 1230 υἱοὺς
1646 1164 1837 1232 Ἀδὰμ,

260 1253 529 1323 ἔστησεν
567 1255 696 1322 ὅρια
741 1255 930 1308 ἐθνῶν
967 1257 1118 1310 κατὰ
1158 1257 1409 1325 ἀριθμὸν
1440 1257 1710 1326 ἀγγέλων
1731 1258 1839 1310 αὐ-

260 1348 395 1404 τοῦ.
423 1349 530 1400 Καὶ
560 1349 588 1399 6
616 1347 777 1415 σοφὸς
810 1349 1007 1420 Δανιὴλ
1053 1351 1199 1420 ὲντῇ
1225 1349 1315 1402 τοῦ
1343 1349 1573 1417 ἀγγέλου
1608 1348 1840 1420 ὀπτασίᾳ

261 1443 399 1512 ﬁxos
410 1457 496 1492 σεν
520 1440 683 1494 αὑτοῦ
705 1441 951 1510 λέγοντος
973 1445 1075 1508 ὅτι,
1111 1445 1332 1510 Ἄρχων
1345 1443 1669 1508 ,ϐασιλείας
1698 1445 1840 1510 Περ-

261 1532 394 1586 σῶν
428 1532 692 1601 εἱστήκει
721 1534 1067 1599 ἐξεναντίας
1089 1552 1205 1602 μου
1229 1550 1242 1563 ·
1299 1533 1398 1588 καὶ
1437 1533 1566 1587 ιδοὺ
1601 1531 1839 1601 Μιχαὴλ

259 1620 352 1689 εἷς
394 1623 511 1676 τῶν
546 1627 852 1694 ἀρχόντων
896 1624 1013 1678 τῶν
1058 1624 1302 1693 πρώτων
1349 1624 1496 1696 ἦλθε
1529 1623 1839 1692 βοηθῆσαί

255 1733 383 1785 μοι,
417 1717 513 1770 καὶ
541 1718 728 1772 αὐτόν
749 1718 1072 1772 κατέλιπον
1101 1717 1229 1771 ἐκεῖ
1251 1718 1401 1788 μετὰ
1424 1718 1528 1771 τοῦ
1552 1717 1840 1785 ἄρχοντος

255 1805 566 1871 βασιλέως
594 1807 860 1875 Περσῶν.
907 1809 1015 1860 Καὶ
1052 1808 1168 1877 μετ’
1195 1808 1350 1876 ὀλίγα
1389 1807 1552 1879 φησιν
1583 1806 1612 1858 6
1645 1807 1834 1872 αὑτός·

1937 618 2154 688 angelus
2182 619 2396 672 Dontini
2415 620 2468 672 in
2489 619 2712 673 circuitu
2739 621 3029 674 timentium
3055 621 3216 692 273
3245 620 3417 690 ipsum
3439 625 3462 656 ⁸
3488 643 3504 682 :

1938 719 2030 763 et:
2062 708 2288 777 Angelus
2319 710 2408 779 qui
2449 708 2687 762 liberavit
2729 727 2812 764 me
2853 728 2884 764 τι
2921 713 3196 781 juventuto
3236 714 3420 779 mea";
3454 725 3511 771 et

1938 815 2271 869 quaecunque
2296 801 2534 871 ejusdem
2563 803 2778 870 generis
2817 813 2962 858 sunt.
3001 804 3152 870 Quod
3181 815 3357 859 autem
3386 822 3510 860 rur-

1939 905 2032 944 sus
2062 891 2171 943 sint
2207 889 2382 956 angeli
2423 890 2638 958 quidam
2707 891 2797 959 qui
2829 891 3079 959 gentibus
3121 892 3346 961 integris
3371 907 3510 961 pra:-

1939 982 2097 1049 positi
2131 989 2277 1042 sunt,
2301 981 2458 1035 docet
2481 995 2577 1033 nos
2605 996 2702 1048 per
2732 982 2998 1035 canticum
3029 981 3224 1046 Moses,
3248 985 3370 1037 dum
3398 983 3505 1038 ait:

1943 1072 2165 1138 Quando
2197 1071 2457 1126 dividebat
2489 1073 2796 1127 Altissimus
2836 1083 3030 1143 gentes.
3067 1075 3279 1143 quando
3309 1077 3510 1145 disper-

1940 1164 2008 1217 sit
2054 1163 2191 1232 ﬁlios
2240 1163 2435 1228 Adam,
2470 1165 2738 1217 constituit
2783 1166 3033 1219 terminos
3082 1167 3315 1234 gentium
3353 1169 3510 1234 juxta

1942 1271 2213 1308 numerum
2251 1255 2556 1324 angelorum
2581 1255 2856 1309 suorum“.
2890 1254 2956 1308 Et
2994 1257 3208 1325 sapiens
3237 1257 3421 1312 Daniel
3455 1260 3507 1312 in

1939 1348 2148 1400 visione
2174 1347 2348 1416 angeli
2384 1347 2588 1401 audivit
2618 1347 2792 1417 ipsum
2824 1347 3094 1402 dicentem
3119 1366 3131 1402 :
3162 1348 3406 1418 Princeps
3434 1366 3508 1404 re-

1939 1440 2026 1508 gni
2077 1436 2360 1490 Persarum
2411 1440 2554 1491 stetit
2597 1455 2662 1493 ea:
2705 1439 2926 1494 adverso
2973 1442 3103 1494 mihi
3133 1459 3151 1497 :
3181 1454 3225 1496 et
3254 1459 3366 1496 ecce
3397 1442 3505 1496 Mi-

1939 1530 2086 1582 chael
2125 1546 2260 1583 unus
2308 1530 2370 1583 de
2417 1530 2741 1599 principibus
2797 1534 2977 1600 primis
3009 1535 3164 1598 venit,
3195 1536 3321 1588 mihi
3351 1535 3507 1589 auxi-

1938 1621 2270 1675 liaturus:et
2317 1623 2489 1687 ipsum
2542 1621 2732 1692 reliqui
2784 1622 2896 1675 illic
2933 1640 3051 1677 cum
3113 1626 3347 1694 principe
3393 1643 3510 1696 rege

1941 1710 2222 1766 Persarum
2244 1713 2288 1764 '.
2320 1713 2383 1766 Et
2416 1714 2575 1780 paulo
2615 1723 2734 1783 post
2760 1713 2848 1767 ille
2874 1716 2986 1784 ipse
3017 1714 3090 1768 ait
3121 1733 3133 1769 :
3159 1715 3226 1768 Et
3271 1718 3509 1786 princeps

1941 1802 2245 1859 Grcrcorum
2275 1805 2506 1859 veniebat
2527 1806 2592 1860 ¹⁰.
2621 1806 2727 1861 Sed
2762 1816 2815 1860 et
2865 1807 3140 1874 copiarum
3172 1807 3377 1862 Domini
3415 1809 3510 1863 im-

261 1895 374 1949 Καὶ
425 1900 456 1950 ό
496 1896 694 1966 ἅρχων
723 1897 834 1967 (87)
866 1896 984 1950 τῶν
1029 1898 1336 1967 Ἑλλήνιον
1379 1877 1614 1966 ἤρχετο.
1682 1898 1837 1952 Ἀλλὰ

1943 1908 2157 1965 perator
2189 1913 2252 1952 ac
2285 1899 2390 1951 dux
2421 1898 2638 1964 dicitur,
2673 1900 2736 1966 is,
2767 1898 2860 1968 qui
2887 1897 3010 1954 Jesu
3044 1901 3191 1955 Nave
3224 1901 3288 1954 ad
3317 1899 3511 1956 .lorda-

261 1988 361 2040 καὶ
393 1988 827 2060 ἀρχιστράτηγός
848 2006 932 2052 τις
965 1989 1074 2059 (88)
1104 1990 1202 2058 τῆς
1227 1989 1506 2058 δυνάμεως
1529 1989 1733 2060 Κυρίου
1758 1988 1840 2041 λέ-

258 2094 436 2148 γεται,
465 2081 493 2131 6
529 2079 701 2151 Ἰησοῦ
731 2080 810 2151 τῷ
833 2081 927 2133 τοῦ
954 2080 1110 2149 Ναυῆ
1140 2080 1232 2132 ἐπὶ
1256 2078 1349 2132 τοῦ
1389 2081 1651 2151 Ἰορδάνου
1679 2097 1840 2149 φανε-

263 2171 474 2241 ρωθείς.
501 2173 608 2225 Καὶ
635 2172 796 2225 πάλιν
818 2172 960 2234 τινὲς
984 2171 1230 2240 λέγονται
1260 2171 1522 2239 λεγεῶνες
1543 2171 1648 2224 τῶν
1673 2171 1838 2239 ἀγγέ-

257 2263 388 2327 λων,
414 2263 506 2316 τοῦ
547 2265 749 2336 Κυρίου
792 2265 1035 2328 εἰπόντος
1063 2266 1176 2328 τοῖς
1208 2263 1505 2334 μαθηταῖς·
1543 2265 1611 2317 Ἦ
1645 2261 1838 2316 δοκεῖ·

257 2375 325 2411 τε
350 2357 460 2427 (89)
492 2357 579 2410 ὅτι
621 2360 693 2411 οὐ
735 2357 992 2427 δύναμαι
1028 2356 1439 2425 παρακαλέσαι
1471 2355 1578 2409 τὸν
1610 2356 1840 2426 Πατέρα

253 2467 395 2519 μου,
441 2449 538 2502 καὶ
568 2448 945 2518 παραστήσει
969 2467 1071 2518 μοι
1104 2443 1218 2501 ὦδε
1249 2448 1494 2513 πλείους
1534 2447 1572 2516 ἢ
1615 2448 1840 2502 δώδεκα

256 2539 558 2608 λεγεῶνας
591 2540 895 2608 ἀττέλων;
950 2539 1007 2588 '0
1043 2538 1220 2590 τοίνυν
1259 2537 1698 2610 ἀρχιστράτηγος
1731 2539 1839 2591 τῶν

257 2634 319 2686 ιν
345 2635 460 2696 ταῖς
491 2632 715 2687 λεγεῶσι
745 2647 1050 2698 κατατεταγ
1059 2630 1233 2701 μένων
1255 2631 1500 2700 ἀγγέλων
1520 2632 1703 2702 ἄρχων
1723 2633 1840 2686 ἐστὶ

253 2723 520 2795 δηλονότι.

329 2815 384 2868 2.
427 2813 568 2884 Πρὸς
602 2813 657 2865 τι
689 2807 781 2867 οὖν
824 2812 854 2865 6
885 2812 1040 2881 λόγος
1068 2815 1197 2885 ἡμῖν
1228 2813 1416 2884 φέρει;
1448 2814 1570 2867 ’Ότι
1614 2814 1673 2866 οὐ
1706 2814 1840 2868 πάν-

255 2921 387 2968 τως,
429 2902 480 2956 el
507 2921 559 2956 τι
584 2905 648 2974 τῇ
674 2901 825 2968 τάξει
868 2903 960 2956 καὶ
1003 2903 1080 2974 τῷ
1127 2903 1394 2973 ἀξιώματι
1425 2903 1673 2973 δεύτερόν
1723 2905 1838 2955 ἐστι

259 2998 356 3050 καὶ
381 2996 580 3067 τρίτον,
607 2996 765 3049 τοῦτο
799 2996 894 3049 καὶ
922 2997 1019 3066 τὴν
1045 2995 1203 3063 φύσιν
1233 2994 1424 3063 ἑτέραν
1449 2993 1581 3063 ἔχει.
1621 2995 1705 3058 Ὠς
1730 2995 1838 3067 γὰρ

259 3089 487 3141 ἐπὶτῶν
525 3087 772 3156 ἀγγέλων
811 3089 839 3139 6
881 3087 979 3156 μέν
1011 3103 1093 3147 τις
1119 3084 1296 3135 αὐτῶν
1328 3085 1530 3154 ἄρχων,
1573 3088 1600 3137 6
1639 3086 1694 3138 δὲ
1737 3087 1839 3138 ὑπ-

259 3181 441 3251 ήκοος,
472 3178 690 3246 ἄγγελοι
734 3177 789 3228 δὲ
819 3178 968 3245 ὅμως
995 3179 1060 3246 τῇ
1098 3175 1256 3244 φύσει
1291 3176 1520 3239 πάντες·
1571 3178 1665 3230 καὶ
1699 3180 1838 3233 κατὰ

262 3274 365 3342 μὲν
396 3272 455 3323 τὸ
488 3269 703 3338 ἀξίωμα
737 3267 1046 3339 ήδιαφορὰ,
1079 3268 1219 3320 κατὰ
1247 3269 1302 3321 δὲ
1329 3269 1428 3339 τὴν
1458 3269 1619 3338 φύσιν
1662 3274 1692 3340 ἡ
1727 3289 1842 3324 κοι-

260 3362 426 3415 νωνία
455 3361 573 3429 (καὶ
593 3359 700 3432 γὰρ
744 3360 965 3429 Ἀστὴρ
993 3359 1248 3428 ἀστέρος
1278 3360 1538 3428 διαφέρει
1566 3363 1635 3413 ἐν
1653 3361 1800 3428 δόξῃ
1825 3377 1839 3391 ο

260 3455 424 3526 φύσις
445 3453 500 3506 δὲ
525 3455 739 3508 πάντων
775 3453 1016 3524 ἀστέρων
1055 3453 1148 3523 μία
1168 3470 1180 3482 ·
1212 3454 1305 3506 καὶ
1338 3452 1527 3505 πολλαὶ
1564 3453 1722 3522 μοναὶ
1749 3469 1846 3506 πα-

260 3548 336 3622 ρὰ
369 3546 445 3618 τῷ
473 3548 668 3618 Πατρὶ,
710 3546 1007 3609 τουτέστιν,
1045 3544 1368 3616 ἀξιωμάτων
1413 3545 1667 3616 διαφοραί
1692 3562 1704 3574 ·
1740 3544 1842 3608 φύ-

263 3658 350 3704 σις
378 3640 434 3693 δὲ
461 3641 618 3710 ὁμοία
643 3638 749 3692 τῶν
773 3637 1163 3707 δοξαζομένων)
1181 3654 1194 3667 ·
1226 3637 1367 3689 οὕτω
1390 3637 1628 3708 δηλονότι
1663 3638 1757 3690 καὶ
1783 3637 1842 3690 τὸ

263 3729 488 3798 Πνεῦμα
516 3728 577 3782 τὸ
605 3729 778 3796 ἅγιον,
801 3730 848 3780 εἰ
875 3727 968 3779 καὶ
995 3725 1264 3795 ἀξιώματι
1287 3726 1380 3778 καὶ
1409 3725 1556 3790 τάξει
1578 3725 1686 3796 (90)
1712 3728 1842 3779 ὑπο-

263 3819 519 3890 ϐέϐηκεν,
550 3819 624 3883 ὡς
649 3819 862 3888 λέγουσι
888 3817 1329 3889 (παρειλήφαμεν
1360 3816 1468 3888 γὰρ
1499 3819 1650 3883 αὐτὸ,
1686 3819 1837 3888 φησὶ,

262 3914 445 3984 τρίτον
478 3913 585 3965 ἀπὸ
627 3913 841 3984 Πατρὸς
890 3913 984 3965 xui.
1026 3911 1156 3963 Υιοῦ
1192 3911 1621 3982 ἀριθμούμενον·
1676 3913 1838 3966 αὑτοῦ

261 4005 361 4060 τοῦ
397 4004 600 4076 Κυρίου
626 4005 684 4056 ὲν
705 4007 769 4073 τῇ
805 4001 1206 4072 παραδόσειτοῦ
1231 4001 1492 4072 σωτηρίου
1529 4002 1839 4073 βαπτίσμα-

261 4115 357 4160 τος
403 4094 841 4166 παραδεδωκότος
902 4093 998 4164 τὴν
1049 4092 1200 4158 τάξιν
1239 4094 1296 4145 ἐν
1324 4087 1405 4154 οἷς
1443 4088 1562 4145 εἶπε
1585 4110 1597 4122 ·
1631 4097 1842 4161 Πορευ-

264 4187 490 4248 θέντες,
531 4184 844 4250 βαπτίζετε
878 4187 961 4250 εἰς
996 4185 1060 4238 τὸ
1094 4184 1279 4252 ὄνομα
1322 4184 1426 4238 τοῦ
1454 4184 1701 4252 Πατρός,
1742 4186 1840 4238 καὶ

261 4278 372 4332 τοῦ
398 4278 554 4343 Υιοῦ,
598 4278 694 4332 καὶ
724 4276 828 4332 τοῦ
854 4276 1026 4346 ἁγίου
1058 4277 1423 4345 Πνεύματος)
1448 4292 1462 4306 ·
1489 4276 1602 4330 ἀλλ’
1636 4280 1714 4340 εις
1742 4277 1840 4344 φύ-

339 4435 360 4466 ³
389 4435 576 4492 Matth.
606 4451 766 4496 xvm,
803 4434 889 4488 10.

264 4506 360 4560 1‘3.
439 4508 480 4537 “
513 4505 675 4561 Josue
706 4520 756 4570 v,
792 4505 879 4557 14.

998 4434 1018 4464 ⁸
1041 4433 1180 4487 Psal.
1213 4448 1410 4497 xxxiii,
1443 4433 1494 4486 8.

984 4504 1027 4533 ’³
1058 4502 1247 4555 Matth.
1283 4520 1429 4568 xxvr,
1466 4505 1554 4559 55.

341 4687 449 4762 (εξ)
479 4688 704 4762 (lodices
730 4705 832 4762 non
859 4689 1012 4756 pauci
1044 4690 1071 4741 6
1103 4690 1386 4762 ῥυόμενος..

347 4758 457 4828 (87)
495 4759 630 4832 Editi
659 4761 752 4832 καὶ
787 4759 987 4831 ἄρχων.
1013 4758 1246 4832 armes.
1267 4759 1416 4814 multi
1452 4759 1544 4811 καὶ
1575 4761 1602 4813 6
1628 4761 1830 4832 ἄρχων.

265 4831 388 4886 Mox
411 4844 552 4901 Διιιεε.
583 4831 688 4901 duo
718 4830 974 4901 ἄρχοντος
995 4830 1259 4901 Περσῶν.

341 4898 453 4969 (88)
484 4898 1077 4970 SricRegﬁsecundus
1125 4909 1178 4954 et
1236 4912 1444 4954 sextus.
1496 4901 1693 4956 Vocula
1753 4918 1840 4964 τις

269 4968 450 5035 inepte
481 4969 560 5021 bis
586 4968 861 5036 legebatur
898 4971 949 5022 in
977 4969 1229 5035 vulgatis.

342 5041 453 5110 (89)
483 5038 662 5110 Editio
687 5040 854 5110 Paris.
893 5039 924 5109 ἢ
964 5041 1161 5101 δοκεῖς.
1195 5040 1369 5094 Editio
1401 5042 1528 5096 Ven.
1557 5050 1610 5094 et
1637 5050 1842 5110 septem

267 5107 441 5164 nostri
475 5124 602 5162 mss.
635 5107 667 5178 ἢ
701 5107 931 5162 δοκεῖτε.

341 5179 708 5251 (90)ᾃΑηιὶιιιιὶ
759 5187 1004 5251 quatuor
1043 5180 1163 5232 libri
1215 5178 1484 5248 ἀξιώματι
1529 5180 1838 5251 ὑποϐέϐηκε

265 5250 362 5303 καὶ
394 5249 565 5316 τάξει,
602 5251 708 5304 alio
741 5249 945 5302 ordine.
978 5249 1126 5315 Quod
1173 5251 1436 5318 sequitur,
1471 5252 1545 5314 ὡς
1597 5249 1837 5318 λέγουσι,

264 5323 336 5372 de
374 5333 438 5371 eo
474 5334 685 5389 quoque
719 5320 858 5373 inter
883 5334 940 5372 se
983 5320 1317 5373 dissidebant
1351 5318 1524 5374 Graeci
1558 5332 1611 5374 et
1642 5322 1832 5384 Latini,

267 5399 328 5442 ut
367 5390 550 5444 videre
587 5403 670 5444 est
701 5391 752 5443 in
790 5390 1019 5443 concilio
1053 5390 1382 5458 Florentino,
1421 5404 1541 5458 pag.
1571 5392 1695 5445 5M.
1727 5390 1831 5444 Le-

1608 4434 1628 4464 "
1658 4433 1794 4487 Gen.
1841 4450 2027 4500 ιινιιι,
2059 4433 2144 4489 16.
2219 4434 2240 4465 ⁸
2267 4433 2422 4486 Deut.
2447 4448 2620 4500 xxx",
2651 4435 2706 4490 8.

1634 4505 1718 4557 ιιι
1747 4502 1871 4557 Cor.
1901 4521 1988 4571 xv,
2015 4505 2105 4560 41,
2183 4502 2403 4558 “Joan.
2433 4518 2544 4570 11v,
2567 4505 2620 4558 2.
2700 4504 2742 4537 ²⁸
2767 4505 2952 4560 Matth.
2984 4523 3176 4570 xxvm,
3208 4502 3294 4559 l9.

1942 2003 2060 2041 nem
2106 1989 2482 2043 manifestatus
2527 1990 2692 2046 est“.
2736 1990 2800 2043 Et
2851 2005 3040 2045 rursus
3084 1990 3322 2060 legiones
3360 2010 3507 2063 quae-

1940 2079 2062 2131 dam
2125 2081 2436 2149 angelorum
2481 2081 2777 2145 dicuntur,
2834 2081 3062 2137 Domino
3113 2083 3386 2150 discipulis
3427 2085 3510 2139 di-

1940 2183 2095 2227 cente
2124 2190 2140 2229 :
2170 2174 2250 2227 An
2277 2175 2471 2239 putatis
2521 2174 2658 2239 quod
2708 2191 2811 2228 non
2839 2192 3046 2243 possum
3079 2192 3265 2246 rogare
3294 2176 3508 2230 Patrem

1940 2280 2130 2329 meum,
2160 2273 2206 2317 et
2231 2264 2486 2316 exhibebit
2524 2265 2651 2317 mihi
2681 2265 2763 2318 hic
2796 2265 2912 2333 plus
2942 2283 3099 2336 quam
3122 2268 3396 2322 duodecim
3426 2269 3503 2322 le-

1940 2356 2114 2423 giones
2159 2354 2462 2424 angelorum
2486 2354 2568 2408 ιιι
2602 2354 2708 2422 Qui
2757 2356 2921 2422 igitur
2959 2357 3062 2410 dux
3115 2369 3196 2411 est
3239 2359 3510 2414 exercitus

1939 2468 2123 2508 eorum
2150 2452 2459 2523 angelorum
2488 2453 2578 2522 qui
2606 2454 2658 2508 in
2687 2453 2992 2524 legionibus
3022 2466 3388 2516 recensentur,
3421 2456 3511 2510 ille

1939 2543 2181 2613 profecto
2231 2544 2482 2615 princeps
2511 2550 2614 2599 est.

2009 2806 2064 2860 2.
2110 2806 2379 2873 Quorsum
2415 2803 2578 2875 igitur
2620 2798 2734 2859 baic
2784 2802 2994 2858 oratio?
3022 2803 3172 2870 Quod
3204 2817 3306 2856 non
3335 2802 3510 2857 conti-

1941 2914 2067 2964 nuo,
2099 2899 2143 2954 si
2175 2897 2301 2966 quid
2329 2896 2519 2951 ordine
2560 2911 2626 2951 ac
2666 2895 2929 2959 dignitate
2963 2895 3258 2950 secundum
3285 2903 3389 2957 est.
3417 2902 3511 2948 aut

1944 2991 2181 3055 tertium,
2215 2989 2264 3042 id
2292 2996 2346 3042 et
2385 2997 2636 3041 naturam
2668 2987 2892 3042 alteram
2940 2988 3122 3043 habet.
3151 2986 3511 3053 Quemadmo-

1941 3085 2064 3137 dum
2109 3080 2252 3135 enim
2312 3081 2452 3134 inter
2498 3079 2717 3150 angelos
2775 3080 3023 3150 princeps
3074 3080 3212 3134 alius
3244 3089 3345 3145 est,
3375 3079 3510 3135 alius

1945 3175 2209 3238 subditus,
2243 3183 2297 3228 et
2331 3184 2510 3226 tamen
2535 3182 2730 3228 natura
2756 3171 2932 3244 angeli
2958 3181 3082 3228 sunt
3105 3187 3330 3229 omnes:
3365 3183 3419 3227 et
3452 3174 3508 3229 in

1944 3267 2200 3336 dignitate
2226 3266 2440 3335 quidem
2472 3265 2758 3320 diversitas
2782 3275 2883 3326 est.
2913 3266 2966 3319 in
2991 3275 3180 3320 natura
3203 3282 3334 3321 vero
3360 3282 3509 3321 com-

1943 3359 2177 3410 munitas
2208 3356 2492 3425 (siquidem
2526 3355 2692 3411 Stella
2716 3372 2746 3408 a
2771 3354 2922 3409 stella
2958 3357 3136 3425 differt
3173 3360 3226 3411 in
3255 3357 3509 3426 gloria",

1941 3454 2130 3498 natura
2160 3459 2287 3499 vero
2311 3430 2590 3498 stellarum
2620 3446 2861 3499 omnium
2893 3462 2996 3499 una
3033 3457 3148 3514 est;
3189 3459 3350 3517 atque
3376 3449 3512 3504 mul-

1943 3548 2009 3594 ιω
2059 3539 2368 3594 mansiones
2402 3549 2526 3592 sunt
2555 3540 2694 3608 apud
2739 3539 2956 3595 Patrem
2978 3542 3042 3606 ιδ,
3080 3544 3182 3597 hoc
3206 3553 3306 3608 est,
3337 3543 3510 3613 digni.

1944 3643 2109 3686 tatum
2133 3632 2494 3698 diversitates,
2523 3632 2946 3700 gloriﬁcatorum
2979 3649 3107 3688 vero
3131 3646 3319 3687 natura
3343 3634 3507 3706 una):

1943 3725 2020 3779 sic
2048 3723 2290 3793 proiecto
2343 3732 2398 3778 et
2446 3724 2682 3792 Spiritus
2711 3733 2954 3788 sanctus,
2990 3729 3093 3780 etsi
3125 3727 3392 3796 dignitate
3421 3727 3505 3781 in-

1942 3817 2108 3872 ferior
2140 3826 2222 3872 est
2256 3827 2418 3886 atque
2455 3817 2666 3883 ordine,
2707 3829 2765 3870 ut
2803 3819 2954 3872 aiunt
2989 3820 3315 3888 (accepimus
3365 3821 3510 3875 enim

1942 3911 2140 3979 ipsum,
2173 3909 2366 3975 inquit,
2394 3909 2610 3961 tertium
2640 3924 2669 3962 a
2706 3909 2864 3964 Patre
2894 3921 2948 3965 et
2970 3910 3104 3966 Filio
3131 3922 3507 3976 numeratum;

1942 4017 2061 4055 cum
2099 4001 2354 4056 Dominus
2379 4003 2491 4070 ipse
2525 4002 2576 4055 in
2610 4003 2896 4057 traditione
2925 4003 3179 4058 salutaris
3207 4005 3509 4070 baptisma-

1947 4096 2016 4147 tis
2052 4093 2334 4148 tradiderit
2361 4093 2632 4157 ordinem,
2657 4093 2742 4146 bis
2772 4094 2948 4146 verbis
2976 4110 2989 4146 :
3023 4092 3217 4147 Euntes
3247 4094 3511 4161 baptizate

1943 4188 1996 4239 in
2033 4186 2240 4240 nomine
2270 4185 2470 4250 Patris,
2503 4196 2550 4239 et
2593 4184 2745 4252 Filii,
2778 4195 2827 4240 et
2859 4185 3084 4255 Spiritus
3132 4185 3418 4255 sancti");
3453 4195 3510 4237 at

1944 4279 1998 4332 in
2029 4278 2315 4346 quamdam
2345 4285 2593 4331 naturam
2643 4279 2856 4332 tertiam
2886 4293 2914 4332 a
2947 4278 3086 4335 Filio
3117 4288 3168 4334 et
3195 4278 3360 4334 Patre
3392 4279 3511 4347 eje-

2806 4437 2827 4468 ⁸
2858 4436 2992 4490 Dan.
3027 4453 3082 4500 χ,
3118 4437 3202 4490 i5.
3304 4434 3348 4466 ¹⁰
3381 4434 3507 4492 ibid.

1870 4699 1912 4753 D
1945 4693 2172 4748 aberant
2222 4709 2355 4749 vero
2404 4709 2432 4747 a
2478 4693 2618 4747 libro
2668 4693 3001 4753 Latinorum,
3057 4689 3510 4759 quemadmodum

1949 4780 2090 4817 mmc
2114 4766 2308 4817 absunt
2333 4781 2361 4818 a
2396 4764 2529 4833 Reg.
2567 4763 2820 4818 secundo.
2855 4761 3067 4833 Eaedem
3101 4775 3281 4833 voces,
3319 4759 3395 4823 ὡς
3421 4759 3512 4812 λέ-

1946 4849 2125 4900 γουσι,
2154 4843 2209 4887 ut
2235 4836 2406 4897 aiunt,
2433 4831 2778 4887 inveniuntur
2804 4831 3022 4899 quidem
3058 4832 3109 4884 in
3146 4831 3277 4898 Reg.
3315 4840 3504 4884 sexto:

1949 4907 2043 4957 sed
2080 4905 2249 4959 solum
2287 4906 2519 4960 secunda
2558 4917 2735 4953 manu.
2763 4901 2964 4956 Vocula
2990 4900 3065 4964 ῶς
3088 4902 3140 4955 in
3173 4901 3304 4970 Reg.
3341 4900 3512 4970 primo

1949 4974 2097 5027 deest
2122 4993 2135 5028 :
2161 4977 2252 5029 Sed
2280 4977 2495 5027 verbum
2525 4971 2742 5040 λέγουσι
2774 4987 2838 5027 eo
2866 4974 2917 5026 in
2945 4974 3135 5024 codice
3173 4967 3385 5036 legitur.
3416 4967 3512 5022 Su-

1945 5047 2139 5112 spicari
2198 5043 2424 5096 fortasse
2472 5045 2640 5107 possit
2674 5045 2937 5112 quiSpiam
2997 5041 3376 5112 Combel‘tsium
3430 5040 3508 5093 le-

1944 5110 2174 5167 ctionem
2210 5113 2328 5165 libri
2385 5110 2704 5166 Graecorum
2734 5110 2973 5166 seeutum
3023 5125 3165 5164 esse.
3215 5110 3509 5180 Postquam

1941 5184 2082 5235 enim
2123 5183 2230 5247 illa,
2261 5182 2687 5258 Παρειλήφαμεν
2717 5183 2846 5251 γάρ,
2892 5192 3025 5258 etc_.,
3058 5182 3510 5258 sic_interp_reta-

1945 5261 2029 5306 tus
2074 5267 2174 5317 est,
2219 5252 2514 5321 accepimus
2547 5258 2681 5304 enim
2719 5270 2834 5304 eum
2871 5254 3104 5317 tertium,
3147 5254 3261 5306 btet:
3296 5252 3361 5304 ad
3391 5252 3511 5321 ejus

1941 5321 2044 5376 loci
2082 5340 2295 5378 sensum
2339 5317 2720 5377 declarandum
2753 5321 3029 5390 subjungit
3065 5321 3235 5373 :Dato
3268 5323 3362 5372 hoc
3398 5317 3510 5372 Ba-

1935 5395 2087 5449 silius
2118 5394 2398 5457 Eunomio,
2430 5403 2578 5459 negat
2626 5391 2858 5457 illatum,
2890 5408 2992 5444 non
3023 5408 3132 5444 esse
3163 5391 3396 5458 ejusdem
3441 5404 3508 5443 ac

265 5475 364 5522 gas
401 5460 553 5530 velim
600 5461 880 5530 sessiones
937 5460 1019 5517 19,
1053 5461 1144 5523 20,
1176 5457 1381 5523 2i,22,
1424 5457 1517 5530 25,
1565 5473 1657 5514 aut
1689 5472 1833 5516 certe
1936 5461 2103 5518 Pater
2127 5477 2350 5518 naturw.
2393 5457 2505 5516 Non
2561 5463 2704 5517 enim
2756 5466 2796 5517 si
2843 5463 2970 5530 quid
3011 5457 3222 5525 damus,
3260 5459 3509 5530 sequitur

265 5531 491 5595 paginas
517 5529 621 5598 5170
649 5540 696 5583 et
746 5530 871 5594 5M,
899 5546 960 5584 ex
994 5532 1189 5596 quibus
1217 5532 1342 5598 quid
1375 5529 1658 5584 dili‘errent
1689 5534 1828 5584 ulri-

1935 5545 1992 5586 ut
2019 5535 2068 5588 id
2101 5537 2264 5588 etiam
2299 5535 2681 5595 concedamus,
2711 5543 2802 5586 aut
2841 5529 3221 5586 conﬁteantur.
3270 5529 3507 5582 Basilius

264 5616 373 5666 que
403 5599 519 5674 libri
561 5597 869 5674 Graecorum
898 5611 951 5654 et
1003 5597 1313 5674 Latinorum
1348 5600 1478 5653 disci
1506 5611 1702 5674 potest.
1738 5602 1828 5654 Ha:
1930 5617 2059 5674 ergo
2087 5608 2186 5658 hoc
2219 5607 2345 5657 dare
2375 5605 2637 5671 potuisset
2688 5602 3062 5664 Eunomianis,
3113 5601 3361 5674 tertium“
3383 5613 3505 5674 esse

269 5684 448 5731 voces,
477 5669 551 5732 ὡς
595 5669 833 5739 λέγουσι,
865 5682 921 5723 ιιι
955 5673 1018 5722 ad
1048 5673 1378 5739 propositum
1427 5686 1510 5723 me
1570 5672 1822 5734 referam,

267 5741 679 5808 reperiebantur
703 5743 754 5794 in
793 5741 930 5793 libro
961 5741 1310 5802 Graecorum;
1347 5739 1608 5808 hodieque
1634 5740 1822 5808 legun-

268 5818 358 5860 tur
385 5807 436 5858 in
480 5810 658 5879 Regiis
685 5813 864 5873 tertio,
898 5822 1094 5875 quarto
1140 5819 1192 5879 et
1221 5816 1409 5879 quinto
1459 5807 1528 5862 et
1558 5810 1608 5862 in
1666 5807 1817 5863 Colb.

267 5879 490 5949 perinde
519 5878 678 5951 atque
705 5882 757 5935 in
797 5882 1120 5938 editionibns
1151 5878 1354 5936 Veneta
1385 5889 1438 5936 et
1473 5879 1765 5936 Parisiensi
1801 5900 1814 5936 :

1932 5669 2215 5741 Spiritum,
2249 5684 2302 5727 et
2329 5669 2507 5728 tamen
2537 5674 2587 5727 id
2613 5689 2718 5726 non
2743 5674 3058 5734 concedere,
3094 5685 3194 5725 nec
3228 5669 3500 5741 conﬁteri.

1930 5737 2058 5798 Utut
2110 5737 2224 5799 haec
2255 5755 2401 5809 sunt,
2478 5759 2581 5798 non
2636 5745 2793 5798 aliter
2820 5742 2992 5800 Grazci
3031 5756 3196 5813 quam
3231 5737 3502 5797 Combeﬂ-

1927 5815 2038 5872 sius
2081 5816 2222 5871 buuc
2258 5814 2436 5872 locum
2466 5813 2802 5872 intellexere.
