4008 6510
421 406 528 461 659

1735 395 1791 452 S.
1831 387 2073 446 BASILII
2115 389 2326 446 MAGNI

3555 384 3675 441 660

421 538 570 578 ctum
602 535 724 577 eum
755 520 917 574 fuisse
940 531 1204 586 nusquam
1238 514 1544 570 didicimus.
1574 514 1707 568 Nam
1748 529 1868 568 cum
1902 526 1986 564 res

2130 526 2177 560 ιν
2209 511 2329 562 τινὰ
2363 511 2550 581 τρίτην
2571 510 2678 562 ἀπὸ
2713 507 2841 560 Υἱοῦ
2874 508 2965 560 καὶ
2998 507 3209 577 Πατρὸς
3241 505 3673 575 ἐκϐαλλόμενον,

426 616 546 668 duae
573 613 841 675 dicantur,
872 609 1047 664 deitas
1072 617 1125 662 et
1152 613 1423 671 creatura,
1463 605 1760 659 dominium
1792 613 1844 658 et
1868 618 1981 657 ser-

425 707 591 764 vitus,
639 699 878 768 polentia
933 696 1301 759 sanctificans,
1351 704 1405 749 et
1441 710 1559 764 quae
1598 693 1983 756 sanetilicatur,

427 791 667 860 potentia
700 789 984 860 possidens
1030 797 1222 854 suapte
1249 795 1441 840 natura
1482 787 1758 846 virtutem,
1787 795 1840 837 et
1865 799 1983 853 quae

426 898 545 938 eam
592 899 660 937 ex
695 880 918 934 arbitrio
943 889 1258 948 comparat;
1289 893 1393 946 qua
1431 877 1484 930 in
1524 886 1680 946 parte
1731 875 1988 943 Spiritum

2085 599 2322 670 οὐδαμοῦ
2357 600 2769 671 μεμαθήκαμεν.
2796 600 2900 650 Δύο
2928 597 3036 668 γὰρ
3063 597 3366 668 λεγομένων
3401 597 3675 668 πραγμά-

2085 710 2214 754 των,
2253 691 2503 762 θεότητός
2543 710 2603 745 τε
2649 693 2742 744 καὶ
2785 691 2896 761 (9|)
2931 691 3178 753 κτίσεως,
3227 691 3319 743 καὶ
3349 689 3678 750 δεσποτείας

2089 786 2184 838 καὶ
2211 786 2476 848 δουλείας,
2499 786 2591 838 καὶ
2613 784 2935 853 ἁγιαστικῆς
2960 783 3258 852 δυνάμεως,
3281 783 3490 852 καὶτῆς
3509 785 3677 850 ἀγια-

2090 879 2344 952 ζομένης,
2376 879 2475 949 τῆς
2516 895 2574 930 τε
2603 879 2665 929 ἐκ
2699 877 2911 946 φύσεως
2938 875 3165 946 ἐχούσης
3197 874 3293 945 τὴν
3327 875 3525 945 ἀρετὴν
3573 875 3676 928 καὶ

424 972 760 1028 locabimus?
801 967 947 1024 Inter
1001 984 1094 1024 eos
1146 969 1236 1038 qui
1289 967 1733 1023 sanetilicantur?
1768 976 1824 1020 at
1880 967 1993 1035 ipse

2125 973 2189 1042 ἧς
2222 973 2285 1024 ἐκ
2311 971 2681 1042 προαιρέσεως
2709 968 3098 1040 κατορθούσης,
3151 970 3208 1020 ἐν
3233 967 3360 1037 ποία
3398 967 3573 1037 μερίδι
3609 965 3674 1018 τδ

426 1072 510 1118 εει
565 1061 942 1116 sanctiﬁcatio.
999 1062 1081 1115 An
1137 1061 1278 1114 inter
1335 1074 1428 1114 eos
1493 1059 1584 1127 qui
1624 1057 1900 1129 praeclaris
1932 1073 1995 1112 ac

428 1154 661 1225 egregiis
692 1153 1026 1208 facinoribus
1074 1152 1327 1206 virtutem
1377 1151 1557 1221 adepti
1599 1151 1762 1207 sunt?
1801 1157 1855 1204 at
1903 1150 1997 1204 bo-

427 1262 530 1300 nus
575 1255 766 1300 natura
814 1254 918 1300 est.
956 1244 1037 1298 An
1093 1245 1237 1299 inter
1262 1259 1358 1299 eos
1407 1245 1499 1313 qui
1557 1242 1912 1298 ministrant?
1946 1250 1999 1295 at

431 1337 521 1392 alii
559 1348 688 1392 sunt
717 1336 940 1404 spiritus
970 1335 1371 1402 ministratorii,
1407 1334 1498 1404 qui
1540 1335 1605 1388 ad
1638 1334 1996 1388 ministerium

431 1429 719 1482 mittuntur
743 1428 804 1480 “.
846 1425 960 1480 Non
1011 1440 1140 1494 ergo
1178 1425 1530 1494 principalem
1581 1434 1773 1479 natura
1821 1423 1997 1492 Spiri-

436 1527 571 1583 tum,
603 1516 681 1570 fas
722 1525 806 1571 est
847 1515 1005 1570 nobis
1055 1530 1376 1570 conservum
1432 1516 1637 1580 dicere,
1685 1531 1860 1585 neque
1892 1531 1999 1569 una

434 1604 556 1664 cum
617 1608 880 1663 creaturis
933 1622 1219 1662 numerare
1271 1623 1418 1674 eum,
1457 1609 1550 1677 qui
1607 1609 1659 1663 in
1733 1607 1912 1662 divina
1949 1615 2002 1660 et

432 1701 591 1755 beata
607 1698 871 1755 Trinitate
899 1699 1100 1769 pariter
1125 1699 1289 1771 274
1306 1710 1637 1756 numeratur.
1665 1699 2003 1768 Principatus

435 1791 580 1845 enim
607 1801 660 1846 et
696 1799 1014 1860 potestates,
1052 1804 1116 1843 ac
1152 1789 1373 1856 reliquae
1407 1787 1670 1858 ejusmodi
1716 1794 1999 1850 creaturae,

2095 1063 2316 1134 Πνεῦμα
2340 1063 2612 1133 τάξομεν;
2654 1064 2738 1115 Ἐν
2776 1065 2889 1124 τοῖς
2944 1058 3355 1130 ἀγιαζομένοις;
3388 1056 3502 1109 ἀλλ’
3536 1057 3677 1109 αὑτό

2097 1159 2241 1209 ἐστιν
2280 1156 2566 1226 ἀγιασμός.
2637 1154 2773 1208 Ἀλλ’
2821 1155 2877 1205 ὲν
2913 1154 3021 1214 τοῖς
3069 1149 3128 1216 ἐξ
3167 1148 3678 1220 ἀνδραγαθημάτων

2096 1249 2193 1318 τὴν
2246 1247 2444 1318 ἀρετὴν
2487 1246 2826 1317 κτωμένοις;
2867 1243 3001 1298 ἀλλά
3047 1241 3205 1311 φύσει
3267 1239 3413 1292 ἐστὶν
3445 1237 3677 1308 ἀγαθόν.

2111 1339 2249 1391 Ἀλλ’
2274 1341 2331 1392 ἐν
2357 1343 2470 1403 τοῖς
2489 1339 2910 1409 λειτουργικοῖς;
2939 1335 3051 1388 ἀλλ’
3073 1333 3238 1404 ἕτερά
3266 1333 3372 1384 εἱσι
3425 1331 3676 1400 λειτουρ-

2098 1428 2230 1496 γικά
2269 1431 2551 1499 πνεύματα
2596 1429 2730 1498 πρὸς
2766 1425 3038 1479 διακονίαν
3091 1421 3550 1491 ἀποστελλόμενα.
3599 1420 3676 1471 Οὐ

2099 1521 2277 1575 τοίνυν
2310 1520 2589 1589 ὁμόδουλον
2637 1521 2768 1590 ἡμῖν
2800 1517 2977 1584 λέγειν
3015 1515 3146 1567 αὐτὸ
3181 1513 3420 1584 θεμιτὸν,
3451 1513 3513 1564 τὸ
3541 1513 3680 1581 ἡγε-

2104 1611 2321 1686 μονικὸν
2351 1614 2417 1681 τῇ
2449 1611 2626 1680 φύσει,
2655 1610 2778 1664 οὗτε
2806 1613 2871 1680 τῇ
2900 1608 3074 1662 κτίσει
3109 1607 3481 1679 συναριθμεῖν,
3514 1605 3578 1657 τὸ
3608 1607 3678 1672 τῇ

2102 1707 2221 1777 θείᾳ
2244 1706 2339 1758 καὶ
2364 1704 2611 1775 μακαρίᾳ
2641 1703 2830 1773 Τριάδι
2859 1699 3350 1771 συναριθμούμενον
3380 1697 3512 1768 (92).
3556 1698 3687 1766 ’Δρο

2102 1797 2194 1866 χαὶ
2225 1796 2321 1865 μὲν
2350 1793 2477 1865 γὰρ,
2506 1793 2599 1845 καὶ
2637 1793 2894 1859 ἐξουσίαι,
2929 1789 3025 1844 καὶ
3059 1789 3205 1841 πᾶσα
3239 1792 3272 1859 ὴ
3305 1788 3528 1856 τοιαύτη
3563 1787 3685 1839 κτί-

437 1898 556 1950 quae
606 1897 673 1936 ex
731 1881 1033 1935 attentione
1067 1895 1131 1933 ac
1183 1878 1364 1933 studio
1395 1877 1876 1933 sanctificationem
1908 1880 2003 1932 ha-

2125 1863 2303 1953 i199):
2335 1863 2607 1959 προσοχῆς
2637 1884 2730 1937 καὶ
2760 1883 3073 1954 ἐπιμελείας
3098 1880 3187 1933 τὸν
3220 1878 3490 1950 ἀγιασμὸν
3529 1879 3689 1947 ἔχου-

440 1975 588 2038 Ιιεηι,
614 1972 715 2027 dici
750 1982 940 2027 natura
972 1979 1171 2025 sanctze
1194 1969 1315 2039 jure
1347 1985 1450 2024 non
1482 1978 1729 2039 possunt.
1762 1970 1836 2023 lta
1865 1970 2004 2023 enim

438 2064 638 2116 bonum
673 2070 953 2132 appetunt,
997 2070 1054 2115 ut
1104 2075 1202 2131 pro
1245 2061 1455 2116 ratione
1501 2062 1702 2115 amoris
1748 2061 1800 2115 in
1835 2060 2004 2114 Deum

439 2156 546 2218 sui,
577 2154 885 2210 sanctitatis
930 2166 1239 2209 mensuram
1278 2153 1569 2224 accipiant.
1602 2153 1667 2207 Et
1700 2153 1858 2207 sicuti
1903 2152 2012 2205 fer-

441 2260 560 2296 rum
612 2243 666 2297 in
725 2244 899 2298 medio
939 2244 1061 2313 igne
1102 2247 1359 2314 positum,
1401 2245 1606 2300 ferrum
1644 2245 1860 2313 quidem
1893 2260 2011 2299 esse

442 2350 550 2389 nou
606 2333 824 2399 desinit,
879 2335 972 2390 sed
1038 2336 1106 2391 ob
1161 2336 1692 2391 vehementissimam
1729 2351 1850 2390 eum
1887 2337 2009 2405 igne

442 2426 879 2496 coniunctionem
934 2427 1163 2498 ignitum
1211 2428 1433 2492 factum,
1491 2441 1816 2493 omnemque
1870 2426 2009 2496 ignis

447 2526 695 2569 naturam
748 2515 803 2568 in
857 2531 916 2569 se
952 2517 1128 2584 ipsum
1165 2516 1452 2584 recipiens,
1490 2523 1600 2568 tum
1663 2515 1865 2579 colore,
1902 2526 2011 2567 tum

446 2603 682 2659 efﬁcacia
714 2604 764 2658 in
805 2604 980 2674 ignem
1014 2607 1204 2661 transit
1230 2621 1244 2659 :
1270 2607 1348 2661 sic
1373 2615 1428 2660 et
1465 2616 1667 2661 sancta:
1712 2613 2015 2676 potestates

447 2713 512 2751 ex
547 2697 1034 2752 communicatione
1064 2712 1222 2767 quam
1248 2699 1446 2752 habent
1478 2713 1599 2753 cum
1632 2711 1696 2752 eo
1731 2697 1821 2766 qui
1858 2706 2015 2752 natu-

448 2805 508 2843 ra
548 2797 768 2844 sanctus
796 2799 897 2858 est,
927 2790 1191 2860 ejusmodi
1221 2789 1640 2844 sanctimoniam
1672 2788 1869 2842 habent
1900 2803 2017 2857 quae

443 2881 555 2948 jam
606 2882 904 2950 pervaserit
963 2897 1059 2951 per
1112 2890 1277 2936 totam
1327 2896 1512 2935 earum
1553 2881 1928 2947 substantiam,
1962 2880 2015 2934 in

452 2987 628 3038 eaque
664 2971 951 3025 coaluerit.
982 2971 1115 3039 Ipsa:
1151 2979 1326 3024 autem
1367 2970 1418 3023 in
1441 2984 1504 3024 eo
1537 2984 1564 3023 a
1599 2978 1786 3023 sancto
1816 2968 2016 3037 Spiritu

453 3061 733 3128 differunt,
793 3061 936 3130 quod
996 3061 1154 3130 hujus
1211 3070 1402 3114 natura
1455 3062 1716 3116 sanctitas
1753 3069 1838 3116 est
1869 3079 1882 3114 :
1915 3061 2020 3115 illis

454 3168 584 3210 vero
617 3170 684 3210 ex
719 3152 1130 3225 participatione
1190 3152 1331 3206 inest
1390 3153 1773 3208 sanctimonia.
1811 3153 2020 3218 Quibus

456 3254 637 3300 autem
671 3245 812 3299 inest
833 3244 1033 3298 bonum
1067 3240 1486 3297 instauratitium
1518 3249 1572 3293 et
1602 3239 1817 3292 aliunde
1852 3239 2018 3292 colla-

459 3347 594 3400 tum,
627 3350 688 3390 ea
722 3345 844 3389 sunt
870 3335 1144 3389 mutabilis
1179 3345 1400 3388 naturae.
1451 3331 1568 3387 Non
1612 3332 1755 3388 enim
1794 3331 2026 3388 excidis-

459 3435 544 3480 set
564 3425 799 3489 Lucifer,
829 3427 919 3493 qui
952 3441 1109 3479 mane
1162 3428 1333 3480 oritur
1356 3427 1419 3493 ¹⁷,
1455 3441 1554 3480 nec
1602 3434 1744 3480 esset
1791 3425 1842 3479 in
1885 3433 2024 3479 terra

463 3516 750 3580 contritus,
793 3515 839 3570 si
881 3515 1164 3569 deterioris
1221 3516 1543 3570 conditionis
1574 3515 1893 3584 recipiendae
1919 3532 2024 3570 non

463 3608 657 3663 fuisset
687 3623 857 3677 capax
897 3614 1110 3660 natura.
1158 3603 1437 3671 Quomodo
1474 3606 1638 3675 igitur
1671 3608 1813 3675 pium
1840 3618 1921 3663 est
1948 3609 2028 3662 in-

466 3706 546 3751 ter
592 3704 866 3751 creaturas
916 3695 1176 3765 Spiritum
1237 3694 1524 3758 collocare,
1586 3698 1675 3764 qui
1741 3701 2024 3754 intervallo

466 3798 617 3841 tanto
649 3804 678 3841 a
707 3788 976 3842 creaturis
1011 3798 1296 3857 separatus
1329 3788 1448 3843 est?
1486 3788 1745 3843 Creatura
1776 3791 1920 3844 enim
1956 3792 2028 3845 ita

465 3889 775 3948 comparata
807 3890 908 3942 est,
952 3891 1008 3932 ut
1041 3881 1084 3934 si
1126 3895 1472 3949 progressum
1533 3880 1765 3949 aliquem
1820 3881 2030 3949 fecerit,

468 3971 836 4041 placueritque
891 3971 1019 4034 Deo,
1073 3985 1169 4040 pro
1236 3974 1486 4024 mercede
1550 3974 2031 4030 sanctificationem

471 4062 725 4131 accipiat,
762 4062 1193 4132 quandoquidem
1248 4061 1415 4116 libero
1457 4061 1624 4114 utitur
1657 4062 1900 4127 arbitrio,
1936 4080 2032 4135 po-

474 4162 684 4220 testque
715 4152 766 4204 in
799 4162 1081 4222 utramque
1123 4161 1333 4220 partem
1380 4149 1653 4216 inclinari,
1693 4151 1760 4203 ad
1800 4150 1927 4204 boni
1976 4169 2038 4206 ac

476 4242 602 4296 mali
646 4245 996 4312 electionem;
1035 4245 1269 4316 Spiritus
1304 4254 1482 4299 autem
1535 4252 1756 4298 sanctus
1801 4242 1920 4298 fons
1958 4255 2040 4298 est

471 4334 932 4390 sanctiﬁcationis.
988 4336 1054 4390 Et
1081 4336 1531 4405 quemadmodum
1580 4344 1770 4389 natura
1818 4344 2039 4390 sanctus

471 4440 556 4481 est
587 4424 768 4492 Pater,
795 4436 985 4480 natura
1021 4428 1203 4482 itidem
1228 4435 1446 4483 sanctus
1475 4438 1557 4482 est
1581 4427 1747 4482 Filius
1775 4429 1884 4482 :ita
1911 4443 2040 4498 quo-

2109 1997 2217 2044 σαι,
2243 1981 2344 2032 ούκ
2367 1979 2432 2032 ἂν
2465 1976 2687 2038 είκότως
2713 1974 2870 2043 φύσει
2901 1974 3052 2041 ἆγιαι
3077 1968 3211 2024 εἶναι
3239 1969 3497 2036 λέγοιντο.
3553 1968 3690 2019 Ἐπ-

2107 2072 2424 2142 ορεγόμεναι
2464 2069 2571 2139 γὰρ
2604 2066 2698 2119 τοῦ
2731 2063 2918 2128 καλοῦ,
2959 2064 3098 2118 κατά
3137 2061 3233 2133 τὴν
3270 2061 3555 2128 ἀναλογίαν
3583 2059 3690 2128 τῆς

2111 2167 2244 2233 πρὸς
2275 2167 2365 2218 τὸν
2391 2164 2520 2216 Θεὸν
2557 2162 2795 2229 ἀγάπης,
2832 2158 2926 2211 καὶ
2960 2155 3054 2208 τοῦ
3083 2155 3280 2226 μέτρου
3310 2151 3406 2221 τῆς
3441 2149 3688 2218 ἁγιωσύ-

2112 2269 2206 2321 νης
2241 2251 2732 2322 μεταλαμϐάνουσι.
2766 2247 2875 2300 Καὶ
2907 2246 3096 2313 ὥσπερ
3119 2245 3147 2294 ὁ
3182 2242 3420 2312 σίδηρος,
3452 2243 3508 2292 ἐν
3535 2240 3694 2309 μέσῳ

2111 2342 2188 2412 τῷ
2224 2344 2355 2412 πυρὶ
2390 2344 2658 2413 κείμενος,
2692 2340 2752 2393 τὸ
2802 2339 2898 2409 μὲν
2933 2336 3146 2406 σίδηρος
3177 2329 3315 2386 εἶναι
3352 2333 3452 2384 οὐκ
3484 2332 3688 2384 ἀποϐέ-

2115 2434 2303 2504 ϐληκε,
2332 2436 2398 2502 τῇ
2435 2433 2490 2484 δὲ
2522 2432 2856 2503 σφοδροτάτῃ
2882 2429 3019 2499 πρὸς
3044 2427 3104 2480 τὸ
3133 2424 3242 2497 πῦρ
3269 2423 3453 2494 ὁμιλίᾳ
3480 2425 3690 2496 ἐκπυρ-

2115 2522 2399 2584 ακτωθεὶς,
2432 2522 2523 2574 καὶ
2551 2524 2728 2576 πᾶσαν
2766 2523 2844 2583 εἰς
2877 2519 3064 2574 ἐαυτὸν
3091 2517 3187 2589 τὴν
3246 2514 3340 2568 τοῦ
3384 2514 3554 2586 πυρὸς
3589 2516 3692 2582 φύ-

2117 2633 2200 2668 σιν
2232 2610 2645 2679 ὑποδεξάμενος,
2681 2611 2774 2662 καὶ
2810 2609 3061 2680 χρώματι
3089 2608 3183 2660 καὶ
3213 2606 3434 2677 ἐνεργία
3462 2605 3598 2675 πρὸς
3632 2605 3695 2656 τὸ

2116 2704 2228 2776 πῦρ
2257 2700 2628 2775 μεταϐέϐηκεν
2646 2714 2658 2726 ·
2690 2699 2830 2751 οὕτω
2856 2700 2948 2752 καὶ
2974 2701 3029 2751 αἱ
3055 2700 3205 2767 ἆγιαι
3226 2697 3486 2768 δυνάμεις
3510 2698 3572 2748 ἐκ
3595 2696 3697 2765 τῆς

2116 2797 2253 2870 πρὸς
2286 2795 2345 2848 τὸ
2376 2793 2533 2864 φύσει
2573 2791 2725 2858 ἅγιον
2762 2790 3045 2850 κοινωνίας
3088 2789 3150 2840 δι’
3180 2789 3309 2858 ὅλης
3349 2789 3448 2858 τῆς
3483 2786 3696 2840 ἑαυτῶν

2118 2889 2469 2950 ὑποστάσεως
2511 2880 2863 2955 κεχωρηκότα
2891 2880 2994 2949 ἤδη
3042 2879 3136 2930 καὶ
3173 2879 3699 2948 συμπεφυσιωμένον

2117 2984 2207 3036 τὸν
2268 2979 2534 3050 ἀγιασμὺν
2589 2976 2789 3047 ἔχουσι.
2845 2969 3088 3039 Διαφορὰ
3138 2968 3194 3020 δὲ
3246 2968 3435 3029 αὑταῖς
3462 2969 3596 3037 πρὸς
3638 2968 3701 3019 τδ

2120 3073 2345 3144 Πνεῦμα
2391 3071 2452 3124 τὸ
2485 3070 2638 3138 ἆγιον
2671 3067 2829 3136 αῦτη,
2862 3065 2943 3118 ὅτι
2979 3061 3057 3133 τῷ
3088 3061 3186 3133 μέν
3214 3058 3375 3129 φύσις
3403 3059 3436 3126 ἡ
3464 3058 3702 3124 ἁγιωσύ-

2122 3183 2208 3234 νη,
2249 3165 2366 3226 ταῖς
2418 3162 2473 3214 δέ
2518 3163 2581 3213 ὲκ
2623 3157 2908 3229 μετουσίας
2951 3154 3185 3224 ὑπάρχει
3227 3150 3287 3203 τὸ
3335 3145 3696 3218 ἁγιάζεσθαι.

2125 3251 2218 3317 Οἷς
2242 3255 2299 3306 δὲ
2330 3251 2718 3306 ἐπισκευαστὸν
2753 3249 2845 3301 καὶ
2887 3245 3149 3315 ἑτέρωθεν
3180 3241 3552 3311 ἐπιδεδομένον
3593 3240 3705 3291 ύπ·

2127 3346 2281 3416 άρχει
2336 3342 2398 3394 τὸ
2458 3340 2678 3407 ἀγαθὸν,
2736 3339 2835 3407 τῆς
2895 3335 3248 3408 μεταπτωτῆς
3307 3335 3414 3385 είσι
3464 3330 3702 3400 φύσεως.

2127 3437 2199 3490 Ού
2234 3434 2341 3505 γὰρ
2363 3431 2426 3485 ἂν
2455 3430 2710 3495 ἐξέπεσεν
2751 3431 2779 3481 ὁ
2821 3428 3127 3497 Ἐωσφόρος
3165 3429 3193 3479 6
3229 3424 3375 3496 πρωῒ
3419 3424 3531 3495 (9³5)
3569 3425 3702 3476 ἀνα-

2126 3529 2347 3595 τέλλων,
2375 3524 2498 3578 οὕτε
2530 3520 2815 3591 συνετρίϐη
2847 3521 2936 3571 ἐπὶ
2967 3520 3062 3588 τῆς
3099 3520 3221 3589 γῆς,
3260 3519 3308 3570 εί
3342 3517 3497 3585 φύσει
3525 3515 3709 3584 ὑπῆρ-

2130 3640 2190 3695 χε
2243 3620 2336 3674 τοῦ
2385 3617 2623 3690 χείρονος
2673 3611 3040 3671 ἀνεπίδεκτος.
3085 3610 3208 3672 Πῶς
3249 3605 3341 3661 οὖν
3382 3607 3599 3668 εὐσεϐὲς
3638 3609 3704 3674 τῇ

2131 3715 2303 3768 κτίσει
2327 3710 2456 3764 αὐτὸ
2482 3706 2812 3768 συντάττειν,
2859 3698 3095 3768 τοσούτῳ
3131 3698 3310 3767 μέτρῳ
3352 3696 3709 3766 διωρισμένον

2132 3803 2228 3872 τῆς
2256 3803 2482 3863 κτίσεως
2508 3817 2521 3864 ;
2567 3798 2630 3850 ’Π
2655 3795 2752 3866 μὲν
2778 3791 2885 3861 γὰρ
2917 3789 3091 3852 κτίσις
3117 3787 3356 3864 πέφυκεν
3384 3780 3542 3836 ἆθλον
3572 3801 3707 3855 προ-

2135 3892 2308 3961 κοπῆς
2360 3891 2452 3942 καὶ
2504 3889 2599 3958 τῆς
2644 3886 2777 3956 πρὸς
2826 3882 2957 3936 Θεὸν
2993 3879 3400 3952 εὐαρεστήσεως
3436 3875 3524 3928 τὸν
3549 3876 3708 3944 ἁγια-

2137 3983 2270 4054 σμὸν
2297 3980 2514 4050 ἔχουσα,
2541 3977 2696 4046 φύσει
2728 3976 2783 4027 δὲ
2818 3975 2926 4046 (94)
2953 3972 3210 4044 χρωμένη
3242 3967 3588 4038 αύτεξουσίῳ,
3617 3970 3712 4021 καί

2139 4073 2499 4144 μεταρρέπειν
2566 4069 2648 4136 ἐφ’
2707 4067 2942 4134 ἐκάτερα
2997 4063 3300 4131 δυναμένη,
3358 4060 3492 4130 πρὸς
3561 4059 3714 4112 ἐκλο-

2137 4167 2238 4234 γὴν
2292 4162 2386 4214 τοῦ
2437 4160 2640 4229 ἀγαθοῦ
2699 4159 2793 4210 καὶ
2854 4155 2945 4206 τοῦ
2981 4155 3249 4222 χείρονος·
3286 4153 3346 4203 τὸ
3384 4152 3439 4202 δὲ
3490 4151 3715 4220 Πνεῦμα

2139 4257 2200 4307 τὸ
2237 4255 2387 4321 ἆγιον
2425 4250 2572 4319 πηγὴ
2607 4245 2899 4316 ἀγιασμοῦ.
2942 4243 3049 4295 Καὶ
3077 4243 3262 4312 ὥσπερ
3297 4242 3454 4310 φύσει
3491 4241 3645 4308 ἅγιος
3687 4245 3716 4295 6

2142 4345 2346 4416 Πατὴρ,
2404 4343 2499 4398 καὶ
2545 4340 2701 4410 φύσει
2744 4339 2896 4406 ἆγιος
2941 4337 2968 4388 ὁ
2999 4335 3144 4399 Υἱὸς,
3192 4334 3332 4387 οὕτω
3362 4332 3518 4404 φύσει
3560 4333 3714 4402 ἆγιον

2143 4441 2236 4494 καὶ
2299 4437 2357 4491 τὸ
2403 4433 2625 4504 Πνεῦμα
2673 4431 2733 4484 τὸ
2795 4430 2892 4501 τῆς
2938 4427 3232 4500 ἀληθείας·
3287 4427 3366 4480 διὸ
3424 4426 3516 4479 καὶ
3569 4425 3715 4490 ἐξαι-

474 4534 578 4586 que
627 4517 859 4588 Spiritus
895 4518 984 4572 ille
1031 4518 1271 4573 veritatis
1311 4529 1502 4573 natura
1556 4528 1773 4573 sanctus
1800 4529 1919 4585 est;
1968 4520 2016 4573 ol

2148 4532 2302 4603 ρέτου
2358 4529 2452 4582 καὶ
2495 4527 2799 4594 ίδιαξούσης
2853 4523 2951 4593 τῆς
3006 4520 3098 4574 τοῦ
3137 4521 3290 4588 ἁγίου
3351 4520 3717 4589 προσηγορίας

476 4612 638 4681 idque
670 4616 902 4666 donatus
927 4621 1010 4666 est
1044 4612 1205 4665 etiam
1234 4612 1405 4666 sancti
1456 4610 1832 4680 appellatione,
1870 4627 2039 4680 eaque

475 4704 728 4773 peculiari
766 4719 827 4757 ac
861 4704 1094 4774 propria.

550 4791 602 4845 3.
645 4791 847 4862 Itaque,
882 4793 924 4847 si
974 4792 1235 4847 sanctitas
1268 4792 1316 4845 ei
1352 4802 1542 4845 natura
1573 4797 1678 4854 est,
1706 4790 1862 4844 sicuti
1893 4790 2036 4845 Patri

477 4895 529 4940 et
560 4882 720 4951 Filio,
751 4889 1019 4953 quomodo
1047 4887 1222 4938 tertiae
1263 4899 1326 4938 ac
1355 4883 1542 4938 aliena
1576 4889 1780 4936 natura:
1811 4881 1932 4937 est?
1959 4881 2039 4937 Ob

556 5024 603 5054 ¹⁶
633 5021 800 5078 Hebr.
833 5037 871 5087 ι,
903 5022 988 5076 14.
1071 5023 1111 5054 ¹⁷
1141 5023 1243 5078 lsa.
1276 5038 1387 5086 xuv,
1427 5020 1512 5075 12.

563 5177 919 5251 (91)Antiqui
969 5188 1081 5251 tres
1134 5180 1257 5234 libri
1288 5179 1539 5249 θεότητός
1591 5196 1650 5231 τε
1709 5178 1820 5232 καί.
1854 5178 2053 5235 Vocula

484 5268 544 5302 τε
575 5249 722 5303 deest
755 5251 805 5302 in
832 5249 1084 5317 vulgatis.

558 5321 669 5452 με)
701 5321 924 5373 Codices
956 5318 1061 5371 duo
1086 5317 1564 5388 ὲναριθμούμενον.

585 5389 673 5452 95)
708 5389 858 5452 Regii
897 5391 1163 5443 secundus
1192 5399 1246 5442 et
1279 5401 1504 5452 quartus
1533 5391 1557 5438 ὁ

708 5389 858 5463 Regii
897 5391 1163 5463 secundus
1192 5399 1246 5442 et
1279 5401 1504 5463 quartus
1533 5391 1557 5438 ὁ

563 5459 671 5527 (94)
715 5458 853 5512 Εὐίιί
916 5459 1074 5525 φύσει
1129 5477 1210 5512 τε.
1271 5460 1490 5526 Antiqui
1556 5458 1664 5515 tres
1719 5460 1839 5514 libri
1894 5459 2052 5527 φύσει

490 5527 569 5582 δέ.
600 5527 799 5581 Ibidem
846 5527 978 5594 Reg.
1039 5532 1231 5584 tertius
1272 5531 1367 5582 καὶ
1403 5531 1636 5600 μετᾶραι
1669 5532 1764 5602 τὴν
1798 5533 1880 5600 ἐφ’
1929 5532 2054 5584 ἐκά-

493 5613 646 5668 τερα,
679 5610 948 5665 corrupte.

570 5667 683 5740 (95)
719 5668 990 5740 Editipnes
1017 5668 1152 5723 Ven.
1192 5678 1247 5723 et
1290 5669 1455 5724 Basil.
1491 5683 1612 5722 cum
1648 5669 1833 5740 Regiis
1859 5678 2053 5737 quarto

498 5753 553 5792 et
576 5739 766 5809 quinto
794 5735 908 5800 πῶς
933 5739 1136 5808 τρίτον,
1167 5741 1424 5809 quomodo
1457 5740 1639 5792 tertius
1661 5735 1756 5794 εειῖ
1786 5735 1916 5808 Reg.
1948 5749 2057 5791 ter-

505 5820 610 5865 tius
632 5808 790 5866 habet
827 5821 1041 5874 quoque
1075 5808 1190 5872 πῶς
1221 5809 1421 5880 τρίτον,
1469 5811 1561 5879 sed
1587 5810 1824 5867 secunda
1863 5823 2048 5875 manu,

2148 4623 2392 4695 ἠξίωται.

2215 4800 2266 4853 5.
2300 4799 2362 4851 Et
2393 4792 2484 4851 οὖν
2522 4795 2681 4865 φύσις
2728 4791 2874 4862 αὐτῷ
2926 4795 2954 4844 ὁ
3002 4792 3271 4862 ἀγιασμός
3314 4792 3478 4853 ἐστιν,
3533 4789 3718 4861 ὥσπερ

2147 4889 2321 4960 Πατρὶ
2359 4888 2452 4941 καὶ
2477 4886 2612 4958 Υίῷ,
2650 4884 2767 4949 πῶς
2802 4884 2989 4958 τρίτης
3018 4883 3131 4952 (95)
3166 4885 3283 4936 ἐστὶ
3313 4885 3404 4938 καὶ
3438 4883 3719 4955 ἀλλοτρίας

2162 5179 2289 5233 1ίεει
2319 5177 2561 5246 antiqua.
2594 5175 2776 5246 Codeig
2826 5188 2954 5246 vero
2993 5170 3143 5246 C_ulb.
3180 5179 3247 5246 _et
3293 5169 3382 5222 alii
3427 5177 3534 5219 tres
3563 5182 3716 5246 .mss.

2163 5250 2311 5316 Regii
2343 5238 2467 5316 cuni
2491 5247 2726 5299 editione
2753 5245 2922 5297 Paris.
2965 5240 3082 5302 πῶς
3103 5240 3313 5316 τρίτης,
3349 5238 3720 5316 φιοηιοξίοιεντ

2161 5307 2270 5381 tim",
2298 5330 2402 5372 etc.
2444 5315 2924 5370 Persuasissinmm
2952 5321 3034 5364 est
3066 5307 3216 5370 mihi,
3245 5326 3337 5362 eos
3369 5307 3716 5381 quosgrreci

2160 5399 2213 5443 et
2239 5377 2411 5441 Latini
2449 5388 2498 5439 in
2542 5386 2773 5439 concilio
2803 5381 3116 5438 Florentino
3149 5378 3494 5447 proferebant
3526 5377 3713 5436 libros,

2161 5475 2267 5512 uno
2300 5461 2440 5510 inter
2467 5473 2525 5510 se
2570 5470 2836 5508 consensu
2872 5446 3293 5523 ἱιεὺυίεεες-πῶς
3336 5446 3544 5523 τρίτης,
3590 5460 3719 5523 (ιιι-ο-

2165 5529 2321 5581 modo
2353 5529 2539 5578 (enim.
2572 5526 2785 5580 Etenim
2816 5525 2858 5578 si
2915 5524 2968 5574 ili
3003 5522 3085 5574 liis
3119 5520 3270 5574 libris
3297 5519 3553 5584 scriptum
3596 5518 3723 5566 luis-

2161 5609 2246 5652 set
2276 5597 2392 5659 πῶς
2427 5597 2608 5664 τρίτον
2633 5635 2646 5659 ,
2690 5594 2948 5659 quomodo
2997 5589 3184 5643 tertius
3233 5599 3332 5664 est,
3363 5588 3585 5664 dubium
3621 5599 3721 5637 non

2160 5679 2240 5721 est
2265 5670 2394 5736 quin
2429 5659 2644 5722 Marcus
2693 5665 2996 5735 Ephesinus
3040 5675 3193 5716 suam
3247 5660 3369 5714 inde
3416 5659 3726 5726 opinionem

2163 5739 2560 5794 confirmasset.
