4008 6462
255 408 356 463 631

1353 410 1722 466 ADVERSUS
1766 411 2132 466 EUNOMIUM
2171 415 2278 465 LIB
2341 414 2424 467 lll.

3400 411 3504 464 662

255 523 472 588 φύσεως
499 533 512 578 ;
539 519 636 569 Διὰ
664 519 822 571 τοῦτο
862 517 991 585 γὰρ,
1019 511 1192 586 οἶμαι,
1222 519 1314 571 καὶ
1350 520 1498 588 παρὰ
1528 519 1606 586 τῷ
1644 521 1832 589 Ἡσαΐᾳ

1949 519 1998 569 id
2029 521 2192 583 enim,
2224 524 2432 588 opinor,
2464 529 2517 574 et
2546 519 2686 587 apud
2713 517 2902 570 Isaiam
2936 519 3099 570 etiam
3135 518 3392 585 scriptum
3422 529 3505 572 est

253 612 322 662 ri
354 608 602 678 Σεραφὶμ
627 609 806 678 τρίτον
837 605 1109 660 ὲκϐοῶντα
1133 607 1192 658 τὸ
1215 607 1374 677 ἅγιος
1397 609 1828 676 ἀναγέγραπται,

252 703 340 752 ὅτι
369 701 426 750 ὲν
451 700 595 769 τρισὶ
629 701 744 759 ταῖς
766 697 1127 750 ὑποστάσεσιν
1156 699 1184 749 6
1207 699 1346 751 κατὰ
1380 698 1538 765 φύσιν
1571 700 1832 768 ἁγιασμὸς

254 789 560 860 θεωρεῖται.
607 787 681 838 Οὐ
714 785 871 839 τοῦτο
904 787 958 838 δὲ
989 787 1144 854 μόνον
1179 786 1327 855 αὐτῷ
1356 787 1532 838 κοινὸν
1562 788 1694 858 πρὸς
1724 789 1833 842 Πα-

250 881 388 951 τέρα
416 881 506 933 καὶ
534 878 658 928 Υἱὸν
687 877 747 929 τὸ
775 879 875 948 τῆς
902 879 1208 946 ἁγιωσύνης
1239 878 1427 948 ὄνομα,
1455 880 1588 931 ἀλλὰ
1617 882 1708 934 καὶ
1738 883 1833 933 a6-

251 975 323 1043 τὴ
375 976 407 1043 ἡ
455 971 546 1022 τοῦ
601 972 904 1042 πνεύματος
967 970 1320 1040 προσηγορία.
1367 973 1610 1039 Πνεῦμα
1649 975 1754 1044 γὰρ
1801 978 1832 1027 ό

257 1063 427 1129 Θεὸς,
461 1062 555 1114 καί
581 1064 721 1129 τοὺς
742 1061 1236 1127 προσκυνοῦντας
1268 1063 1453 1115 αὑτὸν
1476 1064 1543 1114 ἐν
1571 1065 1832 1130 πνεύμα-

253 1175 312 1210 τι
364 1155 461 1208 καὶ
507 1156 755 1224 ἀληθείᾳ
787 1152 881 1204 δεῖ
917 1155 1298 1222 προσκυνεῖν.
1337 1155 1444 1208 Καὶ
1483 1157 1510 1206 6
1556 1157 1834 1225 προφήτης

256 1243 424 1313 φησί’
461 1246 701 1309 Πνεῦμα
731 1243 840 1308 πρὸ
876 1243 1198 1311 προσώπου
1236 1246 1345 1315 (96)
1383 1244 1548 1313 ἡμῶν
1584 1243 1835 1311 Χριστὸς

253 1336 474 1401 Κύριος
493 1379 506 1399 ,
536 1332 607 1390 οὗ
637 1334 914 1402 εἴπαμεν·
965 1337 1066 1387 Ἐν
1093 1335 1164 1402 τῇ
1194 1335 1338 1400 σκιᾷ
1382 1336 1502 1389 τῶν
1531 1337 1835 1404 πτερύγων

255 1428 442 1482 αὑτοῦ
478 1427 786 1493 ᾆισόμεθα.
824 1427 931 1479 Καὶ
965 1428 993 1476 6
1034 1427 1349 1490 Ἀπόστολος
1393 1429 1491 1498 τὴν
1540 1429 1630 1480 τοῦ
1671 1427 1832 1480 πνεύ-

259 1537 431 1587 ματος
454 1505 827 1589 ’προσηγορίαν
859 1517 951 1568 ἐπὶ
981 1517 1069 1568 τὸν
1097 1518 1298 1588 Κύριον
1327 1518 1583 1588 ἀναφέρει
1622 1518 1793 1586 λέγων
1817 1537 1828 1548 ·

271 1615 333 1663 '0
356 1611 422 1664 δὲ
447 1610 660 1676 Κύριος
690 1609 754 1661 τὸ
789 1608 1024 1678 πνεῦμά
1052 1609 1239 1664 ἐστιν.
1287 1609 1379 1661 Ἐκ
1400 1609 1455 1662 δὲ
1477 1609 1678 1661 τούτων
1705 1627 1835 1662 παν-

254 1705 312 1754 τὶ
342 1700 518 1770 δῆλον,
552 1702 631 1754 ὃτι
658 1700 775 1771 οὐχὶ
804 1699 1156 1772 ἀλλοτρίωσιν
1183 1702 1296 1770 (97)
1323 1701 1422 1772 τῆς
1452 1700 1684 1770 φύσεως,
1719 1699 1831 1753 ἀλλ’

255 1791 529 1846 οίκείωσιν
557 1793 691 1864 πρὸς
720 1794 807 1846 τὸν
841 1794 1058 1863 Πατέρα
1099 1795 1191 1847 καὶ
1227 1795 1352 1847 Υίὸν
1379 1797 1411 1865 ἡ
1449 1793 1699 1847 κοινωνία
1726 1791 1832 1845 τῶν

1938 606 2219 674 Seraphin:
2265 621 2346 663 ter
2382 621 2597 666 sanctus
2639 609 2941 662 exclamare
2969 609 3033 669 ‘9,
3069 610 3207 676 quod
3248 612 3507 664 naturalis

1936 700 2193 752 sanctitas
2244 702 2415 755 tribus
2470 705 2522 757 in
2567 703 2948 775 liypostasibus
2997 703 3337 771 perspicitur.
3396 703 3506 757 Nec

1936 804 2061 844 vero
2086 791 2186 844 hoc
2216 793 2525 850 sanctitatis
2559 808 2753 850 nomen
2794 794 2843 848 ei
2875 794 3047 848 solum
3096 809 3381 849 commune
3421 805 3506 849 est

1937 897 2057 936 cum
2111 883 2270 938 Patre
2305 895 2359 938 et
2387 885 2545 950 Filio,
2581 891 2671 942 sed
2709 890 2819 959 ipsa
2851 896 2932 941 est
2962 887 3122 940 etiam
3168 887 3386 954 spiritus
3411 906 3505 955 ap-

1935 973 2171 1042 pellatio.
2228 974 2366 1027 Deus
2410 975 2553 1027 enim
2601 987 2676 1027 est
2719 980 2970 1045 spiritus;
3008 985 3058 1030 et
3097 992 3180 1028 eos
3211 978 3300 1044 qui
3335 979 3504 1043 ipsum

1935 1067 2180 1127 adorant,
2210 1069 2262 1118 in
2290 1068 2479 1134 spiritu
2509 1076 2557 1120 et
2607 1068 2823 1120 veritate
2867 1071 3091 1124 adorare
3127 1077 3325 1136 oportet
3349 1068 3411 1119 η.
3440 1068 3505 1120 Et

1937 1159 2196 1226 propheta
2221 1158 2296 1210 ait
2323 1171 2336 1208 :
2366 1156 2598 1226 Spiritus
2626 1167 2745 1210 ante
2786 1157 2974 1224 faciem
3005 1173 3236 1214 nostram
3263 1157 3504 1212 Christus

1937 1245 2214 1313 Dominus,
2242 1247 2332 1301 ubi
2369 1249 2601 1302 diximus
2631 1263 2650 1300 .'
2675 1247 2743 1301 In
2789 1248 2970 1300 umbra
3012 1250 3210 1311 alarum
3231 1251 3409 1320 Opsius
3430 1251 3506 1304 vi-

1936 1352 2109 1388 vemus
2132 1339 2196 1389 ὀ.
2228 1337 2368 1404 Quin
2402 1347 2455 1392 et
2488 1338 2780 1407 Apostolus
2830 1339 3232 1408 appellationem
3283 1343 3505 1409 spiritus

1938 1426 1988 1478 in
2018 1425 2300 1480 Dominum
2339 1432 2620 1497 transfert,
2653 1444 2776 1484 cum
2816 1431 2945 1486 dicit
2977 1449 2989 1482 :
3026 1430 3285 1483 Dominus
3327 1445 3502 1486 autem

1936 1519 2150 1584 spiritus
2179 1529 2252 1573 est
2275 1521 2342 1572 ¹¹.
2377 1523 2450 1574 Ex
2483 1524 2566 1577 his
2595 1534 2774 1577 autem
2816 1523 3035 1576 cuilibet
3065 1530 3396 1591 compertum
3423 1533 3506 1576 est

1937 1624 1999 1663 ac
2031 1618 2392 1679 perspectum,
2425 1628 2528 1667 non
2559 1625 2770 1669 natura:
2813 1612 3218 1676 alienationem,
3251 1614 3346 1668 sed
3373 1627 3506 1667 con-

1930 1698 2264 1768 junctionem
2293 1718 2413 1756 cum
2442 1702 2604 1757 Patre
2631 1711 2685 1758 et
2727 1704 2864 1760 Filio
2900 1717 2996 1774 per
3035 1706 3310 1759 nominum
3358 1719 3508 1760 eom-

1938 1793 2352 1850 municatiunem
2416 1797 2854 1851 commonstrari.
2905 1798 2970 1852 Et
3017 1797 3157 1852 Deus
3205 1799 3381 1853 dictus
3422 1807 3510 1853 est

255 1883 534 1953 ὀνομάτων
585 1887 903 1955 παρίστησι.
959 1886 1066 1936 Καὶ
1114 1886 1315 1950 ἀγαθὸς
1358 1889 1386 1936 6
1418 1886 1547 1950 Θεὸς
1595 1887 1828 1956 εἴρηται,

1938 1894 2127 1956 bonus,
2161 1900 2216 1948 et
2245 1903 2328 1948 est
2360 1910 2373 1946 :
2412 1894 2583 1950 bonus
2609 1902 2786 1949 autem
2812 1905 2893 1950 est
2913 1905 2966 1951 et
2991 1895 3229 1966 Spiritus
3259 1903 3478 1948 sanctus
3504 1940 3513 1951 .

257 1976 352 2026 καὶ
379 1975 526 2027 ἔστιν
551 1993 563 2005 ο
600 1975 800 2042 ἀγαθὸν
839 1974 895 2026 δὲ
937 1975 1030 2026 καὶ
1068 1975 1126 2026 τὸ
1169 1975 1390 2044 Πνεῦμα
1430 1975 1491 2026 τὸ
1529 1977 1697 2042 ἆγιον,
1733 1978 1832 2028 οὐκ

255 2067 656 2136 ὲπισκευαστὴν
687 2067 808 2137 ἕχον
837 2067 934 2136 τὴν
971 2066 1300 2136 ἀγαθότητα,
1356 2066 1468 2118 ἀλλ’
1509 2069 1572 2118 ἐκ
1620 2068 1832 2135 φύσεως

254 2157 406 2228 αὑτῴ
440 2160 903 2230 συνυπάρχουσαν.
938 2158 1007 2210 Ἦ
1043 2158 1257 2211 πάντων
1290 2157 1354 2211 ἂν
1379 2157 1462 2228 εἴη
1493 2158 1833 2225 ἀλογώτατον

253 2249 317 2300 τὸ
344 2249 502 2318 φύσει
535 2251 686 2320 ἅγιον
713 2251 785 2322 μὴ
817 2252 973 2320 φύσει
1002 2251 1177 2318 λέγειν
1207 2252 1304 2320 τὴν
1334 2249 1642 2322 ἀγαθότητα
1671 2249 1830 2319 ἔχειν,

252 2340 880 2413 ἀλλ’ὲπιγεννηματικὴν
912 2345 1021 2412 (98)
1052 2345 1142 2395 καὶ
1169 2342 1362 2407 ἔξωθεν
1389 2341 1832 2415 προσγεγενημέ‹

252 2449 354 2503 νην
378 2432 542 2501 αὐτῷ.
590 2434 676 2484 Ἐν
699 2426 742 2498 ᾧ
774 2433 830 2485 δὲ
857 2430 1007 2485 εἶπεν
1034 2435 1061 2485 6
1080 2433 1277 2502 Κύριος
1313 2434 1411 2498 ὅτι,
1460 2435 1596 2502 Ἐγὼ
1621 2434 1834 2502 ἐρωτή-

254 2541 345 2576 σω
393 2523 497 2575 τὸν
541 2523 790 2592 Πατέρα,
851 2526 947 2577 καὶ
980 2527 1173 2579 ἄλλον
1220 2527 1607 2594 Παράλελητον
1656 2526 1832 2579 δώσει

254 2615 416 2680 ὑμῖν,
439 2613 532 2666 καὶ
557 2615 720 2678 αὐτὸς
753 2611 891 2670 εἶναι
921 2616 1272 2688 Παράκλητος
1301 2620 1331 2688 ἡ
1341 2619 1454 2687 μῶν
1482 2617 1827 2672 ἐνδείκνυται.

256 2705 419 2758 Ὥστε
466 2709 559 2759 καὶ
588 2708 736 2778 ήτοῦ
773 2709 1121 2780 παρακλήτου
1163 2711 1498 2782 προσηγορία
1539 2710 1599 2761 οὐ
1640 2711 1832 2781 μικρὸν

257 2799 396 2867 πρὸς
431 2798 704 2863 ἀπόδειξιν
749 2799 859 2869 (99)
898 2801 994 2870 τῆς
1021 2801 1174 2869 δόξης
1206 2800 1300 2851 τοῦ
1331 2799 1484 2864 ἁγίου
1519 2799 1833 2868 Πνεῦματος

258 2892 524 2940 συντελεῖ.

326 2979 379 3033 4.
417 2974 524 3032 Καὶ
558 2981 625 3032 τὰ
651 2982 747 3050 μὲν
776 2981 1016 3050 ὀνόματα
1045 2981 1264 3034 τοιαῦτα
1289 2983 1378 3033 τοῦ
1413 2982 1696 3052 μεγαλείου
1735 2985 1833 3052 τῆς

255 3074 472 3141 φύσεως
497 3074 800 3127 ὲνδεικτικά
820 3092 832 3103 ’
864 3076 918 3127 αἱ
950 3074 1004 3127 δὲ
1045 3075 1313 3146 ἐνέργειαι
1343 3075 1434 3128 τοῦ
1470 3076 1624 3144 ἁγίου
1666 3077 1832 3130 Πνεύ-

258 3181 426 3232 ματος
451 3164 524 3235 (1)
555 3160 697 3230 οἴαι;
731 3166 814 3229 Τῷ
841 3168 1000 3234 λόγῳ
1031 3167 1136 3219 τοῦ
1165 3170 1402 3234 Κυρίου,
1434 3169 1616 3238 φησὶν,
1647 3172 1701 3221 οί
1734 3171 1832 3221 οὐ·

1935 1987 2231 2042 bonitatem
2261 1990 2468 2043 habens
2498 2004 2604 2044 non
2641 1989 3016 2053 adventitiam,
3051 1992 3142 2044 sed
3177 1997 3369 2044 natura
3405 1986 3506 2041 sibi

1938 2077 2200 2133 innatam.
2229 2080 2440 2149 Alioqui
2471 2081 2634 2135 fuerit
2675 2082 2916 2137 omnium
2963 2083 3432 2143 absurdissimum,
3461 2080 3506 2134 si

1937 2169 2056 2235 quis
2081 2170 2225 2226 dicat
2249 2187 2370 2228 eum
2398 2172 2559 2245 275
2583 2174 2675 2244 qui
2706 2183 2899 2229 natura
2921 2184 3139 2229 sanctus
3161 2183 3262 2238 est,
3298 2174 3509 2228 bonita-

1939 2267 2041 2312 tem
2104 2272 2293 2316 natura
2345 2281 2448 2318 non
2507 2267 2727 2333 habere,
2791 2266 2886 2322 sed
2923 2267 3207 2334 quamdam
3253 2265 3506 2333 deinceps

1936 2355 2429 2418 supervenientem,
2460 2358 2616 2424 eique
2646 2358 2946 2412 forinsecus
2975 2361 3335 2413 accedentem.
3365 2355 3503 2422 Quin

1937 2444 2101 2496 etiam
2148 2457 2271 2498 cum
2325 2445 2584 2500 Dominus
2622 2447 2757 2500 dixit
2790 2468 2804 2502 :
2836 2449 2944 2517 Ego
2978 2449 3166 2518 rogabo
3197 2448 3426 2507 Patrem,
3455 2456 3506 2500 et

1934 2535 2096 2587 alium
2138 2533 2473 2591 Paracletum
2508 2538 2651 2591 dabit
2698 2540 2836 2593 vobis
2859 2542 2924 2597 “.
2957 2548 3010 2594 et
3055 2541 3168 2608 ipse
3197 2539 3506 2592 Paracletns

1938 2635 2122 2678 noster
2151 2641 2269 2680 esse
2307 2630 2634 2683 ostenditur.
2677 2631 2853 2696 Quare
2883 2632 3136 2700 paracleti
3172 2647 3384 2701 quoque
3411 2647 3505 2701 ap-

1938 2714 2153 2782 pellatio
2207 2731 2311 2770 non
2365 2734 2553 2787 parum
2599 2722 2664 2773 ad
2730 2724 3204 2777 demonstrandam
3269 2722 3505 2792 Spiritus

1936 2809 2105 2863 sancti
2136 2807 2468 2876 majestatcm
2505 2812 2731 2865 confert.

2006 2990 2058 3042 4.
2111 2990 2176 3044 ΕΙ.
2229 2991 2446 3044 nomina
2492 2992 2707 3058 quidem
2757 3009 2876 3061 qua:
2917 2994 3250 3062 majestatcm
3301 3002 3508 3045 natura;

1937 3082 2200 3147 indicant,
2233 3093 2358 3136 sunt
2393 3083 2658 3150 ejusmodi
2691 3101 2705 3136 ;
2732 3085 3076 3152 operationes
3111 3099 3240 3138 vero
3269 3083 3504 3151 Spiritus

1942 3176 2110 3227 sancti
2161 3175 2384 3242 quales?
2434 3174 2600 3228 Verbo
2631 3175 2863 3242 Domini,
2911 3176 3103 3244 inquit,
3144 3176 3258 3229 εωίί
3304 3175 3506 3244 ﬁrmati

253 3259 422 3310 οανοὶ
461 3258 928 3326 ἐστερεώθησαν,
983 3258 1080 3310 καὶ
1124 3258 1201 3321 τῷ
1226 3261 1519 3326 Πνεύματι
1559 3260 1661 3312 τοῦ
1691 3260 1828 3311 στό-

1938 3276 2075 3326 sunt,
2103 3276 2147 3318 et
2174 3264 2374 3333 Spiritu
2421 3269 2525 3318 oris
2574 3267 2686 3336 ejus
2720 3268 2884 3319 omnis
2941 3268 3099 3319 virtus
3133 3283 3312 3319 eorum
3331 3266 3396 3318 ’³.
3438 3265 3507 3320 Ut

248 3366 440 3418 ματος
465 3350 648 3401 αὑτοῦ
679 3349 843 3402 πᾶσα
882 3351 918 3417 τ)
947 3349 1196 3418 δύναμις
1219 3348 1433 3403 αὐτῶν.
1479 3351 1564 3411 Ὠς
1591 3351 1765 3402 τοίνυν
1802 3354 1828 3404 ὁ

253 3443 386 3503 Θεὸς
421 3442 590 3508 Λόγος
621 3440 948 3510 δημιουργός
981 3445 1095 3494 ἐστι
1132 3441 1237 3493 τῶν
1271 3441 1533 3514 οὐρανῶν,
1570 3442 1710 3494 οὕτω
1741 3444 1832 3494 καὶ

253 3533 313 3587 τὸ
352 3534 573 3603 Πνεῦμα
608 3534 667 3585 τὸ
699 3534 852 3601 ἆγιον
879 3533 940 3586 τὸ
973 3535 1187 3604 στερεὸν
1219 3537 1311 3586 καὶ
1356 3537 1550 3602 παγιον
1578 3536 1676 3606 τῆς
1704 3536 1832 3605 ἀρε..

251 3626 353 3696 τῆς
383 3626 457 3692 (2)
491 3625 783 3696 παρέχεται
813 3627 932 3688 ταῖς
963 3626 1240 3696 οὐρανίαις
1271 3627 1548 3696 δυνάμεσι.
1590 3630 1698 3680 Καὶ
1731 3629 1834 3681 πά-

253 3720 336 3772 λιν
363 3721 392 3773 6
429 3717 544 3772 Ἰὼϐ
568 3736 580 3748 ·
615 3717 858 3786 Πνεῦμα
907 3719 1129 3785 Κυρίου
1167 3719 1232 3770 τὸ
1273 3720 1539 3787 ποιῆσαν
1576 3739 1652 3788 με
1675 3738 1686 3749 ·
1735 3721 1834 3773 οὐκ

254 3813 348 3863 ἐπὶ
391 3811 490 3881 τῆς
523 3810 900 3882 δημιουργίας,
948 3810 1021 3873 ὡς
1052 3805 1226 3880 οἶμαι,
1265 3812 1378 3864 ἀλλ’
1423 3812 1513 3865 ἐπὶ
1566 3813 1664 3883 τῆς
1697 3814 1835 3867 κατὰ

252 3902 352 3970 τὴν
401 3903 744 3974 ἀνθρωπείαν
799 3901 998 3973 ἀρετὴν
1063 3902 1392 3967 τελειώσεως
1442 3904 1633 3974 λέγων.
1677 3906 1732 3959 Ὁ
1779 3906 1834 3959 δὲ

264 3994 491 4055 Ἡσαΐας
519 3997 581 4046 ἐκ
613 3993 903 4064 προσώπου
935 3994 1138 4064 Κυρίου
1169 3994 1567 4064 διαλεγόμενος,
1607 3997 1747 4050 κατὰ
1773 3998 1834 4050 τὸ

253 4084 592 4158 ἀνθρώπινον
625 4084 788 4137 αὐτοῦ
817 4084 1078 4154 δηλονότι,
1122 4088 1336 4153 Κύριος
1367 4086 1712 4140 ἀπέσταλκέ
1735 4107 1832 4156 με,

254 4181 410 4250 φησὶ,
471 4178 568 4231 καί
602 4177 667 4228 τὸ
695 4175 937 4243 Πνεῦμα
969 4177 1178 4231 αὑτοῦ.
1216 4177 1326 4228 Καὶ
1361 4173 1519 4229 πάλιν
1549 4179 1576 4228 ὁ
1603 4178 1834 4246 ψαλμὸς,

251 4272 320 4324 δι’
366 4271 502 4327 ὅλων
539 4268 914 4339 κεχωρηκέναι
959 4267 1186 4338 δύναμιν
1233 4267 1326 4320 τοῦ
1356 4269 1667 4339 Πνεύματος
1699 4288 1839 4341 παρ-

257 4362 432 4425 ιστὰς,
482 4360 605 4413 Ποῦ
661 4357 945 4424 πορευθῶ,
1002 4361 1154 4436 φησι,
1204 4359 1303 4411 καὶ
1352 4359 1469 4413 ἀπὸ
1510 4361 1614 4413 τοῦ
1656 4362 1840 4413 Πνεύ-

248 4456 437 4525 ματός
478 4470 614 4517 σου,
652 4452 748 4504 καὶ
787 4452 902 4505 ἀπὸ
938 4453 1044 4505 τοῦ
1073 4451 1396 4519 προσώπου
1430 4467 1546 4505 σου
1574 4452 1690 4505 ποῦ
1725 4453 1839 4521 φύ-

252 4563 370 4616 τω;
405 4547 470 4598 Αἱ
499 4544 556 4596 δὲ
590 4545 669 4607 είς
704 4546 853 4615 ἡμᾶς
890 4545 984 4597 ἀπ’
1009 4544 1173 4598 αὑτοῦ
1202 4544 1498 4611 φθάνουσαι
1531 4545 1839 4616 εὐεργεσίαι

1939 3357 2097 3422 igiiur
2139 3355 2278 3409 Deus
2332 3355 2562 3406 Verbum
2620 3363 2831 3407 creator
2865 3363 2946 3406 est
2993 3354 3272 3418 caelorum,
3329 3353 3399 3404 ita
3455 3361 3508 3404 et

1935 3447 2167 3513 Spiritus
2193 3454 2413 3496 sanctus
2444 3444 2691 3496 stabilem
2735 3459 2796 3497 ac
2828 3443 3034 3496 lirtuam
3070 3444 3320 3496 virtutem
3354 3452 3506 3510 pote-

1935 3537 2164 3590 statibus
2199 3533 2512 3588 cmlestibus
2556 3533 2813 3601 impertit.
2849 3532 2915 3586 Et
2941 3548 3128 3586 rursus
3157 3531 3258 3585 Job
3288 3549 3302 3585 :
3337 3530 3506 3595 Spiri-

1937 3639 2018 3680 tus
2061 3627 2293 3689 Domini,
2340 3626 2431 3694 qui
2469 3625 2589 3692 [ecit
2631 3626 2770 3678 me”
2801 3643 2811 3678 :
2846 3640 2953 3677 non
2997 3625 3063 3679 de
3105 3624 3396 3688 creatione,
3449 3631 3508 3678 ut

1935 3714 2192 3784 arbitror,
2232 3720 2326 3772 sed
2363 3719 2429 3771 de
2466 3718 2712 3770 humana:
2758 3717 2976 3770 virtutis
3020 3719 3349 3786 perl'eCtioue
3390 3718 3503 3771 dis-

1937 3829 2141 3870 serens.
2177 3813 2314 3878 Quin
2352 3814 2512 3866 etiam
2550 3812 2772 3879 lotiuens
2815 3811 2979 3864 Isaias
3011 3827 3077 3862 ex
3115 3809 3326 3863 Domini
3381 3824 3506 3877 per-

1937 3921 2088 3968 sona,
2129 3905 2377 3958 videlicet
2408 3905 2700 3957 secundum
2730 3904 2846 3969 ejus
2872 3903 3258 3956 humanitatem
3283 3916 3293 3949 :
3321 3900 3505 3954 Domi-

1937 4014 2056 4063 nus,
2092 3995 2286 4065 inquit,
2323 3995 2464 4046 misit
2499 4009 2597 4056 nte,
2630 4001 2678 4043 et
2709 3990 2937 4060 Spiritus
2968 3993 3080 4059 ejus
3105 3992 3169 4046 ".
3203 3991 3269 4043 Et
3292 4005 3504 4044 rursum

1937 4088 2175 4157 Spiritus
2237 4085 2493 4137 virtutem
2558 4082 2808 4136 universa
2866 4082 3166 4151 pervasisse
3228 4082 3506 4136 declarans

1938 4179 2177 4248 psalmus
2207 4192 2221 4230 :
2251 4174 2367 4239 Quo
2415 4175 2518 4237 ibo,
2558 4174 2750 4241 inquit,
2785 4191 2816 4226 a
2862 4172 3060 4242 Spiritu
3120 4184 3229 4238 tuo,
3269 4184 3314 4225 et
3347 4190 3449 4236 quo
3475 4190 3508 4224 a

1941 4269 2076 4337 facie
2117 4279 2206 4318 tua
2248 4265 2444 4333 fugiant
2465 4263 2546 4315 '°?
2573 4262 2949 4317 Beneﬁceutia:
2977 4272 3159 4315 autem
3205 4277 3322 4330 qua:
3352 4263 3418 4313 ab
3444 4277 3508 4314 eo

1942 4362 2005 4415 ad
2042 4373 2136 4412 nos
2185 4357 2496 4418 deveniunt,
2553 4354 2743 4423 quales
2794 4363 2921 4407 sunt
2964 4364 3018 4406 et
3067 4354 3509 4422 quantae?Sicut

1943 4451 2198 4506 Dominus
2245 4449 2358 4516 ipse
2402 4447 2466 4500 iis
2495 4447 2586 4514 qui
2621 4448 2793 4512 ipsum
2826 4459 3134 4510 suscepere,
3169 4445 3306 4498 istuc
3359 4445 3505 4499 dedit

1942 4553 2001 4598 ut
2033 4546 2222 4596 liceret
2271 4539 2409 4592 ﬁlios
2441 4539 2531 4590 Dei
2569 4538 2683 4590 ﬁeri
2715 4537 2782 4600 ’⁷,
2833 4538 2910 4590 sic
2937 4546 2990 4591 et
3016 4537 3246 4604 Spiritus
3285 4546 3506 4591 sanctus

251 4638 436 4693 ὁποῖαί
461 4636 605 4699 τινές
637 4637 741 4690 είσι
771 4638 864 4688 κα).
894 4636 1113 4691 ἠλίκαιξ
1145 4636 1355 4690 Ὥσπερ
1387 4636 1547 4699 αὐτὸς
1571 4638 1599 4688 6
1634 4636 1832 4707 Κύριος

1943 4633 2178 4703 Spiritus
2205 4639 2289 4684 est
2319 4628 2620 4696 adoptionis
2643 4627 2708 4682 ’⁸.
2743 4627 2806 4681 ΕΙ
2845 4629 3293 4695 quemadmodum
3322 4626 3506 4681 Domi-

330 4836 373 4868 “
407 4835 505 4890 lsa.
537 4851 612 4897 vr,
646 4835 697 4888 5.

255 4908 306 4942 ⁸⁸
328 4905 426 4960 Job
461 4921 654 4970 xxxiii,
685 4905 739 4958 4.

780 4835 820 4864 ’³
845 4834 995 4886 Joau.
1033 4849 1102 4896 tv,
1134 4834 1224 4888 ‘24.
1305 4833 1348 4863 '°
1375 4831 1577 4887 Thren.
1605 4849 1676 4895 tv,
1707 4833 1797 4885 20.

815 4905 861 4934 "
892 4905 990 4957 lsa.
1021 4918 1210 4969 XLVIII,
1242 4903 1326 4955 16.

329 5083 440 5155 (96)
476 5084 630 5149 Regii
666 5081 956 5155 secundus,
992 5081 1182 5155 tertius
1211 5090 1266 5134 et
1297 5081 1540 5155 quintus,
1569 5089 1624 5155 et
1663 5079 1823 5155 βου).

255 5149 379 5208 cum
415 5149 650 5207 editione
685 5152 819 5206 Ven.
863 5151 967 5220 πρὸ
1000 5149 1316 5221 προσώπου,
1346 5162 1398 5204 et
1454 5151 1526 5202 ita
1572 5150 1714 5221 legit?
1749 5151 1830 5201 in-

259 5236 492 5291 terpres,
527 5224 764 5290 olimque
794 5221 997 5290 legerat
1025 5220 1340 5273 Ambrosius
1369 5235 1620 5291 sermone
1655 5220 1739 5283 15,
1774 5229 1832 5270 ut

261 5290 414 5347 notat
446 5293 823 5348 Coutbelisius.
858 5290 1054 5343 Vocula
1104 5291 1211 5360 πρό
1262 5291 1312 5342 in
1345 5290 1465 5342 aliis
1504 5290 1825 5360 quibusdam

261 5380 396 5418 mss.
422 5377 476 5416 et
509 5367 560 5414 in
601 5364 838 5417 editione
883 5361 1056 5414 Paris.
1088 5357 1261 5414 deest.
1296 5360 1494 5412 Ibidem
1528 5359 1696 5412 editio
1725 5357 1827 5410 Pa-

262 5436 356 5487 ris.
389 5431 672 5504 ὁίΚΫύριος.
711 5432 782 5484 At
818 5433 870 5482 iu
895 5431 1323 5504 msssarticulus
1359 5445 1462 5504 non
1487 5428 1710 5504 legitur.‘
1743 5428 1833 5480 Sic

259 5507 397 5570 apud
423 5496 563 5556 LXX
590 5505 768 5556 editus
803 5511 886 5554 est
926 5501 1016 5570 hic
1042 5503 1190 5554 locus
1233 5516 1247 5553 :
1274 5497 1501 5568 Πνεῦμα
1539 5496 1830 5570 προσώπου

256 5566 417 5644 ἡμῶν
446 5573 676 5644 Χριστος
705 5571 929 5644 Κᾲύριος,
962 5566 1319 5644 οῦξεῖπαμεν·
1371 5566 1714 5644 Ἐνᾌτῇμσκιᾷ
1739 5568 1836 5644 αὑ-

256 5637 357 5696 τοῦ
394 5637 692 5713 ζησὸμεθα.
732 5637 965 5713 Spiritus
1017 5637 1413 5713 fagiei'nostra:
1452 5637 1697 5713 Christus
1729 5639 1832 5690 Do-

259 5708 546 5770 minus.dé
589 5730 691 5780 quo
721 5708 953 5765 diiimus
1002 5708 1025 5765 ἐ
1081 5709 1147 5763 In
1201 5717 1387 5766 umbra
1441 5710 1554 5776 ejus
1584 5709 1830 5762 vivemus.

263 5784 421 5907 gone
450 5779 626 5839 locum
656 5785 709 5838 in
742 5784 856 5839 suis
880 5781 1023 5838 notis
1060 5781 1291 5836 illustrat
1314 5781 1397 5837 vir
1426 5779 1834 5836 eruditissimus

312 5867 507 5907 ucaaus.

312 5867 507 5908 ucaaus.

1875 4834 1916 4864 ²¹
1954 4833 1992 4885 ll
2022 4831 2143 4886 Cor.
2177 4847 2255 4892 ιιι,
2286 4831 2368 4881 17.

1405 4905 1449 4933 ⁸⁵
1476 4901 1611 4955 Psal.
1647 4918 1914 4968 cxxxvttt,
1943 4905 1995 4956 7.

2999 4825 3045 4856 ’³
3076 4825 3213 4878 Psa..
3252 4841 3420 4888 nm,
3450 4845 3501 4880 ο.

2563 4899 2608 4928 ⁸⁸
2637 4895 2794 4951 Rom.
2835 4912 2950 4959 vnt,
2985 4897 3072 4948 15.

2447 4826 2921 4887 "Joan.xtv,16.

2072 4903 2113 4930 ’⁷
2142 4900 2297 4954 Joau.
2339 4901 2486 4965 I,12.

2000 5078 2112 5148 (97)
2143 5080 2278 5132 Editt
2305 5095 2403 5130 ουκ
2431 5075 2801 5148 αΑΑοτρίωσιν.
2832 5075 2899 5126 ΑΙ.
2927 5088 3055 5126 mss.
3085 5072 3225 5148 061i.

1999 5141 2112 5219 (98)
2136 5150 2364 5202 Codices
2415 5141 2670 5219 non_nuili_
2715 5145 3213 5219 επιγενηματικήν,
3245 5154 3356 5219 _per
3383 5141 3505 5219 u‘n_i_-_

1930 5212 2052 5271 cum
2083 5212 2131 5271 ν.
2164 5220 2365 5272 Ibidem
2396 5217 2524 5271 editi
2552 5227 2604 5269 et
2636 5214 2786 5268 Coll).
2811 5213 3375 5284 προσγεγεννημένην.
3400 5212 3502 5264 Alii

1930 5300 2042 5343 tres
2072 5305 2198 5343 mss.
2229 5284 2764 5357 προσγεγενημένην.

2005 5360 2116 5427 (99)
2146 5350 2286 5413 Editi
2321 5350 2401 5421 εἰς
2425 5350 2720 5419 ἀπόδειξιν.
2754 5355 2970 5408 Atmss.
3007 5353 3343 5422 antiquiores
3367 5350 3503 5422 πρὸς

1933 5429 2226 5484 ἀπόδειξιν.

2007 5429 2258 5568 ξιξ]ῗῖιί
2300 5499 2571 5568 ἐνέργειαι
2605 5492 3073 5569 τοῦ-Πνεῦματος.
3100 5489 3501 5569 Veteresmlibrj

1937 5559 2078 5622 utin
2107 5559 2530 5623 contextuflloc
2564 5569 2681 5634 ipso
2715 5567 2765 5617 in
2804 5559 2920 5616 loco
2951 5575 3082 5634 mss.
3122 5559 3379 5634 nonnulli
3408 5559 3504 5612 τοῦ

1935 5639 2167 5708 Κυρίου.
2201 5637 2394 5708 Deerat
2432 5631 2693 5708 articulus
2730 5635 2796 5708 ἰιιΔ
2817 5632 3096 5708 impressis
3121 5631 3293 5708 libris.

2013 5697 2090 5779 ('2)
2127 5708 2278 5772 Illud,
2316 5707 2424 5776 τῆς
2461 5704 2702 5775 ἀρετ-ἦς,
2734 5697 2973 5763 additum
3006 5709 3176 5757 estex
3201 5702 3368 5755 tribus
3399 5697 3506 5751 Be-

1936 5778 2036 5851 giis
2063 5778 2358 5836 eodicibus.
