4008 6496
443 405 547 460 665

1757 405 1817 459 S.
1863 401 2110 457 BASlth
2151 397 2369 453 MAGNI

3607 396 3723 449 654

448 528 542 568 nus
573 524 757 570 noster
784 515 1046 586 magister
1075 529 1235 570 verus
1265 529 1367 580 εει,
1393 515 1545 583 juxta
1579 517 1629 570 id
1652 518 1793 585 quod
1823 519 2022 573 dictum

2147 513 2326 566 Ξδωκεν
2372 510 2620 575 ἐξουσίαν
2674 511 2786 573 τοῖς
2824 511 3135 585 δεξαμένοις
3179 510 3338 564 αὐτὸν
3382 515 3546 568 τέκνα
3575 513 3721 568 Θεοῦ

450 614 520 659 est
552 620 566 657 :
603 603 708 661 Vos
735 617 911 660 autem
975 606 1136 661 nolite
1188 623 1377 660 vocare
1434 613 1747 677 magistrum
1800 619 2025 663 vestrum

451 714 498 752 ιη
563 707 742 758 terra;
800 714 937 753 unus
992 698 1129 753 enim
1184 699 1435 771 magister
1499 709 1665 753 vester
1729 711 1804 755 est
1867 699 2027 754 Chri-

452 800 557 842 stus
579 788 664 853 '9',
719 790 798 844 sic
860 797 915 843 et
969 788 1237 860 Spiritum
1290 803 1534 846 sanctum
1589 806 1802 860 omnes,
1869 800 2029 862 quot-

452 889 578 949 quot
621 879 676 933 in
735 881 954 937 nomine
1010 882 1224 938 Domini
1277 883 1632 948 crediderim,
1688 885 1887 941 docere
1945 894 2026 940 te-

453 980 619 1029 status
669 983 755 1030 est
793 975 1054 1030 Dominus
1105 976 1260 1045 ipse.
1309 991 1430 1031 cum
1481 976 1670 1032 dixit:
1714 979 2025 1032 Paractetus

453 1077 623 1121 autem
666 1066 896 1134 Spiritus
926 1077 1144 1122 sanctus
1173 1084 1327 1138 quem
1371 1065 1533 1121 Pater
1571 1072 1762 1133 mittet,
1813 1069 1901 1122 ille
1942 1085 2028 1123 vos

453 1161 650 1214 docebit
681 1161 862 1214 omnia
891 1160 958 1216 ³ο.
990 1160 1058 1214 Et
1093 1160 1235 1214 sicut
1266 1161 1427 1215 Pater
1459 1165 1808 1231 operationes
1849 1162 1901 1215 in
1933 1177 2031 1216 eos

454 1251 539 1322 qui
571 1252 983 1321 operationibus
1025 1252 1387 1324 suscipiendis
1419 1252 1567 1325 digni
1624 1263 1791 1316 sunt,
1827 1251 2032 1306 dicitur

455 1345 709 1404 dividere,
745 1353 990 1415 itemque
1029 1345 1276 1400 dividere
1305 1343 1481 1401 Filius
1529 1346 2031 1400 administrationes

455 1436 505 1490 in
539 1435 890 1506 dignitatibus
934 1435 1223 1490 ministerii
1253 1452 1266 1487 :
1303 1437 1385 1491 sic
1413 1437 1657 1491 dividere
1683 1436 1852 1490 etiam
1886 1435 2028 1489 dona

455 1543 504 1581 ιη
530 1541 624 1582 eos
663 1529 753 1602 qui
792 1528 949 1582 donis
972 1528 1311 1597 excipiendis
1339 1529 1484 1599 digni
1519 1535 1669 1591 sunt,
1705 1527 2031 1596 perhibetur

456 1617 689 1688 Spiritus
721 1626 965 1679 sanctus.
996 1617 1291 1674 Divisiones
1319 1621 1456 1672 enim
1484 1617 1741 1672 donorum
1764 1627 1913 1682 sunt,
1941 1620 2032 1674 sed

455 1712 589 1765 idem
621 1711 852 1779 Spiritus
879 1727 897 1767 :
929 1722 977 1767 et
1011 1713 1285 1766 divisiones
1317 1711 1736 1764 ministeriorum
1761 1722 1908 1778 sunt,
1939 1713 2031 1765 sed

457 1796 588 1849 idem
620 1798 878 1855 Dominus
907 1817 925 1854 :
953 1812 1000 1855 et
1045 1801 1325 1853 divisiones
1371 1801 1736 1867 operationum
1764 1812 1908 1867 sunt,
1943 1805 2034 1857 sed

2128 604 2414 672 γενέσθαι,
2477 602 2620 656 οὕτω
2697 604 2790 655 καὶ
2845 605 2906 656 τὸ
2973 605 3200 676 Πνεῦμα
3263 602 3417 672 ἅγιον
3487 605 3724 678 Πνεῦμα

2130 695 2400 757 υἱοθεσίας
2447 694 2584 747 ἐστί.
2651 693 2758 745 Καὶ
2821 693 3006 764 ὥσπερ
3066 694 3384 758 διδάσκαλός
3439 699 3590 751 ἐστιν
3637 698 3721 770 (3)

2129 787 2380 858 ἀληθινὸς
2415 787 2443 839 ὁ
2463 786 2666 858 Κύριος
2695 786 2852 858 ἡμῶν
2873 786 3014 840 κατὰ
3039 787 3100 838 τὸ
3123 789 3409 861 εἰρημένον
3440 805 3454 818 ⁸
3525 789 3723 858 Ὑμεῖς

2128 878 2197 932 δὲ
2220 880 2305 949 μὴ
2346 876 2643 934 καλέσατε
2675 877 3049 934 διδάσκαλον
3087 881 3257 948 ὑμῶν
3289 883 3384 936 ἐπὶ
3421 880 3531 951 τῆς
3563 882 3682 951 γῆς
3703 899 3720 915 .

2130 966 2217 1038 εἷς
2257 974 2366 1042 γὰρ
2392 971 2737 1040 καθηγητὴς
2767 969 2936 1041 ὑμῶν
2968 971 3142 1026 ἐστιν
3177 975 3211 1025 ό
3238 975 3493 1042 Χριστός
3513 992 3526 1005 ·
3569 972 3723 1027 οὕτω

2131 1065 2224 1117 καὶ
2249 1065 2309 1116 τὸ
2339 1062 2563 1133 Πνεῦμα
2586 1064 2646 1117 τὸ
2672 1063 2825 1133 ἆγιον
2847 1062 3117 1116 διδάσκειν
3149 1062 3357 1125 πάντας
3383 1069 3512 1130 τοὺς
3535 1065 3612 1135 (4)
3637 1067 3724 1126 εἰς

2129 1154 2191 1207 τὸ
2223 1154 2392 1225 ὄνομα
2429 1153 2524 1205 τοῦ
2553 1154 2758 1226 Κυρίου
2802 1155 3265 1222 πεπιστευκότας,
3295 1153 3388 1206 ὑπ’
3421 1158 3586 1211 αὑτοῦ
3620 1154 3722 1210 τοῦ

2131 1247 2336 1315 Κυρίου
2384 1247 2827 1318 μεμαρτύρηται,
2861 1247 3141 1308 εἰπόντος·
3199 1249 3262 1302 '0
3306 1246 3374 1302 δὲ
3403 1251 3724 1318 Παράκλη-

2131 1355 2235 1404 τος
2280 1337 2347 1389 τὸ
2386 1337 2629 1406 Πνεῦμα
2668 1338 2735 1392 τὸ
2772 1339 2942 1407 ἅγιον
2976 1337 3008 1391 ὃ
3053 1337 3274 1408 πέμψει
3302 1345 3336 1396 d
3376 1341 3579 1409 Πατὴρ
3615 1343 3722 1412 (5),

2131 1429 2363 1495 ἐκεῖνος
2405 1429 2561 1499 ὑμᾶς
2595 1430 2818 1495 διδάξει
2851 1430 3067 1488 πάντα.
3105 1432 3215 1484 Καὶ
3255 1433 3441 1506 ὥσπερ
3488 1432 3725 1503 διαιρεῖν

2132 1524 2200 1576 τὰ
2238 1523 2586 1592 ἐνεργήματα
2632 1525 2710 1587 εἰς
2757 1523 2882 1586 τοὺς
2927 1523 3111 1590 ἀξίους
3157 1524 3259 1591 τῆς
3293 1526 3560 1598 ὑποδοχῆς
3607 1528 3724 1580 τῶν

2133 1616 2522 1689 ἐνεργημάτων
2551 1619 2580 1670 ὁ
2607 1617 2792 1689 Πατὴρ
2826 1617 3061 1684 λέγεται,
3098 1618 3190 1671 καὶ
3221 1617 3445 1690 διαιρεῖν
3475 1621 3572 1684 τὰς
3601 1619 3725 1672 δια-

2134 1709 2315 1773 κονίας
2339 1710 2366 1761 ὀ
2391 1707 2519 1771 Υἱὸς
2549 1710 2606 1763 ὲν
2632 1712 2742 1773 τοῖς
2774 1709 2871 1780 τῆς
2899 1709 3176 1773 διακονίας
3201 1707 3505 1780 ἀξιώμασιν
3526 1731 3539 1745 ·
3577 1712 3726 1766 οὕτω

2133 1801 2360 1872 διαιρεῖν
2393 1801 2487 1854 καὶ
2524 1803 2592 1857 τά
2631 1803 2946 1874 χαρίσματα
2980 1803 3042 1855 τὸ
3085 1801 3310 1872 Πνεῦμα
3341 1804 3404 1856 τὸ
3444 1805 3598 1874 ἅγιον
3641 1805 3726 1868 είς

457 1888 590 1948 idem
627 1901 704 1946 est
734 1890 908 1958 Deus,
941 1891 1162 1961 eﬂiciens
1200 1891 1379 1944 omnia
1406 1892 1463 1944 in
1496 1891 1738 1948 omnibus
1767 1894 1835 1950 ³¹.
1870 1893 2034 1950 Vides

2147 1867 2260 1957 τοὺς
2308 1894 2491 1962 ἀξίους
2533 1867 2773 1967 τῆςητιῦν
2803 1867 3163 1967 γαρισμάτων
3212 1867 3729 1970 ῦποδοχῆςτμαρτυ-

461 1985 730 2050 quomodo
756 1983 842 2036 hic
889 1998 1105 2052 quoque
1148 1983 1385 2053 Spiritus
1418 1985 1595 2039 sancti
1633 1986 1877 2055 operatio
1907 2000 2032 2054 ope.

459 2073 652 2126 rationi
685 2072 867 2128 Patris
899 2091 960 2128 ac
999 2075 1119 2129 Filii
1159 2076 1448 2146 conjuncta
1480 2077 1596 2132 sit?
1628 2076 1831 2133 Deinde
1866 2091 1933 2130 ex
1972 2092 2036 2132 eo

460 2164 616 2218 etiam
657 2168 799 2236 quod
832 2169 1102 2237 sequitur,
1155 2169 1416 2224 divinitas
1453 2181 1663 2224 natura:
1699 2172 1871 2226 sancti
1906 2170 2032 2241 Spi—

460 2257 594 2310 ritus
617 2259 851 2328 amplius
881 2260 1212 2314 declaratur.
1248 2261 1388 2327 Quid
1414 2262 1558 2316 enim
1584 2263 1654 2316 ait
1677 2263 1701 2317 ?
1725 2261 1828 2318 Sed
1861 2267 2036 2318 omnia

458 2349 569 2401 haec
601 2350 750 2418 eﬂicit
785 2367 918 2404 unus
957 2361 1005 2404 et
1047 2352 1185 2404 idem
1221 2351 1477 2420 Spiritus,
1512 2354 1746 2410 dividens
1794 2357 2036 2425 privatim

462 2442 762 2513 unicuique,
795 2445 953 2499 sicuti
977 2446 1082 2500 vult
1112 2445 1178 2499 ³¹.
1213 2445 1357 2500 Nihil
1396 2447 1540 2501 aliud
1570 2448 1620 2502 ei
1651 2448 1893 2513 ascribit,
1934 2450 2038 2504 nisi

461 2537 772 2592 auctoritati
805 2553 870 2594 ac
905 2539 1146 2594 dominio
1173 2541 1484 2610 adjunctam
1511 2551 1859 2610 potestatem.
1896 2543 2040 2610 Qua-

462 2632 759 2697 propterin
788 2629 938 2688 Novo
979 2633 1332 2690 Testamento
1365 2636 1642 2704 prophetae
1684 2635 1992 2692 clamarunl
2024 2657 2038 2692 :

462 2715 587 2772 llaec
600 2720 729 2773 dicit
743 2723 908 2793 276
931 2722 1160 2789 Spiritus-
1192 2737 1405 2780 sanctus
1425 2727 1488 2780 ³³.
1516 2725 1669 2782 Unde
1686 2737 1866 2782 autem
1886 2744 2039 2783 scru-

460 2810 592 2865 tatio
637 2813 1058 2882 profunditatum
1109 2815 1200 2870 Dei
1247 2817 1402 2870 adest
1454 2817 1729 2885 Spiritui?
1773 2820 2041 2884 Quemad-

462 2903 692 2969 modum,
726 2905 936 2975 inquit,
983 2924 1132 2962 nemo
1173 2909 1445 2962 hominum
1499 2912 1639 2964 novit
1689 2927 1750 2964 ea
1789 2927 1906 2979 qua:
1946 2910 2041 2963 ho-

463 2998 618 3051 minis
647 3012 791 3065 sunt,
825 3000 925 3054 nisi
953 3001 1168 3070 spiritus
1197 3002 1425 3056 hominis
1468 3003 1558 3071 qui
1592 3012 1667 3057 est
1712 3004 1767 3056 in
1810 3020 1869 3058 eo
1911 3018 1929 3056 :
1965 3003 2041 3058 sic

464 3099 509 3144 et
552 3108 612 3144 ea
641 3108 760 3163 quce
805 3103 926 3147 sunt
966 3093 1100 3160 Dei,
1149 3111 1300 3149 nemo
1349 3097 1611 3166 cognovit,
1661 3097 1762 3150 nisi
1811 3094 2041 3166 Spiritus

465 3182 559 3236 Dei
591 3184 655 3238 “.
692 3185 760 3239 Ut
793 3188 937 3241 enim
983 3187 1163 3242 nullus
1207 3189 1419 3243 alienus
1449 3199 1540 3242 aut
1591 3193 1910 3259 peregrinus
1948 3193 2033 3243 in-

463 3281 647 3327 ternas
708 3275 903 3327 anima:
945 3276 1304 3344 cogitationes
1358 3287 1538 3345 potest
1572 3278 1842 3347 inspicere
1891 3297 1905 3333 :
1955 3280 2035 3333 sic

464 3361 708 3431 profecto
737 3363 782 3418 si
815 3365 1001 3419 arcani
1033 3365 1234 3434 aliquid
1267 3382 1390 3420 cum
1425 3365 1532 3420 Deo
1563 3384 1849 3422 commune
1878 3369 2040 3425 habet

465 3454 719 3524 Spiritus,
748 3472 872 3509 cum
905 3459 972 3512 ab
1012 3472 1076 3511 eo
1102 3473 1278 3527 neque
1312 3460 1520 3514 alienus
1545 3461 1636 3523 sit,
1667 3475 1844 3529 neque
1880 3475 2040 3531 pere-

464 3547 677 3615 grinus,
729 3547 993 3617 profunda
1022 3551 1366 3618 ‘judiciorum
1421 3553 1513 3608 Dei
1563 3555 1892 3623 perscrutari
1947 3570 2038 3622 po-

467 3649 595 3695 test.
650 3639 918 3697 Praalerea
956 3653 1010 3698 et
1059 3646 1168 3698 vita
1216 3646 1371 3700 nobis
1417 3662 1445 3700 a
1491 3647 1602 3701 Deo
1638 3662 1732 3715 per
1766 3646 2045 3702 Christum

466 3731 522 3788 in
557 3743 745 3785 sancto
771 3734 976 3802 Spiritu
1005 3738 1400 3803 suppeditatur.
1431 3737 1675 3791 Viviticat
1702 3740 1848 3793 enim
1882 3740 2043 3802 Deus,

469 3833 531 3877 ut
559 3823 632 3878 ait
664 3823 862 3879 Paulus
898 3843 911 3878 :
949 3825 1213 3896 Prwcipio
1260 3829 1357 3880 tibi
1393 3845 1573 3881 coram
1615 3829 1723 3883 Deo
1746 3871 1760 3894 ,
1801 3833 1892 3900 qui
1920 3833 2052 3884 vivi-

471 3918 594 3986 ﬁcat
621 3919 796 3972 omnia
823 3918 888 3972 ³³.
927 3918 1108 3974 Vitam
1134 3932 1311 3975 autem
1344 3921 1570 3992 largitur
1593 3921 1848 3976 Christus
1877 3941 1888 3975 :
1919 3923 2048 3975 Oves

470 4013 608 4062 en‘m
635 4027 787 4072 meae.
822 4014 1018 4082 inquit,
1048 4030 1220 4069 vocem
1270 4031 1438 4069 meam
1470 4015 1718 4080 audiunt,
1759 4024 1807 4068 et
1843 4032 1937 4084 ego
1969 4016 2050 4069 vi-

472 4112 578 4153 tam
617 4114 869 4157 aeternam
916 4107 984 4159 do
1038 4107 1145 4160 illis
1190 4108 1256 4163 ⁸⁸.
1310 4108 1661 4163 Vivilieamur
1717 4108 1902 4163 itidem
1957 4123 2052 4178 per

476 4192 764 4264 Spiritum,
793 4199 1249 4266 quemadmodum
1281 4201 1356 4253 ait
1382 4200 1583 4256 Paulus
1617 4221 1629 4255 :
1663 4201 1766 4266 Qui
1800 4202 2044 4256 excitavit

545 4337 589 4368 "
627 4335 816 4392 Matth.
851 4338 1104 4404 xxnt,lO.
1182 4339 1225 4371 ³⁰
1262 4338 1417 4394 Joan.
1454 4354 1563 4402 xiv,
1599 4339 1688 4392 26.
1767 4342 1809 4371 ³¹
1834 4341 1854 4393 l
1884 4340 2006 4395 Cor.
2037 4357 2132 4405 xtl,
2171 4341 2287 4396 4-6.
2367 4342 2410 4372 ³³
2450 4339 2582 4392 ibid.
2619 4337 2702 4389 tl.

473 4408 562 4473 10,
610 4407 698 4462 11.
773 4408 820 4440 ³⁵
855 4409 876 4463 1
906 4410 1044 4465 Tim.
1093 4425 1168 4478 Vt,
1213 4410 1300 4465 15.
1376 4410 1421 4441 ³⁸
1457 4408 1614 4464 Juan.
1659 4425 1713 4474 ι,
1754 4409 1845 4462 9.7.

547 4519 626 4593 (5)
654 4521 834 4578 Codex
865 4539 1003 4580 unus
1032 4533 1085 4578 et
1117 4525 1246 4579 editi
1290 4523 1610 4587 διδάσκαλός
1649 4526 1820 4577 ἐστιν.
1855 4522 1962 4578 Sed
1997 4523 2050 4577 in

477 4594 600 4648 aliis
631 4594 869 4663 quinque
901 4595 1177 4651 codicibus
1210 4613 1308 4650 vox
1341 4597 1488 4649 ἐστιν
1525 4612 1628 4648 non
1662 4595 1876 4662 legitur.

548 4665 625 4733 (4)
669 4664 799 4733 Reg.
824 4667 1094 4720 secundus
1124 4666 1395 4720 διδάσκειν
1414 4667 1629 4728 πάντως
1643 4665 1788 4729 τούς,
1806 4666 2015 4718 omnino
2036 4680 2055 4718 :

477 4735 907 4806 quiescriptura
958 4752 1065 4789 non
1116 4738 1368 4805 displicet
1428 4739 1646 4806 quidem
1704 4735 2053 4806 Combelisio,

478 4805 573 4859 sed
604 4805 678 4859 ita
708 4814 910 4868 tamen,
949 4816 1008 4858 ut
1040 4804 1324 4874 legendum
1355 4804 1523 4874 putet,
1552 4806 1828 4859 διδάσκειν
1879 4804 2058 4857 πάντα

475 4876 626 4940 τούς,
655 4875 802 4927 docet
835 4877 1038 4940 omnia,
1069 4893 1176 4946 eos,
1207 4879 1319 4946 qui,
1352 4886 1457 4931 etc.
1511 4877 1600 4930 Ait
1630 4877 1775 4946 enim
1808 4876 2058 4946 testimo-

479 4949 633 5000 nium
667 4947 826 5012 paulo
867 4956 986 5015 post
1038 4963 1068 4999 a
1124 4944 1324 5000 Basilio
1357 4948 1577 5000 allatum
1626 4962 1691 5000 ex
1739 4944 2053 5010 Evangelio,

480 5020 685 5080 ἐκεῖνος
709 5017 851 5088 ὑμᾶς
899 5016 1098 5081 διδάξει
1135 5018 1333 5080 πάντα,
1365 5017 1452 5071 ille
1483 5034 1572 5070 vos
1611 5015 1817 5068 docebit
1851 5015 2052 5088 o_mm'a,

481 5091 627 5143 clare
655 5096 712 5142 et
749 5084 946 5155 aperte
995 5103 1310 5158 exposcere,
1348 5098 1406 5140 ut
1454 5090 1526 5140 ita
1577 5089 1806 5155 legatur.
1839 5084 2056 5158 _Fateo_r

481 5160 851 5227 conjecturam
888 5159 986 5211 viri
1018 5155 1315 5212 doctissimi
1360 5159 1489 5212 mihi
1530 5171 1744 5228 quoque
1767 5155 1924 5208 valde
1963 5155 2061 5228 ad-

491 5226 710 5284 modum
745 5228 958 5294 placere
999 5245 1011 5280 :
1045 5241 1223 5282 tamen
1251 5245 1370 5282 cum
1418 5226 1562 5284 editi
1584 5239 1638 5282 et
1668 5242 1761 5280 sex
1800 5241 1932 5279 mss.
1962 5226 2060 5278 ha-

481 5300 646 5354 beant
707 5299 978 5353 διδάσκειν
1040 5299 1249 5362 πάντας
1313 5297 1460 5363 τούς.
1518 5300 1699 5352 docere
1739 5312 1825 5349 eos
1883 5311 2060 5349 omnes

484 5370 597 5441 qui.
633 5381 762 5433 etc.,
807 5373 1102 5441 quidquam
1154 5371 1206 5423 in
1259 5379 1516 5425 contextu
1581 5368 1897 5424 mutandum
1953 5381 2058 5419 non

483 5440 733 5495 iudicavi.

479 5453 733 5510 )udtcavn.

675 5512 854 5592 gotiex
892 5527 1030 5567 unus
1052 5511 1243 5592 Πατήρ
1282 5528 1406 5592 μου.

669 5584 1041 5665 _Co_di_ees“n0n
1075 5577 1227 5665 pauci
1267 5577 1575 5665 Διαιρέσεις
1603 5580 1660 5665 δὲ
1683 5577 2056 5665 χαρισμάτων.

561 5648 638 5724 (7)
670 5655 812 5709 Libri
844 5656 1045 5722 aliquot
1075 5648 1292 5724 veteres
1319 5648 1445 5718 εἰσὶ,
1472 5652 1563 5724 καὶ
1593 5648 1987 5724 δαὺτὸς-Θεός.

561 5719 638 5792 (8)
667 5726 806 5779 Editi
835 5727 901 5796 τῇ
930 5719 1023 5777 τοῦ
1059 5721 1269 5793 Πατρὸς
1320 5724 1415 5775 καὶ
1460 5722 1554 5774 τοῦ
1608 5719 1760 5772 Υίοῦ.
1806 5719 1876 5773 At
1929 5734 2057 5772 mss.

490 5799 728 5865 quinque
755 5805 812 5849 ut
835 5797 886 5860 iu
916 5805 1193 5851 contextu.

565 5858 656 5940 (9f
683 5858 871 5924 Visum
908 5877 990 5926 est
1016 5866 1237 5925 librario
1269 5881 1454 5924 vocem
1507 5863 1650 5917 θεῖον
1697 5862 1745 5918 in
1780 5858 1911 5929 Reg.
1948 5868 2057 5914 ter.

2139 1988 2330 2055 ρεῖται.
2384 1988 2707 2057 Διαιρέσεις
2736 1988 2846 2055 τὰρ
2889 1989 3273 2060 χαρισμάτων
3306 1987 3379 2058 (6)
3417 1992 3609 2057 εἰσὶν,
3651 1990 3723 2045 τὸ

2137 2077 2205 2131 δὲ
2237 2081 2383 2134 αὐτὸ
2411 2080 2678 2148 Πνεῦμαυ
2714 2079 2812 2132 καί
2845 2078 3163 2150 διαιρέσεις
3194 2080 3513 2135 διακονιῶν
3539 2087 3723 2150 εἰσιν,

2140 2170 2171 2223 ὁ
2203 2171 2272 2224 δὲ
2301 2172 2480 2236 αὐτὸς
2523 2172 2762 2239 Κύριος·
2799 2172 2898 2226 καὶ
2941 2172 3262 2242 διαιρέσεις
3303 2172 3728 2244 ἐνεργημάτων

2139 2266 2330 2328 εἰσὶν,
2380 2267 2412 2316 ὀ
2439 2262 2507 2315 δὲ
2540 2265 2723 2331 αὐτὸς
2758 2267 2900 2333 Θεός
2941 2267 3017 2337 (7)
3057 2267 3229 2332 ἐστιν
3275 2269 3309 2322 ό
3352 2267 3613 2339 ἐνεργῶν
3655 2267 3732 2320 τὰ

2141 2356 2338 2410 πάντα
2370 2356 2438 2409 ἐν
2487 2354 2695 2411 πᾶσιν.
2759 2360 2920 2431 Ὁρᾷς
2958 2361 3076 2424 πῶς
3124 2361 3216 2414 καὶ
3263 2361 3497 2415 ἐνταῦθα
3545 2365 3578 2430 ἡ
3630 2358 3727 2411 τοῦ

2142 2449 2297 2516 ἁγίου
2351 2449 2672 2520 Πνεύματος
2723 2453 2970 2523 ὲνὲργεια
3025 2454 3431 2523 συντεταγμένη
3483 2453 3600 2506 ἐστὶ
3658 2453 3729 2521 τῇ

2141 2538 2354 2611 Πατρὸς
2387 2540 2482 2592 καὶ
2513 2541 2643 2593 Υἱοῦ
2677 2540 2751 2611 (8)
2782 2542 3034 2610 ἐνεργείᾳ
3060 2558 3073 2604 ;
3114 2539 3243 2594 Εἶτα
3273 2543 3369 2593 καὶ
3403 2545 3464 2593 ὲκ
3506 2540 3599 2594 τοῦ
3629 2541 3731 2592 ἐπ-

2142 2632 2413 2704 αγομένου
2440 2631 2702 2702 μειζόνως
2731 2633 2792 2684 τὸ
2813 2631 2954 2684 Θεῖον
3086 2632 3187 2703 τῆς
3211 2631 3425 2701 φύσεως
3447 2632 3542 2684 τοῦ
3570 2631 3730 2700 ἁγίου

2143 2725 2460 2796 Πνεύματος
2506 2724 2855 2798 φανεροῦται.
2913 2726 2978 2777 Τί
3031 2726 3138 2796 γάρ
3185 2741 3353 2793 φησι;
3413 2724 3604 2778 Ταῦτα
3660 2722 3735 2776 δὲ

2143 2817 2338 2870 πάντα
2378 2817 2606 2888 ἐνεργεῖ
2649 2817 2713 2871 τὸ
2744 2817 2812 2870 ἓν
2851 2817 2949 2870 καὶ
2995 2816 3064 2870 τὸ
3104 2815 3250 2870 αὐτὸ
3287 2817 3531 2887 Πνεῦμα
3576 2815 3731 2869 διαι-

2135 2910 2292 2976 ροῦν
2331 2911 2449 2978 ἰδίῃ
2480 2911 2734 2978 ἑκάστῳ,
2772 2911 2964 2977 καθὼς
3001 2911 3310 2976 βούλεται.
3345 2911 3510 2964 Οὐδὲν
3540 2910 3732 2980 ἕτερον

2143 3002 2175 3073 ἢ
2210 3003 2533 3074 αὑθεντικὴν
2568 3006 2662 3058 καὶ
2695 3004 3021 3075 δεσποτικὴν
3052 3003 3301 3068 ἐξουσίαν
3329 3005 3477 3075 αὺτῷ
3515 3021 3729 3074 μαρτυ-

2147 3098 2250 3166 ρεῖ.
2292 3095 2488 3165 Διόπερ
2523 3097 2580 3147 ὲν
2611 3098 2675 3166 τῇ
2708 3098 2882 3165 Καινῇ
2932 3095 3041 3165 (10)
3074 3095 3319 3166 Διαθήκῃ
3370 3097 3416 3146 οἱ
3451 3096 3732 3165 προφῆται

2146 3186 2488 3257 κεκράγασι·
2522 3185 2668 3239 Τάδε
2692 3185 2853 3255 λέγει
2883 3185 2949 3238 τὸ
2977 3184 3220 3252 Πνεῦμα
3245 3183 3312 3236 τὸ
3343 3183 3533 3253 ἅγιον.
3570 3184 3644 3237 Τὸ
3673 3183 3732 3238 δὲ

2141 3281 2367 3350 ἐρευνᾷν
2395 3279 2463 3333 τὰ
2493 3277 2629 3350 βάθη
2659 3277 2752 3332 τοῦ
2769 3277 2924 3342 Θεοῦ,
2956 3276 3120 3329 πόθεν
3142 3275 3220 3346 τῷ
3252 3275 3529 3347 Πνεῦματι
3562 3278 3733 3348 πρόσ-

2139 3388 2327 3436 εστιν;
2357 3373 2607 3439 Ὥσπερ,
2648 3371 2832 3441 φησιν,
2892 3369 3090 3436 οὐδεὶς
3119 3365 3284 3422 οἶδεν
3308 3369 3634 3437 ἀνθρώπων
3659 3371 3735 3423 τὰ

2139 3463 2246 3517 τοῦ
2276 3464 2590 3531 ἀνθρώπου
2620 3465 2669 3517 ει
2705 3463 2784 3530 μὴ
2817 3461 2882 3515 τὸ
2912 3463 3149 3533 πνεῦμα
3174 3462 3283 3516 τοῦ
3318 3463 3632 3522 ἀνθρώπου
3667 3462 3731 3514 τὸ

2141 3555 2211 3608 ἐν
2245 3554 2423 3620 αὐτῷ·
2457 3555 2610 3608 οὕτω
2652 3554 2750 3610 καὶ
2791 3554 2862 3607 τὰ
2902 3553 3006 3607 τσῦ
3037 3553 3185 3606 Θεοῦ
3229 3549 3425 3615 οὐδεὶς
3467 3548 3739 3618 ἔγνωκεν

2143 3651 2192 3702 εὶ
2215 3648 2300 3717 μὴ
2333 3647 2401 3700 τὸ
2435 3648 2682 3716 Πνεῦμα
2727 3647 2833 3700 τοῦ
2871 3644 3038 3701 Θεοῦ.
3085 3646 3171 3707 Ὣς
3217 3642 3326 3714 γὰρ
3359 3642 3534 3706 οὑοεὶς
3576 3641 3735 3694 ἀλλό-

2146 3758 2296 3812 τριος
2326 3740 2447 3792 οὐδὲ
2480 3739 2629 3804 ξένος
2655 3741 2778 3802 τοὺς
2806 3739 2950 3793 ἔνδον
2980 3737 3271 3807 λογισμοὺς
3295 3735 3618 3788 ἐποπτεύειν
3645 3733 3737 3787 δύ-

2149 3847 2306 3883 ναται
2337 3831 2436 3898 τῆς
2459 3829 2654 3897 ψυχῆς,
2687 3827 2829 3880 οῦτω
2860 3825 3120 3896 δηλονότι,
3148 3827 3242 3878 καὶ
3269 3825 3394 3878 εἴτι
3426 3825 3534 3877 τῶν
3559 3826 3733 3896 ἀττορ-

2151 3924 2328 3994 ρήτων
2361 3924 2609 3974 κοινωνεῖ
2650 3921 2727 3992 τῷ
2767 3920 2906 3991 Θεῷ,
2952 3922 3053 3974 οὐκ
3082 3919 3360 3990 ἀλλότριον
3405 3917 3514 3988 (ll)
3545 3917 3735 3983 αὑτοῦ,

2149 4013 2270 4066 οὐδὲ
2304 4012 2472 4079 ξένον,
2524 4013 2803 4085 διερευνᾷν
2848 4013 2915 4066 τά
2965 4013 3102 4084 βάθη
3149 4011 3257 4065 τῶν
3304 4011 3587 4082 χριμάτων
3641 4007 3736 4062 τοῦ

2151 4105 2286 4159 Θεοῦ
2309 4105 2554 4160 δύναται.
2585 4102 2720 4160 Εἶτα
2745 4106 2836 4160 καὶ
2862 4108 2893 4177 ἡ
2926 4103 3038 4176 ἰωὴ
3066 4107 3196 4176 ἡμῖν
3224 4103 3331 4156 ἀπὸ
3354 4100 3447 4154 τοῦ
3481 4100 3617 4154 Θεοῦ
3649 4101 3736 4154 διὰ

2154 4198 2391 4270 Χριστοῦ
2425 4199 2483 4251 ὲν
2511 4198 2651 4267 ἁγίῳ
2678 4197 2957 4269 Πνεῦματι
2983 4198 3317 4266 χορηγεῖται.
3347 4195 3610 4247 Ζωοποιεί
3638 4192 3738 4262 μὲν

2796 4335 2840 4366 ³³
2879 4337 2997 4388 Act.
3033 4348 3147 4394 xxi,
3186 4329 3272 4383 ll.
3365 4327 3410 4358 “
3449 4327 3468 4380 1
3501 4327 3627 4380 Cor.
3662 4341 3698 4378 ll

2164 4525 2238 4577 tio
2263 4524 2556 4590 corrigere,
2593 4535 2673 4574 src
2705 4528 2763 4572 ut
2803 4518 2855 4569 in
2887 4529 2979 4568 ora
3006 4512 3129 4590 libri
3160 4511 3442 4579 scripserit
3471 4511 3530 4590 τὸ
3568 4526 3743 4590 μεγα-

2088 4567 2135 4624 D
2161 4567 2851 4659 ἓτὶῖὶὲέιάἷτῖηιιὶνιιῖ
2874 4567 3016 4659 ἱέρᾳ
3052 4567 3351 4659 νετερς,ἰιε
3388 4567 3742 4659 ρριίιιείιηῖιιε

2165 4651 2344 4719 locum
2377 4651 2702 4730 corruperit.
2741 4675 2861 4730 enni
2893 4667 2948 4711 et
2976 4655 3047 4730 ⁸ἱιι
3107 4653 3284 4730 editis
3311 4662 3391 4730 et_
3416 4653 3466 4703 iu
3499 4651 3742 4730 quinque

2162 4750 2294 4788 mss.
2345 4721 2663 4788 constanter
2685 4731 2747 4783 τὸ
2795 4729 2938 4782 θεῖον
2976 4725 3208 4790 legatur.
3253 4722 3448 4774 Statim
3501 4721 3629 4775 editi
3680 4722 3741 4774 ἓν

2162 4807 2256 4858 καὶ
2282 4804 2433 4857 αὑτό.
2463 4802 2610 4855 Libri
2644 4813 2857 4853 veteres
2890 4800 2947 4852 ἓν
2981 4796 3077 4848 καὶ
3104 4792 3165 4845 τὺ
3193 4791 3347 4845 αὑτό.

2234 4874 2346 4956 (10)
2378 4873 2483 4927 Pro
2516 4874 2718 4954 καινῇ,
2831 4870 3006 4930 Novo,
3039 4864 3296 4956 scriptum
3343 4860 3741 4956 invenimuslin

2166 4931 2599 5015 marginekttegii
2642 4931 2787 5015 tertii
2823 4957 2980 5015 manu
3033 4933 3323 5015 adliipdum
3365 4934 3596 5015 recenti,
3629 4931 3745 5013 Ila-

2161 5003 2386 5087 λαιᾷῖἱη
2419 5003 2610 5067 γειευνί.
2647 5003 3361 5087 Sed_quicunquc_‘illelfuit,
3387 5003 3477 5084 qui
3507 5003 3578 5054 ita
3606 5006 3746 5087 seri:

2164 5074 2308 5157 psit,
2333 5085 2587 5154 opinione
2621 5099 2719 5157 sua
2758 5074 2929 5135 falsus
2953 5074 3058 5157 est.
3087 5074 3490 5157 Basilius-enim
3523 5074 3747 5157 respicit

2164 5142 2231 5210 ad
2261 5142 2394 5210 Acta
2442 5155 2809 5224 apostolorum
2845 5165 2958 5214 xxi,
2982 5148 3070 5209 ll,
3105 5144 3193 5224 ubi
3220 5144 3300 5224 sic
3333 5142 3532 5224 legitur
3565 5160 3578 5196 :
3617 5142 3745 5224 "ire

2163 5229 2292 5280 dicit
2327 5214 2555 5293 Spiriius
2588 5232 2822 5295 sanctus,
2843 5226 3009 5295 virum
3044 5215 3194 5295 cuius
3223 5223 3298 5294 est
3329 5230 3462 5295 sono
3485 5214 3617 5295 Iure,
3637 5223 3784 5290 etc.‘

2167 5286 2450 5352 Librarius
2479 5297 2619 5351 alius
2646 5294 2837 5347 melius
2862 5293 2926 5364 de
2972 5289 3072 5364 hoc
3116 5286 3743 5364 locoiudicaverat-ﬂuit

2169 5370 2238 5420 ita
2275 5376 2490 5421 notarat
2518 5368 2569 5419 in
2608 5364 2849 5434 margine
2878 5359 3032 5428 Regii
3065 5355 3310 5417 secundi,
3347 5355 3405 5408 ὲν
3441 5356 3560 5416 ταῖς
3597 5353 3745 5422 Πρά-

2168 5438 2332 5503 ξεσιν,
2368 5438 2422 5490 in
2449 5437 2610 5489 Actis.

2238 5509 2280 5578 (Δ
2301 5492 2348 5579 II)
2376 5507 2513 5560 Etliti
2550 5506 2827 5576 ἀλλότριον
2859 5500 2938 5579 δν.
2967 5497 3084 5553 Vox
3123 5497 3181 5551 ὅν
3205 5497 3259 5579 in
3275 5511 3369 5575 sex
3405 5509 3538 5579 mss.
3559 5492 3745 5579 deest,

2166 5564 2343 5634 Hu‘uc'
2376 5579 2550 5631 locum
2588 5564 2850 5630 vertimus
2906 5576 3003 5643 ita,
3066 5579 3125 5622 ut
3178 5567 3412 5635 optinms
3468 5564 3744 5643 interpres

2167 5652 2413 5704 Ducams.
2474 5647 2624 5700 Haud
2682 5641 3059 5716 rlonge_R_eg.
3124 5648 3375 5716 qua_rtus_
3400 5641 3744 5716 χρρηγεῐται.

2165 5720 2431 5789 Ζωογονεῖ
2489 5718 2588 5788 μὲν
2633 5715 2740 5787 γὰρ
2783 5707 2825 5767 δ’
2870 5707 3071 5775 Θεόςῖ..
3120 5707 3254 5762 Θεοῦ
3285 5707 3378 5758 τοῦ
3416 5707 3748 5772 ζωογονοῦν-

2163 5809 2276 5855 τος.
