4008 6476
269 401 379 458 665
1360 407 1731 466 ADVERSUS
1771 409 2137 467 EUNOMIUM
2174 410 2305 465 LIB.
2348 411 2436 466 ΙΙΙ.

269 515 379 585 γὰρ
404 519 432 569 ὁ
461 515 608 578 Θεὸς,
639 515 714 579 ὥς
746 534 877 587 φησι
909 517 1140 582 Παῦλοςο
1189 520 1586 589 Παραγγέλλω
1614 537 1709 576 σοι
1760 522 1823 576 ἐν

1957 521 2224 575 Christum
2262 540 2290 577 ε
2330 524 2575 588 mortuis,
2607 524 2885 592 viviﬁcabit
2914 527 3072 580 etiam
3112 529 3358 582 mortalia
3388 548 3481 584 cor

267 606 458 659 ώπιον
477 605 581 660 τοῦ
605 607 752 661 Θεοῦ
777 609 882 662 τοῦ
911 608 1329 676 ζωοποιοῦντος
1359 613 1427 664 τὰ
1443 610 1637 664 πάντα
1654 629 1668 641 ο
1695 612 1823 682 ζωὴι

1943 630 2076 682 pora
2118 624 2324 681 vestra,
2370 631 2454 684 per
2507 617 2674 686 ipsius
2728 614 2982 684 Spiritum
3019 620 3401 676 inhabilantem
3454 625 3506 680 in

267 697 329 749 δὲ
362 698 572 750 δίδωσιν
600 700 629 750 ό
663 701 895 770 Χριστός
927 701 1036 772 (12)
1057 719 1071 732 ο
1112 701 1187 755 Τὰ
1216 705 1478 770 πρόϐατα
1511 703 1640 772 γὰρ,
1682 705 1834 774 φησὶ,
1943 706 2081 758 vobis
2112 707 2184 760 ³⁷.

266 788 345 840 τὰ
372 789 483 857 ἐμὰ
517 789 626 858 τῆς
658 792 862 860 φωνῆς
895 810 1014 861 μου
1046 794 1365 859 ἀκούουσι,
1399 794 1497 847 καὶ
1539 795 1652 864 ἐγὼ
1684 794 1836 862 ζωὴν
1872 797 2111 851 αἰώνιον
2143 797 2345 868 δίδωμι
2377 800 2598 865 αὐτοῖς.
2670 801 3084 872 Ζωοποιούμεθα
3145 803 3199 856 δὲ
3229 803 3314 857 διὰ
3341 806 3508 860 Ilvati-

271 899 464 950 ματος,
505 883 579 946 ὥς
625 900 757 954 φησι
807 885 1050 948 Παῦλος·
1104 887 1166 939 '0
1210 888 1440 955 ἐγείρας
1479 887 1736 957 Χριστὸν
1775 889 1841 942 ἐκ
1882 889 2109 958 νεκρῶν
2147 891 2486 962 ζωοποιήσει
2527 893 2626 946 καὶ
2691 891 2764 946 τὰ
2809 893 2994 962 θνητὰ
3030 894 3272 949 σώαατα
3340 897 3505 968 ὑμῶν

267 972 371 1024 διὰ
407 974 511 1026 τοῦ
541 975 918 1041 ἐνοικοῦντος
949 977 1134 1029 αὐτοῦ
1168 982 1506 1048 Πνεύματος
1533 979 1601 1032 ἐν
1633 980 1792 1044 ὑμῖν.

343 1066 394 1119 5.
435 1067 572 1118 Ἀλλ’
602 1069 630 1119 ὁ
657 1068 832 1120 πάντα
855 1068 1124 1140 τολμηρὸς
1152 1065 1324 1133 οὗτος,
1350 1072 1440 1122 καὶ
1467 1071 1540 1140 μὴ
1566 1072 1823 1142 ὑποπτήσι

2015 1071 2071 1126 5.
2116 1071 2314 1124 Verum
2367 1071 2454 1125 hic
2511 1073 2612 1126 iste
2666 1087 2785 1125 cum
2832 1074 3030 1128 audeat
3067 1074 3284 1140 omnia,
3332 1092 3504 1145 neque

267 1177 378 1213 σων
428 1160 519 1214 τὸν
569 1161 942 1231 ἐπηρτημένον
996 1162 1235 1215 κίνδυνον
1284 1165 1395 1225 τοῖς
1444 1162 1680 1232 τολμῶσι
1732 1164 1820 1232 (15

1949 1163 2268 1234 periculum,
2292 1163 2432 1230 quod
2469 1162 2692 1216 cuilibet
2725 1163 3093 1230 blasphemum
3131 1164 3346 1233 aliquod
3381 1181 3504 1221 ver-

266 1252 584 1321 βὶάσφημόν
615 1270 665 1304 τι
705 1253 855 1322 ῥῆμα
900 1254 979 1316 εἰς
1011 1254 1071 1306 τὸ
1106 1253 1328 1324 Πνεῦμα
1373 1254 1434 1306 τὸ
1482 1255 1632 1322 ἆγιον
1667 1257 1823 1326 ἀττορ-

1939 1259 2063 1311 butn
2096 1258 2146 1310 itt
2184 1255 2446 1316 Spiritum
2479 1263 2720 1309 sanetum
2750 1256 2999 1310 emittere
3039 1259 3261 1311 audenti
3293 1258 3498 1327 impen-

265 1341 441 1410 ῥῖψαι,
472 1341 734 1411 ἀμέτοχον
763 1343 893 1396 αὐτὸ
927 1343 1177 1414 θεότητος
1207 1344 1585 1412 ἀποφαίνεται,
1615 1347 1823 1416 γράφωι

1939 1351 2048 1406 det.
2083 1348 2288 1411 timeat,
2325 1354 2602 1414 expertem
2635 1361 2758 1399 eum
2788 1347 3000 1402 deitalis
3036 1350 3379 1416 pronuntiat,
3423 1351 3500 1405 sic

261 1431 408 1484 οὕτω
433 1432 559 1501 περὶ
593 1432 684 1484 τοῦ
717 1433 1033 1504 Πνεύματος
1054 1450 1067 1464 ο

335 1524 494 1575 ΕΥΝ.
528 1524 720 1594 Τρίτον
756 1525 904 1588 τάξει
943 1525 1035 1577 καὶ
1076 1524 1184 1594 (14)
1234 1525 1411 1593 φύσει,
1461 1525 1837 1596 προστάγματι

263 1614 367 1685 μὲν
401 1614 492 1666 τοῦ
529 1617 772 1688 Πατρὺς,
810 1619 1058 1686 ἐνεργείᾳ
1105 1616 1160 1668 δὲ
1207 1616 1300 1669 τοῦ
1354 1616 1483 1670 Υίοῦ
1523 1618 1830 1687 γενόμενον,

258 1706 418 1778 τρίτῃ
445 1706 597 1778 χώρᾳ.
628 1708 954 1778 τιμώμενον,
986 1707 1060 1770 ὡς
1088 1708 1301 1778 πρῶτον
1328 1709 1419 1760 καὶ
1448 1708 1631 1777 μεῖζον
1660 1708 1832 1760 ἀπάν-

257 1816 402 1862 των,
444 1801 538 1854 καὶ
590 1802 748 1872 μόνον
784 1798 1020 1853 τοιοῦτον
1072 1801 1163 1853 τοῦ
1214 1799 1549 1869 Μονογενοῦς
1596 1802 1827 1872 ποίημα,

1939 1440 2005 1493 de
2033 1438 2233 1508 Spiritu
2264 1439 2508 1492 scribens
2541 1455 2555 1491 :

2007 1531 2138 1584 Eun.
2179 1530 2394 1583 Tertius
2444 1530 2632 1583 ordine
2677 1538 2731 1583 et
2773 1540 3004 1593 natura,
3063 1529 3239 1585 Patris
3280 1531 3496 1599 quidem

1934 1629 2222 1688 praecepto,
2255 1620 2572 1688 operatione
2617 1634 2746 1672 vero
2779 1621 2900 1674 Filii
2937 1620 3133 1686 factus,
3172 1624 3332 1676 tertio
3375 1622 3498 1675 loco

1933 1712 2263 1778 honoratus,
2309 1721 2564 1782 tanquam
2611 1714 2701 1782 qui
2738 1714 2810 1768 sit
2843 1713 3113 1781 primum,
3146 1714 3498 1783 omniumque

1932 1804 2261 1867 maximum,
2313 1812 2368 1858 et
2401 1803 2573 1857 solum
2616 1803 2925 1872 hujusmodi
2967 1804 3240 1873 opiﬁcium
3295 1803 3495 1874 Unige-

257 1890 511 1962 Θεότητος
539 1895 629 1946 καὶ
659 1893 1051 1962 δημιουργικῆς
1074 1893 1352 1962 δυνάμεως
1377 1892 1823 1963 ἀπολειπόμενον.

1933 1895 2285 1963 ιιὶιὶ,,(ἰείιιιῑε
2312 1911 2376 1950 ac
2409 1895 2626 1950 creandi
2663 1896 2896 1964 potentia
2927 1911 3141 1950 carens.

329 1984 478 2037 ΒΑΣ.
525 1985 580 2037 Ὀ
609 1983 664 2035 δὲ
696 1983 853 2036 τοῦτο
889 1983 1059 2050 λέγων
1111 1983 1254 2036 ἔοικε
1292 1985 1428 2054 μηδὲ
1461 1985 1556 2055 τὴν
1602 1985 1828 2057 θεότητα

257 2077 676 2131 πεπιστευκέναι
709 2078 765 2130 ὲν
806 2079 937 2147 ἡμῖν
965 2078 1132 2129 οἰκεῖν
1167 2078 1299 2148 (15),
1324 2079 1415 2132 τοῦ
1461 2080 1704 2132 Ἰωάννου
1741 2081 1828 2133 λέ-

256 2189 445 2240 γοντος
483 2170 605 2241 περὶ
637 2168 770 2222 Θεοῦ
794 2186 805 2198 ·
853 2171 945 2223 Ἐκ
978 2171 1188 2224 τούτου
1220 2171 1607 2240 γινώσκομεν,
1643 2173 1729 2226 ὅτι
1763 2174 1831 2226 ἐν

255 2261 405 2330 ἡμῖν
431 2261 632 2323 ἐστιν,
666 2260 733 2312 ἐκ
770 2259 879 2314 τοῦ
932 2261 1278 2329 Πνεύματος
1328 2257 1398 2315 οὗ
1430 2261 1573 2331 ἡμῖν
1608 2261 1789 2314 ἔδωκε
1813 2277 1824 2290 ο

257 2353 353 2406 καὶ
400 2351 493 2404 τοῦ
548 2353 905 2405 Ἀποστόλου·
946 2355 1065 2406 Οὐκ
1111 2352 1328 2414 οἴδατε,
1371 2352 1456 2404 ὅτι
1494 2351 1639 2416 ναός
1681 2352 1828 2405 Θεοῦ

255 2447 417 2509 ἐστε,
459 2447 556 2499 καὶ
586 2446 651 2498 τὸ
683 2446 922 2516 Πνεῦμα
955 2446 1060 2500 τοῦ
1099 2445 1244 2500 Θεοῦ
1260 2443 1409 2498 οἰκεῖ
1438 2445 1506 2496 ἐν
1527 2443 1701 2514 ὑμῖν;
1736 2445 1828 2498 καὶ

256 2540 442 2592 πάλινο
482 2542 576 2593 Ἐν
599 2539 644 2598 ᾧ
670 2541 705 2606 ή
729 2539 894 2593 πᾶσα
920 2538 1198 2605 οἰκοδομὴ
1222 2538 1827 2608 συναρμολογουμένη

256 2633 429 2696 αὔξει
466 2635 551 2697 είς
595 2633 744 2684 ναὸν
788 2630 960 2698 ἅγιον
989 2631 1057 2686 ὲν
1087 2630 1314 2696 Κυρίῳ,
1347 2630 1416 2683 ἐν
1445 2623 1492 2695 ᾧ
1525 2631 1622 2683 καὶ
1662 2631 1829 2699 ὑμεῖς

256 2721 788 2791 συνοικοδομεῖσθε
829 2725 913 2787 εἰς
945 2720 1400 2789 κατοικητήριον
1433 2721 1539 2774 τοῦ
1587 2721 1732 2774 Θεοῦ
1761 2721 1830 2772 ἐν

256 2815 576 2882 Πνεύματι.
609 2814 670 2866 Εἰ
692 2813 869 2866 τοίνυν
900 2815 955 2866 ὲν
984 2815 1116 2883 ημῖν
1143 2815 1171 2865 ὁ
1191 2811 1321 2874 Θεὸς
1356 2815 1582 2866 ἐνοικεῖν
1613 2812 1828 2880 λέγεται

255 2907 347 2960 διὰ
372 2907 464 2960 τοῦ
494 2907 825 2978 Πνεύματος,
857 2906 971 2969 πῶς
1002 2907 1120 2976 οὐχὶ
1146 2907 1381 2976 φανερᾶς
1413 2905 1660 2968 ἀσεϐείας
1683 2907 1828 2958 ἐστὶν

257 2999 392 3051 αὐτὸ
424 2998 484 3050 τὸ
511 2998 732 3068 Πνεῦμα
765 2998 941 3066 λέγειν
970 2998 1232 3067 ἀμέτοχον
1248 2997 1350 3065 τῆς
1380 2997 1664 3065 θεότητος;
1696 2998 1824 3059 Καὶ,

257 3093 308 3142 εί
338 3091 492 3152 θεοὺς
525 3089 860 3160 ὀνομάζομεν
891 3090 1015 3151 τοὺς
1042 3090 1160 3140 κατ’
1192 3087 1390 3156 ἀρετὴν
1423 3086 1680 3149 τελείους,
1712 3089 1744 3157 ή
1773 3087 1828 3140 δὲ

2001 1984 2126 2040 Bas.
2164 1986 2279 2040 Hoc
2309 1986 2400 2055 qui
2427 1986 2590 2051 dicit,
2628 2001 2725 2040 nec
2755 1987 3008 2041 deitatem
3037 1987 3281 2042 habitare
3311 1990 3362 2042 in
3393 2005 3493 2042 no-

1934 2075 2016 2130 bis
2052 2077 2261 2131 videtur
2300 2072 2543 2142 credere,
2597 2078 2698 2132 etsi
2746 2079 2812 2134 de
2861 2079 2969 2133 Deo
3016 2077 3249 2134 Joannes
3292 2081 3424 2134 dicit
3475 2099 3489 2136 :

1933 2164 2018 2218 Ex
2046 2167 2143 2220 hoc
2176 2169 2395 2234 scimus,
2433 2171 2571 2239 quod
2599 2170 2652 2222 ia
2685 2171 2830 2224 nobis
2865 2185 2936 2223 est
2957 2210 2971 2234 ,
3002 2187 3066 2225 ea:
3093 2169 3313 2239 Spiritu,
3340 2187 3494 2242 quem

1931 2257 2077 2308 nobis
2105 2257 2245 2308 dedit
2268 2258 2310 2288 ³⁸
2337 2276 2350 2322 ;
2394 2259 2754 2326 etApostolus
2780 2277 2792 2312 :
2827 2257 3054 2314 Nescitis
3086 2262 3224 2323 quod
3248 2263 3494 2328 templum

1933 2346 2026 2400 Dei
2043 2349 2187 2414 estis,
2205 2358 2249 2402 et
2272 2347 2503 2415 Spiritus
2526 2349 2834 2402 Deihabitat
2853 2352 2904 2402 in
2926 2353 3065 2402 vobis
3081 2352 3122 2382 ³⁸
3142 2353 3164 2403 ?
3186 2361 3237 2404 et
3256 2368 3445 2406 rursus
3476 2371 3489 2407 :

1932 2437 1998 2491 In
2025 2456 2125 2510 quo
2157 2441 2321 2493 omnis
2356 2441 2637 2504 aediﬁcatio
2664 2452 3025 2511 coagmentata
3054 2443 3234 2496 crescit
3267 2444 3322 2497 in
3357 2453 3491 2503 tem~

1929 2532 2072 2599 pium
2112 2543 2346 2585 sanctum
2382 2533 2436 2584 in
2480 2531 2724 2596 Domino,
2764 2535 2819 2585 in
2850 2549 2950 2602 quo
2996 2542 3043 2586 et
3061 2547 3161 2588 σοι
3192 2534 3491 2603 coaediﬁca-

1931 2622 2059 2674 mini
2104 2623 2158 2674 in
2205 2622 2564 2675 habitaculum
2617 2623 2709 2676 Dei
2740 2625 2793 2676 in
2841 2622 3042 2692 Spiritu
3083 2623 3151 2680 ⁸ο.
3203 2624 3414 2694 Itaque,
3449 2627 3492 2682 si

1931 2713 2075 2767 Deus
2105 2713 2158 2767 in
2183 2714 2340 2767 nobis
2368 2730 2462 2780 per
2492 2712 2752 2781 Spiritum
2786 2713 3032 2769 habitare
3059 2715 3279 2780 dicitur,
3313 2733 3495 2771 nonne

1932 2802 2212 2856 manifesta
2246 2802 2496 2870 impietas
2529 2813 2632 2869 est,
2666 2802 2840 2872 ipsum
2874 2803 3136 2872 Spiritum
3166 2806 3349 2860 dicere
3377 2808 3492 2863 dei-

1931 2898 2055 2952 tatis
2085 2898 2399 2953 exsortem?
2429 2897 2516 2962 Et,
2543 2897 2586 2953 si
2610 2914 2702 2952 eos
2731 2899 2820 2967 qui
2852 2899 3053 2953 virtute
3082 2899 3305 2969 perfecti
3333 2913 3479 2966 sunt,

1931 2991 2062 3046 deos
2090 2991 2452 3055 nominamus,
2478 2990 2740 3060 perfectio
2764 2999 2944 3044 autem
2975 3001 3057 3046 est
3082 3008 3177 3061 per
3198 2990 3493 3061 Spiritum;

1930 3081 2200 3152 quomodo
2229 3082 2320 3151 qui
2357 3081 2493 3135 alios
2525 3080 2688 3135 eiiicit
2738 3083 2890 3149 deos,
2931 3083 3020 3137 ille
3048 3083 3162 3153 ipse
3204 3084 3494 3139 destitutus

255 3183 533 3244 τελείωσις
565 3183 650 3233 διὰ
690 3181 781 3232 τοῦ
821 3179 1166 3247 Πνεύματος,
1205 3177 1320 3240 πῶς
1353 3178 1413 3230 τὸ
1458 3179 1678 3249 ἐτέρους
1712 3179 1823 3232 θεο-

1934 3177 2130 3230 deitate
2155 3175 2277 3230 est?
2315 3175 2425 3228 Nec
2453 3190 2582 3229 vero
2617 3175 2761 3243 pium
2787 3169 2954 3228 fuerit
2979 3177 3175 3239 dicere,
3217 3185 3273 3230 ut
3308 3178 3359 3229 in
3395 3178 3493 3230 ho-

256 3273 442 3328 ποιοῦν
473 3272 608 3326 αὐτὸ
647 3273 743 3342 τῆς
779 3271 1027 3341 θεότητος
1073 3271 1458 3337 ἀπολείπεται;
1512 3272 1670 3325 Ἀλλὰ
1723 3273 1828 3344 μὴν

255 3366 377 3419 οὐδὲ
407 3362 647 3427 εὐσεϐὲς,
691 3361 877 3434 ὥσπερ
919 3364 1010 3415 ἐπὶ
1038 3363 1145 3415 τῶν
1189 3363 1491 3434 ἀνθρώπων
1515 3407 1528 3428 ,
1561 3363 1702 3416 οὕτω
1735 3365 1829 3416 καὶ

254 3458 347 3509 ἐπὶ
378 3452 471 3507 τοῦ
516 3454 850 3526 Πνεύματος,
890 3454 1155 3524 μεθεκτὴν
1185 3455 1361 3522 λέγειν
1395 3455 1557 3507 αὑτοῦ
1587 3456 1686 3524 τὴν
1720 3455 1828 3507 θεό-

253 3565 394 3619 τητα
415 3546 736 3618 τετιμῆσθαι
762 3544 892 3615 (16),
927 3545 1019 3597 καὶ
1043 3544 1163 3614 οὐχὶ
1193 3543 1349 3613 φύσει
1380 3543 1527 3614 αὑτῴ
1555 3542 1827 3616 συνυπάρ-

254 3656 391 3709 χειν.
436 3639 493 3691 '0
532 3639 639 3710 γὰρ
681 3637 859 3708 χάριτι
895 3635 1304 3706 θεοποιούμενος
1338 3636 1437 3706 τῆς
1471 3640 1826 3708 μεταπτωτῆς

254 3733 371 3783 ἐστι
413 3730 644 3799 φύσεως,
685 3728 742 3794 ἐξ
782 3727 1110 3800 ἁπροσεξίας
1142 3728 1268 3780 ποτὲ
1308 3728 1401 3780 καὶ
1450 3727 1826 3800 ἀπορρεούσης

253 3824 348 3876 τοῦ
388 3821 712 3893 κρείττονος.
760 3820 927 3874 Τοῦτο
964 3821 1021 3872 δὲ
1056 3819 1240 3889 σαφῶς
1282 3820 1508 3890 μάχεται
1548 3823 1611 3890 τῇ
1647 3837 1819 3890 παρα-

252 3916 396 3968 δόσει
418 3913 510 3968 τοῦ
532 3917 794 3985 σωτηρίου
821 3913 1207 3982 βαπτίσματος.
1232 3911 1644 3980 Πορευθέντες,
1671 3914 1822 3980 φησὶ,

253 4002 563 4070 ⁸ϐαπτίζει-ε
584 4007 671 4070 εις
695 4003 758 4056 τὸ
786 4004 970 4072 ὄνομα
992 4002 1096 4055 τοῦ
1126 4002 1375 4068 Πατρός,
1402 4005 1498 4055 καί
1526 4003 1630 4055 τοῦ
1666 4003 1819 4065 Υἰοῦ,

254 4094 353 4148 καί
390 4094 496 4147 τοῦ
540 4095 712 4162 ἁγίου
758 4095 1100 4162 Πνεύματος
1134 4092 1265 4163 (17).
1305 4093 1458 4144 Ἔστι
1485 4091 1594 4162 γὰρ
1623 4093 1684 4144 τὸ
1732 4091 1824 4161 βά-

253 4202 465 4254 πτισμα
508 4185 742 4255 σφραγὶς
778 4184 875 4254 τῆς
906 4186 1156 4251 πίστεως,
1198 4187 1230 4256 ἡ
1264 4184 1320 4240 δὲ
1359 4183 1536 4247 πίστις
1576 4183 1824 4254 θεότητος

254 4277 669 4348 συγκατάθεσις.
705 4274 994 4330 Πιστεῦσαι
1025 4276 1130 4347 γὰρ
1163 4277 1242 4330 δεῖ
1280 4277 1558 4348 πρότερον,
1590 4273 1706 4330 εἶτα
1748 4276 1824 4347 τῷ

255 4369 590 4440 βαπτίσματι
611 4365 1138 4440 ἐπισφραγίσασθαι.
1177 4367 1249 4419 Τὸ
1273 4367 1327 4419 δὲ
1357 4366 1637 4437 βάπτισμα
1670 4366 1824 4437 ἡμῶν

253 4463 370 4512 ἐστι
405 4459 543 4513 κατὰ
581 4461 678 4530 τὴν
709 4460 802 4512 τοῦ
833 4460 938 4530 (18)
974 4459 1177 4530 Κυρίου
1206 4459 1518 4528 παράδοσιν,
1549 4460 1627 4522 είς
1657 4458 1824 4526 ὄνομα

1934 3267 2187 3332 minibus,
2237 3265 2309 3316 ita
2335 3274 2388 3317 et
2416 3263 2469 3316 in
2501 3264 2706 3332 Spiritu
2741 3264 2997 3318 deitatem
3030 3279 3148 3334 qua:
3190 3266 3491 3336 participa-

1932 3358 2076 3410 tione
2113 3356 2378 3425 acquisita
2416 3355 2507 3418 sit,
2543 3355 2825 3422 honorari,
2855 3373 2958 3410 non
2998 3366 3178 3411 autem
3209 3367 3399 3413 natura
3437 3362 3489 3415 ei

1927 3458 2256 3516 competere.
2301 3448 2401 3514 Qui
2429 3447 2570 3500 enim
2623 3448 2762 3500 dono
2788 3447 3020 3500 eﬂicitur
3048 3448 3213 3512 Deus,
3255 3427 3510 3506 mutabi:

1928 3541 1993 3597 lis
2020 3552 2102 3596 est
2132 3553 2369 3606 naturae,
2401 3556 2519 3610 qua:
2565 3554 2945 3608 nonnunquam
2977 3555 3073 3609 per
3104 3541 3486 3612 negligentiam

1929 3649 1956 3688 a
2006 3633 2251 3689 bonitate
2285 3635 2521 3688 excidat.
2555 3631 2610 3686 ld
2657 3641 2834 3686 autem
2877 3644 3062 3702 aperte
3102 3636 3355 3689 salutaris
3387 3636 3485 3688 ba-

1927 3727 2105 3796 ptismi
2136 3736 2394 3796 repugnat
2423 3724 2722 3778 traditioni.
2751 3723 2968 3789 Eunus,
3000 3725 3196 3794 inquit,
3227 3725 3490 3794 baptizata

1927 3822 1980 3874 in
2011 3801 2216 3873 nomine
2241 3817 2441 3881 Putris,
2474 3825 2520 3870 et
2553 3814 2706 3881 Filii,
2741 3826 2787 3870 et
2817 3816 3051 3884 Spiritus
3088 3817 3258 3870 sancti
3295 3814 3361 3869 “.
3396 3816 3492 3872 Est

1925 3911 2067 3962 enim
2105 3907 2368 3974 baptisma
2408 3907 2641 3974 sigillum
2680 3907 2834 3967 ﬁdei.
2873 3906 3004 3960 ﬁdes
3056 3921 3184 3961 vero
3227 3920 3486 3962 assensus

1925 4011 2008 4055 est
2064 3998 2269 4052 deitati.
2342 3997 2474 4051 Nam
2531 3998 2749 4053 credere
2797 3998 2944 4068 prius
2998 4008 3245 4067 Oportet,
3297 3999 3493 4062 deinde

1926 4091 2249 4162 baptismate
2278 4090 2572 4160 obsignari.
2608 4089 2702 4144 Est
2744 4101 2922 4145 autem
2958 4102 3139 4145 noster
3189 4091 3489 4160 baptisntus

1933 4197 1998 4237 ex
2013 4181 2222 4237 Domini
2260 4181 2569 4245 traditione,
2593 4180 2644 4234 itt
2663 4196 2857 4234 nomen
2876 4179 3068 4244 Patris,
3093 4182 3317 4250 et277
3344 4182 3487 4248 Filii,

1924 4285 1978 4329 et
2030 4273 2261 4343 Spiritus
2322 4275 2516 4338 sancti,
2584 4271 2725 4324 nulla
2770 4280 3038 4332 creatura,
3093 4285 3268 4340 neque
3325 4288 3490 4328 servo

1925 4364 2072 4418 Patri
2115 4379 2176 4417 ae
2218 4361 2356 4415 Filio
2412 4361 2722 4430 conjuncta,
2761 4376 2883 4416 cum
2941 4362 3116 4418 deitas
3139 4363 3192 4418 in
3221 4363 3490 4420 Trinitate

1926 4455 2280 4522 compleatur.
2314 4451 2448 4505 Nam
2483 4454 2741 4522 quidquid
2773 4462 2926 4508 extra
2954 4456 3051 4509 bos
3094 4463 3175 4507 est
3196 4493 3210 4516 ,
3242 4454 3292 4508 id
3321 4470 3486 4509 omne

254 4553 470 4621 Πατρὺς
530 4551 622 4605 καὶ
676 4551 805 4603 Υἱοῦ
866 4555 960 4604 xai.
1009 4551 1161 4620 ἁγίου
1214 4550 1560 4618 Πνεύματος’
1612 4548 1820 4610 οὐδενὸς

1929 4559 2241 4601 conservum
2268 4552 2372 4608 est,
2402 4545 2610 4598 etiamsi
2645 4547 2876 4598 maxime
2901 4543 2968 4596 ob
2993 4543 3315 4611 dignitatum
3344 4561 3482 4614 prte-

252 4644 572 4713 κτίσμσπος,
607 4643 724 4697 οὐδὲ
757 4642 939 4695 δούλου
971 4643 1143 4713 Ila.th
1175 4642 1267 4694 καὶ
1310 4640 1418 4709 Υἰῷ
1459 4639 1822 4708 συντεταγμέ-

1910 4640 2177 4693 .stantiam
2211 4639 2314 4690 alia
2343 4637 2462 4692 aliis
2488 4647 2897 4706 anteponantur.

252 4753 366 4799 νου,
393 4734 468 4798 ὼς
496 4737 591 4806 τῆς
618 4734 869 4804 θεότητος
897 4735 952 4784 ὲν
983 4734 1168 4803 Τριάδι
1200 4731 1709 4803 συμπληρουμένης.
1744 4731 1815 4782 Τὸ
1851 4731 1906 4783 δὲ
1968 4729 2072 4792 ἔξω
2097 4728 2297 4781 τούτων
2363 4728 2644 4797 ὁμόδουλον
2671 4729 2812 4780 ἅπαν
2838 4726 2976 4792 ἐστὶ,
3011 4727 3113 4782 κᾶν
3150 4727 3218 4781 τὰ
3251 4727 3484 4799 μάλιστα

252 4827 577 4897 ὑπερϐολαῖς
624 4828 944 4898 ἀξιωμάτων
985 4825 1116 4879 ἄλλα
1156 4826 1326 4878 ἄλλων
1374 4822 1812 4894 προτετιμημένα
1850 4820 2111 4891 τυγχάνῃ.

327 4921 378 4975 6.
420 4922 529 4974 Καὶ
561 4925 634 4993 μή
682 4939 770 4993 μοι
809 4922 967 4975 πάλιν
997 4920 1062 4973 τὰ
1100 4920 1237 4987 σοφὰ
1267 4919 1434 4972 ταῦτα
1455 4935 1468 4948 ο

326 5009 484 5063 ΕΥΝ.
526 5011 650 5063 Ἐὰν
682 5013 757 5084 μὴ
794 5017 996 5081 κτίσμα
1025 5009 1199 5072 ἐστὶν,
1240 5008 1432 5062 οὐκοῦν
1471 5009 1734 5078 γέννημα,
1781 5005 1811 5074 ἢ

332 5215 375 5250 ⁸⁷
419 5216 573 5271 Rom.
622 5228 740 5278 Vl",
783 5213 869 5265 11.
945 5208 1220 5264 ³ὀιιιοιιιι.
1255 5222 1338 5272 ιιι,
1377 5207 1466 5260 21.

326 5401 436 5470 (12)
458 5400 589 5453 Pars
614 5399 784 5467 major
807 5395 1063 5470 lihroru_m
1082 5402 1318 5470 veterum
1333 5391 1513 5470 δίδωσι
1548 5392 1797 5461 Χριστός.

256 5461 450 5525 Statim
481 5471 610 5538 Reg.
647 5461 868 5535 quartus
890 5463 1070 5533 φωνῆς
1101 5482 1200 5538 μου
1230 5461 1436 5538 ἀκούει.

329 5540 436 5610 (15)
463 5531 608 5610 Libri
642 5531 844 5605 aliquot
863 5531 1068 5610 veteres
1093 5537 1200 5610 τοῖς
1234 5531 1551 5610 τολμήσασα

329 5602 437 5683 (14)
461 5609 684 5683 Codices
705 5602 941 5683 nonnulli
969 5605 1060 5683 xa‘t
1089 5603 1239 5683 τάξει
1271 5602 1543 5655 καίζΕιΙιιὶ
1579 5602 1802 5683 προστά-

254 5673 428 5752 γματι
606 5678 800 5752 vocula
829 5676 928 5747 μέν
970 5677 1020 5752 in
1058 5673 1241 5752 majori
1277 5684 1425 5752 parte
1457 5689 1585 5752 mss;
1626 5675 1796 5724 deest.

329 5752 440 5821 (15)
462 5742 583 5821 ’νοξ
623 5747 807 5821 οίκεῖν
833 5742 1161 5821 'nonlegitur
1200 5742 1252 5793 in
1281 5742 1668 5821 editioneb'eu.
1697 5757 1804 5821 ρε-

257 5810 364 5890 que
394 5810 444 5874 in
468 5818 699 5887 antiquis
726 5833 816 5871 sex
853 5817 1000 5871 libris
1028 5810 1157 5869 {sed
1185 5824 1300 5865 eam
1360 5815 1413 5866 in
1444 5813 1674 5867 editione
1697 5810 1800 5864 Pa-

1994 4912 2047 4965 6.
2084 4912 2194 4966 Nec
2218 4914 2347 4967 mihi
2381 4929 2569 4968 rursus
2598 4913 2860 4981 sapientia
2892 4911 2978 4965 illa
3015 4912 3178 4967 verba
3212 4913 3435 4982 objicias
3463 4929 3479 4967 :

1997 5006 2128 5059 lius.
2181 5005 2236 5059 Si
2286 5016 2529 5060 creatura
2574 5020 2676 5057 non
2726 5014 2847 5067 est,
2887 5007 3050 5075 igitur
3095 5006 3339 5073 genitura
3389 5018 3483 5060 aut

1555 5206 1597 5237 ³³
1643 5208 1658 5258 Ι
1687 5207 1811 5260 Cor.

1955 5205 2040 5259 16.
2116 5206 2162 5235 ⁸ο
2203 5205 2399 5274 Ephes.
2428 5221 2486 5270 ιι,
2519 5203 2608 5270 21,
2636 5205 2727 5258 ‘22.
2801 5205 2842 5234 ⁵⁸
2880 5203 3070 5257 Matth.
3103 5221 3290 5267 xxvnt,
3323 5206 3406 5259 19.

1913 5392 2124 5446 risiensi
2158 5390 2452 5444 addendam
2488 5403 2606 5441 esse
2649 5403 2712 5438 ex
2744 5384 2911 5451 Regio
2941 5400 3040 5440 suo
3068 5386 3251 5440 codice
3290 5385 3480 5437 existi-

1910 5465 2073 5515 utavit
2106 5463 2185 5512 vir
2217 5459 2618 5512 eruditissimus
2651 5457 2892 5509 Dueaeus.

1979 5530 2082 5600 (16)
2111 5530 2254 5582 Libri
2292 5531 2494 5595 aliquot
2526 5541 2732 5600 veteres
2759 5528 2848 5600 καὶ
2881 5524 3230 5600 τετιμῆσθαι.

1979 5593 2089 5668 (17)
2114 5600 2340 5654 Codices
2368 5593 2606 5652 nonnulli
2644 5597 2855 5666 Πατρδς
2882 5597 2976 5648 κα)⁹
3007 5593 3137 5647 Υἱοῦ
3176 5593 3269 5646 καὶ
3317 5595 3476 5661 ἁγίου

1905 5669 2241 5739 Πνεύματος.

1977 5733 2086 5811 118)
2115 5742 2292 5796 Codex
2320 5739 2468 5796 Colb.
2496 5738 2614 5792 κατ’
2636 5737 2804 5806 αὐτὴν
2830 5736 2927 5806 τὴν
2962 5733 3076 5787 τοῦ.
