4008 6462
495 379 601 438 667

1796 371 1854 427 S.
1897 369 2141 426 BASILII
2180 368 2394 424 MAGNI

3630 366 3745 422 668

501 498 795 570 ingenitus.
844 495 994 550 Unus
1026 502 1207 549 autem
1253 491 1395 548 Deus
1433 499 1517 547 est
1561 490 1828 560 principio
1863 505 2057 545 carens

2182 489 2453 558 ιγέννητον
2485 487 2617 558 (19).
2652 481 2744 549 Εἷς
2772 488 2826 539 δὲ
2858 489 3088 558 ἄναρχος
3120 487 3249 550 Θεὸς
3291 488 3383 541 καὶ
3414 487 3740 557 ἀγέννητος.

500 603 666 660 atque
710 589 998 658 ingenitus.
1047 585 1231 654 Neque
1266 599 1394 639 vero
1439 584 1687 654 genitura
1719 593 1821 637 est.
1866 583 2062 638 Restat

501 697 628 752 ergo
651 691 708 734 ut
731 681 846 750 ipse
875 690 1124 735 creatura
1160 678 1476 746 facturaque
1512 674 1841 729 nominetur.

569 773 693 829 Bas.
742 771 855 840 Ego
899 785 1061 836 vero,
1090 770 1135 824 si
1185 777 1376 823 cuncta
1415 767 1715 837 judicarem
1759 768 2065 835 cognitione

500 875 681 919 nostra
732 862 1114 933 comprehendi
1173 875 1349 930 posse,
1403 876 1490 915 me
1546 861 1780 914 iortasse
1836 862 2066 929 puderet

503 952 865 1019 ignorantiam
903 951 1170 1005 conliteri.
1207 949 1356 1004 Nunc
1390 959 1573 1003 autem
1608 951 1922 1014 innumera,
1955 966 2062 1004 non

503 1044 675 1098 solum
712 1059 778 1097 ex
809 1045 875 1097 iis
902 1058 1020 1111 quae
1049 1043 1204 1096 nobis
1235 1042 1289 1095 in
1318 1042 1502 1097 futuro
1528 1041 1729 1094 saeculo
1765 1041 2068 1095 recondun-

502 1143 613 1201 tur,
648 1144 703 1189 et
727 1149 792 1189 ex
831 1135 896 1189 iis
931 1150 1047 1204 qua:
1083 1149 1223 1188 nunc
1253 1135 1304 1186 in
1344 1132 1497 1186 caelis
1538 1140 1682 1194 sunt,
1719 1131 1886 1186 latent
1929 1147 2064 1185 nos:

505 1229 600 1281 sed
631 1242 807 1297 neque
842 1242 902 1281 ea
950 1242 1070 1296 quae
1099 1226 1152 1279 in
1188 1234 1379 1280 nostro
1413 1239 1638 1293 corpore
1670 1223 1894 1287 insunt,
1925 1224 2069 1277 clare

507 1334 570 1373 ac
612 1321 890 1375 evidenter
924 1319 1456 1387 comprehendimus.
1506 1315 1746 1385 Exempli
1793 1331 1957 1370 causa
2004 1316 2070 1369 de

506 1412 653 1475 visu,
698 1421 911 1477 utrum,
939 1412 1061 1463 dum
1096 1424 1276 1463 rerum
1314 1406 1602 1460 visibilium
1635 1407 1900 1477 susceptis
1935 1406 2070 1460 ima-

505 1503 751 1572 ginibus,
787 1503 858 1556 ita
891 1503 1103 1555 demum
1136 1499 1348 1566 objecta
1387 1499 1746 1568 percipiamus
1791 1517 1803 1551 :
1840 1507 1894 1551 et
1937 1513 2070 1566 quo-

506 1594 666 1648 modo
707 1594 1060 1648 maximorum
1111 1591 1406 1655 montium,
1442 1591 1827 1659 immensasque
1876 1601 2065 1653 terrae.

503 1694 561 1738 et
587 1685 781 1738 inﬁniti
813 1687 1018 1748 maris,
1053 1699 1116 1737 ac
1159 1682 1281 1737 cceli
1327 1683 1496 1750 ipsius
1540 1682 1720 1752 imago
1765 1685 1816 1736 in
1874 1684 2064 1754 exigua

509 1787 708 1830 nostra;
749 1776 963 1845 pupillae
1006 1788 1257 1828 mensura
1305 1775 1699 1828 contineatur:
1753 1787 1819 1825 an
1866 1789 1986 1827 cum
2037 1791 2064 1826 a

510 1868 664 1923 nobis
695 1865 968 1938 quidpiam
999 1866 1318 1932 emittimus,
1357 1867 1516 1935 idque
1547 1865 1614 1919 ad
1647 1863 1884 1918 visibilia
1908 1880 2064 1918 acce-

511 1957 605 2021 dit,
640 1957 718 2011 sic
748 1957 942 2011 cadant
971 1958 1069 2009 sub
1095 1969 1310 2008 sensqu
1348 1973 1360 2008 :
1385 1965 1438 2009 et
1463 1955 1592 2024 quid
1620 1954 1671 2007 id
1706 1953 1776 2007 sit
1805 1961 1862 2007 et
1895 1968 2068 2022 quan-

511 2056 659 2112 tum;
692 2047 824 2101 adeo
855 2056 912 2100 ut
947 2059 1239 2113 expansum
1268 2043 1496 2098 suiﬁciat
1524 2053 1684 2097 terra:
1708 2043 1975 2112 marique,
2010 2057 2072 2096 ac

513 2138 691 2193 locum
733 2139 872 2192 inter
917 2146 1114 2189 terram
1166 2145 1220 2190 et
1263 2135 1457 2188 uelum
1499 2135 1922 2190 intercedentem
1978 2149 2072 2203 pe-

516 2248 724 2301 netret,
761 2237 868 2289 imo
911 2235 977 2288 ad
1013 2235 1185 2302 ipsum
1219 2233 1413 2285 ccelum
1462 2235 1778 2302 perveniat,
1815 2241 2074 2301 tantaque

515 2336 795 2381 moveatur
824 2325 1131 2387 celeritate,
1170 2332 1227 2375 ut
1259 2323 1454 2391 aequali
1510 2335 1754 2391 tempore
1787 2333 1841 2377 et
1875 2340 2072 2392 corpus

515 2418 974 2486 circumpositum,
999 2424 1055 2469 et
1083 2413 1248 2468 stellae
1281 2429 1399 2483 quae
1438 2414 1489 2466 iu
1522 2414 1662 2468 ccelo
1698 2424 1843 2479 sunt,
1875 2431 2072 2484 cogno-

516 2519 760 2564 scantur.
793 2510 858 2562 Et
887 2508 1015 2578 quid
1060 2507 1255 2560 attinet
1285 2505 1491 2571 reliqua
1524 2505 1736 2556 dicere?
1776 2505 1886 2557 lmo
1933 2508 2076 2572 ipsos

519 2601 718 2653 mentis
743 2608 916 2650 motus
946 2612 1132 2651 creare
1159 2611 1224 2648 an
1252 2607 1509 2664 generare
1534 2593 1705 2647 soleat
1744 2596 2078 2664 anima,quis

519 2699 669 2744 certo
703 2689 890 2743 dicat?
919 2686 1055 2754 Quid
1093 2687 1258 2754 igitur
1297 2687 1418 2739 miri
1469 2685 1652 2750 fuerit,
1685 2686 1732 2738 si
1768 2701 1981 2753 quoque
2015 2686 2079 2739 de

520 2782 721 2850 Spiritu
748 2789 936 2835 saneto
970 2781 1105 2835 citra
1139 2779 1395 2832 ruborem
1425 2778 1787 2846 ignorantiam
1817 2777 2081 2832 confitea-

521 2889 663 2938 mur,
697 2883 751 2926 et
782 2883 959 2926 tamen
991 2871 1440 2942 gloriﬁcatiouem
1466 2911 1480 2932 ,
1511 2886 1630 2938 qua:
1680 2869 1728 2922 ei
1772 2869 2081 2925 testimonio

521 2964 719 3018 invicto
770 2963 1046 3025 tribuitur,
1097 2961 1510 3029 persolvamus?
1564 2961 1772 3013 Etenim
1825 2977 1943 3030 qua:
1987 2977 2081 3030 per

523 3059 833 3129 Scripturas
912 3059 1220 3119 traduntur,
1286 3070 1349 3110 ea
1410 3055 1586 3122 ipsum
1655 3067 1815 3120 supra
1869 3063 2083 3105 creatu-

2165 577 2299 630 οὐτε
2333 578 2436 648 μὴν
2464 579 2727 648 γέννημα.
2755 578 3013 630 Aci-astat
3045 573 3135 630 οὖν
3163 577 3365 647 κτίσμα
3397 580 3491 630 καὶ
3520 580 3742 649 ποίημα

2165 670 2296 722 αὐτὸ
2323 669 2697 739 ὀνομάζεσθαι.

2233 775 2381 827 ΒΑΣ.
2433 773 2570 842 Ἐγὼ
2615 774 2691 837 δὲ,
2736 776 2782 825 εί
2835 773 2933 844 μὲν
2979 772 3157 826 πάντα
3201 772 3528 842 διωριζόμην
3563 789 3744 824 κατα-

2162 865 2344 935 ληπτά
2378 864 2533 934 ήμῶν
2556 861 2691 917 εἶναι
2717 869 2782 936 τῇ
2810 863 3027 932 γνώσει,
3063 863 3334 934 ᾐσχύνθην
3361 863 3426 916 ἂν
3454 864 3583 925 ἴσως
3611 866 3747 932 ὀμο-

2163 957 2388 1026 λογῆσαι
2438 957 2534 1027 τὴν
2571 958 2825 1023 ἄγνοιανυ
2871 956 2964 1009 νῦν
2995 956 3051 1008 δὲ
3089 955 3256 1026 μυρία
3295 954 3404 1023 (20)
3439 956 3498 1006 οὐ
3535 955 3643 1007 τῶν
3683 959 3745 1006 ἐν

2162 1047 2238 1118 τῷ
2265 1048 2508 1118 μέλλοντι
2535 1049 2691 1100 αἰῶνι
2712 1048 3085 1116 ἀποκειμένων
3107 1048 3240 1117 ἡμῖν
3273 1046 3452 1116 μόνον,
3478 1045 3600 1096 οὐτε
3630 1047 3746 1100 τῶν

2166 1139 2259 1192 νῦν
2294 1139 2460 1193 ὄντων
2494 1142 2550 1191 ὲν
2580 1142 2690 1202 τοῖς
2724 1140 2969 1209 οὐρανοῖς
3005 1139 3438 1208 ἀποκέκρυπται,
3468 1137 3582 1189 ἀλλ’
3616 1137 3746 1190 οὐτε

2164 1230 2271 1282 τῶν
2298 1232 2647 1300 ὑπαρχόντων
2679 1233 2808 1300 ἡμῖν
2837 1235 2894 1282 ἐν
2924 1229 3000 1298 τῷ
3032 1228 3239 1298 σώματι
3261 1229 3432 1298 τρανὴ
3457 1227 3551 1280 καὶ
3581 1229 3748 1280 ἀναν-

2164 1323 2419 1393 τίρῤητός
2452 1325 2598 1375 ἐστιν
2646 1323 2678 1391 ἡ
2728 1320 3051 1389 κατάληψις.
3088 1316 3211 1372 Οἷον
3249 1321 3440 1390 ἀμέλει
3473 1321 3604 1389 περὶ
3644 1319 3750 1388 τῆς

2165 1415 2358 1483 ὅψεως,
2379 1415 2602 1485 πότερον
2634 1413 2998 1483 εἰσδεχόμενοι
3021 1411 3119 1474 τὰς
3141 1412 3350 1474 εἰκόνας
3377 1412 3485 1462 τῶν
3507 1410 3746 1480 ὁρατῶν,

2165 1507 2305 1560 οὕτω
2347 1507 2444 1569 τὰς
2485 1506 2796 1576 ἀντιλήψεις
2838 1503 3172 1574 ποιούμεθαο
3205 1503 3297 1555 καὶ
3332 1503 3448 1566 πῶς
3495 1501 3642 1572 ὀρῶν
3684 1518 3748 1552 τε

2168 1597 2559 1668 παμμεγεθῶν,
2594 1598 2697 1666 γῆς
2722 1614 2781 1648 τε
2802 1597 3054 1660 ἀπλέτου,
3079 1594 3171 1646 καὶ
3192 1594 3415 1662 ἀπείρου
3441 1594 3748 1663 θαλάσσης,

2167 1691 2246 1742 ἔτι
2275 1690 2331 1743 δὲ
2356 1690 2464 1759 (21)
2500 1689 2592 1742 καὶ
2623 1689 2785 1741 αὐτοῦ
2813 1688 2906 1741 τοῦ
2934 1684 3162 1758 οὐρανοῦ
3192 1687 3224 1755 ἡ
3258 1683 3419 1737 είκὼν
3445 1685 3521 1754 τῷ
3550 1685 3750 1755 βραχεῖ

2172 1782 2355 1852 μέτρῳ
2387 1781 2485 1850 τῆς
2520 1780 2686 1850 κόρης
2718 1780 2872 1851 ἡμῶν
2906 1779 3242 1850 περιέχεταιο
3284 1776 3318 1846 ἢ
3366 1777 3751 1845 ὲκπέμποντὲς

2168 1892 2217 1927 τι
2268 1876 2397 1944 παρ’
2449 1871 2677 1936 ἑαυτῶν,
2733 1872 2827 1923 καὶ
2875 1868 3342 1942 προσπελάζοντος
3394 1867 3580 1919 τούτου
3634 1871 3750 1930 τοῖς

2168 1965 2403 2034 ὁρατοῖς,
2453 1963 2623 2026 οὓτως
2668 1962 2844 2016 αὐτῶν
2881 1964 2979 2031 τὴν
3013 1962 3263 2032 αἴσθησιν
3297 1960 3513 2030 ἔχομεν,
3559 1959 3656 2011 καὶ
3695 1959 3750 2010 τί

2172 2057 2286 2107 ὲστι
2315 2056 2470 2108 τοῦτο
2495 2055 2586 2108 καὶ
2616 2057 2800 2120 πόσον,
2833 2055 2972 2108 ὥστε
3001 2059 3070 2126 γῇ
3100 2057 3192 2108 καὶ
3221 2054 3462 2124 Θαλάσσῃ
3495 2051 3753 2123 ἐξαρκεῖν

2171 2148 2597 2218 ὲφαπλούμενον,
2639 2150 2731 2200 καὶ
2776 2149 2949 2218 περᾷν
2996 2148 3093 2217 μὲν
3139 2147 3229 2199 τὸν
3280 2146 3481 2216 μεταξύ
3516 2146 3620 2216 γῆς
3655 2146 3753 2197 καὶ

2172 2238 2398 2308 οὐρανοῦ
2433 2240 2613 2303 τόπον,
2649 2237 2796 2306 αὐτῷ
2824 2255 2883 2289 τε
2920 2237 3276 2307 προσϐάλλειν
3306 2238 3383 2307 τῷ
3414 2237 3630 2308 οὐρανῷ
3662 2255 3754 2290 το-

2176 2331 2347 2401 σούτῳ
2371 2331 2523 2400 τάχει
2544 2329 2692 2382 κινού
2703 2346 2881 2399 μενον,
2912 2328 3052 2381 ὥστε
3077 2331 3131 2379 ὲν
3159 2328 3257 2396 ῐσῳ
3282 2330 3457 2398 χρόνῳ
3483 2330 3542 2380 τό
3567 2348 3624 2381 τε
3657 2347 3757 2381 πε-

2176 2423 2481 2494 ρικείμενον
2511 2422 2669 2492 σῶμα
2692 2463 2706 2486 ,
2742 2421 2835 2474 καὶ
2862 2420 2988 2481 τοὺς
3030 2421 3086 2471 ὲν
3128 2419 3339 2489 οὐρανῷ
3380 2419 3615 2490 ἀστέρας
3654 2436 3758 2471 κα-

2172 2513 2629 2584 ταμανθάνεσθαι.
2663 2515 2772 2566 Καὶ
2798 2513 2850 2565 τί
2880 2512 2960 2564 δεῖ
2987 2511 3152 2564 τᾶλλα
3186 2510 3363 2577 λέγειν
3399 2509 3511 2577 (22)
3539 2526 3553 2572 ;
3593 2509 3758 2561 Ἀλλά

2175 2607 2314 2658 αὐτά
2341 2605 2409 2658 τά
2435 2605 2528 2658 τοῦ
2574 2605 2664 2658 νοῦ
2707 2607 3001 2677 κινήματα,
3050 2603 3278 2674 πότερον
3317 2600 3583 2669 κτίζεινῆ
3626 2617 3756 2668 γεν-

2177 2698 2272 2765 νᾷν
2300 2696 2538 2764 πέφυκεν
2583 2700 2615 2765 ὴ
2645 2696 2819 2766 ψυχὴ,
2852 2697 2933 2759 τίς
2966 2695 3030 2748 ἂν
3064 2695 3307 2765 ἀκριϐῶς
3342 2695 3516 2758 εἴποι;
3551 2691 3617 2744 Τί
3658 2687 3756 2744 οὖν

2179 2785 2489 2856 θαυμαστὸν
2534 2787 2626 2838 καὶ
2677 2787 2927 2856 περὶτοῦ
2971 2787 3126 2854 ἀγίου
3166 2784 3481 2855 Πνεύματος
3527 2786 3758 2837 ἀνεπαι-

2182 2878 2421 2948 σχύντως
2454 2879 2600 2948 ἡμᾶς
2649 2877 2745 2947 τὴν
2797 2877 3014 2944 ἄγνοιαν
3062 2875 3380 2944 ὁμολογεῖν;
3430 2876 3528 2946 τὴν
3571 2875 3760 2945 μέντοι

2180 2971 2586 3042 ἀναντιρρήτως
2631 2967 2777 3038 αὐτῴ
2816 2968 3410 3038 προσμαρτυρουμένην
3448 2966 3759 3034 δοξολογίαν

2181 3064 2523 3129 ἀποδιδόναι;
2564 3063 2682 3116 Ὅτι
2730 3062 2827 3134 μὲν
2875 3060 2984 3132 γὰρ
3028 3059 3169 3130 ὑπὲρ
3219 3059 3316 3130 τὴν
3359 3059 3536 3112 κτίσιν
3585 3060 3758 3119 ἐστὶν,

523 3167 638 3206 ram
669 3166 788 3206 esse
823 3151 956 3206 satis
1005 3150 1156 3204 nobis
1198 3150 1610 3209 demonstrant,
1644 3144 2077 3212 quandoquidem

2185 3155 2381 3217 ίκανῶς
2413 3158 2545 3225 ἡμῖν
2578 3129 2867 3224 παρίστησι
2889 3129 2971 3206 ⁷τά
2999 3153 3086 3206 διὰ
3119 3129 3226 3205 τῶν
3259 3129 3490 3224 Γραφῶν
3523 3151 3758 3221 παραδι-

525 3242 642 3298 ﬁeri
684 3258 788 3297 non
819 3250 1012 3311 potest,
1065 3250 1122 3299 ut
1163 3240 1215 3293 id
1247 3242 1390 3308 quod
1419 3236 1746 3299 sanctiﬁcat,
1774 3243 1828 3287 et
1873 3250 1934 3288 ea
1966 3249 2083 3302 qua:

530 3335 955 3394 sanctiﬁcantur,
987 3335 1036 3385 id
1068 3334 1210 3399 quod
1240 3334 1430 3394 docet,
1463 3340 1517 3384 et
1548 3346 1610 3384 ea
1649 3345 1770 3397 qua:
1803 3330 2082 3393 docentur,

532 3429 585 3482 id
616 3425 757 3495 quod
803 3423 1022 3486 revelat,
1069 3431 1123 3474 et
1150 3436 1213 3475 ea
1264 3437 1384 3489 qua:
1438 3421 1763 3475 revelationc
1822 3421 2081 3489 indigent,

531 3519 770 3587 ejusdem
821 3517 929 3570 sint
983 3525 1210 3569 naturas.
1275 3511 1441 3565 Nemo
1497 3522 1674 3565 autem
1728 3513 1806 3566 sic
1861 3528 2086 3584 prorsus

527 3614 752 3665 demens
801 3609 908 3673 est;
955 3618 1014 3662 ut
1038 3607 1219 3676 .alium
1264 3615 1462 3675 praeter
1504 3603 1670 3658 Deum
1712 3607 2084 3658 universorum

529 3704 723 3756 audeat
780 3701 1074 3770 ingenitum
1129 3698 1435 3768 appellare,
1508 3705 1562 3748 at
1629 3709 1802 3763 neque
1857 3695 2086 3759 Filium,

527 3794 672 3861 quod
719 3809 855 3846 unus
898 3792 969 3846 sit
1020 3791 1355 3860 Unigeuitus.
1415 3787 1694 3855 Quomodo
1743 3787 1906 3854 igitur
1964 3801 2084 3841 eum

528 3883 712 3937 vocari
759 3883 1009 3953 oportet?
1050 3882 1309 3952 Spiritum
1346 3893 1592 3935 sanctum
1620 3921 1636 3944 ,
1674 3879 1934 3948 Spiritum
1967 3879 2083 3942 Dei,

534 3973 796 4040 Spiritum
847 3973 1110 4034 veritatis,
1166 3974 1256 4040 qui
1299 3971 1533 4024 mittitur
1579 3985 1608 4022 a
1663 3969 1796 4036 Deo,
1832 3971 2087 4040 suppedi-

535 4071 675 4119 tatur
700 4079 794 4134 per
828 4063 1022 4119 Filiqu
1060 4080 1072 4115 :
1108 4077 1212 4113 non
1251 4075 1466 4115 servum
1487 4097 1502 4123 ,
1542 4059 1637 4112 sed
1675 4068 1921 4114 sanctum
1949 4103 1962 4124 ,
1993 4060 2087 4114 bo-

534 4170 681 4221 num,
713 4152 1090 4223 principalem,
1118 4149 1375 4219 Spiritum
1407 4148 1792 4214 viviﬁcantem,
1824 4148 2084 4216 Spiritum

532 4245 858 4313 adoptionis,
891 4245 1131 4298 oumium
1162 4257 1281 4312 qua:
1309 4241 1401 4296 Dei
1423 4251 1548 4296 sunt
1570 4256 1818 4310 gnarum.
1849 4239 1943 4295 Sic
1973 4255 2089 4308 pro-

535 4338 673 4392 fecto
704 4338 754 4390 iu
792 4335 1057 4391 Trinitate
1099 4334 1510 4390 conservabitur
1546 4333 1769 4387 unitatis
1810 4333 1951 4386 ratio
1975 4373 1990 4392 .
2042 4332 2085 4384 si

535 4443 696 4480 unum
728 4427 962 4492 Patrem,
1005 4442 1167 4479 unum
1208 4423 1421 4487 Filium,
1454 4439 1618 4478 unum
1650 4423 1910 4494 Spiritum
1956 4439 2083 4478 sau-

534 4528 680 4572 ctum
707 4517 1080 4572 conﬁteamur.

605 4610 658 4662 7.
695 4607 948 4662 Jamvero
977 4605 1204 4660 alTerunl
1230 4615 1548 4673 argumenta
1575 4644 1590 4668 ,
1623 4603 1820 4672 quibus
1861 4605 2087 4659 demon-

535 4711 711 4757 strent
745 4699 1003 4768 Spiritum
1031 4708 1273 4751 sanctum
1300 4697 1499 4750 dictum
1530 4695 1697 4748 fuisse
1730 4706 2036 4751 creaturam
2073 4713 2084 4746 :

537 4811 700 4848 unum
734 4794 947 4861 quidem
981 4807 1042 4845 ex
1073 4792 1330 4860 propheta
1359 4790 1599 4843 dicente:
1625 4787 1726 4851 Qui
1750 4791 1924 4857 ﬁrmat
1955 4790 2091 4843 toni-

537 4899 728 4947 truum,
747 4894 793 4938 et
810 4899 942 4937 creat
957 4886 1196 4952 spiritum
1209 4881 1251 4912 "
1270 4899 1283 4936 :
1300 4884 1522 4937 alterum
1535 4879 1699 4948 278
1713 4896 1910 4936 veroex
1927 4882 2093 4936 Evan-

608 5063 652 5093 "
693 5065 856 5115 Amos
889 5075 961 5124 tv,
995 5060 1081 5112 l5.

610 5248 720 5317 (19)
753 5246 926 5300 Editio
956 5245 1129 5317 Paris.
1153 5244 1459 5316 ἀγέννητον.
1497 5243 1634 5298 Ἀλλ’
1659 5244 1756 5317 οὐκ
1777 5244 2091 5317 ἀγέννητοςο

538 5314 634 5383 Εἷς
660 5314 789 5386 γάρ.
817 5317 992 5371 ι’)όίιῑο
1016 5316 1147 5370 Ven.
1184 5328 1240 5369 et
1266 5314 1500 5385 quinque
1540 5316 1801 5386 mss.ita,
1830 5329 1890 5368 ut
1912 5315 2083 5386 edidi-

543 5382 684 5443 mus.
711 5382 904 5441 Totum
959 5387 1109 5452 illud,
1143 5386 1234 5440 ἐὰν
1286 5382 1367 5456 ’μὴ
1419 5382 1624 5456 κτίσμα
1680 5385 1856 5438 ἐστίν·
1893 5382 2087 5437 οὐκοῦν

540 5459 806 5530 γέννημα,
832 5469 961 5530 etc.,
990 5458 1238 5530 usquead
1265 5456 1664 5530 verba_Basili_i,
1698 5471 1793 5530 nec
1818 5457 1869 5530 in
1900 5466 2087 5508 nostro

542 5526 726 5582 codice
764 5526 1097 5588 Colbertiuo,
1131 5542 1229 5579 nec
1259 5526 1392 5592 apud
1422 5526 1725 5578 Fabricium
1757 5526 1969 5591 legitur.

614 5595 722 5665 (20)
757 5598 829 5649 lta
874 5612 1004 5650 mss.
1036 5596 1364 5662 antiquiores
1395 5607 1448 5650 et
1478 5596 1625 5665 editi.
1675 5594 1774 5646 Alii
1812 5608 1919 5648 tres
1953 5607 2083 5646 mss.

547 5661 818 5734 Βρᾲίἰτὴν
853 5668 1104 5734 ἄγνοιανδ
1169 5661 1352 5734 ἐπειδὴ
1384 5667 1440 5719 δὶ
1477 5661 1591 5717 οἶδα
1625 5665 1856 5735 μυρία...
1890 5665 2086 5716 ἀποκε-

543 5735 802 5808 κρύφθαι,
821 5748 887 5808 et
913 5739 983 5808 ita
1015 5739 1215 5808 legerat
1237 5739 1522 5805 interpres.

614 5807 722 5876 (il)
755 5806 890 5862 Editi
919 5806 996 5859 ἔτι
1026 5806 1106 5876 δή.
1137 5807 1201 5858 At
1228 5821 1353 5861 mss.
1378 5804 1604 5876 quatuor
1639 5804 1715 5858 ¹ἐτι
1746 5806 1825 5860 δέ.

2189 3245 2384 3315 δόμενα
2432 3246 2566 3315 (25),
2602 3246 2785 3315 ἐπειδὴ
2839 3263 2900 3313 γε
2951 3246 3209 3299 ἀδύνατον
3254 3243 3354 3313 τῆς
3405 3242 3572 3313 αὐτῆς
3617 3236 3762 3294 εἶναι

2191 3337 2404 3406 φύσεως
2435 3338 2494 3390 τό
2527 3355 2586 3390 τε
2621 3337 2841 3406 ἁγιάζον
2886 3338 2979 3390 καὶ
3019 3337 3088 3389 τὰ
3118 3334 3475 3405 ἁγιαζόμενα,
3519 3332 3578 3386 τὸ
3610 3331 3764 3386 Mi-

2191 3445 2317 3482 σκον
2356 3430 2449 3481 καὶ
2495 3428 2562 3480 τὰ
2609 3428 2990 3497 διδασκόμενα,
3033 3426 3094 3477 τὸ
3126 3424 3506 3478 ἀποκαλύπτον
3553 3423 3650 3477 καὶ
3690 3422 3766 3475 τὰ

2187 3519 2284 3588 τῆς
2310 3517 2706 3585 ἀποκαλύψεως
2732 3516 3118 3586 προσδεόμενα.
3162 3514 3474 3584 ’Δγέννητον
3501 3512 3559 3565 δὲ
3583 3511 3764 3574 οὐδεὶς

2187 3609 2356 3672 οὕτως
2384 3609 2487 3673 ἔξω
2519 3607 2796 3669 παντελῶς
2828 3610 2942 3660 ἐστι
2983 3605 3076 3658 τοῦ
3113 3608 3346 3674 φρονεῖν,
3381 3604 3520 3657 ὥστε
3551 3604 3762 3675 τολμῆ-

2192 3715 2278 3752 σαι
2307 3701 2492 3770 ἓτερον
2522 3701 2659 3768 πλὴν
2687 3697 2779 3750 τοῦ
2814 3699 2945 3752 Θεοῦ
2981 3696 3087 3749 τῶν
3117 3697 3250 3750 ὅλων
3287 3697 3767 3768 προσαγορεῦσαι,

2189 3789 2322 3843 ἀλλά
2354 3791 2460 3861 μὴν
2495 3791 2616 3842 οὐδὲ
2650 3789 2797 3854 Υίὸν,
2829 3790 2904 3860 τῷ
2931 3790 3027 3841 ἕνα
3055 3783 3193 3839 εἶναι
3227 3787 3318 3839 τὸν
3359 3788 3666 3858 Μονογενῆ.
3695 3788 3764 3840 Τί

2188 3876 2278 3933 οὖν
2307 3880 2438 3934 αὐτὸ
2460 3879 2562 3950 χρὴ
2587 3878 2770 3933 καλεῖν
2795 3881 2905 3947 (24)
2927 3897 2941 3942 ;
2965 3876 3189 3945 Πνεῦμα
3206 3879 3382 3944 ἆγιον,
3408 3878 3503 3930 καὶ
3533 3878 3767 3948 Πνεῦμα

2188 3970 2342 4034 Θεοῦ,
2390 3971 2483 4023 καὶ
2515 3969 2732 4039 Πνεῦμα
2784 3968 3060 4040 ἀληθείας,
3103 3966 3561 4037 ἀποστελλόμενον
3608 3967 3767 4038 παρὰ

2187 4063 2341 4127 Θεοῦ,
2367 4062 2453 4116 διὰ
2487 4060 2611 4115 Υἱοῦ
2643 4059 3064 4132 χορηγούμενον,
3099 4059 3157 4111 οὐ
3203 4058 3406 4122 δοῦλον,
3437 4057 3550 4111 ἀλλ’
3582 4057 3767 4125 ἅγιον,

2187 4154 2406 4222 ἀγαθὸν,
2464 4153 2823 4224 ἡγεμονικόν·
2883 4150 3107 4220 Πνεῦμα
3165 4148 3478 4213 ζωοποιοῦν,
3534 4149 3765 4218 Πνεῦμα

2191 4245 2477 4307 υἱοθεσίας,
2511 4244 2866 4313 ἐπιστάμενον
2893 4244 3070 4293 πάντα
3104 4241 3172 4293 τὰ
3199 4239 3294 4292 τοῦ
3325 4240 3482 4294 Θεοῦ.
3508 4239 3669 4292 Οὕτω
3698 4241 3765 4310 δὴ

2191 4339 2281 4390 καὶ
2318 4339 2375 4388 ὲν
2420 4338 2529 4405 (25)
2561 4340 2624 4405 τῇ
2668 4335 2855 4403 Τριάδι
2898 4335 2926 4384 ὁ
2954 4325 3054 4402 τ’ἧς
3100 4332 3324 4402 μονάδος
3362 4332 3763 4402 διασωθήσεται

2187 4429 2361 4497 λόγος,
2393 4428 2488 4480 ’ἐνα
2519 4427 2616 4496 μὲν
2650 4425 2868 4496 Πατέρα
2897 4424 3318 4495 ὁμολογούντων,
3351 4425 3446 4478 καὶ
3473 4425 3569 4477 ἕνα
3605 4424 3761 4489 Υἱδν,

2121 4505 2164 4556 Ῑ)
2194 4521 2284 4572 καὶ
2314 4518 2371 4570 ἓν
2402 4516 2621 4586 Πνεῦμα
2656 4515 2830 4583 ἀγιον.

2257 4612 2309 4664 7.
2350 4611 2643 4680 Κομίςουσι
2671 4609 2729 4662 δὲ
2754 4607 3077 4671 ἀποδείξεις,
3113 4607 3250 4677 πρὸς
3280 4607 3342 4659 τὸ
3374 4606 3581 4673 κτίσμα
3611 4603 3763 4674 εἰρῆ-

2197 4705 2317 4756 σθαι
2346 4704 2405 4755 τὸ
2433 4703 2654 4772 Πνεῦμα
2680 4701 2739 4753 τὸ
2765 4701 2937 4766 ἅγιον,
2968 4699 3093 4769 μίαν
3141 4700 3235 4767 μὲν
3269 4701 3331 4749 ὲκ
3358 4696 3451 4748 τοῦ
3480 4695 3762 4765 προφήτου

2195 4795 2462 4862 λέγοντος·
2495 4793 2548 4843 '0
2574 4788 2833 4857 στερεῶν
2846 4789 3135 4856 βροντὴν,
3158 4785 3256 4838 καὶ
3277 4784 3482 4843 κτίᾷυν
3505 4782 3759 4852 πνεῦμα·

2199 4884 2385 4954 ἑτέραν
2414 4882 2468 4934 δὲ
2496 4882 2594 4951 τὴν
2622 4882 2685 4932 ἐκ
2713 4878 2804 4931 τοῦ
2832 4877 3160 4947 Εὐαγγελίου
3195 4877 3296 4939 ὅτι,
3333 4872 3532 4926 Πάντα
3554 4872 3627 4925 δι’
3661 4875 3765 4924 αὺ-

2267 5240 2379 5322 (22)
2411 5240 2592 5294 Codex
2643 5238 2803 5322 poli}:
2847 5239 2956 5322 κα).
2985 5237 3037 5288 τί
3071 5232 3626 5322 65.Z'-_1toxnau).éy‘stvl;
3659 5234 3761 5320 ΑΙξὶ

2197 5298 2413 5378 quidam
2442 5325 2571 5363 mss.
2598 5307 2667 5360 τὰ
2717 5308 2874 5362 ἄλλα.
2909 5309 3024 5360 Mox
3071 5307 3196 5360 editi
3239 5298 3607 5378 θαυμαστὺνῇ
3645 5306 3757 5378 καί,

2195 5371 2344 5464 Ultus
2385 5395 2486 5434 ms.
2516 5378 2825 5449 θαυμαστὸν
2860 5380 2907 5429 εί
2958 5378 3066 5428 καί.
3102 5377 3203 5430 Alii
3267 5386 3395 5426 mss.
3447 5371 3762 5442 θαυμαστὸν

2193 5469 2372 5593 καίᾷὃ)
2399 5520 2529 5593 ἱξειζ.
2559 5528 2782 5593 quartus
2808 5516 3038 5593 ξραφῶν
3063 5512 3489 5592 παραδεδομένα.

2266 5581 2377 5658 (24)
2424 5581 2776 5654 Ριὲίἐηιιθὶοι·
2811 5581 3068 5641 librorum
3115 5581 3462 5652 a'ntiqutirutu
3507 5586 3616 5652 χρὴ
3676 5581 3762 5634 λέ-

2403 5727 2718 5812 Ειίίιὶᾐοῦτω
2745 5728 2788 5781 δ’
2820 5727 2883 5780 ἂν
2909 5727 3001 5780 καὶ
3032 5729 3108 5781 ἐν.
3141 5723 3272 5793 Reg.
3307 5724 3502 5779 tertius
3522 5731 3576 5775 et
3603 5717 3755 5776 Colb.

2194 5810 2252 5856 ut
2281 5807 2331 5854 in
2357 5807 2634 5856 contextu.
