  <div class='ocr_page' id='page_1' title='image "/cluster/home/n/w/nwhite01/storage/ocr_20150623/29/ien.35556001660547/743.png"; bbox 0 0 4008 6482; ppageno 0'>
   <div class='ocr_carea' id='block_1_1' title="bbox 242 381 3472 457">
    <p class='ocr_par' dir='ltr' id='par_1_1' title="bbox 242 381 3472 457">
     <span class='ocr_line' id='line_1_1' title="bbox 242 381 3472 457; baseline 0.007 -25"><span class='ocrx_word' id='word_1_1' title='bbox 242 385 355 441; x_wconf 88' lang='lat'><strong>669</strong></span> <span class='ocrx_word' id='word_1_2' title='bbox 1339 381 1708 439; x_wconf 80' lang='lat' dir='ltr'><strong>ADVERSUS</strong></span> <span class='ocrx_word' id='word_1_3' title='bbox 1747 381 2112 441; x_wconf 77' lang='lat' dir='ltr'><strong>EUNOMIUM</strong></span> <span class='ocrx_word' id='word_1_4' title='bbox 2150 387 2280 442; x_wconf 81' lang='lat' dir='ltr'><strong>LIB.</strong></span> <span class='ocrx_word' id='word_1_5' title='bbox 2323 387 2415 442; x_wconf 83' lang='lat' dir='ltr'><strong>III.</strong></span> <span class='ocrx_word' id='word_1_6' title='bbox 3363 401 3472 457; x_wconf 75' lang='lat'><strong>070</strong></span> 
     </span>
    </p>
   </div>
   <div class='ocr_carea' id='block_1_2' title="bbox 230 497 1813 592">
    <p class='ocr_par' dir='ltr' id='par_1_2' title="bbox 230 497 1812 571">
     <span class='ocr_line' id='line_1_2' title="bbox 230 497 1812 571; baseline 0.001 -18"><span class='ocrx_word' id='word_1_7' title='bbox 230 500 345 554; x_wconf 81' lang='grc' dir='ltr'><strong>τοῦ</strong></span> <span class='ocrx_word' id='word_1_8' title='bbox 370 498 626 569; x_wconf 72' lang='grc' dir='ltr'>ἐγένετο.</span> <span class='ocrx_word' id='word_1_9' title='bbox 665 497 854 569; x_wconf 83' lang='grc' dir='ltr'>Ἡμεῖς</span> <span class='ocrx_word' id='word_1_10' title='bbox 880 497 937 552; x_wconf 87' lang='grc' dir='ltr'>δὲ</span> <span class='ocrx_word' id='word_1_11' title='bbox 958 497 1048 552; x_wconf 79' lang='grc' dir='ltr'><strong>τὸν</strong></span> <span class='ocrx_word' id='word_1_12' title='bbox 1069 502 1403 571; x_wconf 80' lang='grc' dir='ltr'>προφητικὸν</span> <span class='ocrx_word' id='word_1_13' title='bbox 1425 503 1582 571; x_wconf 90' lang='grc' dir='ltr'>λόγον</span> <span class='ocrx_word' id='word_1_14' title='bbox 1605 502 1704 555; x_wconf 84' lang='grc' dir='ltr'><strong>οὐκ</strong></span> <span class='ocrx_word' id='word_1_15' title='bbox 1731 503 1812 565; x_wconf 81' lang='grc' dir='ltr'><strong>εἰς</strong></span> 
     </span>
    </p>
   </div>
   <div class='ocr_carea' id='block_1_3' title="bbox 1888 497 3471 592">
    <p class='ocr_par' dir='ltr' id='par_1_3' title="bbox 1917 504 3471 592">
     <span class='ocr_line' id='line_1_3' title="bbox 1917 504 3471 592; baseline 0.014 -35"><span class='ocrx_word' id='word_1_16' title='bbox 1917 504 2056 574; x_wconf 75' lang='lat' dir='ltr'><strong>gelio</strong></span> <span class='ocrx_word' id='word_1_17' title='bbox 2095 524 2107 558; x_wconf 91' lang='lat'>:</span> <span class='ocrx_word' id='word_1_18' title='bbox 2153 506 2345 561; x_wconf 85' lang='lat' dir='ltr'><strong>Omnia</strong></span> <span class='ocrx_word' id='word_1_19' title='bbox 2375 523 2468 575; x_wconf 85' lang='lat' dir='ltr'><strong>per</strong></span> <span class='ocrx_word' id='word_1_20' title='bbox 2511 509 2681 578; x_wconf 79' lang='lat' dir='ltr'><strong>ipsum</strong></span> <span class='ocrx_word' id='word_1_21' title='bbox 2721 510 2861 578; x_wconf 79' lang='lat' dir='ltr'><strong>facta</strong></span> <span class='ocrx_word' id='word_1_22' title='bbox 2895 513 3104 571; x_wconf 72' lang='lat' dir='ltr'><strong>sunt“.</strong></span> <span class='ocrx_word' id='word_1_23' title='bbox 3148 517 3216 572; x_wconf 84' lang='lat' dir='ltr'><strong>At</strong></span> <span class='ocrx_word' id='word_1_24' title='bbox 3251 521 3471 592; x_wconf 84' lang='lat' dir='ltr'><strong>prophe-</strong></span> 
     </span>
    </p>
   </div>
   <div class='ocr_carea' id='block_1_4' title="bbox 229 590 1812 672">
    <p class='ocr_par' dir='ltr' id='par_1_4' title="bbox 229 590 1809 665">
     <span class='ocr_line' id='line_1_4' title="bbox 229 590 1809 665; baseline 0.001 -20"><span class='ocrx_word' id='word_1_25' title='bbox 229 592 299 645; x_wconf 83' lang='grc' dir='ltr'>τὸ</span> <span class='ocrx_word' id='word_1_26' title='bbox 351 591 575 662; x_wconf 80' lang='grc' dir='ltr'><strong>Πνεῦμα</strong></span> <span class='ocrx_word' id='word_1_27' title='bbox 613 590 672 643; x_wconf 83' lang='grc' dir='ltr'>τὸ</span> <span class='ocrx_word' id='word_1_28' title='bbox 711 591 885 658; x_wconf 76' lang='grc' dir='ltr'>ἅγιον,</span> <span class='ocrx_word' id='word_1_29' title='bbox 937 591 1052 644; x_wconf 83' lang='grc' dir='ltr'>ἀλλ’</span> <span class='ocrx_word' id='word_1_30' title='bbox 1104 594 1182 655; x_wconf 91' lang='grc' dir='ltr'><strong>είς</strong></span> <span class='ocrx_word' id='word_1_31' title='bbox 1232 593 1332 664; x_wconf 83' lang='grc' dir='ltr'><strong>τὴν</strong></span> <span class='ocrx_word' id='word_1_32' title='bbox 1382 594 1563 665; x_wconf 81' lang='grc' dir='ltr'>κοινὴν</span> <span class='ocrx_word' id='word_1_33' title='bbox 1607 594 1809 665; x_wconf 90' lang='grc' dir='ltr'>ταύτην</span> 
     </span>
    </p>
   </div>
   <div class='ocr_carea' id='block_1_5' title="bbox 1884 590 3467 672">
    <p class='ocr_par' dir='ltr' id='par_1_5' title="bbox 1918 590 3467 672">
     <span class='ocr_line' id='line_1_5' title="bbox 1918 590 3467 672; baseline 0.015 -28"><span class='ocrx_word' id='word_1_34' title='bbox 1918 593 2081 646; x_wconf 86' lang='lat' dir='ltr'><strong>ticum</strong></span> <span class='ocrx_word' id='word_1_35' title='bbox 2121 593 2322 648; x_wconf 89' lang='lat' dir='ltr'><strong>dictum</strong></span> <span class='ocrx_word' id='word_1_36' title='bbox 2368 611 2474 649; x_wconf 93' lang='lat' dir='ltr'><strong>non</strong></span> <span class='ocrx_word' id='word_1_37' title='bbox 2517 597 2584 652; x_wconf 91' lang='lat' dir='ltr'><strong>ad</strong></span> <span class='ocrx_word' id='word_1_38' title='bbox 2633 608 2876 654; x_wconf 89' lang='lat' dir='ltr'><strong>sanctum</strong></span> <span class='ocrx_word' id='word_1_39' title='bbox 2926 602 3224 672; x_wconf 77' lang='lat' dir='ltr'><strong>Spiritum,</strong></span> <span class='ocrx_word' id='word_1_40' title='bbox 3265 590 3361 664; x_wconf 89' lang='lat' dir='ltr'><strong>sed</strong></span> <span class='ocrx_word' id='word_1_41' title='bbox 3400 615 3467 668; x_wconf 86' lang='lat' dir='ltr'><strong>ad</strong></span> 
     </span>
    </p>
   </div>
   <div class='ocr_carea' id='block_1_6' title="bbox 231 680 1814 773">
    <p class='ocr_par' dir='ltr' id='par_1_6' title="bbox 231 680 1803 773">
     <span class='ocr_line' id='line_1_6' title="bbox 231 680 1803 773; baseline 0.001 -38"><span class='ocrx_word' id='word_1_42' title='bbox 231 683 436 753; x_wconf 83' lang='grc' dir='ltr'>πνοὴν,</span> <span class='ocrx_word' id='word_1_43' title='bbox 477 682 537 733; x_wconf 82' lang='grc' dir='ltr'><strong>τὸ</strong></span> <span class='ocrx_word' id='word_1_44' title='bbox 574 680 667 734; x_wconf 88' lang='grc' dir='ltr'><strong>τοῦ</strong></span> <span class='ocrx_word' id='word_1_45' title='bbox 707 681 866 752; x_wconf 81' lang='grc' dir='ltr'>ἀέρος</span> <span class='ocrx_word' id='word_1_46' title='bbox 921 681 1154 752; x_wconf 87' lang='grc' dir='ltr'>πνεῦμα,</span> <span class='ocrx_word' id='word_1_47' title='bbox 1207 683 1548 773; x_wconf 85' lang='grc' dir='ltr'>πεπείσμεθα</span> <span class='ocrx_word' id='word_1_48' title='bbox 1598 684 1803 773; x_wconf 81' lang='grc' dir='ltr'>φέρειν.</span> 
     </span>
    </p>
   </div>
   <div class='ocr_carea' id='block_1_7' title="bbox 1889 680 3472 773">
    <p class='ocr_par' dir='ltr' id='par_1_7' title="bbox 1909 687 3472 773">
     <span class='ocr_line' id='line_1_7' title="bbox 1909 687 3472 773; baseline 0.014 -38"><span class='ocrx_word' id='word_1_49' title='bbox 1909 697 2249 738; x_wconf 87' lang='lat' dir='ltr'><strong>communem</strong></span> <span class='ocrx_word' id='word_1_50' title='bbox 2287 689 2430 741; x_wconf 91' lang='lat' dir='ltr'><strong>hunc</strong></span> <span class='ocrx_word' id='word_1_51' title='bbox 2474 687 2658 743; x_wconf 82' lang='lat' dir='ltr'><strong>ﬂatum</strong></span> <span class='ocrx_word' id='word_1_52' title='bbox 2680 730 2696 755; x_wconf 88' lang='lat'><strong>,</strong></span> <span class='ocrx_word' id='word_1_53' title='bbox 2731 695 2874 749; x_wconf 87' lang='lat' dir='ltr'><strong>aeris</strong></span> <span class='ocrx_word' id='word_1_54' title='bbox 2905 697 3155 752; x_wconf 89' lang='lat' dir='ltr'><strong>videlicet</strong></span> <span class='ocrx_word' id='word_1_55' title='bbox 3182 701 3428 768; x_wconf 86' lang='lat' dir='ltr'><strong>spiritum</strong></span> <span class='ocrx_word' id='word_1_56' title='bbox 3452 743 3472 773; x_wconf 84' lang='lat'><strong>,</strong></span> 
     </span>
    </p>
   </div>
   <div class='ocr_carea' id='block_1_8' title="bbox 227 767 1810 854">
    <p class='ocr_par' dir='ltr' id='par_1_8' title="bbox 227 767 1803 842">
     <span class='ocr_line' id='line_1_8' title="bbox 227 767 1803 842; baseline 0.001 -20"><span class='ocrx_word' id='word_1_57' title='bbox 227 772 404 840; x_wconf 83' lang='grc' dir='ltr'>Δῆλον</span> <span class='ocrx_word' id='word_1_58' title='bbox 445 771 501 823; x_wconf 85' lang='grc' dir='ltr'>δὲ</span> <span class='ocrx_word' id='word_1_59' title='bbox 534 769 761 824; x_wconf 75' lang='grc' dir='ltr'>ἐκεῖθεν.</span> <span class='ocrx_word' id='word_1_60' title='bbox 794 771 868 822; x_wconf 84' lang='grc' dir='ltr'><strong>Οὐ</strong></span> <span class='ocrx_word' id='word_1_61' title='bbox 903 769 1010 840; x_wconf 83' lang='grc' dir='ltr'>γὰρ</span> <span class='ocrx_word' id='word_1_62' title='bbox 1041 767 1212 834; x_wconf 73' lang='grc' dir='ltr'>εἶπεν,</span> <span class='ocrx_word' id='word_1_63' title='bbox 1255 772 1311 823; x_wconf 91' lang='lat'>&#39;0</span> <span class='ocrx_word' id='word_1_64' title='bbox 1335 771 1527 834; x_wconf 83' lang='grc' dir='ltr'><strong>κτίσας</strong></span> <span class='ocrx_word' id='word_1_65' title='bbox 1569 772 1803 842; x_wconf 86' lang='grc' dir='ltr'>πνεῦμα,</span> 
     </span>
    </p>
   </div>
   <div class='ocr_carea' id='block_1_9' title="bbox 1886 767 3469 854">
    <p class='ocr_par' dir='ltr' id='par_1_9' title="bbox 1907 767 3469 854">
     <span class='ocr_line' id='line_1_9' title="bbox 1907 767 3469 854; baseline 0.016 -28"><span class='ocrx_word' id='word_1_66' title='bbox 1907 773 2178 827; x_wconf 87' lang='lat' dir='ltr'><strong>credimus</strong></span> <span class='ocrx_word' id='word_1_67' title='bbox 2225 776 2513 844; x_wconf 85' lang='lat' dir='ltr'><strong>pertinere.</strong></span> <span class='ocrx_word' id='word_1_68' title='bbox 2570 781 2724 846; x_wconf 83' lang='lat' dir='ltr'><strong>Quod</strong></span> <span class='ocrx_word' id='word_1_69' title='bbox 2774 785 2900 838; x_wconf 89' lang='lat' dir='ltr'><strong>inde</strong></span> <span class='ocrx_word' id='word_1_70' title='bbox 2948 798 3112 854; x_wconf 80' lang='lat' dir='ltr'><strong>patet.</strong></span> <span class='ocrx_word' id='word_1_71' title='bbox 3159 767 3275 845; x_wconf 78' lang='lat' dir='ltr'><strong>Non</strong></span> <span class='ocrx_word' id='word_1_72' title='bbox 3323 767 3469 850; x_wconf 64' lang='lat' dir='ltr'><strong>enini</strong></span> 
     </span>
    </p>
   </div>
   <div class='ocr_carea' id='block_1_10' title="bbox 226 856 1809 950">
    <p class='ocr_par' dir='ltr' id='par_1_10' title="bbox 226 856 1806 930">
     <span class='ocr_line' id='line_1_10' title="bbox 226 856 1806 930; baseline 0.001 -19"><span class='ocrx_word' id='word_1_73' title='bbox 226 859 350 911; x_wconf 84' lang='grc' dir='ltr'>ἀλλ’</span> <span class='ocrx_word' id='word_1_74' title='bbox 399 859 450 910; x_wconf 92' lang='lat'><strong>&#39;0</strong></span> <span class='ocrx_word' id='word_1_75' title='bbox 485 856 689 918; x_wconf 80' lang='grc' dir='ltr'><em>κτίζων</em></span> <span class='ocrx_word' id='word_1_76' title='bbox 721 857 970 926; x_wconf 81' lang='grc' dir='ltr'>πνεῦμα.</span> <span class='ocrx_word' id='word_1_77' title='bbox 1018 859 1104 921; x_wconf 82' lang='grc' dir='ltr'>Ὠς</span> <span class='ocrx_word' id='word_1_78' title='bbox 1134 858 1242 929; x_wconf 86' lang='grc' dir='ltr'>γὰρ</span> <span class='ocrx_word' id='word_1_79' title='bbox 1287 861 1320 930; x_wconf 80' lang='grc' dir='ltr'><strong>η</strong></span> <span class='ocrx_word' id='word_1_80' title='bbox 1372 859 1564 929; x_wconf 80' lang='grc' dir='ltr'>βροντὴ</span> <span class='ocrx_word' id='word_1_81' title='bbox 1614 861 1711 913; x_wconf 85' lang='grc' dir='ltr'><strong>οὐκ</strong></span> <span class='ocrx_word' id='word_1_82' title='bbox 1749 863 1806 913; x_wconf 82' lang='grc' dir='ltr'>ὲν</span> 
     </span>
    </p>
   </div>
   <div class='ocr_carea' id='block_1_11' title="bbox 1883 856 3466 950">
    <p class='ocr_par' dir='ltr' id='par_1_11' title="bbox 1907 863 3466 950">
     <span class='ocr_line' id='line_1_11' title="bbox 1907 863 3466 950; baseline 0.015 -34"><span class='ocrx_word' id='word_1_83' title='bbox 1907 863 2062 927; x_wconf 83' lang='lat' dir='ltr'><strong>dixit,</strong></span> <span class='ocrx_word' id='word_1_84' title='bbox 2094 864 2194 930; x_wconf 86' lang='lat' dir='ltr'><strong>Qui</strong></span> <span class='ocrx_word' id='word_1_85' title='bbox 2224 868 2426 922; x_wconf 83' lang='lat' dir='ltr'><strong>creavit</strong></span> <span class='ocrx_word' id='word_1_86' title='bbox 2455 871 2724 939; x_wconf 79' lang='lat' dir='ltr'><strong>Spiritum,</strong></span> <span class='ocrx_word' id='word_1_87' title='bbox 2749 876 2866 938; x_wconf 90' lang='lat' dir='ltr'><strong>sed,</strong></span> <span class='ocrx_word' id='word_1_88' title='bbox 2903 877 3007 941; x_wconf 85' lang='lat' dir='ltr'><strong>Qui</strong></span> <span class='ocrx_word' id='word_1_89' title='bbox 3029 890 3168 933; x_wconf 86' lang='lat' dir='ltr'><strong>creat</strong></span> <span class='ocrx_word' id='word_1_90' title='bbox 3200 884 3466 950; x_wconf 74' lang='lat' dir='ltr'><strong>spiritum.</strong></span> 
     </span>
    </p>
   </div>
   <div class='ocr_carea' id='block_1_12' title="bbox 229 949 1812 1031">
    <p class='ocr_par' dir='ltr' id='par_1_12' title="bbox 229 949 1805 1021">
     <span class='ocr_line' id='line_1_12' title="bbox 229 949 1805 1021; baseline 0.003 -21"><span class='ocrx_word' id='word_1_91' title='bbox 229 949 532 1003; x_wconf 78' lang='grc' dir='ltr'><strong>ὑποστάσει</strong></span> <span class='ocrx_word' id='word_1_92' title='bbox 571 949 675 1003; x_wconf 77' lang='grc' dir='ltr'>τινί</span> <span class='ocrx_word' id='word_1_93' title='bbox 710 950 822 1000; x_wconf 79' lang='grc' dir='ltr'>ἐστι</span> <span class='ocrx_word' id='word_1_94' title='bbox 857 952 1138 1021; x_wconf 84' lang='grc' dir='ltr'>σωματικῇ</span> <span class='ocrx_word' id='word_1_95' title='bbox 1173 951 1320 1016; x_wconf 61' lang='lat' dir='ltr'><strong>suae</strong></span> <span class='ocrx_word' id='word_1_96' title='bbox 1352 952 1653 1015; x_wconf 82' lang='grc' dir='ltr'>κτισθεῖσα,</span> <span class='ocrx_word' id='word_1_97' title='bbox 1690 952 1805 1006; x_wconf 85' lang='grc' dir='ltr'>ἀλλ’</span> 
     </span>
    </p>
   </div>
   <div class='ocr_carea' id='block_1_13' title="bbox 1886 949 3469 1031">
    <p class='ocr_par' dir='ltr' id='par_1_13' title="bbox 1907 953 3469 1031">
     <span class='ocr_line' id='line_1_13' title="bbox 1907 953 3469 1031; baseline 0.017 -26"><span class='ocrx_word' id='word_1_98' title='bbox 1907 953 2367 1019; x_wconf 87' lang='lat' dir='ltr'><strong>Quemadmodum</strong></span> <span class='ocrx_word' id='word_1_99' title='bbox 2394 962 2537 1014; x_wconf 91' lang='lat' dir='ltr'><strong>enim</strong></span> <span class='ocrx_word' id='word_1_100' title='bbox 2569 965 2865 1020; x_wconf 83' lang='lat' dir='ltr'><strong>tonitruum</strong></span> <span class='ocrx_word' id='word_1_101' title='bbox 2893 971 2982 1022; x_wconf 91' lang='lat' dir='ltr'><strong>ubi</strong></span> <span class='ocrx_word' id='word_1_102' title='bbox 3013 974 3182 1027; x_wconf 86' lang='lat' dir='ltr'><strong>semel</strong></span> <span class='ocrx_word' id='word_1_103' title='bbox 3218 985 3300 1028; x_wconf 86' lang='lat' dir='ltr'><strong>est</strong></span> <span class='ocrx_word' id='word_1_104' title='bbox 3322 993 3469 1031; x_wconf 84' lang='lat' dir='ltr'><strong>crea-</strong></span> 
     </span>
    </p>
   </div>
   <div class='ocr_carea' id='block_1_14' title="bbox 223 1038 1806 1131">
    <p class='ocr_par' dir='ltr' id='par_1_14' title="bbox 223 1038 1804 1114">
     <span class='ocr_line' id='line_1_14' title="bbox 223 1038 1804 1114; baseline 0.003 -23"><span class='ocrx_word' id='word_1_105' title='bbox 223 1041 325 1092; x_wconf 74' lang='grc' dir='ltr'><strong>ὰεὶ</strong></span> <span class='ocrx_word' id='word_1_106' title='bbox 347 1039 483 1112; x_wconf 74' lang='grc' dir='ltr'>πρὸς</span> <span class='ocrx_word' id='word_1_107' title='bbox 514 1044 574 1092; x_wconf 80' lang='grc' dir='ltr'><strong>τὺ</strong></span> <span class='ocrx_word' id='word_1_108' title='bbox 598 1038 689 1093; x_wconf 93' lang='grc' dir='ltr'><strong>τοῦ</strong></span> <span class='ocrx_word' id='word_1_109' title='bbox 724 1038 858 1091; x_wconf 85' lang='grc' dir='ltr'>Θεοῦ</span> <span class='ocrx_word' id='word_1_110' title='bbox 896 1039 1139 1111; x_wconf 84' lang='grc' dir='ltr'>βούλημα</span> <span class='ocrx_word' id='word_1_111' title='bbox 1169 1043 1261 1095; x_wconf 75' lang='grc' dir='ltr'><strong>ἐπὶ</strong></span> <span class='ocrx_word' id='word_1_112' title='bbox 1287 1043 1436 1113; x_wconf 79' lang='grc' dir='ltr'><strong>φόϐῳ</strong></span> <span class='ocrx_word' id='word_1_113' title='bbox 1461 1043 1568 1097; x_wconf 89' lang='grc' dir='ltr'><strong>τῶν</strong></span> <span class='ocrx_word' id='word_1_114' title='bbox 1597 1043 1804 1114; x_wconf 85' lang='grc' dir='ltr'>ἀνθρώ-</span> 
     </span>
    </p>
   </div>
   <div class='ocr_carea' id='block_1_15' title="bbox 1880 1038 3463 1131">
    <p class='ocr_par' dir='ltr' id='par_1_15' title="bbox 1909 1047 3463 1131">
     <span class='ocr_line' id='line_1_15' title="bbox 1909 1047 3463 1131; baseline 0.015 -33"><span class='ocrx_word' id='word_1_115' title='bbox 1909 1055 2041 1110; x_wconf 83' lang='grc' dir='ltr'>ιιιιιι,</span> <span class='ocrx_word' id='word_1_116' title='bbox 2077 1047 2128 1100; x_wconf 92' lang='lat' dir='ltr'><strong>in</strong></span> <span class='ocrx_word' id='word_1_117' title='bbox 2164 1049 2462 1106; x_wconf 87' lang='lat' dir='ltr'><strong>substantia</strong></span> <span class='ocrx_word' id='word_1_118' title='bbox 2505 1055 2737 1121; x_wconf 88' lang='lat' dir='ltr'><strong>quadam</strong></span> <span class='ocrx_word' id='word_1_119' title='bbox 2773 1062 3037 1127; x_wconf 88' lang='lat' dir='ltr'><strong>corporali</strong></span> <span class='ocrx_word' id='word_1_120' title='bbox 3082 1079 3186 1117; x_wconf 93' lang='lat' dir='ltr'><strong>non</strong></span> <span class='ocrx_word' id='word_1_121' title='bbox 3221 1078 3336 1131; x_wconf 89' lang='lat' dir='ltr'><strong>est;</strong></span> <span class='ocrx_word' id='word_1_122' title='bbox 3371 1069 3463 1122; x_wconf 89' lang='lat' dir='ltr'><strong>sed</strong></span> 
     </span>
    </p>
   </div>
   <div class='ocr_carea' id='block_1_16' title="bbox 226 1131 1809 1226">
    <p class='ocr_par' dir='ltr' id='par_1_16' title="bbox 226 1131 1802 1204">
     <span class='ocr_line' id='line_1_16' title="bbox 226 1131 1802 1204; baseline 0.002 -20"><span class='ocrx_word' id='word_1_123' title='bbox 226 1148 352 1186; x_wconf 75' lang='grc' dir='ltr'>ταυν</span> <span class='ocrx_word' id='word_1_124' title='bbox 393 1131 760 1203; x_wconf 74' lang='grc' dir='ltr'><strong>ἐνεργουμένη</strong></span> <span class='ocrx_word' id='word_1_125' title='bbox 801 1131 1045 1199; x_wconf 88' lang='grc' dir='ltr'>γίνεσθαι</span> <span class='ocrx_word' id='word_1_126' title='bbox 1077 1134 1170 1186; x_wconf 79' lang='grc' dir='ltr'><strong>καὶ</strong></span> <span class='ocrx_word' id='word_1_127' title='bbox 1199 1133 1511 1188; x_wconf 81' lang='grc' dir='ltr'>διαλύεσθαι</span> <span class='ocrx_word' id='word_1_128' title='bbox 1543 1135 1802 1204; x_wconf 81' lang='grc' dir='ltr'>πέφυκεν,</span> 
     </span>
    </p>
   </div>
   <div class='ocr_carea' id='block_1_17' title="bbox 1882 1131 3465 1226">
    <p class='ocr_par' dir='ltr' id='par_1_17' title="bbox 1904 1140 3465 1226">
     <span class='ocr_line' id='line_1_17' title="bbox 1904 1140 3465 1226; baseline 0.016 -38"><span class='ocrx_word' id='word_1_129' title='bbox 1904 1150 2121 1205; x_wconf 83' lang='lat' dir='ltr'><strong>semper</strong></span> <span class='ocrx_word' id='word_1_130' title='bbox 2163 1140 2441 1196; x_wconf 83' lang='lat' dir='ltr'><strong>voluntate</strong></span> <span class='ocrx_word' id='word_1_131' title='bbox 2487 1144 2580 1199; x_wconf 90' lang='lat' dir='ltr'><strong>Dei</strong></span> <span class='ocrx_word' id='word_1_132' title='bbox 2626 1149 2692 1200; x_wconf 91' lang='lat' dir='ltr'><strong>ad</strong></span> <span class='ocrx_word' id='word_1_133' title='bbox 2730 1153 3009 1207; x_wconf 89' lang='lat' dir='ltr'><strong>terrendos</strong></span> <span class='ocrx_word' id='word_1_134' title='bbox 3055 1153 3307 1211; x_wconf 80' lang='lat' dir='ltr'><strong>homines</strong></span> <span class='ocrx_word' id='word_1_135' title='bbox 3341 1174 3465 1226; x_wconf 91' lang='lat' dir='ltr'><strong>pro-</strong></span> 
     </span>
    </p>
   </div>
   <div class='ocr_carea' id='block_1_18' title="bbox 222 1219 1805 1312">
    <p class='ocr_par' dir='ltr' id='par_1_18' title="bbox 222 1219 1804 1297">
     <span class='ocr_line' id='line_1_18' title="bbox 222 1219 1804 1297; baseline 0.004 -24"><span class='ocrx_word' id='word_1_136' title='bbox 222 1221 374 1274; x_wconf 76' lang='grc' dir='ltr'>οὕτω</span> <span class='ocrx_word' id='word_1_137' title='bbox 421 1223 512 1275; x_wconf 81' lang='grc' dir='ltr'>καὶ</span> <span class='ocrx_word' id='word_1_138' title='bbox 543 1221 604 1272; x_wconf 83' lang='grc' dir='ltr'><strong>τὸ</strong></span> <span class='ocrx_word' id='word_1_139' title='bbox 649 1219 864 1290; x_wconf 86' lang='grc' dir='ltr'>πνεῦμα</span> <span class='ocrx_word' id='word_1_140' title='bbox 913 1221 1062 1292; x_wconf 76' lang='grc'><strong>(26)·</strong></span> <span class='ocrx_word' id='word_1_141' title='bbox 1109 1223 1204 1276; x_wconf 90' lang='grc' dir='ltr'><strong>νῦν</strong></span> <span class='ocrx_word' id='word_1_142' title='bbox 1251 1225 1350 1294; x_wconf 91' lang='grc' dir='ltr'><strong>μὲν</strong></span> <span class='ocrx_word' id='word_1_143' title='bbox 1397 1225 1605 1294; x_wconf 87' lang='grc' dir='ltr'>γίνεται</span> <span class='ocrx_word' id='word_1_144' title='bbox 1650 1226 1804 1297; x_wconf 84' lang='grc' dir='ltr'>δίκην</span> 
     </span>
    </p>
   </div>
   <div class='ocr_carea' id='block_1_19' title="bbox 1885 1219 3468 1312">
    <p class='ocr_par' dir='ltr' id='par_1_19' title="bbox 1903 1227 3468 1312">
     <span class='ocr_line' id='line_1_19' title="bbox 1903 1227 3468 1312; baseline 0.014 -31"><span class='ocrx_word' id='word_1_145' title='bbox 1903 1227 2143 1296; x_wconf 90' lang='lat' dir='ltr'><strong>ductum,</strong></span> <span class='ocrx_word' id='word_1_146' title='bbox 2176 1231 2286 1286; x_wconf 82' lang='lat' dir='ltr'><strong>ﬁeri</strong></span> <span class='ocrx_word' id='word_1_147' title='bbox 2320 1249 2382 1287; x_wconf 85' lang='lat' dir='ltr'><strong>ac</strong></span> <span class='ocrx_word' id='word_1_148' title='bbox 2411 1235 2625 1289; x_wconf 88' lang='lat' dir='ltr'><strong>dissolvi</strong></span> <span class='ocrx_word' id='word_1_149' title='bbox 2666 1238 2802 1293; x_wconf 87' lang='lat' dir='ltr'><strong>solet</strong></span> <span class='ocrx_word' id='word_1_150' title='bbox 2833 1259 2845 1294; x_wconf 92' lang='lat'>:</span> <span class='ocrx_word' id='word_1_151' title='bbox 2883 1243 2950 1295; x_wconf 89' lang='lat' dir='ltr'><strong>ita</strong></span> <span class='ocrx_word' id='word_1_152' title='bbox 2987 1255 3046 1296; x_wconf 91' lang='lat' dir='ltr'><strong>et</strong></span> <span class='ocrx_word' id='word_1_153' title='bbox 3076 1244 3298 1312; x_wconf 87' lang='lat' dir='ltr'><strong>spiritus</strong></span> <span class='ocrx_word' id='word_1_154' title='bbox 3325 1264 3468 1303; x_wconf 90' lang='lat' dir='ltr'><strong>nunc</strong></span> 
     </span>
    </p>
   </div>
   <div class='ocr_carea' id='block_1_20' title="bbox 226 1310 1809 1394">
    <p class='ocr_par' dir='ltr' id='par_1_20' title="bbox 226 1310 1805 1389">
     <span class='ocr_line' id='line_1_20' title="bbox 226 1310 1805 1389; baseline 0.003 -25"><span class='ocrx_word' id='word_1_155' title='bbox 226 1313 476 1384; x_wconf 80' lang='grc' dir='ltr'>ποταμοῦ</span> <span class='ocrx_word' id='word_1_156' title='bbox 510 1312 722 1382; x_wconf 73' lang='grc' dir='ltr'>ῥέοντος</span> <span class='ocrx_word' id='word_1_157' title='bbox 749 1310 844 1364; x_wconf 85' lang='grc' dir='ltr'><strong>τοῦ</strong></span> <span class='ocrx_word' id='word_1_158' title='bbox 874 1313 1034 1383; x_wconf 91' lang='grc' dir='ltr'>ἀέρος</span> <span class='ocrx_word' id='word_1_159' title='bbox 1055 1332 1067 1342; x_wconf 91' lang='grc'><strong>·</strong></span> <span class='ocrx_word' id='word_1_160' title='bbox 1101 1314 1262 1368; x_wconf 90' lang='grc' dir='ltr'>πάλιν</span> <span class='ocrx_word' id='word_1_161' title='bbox 1297 1315 1354 1368; x_wconf 82' lang='grc' dir='ltr'>δὲ</span> <span class='ocrx_word' id='word_1_162' title='bbox 1383 1316 1615 1370; x_wconf 87' lang='grc' dir='ltr'>παύεται</span> <span class='ocrx_word' id='word_1_163' title='bbox 1645 1318 1805 1389; x_wconf 84' lang='grc' dir='ltr'>ἀτρε-</span> 
     </span>
    </p>
   </div>
   <div class='ocr_carea' id='block_1_21' title="bbox 1885 1310 3468 1394">
    <p class='ocr_par' dir='ltr' id='par_1_21' title="bbox 1903 1322 3468 1394">
     <span class='ocr_line' id='line_1_21' title="bbox 1903 1322 3468 1394; baseline 0.013 -22"><span class='ocrx_word' id='word_1_164' title='bbox 1903 1322 2120 1388; x_wconf 84' lang='lat' dir='ltr'><strong>quidem</strong></span> <span class='ocrx_word' id='word_1_165' title='bbox 2151 1324 2229 1390; x_wconf 85' lang='lat' dir='ltr'><strong>lit,</strong></span> <span class='ocrx_word' id='word_1_166' title='bbox 2261 1323 2462 1380; x_wconf 82' lang='lat' dir='ltr'><strong>ﬂuente</strong></span> <span class='ocrx_word' id='word_1_167' title='bbox 2484 1326 2656 1381; x_wconf 91' lang='lat' dir='ltr'><strong>instar</strong></span> <span class='ocrx_word' id='word_1_168' title='bbox 2675 1328 2911 1386; x_wconf 84' lang='lat' dir='ltr'><strong>ﬂuminis</strong></span> <span class='ocrx_word' id='word_1_169' title='bbox 2935 1349 3090 1388; x_wconf 84' lang='lat' dir='ltr'><strong>aere:</strong></span> <span class='ocrx_word' id='word_1_170' title='bbox 3126 1352 3314 1392; x_wconf 88' lang='lat' dir='ltr'><strong>rursus</strong></span> <span class='ocrx_word' id='word_1_171' title='bbox 3340 1355 3468 1394; x_wconf 88' lang='lat' dir='ltr'><strong>vero</strong></span> 
     </span>
    </p>
   </div>
   <div class='ocr_carea' id='block_1_22' title="bbox 229 1401 1812 1497">
    <p class='ocr_par' dir='ltr' id='par_1_22' title="bbox 229 1401 1801 1479">
     <span class='ocr_line' id='line_1_22' title="bbox 229 1401 1801 1479; baseline 0.003 -23"><span class='ocrx_word' id='word_1_172' title='bbox 229 1405 461 1475; x_wconf 86' lang='grc' dir='ltr'>μοῦντος</span> <span class='ocrx_word' id='word_1_173' title='bbox 488 1401 578 1455; x_wconf 90' lang='grc' dir='ltr'><strong>τοῦ</strong></span> <span class='ocrx_word' id='word_1_174' title='bbox 613 1403 874 1475; x_wconf 86' lang='grc' dir='ltr'>πρότερον</span> <span class='ocrx_word' id='word_1_175' title='bbox 913 1405 1254 1473; x_wconf 81' lang='grc' dir='ltr'>κινουμένου,</span> <span class='ocrx_word' id='word_1_176' title='bbox 1291 1407 1430 1460; x_wconf 87' lang='grc' dir='ltr'><strong>κατά</strong></span> <span class='ocrx_word' id='word_1_177' title='bbox 1469 1409 1529 1458; x_wconf 74' lang='grc' dir='ltr'><strong>τὸ</strong></span> <span class='ocrx_word' id='word_1_178' title='bbox 1558 1406 1801 1479; x_wconf 81' lang='grc' dir='ltr'>βούλημα</span> 
     </span>
    </p>
   </div>
   <div class='ocr_carea' id='block_1_23' title="bbox 1881 1401 3464 1497">
    <p class='ocr_par' dir='ltr' id='par_1_23' title="bbox 1902 1419 3464 1497">
     <span class='ocr_line' id='line_1_23' title="bbox 1902 1419 3464 1497; baseline 0.012 -31"><span class='ocrx_word' id='word_1_179' title='bbox 1902 1422 2078 1466; x_wconf 89' lang='lat' dir='ltr'><strong>cessat</strong></span> <span class='ocrx_word' id='word_1_180' title='bbox 2120 1422 2270 1479; x_wconf 91' lang='lat' dir='ltr'><strong>tum,</strong></span> <span class='ocrx_word' id='word_1_181' title='bbox 2305 1431 2426 1471; x_wconf 91' lang='lat' dir='ltr'><strong>cum</strong></span> <span class='ocrx_word' id='word_1_182' title='bbox 2465 1419 2607 1487; x_wconf 92' lang='lat' dir='ltr'><strong>quod</strong></span> <span class='ocrx_word' id='word_1_183' title='bbox 2648 1419 2796 1486; x_wconf 91' lang='lat' dir='ltr'><strong>prius</strong></span> <span class='ocrx_word' id='word_1_184' title='bbox 2833 1427 3146 1480; x_wconf 82' lang='lat' dir='ltr'><strong>movebatur</strong></span> <span class='ocrx_word' id='word_1_185' title='bbox 3194 1430 3464 1497; x_wconf 83' lang='lat' dir='ltr'><strong>quiescit,</strong></span> 
     </span>
    </p>
   </div>
   <div class='ocr_carea' id='block_1_24' title="bbox 223 1495 1806 1580">
    <p class='ocr_par' dir='ltr' id='par_1_24' title="bbox 223 1495 1801 1566">
     <span class='ocr_line' id='line_1_24' title="bbox 223 1495 1801 1566; baseline 0.003 -18"><span class='ocrx_word' id='word_1_186' title='bbox 223 1496 325 1548; x_wconf 87' lang='grc' dir='ltr'><strong>τοῦ</strong></span> <span class='ocrx_word' id='word_1_187' title='bbox 369 1495 438 1547; x_wconf 82' lang='grc' dir='ltr'><strong>τά</strong></span> <span class='ocrx_word' id='word_1_188' title='bbox 466 1496 642 1548; x_wconf 90' lang='grc' dir='ltr'>πάντα</span> <span class='ocrx_word' id='word_1_189' title='bbox 680 1496 771 1548; x_wconf 81' lang='grc' dir='ltr'>ἐπὶ</span> <span class='ocrx_word' id='word_1_190' title='bbox 807 1498 1049 1566; x_wconf 76' lang='grc' dir='ltr'>σωτηρίᾳ</span> <span class='ocrx_word' id='word_1_191' title='bbox 1098 1498 1192 1550; x_wconf 72' lang='grc' dir='ltr'><strong>καὶ</strong></span> <span class='ocrx_word' id='word_1_192' title='bbox 1232 1498 1487 1551; x_wconf 83' lang='grc' dir='ltr'>συστάσει</span> <span class='ocrx_word' id='word_1_193' title='bbox 1520 1500 1627 1553; x_wconf 91' lang='grc' dir='ltr'><strong>τῶν</strong></span> <span class='ocrx_word' id='word_1_194' title='bbox 1667 1501 1801 1553; x_wconf 84' lang='grc' dir='ltr'>ὃλων</span> 
     </span>
    </p>
   </div>
   <div class='ocr_carea' id='block_1_25' title="bbox 1880 1495 3463 1580">
    <p class='ocr_par' dir='ltr' id='par_1_25' title="bbox 1902 1504 3463 1580">
     <span class='ocr_line' id='line_1_25' title="bbox 1902 1504 3463 1580; baseline 0.012 -24"><span class='ocrx_word' id='word_1_195' title='bbox 1902 1504 2200 1557; x_wconf 88' lang='lat' dir='ltr'><strong>secundum</strong></span> <span class='ocrx_word' id='word_1_196' title='bbox 2258 1507 2586 1564; x_wconf 86' lang='lat' dir='ltr'><strong>voluntatem</strong></span> <span class='ocrx_word' id='word_1_197' title='bbox 2636 1510 2790 1578; x_wconf 89' lang='lat' dir='ltr'><strong>ejus,</strong></span> <span class='ocrx_word' id='word_1_198' title='bbox 2844 1515 2933 1580; x_wconf 89' lang='lat' dir='ltr'><strong>qui</strong></span> <span class='ocrx_word' id='word_1_199' title='bbox 2971 1517 3036 1567; x_wconf 87' lang='lat' dir='ltr'><strong>ad</strong></span> <span class='ocrx_word' id='word_1_200' title='bbox 3088 1519 3463 1574; x_wconf 90' lang='lat' dir='ltr'><strong>universorum</strong></span> 
     </span>
    </p>
   </div>
   <div class='ocr_carea' id='block_1_26' title="bbox 223 1583 1806 1678">
    <p class='ocr_par' dir='ltr' id='par_1_26' title="bbox 223 1583 1802 1657">
     <span class='ocr_line' id='line_1_26' title="bbox 223 1583 1802 1657; baseline 0.002 -19"><span class='ocrx_word' id='word_1_201' title='bbox 223 1583 635 1654; x_wconf 75' lang='grc' dir='ltr'>οἰκονομοῦντος</span> <span class='ocrx_word' id='word_1_202' title='bbox 656 1599 668 1612; x_wconf 79' lang='grc'><em>’</em></span> <span class='ocrx_word' id='word_1_203' title='bbox 714 1584 853 1636; x_wconf 79' lang='grc' dir='ltr'>ὥστε</span> <span class='ocrx_word' id='word_1_204' title='bbox 885 1585 972 1636; x_wconf 77' lang='grc' dir='ltr'>διὰ</span> <span class='ocrx_word' id='word_1_205' title='bbox 1002 1585 1180 1655; x_wconf 81' lang='grc' dir='ltr'>πάσης</span> <span class='ocrx_word' id='word_1_206' title='bbox 1217 1587 1314 1657; x_wconf 81' lang='grc' dir='ltr'><strong>τῆς</strong></span> <span class='ocrx_word' id='word_1_207' title='bbox 1353 1588 1603 1654; x_wconf 83' lang='grc' dir='ltr'>κτίσεως,</span> <span class='ocrx_word' id='word_1_208' title='bbox 1650 1589 1713 1643; x_wconf 79' lang='grc' dir='ltr'>ἐκ</span> <span class='ocrx_word' id='word_1_209' title='bbox 1745 1606 1802 1642; x_wconf 87' lang='grc' dir='ltr'><strong>τε</strong></span> 
     </span>
    </p>
   </div>
   <div class='ocr_carea' id='block_1_27' title="bbox 1875 1583 3458 1678">
    <p class='ocr_par' dir='ltr' id='par_1_27' title="bbox 1903 1593 3458 1678">
     <span class='ocr_line' id='line_1_27' title="bbox 1903 1593 3458 1678; baseline 0.013 -30"><span class='ocrx_word' id='word_1_210' title='bbox 1903 1593 2327 1651; x_wconf 86' lang='lat' dir='ltr'><strong>incolumitatem</strong></span> <span class='ocrx_word' id='word_1_211' title='bbox 2356 1605 2930 1676; x_wconf 86' lang='lat' dir='ltr'><strong>conservationemque</strong></span> <span class='ocrx_word' id='word_1_212' title='bbox 2952 1608 3219 1677; x_wconf 78' lang='lat' dir='ltr'><strong>gubernat</strong></span> <span class='ocrx_word' id='word_1_213' title='bbox 3254 1615 3458 1678; x_wconf 87' lang='lat' dir='ltr'><strong>omnia,</strong></span> 
     </span>
    </p>
   </div>
   <div class='ocr_carea' id='block_1_28' title="bbox 227 1676 1810 1761">
    <p class='ocr_par' dir='ltr' id='par_1_28' title="bbox 227 1676 1800 1752">
     <span class='ocr_line' id='line_1_28' title="bbox 227 1676 1800 1752; baseline 0.003 -24"><span class='ocrx_word' id='word_1_214' title='bbox 227 1676 466 1747; x_wconf 84' lang='grc' dir='ltr'>βροντῶν</span> <span class='ocrx_word' id='word_1_215' title='bbox 493 1676 586 1729; x_wconf 76' lang='grc' dir='ltr'><strong>καὶ</strong></span> <span class='ocrx_word' id='word_1_216' title='bbox 614 1676 830 1747; x_wconf 87' lang='grc' dir='ltr'>ἀνέμων</span> <span class='ocrx_word' id='word_1_217' title='bbox 854 1677 946 1730; x_wconf 82' lang='grc' dir='ltr'><strong>καὶ</strong></span> <span class='ocrx_word' id='word_1_218' title='bbox 975 1677 1070 1746; x_wconf 83' lang='grc' dir='ltr'>τῆς</span> <span class='ocrx_word' id='word_1_219' title='bbox 1100 1677 1290 1748; x_wconf 80' lang='grc' dir='ltr'>λοιπῆς</span> <span class='ocrx_word' id='word_1_220' title='bbox 1325 1679 1684 1752; x_wconf 82' lang='grc' dir='ltr'>δημιουργίας</span> <span class='ocrx_word' id='word_1_221' title='bbox 1711 1680 1800 1733; x_wconf 85' lang='grc' dir='ltr'><strong>τὸν</strong></span> 
     </span>
    </p>
   </div>
   <div class='ocr_carea' id='block_1_29' title="bbox 1884 1676 3467 1761">
    <p class='ocr_par' dir='ltr' id='par_1_29' title="bbox 1903 1695 3467 1761">
     <span class='ocr_line' id='line_1_29' title="bbox 1903 1695 3467 1761; baseline 0.012 -23"><span class='ocrx_word' id='word_1_222' title='bbox 1903 1695 1960 1738; x_wconf 88' lang='grc' dir='ltr'><strong>ιιι</strong></span> <span class='ocrx_word' id='word_1_223' title='bbox 2010 1701 2105 1755; x_wconf 89' lang='lat' dir='ltr'><strong>per</strong></span> <span class='ocrx_word' id='word_1_224' title='bbox 2145 1702 2357 1743; x_wconf 91' lang='lat' dir='ltr'><strong>omnem</strong></span> <span class='ocrx_word' id='word_1_225' title='bbox 2399 1703 2702 1749; x_wconf 88' lang='lat' dir='ltr'><strong>creaturam</strong></span> <span class='ocrx_word' id='word_1_226' title='bbox 2737 1707 2790 1751; x_wconf 90' lang='lat' dir='ltr'><strong>et</strong></span> <span class='ocrx_word' id='word_1_227' title='bbox 2823 1699 3075 1753; x_wconf 88' lang='lat' dir='ltr'><strong>tonitruis</strong></span> <span class='ocrx_word' id='word_1_228' title='bbox 3114 1712 3168 1754; x_wconf 86' lang='lat' dir='ltr'><strong>et</strong></span> <span class='ocrx_word' id='word_1_229' title='bbox 3212 1705 3388 1761; x_wconf 85' lang='lat' dir='ltr'><strong>ventis</strong></span> <span class='ocrx_word' id='word_1_230' title='bbox 3413 1715 3467 1759; x_wconf 87' lang='lat' dir='ltr'><strong>et</strong></span> 
     </span>
    </p>
   </div>
   <div class='ocr_carea' id='block_1_30' title="bbox 222 1767 1805 1861">
    <p class='ocr_par' dir='ltr' id='par_1_30' title="bbox 222 1767 1794 1842">
     <span class='ocr_line' id='line_1_30' title="bbox 222 1767 1794 1842; baseline 0.002 -21"><span class='ocrx_word' id='word_1_231' title='bbox 222 1767 556 1839; x_wconf 84' lang='grc' dir='ltr'>δημιουργὸν</span> <span class='ocrx_word' id='word_1_232' title='bbox 594 1768 1046 1837; x_wconf 80' lang='grc' dir='ltr'>ἀναγγέλλεσθαι.</span> <span class='ocrx_word' id='word_1_233' title='bbox 1091 1769 1290 1842; x_wconf 86' lang='grc' dir='ltr'>Διόπερ</span> <span class='ocrx_word' id='word_1_234' title='bbox 1322 1771 1458 1841; x_wconf 87' lang='grc' dir='ltr'><strong>μετά</strong></span> <span class='ocrx_word' id='word_1_235' title='bbox 1496 1773 1556 1823; x_wconf 84' lang='grc' dir='ltr'><strong>τὸ</strong></span> <span class='ocrx_word' id='word_1_236' title='bbox 1596 1775 1794 1825; x_wconf 77' lang='grc' dir='ltr'>είπείνο</span> 
     </span>
    </p>
   </div>
   <div class='ocr_carea' id='block_1_31' title="bbox 1882 1767 3465 1861">
    <p class='ocr_par' dir='ltr' id='par_1_31' title="bbox 1904 1775 3465 1861">
     <span class='ocr_line' id='line_1_31' title="bbox 1904 1775 3465 1861; baseline 0.013 -34"><span class='ocrx_word' id='word_1_237' title='bbox 1904 1775 2124 1843; x_wconf 78' lang='lat' dir='ltr'><strong>reliquis</strong></span> <span class='ocrx_word' id='word_1_238' title='bbox 2152 1779 2409 1847; x_wconf 88' lang='lat' dir='ltr'><strong>operibus</strong></span> <span class='ocrx_word' id='word_1_239' title='bbox 2437 1783 2684 1837; x_wconf 89' lang='lat' dir='ltr'><strong>conditor</strong></span> <span class='ocrx_word' id='word_1_240' title='bbox 2716 1789 3090 1842; x_wconf 83' lang='lat' dir='ltr'><strong>annuntietur.</strong></span> <span class='ocrx_word' id='word_1_241' title='bbox 3121 1789 3465 1861; x_wconf 75' lang='lat' dir='ltr'><strong>Quapropter</strong></span> 
     </span>
    </p>
   </div>
   <div class='ocr_carea' id='block_1_32' title="bbox 237 1858 1820 1945">
    <p class='ocr_par' dir='ltr' id='par_1_32' title="bbox 237 1858 1797 1936">
     <span class='ocr_line' id='line_1_32' title="bbox 237 1858 1797 1936; baseline 0.001 -22"><span class='ocrx_word' id='word_1_242' title='bbox 237 1859 304 1913; x_wconf 85' lang='lat'><strong>&#39;0</strong></span> <span class='ocrx_word' id='word_1_243' title='bbox 351 1858 609 1928; x_wconf 76' lang='grc' dir='ltr'>στερεῶν</span> <span class='ocrx_word' id='word_1_244' title='bbox 660 1858 963 1927; x_wconf 80' lang='grc' dir='ltr'>βροντὴν,</span> <span class='ocrx_word' id='word_1_245' title='bbox 1015 1861 1113 1914; x_wconf 79' lang='grc' dir='ltr'>καὶ</span> <span class='ocrx_word' id='word_1_246' title='bbox 1149 1861 1354 1923; x_wconf 80' lang='grc' dir='ltr'>κτίζων</span> <span class='ocrx_word' id='word_1_247' title='bbox 1397 1865 1647 1933; x_wconf 81' lang='grc' dir='ltr'>πνεῦμα,</span> <span class='ocrx_word' id='word_1_248' title='bbox 1696 1883 1797 1936; x_wconf 80' lang='grc' dir='ltr'><strong>φη-</strong></span> 
     </span>
    </p>
   </div>
   <div class='ocr_carea' id='block_1_33' title="bbox 1880 1858 3463 1945">
    <p class='ocr_par' dir='ltr' id='par_1_33' title="bbox 1903 1858 3463 1945">
     <span class='ocr_line' id='line_1_33' title="bbox 1903 1858 3463 1945; baseline 0.013 -34"><span class='ocrx_word' id='word_1_249' title='bbox 1903 1869 2184 1928; x_wconf 78' lang='lat' dir='ltr'><strong>postquam</strong></span> <span class='ocrx_word' id='word_1_250' title='bbox 2223 1862 2395 1917; x_wconf 77' lang='lat' dir='ltr'><strong>dixit:</strong></span> <span class='ocrx_word' id='word_1_251' title='bbox 2428 1863 2530 1929; x_wconf 87' lang='lat' dir='ltr'><strong>Qui</strong></span> <span class='ocrx_word' id='word_1_252' title='bbox 2555 1867 2730 1933; x_wconf 82' lang='lat' dir='ltr'><strong>ﬁrmat</strong></span> <span class='ocrx_word' id='word_1_253' title='bbox 2765 1872 3052 1924; x_wconf 83' lang='lat' dir='ltr'><strong>tonitruum</strong></span> <span class='ocrx_word' id='word_1_254' title='bbox 3087 1885 3133 1927; x_wconf 86' lang='lat' dir='ltr'><strong>et</strong></span> <span class='ocrx_word' id='word_1_255' title='bbox 3181 1888 3321 1930; x_wconf 86' lang='lat' dir='ltr'><strong>creat</strong></span> <span class='ocrx_word' id='word_1_256' title='bbox 3340 1858 3463 1945; x_wconf 29' lang='lat' dir='ltr'><strong>vapi-</strong></span> 
     </span>
    </p>
   </div>
   <div class='ocr_carea' id='block_1_34' title="bbox 226 1950 1809 2026">
    <p class='ocr_par' dir='ltr' id='par_1_34' title="bbox 226 1950 1795 2025">
     <span class='ocr_line' id='line_1_34' title="bbox 226 1950 1795 2025; baseline 0.004 -22"><span class='ocrx_word' id='word_1_257' title='bbox 226 1951 333 2004; x_wconf 83' lang='grc' dir='ltr'>σίν·</span> <span class='ocrx_word' id='word_1_258' title='bbox 385 1951 493 2005; x_wconf 78' lang='grc' dir='ltr'><strong>Καὶ</strong></span> <span class='ocrx_word' id='word_1_259' title='bbox 539 1950 931 2020; x_wconf 77' lang='grc' dir='ltr'>ἀπαγγέλλων</span> <span class='ocrx_word' id='word_1_260' title='bbox 980 1953 1105 2020; x_wconf 83' lang='grc' dir='ltr'>τοῖς</span> <span class='ocrx_word' id='word_1_261' title='bbox 1152 1955 1482 2024; x_wconf 81' lang='grc' dir='ltr'>ἀνθρώποις</span> <span class='ocrx_word' id='word_1_262' title='bbox 1526 1958 1631 2010; x_wconf 81' lang='grc' dir='ltr'><strong>τὸν</strong></span> <span class='ocrx_word' id='word_1_263' title='bbox 1672 1961 1795 2025; x_wconf 84' lang='grc' dir='ltr'>Χρι-</span> 
     </span>
    </p>
   </div>
   <div class='ocr_carea' id='block_1_35' title="bbox 1879 1950 3462 2026">
    <p class='ocr_par' dir='ltr' id='par_1_35' title="bbox 1906 1951 3462 2026">
     <span class='ocr_line' id='line_1_35' title="bbox 1906 1951 3462 2026; baseline 0.014 -25"><span class='ocrx_word' id='word_1_264' title='bbox 1906 1953 2062 2003; x_wconf 83' lang='lat' dir='ltr'><strong>ritum</strong></span> <span class='ocrx_word' id='word_1_265' title='bbox 2086 1951 2151 2017; x_wconf 71' lang='lat'><strong>“,</strong></span> <span class='ocrx_word' id='word_1_266' title='bbox 2179 1954 2252 2005; x_wconf 91' lang='lat' dir='ltr'><strong>ait</strong></span> <span class='ocrx_word' id='word_1_267' title='bbox 2290 1970 2304 2006; x_wconf 88' lang='lat'><strong>:</strong></span> <span class='ocrx_word' id='word_1_268' title='bbox 2336 1954 2404 2008; x_wconf 89' lang='lat' dir='ltr'><strong>Et</strong></span> <span class='ocrx_word' id='word_1_269' title='bbox 2437 1958 2525 2026; x_wconf 85' lang='lat' dir='ltr'><strong>qui</strong></span> <span class='ocrx_word' id='word_1_270' title='bbox 2560 1963 2838 2014; x_wconf 83' lang='lat' dir='ltr'><strong>annuntiat</strong></span> <span class='ocrx_word' id='word_1_271' title='bbox 2866 1964 3159 2020; x_wconf 77' lang='lat' dir='ltr'><strong>hominibus</strong></span> <span class='ocrx_word' id='word_1_272' title='bbox 3202 1967 3462 2022; x_wconf 75' lang='lat' dir='ltr'><strong>Christum</strong></span> 
     </span>
    </p>
   </div>
   <div class='ocr_carea' id='block_1_36' title="bbox 222 2041 1805 2125">
    <p class='ocr_par' dir='ltr' id='par_1_36' title="bbox 222 2041 1796 2117">
     <span class='ocr_line' id='line_1_36' title="bbox 222 2041 1796 2117; baseline 0.004 -23"><span class='ocrx_word' id='word_1_273' title='bbox 222 2043 380 2094; x_wconf 71' lang='grc' dir='ltr'>στὲν</span> <span class='ocrx_word' id='word_1_274' title='bbox 424 2042 628 2096; x_wconf 86' lang='grc' dir='ltr'>αὑτοῦ.</span> <span class='ocrx_word' id='word_1_275' title='bbox 673 2041 759 2104; x_wconf 82' lang='grc' dir='ltr'>Ὠς</span> <span class='ocrx_word' id='word_1_276' title='bbox 800 2041 907 2110; x_wconf 87' lang='grc' dir='ltr'>γὰρ</span> <span class='ocrx_word' id='word_1_277' title='bbox 935 2045 984 2096; x_wconf 79' lang='lat' dir='ltr'><strong>ot</strong></span> <span class='ocrx_word' id='word_1_278' title='bbox 1029 2045 1246 2116; x_wconf 80' lang='grc' dir='ltr'>οὐρανοὶ</span> <span class='ocrx_word' id='word_1_279' title='bbox 1291 2045 1596 2117; x_wconf 81' lang='grc' dir='ltr'>διηγοῦνται</span> <span class='ocrx_word' id='word_1_280' title='bbox 1641 2048 1796 2111; x_wconf 80' lang='grc' dir='ltr'>δόξαν</span> 
     </span>
    </p>
   </div>
   <div class='ocr_carea' id='block_1_37' title="bbox 1882 2041 3465 2125">
    <p class='ocr_par' dir='ltr' id='par_1_37' title="bbox 1905 2043 3465 2125">
     <span class='ocr_line' id='line_1_37' title="bbox 1905 2043 3465 2125; baseline 0.014 -30"><span class='ocrx_word' id='word_1_281' title='bbox 1905 2059 2057 2096; x_wconf 76' lang='lat' dir='ltr'><strong>suum</strong></span> <span class='ocrx_word' id='word_1_282' title='bbox 2082 2045 2145 2097; x_wconf 79' lang='lat'><strong>&quot;‘.</strong></span> <span class='ocrx_word' id='word_1_283' title='bbox 2169 2043 2318 2099; x_wconf 89' lang='lat' dir='ltr'><strong>Sicut</strong></span> <span class='ocrx_word' id='word_1_284' title='bbox 2341 2048 2481 2101; x_wconf 93' lang='lat' dir='ltr'><strong>enim</strong></span> <span class='ocrx_word' id='word_1_285' title='bbox 2504 2051 2621 2105; x_wconf 73' lang='grc' dir='ltr'>ειειί</span> <span class='ocrx_word' id='word_1_286' title='bbox 2649 2066 2902 2107; x_wconf 86' lang='lat' dir='ltr'><strong>enarrant</strong></span> <span class='ocrx_word' id='word_1_287' title='bbox 2925 2056 3150 2125; x_wconf 83' lang='lat' dir='ltr'><strong>gloriam</strong></span> <span class='ocrx_word' id='word_1_288' title='bbox 3183 2059 3274 2114; x_wconf 90' lang='lat' dir='ltr'><strong>Dei</strong></span> <span class='ocrx_word' id='word_1_289' title='bbox 3333 2063 3398 2116; x_wconf 88' lang='lat' dir='ltr'><strong>iis</strong></span> <span class='ocrx_word' id='word_1_290' title='bbox 3421 2062 3465 2094; x_wconf 74' lang='lat'>“</span> 
     </span>
    </p>
   </div>
   <div class='ocr_carea' id='block_1_38' title="bbox 223 2131 1806 2209">
    <p class='ocr_par' dir='ltr' id='par_1_38' title="bbox 223 2131 1795 2209">
     <span class='ocr_line' id='line_1_38' title="bbox 223 2131 1795 2209; baseline 0.007 -28"><span class='ocrx_word' id='word_1_291' title='bbox 223 2131 362 2184; x_wconf 84' lang='grc' dir='ltr'>Θεοῦ</span> <span class='ocrx_word' id='word_1_292' title='bbox 404 2135 514 2194; x_wconf 83' lang='grc' dir='ltr'>τοῖς</span> <span class='ocrx_word' id='word_1_293' title='bbox 556 2131 868 2202; x_wconf 79' lang='grc' dir='ltr'>δυναμένοις</span> <span class='ocrx_word' id='word_1_294' title='bbox 917 2135 973 2200; x_wconf 73' lang='grc' dir='ltr'>ἐξ</span> <span class='ocrx_word' id='word_1_295' title='bbox 1013 2135 1191 2188; x_wconf 76' lang='grc' dir='ltr'>αὐτῶν</span> <span class='ocrx_word' id='word_1_296' title='bbox 1216 2137 1313 2206; x_wconf 80' lang='grc' dir='ltr'><strong>τὴν</strong></span> <span class='ocrx_word' id='word_1_297' title='bbox 1338 2137 1428 2190; x_wconf 90' lang='grc' dir='ltr'><strong>τοῦ</strong></span> <span class='ocrx_word' id='word_1_298' title='bbox 1468 2139 1795 2209; x_wconf 80' lang='grc' dir='ltr'>δημιουργοῦ</span> 
     </span>
    </p>
   </div>
   <div class='ocr_carea' id='block_1_39' title="bbox 1879 2131 3462 2209">
    <p class='ocr_par' dir='ltr' id='par_1_39' title="bbox 1905 2131 3462 2206">
     <span class='ocr_line' id='line_1_39' title="bbox 1905 2131 3462 2206; baseline 0.015 -24"><span class='ocrx_word' id='word_1_299' title='bbox 1905 2131 1992 2198; x_wconf 85' lang='lat' dir='ltr'><strong>qui</strong></span> <span class='ocrx_word' id='word_1_300' title='bbox 2023 2147 2088 2186; x_wconf 85' lang='lat' dir='ltr'><strong>ex</strong></span> <span class='ocrx_word' id='word_1_301' title='bbox 2115 2133 2243 2202; x_wconf 91' lang='lat' dir='ltr'><strong>ipsis</strong></span> <span class='ocrx_word' id='word_1_302' title='bbox 2270 2148 2490 2205; x_wconf 89' lang='lat' dir='ltr'><strong>possunt</strong></span> <span class='ocrx_word' id='word_1_303' title='bbox 2524 2141 2817 2198; x_wconf 88' lang='lat' dir='ltr'><strong>conditoris</strong></span> <span class='ocrx_word' id='word_1_304' title='bbox 2840 2154 3009 2199; x_wconf 84' lang='lat' dir='ltr'><strong>artem</strong></span> <span class='ocrx_word' id='word_1_305' title='bbox 3039 2149 3305 2204; x_wconf 74' lang='lat' dir='ltr'><strong>aestimare</strong></span> <span class='ocrx_word' id='word_1_306' title='bbox 3334 2171 3346 2205; x_wconf 93' lang='lat'>:</span> <span class='ocrx_word' id='word_1_307' title='bbox 3383 2153 3462 2206; x_wconf 90' lang='lat' dir='ltr'><strong>sic</strong></span> 
     </span>
    </p>
   </div>
   <div class='ocr_carea' id='block_1_40' title="bbox 221 2219 1804 2298">
    <p class='ocr_par' dir='ltr' id='par_1_40' title="bbox 221 2219 1794 2297">
     <span class='ocr_line' id='line_1_40' title="bbox 221 2219 1794 2297; baseline 0.005 -26"><span class='ocrx_word' id='word_1_308' title='bbox 221 2221 422 2290; x_wconf 82' lang='grc' dir='ltr'>τέχνην</span> <span class='ocrx_word' id='word_1_309' title='bbox 469 2219 905 2288; x_wconf 79' lang='grc' dir='ltr'>ἀναλογίζεσθαι,</span> <span class='ocrx_word' id='word_1_310' title='bbox 941 2222 1084 2276; x_wconf 80' lang='grc' dir='ltr'>οὕτω</span> <span class='ocrx_word' id='word_1_311' title='bbox 1126 2226 1218 2277; x_wconf 80' lang='grc' dir='ltr'><strong>καὶ</strong></span> <span class='ocrx_word' id='word_1_312' title='bbox 1260 2226 1486 2296; x_wconf 81' lang='grc' dir='ltr'>βροντῆς</span> <span class='ocrx_word' id='word_1_313' title='bbox 1511 2224 1653 2297; x_wconf 80' lang='grc' dir='ltr'>ἦχοι,</span> <span class='ocrx_word' id='word_1_314' title='bbox 1706 2230 1794 2281; x_wconf 78' lang='grc' dir='ltr'><strong>καὶ</strong></span> 
     </span>
    </p>
   </div>
   <div class='ocr_carea' id='block_1_41' title="bbox 1880 2219 3463 2298">
    <p class='ocr_par' dir='ltr' id='par_1_41' title="bbox 1905 2220 3463 2298">
     <span class='ocr_line' id='line_1_41' title="bbox 1905 2220 3463 2298; baseline 0.015 -26"><span class='ocrx_word' id='word_1_315' title='bbox 1905 2220 2064 2274; x_wconf 88' lang='lat' dir='ltr'><strong>etiam</strong></span> <span class='ocrx_word' id='word_1_316' title='bbox 2094 2224 2309 2277; x_wconf 90' lang='lat' dir='ltr'><strong>tonitrui</strong></span> <span class='ocrx_word' id='word_1_317' title='bbox 2335 2225 2516 2294; x_wconf 75' lang='lat' dir='ltr'><strong>fragor</strong></span> <span class='ocrx_word' id='word_1_318' title='bbox 2540 2244 2602 2282; x_wconf 86' lang='lat' dir='ltr'><strong>ac</strong></span> <span class='ocrx_word' id='word_1_319' title='bbox 2629 2233 2912 2298; x_wconf 87' lang='lat' dir='ltr'><strong>spirituum</strong></span> <span class='ocrx_word' id='word_1_320' title='bbox 2935 2247 3111 2292; x_wconf 86' lang='lat' dir='ltr'><strong>motas</strong></span> <span class='ocrx_word' id='word_1_321' title='bbox 3133 2242 3463 2296; x_wconf 79' lang='lat' dir='ltr'><strong>canditorem</strong></span> 
     </span>
    </p>
   </div>
   <div class='ocr_carea' id='block_1_42' title="bbox 224 2311 1807 2400">
    <p class='ocr_par' dir='ltr' id='par_1_42' title="bbox 224 2311 1793 2385">
     <span class='ocr_line' id='line_1_42' title="bbox 224 2311 1793 2385; baseline 0.005 -23"><span class='ocrx_word' id='word_1_322' title='bbox 224 2311 551 2380; x_wconf 80' lang='grc' dir='ltr'>πνευμάτων</span> <span class='ocrx_word' id='word_1_323' title='bbox 609 2314 871 2382; x_wconf 82' lang='grc' dir='ltr'>κινήσεις,</span> <span class='ocrx_word' id='word_1_324' title='bbox 921 2313 1010 2366; x_wconf 77' lang='grc' dir='ltr'><strong>τὸν</strong></span> <span class='ocrx_word' id='word_1_325' title='bbox 1062 2315 1387 2385; x_wconf 89' lang='grc' dir='ltr'>δημιουργὸν</span> <span class='ocrx_word' id='word_1_326' title='bbox 1438 2318 1615 2369; x_wconf 69' lang='grc' dir='ltr'>αὐτῶν</span> <span class='ocrx_word' id='word_1_327' title='bbox 1665 2319 1793 2369; x_wconf 82' lang='grc' dir='ltr'>ἀνα-</span> 
     </span>
    </p>
   </div>
   <div class='ocr_carea' id='block_1_43' title="bbox 1880 2311 3463 2400">
    <p class='ocr_par' dir='ltr' id='par_1_43' title="bbox 1904 2315 3463 2400">
     <span class='ocr_line' id='line_1_43' title="bbox 1904 2315 3463 2400; baseline 0.018 -40"><span class='ocrx_word' id='word_1_328' title='bbox 1904 2325 2060 2362; x_wconf 85' lang='lat' dir='ltr'><strong>suum</strong></span> <span class='ocrx_word' id='word_1_329' title='bbox 2080 2315 2392 2380; x_wconf 56' lang='lat' dir='ltr'><strong>praedicant.</strong></span> <span class='ocrx_word' id='word_1_330' title='bbox 2416 2317 2667 2374; x_wconf 90' lang='lat' dir='ltr'><strong>Fortasse</strong></span> <span class='ocrx_word' id='word_1_331' title='bbox 2681 2333 2856 2377; x_wconf 86' lang='lat' dir='ltr'><strong>autem</strong></span> <span class='ocrx_word' id='word_1_332' title='bbox 2878 2327 2975 2380; x_wconf 93' lang='lat' dir='ltr'><strong>hoc</strong></span> <span class='ocrx_word' id='word_1_333' title='bbox 2990 2328 3159 2396; x_wconf 90' lang='lat' dir='ltr'><strong>ipsum</strong></span> <span class='ocrx_word' id='word_1_334' title='bbox 3184 2333 3463 2400; x_wconf 87' lang='lat' dir='ltr'><strong>pr0phetia</strong></span> 
     </span>
    </p>
   </div>
   <div class='ocr_carea' id='block_1_44' title="bbox 222 2401 1805 2492">
    <p class='ocr_par' dir='ltr' id='par_1_44' title="bbox 222 2401 1792 2479">
     <span class='ocr_line' id='line_1_44' title="bbox 222 2401 1792 2479; baseline 0.003 -23"><span class='ocrx_word' id='word_1_335' title='bbox 222 2401 577 2474; x_wconf 80' lang='grc' dir='ltr'>κηρύττουσι.</span> <span class='ocrx_word' id='word_1_336' title='bbox 605 2405 756 2474; x_wconf 85' lang='grc' dir='ltr'><strong>Τάχα</strong></span> <span class='ocrx_word' id='word_1_337' title='bbox 794 2405 837 2457; x_wconf 85' lang='grc' dir='ltr'>δ’</span> <span class='ocrx_word' id='word_1_338' title='bbox 887 2404 950 2458; x_wconf 85' lang='grc' dir='ltr'>ἂν</span> <span class='ocrx_word' id='word_1_339' title='bbox 996 2404 1153 2456; x_wconf 90' lang='grc' dir='ltr'>τοῦτο</span> <span class='ocrx_word' id='word_1_340' title='bbox 1199 2408 1292 2458; x_wconf 75' lang='grc' dir='ltr'>καὶ</span> <span class='ocrx_word' id='word_1_341' title='bbox 1332 2408 1633 2476; x_wconf 83' lang='grc' dir='ltr'>προφητεία</span> <span class='ocrx_word' id='word_1_342' title='bbox 1680 2410 1792 2479; x_wconf 79' lang='grc' dir='ltr'>εἴη,</span> 
     </span>
    </p>
   </div>
   <div class='ocr_carea' id='block_1_45' title="bbox 1882 2401 3465 2492">
    <p class='ocr_par' dir='ltr' id='par_1_45' title="bbox 1903 2406 3465 2492">
     <span class='ocr_line' id='line_1_45' title="bbox 1903 2406 3465 2492; baseline 0.016 -38"><span class='ocrx_word' id='word_1_343' title='bbox 1903 2411 2006 2467; x_wconf 89' lang='lat' dir='ltr'><strong>est,</strong></span> <span class='ocrx_word' id='word_1_344' title='bbox 2030 2419 2147 2472; x_wconf 64' lang='lat' dir='ltr'><strong>quae</strong></span> <span class='ocrx_word' id='word_1_345' title='bbox 2177 2406 2240 2459; x_wconf 88' lang='lat' dir='ltr'><strong>ad</strong></span> <span class='ocrx_word' id='word_1_346' title='bbox 2256 2407 2464 2462; x_wconf 89' lang='lat' dir='ltr'><strong>Domini</strong></span> <span class='ocrx_word' id='word_1_347' title='bbox 2489 2411 2908 2470; x_wconf 81' lang='lat' dir='ltr'><strong>incarnationem</strong></span> <span class='ocrx_word' id='word_1_348' title='bbox 2935 2427 3137 2487; x_wconf 85' lang='lat' dir='ltr'><strong>spectat</strong></span> <span class='ocrx_word' id='word_1_349' title='bbox 3161 2438 3178 2488; x_wconf 85' lang='lat'><strong>;</strong></span> <span class='ocrx_word' id='word_1_350' title='bbox 3198 2422 3465 2492; x_wconf 83' lang='lat' dir='ltr'><strong>siquidem</strong></span> 
     </span>
    </p>
   </div>
   <div class='ocr_carea' id='block_1_46' title="bbox 226 2495 1809 2570">
    <p class='ocr_par' dir='ltr' id='par_1_46' title="bbox 226 2495 1792 2570">
     <span class='ocr_line' id='line_1_46' title="bbox 226 2495 1792 2570; baseline 0.004 -24"><span class='ocrx_word' id='word_1_351' title='bbox 226 2495 366 2565; x_wconf 72' lang='grc' dir='ltr'>πρὸς</span> <span class='ocrx_word' id='word_1_352' title='bbox 430 2495 529 2567; x_wconf 84' lang='grc' dir='ltr'>τὴν</span> <span class='ocrx_word' id='word_1_353' title='bbox 605 2495 1013 2566; x_wconf 49' lang='grc' dir='ltr'>ὲνανθρώμπησιν</span> <span class='ocrx_word' id='word_1_354' title='bbox 1084 2495 1176 2547; x_wconf 90' lang='grc' dir='ltr'><strong>τοῦ</strong></span> <span class='ocrx_word' id='word_1_355' title='bbox 1238 2498 1443 2568; x_wconf 87' lang='grc' dir='ltr'>Κυρίου</span> <span class='ocrx_word' id='word_1_356' title='bbox 1515 2498 1792 2570; x_wconf 82' lang='grc' dir='ltr'>φέρουσα·</span> 
     </span>
    </p>
   </div>
   <div class='ocr_carea' id='block_1_47' title="bbox 1872 2495 3455 2570">
    <p class='ocr_par' dir='ltr' id='par_1_47' title="bbox 1905 2498 3455 2568">
     <span class='ocr_line' id='line_1_47' title="bbox 1905 2498 3455 2568; baseline 0.014 -21"><span class='ocrx_word' id='word_1_357' title='bbox 1905 2506 2004 2548; x_wconf 80' lang='lat' dir='ltr'><strong>vox</strong></span> <span class='ocrx_word' id='word_1_358' title='bbox 2052 2512 2169 2565; x_wconf 77' lang='lat' dir='ltr'><strong>qua:</strong></span> <span class='ocrx_word' id='word_1_359' title='bbox 2201 2498 2266 2552; x_wconf 92' lang='lat' dir='ltr'><strong>de</strong></span> <span class='ocrx_word' id='word_1_360' title='bbox 2307 2500 2443 2554; x_wconf 79' lang='lat' dir='ltr'><strong>coelo</strong></span> <span class='ocrx_word' id='word_1_361' title='bbox 2485 2501 2624 2558; x_wconf 81' lang='lat' dir='ltr'><strong>facta</strong></span> <span class='ocrx_word' id='word_1_362' title='bbox 2668 2514 2781 2568; x_wconf 88' lang='lat' dir='ltr'><strong>est,</strong></span> <span class='ocrx_word' id='word_1_363' title='bbox 2816 2509 3109 2562; x_wconf 89' lang='lat' dir='ltr'><strong>tonitruum</strong></span> <span class='ocrx_word' id='word_1_364' title='bbox 3144 2526 3262 2566; x_wconf 85' lang='lat' dir='ltr'><strong>esse</strong></span> <span class='ocrx_word' id='word_1_365' title='bbox 3304 2514 3455 2568; x_wconf 84' lang='lat' dir='ltr'><strong>vide-</strong></span> 
     </span>
    </p>
   </div>
   <div class='ocr_carea' id='block_1_48' title="bbox 224 2580 1807 2672">
    <p class='ocr_par' dir='ltr' id='par_1_48' title="bbox 224 2580 1795 2664">
     <span class='ocr_line' id='line_1_48' title="bbox 224 2580 1795 2664; baseline 0.006 -28"><span class='ocrx_word' id='word_1_366' title='bbox 224 2587 314 2637; x_wconf 65' lang='grc' dir='ltr'><strong>ὅτε</strong></span> <span class='ocrx_word' id='word_1_367' title='bbox 375 2589 408 2656; x_wconf 83' lang='grc' dir='ltr'>ἡ</span> <span class='ocrx_word' id='word_1_368' title='bbox 474 2587 570 2656; x_wconf 82' lang='grc' dir='ltr'>μὲν</span> <span class='ocrx_word' id='word_1_369' title='bbox 621 2586 791 2656; x_wconf 77' lang='grc' dir='ltr'>φωνὴ,</span> <span class='ocrx_word' id='word_1_370' title='bbox 846 2589 878 2656; x_wconf 83' lang='grc' dir='ltr'><strong>ή</strong></span> <span class='ocrx_word' id='word_1_371' title='bbox 942 2587 1204 2658; x_wconf 85' lang='grc' dir='ltr'>γενομένη</span> <span class='ocrx_word' id='word_1_372' title='bbox 1265 2588 1380 2659; x_wconf 69' lang='grc'>(27)</span> <span class='ocrx_word' id='word_1_373' title='bbox 1433 2589 1492 2654; x_wconf 79' lang='grc' dir='ltr'>ἐξ</span> <span class='ocrx_word' id='word_1_374' title='bbox 1547 2580 1795 2664; x_wconf 82' lang='grc' dir='ltr'>ούρανοῦ,</span> 
     </span>
    </p>
   </div>
   <div class='ocr_carea' id='block_1_49' title="bbox 1878 2580 3461 2672">
    <p class='ocr_par' dir='ltr' id='par_1_49' title="bbox 1910 2589 3461 2672">
     <span class='ocr_line' id='line_1_49' title="bbox 1910 2589 3461 2672; baseline 0.014 -32"><span class='ocrx_word' id='word_1_375' title='bbox 1910 2589 2068 2642; x_wconf 86' lang='lat' dir='ltr'><strong>batur</strong></span> <span class='ocrx_word' id='word_1_376' title='bbox 2101 2591 2498 2646; x_wconf 79' lang='lat' dir='ltr'><strong>audientibus&quot;</strong></span> <span class='ocrx_word' id='word_1_377' title='bbox 2529 2613 2542 2648; x_wconf 95' lang='lat'><strong>:</strong></span> <span class='ocrx_word' id='word_1_378' title='bbox 2571 2612 2728 2666; x_wconf 90' lang='lat' dir='ltr'><strong>quam</strong></span> <span class='ocrx_word' id='word_1_379' title='bbox 2786 2601 2923 2654; x_wconf 91' lang='lat' dir='ltr'><strong>Deus</strong></span> <span class='ocrx_word' id='word_1_380' title='bbox 2961 2611 3015 2656; x_wconf 91' lang='lat' dir='ltr'><strong>et</strong></span> <span class='ocrx_word' id='word_1_381' title='bbox 3063 2602 3223 2658; x_wconf 88' lang='lat' dir='ltr'><strong>Pater</strong></span> <span class='ocrx_word' id='word_1_382' title='bbox 3253 2606 3461 2672; x_wconf 86' lang='lat' dir='ltr'><strong>emisit,</strong></span> 
     </span>
    </p>
   </div>
   <div class='ocr_carea' id='block_1_50' title="bbox 226 2674 1809 2767">
    <p class='ocr_par' dir='ltr' id='par_1_50' title="bbox 226 2674 1798 2751">
     <span class='ocr_line' id='line_1_50' title="bbox 226 2674 1798 2751; baseline 0.004 -24"><span class='ocrx_word' id='word_1_383' title='bbox 226 2677 424 2747; x_wconf 80' lang='grc' dir='ltr'>βροντὴ</span> <span class='ocrx_word' id='word_1_384' title='bbox 466 2676 636 2727; x_wconf 81' lang='grc' dir='ltr'>ἐδόκει</span> <span class='ocrx_word' id='word_1_385' title='bbox 673 2679 785 2737; x_wconf 83' lang='grc' dir='ltr'>τοῖς</span> <span class='ocrx_word' id='word_1_386' title='bbox 825 2676 1122 2730; x_wconf 84' lang='grc' dir='ltr'>ἀκούσασιν</span> <span class='ocrx_word' id='word_1_387' title='bbox 1164 2674 1324 2744; x_wconf 74' lang='grc' dir='ltr'>εἶναι,</span> <span class='ocrx_word' id='word_1_388' title='bbox 1362 2681 1550 2749; x_wconf 82' lang='grc' dir='ltr'>ἥντινα</span> <span class='ocrx_word' id='word_1_389' title='bbox 1591 2683 1798 2751; x_wconf 77' lang='grc' dir='ltr'>ἀφῆκεν</span> 
     </span>
    </p>
   </div>
   <div class='ocr_carea' id='block_1_51' title="bbox 1880 2674 3463 2767">
    <p class='ocr_par' dir='ltr' id='par_1_51' title="bbox 1907 2684 3463 2767">
     <span class='ocr_line' id='line_1_51' title="bbox 1907 2684 3463 2767; baseline 0.015 -37"><span class='ocrx_word' id='word_1_390' title='bbox 1907 2688 1964 2733; x_wconf 90' lang='lat' dir='ltr'><strong>ut</strong></span> <span class='ocrx_word' id='word_1_391' title='bbox 1993 2696 2091 2750; x_wconf 90' lang='lat' dir='ltr'><strong>per</strong></span> <span class='ocrx_word' id='word_1_392' title='bbox 2119 2698 2236 2736; x_wconf 90' lang='lat' dir='ltr'><strong>eam</strong></span> <span class='ocrx_word' id='word_1_393' title='bbox 2269 2684 2542 2739; x_wconf 87' lang='lat' dir='ltr'><strong>Christum</strong></span> <span class='ocrx_word' id='word_1_394' title='bbox 2587 2689 2894 2746; x_wconf 89' lang='lat' dir='ltr'><strong>hominibus</strong></span> <span class='ocrx_word' id='word_1_395' title='bbox 2939 2697 3306 2750; x_wconf 87' lang='lat' dir='ltr'><strong>annuntiaret.</strong></span> <span class='ocrx_word' id='word_1_396' title='bbox 3341 2699 3463 2767; x_wconf 92' lang='lat' dir='ltr'><strong>Spi-</strong></span> 
     </span>
    </p>
   </div>
   <div class='ocr_carea' id='block_1_52' title="bbox 222 2769 1805 2843">
    <p class='ocr_par' dir='ltr' id='par_1_52' title="bbox 222 2769 1796 2842">
     <span class='ocr_line' id='line_1_52' title="bbox 222 2769 1796 2842; baseline 0.005 -23"><span class='ocrx_word' id='word_1_397' title='bbox 222 2773 251 2820; x_wconf 87' lang='grc' dir='ltr'><strong>ὀ</strong></span> <span class='ocrx_word' id='word_1_398' title='bbox 303 2769 441 2830; x_wconf 77' lang='grc' dir='ltr'>Θεὸς</span> <span class='ocrx_word' id='word_1_399' title='bbox 501 2769 593 2820; x_wconf 73' lang='grc' dir='ltr'>καὶ</span> <span class='ocrx_word' id='word_1_400' title='bbox 651 2770 876 2841; x_wconf 80' lang='grc' dir='ltr'>Πατὴρ,</span> <span class='ocrx_word' id='word_1_401' title='bbox 935 2770 1072 2823; x_wconf 84' lang='grc' dir='ltr'>ὥστε</span> <span class='ocrx_word' id='word_1_402' title='bbox 1133 2772 1199 2824; x_wconf 85' lang='grc' dir='ltr'>δι’</span> <span class='ocrx_word' id='word_1_403' title='bbox 1250 2772 1420 2842; x_wconf 77' lang='grc' dir='ltr'>αὐτῆς</span> <span class='ocrx_word' id='word_1_404' title='bbox 1477 2775 1796 2842; x_wconf 78' lang='grc' dir='ltr'>ἀναγγεῖλαι</span> 
     </span>
    </p>
   </div>
   <div class='ocr_carea' id='block_1_53' title="bbox 1886 2769 3469 2843">
    <p class='ocr_par' dir='ltr' id='par_1_53' title="bbox 1906 2771 3469 2843">
     <span class='ocr_line' id='line_1_53' title="bbox 1906 2771 3469 2843; baseline 0.013 -21"><span class='ocrx_word' id='word_1_405' title='bbox 1906 2771 2038 2826; x_wconf 91' lang='lat' dir='ltr'><strong>ritus</strong></span> <span class='ocrx_word' id='word_1_406' title='bbox 2083 2783 2262 2827; x_wconf 89' lang='lat' dir='ltr'><strong>autem</strong></span> <span class='ocrx_word' id='word_1_407' title='bbox 2316 2777 2404 2843; x_wconf 90' lang='lat' dir='ltr'><strong>qui</strong></span> <span class='ocrx_word' id='word_1_408' title='bbox 2456 2779 2670 2831; x_wconf 84' lang='lat' dir='ltr'><strong>excitati</strong></span> <span class='ocrx_word' id='word_1_409' title='bbox 2712 2793 2854 2842; x_wconf 85' lang='lat' dir='ltr'><strong>sunt,</strong></span> <span class='ocrx_word' id='word_1_410' title='bbox 2889 2791 2940 2836; x_wconf 92' lang='lat' dir='ltr'><strong>et</strong></span> <span class='ocrx_word' id='word_1_411' title='bbox 2975 2800 3122 2840; x_wconf 89' lang='lat' dir='ltr'><strong>mare</strong></span> <span class='ocrx_word' id='word_1_412' title='bbox 3172 2790 3469 2843; x_wconf 82' lang='lat' dir='ltr'><strong>conturba-</strong></span> 
     </span>
    </p>
   </div>
   <div class='ocr_carea' id='block_1_54' title="bbox 223 2859 1806 2944">
    <p class='ocr_par' dir='ltr' id='par_1_54' title="bbox 223 2859 1795 2934">
     <span class='ocr_line' id='line_1_54' title="bbox 223 2859 1795 2934; baseline 0.005 -24"><span class='ocrx_word' id='word_1_413' title='bbox 223 2859 318 2911; x_wconf 77' lang='grc' dir='ltr'><strong>τὸν</strong></span> <span class='ocrx_word' id='word_1_414' title='bbox 360 2859 591 2930; x_wconf 87' lang='grc' dir='ltr'>Χριστὸν</span> <span class='ocrx_word' id='word_1_415' title='bbox 637 2863 748 2924; x_wconf 85' lang='grc' dir='ltr'>τοῖς</span> <span class='ocrx_word' id='word_1_416' title='bbox 797 2861 1129 2932; x_wconf 85' lang='grc' dir='ltr'>ἀνθρώποις·</span> <span class='ocrx_word' id='word_1_417' title='bbox 1178 2863 1248 2915; x_wconf 82' lang='grc' dir='ltr'>τὰ</span> <span class='ocrx_word' id='word_1_418' title='bbox 1291 2863 1348 2916; x_wconf 88' lang='grc' dir='ltr'>δὲ</span> <span class='ocrx_word' id='word_1_419' title='bbox 1400 2864 1684 2934; x_wconf 87' lang='grc' dir='ltr'>πνεύματα</span> <span class='ocrx_word' id='word_1_420' title='bbox 1729 2866 1795 2918; x_wconf 81' lang='grc' dir='ltr'>τὰ</span> 
     </span>
    </p>
   </div>
   <div class='ocr_carea' id='block_1_55' title="bbox 1881 2859 3464 2944">
    <p class='ocr_par' dir='ltr' id='par_1_55' title="bbox 1907 2862 3464 2944">
     <span class='ocr_line' id='line_1_55' title="bbox 1907 2862 3464 2944; baseline 0.015 -32"><span class='ocrx_word' id='word_1_421' title='bbox 1907 2871 2048 2926; x_wconf 91' lang='lat' dir='ltr'><strong>runt,</strong></span> <span class='ocrx_word' id='word_1_422' title='bbox 2081 2862 2170 2917; x_wconf 83' lang='lat' dir='ltr'><strong>sed</strong></span> <span class='ocrx_word' id='word_1_423' title='bbox 2197 2867 2535 2933; x_wconf 90' lang='lat' dir='ltr'><strong>postmodum</strong></span> <span class='ocrx_word' id='word_1_424' title='bbox 2567 2869 2888 2937; x_wconf 89' lang='lat' dir='ltr'><strong>quieverunt</strong></span> <span class='ocrx_word' id='word_1_425' title='bbox 2932 2873 3083 2941; x_wconf 88' lang='lat' dir='ltr'><strong>jussu</strong></span> <span class='ocrx_word' id='word_1_426' title='bbox 3113 2876 3349 2944; x_wconf 88' lang='lat' dir='ltr'><strong>Domini,</strong></span> <span class='ocrx_word' id='word_1_427' title='bbox 3381 2881 3464 2935; x_wconf 91' lang='lat' dir='ltr'><strong>vel</strong></span> 
     </span>
    </p>
   </div>
   <div class='ocr_carea' id='block_1_56' title="bbox 224 2950 1807 3035">
    <p class='ocr_par' dir='ltr' id='par_1_56' title="bbox 224 2950 1796 3026">
     <span class='ocr_line' id='line_1_56' title="bbox 224 2950 1796 3026; baseline 0.004 -24"><span class='ocrx_word' id='word_1_428' title='bbox 224 2950 547 3021; x_wconf 86' lang='grc' dir='ltr'>κινούμενα,</span> <span class='ocrx_word' id='word_1_429' title='bbox 578 2954 672 3005; x_wconf 73' lang='grc' dir='ltr'>καὶ</span> <span class='ocrx_word' id='word_1_430' title='bbox 714 2953 808 3023; x_wconf 83' lang='grc' dir='ltr'>τὴν</span> <span class='ocrx_word' id='word_1_431' title='bbox 854 2955 1125 3009; x_wconf 88' lang='grc' dir='ltr'>θάλασσαν</span> <span class='ocrx_word' id='word_1_432' title='bbox 1171 2955 1630 3026; x_wconf 83' lang='grc' dir='ltr'>συνταράσσοντα,</span> <span class='ocrx_word' id='word_1_433' title='bbox 1682 2953 1796 3009; x_wconf 79' lang='grc' dir='ltr'>εἶτα</span> 
     </span>
    </p>
   </div>
   <div class='ocr_carea' id='block_1_57' title="bbox 1879 2950 3462 3035">
    <p class='ocr_par' dir='ltr' id='par_1_57' title="bbox 1905 2954 3462 3035">
     <span class='ocr_line' id='line_1_57' title="bbox 1905 2954 3462 3035; baseline 0.013 -30"><span class='ocrx_word' id='word_1_434' title='bbox 1905 2955 2002 3020; x_wconf 90' lang='lat' dir='ltr'><strong>ipsi</strong></span> <span class='ocrx_word' id='word_1_435' title='bbox 2057 2954 2175 3024; x_wconf 91' lang='lat' dir='ltr'><strong>ejus</strong></span> <span class='ocrx_word' id='word_1_436' title='bbox 2233 2957 2506 3012; x_wconf 86' lang='lat' dir='ltr'><strong>Christum</strong></span> <span class='ocrx_word' id='word_1_437' title='bbox 2564 2962 2876 3018; x_wconf 88' lang='lat' dir='ltr'><strong>hominibus</strong></span> <span class='ocrx_word' id='word_1_438' title='bbox 2931 2967 3110 3035; x_wconf 87' lang='lat' dir='ltr'><strong>palam</strong></span> <span class='ocrx_word' id='word_1_439' title='bbox 3173 2974 3462 3027; x_wconf 86' lang='lat' dir='ltr'><strong>annuntia—</strong></span> 
     </span>
    </p>
   </div>
   <div class='ocr_carea' id='block_1_58' title="bbox 227 3043 1810 3130">
    <p class='ocr_par' dir='ltr' id='par_1_58' title="bbox 227 3043 1796 3118">
     <span class='ocr_line' id='line_1_58' title="bbox 227 3043 1796 3118; baseline 0.004 -23"><span class='ocrx_word' id='word_1_440' title='bbox 227 3043 541 3096; x_wconf 83' lang='grc' dir='ltr'>κοπάσαντα</span> <span class='ocrx_word' id='word_1_441' title='bbox 584 3045 662 3113; x_wconf 83' lang='grc' dir='ltr'>τῷ</span> <span class='ocrx_word' id='word_1_442' title='bbox 703 3047 1079 3114; x_wconf 86' lang='grc' dir='ltr'>προστάγματι</span> <span class='ocrx_word' id='word_1_443' title='bbox 1103 3045 1194 3097; x_wconf 93' lang='grc' dir='ltr'><strong>τοῦ</strong></span> <span class='ocrx_word' id='word_1_444' title='bbox 1225 3047 1452 3118; x_wconf 78' lang='grc' dir='ltr'>Κυρίου,</span> <span class='ocrx_word' id='word_1_445' title='bbox 1487 3047 1672 3116; x_wconf 82' lang='grc' dir='ltr'>σαφῶς</span> <span class='ocrx_word' id='word_1_446' title='bbox 1706 3051 1796 3101; x_wconf 75' lang='grc' dir='ltr'><strong>καὶ</strong></span> 
     </span>
    </p>
   </div>
   <div class='ocr_carea' id='block_1_59' title="bbox 1878 3043 3461 3130">
    <p class='ocr_par' dir='ltr' id='par_1_59' title="bbox 1903 3046 3461 3130">
     <span class='ocr_line' id='line_1_59' title="bbox 1903 3046 3461 3130; baseline 0.013 -33"><span class='ocrx_word' id='word_1_447' title='bbox 1903 3047 2032 3098; x_wconf 86' lang='lat' dir='ltr'><strong>bant</strong></span> <span class='ocrx_word' id='word_1_448' title='bbox 2052 3046 2116 3100; x_wconf 65' lang='grc'><strong>⁸⁸.</strong></span> <span class='ocrx_word' id='word_1_449' title='bbox 2142 3048 2212 3100; x_wconf 85' lang='lat' dir='ltr'><strong>At</strong></span> <span class='ocrx_word' id='word_1_450' title='bbox 2237 3065 2362 3103; x_wconf 92' lang='lat' dir='ltr'><strong>vero</strong></span> <span class='ocrx_word' id='word_1_451' title='bbox 2391 3051 2536 3118; x_wconf 89' lang='lat' dir='ltr'><strong>illud,</strong></span> <span class='ocrx_word' id='word_1_452' title='bbox 2567 3052 2754 3107; x_wconf 86' lang='lat' dir='ltr'><strong>Omnia</strong></span> <span class='ocrx_word' id='word_1_453' title='bbox 2785 3073 2875 3123; x_wconf 86' lang='lat' dir='ltr'><strong>per</strong></span> <span class='ocrx_word' id='word_1_454' title='bbox 2896 3057 3062 3124; x_wconf 71' lang='lat' dir='ltr'><strong>ipsum</strong></span> <span class='ocrx_word' id='word_1_455' title='bbox 3089 3061 3228 3128; x_wconf 81' lang='lat' dir='ltr'><strong>facta</strong></span> <span class='ocrx_word' id='word_1_456' title='bbox 3250 3073 3373 3116; x_wconf 74' lang='lat' dir='ltr'><strong>sunt</strong></span> <span class='ocrx_word' id='word_1_457' title='bbox 3394 3063 3461 3130; x_wconf 77' lang='lat'><strong>&quot;,</strong></span> 
     </span>
    </p>
   </div>
   <div class='ocr_carea' id='block_1_60' title="bbox 225 3133 1808 3213">
    <p class='ocr_par' dir='ltr' id='par_1_60' title="bbox 225 3133 1789 3213">
     <span class='ocr_line' id='line_1_60' title="bbox 225 3133 1789 3213; baseline 0.004 -29"><span class='ocrx_word' id='word_1_458' title='bbox 225 3133 368 3185; x_wconf 76' lang='grc' dir='ltr'>αὐτὰ</span> <span class='ocrx_word' id='word_1_459' title='bbox 413 3133 696 3200; x_wconf 87' lang='grc' dir='ltr'>ἀνήγγειλε</span> <span class='ocrx_word' id='word_1_460' title='bbox 734 3135 844 3194; x_wconf 81' lang='grc' dir='ltr'>τοῖς</span> <span class='ocrx_word' id='word_1_461' title='bbox 893 3133 1202 3213; x_wconf 75' lang='grc' dir='ltr'>ἀνθρώποις</span> <span class='ocrx_word' id='word_1_462' title='bbox 1235 3136 1325 3188; x_wconf 87' lang='grc' dir='ltr'><strong>τὸν</strong></span> <span class='ocrx_word' id='word_1_463' title='bbox 1360 3137 1590 3207; x_wconf 81' lang='grc' dir='ltr'>Χριστὸν</span> <span class='ocrx_word' id='word_1_464' title='bbox 1607 3139 1789 3191; x_wconf 75' lang='grc' dir='ltr'>αὐτοῦ.</span> 
     </span>
    </p>
   </div>
   <div class='ocr_carea' id='block_1_61' title="bbox 1880 3133 3463 3213">
    <p class='ocr_par' dir='ltr' id='par_1_61' title="bbox 1910 3145 3463 3212">
     <span class='ocr_line' id='line_1_61' title="bbox 1910 3145 3463 3212; baseline 0.012 -24"><span class='ocrx_word' id='word_1_465' title='bbox 1910 3153 2244 3205; x_wconf 87' lang='lat' dir='ltr'><strong>nequaquam</strong></span> <span class='ocrx_word' id='word_1_466' title='bbox 2276 3153 2516 3193; x_wconf 87' lang='lat' dir='ltr'><strong>creatum</strong></span> <span class='ocrx_word' id='word_1_467' title='bbox 2571 3158 2690 3196; x_wconf 84' lang='lat' dir='ltr'><strong>esse</strong></span> <span class='ocrx_word' id='word_1_468' title='bbox 2720 3145 2979 3212; x_wconf 88' lang='lat' dir='ltr'><strong>Spiritum</strong></span> <span class='ocrx_word' id='word_1_469' title='bbox 3011 3159 3260 3204; x_wconf 86' lang='lat' dir='ltr'><strong>sanctum</strong></span> <span class='ocrx_word' id='word_1_470' title='bbox 3310 3152 3463 3206; x_wconf 86' lang='lat' dir='ltr'><strong>nobis</strong></span> 
     </span>
    </p>
   </div>
   <div class='ocr_carea' id='block_1_62' title="bbox 225 3202 1808 3299">
    <p class='ocr_par' dir='ltr' id='par_1_62' title="bbox 225 3202 1797 3299">
     <span class='ocr_line' id='line_1_62' title="bbox 225 3202 1797 3299; baseline 0.004 -23"><span class='ocrx_word' id='word_1_471' title='bbox 225 3223 300 3276; x_wconf 86' lang='grc' dir='ltr'><strong>Τὸ</strong></span> <span class='ocrx_word' id='word_1_472' title='bbox 326 3223 402 3286; x_wconf 84' lang='grc' dir='ltr'><strong>δὲ,</strong></span> <span class='ocrx_word' id='word_1_473' title='bbox 437 3221 637 3273; x_wconf 82' lang='grc' dir='ltr'>Πάντα</span> <span class='ocrx_word' id='word_1_474' title='bbox 663 3221 734 3273; x_wconf 89' lang='grc' dir='ltr'>δι’</span> <span class='ocrx_word' id='word_1_475' title='bbox 765 3202 948 3277; x_wconf 62' lang='grc' dir='ltr'>αὑτοῦ</span> <span class='ocrx_word' id='word_1_476' title='bbox 965 3202 1220 3293; x_wconf 67' lang='grc' dir='ltr'>ἐγένετο,</span> <span class='ocrx_word' id='word_1_477' title='bbox 1250 3202 1498 3297; x_wconf 78' lang='grc' dir='ltr'>οὐδαμῶς</span> <span class='ocrx_word' id='word_1_478' title='bbox 1522 3231 1654 3299; x_wconf 85' lang='grc' dir='ltr'>ἡμῖν</span> <span class='ocrx_word' id='word_1_479' title='bbox 1685 3248 1797 3283; x_wconf 87' lang='grc' dir='ltr'>κτι-</span> 
     </span>
    </p>
   </div>
   <div class='ocr_carea' id='block_1_63' title="bbox 1878 3202 3461 3299">
    <p class='ocr_par' dir='ltr' id='par_1_63' title="bbox 1902 3202 3461 3298">
     <span class='ocr_line' id='line_1_63' title="bbox 1902 3202 3461 3298; baseline 0.012 -21"><span class='ocrx_word' id='word_1_480' title='bbox 1902 3202 2154 3295; x_wconf 80' lang='lat' dir='ltr'><strong>ostendit,</strong></span> <span class='ocrx_word' id='word_1_481' title='bbox 2183 3231 2335 3297; x_wconf 85' lang='lat' dir='ltr'><strong>quasi</strong></span> <span class='ocrx_word' id='word_1_482' title='bbox 2374 3230 2606 3298; x_wconf 89' lang='lat' dir='ltr'><strong>Spiritus</strong></span> <span class='ocrx_word' id='word_1_483' title='bbox 2634 3248 2736 3286; x_wconf 87' lang='lat' dir='ltr'><strong>una</strong></span> <span class='ocrx_word' id='word_1_484' title='bbox 2774 3250 2891 3287; x_wconf 85' lang='lat' dir='ltr'><strong>cum</strong></span> <span class='ocrx_word' id='word_1_485' title='bbox 2923 3237 3172 3294; x_wconf 89' lang='lat' dir='ltr'><strong>omnibus</strong></span> <span class='ocrx_word' id='word_1_486' title='bbox 3203 3256 3461 3297; x_wconf 85' lang='lat' dir='ltr'><strong>numere-</strong></span> 
     </span>
    </p>
   </div>
   <div class='ocr_carea' id='block_1_64' title="bbox 226 3309 1809 3406">
    <p class='ocr_par' dir='ltr' id='par_1_64' title="bbox 226 3309 1793 3388">
     <span class='ocr_line' id='line_1_64' title="bbox 226 3309 1793 3388; baseline 0.004 -20"><span class='ocrx_word' id='word_1_487' title='bbox 226 3315 352 3368; x_wconf 80' lang='grc' dir='ltr'>στὸν</span> <span class='ocrx_word' id='word_1_488' title='bbox 373 3309 510 3366; x_wconf 76' lang='grc' dir='ltr'>εἶναι</span> <span class='ocrx_word' id='word_1_489' title='bbox 555 3314 615 3367; x_wconf 84' lang='grc' dir='ltr'><strong>τὸ</strong></span> <span class='ocrx_word' id='word_1_490' title='bbox 650 3315 872 3386; x_wconf 87' lang='grc' dir='ltr'>Πνεῦμα</span> <span class='ocrx_word' id='word_1_491' title='bbox 900 3317 959 3369; x_wconf 89' lang='grc' dir='ltr'><strong>τὸ</strong></span> <span class='ocrx_word' id='word_1_492' title='bbox 999 3317 1150 3386; x_wconf 83' lang='grc' dir='ltr'>ἆγιον</span> <span class='ocrx_word' id='word_1_493' title='bbox 1183 3320 1528 3388; x_wconf 85' lang='grc' dir='ltr'>παρίστησιν,</span> <span class='ocrx_word' id='word_1_494' title='bbox 1565 3322 1638 3384; x_wconf 82' lang='grc' dir='ltr'><strong>ὡς</strong></span> <span class='ocrx_word' id='word_1_495' title='bbox 1670 3339 1793 3374; x_wconf 87' lang='grc' dir='ltr'>συν-</span> 
     </span>
    </p>
   </div>
   <div class='ocr_carea' id='block_1_65' title="bbox 1873 3309 3456 3406">
    <p class='ocr_par' dir='ltr' id='par_1_65' title="bbox 1904 3322 3456 3406">
     <span class='ocr_line' id='line_1_65' title="bbox 1904 3322 3456 3406; baseline 0.013 -33"><span class='ocrx_word' id='word_1_496' title='bbox 1904 3334 2008 3375; x_wconf 90' lang='lat' dir='ltr'><strong>tur.</strong></span> <span class='ocrx_word' id='word_1_497' title='bbox 2043 3322 2256 3378; x_wconf 86' lang='lat' dir='ltr'><strong>Etenim</strong></span> <span class='ocrx_word' id='word_1_498' title='bbox 2303 3325 2349 3378; x_wconf 87' lang='lat' dir='ltr'><strong>si</strong></span> <span class='ocrx_word' id='word_1_499' title='bbox 2382 3341 2521 3380; x_wconf 91' lang='lat' dir='ltr'><strong>unus</strong></span> <span class='ocrx_word' id='word_1_500' title='bbox 2561 3336 2644 3382; x_wconf 86' lang='lat' dir='ltr'><strong>est</strong></span> <span class='ocrx_word' id='word_1_501' title='bbox 2690 3327 2919 3397; x_wconf 88' lang='lat' dir='ltr'><strong>Spiritus</strong></span> <span class='ocrx_word' id='word_1_502' title='bbox 2949 3344 3168 3388; x_wconf 87' lang='lat' dir='ltr'><strong>sanctus</strong></span> <span class='ocrx_word' id='word_1_503' title='bbox 3209 3345 3262 3389; x_wconf 89' lang='lat' dir='ltr'><strong>et</strong></span> <span class='ocrx_word' id='word_1_504' title='bbox 3287 3336 3456 3406; x_wconf 87' lang='lat' dir='ltr'><strong>solus,</strong></span> 
     </span>
    </p>
   </div>
   <div class='ocr_carea' id='block_1_66' title="bbox 225 3403 1808 3494">
    <p class='ocr_par' dir='ltr' id='par_1_66' title="bbox 225 3403 1794 3481">
     <span class='ocr_line' id='line_1_66' title="bbox 225 3403 1794 3481; baseline 0.003 -23"><span class='ocrx_word' id='word_1_505' title='bbox 225 3403 624 3475; x_wconf 83' lang='grc' dir='ltr'>αριθμουμένου</span> <span class='ocrx_word' id='word_1_506' title='bbox 659 3410 768 3469; x_wconf 86' lang='grc' dir='ltr'>τοῖς</span> <span class='ocrx_word' id='word_1_507' title='bbox 795 3408 928 3460; x_wconf 77' lang='grc' dir='ltr'>πᾶσι</span> <span class='ocrx_word' id='word_1_508' title='bbox 970 3407 1063 3460; x_wconf 88' lang='grc' dir='ltr'><strong>τοῦ</strong></span> <span class='ocrx_word' id='word_1_509' title='bbox 1120 3408 1455 3476; x_wconf 88' lang='grc' dir='ltr'>Πνεύματος.</span> <span class='ocrx_word' id='word_1_510' title='bbox 1493 3411 1555 3461; x_wconf 78' lang='grc' dir='ltr'><strong>Εἰ</strong></span> <span class='ocrx_word' id='word_1_511' title='bbox 1600 3411 1708 3481; x_wconf 79' lang='grc' dir='ltr'><strong>γάρ</strong></span> <span class='ocrx_word' id='word_1_512' title='bbox 1738 3411 1794 3463; x_wconf 82' lang='grc' dir='ltr'>ἓν</span> 
     </span>
    </p>
   </div>
   <div class='ocr_carea' id='block_1_67' title="bbox 1867 3403 3450 3494">
    <p class='ocr_par' dir='ltr' id='par_1_67' title="bbox 1900 3416 3450 3494">
     <span class='ocr_line' id='line_1_67' title="bbox 1900 3416 3450 3494; baseline 0.011 -27"><span class='ocrx_word' id='word_1_513' title='bbox 1900 3416 2166 3483; x_wconf 87' lang='lat' dir='ltr'><strong>quomodo</strong></span> <span class='ocrx_word' id='word_1_514' title='bbox 2201 3418 2289 3485; x_wconf 86' lang='lat' dir='ltr'><strong>qui</strong></span> <span class='ocrx_word' id='word_1_515' title='bbox 2321 3419 2611 3488; x_wconf 86' lang='lat' dir='ltr'><strong>singularis</strong></span> <span class='ocrx_word' id='word_1_516' title='bbox 2656 3421 2933 3490; x_wconf 81' lang='lat' dir='ltr'><strong>cujusdam</strong></span> <span class='ocrx_word' id='word_1_517' title='bbox 2967 3436 3170 3479; x_wconf 62' lang='lat' dir='ltr'><strong>natura:</strong></span> <span class='ocrx_word' id='word_1_518' title='bbox 3215 3438 3318 3494; x_wconf 86' lang='lat' dir='ltr'><strong>est,</strong></span> <span class='ocrx_word' id='word_1_519' title='bbox 3346 3445 3450 3484; x_wconf 88' lang='lat' dir='ltr'><strong>una</strong></span> 
     </span>
    </p>
   </div>
   <div class='ocr_carea' id='block_1_68' title="bbox 224 3494 1807 3586">
    <p class='ocr_par' dir='ltr' id='par_1_68' title="bbox 224 3494 1794 3571">
     <span class='ocr_line' id='line_1_68' title="bbox 224 3494 1794 3571; baseline 0.005 -23"><span class='ocrx_word' id='word_1_520' title='bbox 224 3494 450 3566; x_wconf 81' lang='grc' dir='ltr'>Πνεῦμα</span> <span class='ocrx_word' id='word_1_521' title='bbox 489 3497 640 3566; x_wconf 75' lang='grc' dir='ltr'>ἅγιον</span> <span class='ocrx_word' id='word_1_522' title='bbox 673 3499 767 3551; x_wconf 80' lang='grc' dir='ltr'>καὶ</span> <span class='ocrx_word' id='word_1_523' title='bbox 797 3500 975 3568; x_wconf 86' lang='grc' dir='ltr'>μόνον,</span> <span class='ocrx_word' id='word_1_524' title='bbox 1017 3500 1132 3562; x_wconf 86' lang='grc' dir='ltr'><strong>πῶς</strong></span> <span class='ocrx_word' id='word_1_525' title='bbox 1171 3500 1199 3551; x_wconf 84' lang='grc' dir='ltr'>ὃ</span> <span class='ocrx_word' id='word_1_526' title='bbox 1228 3501 1324 3570; x_wconf 84' lang='grc' dir='ltr'>τῆς</span> <span class='ocrx_word' id='word_1_527' title='bbox 1359 3500 1651 3571; x_wconf 78' lang='grc' dir='ltr'>μοναδικῆς</span> <span class='ocrx_word' id='word_1_528' title='bbox 1681 3504 1794 3556; x_wconf 76' lang='grc' dir='ltr'>ἐστι</span> 
     </span>
    </p>
   </div>
   <div class='ocr_carea' id='block_1_69' title="bbox 1880 3494 3463 3586">
    <p class='ocr_par' dir='ltr' id='par_1_69' title="bbox 1902 3509 3463 3586">
     <span class='ocr_line' id='line_1_69' title="bbox 1902 3509 3463 3586; baseline 0.01 -27"><span class='ocrx_word' id='word_1_529' title='bbox 1902 3523 2024 3560; x_wconf 80' lang='lat' dir='ltr'><strong>cunt</strong></span> <span class='ocrx_word' id='word_1_530' title='bbox 2057 3509 2305 3562; x_wconf 90' lang='lat' dir='ltr'><strong>omnibus</strong></span> <span class='ocrx_word' id='word_1_531' title='bbox 2358 3512 2744 3578; x_wconf 83' lang='lat' dir='ltr'><strong>comprehendi</strong></span> <span class='ocrx_word' id='word_1_532' title='bbox 2787 3515 2995 3579; x_wconf 84' lang='lat' dir='ltr'><strong>potest?</strong></span> <span class='ocrx_word' id='word_1_533' title='bbox 3019 3515 3086 3568; x_wconf 85' lang='lat' dir='ltr'><strong>Et</strong></span> <span class='ocrx_word' id='word_1_534' title='bbox 3131 3532 3287 3572; x_wconf 90' lang='lat' dir='ltr'><strong>nemo</strong></span> <span class='ocrx_word' id='word_1_535' title='bbox 3313 3529 3463 3586; x_wconf 80' lang='lat' dir='ltr'><strong>putet</strong></span> 
     </span>
    </p>
   </div>
   <div class='ocr_carea' id='block_1_70' title="bbox 226 3587 1809 3671">
    <p class='ocr_par' dir='ltr' id='par_1_70' title="bbox 226 3587 1794 3662">
     <span class='ocr_line' id='line_1_70' title="bbox 226 3587 1794 3662; baseline 0.005 -23"><span class='ocrx_word' id='word_1_536' title='bbox 226 3587 464 3654; x_wconf 80' lang='grc' dir='ltr'>φύσεως,</span> <span class='ocrx_word' id='word_1_537' title='bbox 523 3592 634 3651; x_wconf 84' lang='grc' dir='ltr'>τοῖς</span> <span class='ocrx_word' id='word_1_538' title='bbox 684 3591 817 3640; x_wconf 83' lang='grc' dir='ltr'>πᾶσι</span> <span class='ocrx_word' id='word_1_539' title='bbox 865 3591 1497 3662; x_wconf 78' lang='grc' dir='ltr'>συμπαραλαμϐάνεσθαι</span> <span class='ocrx_word' id='word_1_540' title='bbox 1540 3593 1794 3660; x_wconf 80' lang='grc' dir='ltr'>δύναται;</span> 
     </span>
    </p>
   </div>
   <div class='ocr_carea' id='block_1_71' title="bbox 1880 3587 3463 3671">
    <p class='ocr_par' dir='ltr' id='par_1_71' title="bbox 1904 3599 3463 3671">
     <span class='ocr_line' id='line_1_71' title="bbox 1904 3599 3463 3671; baseline 0.01 -20"><span class='ocrx_word' id='word_1_541' title='bbox 1904 3599 2237 3668; x_wconf 69' lang='grc' dir='ltr'>Ιιγροειεδίιιι</span> <span class='ocrx_word' id='word_1_542' title='bbox 2303 3600 2527 3662; x_wconf 87' lang='lat' dir='ltr'><strong>aboleri,</strong></span> <span class='ocrx_word' id='word_1_543' title='bbox 2571 3602 2616 3655; x_wconf 89' lang='lat' dir='ltr'><strong>si</strong></span> <span class='ocrx_word' id='word_1_544' title='bbox 2675 3603 2934 3671; x_wconf 92' lang='lat' dir='ltr'><strong>Spiritum</strong></span> <span class='ocrx_word' id='word_1_545' title='bbox 2991 3617 3293 3663; x_wconf 73' lang='lat' dir='ltr'><strong>creaturam</strong></span> <span class='ocrx_word' id='word_1_546' title='bbox 3341 3626 3463 3667; x_wconf 90' lang='lat' dir='ltr'><strong>esse</strong></span> 
     </span>
    </p>
   </div>
   <div class='ocr_carea' id='block_1_72' title="bbox 224 3680 1807 3772">
    <p class='ocr_par' dir='ltr' id='par_1_72' title="bbox 224 3680 1797 3753">
     <span class='ocr_line' id='line_1_72' title="bbox 224 3680 1797 3753; baseline 0.008 -23"><span class='ocrx_word' id='word_1_547' title='bbox 224 3681 337 3732; x_wconf 67' lang='grc' dir='ltr'><strong>Καὶ</strong></span> <span class='ocrx_word' id='word_1_548' title='bbox 374 3681 560 3750; x_wconf 80' lang='grc' dir='ltr'>μηδεὶς</span> <span class='ocrx_word' id='word_1_549' title='bbox 601 3680 791 3733; x_wconf 83' lang='grc' dir='ltr'>οἰέσθω</span> <span class='ocrx_word' id='word_1_550' title='bbox 841 3682 1092 3753; x_wconf 86' lang='grc' dir='ltr'>ἀθέτησιν</span> <span class='ocrx_word' id='word_1_551' title='bbox 1131 3682 1268 3736; x_wconf 77' lang='grc' dir='ltr'>εἶναι</span> <span class='ocrx_word' id='word_1_552' title='bbox 1308 3686 1406 3753; x_wconf 80' lang='grc' dir='ltr'>τῆς</span> <span class='ocrx_word' id='word_1_553' title='bbox 1451 3687 1797 3752; x_wconf 86' lang='grc' dir='ltr'>ὑποστάσεως</span> 
     </span>
    </p>
   </div>
   <div class='ocr_carea' id='block_1_73' title="bbox 1880 3680 3463 3772">
    <p class='ocr_par' dir='ltr' id='par_1_73' title="bbox 1903 3689 3463 3772">
     <span class='ocr_line' id='line_1_73' title="bbox 1903 3689 3463 3772; baseline 0.012 -30"><span class='ocrx_word' id='word_1_554' title='bbox 1903 3705 2178 3757; x_wconf 81' lang='lat' dir='ltr'><strong>negemus.</strong></span> <span class='ocrx_word' id='word_1_555' title='bbox 2234 3689 2367 3743; x_wconf 79' lang='lat' dir='ltr'><strong>Nam</strong></span> <span class='ocrx_word' id='word_1_556' title='bbox 2419 3693 2519 3759; x_wconf 72' lang='lat' dir='ltr'><strong>pia:</strong></span> <span class='ocrx_word' id='word_1_557' title='bbox 2564 3695 2757 3748; x_wconf 90' lang='lat' dir='ltr'><strong>mentis</strong></span> <span class='ocrx_word' id='word_1_558' title='bbox 2793 3707 2895 3760; x_wconf 89' lang='lat' dir='ltr'><strong>est,</strong></span> <span class='ocrx_word' id='word_1_559' title='bbox 2930 3713 3046 3763; x_wconf 68' lang='lat' dir='ltr'><strong>quae</strong></span> <span class='ocrx_word' id='word_1_560' title='bbox 3091 3715 3118 3754; x_wconf 88' lang='lat' dir='ltr'><strong>a</strong></span> <span class='ocrx_word' id='word_1_561' title='bbox 3166 3701 3463 3772; x_wconf 84' lang='lat' dir='ltr'><strong>Scripturis</strong></span> 
     </span>
    </p>
   </div>
   <div class='ocr_carea' id='block_1_74' title="bbox 221 3770 1804 3855">
    <p class='ocr_par' dir='ltr' id='par_1_74' title="bbox 221 3770 1796 3846">
     <span class='ocr_line' id='line_1_74' title="bbox 221 3770 1796 3846; baseline 0.008 -26"><span class='ocrx_word' id='word_1_562' title='bbox 221 3770 322 3840; x_wconf 83' lang='grc' dir='ltr'><strong>τὴν</strong></span> <span class='ocrx_word' id='word_1_563' title='bbox 357 3770 579 3839; x_wconf 85' lang='grc' dir='ltr'>ἄρνησιν</span> <span class='ocrx_word' id='word_1_564' title='bbox 604 3771 696 3824; x_wconf 88' lang='grc' dir='ltr'><strong>τοῦ</strong></span> <span class='ocrx_word' id='word_1_565' title='bbox 731 3773 930 3844; x_wconf 87' lang='grc' dir='ltr'>κτίσμα</span> <span class='ocrx_word' id='word_1_566' title='bbox 956 3770 1090 3826; x_wconf 72' lang='grc' dir='ltr'>εἶναι</span> <span class='ocrx_word' id='word_1_567' title='bbox 1137 3775 1197 3827; x_wconf 86' lang='grc' dir='ltr'><strong>τὸ</strong></span> <span class='ocrx_word' id='word_1_568' title='bbox 1243 3775 1488 3846; x_wconf 86' lang='grc' dir='ltr'>Πνεῦμα.</span> <span class='ocrx_word' id='word_1_569' title='bbox 1525 3779 1796 3844; x_wconf 74' lang='grc' dir='ltr'>Εὐσεϐοῦς</span> 
     </span>
    </p>
   </div>
   <div class='ocr_carea' id='block_1_75' title="bbox 1870 3770 3453 3855">
    <p class='ocr_par' dir='ltr' id='par_1_75' title="bbox 1903 3781 3453 3855">
     <span class='ocr_line' id='line_1_75' title="bbox 1903 3781 3453 3855; baseline 0.01 -22"><span class='ocrx_word' id='word_1_570' title='bbox 1903 3781 2102 3834; x_wconf 89' lang='lat' dir='ltr'><strong>sanctis</strong></span> <span class='ocrx_word' id='word_1_571' title='bbox 2136 3781 2457 3849; x_wconf 88' lang='lat' dir='ltr'><strong>reticentur,</strong></span> <span class='ocrx_word' id='word_1_572' title='bbox 2497 3801 2558 3838; x_wconf 90' lang='lat' dir='ltr'><strong>ea</strong></span> <span class='ocrx_word' id='word_1_573' title='bbox 2591 3787 2766 3840; x_wconf 84' lang='lat' dir='ltr'><strong>vereri</strong></span> <span class='ocrx_word' id='word_1_574' title='bbox 2803 3788 2867 3841; x_wconf 92' lang='lat' dir='ltr'><strong>de</strong></span> <span class='ocrx_word' id='word_1_575' title='bbox 2912 3788 3112 3855; x_wconf 88' lang='lat' dir='ltr'><strong>Spiritu</strong></span> <span class='ocrx_word' id='word_1_576' title='bbox 3151 3802 3340 3847; x_wconf 86' lang='lat' dir='ltr'><strong>sancto</strong></span> <span class='ocrx_word' id='word_1_577' title='bbox 3372 3796 3453 3848; x_wconf 91' lang='lat' dir='ltr'><strong>di-</strong></span> 
     </span>
    </p>
   </div>
   <div class='ocr_carea' id='block_1_76' title="bbox 223 3862 1806 3948">
    <p class='ocr_par' dir='ltr' id='par_1_76' title="bbox 223 3862 1797 3940">
     <span class='ocr_line' id='line_1_76' title="bbox 223 3862 1797 3940; baseline 0.007 -27"><span class='ocrx_word' id='word_1_578' title='bbox 223 3862 335 3933; x_wconf 80' lang='grc' dir='ltr'><strong>γάρ</strong></span> <span class='ocrx_word' id='word_1_579' title='bbox 376 3863 491 3917; x_wconf 81' lang='grc' dir='ltr'>ἐστι</span> <span class='ocrx_word' id='word_1_580' title='bbox 515 3864 744 3930; x_wconf 89' lang='grc' dir='ltr'>διανοίας</span> <span class='ocrx_word' id='word_1_581' title='bbox 789 3868 857 3920; x_wconf 85' lang='grc' dir='ltr'><strong>τά</strong></span> <span class='ocrx_word' id='word_1_582' title='bbox 901 3868 1354 3939; x_wconf 87' lang='grc' dir='ltr'>ἀποσιωπηθέντα</span> <span class='ocrx_word' id='word_1_583' title='bbox 1382 3870 1438 3921; x_wconf 82' lang='grc' dir='ltr'><strong>ὲν</strong></span> <span class='ocrx_word' id='word_1_584' title='bbox 1466 3873 1585 3931; x_wconf 85' lang='grc' dir='ltr'>ταῖς</span> <span class='ocrx_word' id='word_1_585' title='bbox 1614 3871 1797 3940; x_wconf 86' lang='grc' dir='ltr'>ἁγίαις</span> 
     </span>
    </p>
   </div>
   <div class='ocr_carea' id='block_1_77' title="bbox 1881 3862 3464 3948">
    <p class='ocr_par' dir='ltr' id='par_1_77' title="bbox 1900 3874 3464 3948">
     <span class='ocr_line' id='line_1_77' title="bbox 1900 3874 3464 3948; baseline 0.008 -23"><span class='ocrx_word' id='word_1_586' title='bbox 1900 3887 2062 3926; x_wconf 86' lang='lat' dir='ltr'><strong>cere:</strong></span> <span class='ocrx_word' id='word_1_587' title='bbox 2093 3874 2316 3929; x_wconf 88' lang='lat' dir='ltr'><strong>credere</strong></span> <span class='ocrx_word' id='word_1_588' title='bbox 2368 3891 2493 3929; x_wconf 71' lang='lat' dir='ltr'><strong>vero</strong></span> <span class='ocrx_word' id='word_1_589' title='bbox 2550 3877 2792 3929; x_wconf 84' lang='lat' dir='ltr'><strong>notitiam</strong></span> <span class='ocrx_word' id='word_1_590' title='bbox 2846 3877 2984 3945; x_wconf 75' lang='lat' dir='ltr'><strong>ejus,</strong></span> <span class='ocrx_word' id='word_1_591' title='bbox 3024 3888 3187 3948; x_wconf 89' lang='lat' dir='ltr'><strong>atque</strong></span> <span class='ocrx_word' id='word_1_592' title='bbox 3235 3896 3464 3937; x_wconf 80' lang='lat' dir='ltr'><strong>accura-</strong></span> 
     </span>
    </p>
   </div>
   <div class='ocr_carea' id='block_1_78' title="bbox 222 3954 1805 4034">
    <p class='ocr_par' dir='ltr' id='par_1_78' title="bbox 222 3954 1791 4032">
     <span class='ocr_line' id='line_1_78' title="bbox 222 3954 1791 4032; baseline 0.006 -27"><span class='ocrx_word' id='word_1_593' title='bbox 222 3954 470 4024; x_wconf 65' lang='grc' dir='ltr'>Γραφαὶς</span> <span class='ocrx_word' id='word_1_594' title='bbox 494 3956 834 4009; x_wconf 80' lang='grc' dir='ltr'>εύλαὸεῖσθαι</span> <span class='ocrx_word' id='word_1_595' title='bbox 857 3959 1205 4028; x_wconf 77' lang='grc' dir='ltr'>ἐπιφημίζειν</span> <span class='ocrx_word' id='word_1_596' title='bbox 1230 3959 1306 4031; x_wconf 81' lang='grc' dir='ltr'><strong>τῷ</strong></span> <span class='ocrx_word' id='word_1_597' title='bbox 1335 3961 1472 4030; x_wconf 84' lang='grc' dir='ltr'>ἁγίῳ</span> <span class='ocrx_word' id='word_1_598' title='bbox 1498 3963 1791 4032; x_wconf 81' lang='grc' dir='ltr'>Πνεύματι,</span> 
     </span>
    </p>
   </div>
   <div class='ocr_carea' id='block_1_79' title="bbox 1878 3954 3461 4034">
    <p class='ocr_par' dir='ltr' id='par_1_79' title="bbox 1901 3965 3461 4034">
     <span class='ocr_line' id='line_1_79' title="bbox 1901 3965 3461 4034; baseline 0.008 -19"><span class='ocrx_word' id='word_1_599' title='bbox 1901 3974 2006 4018; x_wconf 89' lang='lat' dir='ltr'><strong>tam</strong></span> <span class='ocrx_word' id='word_1_600' title='bbox 2042 3967 2574 4034; x_wconf 87' lang='lat' dir='ltr'><strong>comprehensionem</strong></span> <span class='ocrx_word' id='word_1_601' title='bbox 2621 3966 2674 4019; x_wconf 92' lang='lat' dir='ltr'><strong>in</strong></span> <span class='ocrx_word' id='word_1_602' title='bbox 2720 3965 2959 4022; x_wconf 83' lang='lat' dir='ltr'><strong>futurum</strong></span> <span class='ocrx_word' id='word_1_603' title='bbox 3007 3970 3262 4024; x_wconf 82' lang='lat' dir='ltr'><strong>saeculum</strong></span> <span class='ocrx_word' id='word_1_604' title='bbox 3308 3973 3461 4027; x_wconf 90' lang='lat' dir='ltr'><strong>nobis</strong></span> 
     </span>
    </p>
   </div>
   <div class='ocr_carea' id='block_1_80' title="bbox 221 4044 1804 4132">
    <p class='ocr_par' dir='ltr' id='par_1_80' title="bbox 221 4044 1795 4123">
     <span class='ocr_line' id='line_1_80' title="bbox 221 4044 1795 4123; baseline 0.006 -26"><span class='ocrx_word' id='word_1_605' title='bbox 221 4044 517 4098; x_wconf 82' lang='grc' dir='ltr'>πεπεῖσθαι</span> <span class='ocrx_word' id='word_1_606' title='bbox 575 4046 630 4098; x_wconf 84' lang='grc' dir='ltr'>δὲ</span> <span class='ocrx_word' id='word_1_607' title='bbox 659 4048 755 4117; x_wconf 80' lang='grc' dir='ltr'><strong>τὴν</strong></span> <span class='ocrx_word' id='word_1_608' title='bbox 785 4049 1074 4119; x_wconf 84' lang='grc' dir='ltr'>ἐμπειρίαν</span> <span class='ocrx_word' id='word_1_609' title='bbox 1122 4051 1286 4103; x_wconf 85' lang='grc' dir='ltr'>αὑτοῦ</span> <span class='ocrx_word' id='word_1_610' title='bbox 1325 4052 1417 4103; x_wconf 81' lang='grc' dir='ltr'><strong>καὶ</strong></span> <span class='ocrx_word' id='word_1_611' title='bbox 1463 4054 1662 4123; x_wconf 76' lang='grc' dir='ltr'>ἀκριϐῆ</span> <span class='ocrx_word' id='word_1_612' title='bbox 1697 4071 1795 4106; x_wconf 86' lang='grc' dir='ltr'>κα-</span> 
     </span>
    </p>
   </div>
   <div class='ocr_carea' id='block_1_81' title="bbox 1880 4044 3463 4132">
    <p class='ocr_par' dir='ltr' id='par_1_81' title="bbox 1903 4059 3463 4132">
     <span class='ocr_line' id='line_1_81' title="bbox 1903 4059 3463 4132; baseline 0.005 -22"><span class='ocrx_word' id='word_1_613' title='bbox 1903 4059 2185 4121; x_wconf 90' lang='lat' dir='ltr'><strong>reservari,</strong></span> <span class='ocrx_word' id='word_1_614' title='bbox 2222 4073 2363 4122; x_wconf 90' lang='lat' dir='ltr'><strong>cum,</strong></span> <span class='ocrx_word' id='word_1_615' title='bbox 2411 4067 2648 4128; x_wconf 87' lang='lat' dir='ltr'><strong>tempore</strong></span> <span class='ocrx_word' id='word_1_616' title='bbox 2693 4059 2816 4123; x_wconf 89' lang='lat' dir='ltr'><strong>hoc,</strong></span> <span class='ocrx_word' id='word_1_617' title='bbox 2864 4061 2913 4113; x_wconf 91' lang='lat' dir='ltr'><strong>in</strong></span> <span class='ocrx_word' id='word_1_618' title='bbox 2963 4076 3068 4131; x_wconf 86' lang='lat' dir='ltr'><strong>quo</strong></span> <span class='ocrx_word' id='word_1_619' title='bbox 3130 4062 3325 4117; x_wconf 85' lang='lat' dir='ltr'><strong>veritas</strong></span> <span class='ocrx_word' id='word_1_620' title='bbox 3368 4080 3463 4132; x_wconf 91' lang='lat' dir='ltr'><strong>per</strong></span> 
     </span>
    </p>
   </div>
   <div class='ocr_carea' id='block_1_82' title="bbox 220 4145 1803 4220">
    <p class='ocr_par' dir='ltr' id='par_1_82' title="bbox 220 4145 1792 4217">
     <span class='ocr_line' id='line_1_82' title="bbox 220 4145 1792 4217; baseline 0.002 -19"><span class='ocrx_word' id='word_1_621' title='bbox 220 4145 457 4215; x_wconf 66' lang='grc' dir='ltr'>τάληψιν</span> <span class='ocrx_word' id='word_1_622' title='bbox 511 4147 608 4208; x_wconf 85' lang='grc' dir='ltr'>εἰς,</span> <span class='ocrx_word' id='word_1_623' title='bbox 643 4145 734 4197; x_wconf 82' lang='grc' dir='ltr'><strong>τὸν</strong></span> <span class='ocrx_word' id='word_1_624' title='bbox 780 4145 1001 4216; x_wconf 79' lang='grc' dir='ltr'>ὕστερον</span> <span class='ocrx_word' id='word_1_625' title='bbox 1055 4148 1186 4217; x_wconf 81' lang='grc' dir='ltr'>ἡμῖν</span> <span class='ocrx_word' id='word_1_626' title='bbox 1241 4147 1560 4200; x_wconf 88' lang='grc' dir='ltr'>ἀποκεῖσθαι</span> <span class='ocrx_word' id='word_1_627' title='bbox 1603 4147 1792 4214; x_wconf 87' lang='grc' dir='ltr'>αίῶνα,</span> 
     </span>
    </p>
   </div>
   <div class='ocr_carea' id='block_1_83' title="bbox 1879 4145 3462 4220">
    <p class='ocr_par' dir='ltr' id='par_1_83' title="bbox 1903 4151 3462 4220">
     <span class='ocr_line' id='line_1_83' title="bbox 1903 4151 3462 4220; baseline 0.001 -15"><span class='ocrx_word' id='word_1_628' title='bbox 1903 4151 2177 4220; x_wconf 91' lang='lat' dir='ltr'><strong>speculum</strong></span> <span class='ocrx_word' id='word_1_629' title='bbox 2209 4161 2263 4205; x_wconf 89' lang='lat' dir='ltr'><strong>et</strong></span> <span class='ocrx_word' id='word_1_630' title='bbox 2284 4152 2509 4220; x_wconf 62' lang='lat' dir='ltr'><strong>aenigma</strong></span> <span class='ocrx_word' id='word_1_631' title='bbox 2537 4152 2827 4215; x_wconf 77' lang='lat' dir='ltr'><strong>videtur“,</strong></span> <span class='ocrx_word' id='word_1_632' title='bbox 2859 4162 3149 4216; x_wconf 82' lang='lat' dir='ltr'><strong>transacto,</strong></span> <span class='ocrx_word' id='word_1_633' title='bbox 3180 4167 3299 4206; x_wconf 85' lang='lat' dir='ltr'><strong>eam</strong></span> <span class='ocrx_word' id='word_1_634' title='bbox 3332 4168 3462 4206; x_wconf 90' lang='lat' dir='ltr'><strong>con-</strong></span> 
     </span>
    </p>
   </div>
   <div class='ocr_carea' id='block_1_84' title="bbox 221 4237 1804 4313">
    <p class='ocr_par' dir='ltr' id='par_1_84' title="bbox 221 4237 1797 4312">
     <span class='ocr_line' id='line_1_84' title="bbox 221 4237 1797 4312; baseline 0 -22"><span class='ocrx_word' id='word_1_635' title='bbox 221 4240 375 4299; x_wconf 81' lang='grc' dir='ltr'>ὅταν,</span> <span class='ocrx_word' id='word_1_636' title='bbox 404 4238 685 4301; x_wconf 83' lang='grc' dir='ltr'>διαϐάντες</span> <span class='ocrx_word' id='word_1_637' title='bbox 709 4237 767 4291; x_wconf 80' lang='grc' dir='ltr'>τὸ</span> <span class='ocrx_word' id='word_1_638' title='bbox 799 4239 865 4291; x_wconf 87' lang='grc' dir='ltr'>δι’</span> <span class='ocrx_word' id='word_1_639' title='bbox 898 4239 1159 4310; x_wconf 77' lang='grc' dir='ltr'>ἐσόπτρου</span> <span class='ocrx_word' id='word_1_640' title='bbox 1186 4238 1280 4291; x_wconf 77' lang='grc' dir='ltr'>καὶ</span> <span class='ocrx_word' id='word_1_641' title='bbox 1313 4239 1636 4309; x_wconf 78' lang='grc' dir='ltr'>αἰνίγματος</span> <span class='ocrx_word' id='word_1_642' title='bbox 1663 4241 1797 4312; x_wconf 76' lang='grc' dir='ltr'>ὁρᾷν</span> 
     </span>
    </p>
   </div>
   <div class='ocr_carea' id='block_1_85' title="bbox 1875 4237 3458 4313">
    <p class='ocr_par' dir='ltr' id='par_1_85' title="bbox 1909 4242 3458 4313">
     <span class='ocr_line' id='line_1_85' title="bbox 1909 4242 3458 4313; baseline 0.001 -15"><span class='ocrx_word' id='word_1_643' title='bbox 1909 4244 2309 4313; x_wconf 85' lang='lat' dir='ltr'><strong>templationem</strong></span> <span class='ocrx_word' id='word_1_644' title='bbox 2347 4258 2465 4310; x_wconf 68' lang='lat' dir='ltr'><strong>quae</strong></span> <span class='ocrx_word' id='word_1_645' title='bbox 2503 4242 2568 4294; x_wconf 90' lang='lat' dir='ltr'><strong>ad</strong></span> <span class='ocrx_word' id='word_1_646' title='bbox 2611 4242 2800 4296; x_wconf 83' lang='lat' dir='ltr'><strong>faciem</strong></span> <span class='ocrx_word' id='word_1_647' title='bbox 2832 4253 2914 4298; x_wconf 89' lang='lat' dir='ltr'><strong>est</strong></span> <span class='ocrx_word' id='word_1_648' title='bbox 2972 4242 3232 4297; x_wconf 80' lang='lat' dir='ltr'><strong>fuerimus</strong></span> <span class='ocrx_word' id='word_1_649' title='bbox 3259 4257 3458 4299; x_wconf 87' lang='lat' dir='ltr'><strong>consc-</strong></span> 
     </span>
    </p>
   </div>
   <div class='ocr_carea' id='block_1_86' title="bbox 222 4321 2022 4403">
    <p class='ocr_par' dir='ltr' id='par_1_86' title="bbox 222 4321 2022 4403">
     <span class='ocr_line' id='line_1_86' title="bbox 222 4321 2022 4403; baseline 0.006 -23"><span class='ocrx_word' id='word_1_650' title='bbox 222 4331 324 4400; x_wconf 74' lang='grc' dir='ltr'><strong>τὴν</strong></span> <span class='ocrx_word' id='word_1_651' title='bbox 359 4329 632 4401; x_wconf 86' lang='grc' dir='ltr'>ἀλήθειαν,</span> <span class='ocrx_word' id='word_1_652' title='bbox 667 4331 762 4400; x_wconf 83' lang='grc' dir='ltr'>τῆς</span> <span class='ocrx_word' id='word_1_653' title='bbox 813 4330 947 4400; x_wconf 88' lang='grc' dir='ltr'>πρὸς</span> <span class='ocrx_word' id='word_1_654' title='bbox 1001 4331 1289 4403; x_wconf 86' lang='grc' dir='ltr'>πρόσωπον</span> <span class='ocrx_word' id='word_1_655' title='bbox 1349 4330 1577 4402; x_wconf 85' lang='grc' dir='ltr'>θεωρίας</span> <span class='ocrx_word' id='word_1_656' title='bbox 1626 4333 1790 4398; x_wconf 83' lang='grc' dir='ltr'>ἀξιω-</span> <span class='ocrx_word' id='word_1_657' title='bbox 1823 4321 1867 4379; x_wconf 79' lang='grc' dir='ltr'>ί)</span> <span class='ocrx_word' id='word_1_658' title='bbox 1894 4339 2022 4393; x_wconf 86' lang='lat' dir='ltr'><strong>cuti.</strong></span> 
     </span>
    </p>
   </div>
   <div class='ocr_carea' id='block_1_87' title="bbox 223 4420 570 4491">
    <p class='ocr_par' dir='ltr' id='par_1_87' title="bbox 223 4420 570 4491">
     <span class='ocr_line' id='line_1_87' title="bbox 223 4420 570 4491; baseline -0.009 -16"><span class='ocrx_word' id='word_1_659' title='bbox 223 4422 408 4491; x_wconf 77' lang='grc' dir='ltr'>θῶμεν</span> <span class='ocrx_word' id='word_1_660' title='bbox 439 4420 570 4489; x_wconf 72' lang='grc'><strong>(28).</strong></span> 
     </span>
    </p>
   </div>
   <div class='ocr_carea' id='block_1_88' title="bbox 297 4594 1880 4665">
    <p class='ocr_par' dir='ltr' id='par_1_88' title="bbox 297 4595 1880 4665">
     <span class='ocr_line' id='line_1_88' title="bbox 297 4595 1880 4665; baseline 0.004 -17"><span class='ocrx_word' id='word_1_661' title='bbox 297 4597 343 4665; x_wconf 15' lang='grc' dir='ltr'><strong>⁴⁵ί³</strong></span> <span class='ocrx_word' id='word_1_662' title='bbox 381 4595 533 4650; x_wconf 83' lang='lat' dir='ltr'><strong>Joan.</strong></span> <span class='ocrx_word' id='word_1_663' title='bbox 558 4611 596 4657; x_wconf 89' lang='grc' dir='ltr'><strong>ι,</strong></span> <span class='ocrx_word' id='word_1_664' title='bbox 618 4595 670 4648; x_wconf 79' lang='grc'><strong>5.</strong></span> <span class='ocrx_word' id='word_1_665' title='bbox 774 4596 822 4665; x_wconf 54' lang='grc' dir='ltr'><strong>ξι</strong></span> <span class='ocrx_word' id='word_1_666' title='bbox 850 4598 1011 4650; x_wconf 83' lang='lat' dir='ltr'><strong>Amos</strong></span> <span class='ocrx_word' id='word_1_667' title='bbox 1040 4613 1113 4659; x_wconf 88' lang='lat' dir='ltr'><strong>tv,</strong></span> <span class='ocrx_word' id='word_1_668' title='bbox 1142 4596 1230 4650; x_wconf 81' lang='grc'><strong>15.</strong></span> <span class='ocrx_word' id='word_1_669' title='bbox 1329 4598 1373 4629; x_wconf 75' lang='grc'><strong>⁸⁸</strong></span> <span class='ocrx_word' id='word_1_670' title='bbox 1398 4596 1527 4649; x_wconf 87' lang='lat' dir='ltr'><strong>ibid.</strong></span> <span class='ocrx_word' id='word_1_671' title='bbox 1628 4598 1672 4627; x_wconf 74' lang='grc'><strong>⁸⁸</strong></span> <span class='ocrx_word' id='word_1_672' title='bbox 1694 4597 1836 4653; x_wconf 87' lang='lat' dir='ltr'><strong>Psal.</strong></span> <span class='ocrx_word' id='word_1_673' title='bbox 1876 4615 1880 4622; x_wconf 78' lang='lat'>‘</span> 
     </span>
    </p>
   </div>
   <div class='ocr_carea' id='block_1_89' title="bbox 1869 4594 3452 4665">
    <p class='ocr_par' dir='ltr' id='par_1_89' title="bbox 1876 4594 3452 4665">
     <span class='ocr_line' id='line_1_89' title="bbox 1876 4594 3452 4665; baseline 0.001 -14"><span class='ocrx_word' id='word_1_674' title='bbox 1876 4613 2029 4654; x_wconf 78' lang='lat' dir='ltr'><strong>xvui.</strong></span> <span class='ocrx_word' id='word_1_675' title='bbox 2057 4597 2109 4649; x_wconf 79' lang='lat'><strong>9..</strong></span> <span class='ocrx_word' id='word_1_676' title='bbox 2212 4594 2254 4626; x_wconf 72' lang='grc'><strong>⁸⁷</strong></span> <span class='ocrx_word' id='word_1_677' title='bbox 2297 4594 2450 4650; x_wconf 82' lang='lat' dir='ltr'><strong>Joan.</strong></span> <span class='ocrx_word' id='word_1_678' title='bbox 2478 4610 2574 4656; x_wconf 76' lang='lat' dir='ltr'><strong>xu,</strong></span> <span class='ocrx_word' id='word_1_679' title='bbox 2615 4595 2703 4648; x_wconf 74' lang='lat'><strong>29.</strong></span> <span class='ocrx_word' id='word_1_680' title='bbox 2815 4595 2858 4626; x_wconf 68' lang='lat'><strong>‘8</strong></span> <span class='ocrx_word' id='word_1_681' title='bbox 2880 4595 3065 4650; x_wconf 80' lang='lat' dir='ltr'><strong>Matth.</strong></span> <span class='ocrx_word' id='word_1_682' title='bbox 3099 4611 3214 4663; x_wconf 89' lang='lat' dir='ltr'><strong>vm,</strong></span> <span class='ocrx_word' id='word_1_683' title='bbox 3247 4596 3338 4665; x_wconf 77' lang='grc'><strong>24,</strong></span> <span class='ocrx_word' id='word_1_684' title='bbox 3363 4595 3452 4653; x_wconf 80' lang='grc'><strong>27.</strong></span> 
     </span>
    </p>
   </div>
   <div class='ocr_carea' id='block_1_90' title="bbox 223 4663 1203 4731">
    <p class='ocr_par' dir='ltr' id='par_1_90' title="bbox 223 4663 1203 4731">
     <span class='ocr_line' id='line_1_90' title="bbox 223 4663 1203 4731; baseline 0 -12"><span class='ocrx_word' id='word_1_685' title='bbox 223 4665 268 4698; x_wconf 69' lang='grc'><strong>⁸⁸³</strong></span> <span class='ocrx_word' id='word_1_686' title='bbox 304 4664 458 4719; x_wconf 85' lang='lat' dir='ltr'><strong>Joan.</strong></span> <span class='ocrx_word' id='word_1_687' title='bbox 492 4681 528 4730; x_wconf 87' lang='grc' dir='ltr'><strong>ι,</strong></span> <span class='ocrx_word' id='word_1_688' title='bbox 568 4666 621 4722; x_wconf 80' lang='grc'><strong>5.</strong></span> <span class='ocrx_word' id='word_1_689' title='bbox 696 4665 742 4696; x_wconf 74' lang='grc'><strong>⁵⁸</strong></span> <span class='ocrx_word' id='word_1_690' title='bbox 774 4663 933 4720; x_wconf 87' lang='lat' dir='ltr'><strong>lCor.</strong></span> <span class='ocrx_word' id='word_1_691' title='bbox 969 4683 1084 4731; x_wconf 80' lang='lat' dir='ltr'><strong>xm,</strong></span> <span class='ocrx_word' id='word_1_692' title='bbox 1117 4668 1203 4721; x_wconf 74' lang='grc'><strong>12.</strong></span> 
     </span>
    </p>
   </div>
   <div class='ocr_carea' id='block_1_91' title="bbox 295 4817 1878 4891">
    <p class='ocr_par' dir='ltr' id='par_1_91' title="bbox 295 4818 1780 4891">
     <span class='ocr_line' id='line_1_91' title="bbox 295 4818 1780 4891; baseline -0.003 -17"><span class='ocrx_word' id='word_1_693' title='bbox 295 4819 407 4888; x_wconf 76' lang='lat'><strong>(26)</strong></span> <span class='ocrx_word' id='word_1_694' title='bbox 437 4820 634 4874; x_wconf 75' lang='lat' dir='ltr'><strong>Vocem</strong></span> <span class='ocrx_word' id='word_1_695' title='bbox 662 4819 875 4891; x_wconf 86' lang='grc' dir='ltr'>πνεῦμα</span> <span class='ocrx_word' id='word_1_696' title='bbox 903 4835 1000 4886; x_wconf 87' lang='lat' dir='ltr'><strong>pro</strong></span> <span class='ocrx_word' id='word_1_697' title='bbox 1030 4830 1192 4875; x_wconf 91' lang='lat' dir='ltr'><strong>vento</strong></span> <span class='ocrx_word' id='word_1_698' title='bbox 1237 4821 1322 4874; x_wconf 91' lang='lat' dir='ltr'><strong>hic</strong></span> <span class='ocrx_word' id='word_1_699' title='bbox 1361 4819 1530 4887; x_wconf 90' lang='lat' dir='ltr'><strong>accipi</strong></span> <span class='ocrx_word' id='word_1_700' title='bbox 1565 4818 1780 4879; x_wconf 85' lang='lat' dir='ltr'><strong>debere,</strong></span> 
     </span>
    </p>
   </div>
   <div class='ocr_carea' id='block_1_92' title="bbox 1870 4817 3453 4891">
    <p class='ocr_par' dir='ltr' id='par_1_92' title="bbox 1889 4817 3453 4891">
     <span class='ocr_line' id='line_1_92' title="bbox 1889 4817 3453 4891; baseline 0.003 -19"><span class='ocrx_word' id='word_1_701' title='bbox 1889 4838 2014 4874; x_wconf 90' lang='grc' dir='ltr'>νων.</span> <span class='ocrx_word' id='word_1_702' title='bbox 2061 4821 2251 4889; x_wconf 85' lang='grc' dir='ltr'>Ἀμήν.</span> <span class='ocrx_word' id='word_1_703' title='bbox 2311 4817 2375 4891; x_wconf 84' lang='lat' dir='ltr'><strong>l_n</strong></span> <span class='ocrx_word' id='word_1_704' title='bbox 2405 4817 2620 4891; x_wconf 68' lang='lat' dir='ltr'><strong>Christq</strong></span> <span class='ocrx_word' id='word_1_705' title='bbox 2643 4818 2771 4872; x_wconf 75' lang='lat' dir='ltr'><strong>Jesu</strong></span> <span class='ocrx_word' id='word_1_706' title='bbox 2822 4820 3045 4874; x_wconf 87' lang='lat' dir='ltr'><strong>Domino</strong></span> <span class='ocrx_word' id='word_1_707' title='bbox 3092 4834 3289 4885; x_wconf 76' lang='lat' dir='ltr'><strong>nostro,</strong></span> <span class='ocrx_word' id='word_1_708' title='bbox 3337 4843 3453 4878; x_wconf 82' lang='lat' dir='ltr'><strong>rum</strong></span> 
     </span>
    </p>
   </div>
   <div class='ocr_carea' id='block_1_93' title="bbox 219 4887 3455 4958">
    <p class='ocr_par' dir='ltr' id='par_1_93' title="bbox 219 4887 3455 4958">
     <span class='ocr_line' id='line_1_93' title="bbox 219 4887 3455 4958; baseline 0.002 -16"><span class='ocrx_word' id='word_1_709' title='bbox 219 4887 435 4953; x_wconf 85' lang='lat' dir='ltr'><strong>vident,</strong></span> <span class='ocrx_word' id='word_1_710' title='bbox 474 4891 687 4955; x_wconf 81' lang='lat' dir='ltr'><strong>Opinor,</strong></span> <span class='ocrx_word' id='word_1_711' title='bbox 737 4887 959 4951; x_wconf 83' lang='lat' dir='ltr'><strong>omnes;</strong></span> <span class='ocrx_word' id='word_1_712' title='bbox 1015 4905 1114 4944; x_wconf 90' lang='lat' dir='ltr'><strong>nec</strong></span> <span class='ocrx_word' id='word_1_713' title='bbox 1158 4891 1316 4945; x_wconf 88' lang='lat' dir='ltr'><strong>aliter</strong></span> <span class='ocrx_word' id='word_1_714' title='bbox 1339 4891 1652 4958; x_wconf 68' lang='lat' dir='ltr'><strong>accipienda</strong></span> <span class='ocrx_word' id='word_1_715' title='bbox 1699 4900 1782 4943; x_wconf 90' lang='lat' dir='ltr'><strong>est</strong></span> <span class='ocrx_word' id='word_1_716' title='bbox 1885 4906 1986 4956; x_wconf 82' lang='lat' dir='ltr'><strong>quo</strong></span> <span class='ocrx_word' id='word_1_717' title='bbox 2021 4887 2281 4958; x_wconf 74' lang='lat' dir='ltr'><strong>gloriaest</strong></span> <span class='ocrx_word' id='word_1_718' title='bbox 2317 4887 2469 4940; x_wconf 80' lang='lat' dir='ltr'><strong>Patri</strong></span> <span class='ocrx_word' id='word_1_719' title='bbox 2498 4901 2543 4940; x_wconf 85' lang='lat' dir='ltr'><strong>et</strong></span> <span class='ocrx_word' id='word_1_720' title='bbox 2583 4887 2806 4954; x_wconf 82' lang='lat' dir='ltr'><strong>Spiritui</strong></span> <span class='ocrx_word' id='word_1_721' title='bbox 2841 4905 3043 4956; x_wconf 79' lang='lat' dir='ltr'><strong>sancto,</strong></span> <span class='ocrx_word' id='word_1_722' title='bbox 3075 4909 3208 4946; x_wconf 80' lang='lat' dir='ltr'><strong>nunc</strong></span> <span class='ocrx_word' id='word_1_723' title='bbox 3240 4904 3286 4946; x_wconf 81' lang='lat' dir='ltr'><strong>et</strong></span> <span class='ocrx_word' id='word_1_724' title='bbox 3316 4911 3455 4947; x_wconf 77' lang='lat' dir='ltr'><strong>sem-</strong></span> 
     </span>
    </p>
   </div>
   <div class='ocr_carea' id='block_1_94' title="bbox 220 4960 3452 5030">
    <p class='ocr_par' dir='ltr' id='par_1_94' title="bbox 220 4960 3452 5030">
     <span class='ocr_line' id='line_1_94' title="bbox 220 4960 3452 5030; baseline 0 -15"><span class='ocrx_word' id='word_1_725' title='bbox 220 4962 410 5017; x_wconf 87' lang='lat' dir='ltr'><strong>eadem</strong></span> <span class='ocrx_word' id='word_1_726' title='bbox 438 4975 542 5012; x_wconf 81' lang='lat' dir='ltr'><strong>vox</strong></span> <span class='ocrx_word' id='word_1_727' title='bbox 570 4961 843 5030; x_wconf 85' lang='lat' dir='ltr'><strong>aliquanto</strong></span> <span class='ocrx_word' id='word_1_728' title='bbox 873 4968 1012 5028; x_wconf 78' lang='lat' dir='ltr'><strong>post.</strong></span> <span class='ocrx_word' id='word_1_729' title='bbox 1883 4961 2154 5030; x_wconf 20' lang='lat' dir='ltr'><strong>perueniri</strong></span> <span class='ocrx_word' id='word_1_730' title='bbox 2186 4960 2379 5030; x_wconf 58' lang='lat' dir='ltr'><strong>safeula</strong></span> <span class='ocrx_word' id='word_1_731' title='bbox 2414 4960 2743 5030; x_wconf 56' lang='lat' dir='ltr'><strong>safcuiorum.</strong></span> <span class='ocrx_word' id='word_1_732' title='bbox 2767 4961 2954 5014; x_wconf 74' lang='lat' dir='ltr'><strong>Amen.</strong></span> <span class='ocrx_word' id='word_1_733' title='bbox 2988 4961 3091 5015; x_wconf 89' lang='lat' dir='ltr'><strong>Sed</strong></span> <span class='ocrx_word' id='word_1_734' title='bbox 3127 4964 3236 5015; x_wconf 65' lang='lat' dir='ltr'><strong>haec</strong></span> <span class='ocrx_word' id='word_1_735' title='bbox 3271 4965 3452 5026; x_wconf 86' lang='lat' dir='ltr'><strong>verba,</strong></span> 
     </span>
    </p>
   </div>
   <div class='ocr_carea' id='block_1_95' title="bbox 292 5027 1875 5100">
    <p class='ocr_par' dir='ltr' id='par_1_95' title="bbox 292 5027 1780 5100">
     <span class='ocr_line' id='line_1_95' title="bbox 292 5027 1780 5100; baseline -0.003 -18"><span class='ocrx_word' id='word_1_736' title='bbox 292 5030 404 5099; x_wconf 74' lang='lat'><strong>(27)</strong></span> <span class='ocrx_word' id='word_1_737' title='bbox 435 5029 570 5082; x_wconf 85' lang='lat' dir='ltr'><strong>Editi</strong></span> <span class='ocrx_word' id='word_1_738' title='bbox 602 5031 634 5098; x_wconf 83' lang='grc' dir='ltr'>ἡ</span> <span class='ocrx_word' id='word_1_739' title='bbox 661 5027 1000 5100; x_wconf 66' lang='grc' dir='ltr'>γινομένη...</span> <span class='ocrx_word' id='word_1_740' title='bbox 1032 5029 1337 5081; x_wconf 79' lang='grc' dir='ltr'>ἀκούουσιν.</span> <span class='ocrx_word' id='word_1_741' title='bbox 1371 5029 1591 5100; x_wconf 85' lang='lat' dir='ltr'><strong>Antiqui</strong></span> <span class='ocrx_word' id='word_1_742' title='bbox 1645 5043 1780 5096; x_wconf 85' lang='lat' dir='ltr'><strong>qua-</strong></span> 
     </span>
    </p>
   </div>
   <div class='ocr_carea' id='block_1_96' title="bbox 1870 5027 3453 5100">
    <p class='ocr_par' dir='ltr' id='par_1_96' title="bbox 1883 5027 3453 5100">
     <span class='ocr_line' id='line_1_96' title="bbox 1883 5027 3453 5100; baseline 0.006 -24"><span class='ocrx_word' id='word_1_743' title='bbox 1883 5027 1940 5076; x_wconf 83' lang='grc' dir='ltr'><strong>ὲν</strong></span> <span class='ocrx_word' id='word_1_744' title='bbox 1964 5028 2040 5095; x_wconf 80' lang='grc' dir='ltr'>τῷ</span> <span class='ocrx_word' id='word_1_745' title='bbox 2064 5028 2281 5098; x_wconf 80' lang='grc' dir='ltr'>Χριστῷ</span> <span class='ocrx_word' id='word_1_746' title='bbox 2327 5029 2500 5098; x_wconf 85' lang='grc' dir='ltr'>Ἰησοῦ</span> <span class='ocrx_word' id='word_1_747' title='bbox 2541 5038 2594 5080; x_wconf 83' lang='lat' dir='ltr'><strong>ct</strong></span> <span class='ocrx_word' id='word_1_748' title='bbox 2623 5044 2740 5094; x_wconf 77' lang='lat' dir='ltr'><strong>quae</strong></span> <span class='ocrx_word' id='word_1_749' title='bbox 2763 5044 3088 5100; x_wconf 19' lang='lat' dir='ltr'><strong>&quot;sequuntur</strong></span> <span class='ocrx_word' id='word_1_750' title='bbox 3112 5033 3314 5094; x_wconf 86' lang='lat' dir='ltr'><strong>omnia,</strong></span> <span class='ocrx_word' id='word_1_751' title='bbox 3350 5051 3453 5087; x_wconf 87' lang='lat' dir='ltr'><strong>non</strong></span> 
     </span>
    </p>
   </div>
   <div class='ocr_carea' id='block_1_97' title="bbox 218 5089 3452 5168">
    <p class='ocr_par' dir='ltr' id='par_1_97' title="bbox 218 5089 3452 5168">
     <span class='ocr_line' id='line_1_97' title="bbox 218 5089 3452 5168; baseline 0 -14"><span class='ocrx_word' id='word_1_752' title='bbox 218 5089 345 5154; x_wconf 78' lang='lat' dir='ltr'><strong>tuor</strong></span> <span class='ocrx_word' id='word_1_753' title='bbox 369 5089 492 5154; x_wconf 82' lang='lat' dir='ltr'><strong>libri</strong></span> <span class='ocrx_word' id='word_1_754' title='bbox 520 5101 590 5151; x_wconf 86' lang='lat' dir='ltr'><strong>ita</strong></span> <span class='ocrx_word' id='word_1_755' title='bbox 615 5089 760 5152; x_wconf 54' lang='lat' dir='ltr'><strong>ut&#39;in</strong></span> <span class='ocrx_word' id='word_1_756' title='bbox 792 5089 1042 5153; x_wconf 70' lang='lat' dir='ltr'><strong>contextu</strong></span> <span class='ocrx_word' id='word_1_757' title='bbox 1072 5101 1170 5168; x_wconf 78' lang='lat' dir='ltr'><strong>legi</strong></span> <span class='ocrx_word' id='word_1_758' title='bbox 1193 5107 1386 5164; x_wconf 91' lang='lat' dir='ltr'><strong>potest.</strong></span> <span class='ocrx_word' id='word_1_759' title='bbox 1424 5089 1781 5151; x_wconf 50' lang='lat' dir='ltr'><strong>Antioui&#39;duo</strong></span> <span class='ocrx_word' id='word_1_760' title='bbox 1885 5089 2135 5168; x_wconf 75' lang='lat' dir='ltr'><strong>leguntur</strong></span> <span class='ocrx_word' id='word_1_761' title='bbox 2168 5089 2340 5164; x_wconf 69' lang='lat' dir='ltr'><strong>neque</strong></span> <span class='ocrx_word' id='word_1_762' title='bbox 2373 5089 2422 5151; x_wconf 73' lang='lat' dir='ltr'><strong>ill</strong></span> <span class='ocrx_word' id='word_1_763' title='bbox 2472 5100 2708 5150; x_wconf 87' lang='lat' dir='ltr'><strong>editione</strong></span> <span class='ocrx_word' id='word_1_764' title='bbox 2761 5099 2890 5152; x_wconf 81' lang='lat' dir='ltr'><strong>Ven.</strong></span> <span class='ocrx_word' id='word_1_765' title='bbox 2936 5115 3107 5164; x_wconf 83' lang='lat' dir='ltr'><strong>neque</strong></span> <span class='ocrx_word' id='word_1_766' title='bbox 3158 5115 3209 5152; x_wconf 90' lang='grc' dir='ltr'><strong>ιιι</strong></span> <span class='ocrx_word' id='word_1_767' title='bbox 3243 5103 3452 5155; x_wconf 84' lang='lat' dir='ltr'><strong>codici-</strong></span> 
     </span>
    </p>
   </div>
   <div class='ocr_carea' id='block_1_98' title="bbox 220 5166 1803 5238">
    <p class='ocr_par' dir='ltr' id='par_1_98' title="bbox 220 5166 1655 5238">
     <span class='ocr_line' id='line_1_98' title="bbox 220 5166 1655 5238; baseline -0.004 -16"><span class='ocrx_word' id='word_1_768' title='bbox 220 5171 343 5223; x_wconf 84' lang='lat' dir='ltr'><strong>libri</strong></span> <span class='ocrx_word' id='word_1_769' title='bbox 380 5185 476 5237; x_wconf 87' lang='lat' dir='ltr'><strong>pro</strong></span> <span class='ocrx_word' id='word_1_770' title='bbox 501 5168 726 5238; x_wconf 85' lang='grc' dir='ltr'>ούρανοῦ</span> <span class='ocrx_word' id='word_1_771' title='bbox 759 5171 956 5222; x_wconf 86' lang='lat' dir='ltr'><strong>habent</strong></span> <span class='ocrx_word' id='word_1_772' title='bbox 990 5166 1250 5238; x_wconf 73' lang='grc' dir='ltr'>οὐρανῶν.</span> <span class='ocrx_word' id='word_1_773' title='bbox 1436 5237 1441 5238; x_wconf 16' lang='grc' dir='ltr'><em>ν</em></span> <span class='ocrx_word' id='word_1_774' title='bbox 1632 5234 1655 5238; x_wconf 70' lang='lat'>_</span> 
     </span>
    </p>
   </div>
   <div class='ocr_carea' id='block_1_99' title="bbox 1868 5166 3451 5238">
    <p class='ocr_par' dir='ltr' id='par_1_99' title="bbox 1884 5166 3451 5238">
     <span class='ocr_line' id='line_1_99' title="bbox 1884 5166 3451 5238; baseline 0.004 -20"><span class='ocrx_word' id='word_1_775' title='bbox 1884 5166 1983 5220; x_wconf 86' lang='lat' dir='ltr'><strong>bus</strong></span> <span class='ocrx_word' id='word_1_776' title='bbox 2012 5168 2425 5238; x_wconf 85' lang='lat' dir='ltr'><strong>antiquioribus,</strong></span> <span class='ocrx_word' id='word_1_777' title='bbox 2459 5182 2555 5219; x_wconf 89' lang='lat' dir='ltr'><strong>nec</strong></span> <span class='ocrx_word' id='word_1_778' title='bbox 2592 5168 2812 5220; x_wconf 90' lang='lat' dir='ltr'><strong>dubium</strong></span> <span class='ocrx_word' id='word_1_779' title='bbox 2848 5171 3016 5220; x_wconf 82' lang='lat' dir='ltr'><strong>habeo</strong></span> <span class='ocrx_word' id='word_1_780' title='bbox 3043 5170 3171 5235; x_wconf 87' lang='lat' dir='ltr'><strong>quin</strong></span> <span class='ocrx_word' id='word_1_781' title='bbox 3216 5171 3321 5222; x_wconf 87' lang='lat' dir='ltr'><strong>sint</strong></span> <span class='ocrx_word' id='word_1_782' title='bbox 3353 5172 3451 5224; x_wconf 81' lang='lat' dir='ltr'><strong>ad-</strong></span> 
     </span>
    </p>
   </div>
   <div class='ocr_carea' id='block_1_100' title="bbox 291 5234 1874 5308">
    <p class='ocr_par' dir='ltr' id='par_1_100' title="bbox 291 5234 1780 5308">
     <span class='ocr_line' id='line_1_100' title="bbox 291 5234 1780 5308; baseline -0.001 -18"><span class='ocrx_word' id='word_1_783' title='bbox 291 5234 403 5306; x_wconf 68' lang='lat'><strong>(98)</strong></span> <span class='ocrx_word' id='word_1_784' title='bbox 444 5234 580 5293; x_wconf 84' lang='lat' dir='ltr'><strong>Editi</strong></span> <span class='ocrx_word' id='word_1_785' title='bbox 625 5238 957 5306; x_wconf 82' lang='grc' dir='ltr'>ἁξιωθῶμεν,</span> <span class='ocrx_word' id='word_1_786' title='bbox 1009 5234 1068 5288; x_wconf 59' lang='grc' dir='ltr'><strong>ἐκ]</strong></span> <span class='ocrx_word' id='word_1_787' title='bbox 1114 5239 1189 5308; x_wconf 70' lang='grc' dir='ltr'>τῷ</span> <span class='ocrx_word' id='word_1_788' title='bbox 1236 5237 1454 5308; x_wconf 80' lang='grc' dir='ltr'>Χριστῷ</span> <span class='ocrx_word' id='word_1_789' title='bbox 1486 5234 1658 5308; x_wconf 72' lang='grc' dir='ltr'>Ἰησοῦ</span> <span class='ocrx_word' id='word_1_790' title='bbox 1704 5239 1780 5307; x_wconf 77' lang='grc' dir='ltr'><strong>τῷ</strong></span> 
     </span>
    </p>
   </div>
   <div class='ocr_carea' id='block_1_101' title="bbox 1869 5234 3452 5308">
    <p class='ocr_par' dir='ltr' id='par_1_101' title="bbox 1889 5234 3452 5306">
     <span class='ocr_line' id='line_1_101' title="bbox 1889 5234 3452 5306; baseline 0.004 -17"><span class='ocrx_word' id='word_1_791' title='bbox 1889 5234 2186 5291; x_wconf 64' lang='grc' dir='ltr'>αιιειιηεηιέ</span> <span class='ocrx_word' id='word_1_792' title='bbox 2245 5239 2608 5301; x_wconf 86' lang='lat' dir='ltr'><strong>librariorum,</strong></span> <span class='ocrx_word' id='word_1_793' title='bbox 2676 5240 2746 5292; x_wconf 90' lang='lat' dir='ltr'><strong>ob</strong></span> <span class='ocrx_word' id='word_1_794' title='bbox 2828 5237 2985 5306; x_wconf 85' lang='lat' dir='ltr'><strong>idque</strong></span> <span class='ocrx_word' id='word_1_795' title='bbox 3055 5234 3274 5293; x_wconf 81' lang='lat' dir='ltr'><strong>delenda</strong></span> <span class='ocrx_word' id='word_1_796' title='bbox 3328 5253 3452 5296; x_wconf 79' lang='lat' dir='ltr'><strong>esse</strong></span> 
     </span>
    </p>
   </div>
   <div class='ocr_carea' id='block_1_102' title="bbox 219 5304 1802 5380">
    <p class='ocr_par' dir='ltr' id='par_1_102' title="bbox 219 5304 1779 5380">
     <span class='ocr_line' id='line_1_102' title="bbox 219 5304 1779 5380; baseline -0.003 -18"><span class='ocrx_word' id='word_1_797' title='bbox 440 5310 616 5380; x_wconf 82' lang='grc' dir='ltr'>ἡμῶν,</span> <span class='ocrx_word' id='word_1_798' title='bbox 655 5309 768 5380; x_wconf 82' lang='grc' dir='ltr'>μεθ’</span> <span class='ocrx_word' id='word_1_799' title='bbox 788 5378 796 5380; x_wconf 72' lang='lat'><strong><em>_</em></strong></span> <span class='ocrx_word' id='word_1_800' title='bbox 817 5304 878 5368; x_wconf 61' lang='grc' dir='ltr'>οὗ</span> <span class='ocrx_word' id='word_1_801' title='bbox 909 5308 1031 5372; x_wconf 66' lang='grc' dir='ltr'>δόξα</span> <span class='ocrx_word' id='word_1_802' title='bbox 1065 5307 1141 5376; x_wconf 79' lang='grc' dir='ltr'>τῷ</span> <span class='ocrx_word' id='word_1_803' title='bbox 1163 5304 1171 5307; x_wconf 59' lang='grc'>⁷</span> <span class='ocrx_word' id='word_1_804' title='bbox 1191 5304 1362 5380; x_wconf 52' lang='lat' dir='ltr'><strong>[Ia-ip}</strong></span> <span class='ocrx_word' id='word_1_805' title='bbox 1390 5304 1482 5360; x_wconf 76' lang='grc' dir='ltr'><strong>καὶ</strong></span> <span class='ocrx_word' id='word_1_806' title='bbox 1530 5304 1605 5380; x_wconf 67' lang='grc' dir='ltr'><strong>τῷ</strong></span> <span class='ocrx_word' id='word_1_807' title='bbox 1638 5304 1779 5380; x_wconf 69' lang='grc' dir='ltr'>ἁγίῳ</span> 
     </span>
    </p>
   </div>
   <div class='ocr_carea' id='block_1_103' title="bbox 608 5304 2191 5380">
    <p class='ocr_par' dir='ltr' id='par_1_103' title="bbox 608 5304 2191 5380">
     <span class='ocr_line' id='line_1_103' title="bbox 608 5304 2191 5380; baseline 0.001 -20"><span class='ocrx_word' id='word_1_808' title='bbox 608 5350 616 5373; x_wconf 83' lang='grc'><strong>,</strong></span> <span class='ocrx_word' id='word_1_809' title='bbox 655 5309 768 5380; x_wconf 85' lang='grc' dir='ltr'>μεθ’</span> <span class='ocrx_word' id='word_1_810' title='bbox 817 5304 878 5368; x_wconf 61' lang='grc' dir='ltr'>οὗ</span> <span class='ocrx_word' id='word_1_811' title='bbox 909 5308 1031 5372; x_wconf 68' lang='grc' dir='ltr'>δόξα</span> <span class='ocrx_word' id='word_1_812' title='bbox 1065 5304 1362 5378; x_wconf 66' lang='grc' dir='ltr'>τ(ῖ›’Πατρ“ι</span> <span class='ocrx_word' id='word_1_813' title='bbox 1390 5304 1482 5360; x_wconf 76' lang='grc' dir='ltr'><strong>καὶ</strong></span> <span class='ocrx_word' id='word_1_814' title='bbox 1530 5304 1605 5380; x_wconf 66' lang='grc' dir='ltr'><strong>τῷ</strong></span> <span class='ocrx_word' id='word_1_815' title='bbox 1638 5304 1779 5380; x_wconf 68' lang='grc' dir='ltr'>ἁγίῳ</span> <span class='ocrx_word' id='word_1_816' title='bbox 1889 5309 2191 5363; x_wconf 70' lang='lat' dir='ltr'><strong>existimav‘</strong></span> 
     </span>
    </p>
   </div>
   <div class='ocr_carea' id='block_1_104' title="bbox 221 5375 1776 5444">
    <p class='ocr_par' dir='ltr' id='par_1_104' title="bbox 221 5375 1776 5444">
     <span class='ocr_line' id='line_1_104' title="bbox 221 5375 1776 5444; baseline -0.003 -12"><span class='ocrx_word' id='word_1_817' title='bbox 221 5375 494 5444; x_wconf 74' lang='grc' dir='ltr'>Πνεύματί</span> <span class='ocrx_word' id='word_1_818' title='bbox 528 5381 621 5434; x_wconf 91' lang='grc' dir='ltr'><strong>νῦν</strong></span> <span class='ocrx_word' id='word_1_819' title='bbox 650 5375 743 5433; x_wconf 75' lang='grc' dir='ltr'><strong>καὶ</strong></span> <span class='ocrx_word' id='word_1_820' title='bbox 777 5378 858 5436; x_wconf 72' lang='grc' dir='ltr'><strong>ἀεὶ</strong></span> <span class='ocrx_word' id='word_1_821' title='bbox 885 5380 974 5430; x_wconf 78' lang='grc' dir='ltr'><strong>καὶ</strong></span> <span class='ocrx_word' id='word_1_822' title='bbox 1005 5380 1081 5441; x_wconf 77' lang='grc' dir='ltr'>εἰς</span> <span class='ocrx_word' id='word_1_823' title='bbox 1106 5375 1229 5441; x_wconf 73' lang='grc' dir='ltr'>τοὺς</span> <span class='ocrx_word' id='word_1_824' title='bbox 1263 5375 1463 5441; x_wconf 83' lang='grc' dir='ltr'>αίῶνας</span> <span class='ocrx_word' id='word_1_825' title='bbox 1503 5375 1609 5428; x_wconf 87' lang='grc' dir='ltr'><strong>τῶν</strong></span> <span class='ocrx_word' id='word_1_826' title='bbox 1644 5375 1776 5429; x_wconf 85' lang='grc' dir='ltr'>αίώ-</span> 
     </span>
    </p>
   </div>
  </div>
