4008 6486
511 348 616 412 671

1825 337 1879 395 S.
1926 338 2010 395 ΒΑ
2020 337 2171 394 SlLll
2210 332 2429 392 MAGNI

3673 324 3792 382 672

545 488 3788 520 WW—

1715 647 2543 746 279MONITUM.

589 1010 706 1067 Jam
743 1011 978 1067 diximus
1007 1023 1113 1063 non
1147 1009 1340 1065 deesse
1370 1007 1460 1077 qui
1495 1009 1594 1064 bos
1627 1008 1849 1063 ultimos
1874 1005 2012 1060 duos
2042 1004 2209 1060 libros
2243 1011 2501 1060 revocent
2528 1001 2582 1056 in
2612 1003 2832 1060 dubium
2861 1021 2878 1061 :
2909 1006 3004 1061 sed
3032 1016 3337 1074 perpaucos
3385 1001 3652 1071 inveniri,
3688 1013 3765 1056 ne

519 1119 625 1174 que
654 1119 750 1159 eos
781 1118 931 1159 suam
976 1101 1286 1170 opinionem
1319 1099 1625 1155 rationibus
1658 1100 1790 1154 satis
1832 1096 2005 1152 ﬁrmis
2047 1094 2325 1162 stabilire;
2369 1097 2438 1151 ob
2493 1094 2654 1164 idque
2696 1094 2982 1151 adversam
3009 1093 3324 1164 opinionem
3353 1092 3431 1147 ita
3461 1097 3690 1161 vicisse,
3731 1101 3796 1148 ut

519 1214 638 1254 eam
685 1213 872 1253 omnes
912 1213 1021 1252 uno
1071 1211 1336 1254 consensu
1384 1195 1617 1264 amplexi
1675 1194 1804 1249 sint.
1838 1195 2047 1248 Rursus
2094 1206 2317 1249 monere
2352 1191 2528 1261 juvat,
2554 1191 2606 1244 id
2636 1200 3017 1260 argumentum
3052 1191 3105 1245 in
3132 1187 3459 1243 Praefatione
3491 1193 3594 1246 sub
3622 1192 3794 1247 ﬁnem

522 1289 796 1361 diligentia
831 1306 994 1361 quam
1023 1291 1174 1347 licuit
1201 1287 1433 1343 maxima
1469 1287 1708 1343 tractari.

994 1622 1343 1758 ΤΟΥ
1413 1616 1987 1754 ΑΥΤΟΥ
2060 1613 2280 1751 AN
2286 1621 3304 1757 ΤΙΡΡΗΤΙΚΟΣ

629 1855 739 1910 Kal
772 1857 922 1912 κατὰ
951 1859 1244 1928 Εὐνομίου
1278 1855 1516 1922 ἀπορίαι
1545 1854 1656 1921 (29l
1688 1853 1786 1908 καὶ
1812 1856 2024 1919 λύσεις
2051 1852 2118 1905 ἐκ
2152 1850 2270 1905 τῶν
2300 1855 2717 1910 θεοπνεύστων
2749 1854 3023 1926 Γωρῶν,
3048 1859 3135 1924 εις
3159 1858 3230 1914 τὰ
3253 1857 3688 1928 ἀντιλεγόμενα

1367 1950 1501 2020 περὶ
1539 1950 1645 2005 τοῦ
1684 1952 1821 2006 Υὶοῦ
1842 1952 1913 2005 ἐν
1936 1947 2010 2018 τῇ
2041 1947 2232 2018 Καινῇ
2260 1937 2358 2005 aedi
2395 1951 2627 2020 Παλαιᾷ
2655 1953 2934 2026 Διαθήκῃ,

1888 2117 2251 2204 ΛΟΓΟΣ
2328 2113 2394 2200 Δ
2419 2182 2437 2200 .

959 2458 1594 2576 EJUSDEM
1685 2458 2154 2573 SERMO
2235 2454 3443 2574 CONFUTATORIUS

613 2680 688 2738 Et
727 2685 937 2739 contra
983 2677 1372 2738 Eunomium
1409 2674 1816 2736 difﬁcultates
1853 2694 1925 2737 ac
1956 2677 2313 2738 solutiones
2352 2695 2427 2737 ex
2462 2676 2700 2738 divinis
2732 2676 3111 2755 Scripturis,
3151 2675 3314 2740 circa
3351 2697 3420 2741 ea
3452 2697 3600 2759 quas
3633 2697 3714 2743 ex

1075 2776 1347 2836 adverso
1383 2771 1798 2851 proferuntur
1835 2773 1913 2834 de
1951 2774 2141 2849 Filio,
2167 2775 2229 2835 in
2260 2776 2438 2837 Novo
2467 2795 2538 2840 ac
2568 2779 2785 2841 Veteri
2817 2781 3249 2852 Testamento,

1639 2958 2006 3049 LIBER
2077 2959 2668 3065 QUARTUS.

608 3292 661 3346 1.
699 3288 756 3343 Si
803 3288 976 3341 Filius
1011 3296 1202 3339 natura
1234 3284 1376 3340 Deus
1414 3293 1517 3345 est,
1553 3285 1694 3338 Deus
1738 3293 1918 3338 autem
1945 3296 2027 3340 est
2059 3294 2143 3352 et,

2288 3289 2337 3341 1.
2376 3290 2438 3342 Et
2469 3288 2626 3358 φύσει
2649 3288 2780 3351 Θεὸς
2805 3290 2833 3340 6
2862 3288 2987 3352 Υἱὸς
3014 3328 3028 3352 ,
3057 3289 3192 3352 Θεὸς
3218 3287 3275 3342 δὲ
3306 3288 3468 3358 φύσει
3494 3290 3590 3343 καὶ
3623 3292 3652 3344 6
3681 3291 3801 3346 Πα-

535 3381 696 3439 Pater
741 3389 980 3433 natura:
1015 3392 1120 3430 non
1172 3376 1332 3429 aliter
1383 3374 1554 3434 Filius
1613 3375 1750 3429 Deus
1810 3386 1910 3439 est,
1953 3375 2109 3430 aliter

2232 3381 2334 3451 ῖὴρ,
2367 3382 2465 3434 οὐκ
2509 3382 2682 3445 ἄλλως
2730 3381 2860 3445 Θεὸς
2914 3383 2943 3435 6
2985 3381 3145 3447 Υἱὸς,
3181 3383 3384 3455 ἑτέρως
3431 3383 3486 3436 δὲ
3519 3386 3547 3437 6
3580 3383 3800 3455 Πατὴρ.

535 3473 717 3537 Pater,
749 3471 842 3526 sed
889 3467 1180 3532 similiter;
1209 3471 1291 3520 sin
1327 3476 1506 3520 autem
1561 3466 1731 3521 Filius
1761 3483 1867 3521 non
1917 3479 2108 3522 natura

2232 3474 2325 3528 ιλλ’
2359 3475 2556 3547 ὁμοίως
2581 3492 2593 3505 °
2625 3477 2674 3529 et
2702 3475 2758 3528 δὲ
2792 3477 2851 3529 οὐ
2883 3476 3043 3546 φύσει
3074 3477 3206 3542 Θεὸς
3237 3481 3267 3531 6
3300 3478 3447 3541 Υἱὸς,
3483 3477 3558 3539 ὡς
3584 3478 3634 3528 οἱ
3663 3478 3800 3544 ψευ-

536 3565 681 3619 Deus
726 3572 831 3627 est,
869 3571 925 3614 ut
970 3559 1006 3614 ii
1048 3563 1138 3630 qui
1186 3558 1324 3614 falso
1371 3559 1442 3615 dii
1502 3559 1871 3629 appellantur,
1917 3561 2114 3616 dicitur

539 3654 705 3718 Deus,
743 3669 841 3706 nec
888 3663 969 3705 est
1013 3663 1212 3705 tamen.
1266 3649 1323 3704 Si
1361 3648 1527 3703 Filius
1559 3665 1700 3704 unus
1747 3650 2004 3704 Dominus
2033 3658 2116 3704 est

539 3757 755 3809 natura,
797 3745 840 3798 si
871 3745 1035 3797 Pater
1065 3757 1282 3810 qucque
1334 3751 1528 3794 natura
1577 3742 1837 3796 Dominus
1863 3753 1962 3806 est,
1988 3756 2114 3810 pro-

541 3838 684 3891 fecto
731 3851 837 3891 non
880 3834 983 3887 alia
1034 3842 1250 3885 natura.
1315 3832 1382 3884 Et
1427 3831 1472 3885 si
1524 3829 1681 3884 Pater
1740 3832 1937 3884 dicitur
1974 3847 2114 3885 unus

542 3930 710 3994 Deus,
743 3939 796 3984 et
839 3930 882 3983 si
927 3926 1096 3981 Filius
1125 3940 1342 3995 quoque
1397 3925 1558 3989 Deus,
1598 3938 1702 3976 non
1754 3922 1855 3976 alia
1897 3933 2111 3989 natura,

542 4025 636 4079 sed
666 4038 789 4076 una.
823 4022 876 4075 Si
908 4038 1046 4074 unus
1079 4020 1336 4073 Dominus
1368 4030 1579 4081 natura,
1626 4032 1935 4086 quanquam
1962 4016 2113 4070 multi

542 4115 638 4168 ﬁlii
676 4115 968 4183 adoptione
1016 4113 1380 4180 appellantur,
1417 4121 1473 4164 et
1522 4128 1662 4164 unus
1687 4109 1862 4164 Filius
1898 4120 2111 4172 natura,

542 4222 850 4278 quanquam
878 4205 1167 4274 adoptione
1204 4206 1582 4268 nominantur;
1624 4203 1822 4274 quippe
1861 4219 1982 4267 vox,
2021 4204 2118 4256 ad—

547 4302 776 4368 optione,
801 4301 865 4353 ad
885 4297 1236 4351 imitationem
1255 4295 1372 4364 ejus
1394 4295 1535 4362 quod
1556 4305 1745 4347 natura
1772 4307 1855 4349 est
1882 4296 2079 4349 dicitur
2101 4314 2113 4348 :

546 4390 681 4445 nihil
712 4391 853 4444 enim
904 4388 1193 4456 adoptione
1239 4386 1344 4439 dici
1391 4394 1585 4454 potest,
1618 4386 1720 4439 nisi
1764 4387 2033 4454 praecedat
2066 4389 2114 4438 id

545 4485 687 4554 quod
725 4492 914 4536 natura
947 4490 1048 4534 est.
1097 4479 1326 4533 Proinde
1359 4479 1404 4532 si
1449 4493 1546 4531 nos
1581 4479 1866 4548 adoptione
1908 4479 2001 4532 lilii
2027 4497 2115 4532 su-

547 4589 667 4628 iuus
713 4573 827 4638 Dei,
886 4587 1107 4627 necesse
1152 4581 1234 4626 est
1297 4583 1488 4625 natura
1539 4572 1730 4627 Filium
1775 4573 2112 4628 antecedere.

2214 3569 2319 3631 δῶς
2351 3568 2633 3640 λεγόμενοι
2668 3569 2799 3635 Geel,
2830 3570 3045 3640 λέγεται
3077 3571 3207 3641 (50),
3245 3571 3337 3623 καὶ
3365 3571 3464 3621 οὐκ
3491 3569 3607 3620 ἐστι
3639 3567 3796 3630 Θεός.

2216 3662 2278 3714 Et
2313 3655 2394 3725 εἷς
2432 3662 2635 3734 Κύριος
2683 3664 2711 3715 ὁ
2745 3663 2871 3727 Υἱὸς
2905 3663 3084 3732 φύσει,
3112 3662 3314 3731 Κύριος
3337 3660 3393 3711 δὲ
3426 3660 3518 3711 καὶ
3545 3661 3574 3711 ὁ
3603 3659 3804 3730 Πατὴρ

2218 3756 2409 3823 φύσει,
2437 3756 2680 3826 δηλονότι
2718 3757 2815 3827 οὐχ
2842 3757 3002 3826 ἑτέρᾳ
3029 3755 3185 3821 φύσει
3226 3752 3359 3822 (51).
3388 3751 3506 3806 Κᾶν
3541 3747 3621 3815 εἷς
3642 3749 3738 3806 οὖν
3774 3754 3804 3805 ὁ

2215 3845 2347 3910 Θεὸς
2391 3846 2420 3897 6
2473 3847 2662 3917 Πατὴρ
2715 3845 2952 3914 λέγεται,
3014 3842 3146 3906 Θεὸς
3199 3842 3256 3897 δὲ
3312 3842 3403 3895 καὶ
3434 3843 3462 3893 ὁ
3505 3840 3671 3906 Υἱὸς,
3698 3838 3803 3894 οὐκ

2214 3939 2348 4010 ἄλλῃ
2375 3938 2554 4006 φύσει,
2581 3937 2717 3990 ἀλλὰ
2756 3939 2874 4007 μιᾷ.
2924 3937 2986 3989 Εἰ
3016 3931 3096 3998 εἷς
3130 3933 3333 4008 Κύριος
3364 3934 3544 4000 φύσει,
3583 3933 3804 3986 πολλῶν

2216 4029 2362 4082 θέσει
2410 4027 2781 4098 καλουμένων,
2817 4027 2911 4079 καὶ
2945 4021 3023 4090 εἷς
3065 4025 3189 4088 Υἱὸς
3222 4024 3400 4094 φύσει,
3440 4022 3654 4076 πολλῶν
3685 4024 3805 4075 ὀνο-

2220 4121 2539 4192 μαζομένων
2567 4118 2699 4172 υἱῶν
2724 4117 2871 4171 Θέσει
2900 4117 3037 4190 (δε),
3073 4117 3154 4182 τὸ,
3182 4116 3368 4183 θέσει,
3392 4115 3532 4169 κατὰ
3562 4116 3803 4186 μίμησιν

2216 4212 2309 4265 τοῦ
2338 4211 2497 4281 φύσει
2533 4210 2781 4278 λέγεται·
2817 4207 2962 4261 Θέσει
2995 4207 3104 4279 γὰρ
3156 4207 3306 4260 οὐδὲν
3341 4206 3406 4260 ἂν
3437 4206 3682 4276 λεχθείη,
3725 4223 3803 4276 μη

2220 4297 2627 4370 προηγουμένου
2680 4296 2770 4349 τοῦ
2816 4296 2994 4366 φύσει.
3043 4297 3105 4348 Εἰ
3154 4292 3245 4349 οὖν
3295 4297 3454 4366 ἡμεῖς
3496 4296 3602 4348 υἱοὶ
3650 4295 3802 4348 θέσει

2218 4392 2352 4443 Θεοῦ
2384 4393 2514 4460 (55),
2548 4390 2758 4458 ἀνάγκη
2781 4389 2871 4440 τὸν
2895 4388 3051 4455 φύσει
3081 4387 3209 4439 Υἰὸν
3237 4387 3630 4457 προϋπάρχειν.
3660 4384 3804 4439 Εἶτα

2219 4480 2433 4550 ἀληθῶς
2485 4481 2720 4549 ὀνόματα
2771 4480 2870 4547 τῆς
2928 4479 3114 4540 οὐσίας
3183 4472 3257 4530 ὧν
3331 4480 3477 4530 ἐστιν
3535 4479 3799 4548 ὀνόματα,

2217 4549 2591 4644 γνωρίσματα.
2628 4569 2833 4640 Κύριος
2869 4569 2924 4621 δὲ
2958 4570 3053 4622 καὶ
3077 4569 3208 4633 Θεὸς
3242 4569 3456 4640 ἀληθῶς
3495 4571 3593 4622 καὶ
3624 4573 3654 4624 6
3683 4573 3801 4626 Παο

554 4776 580 4797 Ὗ
619 4710 728 4794 (29)
752 4709 931 4797 ιξιὶὶιὶο
958 4709 1131 4763 Puris.
1169 4709 1526 4792 ᾁντιῤῥητικὰ
1568 4712 1694 4797 καῖ’.
1732 4709 2020 4797 Εὑνονμίορ,
2057 4712 2114 4762 ὲν

2232 4709 2334 4797 {em
2359 4725 2462 4797 non
2496 4709 2843 4797 condemnant
2865 4713 3002 4779 quod
3028 4708 3297 4797 quidpiam
3316 4711 3800 4797 εοιιιὶηςριαρεοηὶ.

547 4776 590 4850 ᾧ
624 4776 871 4853 ἄπορίαι,
914 4793 1044 4853 etc_.,
1070 4792 1129 4853 ut
1176 4783 1226 4833 iu
1279 4776 1531 4853 emiteng
1560 4782 1697 4853 :gubi
1745 4797 1839 4849 pro
1865 4776 1922 4832 ἐν
1950 4776 2016 4848 ᾧ,
2058 4792 2116 4834 ιιι

547 4846 965 4912 omnes-vident,
993 4851 1094 4919 legi
1125 4861 1335 4919 oportet
1360 4852 1416 4903 ὲν
1457 4846 1557 4913 οἷς.
1595 4846 1983 4918 Rem—quartus
2015 4853 2107 4904 τοῦ

549 4921 712 5002 αὐτῷ
743 4921 876 5002 πρὸς
898 4921 1159 5002 Εὐνόμιον
1184 4920 1310 4992 περὶ
1322 4921 1432 5002 ’ξοῦ
1470 4923 1623 4988 ἁγίου
1658 4921 1994 5002 Πνευματος,
2025 4923 2114 4975 λό-

548 5010 646 5064 γος
666 4992 727 5064 δξ.
750 4991 998 5060 Ejusdem
1035 4991 1286 5044 adversus
1312 4991 1638 5044 Eunomium
1665 4995 1726 5045 de
1756 4991 1954 5058 Spiritu
1990 5009 2115 5046 san-

551 5062 654 5124 rto,
688 5062 820 5115 liber
860 5073 1099 5131 quartus.
1134 5065 1454 5130 Quanquam
1481 5073 1660 5116 autent
1703 5064 1932 5115 aliorum
1961 5065 2117 5117 cudi-

551 5150 674 5188 cum
711 5135 848 5186 alius
875 5144 957 5186 est
981 5133 1183 5191 titulus,
1212 5143 1400 5203 tamen
1431 5134 1575 5203 iu_eo
1597 5136 1946 5195 conveniunt,
1972 5136 2114 5203 quod

553 5208 608 5257 in
647 5203 902 5257 omnibus
937 5203 1024 5257 bit-
1051 5203 1185 5255 liber
1211 5201 1410 5255 Basilio
1458 5201 1654 5271 Magno
1688 5205 1967 5259 tribuitur.
1990 5201 2112 5258 ἰιιιο

557 5277 610 5328 ιιι
637 5277 753 5342 ipso
780 5287 993 5341 quoque
1027 5271 1155 5342 Reg.
1182 5275 1371 5340 quinto
1396 5275 1496 5326 hoc
1525 5287 1660 5341 Opus
1699 5273 1899 5327 Basilio
1929 5285 2114 5328 nostro

557 5343 752 5396 ascribi
806 5353 1019 5396 constat
1052 5358 1064 5394 ε
1103 5345 1194 5396 sed
1244 5352 1312 5394 ita
1367 5353 1566 5406 tamen,
1629 5353 1689 5394 ut
1737 5346 1891 5395 initio
1935 5347 2113 5410 Operis

557 5414 800 5483 legantur
825 5413 919 5484 illa
958 5431 970 5466 :
1008 5414 1117 5484 καὶ
1143 5414 1270 5483 περὶ
1314 5413 1501 5465 τούτου
1534 5412 1812 5484 τοῦλόγου
1863 5414 2115 5484 διάφορος

561 5482 712 5551 παρὰ
755 5482 963 5546 πολλοῖς
1006 5482 1130 5547 δόξα
1158 5482 1367 5553 κρατεῖ,
1404 5485 1510 5537 τῶν
1537 5485 1631 5553 μὲν
1661 5483 1925 5550 λεγόντων
1957 5482 2115 5536 αὑεὸν

556 5554 652 5606 τοῦ
684 5554 838 5620 ἁγίου
886 5554 1185 5616 Βασιλείου,
1225 5554 1333 5605 τῶν
1377 5554 1432 5606 δὲ
1487 5553 1870 5620 ἀντιλεγόντων
1909 5555 2027 5624 μὲν,
2056 5556 2113 5606 οὺ

558 5624 1001 5693 κατηγορούντων
1029 5625 1086 5677 δὲ
1109 5625 1182 5686 ὣς
1218 5641 1268 5676 τι
1314 5625 1652 5694 ἁπεμφαῖνον
1683 5624 1914 5695 ἔχοντος.
1953 5626 2017 5677 Et
2059 5629 2121 5677 de

560 5699 656 5746 hoc
685 5699 816 5747 libro
847 5698 994 5747 multi
1017 5701 1158 5748 uarie
1186 5705 1442 5756 sentiunt,
1485 5697 1604 5747 aliis
1663 5699 1954 5748 dicentibus
2001 5713 2116 5748 eum

559 5781 667 5818 (at?
691 5768 865 5818 sancti
899 5763 1107 5831 Basilii,
1136 5765 1253 5819 aliis
1284 5766 1622 5833 negantibus;
1656 5769 1744 5820 sed
1769 5775 1940 5819 tamen
1970 5781 2117 5819 eum-

2218 4781 2581 4852 Combetisius
2618 4791 2802 4834 monet
2833 4783 2975 4835 hunc
3026 4779 3224 4852 librum
3272 4783 3322 4834 in
3368 4797 3473 4834 uno
3498 4781 3671 4852 Regio
3705 4799 3802 4836 co-

2223 4851 2344 4905 dice
2395 4860 2612 4904 exstare
2659 4865 2673 4901 :
2713 4865 2814 4919 ego
2869 4861 3046 4906 tamen
3094 4851 3184 4919 qui
3247 4851 3633 4906 biblimhecam
3697 4852 3802 4906 Re-

2221 4923 2363 4990 giam
2389 4921 2677 5002 diligenter
2699 4917 3041 4989 perlustravi,
3070 4917 3336 4987 ejusmodi
3367 4923 3569 4976 librum
3611 4923 3802 4978 videre

2222 5007 2326 5046 ιιοη
2363 5007 2605 5044 memtnt.

2293 5059 2738 5135 (50)_Delevimus
2771 5075 2955 5135 vocem
2990 5062 3105 5129 οὖν,
3139 5072 3260 5135 post
3301 5061 3542 5132 λέγεται,
3581 5080 3707 5135 quae
3746 5067 3799 5117 in

2225 5132 2417 5200 majori
2455 5142 2609 5196 parte
2636 5143 2880 5186 veterum
2908 5134 3169 5190 librorum
3196 5134 3369 5188 deest.

2294 5199 2406 5274 (5|)
2435 5199 2820 5275 Regaquartus
2851 5201 3091 5275 ὸηλονὸτι
3121 5205 3219 5274 οὑχ
3271 5204 3432 5275 ἑτέρα
3458 5205 3642 5274 φύσις.
3677 5205 3798 5258 Mox

2223 5272 2359 5326 idem
2388 5273 2558 5326 codex
2578 5272 2825 5342 λέγηται,
2861 5272 2992 5338 Θεὸς
3016 5276 3071 5328 δὲ
3102 5272 3278 5329 x116.
3307 5272 3505 5329 vocula
3525 5277 3583 5329 δέ
3609 5279 3659 5329 iu
3686 5277 3801 5330 eili-

2225 5346 2289 5395 tis
2315 5342 2743 5416 desiderabatur.
2797 5344 3004 5400 Rursus
3045 5349 3186 5400 idem
3223 5346 3359 5400 liber
3391 5347 3493 5398 οὐκ
3531 5347 3664 5416 ἄλλη
3700 5346 3801 5414 φύ-

2224 5429 2326 5475 σις,
2351 5411 2486 5464 ἀλλὰ
2514 5413 2628 5481 μία.

2295 5483 2404 5552 (52)
2429 5482 2571 5556 Editi
2607 5483 2931 5556 ctrnonunlli
2969 5501 3098 5539 mss.
3140 5485 3294 5548 υἱῶν,
3330 5486 3392 5538 τὸ
3445 5485 3612 5539 Θέσει.
3662 5492 3798 5556 ﬂeg.

2223 5565 2450 5620 quartus
2485 5555 2614 5608 υἱῶν
2658 5555 2825 5615 θέσει,
2876 5557 2958 5619 τὸ,
2993 5556 3159 5619 θέσει,
3195 5557 3407 5625 planius
3440 5573 3501 5609 ac
3536 5555 3799 5623 plenius:

2229 5640 2385 5696 quam
2421 5627 2745 5692 scripturum
2778 5628 2997 5692 praefert
3043 5644 3256 5696 quoque
3285 5627 3412 5694 Reg.
3464 5638 3674 5691 sextus,
3706 5628 3801 5683 sed

2228 5695 2396 5748 solum
2424 5711 2584 5746 manu
2621 5697 2880 5750 secunda.

2297 5766 2411 5836 (53)
2459 5763 2678 5836 Legitur
2714 5768 2768 5821 in
2817 5767 3217 5838 antiquioribus
3263 5782 3393 5823 mss.
3427 5767 3562 5820 Θεοῦ
3602 5767 3803 5831 Θέσεις
