4008 6476
238 398 343 452 675

1331 394 1697 452 ADVERSUS
1738 392 2101 451 EUNOMIUM
2146 398 2272 457 LIB.
2317 398 2412 454 IV.

3383 400 3488 457 676

234 517 341 587 τηρ
370 528 461 571 x11
494 521 521 571 6
566 518 707 579 Υίὸς.
758 516 820 566 'li
860 514 996 583 αὐτὴ
1056 512 1159 585 ἄρα
1192 514 1366 579 οὐσία,
1417 518 1604 586 ὥσπερ
1634 520 1726 571 καὶ
1750 517 1799 570 τέ

1924 516 2209 580 Praeterea,
2252 534 2372 589 quae
2408 530 2531 571 vere
2570 524 2693 570 sunt
2742 518 2980 585 nomina,
3019 517 3216 573 indicia
3250 530 3374 573 sunt
3404 534 3488 572 es-

236 610 376 662 αύτά
405 612 659 678 ὀνόματα.
698 606 761 656 Εἰ
810 607 882 673 μὴ
932 605 1042 676 (54)
1072 608 1378 676 γεννήσεως
1412 607 1471 658 τὸ
1506 610 1807 676 μονογενὲς,

234 701 372 754 ἀλλὰ
420 699 508 752 διὰ
548 698 607 747 τὸ
636 693 986 763 ἀσύγκριτον,
1045 696 1339 766 μονογενὴς
1370 696 1464 747 καὶ
1511 699 1539 747 6
1590 700 1810 769 Πατήρ.

234 791 565 859 ἀσύγκριτος
623 782 752 853 γάρ.
808 784 916 836 Καὶ
969 788 1076 838 πᾶν
1132 784 1188 835 δὲ
1245 783 1451 851 κτίσμα
1517 784 1589 856 μὴ
1629 788 1813 856 ὅμοιον

234 884 380 950 ἄλλῳ
417 875 701 947 μονογενὲς
724 893 735 905 ·
766 876 949 929 πολλοὶ
987 877 1094 946 ἄρα
1128 880 1456 943 μονογενεϊς,
1493 880 1585 930 καὶ
1613 880 1708 949 οὐχ
1734 874 1814 940 εἷς

234 977 261 1026 6
298 971 427 1031 Υἱὸς
466 967 556 1020 τοῦ
586 967 740 1024 Θεοῦ.
772 970 836 1023 Εί
868 970 923 1022 δὲ
956 968 1066 1037 (55)
1090 969 1118 1018 6
1147 966 1272 1030 Υἱὸς
1310 968 1404 1038 οὐχ
1438 969 1622 1032 ἁπλῶς
1660 987 1815 1039 μονο-

234 1062 416 1130 γενὴς,
458 1060 589 1115 ἀλλά
624 1062 748 1126 Υἱὸς
782 1058 1073 1132 μονογενὴς
1099 1099 1111 1121 ,
1147 1059 1241 1111 καὶ
1283 1062 1433 1131 παρά
1477 1062 1686 1132 Πατρὸς
1721 1078 1815 1130 μο-

233 1154 453 1223 νογενὴς
512 1155 644 1225 (56),
685 1157 713 1206 6
760 1153 886 1212 Υἱὸς
927 1150 1019 1201 καὶ
1058 1156 1350 1224 μονογενής
1406 1156 1556 1215 ἐστι,
1610 1153 1703 1205 καὶ
1753 1152 1813 1203 ού

233 1246 440 1316 κτίσμα
470 1244 773 1317 μονογενές.
812 1244 874 1293 Ei
908 1243 1047 1295 κατά
1090 1244 1375 1314 μετάδοσιν
1398 1244 1490 1296 καὶ
1534 1242 1815 1314 συγχώρη-

235 1356 321 1390 σιν
353 1342 444 1394 τοῦ
500 1339 730 1408 Πατρὸς,
770 1336 861 1389 καὶ
916 1338 976 1390 οὐ
1012 1340 1151 1392 κατά
1200 1339 1359 1408 φύσιν
1408 1338 1734 1410 δημιουργὸς
1787 1342 1815 1393 6

235 1433 364 1496 Υἱὸς
385 1476 398 1497 ,
432 1433 579 1487 οὐδὲν
608 1429 673 1482 ἂν
705 1429 788 1500 εἴη
816 1430 923 1484 τῶν
972 1432 1062 1484 ὑπ’
1109 1432 1272 1484 αὑτοῦ
1306 1432 1812 1502 δημιουργηθέντων

234 1528 375 1579 κατὰ
410 1525 586 1594 φύσιν.
623 1516 722 1573 Ὧν
758 1522 863 1593 γάρ
909 1525 936 1576 6
979 1522 1307 1593 δημιουργὸς
1340 1525 1398 1576 οὑ
1446 1524 1587 1577 κατά
1628 1524 1808 1594 φύσιν,

232 1618 353 1681 πῶς
375 1619 440 1671 τὰ
473 1618 536 1685 δη
547 1615 941 1685 μιονργηθέντα
968 1616 1106 1667 κατά
1130 1616 1324 1683 φύσιν;
1352 1618 1412 1669 Εἰ
1445 1618 1657 1687 ἐνεργεῖ
1679 1618 1810 1679 Θεὸς

229 1709 306 1771 ὡς
333 1711 502 1771 οὐδεὶς
523 1707 727 1777 ἕτερος,
766 1707 858 1759 καὶ
896 1706 1099 1777 γεννῶν
1142 1707 1217 1772 ὡς
1256 1710 1353 1778 ούχ
1387 1708 1570 1780 ἕτερος
1616 1710 1808 1780 γεννή-

233 1816 354 1851 σει·
385 1800 713 1869 ἀσύγκριτος
746 1797 853 1868 γὰρ
884 1799 1020 1870 πρὸς
1058 1800 1229 1852 πάντα
1265 1800 1403 1852 κατά
1432 1801 1604 1852 πάντα
1641 1802 1749 1869 (57)
1779 1802 1807 1853 6

1918 610 2107 663 sentiae
2144 626 2330 664 eorum
2381 624 2607 679 quorum
2658 619 2783 663 sunt
2831 614 3068 665 nomina.
3111 611 3367 666 Dominus
3392 626 3488 665 au-

1918 706 2022 752 tem
2053 708 2107 751 et
2137 698 2276 753 Deus
2302 715 2427 755 vere
2468 708 2576 751 tum
2614 697 2773 754 Pater
2802 708 2912 752 tum
2937 700 3125 757 Filius.
3167 701 3369 755 Eadem
3399 718 3488 755 cr-

1916 804 1982 858 go
2015 800 2102 845 est
2134 791 2374 844 essentia
2403 792 2546 845 sicut
2575 799 2628 841 et
2656 792 2840 845 eadem
2868 792 3081 846 nomina
3109 803 3253 848 sunt.
3281 792 3338 849 Si
3370 795 3489 847 uni-

1917 883 2155 950 genitqu
2190 883 2552 949 generationis
2586 896 2691 936 non
2744 894 2843 950 est,
2881 882 2975 939 sed
3021 895 3307 952 propterea
3339 888 3486 955 quod

1918 986 2001 1030 est
2028 976 2476 1043 incomparabile,
2529 976 2838 1045 unigenitus
2866 978 3030 1032 etiam
3072 986 3155 1031 est
3183 976 3381 1035 Pater:
3411 981 3487 1034 si-

1916 1069 2130 1138 quidem
2171 1076 2254 1122 est
2303 1067 2758 1136 incomparabilis.
2804 1068 2907 1121 Sed
2964 1079 3019 1125 et
3050 1068 3306 1139 quaelibet
3334 1086 3487 1124 crea-

1919 1171 2033 1214 tura
2073 1159 2229 1214 alteri
2283 1158 2421 1211 haud
2465 1160 2674 1221 similis,
2710 1158 2980 1226 unigenita
3016 1170 3097 1214 est
3130 1179 3141 1214 :
3179 1160 3329 1214 multi
3358 1175 3488 1231 ergo

1916 1251 2199 1322 unigeniti,
2225 1258 2279 1305 et
2305 1264 2408 1303 non
2447 1264 2581 1304 unus
2630 1246 2799 1304 Filius
2854 1248 2967 1303 Dei.
3018 1249 3169 1314 Quod
3216 1252 3261 1306 si
3316 1250 3487 1305 Filius

1916 1357 2021 1395 non
2054 1343 2375 1412 simpliciter
2423 1340 2750 1411 unigenitus,
2811 1341 2905 1395 sed
2941 1340 3109 1394 Filius
3156 1343 3482 1409 unigenitus.

1915 1440 1968 1483 et
1998 1445 2026 1482 a
2062 1428 2225 1486 Patre
2278 1429 2610 1502 unigenitus,
2668 1430 2833 1486 Filius
2877 1431 3183 1500 unigenitus
3215 1441 3318 1495 est,
3379 1449 3483 1487 non

1919 1522 2195 1589 unigenita
2233 1536 2498 1577 creatura.
2535 1520 2629 1574 Sin
2671 1529 2961 1576 scentulum
2998 1521 3167 1592 280
3196 1523 3485 1592 participa-

1918 1612 2117 1664 tionem
2164 1625 2226 1662 ac
2262 1613 2667 1666 concessionem
2711 1607 2890 1663 Patris
2933 1621 3147 1666 creator
3179 1620 3262 1666 est
3291 1612 3482 1677 Filius,

1914 1717 2018 1755 non
2056 1710 2288 1754 natura:
2328 1701 2457 1753 nihil
2500 1716 2684 1755 eorum
2727 1717 2847 1772 qua:
2880 1701 2947 1755 ab
2986 1704 3096 1770 ipso
3125 1714 3306 1759 creata
3338 1719 3482 1770 sunt,

1912 1795 2208 1849 secundum
2253 1802 2502 1847 naturam
2531 1804 2632 1848 est.
2660 1796 2896 1859 Quorum
2929 1796 3071 1849 enim
3101 1799 3348 1852 conditor
3378 1813 3483 1850 non

230 1892 385 1953 Θεός.
412 1892 483 1943 T6
518 1888 838 1960 ποιούμενον
868 1893 967 1944 οὐκ
1017 1894 1079 1944 ὲκ
1110 1892 1207 1961 τῆς
1238 1892 1423 1952 οὐσίας
1464 1890 1555 1941 τοῦ
1595 1894 1799 1945 ποιοῦν-

1909 1886 2205 1941 secundum
2261 1894 2512 1940 naturam
2573 1894 2674 1949 εει,
2722 1885 2835 1939 haec
2884 1885 3150 1955 quomodo
3192 1890 3483 1942 secundum

229 1997 343 2042 τος,
379 1980 436 2031 τὸ
470 1981 523 2030 δὲ
556 1978 889 2049 γεννώμενον
924 1982 987 2033 ὲκ
1014 1982 1113 2052 τῆς
1135 1980 1307 2048 αὐτῆς
1347 1979 1530 2042 ούσίας
1562 1979 1655 2031 τοῦ
1683 1998 1808 2047 γεν-

228 2071 435 2133 νῶντος
455 2086 467 2100 ·
503 2070 564 2122 οὐ
595 2070 791 2123 ταύτὸν
828 2070 935 2141 ἄρα
983 2072 1044 2125 τὸ
1072 2074 1245 2123 ποιεῖν
1289 2079 1380 2121 και
1414 2070 1473 2123 τὸ
1504 2073 1715 2142 γεννᾷν.
1748 2074 1809 2124 Εἰ

230 2165 298 2213 ἐκ
329 2161 422 2214 τοῦ
455 2161 589 2215 Θεοῦ
621 2165 649 2216 6
677 2162 825 2229 Υίὸς,
860 2165 956 2233 ούχ
1010 2164 1085 2227 ὡς
1120 2165 1183 2215 ὲκ
1222 2162 1432 2231 Πατρὸς
1463 2164 1537 2227 δὲ,
1572 2164 1685 2217 ἀλλ’
1736 2165 1811 2228 ὡς

230 2252 292 2316 ἐξ
316 2254 524 2324 ἑτέρον,
553 2254 721 2316 αἴτιος
751 2254 805 2306 δὲ
828 2253 920 2306 τοῦ
964 2249 1101 2305 εἶναι
1136 2253 1229 2305 καὶ
1281 2254 1413 2323 ἡμῖν
1445 2257 1471 2307 6
1500 2254 1631 2318 Θεός
1660 2255 1771 2325 (58)
1793 2271 1807 2286 ·

231 2345 292 2409 ἐξ
324 2345 488 2397 αύτοῦ
530 2345 637 2414 γὰρ
665 2345 734 2396 τά
769 2345 977 2396 πάντα·
1026 2344 1123 2413 οὐχ
1158 2344 1355 2415 ἑτέρως
1401 2347 1507 2417 ἄρα
1553 2346 1645 2398 τοῦ
1680 2346 1807 2399 Υἱοῦ

233 2436 444 2505 Πατὴρ,
475 2434 675 2504 ἑτέρως
708 2434 765 2485 δὲ
806 2434 981 2503 ἡμῶν,
1008 2433 1124 2486 ἀλλ’
1166 2436 1385 2506 ὁμοίως.
1423 2438 1531 2491 Καὶ
1566 2436 1681 2499 πῶς
1710 2438 1808 2490 οὐκ

227 2530 465 2590 ἁτοπονς
503 2527 564 2579 Ei
618 2526 784 2598 μηδὲν
835 2526 1017 2596 ὅμοιον
1064 2527 1157 2581 καὶ
1212 2530 1326 2582 ἴσον
1369 2529 1484 2598 Θεῷ
1530 2530 1640 2597 (59)
1673 2528 1809 2598 πλὴν

229 2618 384 2680 Υἰοῦ,
418 2619 567 2671 οὐδὲν
608 2618 1043 2689 ἀπαραλλάκτως
1076 2619 1181 2672 τῶν
1217 2621 1630 2690 ύποδειγματων
1663 2620 1809 2691 εἰρή-

228 2728 417 2763 σεται·
462 2712 597 2781 ὑπὲρ
650 2712 757 2764 πᾶν
785 2710 893 2780 γὰρ
928 2714 955 2764 6
980 2711 1129 2773 Θεός.
1170 2712 1241 2763 T6
1268 2714 1324 2762 ὲν
1368 2715 1545 2781 μορφῇ
1588 2711 1722 2763 Θεοῦ
1753 2714 1809 2764 ἐν

224 2804 386 2874 οὐσίᾳ
426 2806 539 2855 ἐστὶ
588 2802 743 2856 Θεοῦ.
779 2804 851 2853 06
896 2802 1001 2871 γὰρ
1035 2803 1160 2855 ἄλλο
1196 2802 1411 2871 μορφὴ,
1449 2804 1541 2855 καὶ
1568 2802 1695 2855 ἄλλο
1720 2806 1809 2856 ού-

227 2893 320 2946 σία
365 2895 533 2956 Θεοῦ,
572 2895 659 2947 ἵνα
709 2894 784 2963 μὴ
833 2893 1102 2955 σύνθετος.
1170 2893 1227 2944 '0
1268 2894 1405 2947 κατὰ
1460 2897 1668 2967 μορῳὴν
1715 2893 1807 2951 οὖν

228 2987 364 3049 ἴσος,
397 2985 491 3038 καὶ
514 2986 632 3037 κατ’
672 2984 858 3036 ούσίαν
891 2985 1039 3037 ἐστιν
1066 2984 1195 3049 ἴσος.
1226 2986 1287 3038 Ei
1317 2989 1343 3039 6
1363 2987 1639 3058 γεννηθεις
1664 2990 1809 3043 ἐλάτ-

224 3098 336 3131 των
377 3076 470 3131 τοῦ
494 3080 872 3148 γεννήσαντος,
904 3079 1001 3131 οὐκ
1029 3078 1278 3151 ἔγκλημα
1308 3080 1463 3133 τοῦτο
1493 3081 1587 3132 τού
1617 3100 1806 3151 γεννη-

224 3173 436 3236 Θέντος,
492 3171 743 3226 ἀσθένεια
770 3171 826 3223 δὲ
860 3170 952 3223 τοῦ
1003 3173 1361 3242 γεννήσαντος
1415 3174 1545 3243 (40).
1589 3176 1657 3224 Ἢ
1700 3174 1806 3241 γὰρ

224 3266 501 3336 φθονήσας
522 3267 621 3319 οὐκ
650 3266 902 3335 ἐποίησεν
939 3266 1071 3327 ἴσον,
1103 3265 1135 3333 ἢ
1168 3265 1241 3333 μὴ
1264 3264 1508 3331 δυνηθεὶς
1534 3267 1632 3317 οὐκ
1661 3268 1803 3334 ἐγεν-

222 3376 387 3429 νησεν
437 3358 635 3427 ὅμοιον.
668 3358 731 3408 Ei
762 3356 788 3406 6
822 3356 1007 3426 Πατὴρ
1042 3357 1147 3425 πρὸ
1186 3356 1277 3409 τοῦ
1314 3358 1439 3410 Υίοῦ
1489 3354 1576 3429 ἦν,
1612 3362 1797 3430 ἐτέρου

220 3450 370 3511 τινὸς
418 3449 631 3510 πάντως
662 3447 844 3519 πατὴρ
866 3443 931 3519 ἦν
953 3464 965 3476 ·
1006 3447 1171 3518 χωρὶς
1214 3447 1321 3518 γὰρ
1352 3450 1468 3503 υίου
1497 3451 1674 3522 πατὴρ
1699 3453 1798 3505 οὐκ

222 3540 291 3594 ἂν
313 3539 551 3609 λεχθείη.
586 3540 646 3591 Εἰ
679 3542 706 3592 6
728 3541 816 3592 τὸν
843 3540 967 3592 Υίὸν
987 3540 1147 3607 γνοὺς
1178 3541 1299 3591 κατ’
1328 3541 1517 3593 οὐσίαν
1539 3541 1678 3608 ἔγνω
1705 3541 1798 3594 καὶ

219 3631 314 3683 τὸν
344 3630 563 3699 Πατέρα
588 3629 678 3697 (El
703 3632 811 3697 γὰρ
841 3628 944 3696 ἐμὲ
978 3628 1190 3695 ᾔδειτε,
1226 3628 1388 3697 φησὶ,
1418 3627 1514 3679 καὶ
1543 3626 1649 3679 τὸν
1679 3630 1796 3679 Πα-

220 3723 361 3791 τέρα
373 3740 491 3792 μου
514 3721 706 3790 ᾔδειτε
730 3719 828 3787 ἂν)
854 3732 868 3747 ’
906 3719 1192 3789 ὁμοούσιος
1221 3720 1327 3788 ἄρα
1351 3717 1477 3781 Υἱὸς
1505 3718 1579 3787 τῷ
1601 3717 1774 3788 Πατρί

221 3817 385 3868 Οὐδὲν
419 3816 525 3886 γάρ
553 3813 839 3883 ἀσώματον
872 3810 928 3875 ἐξ
955 3811 1202 3881 ἀνομοίου
1226 3812 1413 3872 οὐσίας
1436 3808 1797 3879 γνωρίζεσθαι

220 3906 463 3960 δύναται.
490 3908 551 3958 Ei
577 3904 636 3958 τὸ
661 3904 932 3957 πιστεύειν
963 3902 1051 3954 τὸν
1078 3900 1307 3973 Χριστὸν
1337 3900 1465 3953 Υίὸν
1494 3896 1631 3953 εἶναι
1660 3900 1795 3952 Θεοῦ

219 4181 341 4235 quae
357 4168 584 4217 variatto
612 4164 807 4233 duplici
837 4163 1265 4235 interpretatioiti
1295 4164 1467 4217 locum
1500 4162 1611 4215 dat.
1637 4161 1788 4235 Licet

219 4232 368 4292 énitn
400 4236 469 4288 ita
512 4232 878 4301 interpretari,
909 4232 1038 4285 Filii
1079 4233 1174 4285 Dei
1207 4250 1388 4285 sumus
1427 4247 1517 4298 per
1542 4233 1788 4301 adeptio-

220 4321 375 4366 nem;
402 4315 493 4357 aut
521 4306 621 4357 hoc
646 4300 822 4362 modo,
861 4302 985 4354 Filii
1022 4319 1199 4354 sumus
1228 4304 1503 4367 adoptione
1528 4300 1644 4353 Dei.
1682 4300 1791 4355 lloc

218 4380 339 4444 ipso
365 4378 415 4428 in
449 4376 562 4427 loco
588 4374 714 4427 editi
743 4374 955 4442 ἀνάγκη
985 4373 1073 4424 τὸν
1108 4372 1264 4440 φύσει
1298 4372 1687 4444 προϋπάρχειν.
1710 4370 1790 4444 Τά

217 4441 501 4517 ἀληθῶς...
536 4444 888 4515 γνωρίσματα
940 4441 1075 4497 ἐστι.
1121 4446 1254 4513 Reg.
1310 4441 1576 4517 secundus
1626 4443 1676 4493 εί
1720 4441 1789 4495 τὰ

218 4514 436 4587 ἀληθῶς
460 4514 716 4585 ὀνόματα.
749 4518 885 4587 Reg.
914 4524 1140 4587 q_uartus
1170 4517 1262 4587 ita,
1292 4521 1347 4565 ut
1386 4514 1651 4587 edendum
1696 4526 1789 4587 cu-

221 4575 483 4641 ravimus.
511 4575 630 4639 Μόι
652 4588 779 4641 editi
806 4575 900 4638 ἰαὶ
926 4575 1135 4655 Πατήρ.
1171 4586 1242 4638 At
1275 4592 1405 4637 mss.
1449 4575 1652 4652 aliquot
1694 4583 1786 4635 καὶ

218 4661 247 4712 ὁ
275 4658 486 4712 Πατήρ.

290 4672 588 4798 (ἕῦηῇίιιι),
616 4726 677 4775 Εἰ
710 4727 804 4794 μή,
834 4736 963 4787 etc.,
995 4726 1073 4778 sic
1108 4723 1417 4798 adgverbum
1462 4722 1784 4798 interpretii:

221 4791 366 4863 mur,
396 4800 439 4849 si
464 4791 787 4864 unigenitum
821 4811 931 4847 non
959 4794 1305 4863 generationis
1333 4801 1432 4864 est.
1465 4791 1575 4845 Hoc
1593 4805 1706 4864 est,
1738 4795 1782 4864 si

218 4840 617 4935 iihigéﬁnﬁm’a
658 4840 1006 4933 generationae
1032 4879 1137 4917 non
1168 4861 1551 4932 proﬁciscitur,
1591 4840 1706 4913 init;
1738 4863 1781 4913 si

220 4939 423 4989 idcirco
474 4936 543 4989 ita
602 4936 990 4989 dicitur.uu0d
1043 4933 1347 4989 comparari
1414 4946 1521 4984 non
1585 4940 1781 4989 potest.

220 4950 423 4990 tuctrco
474 4950 543 4989 tta
602 4950 990 4998 utcnur,quou
1043 4950 1347 4998 comparari
1414 4950 1521 4984 non
1584 4950 1782 4998 petest,

220 4948 423 4990 Idcirco
474 4948 543 4989 tta
602 4948 820 4998 dieitur,
847 4948 990 5001 quoa
1043 4948 1347 5003 comparari
1414 4948 1521 4984 non
1584 4948 1614 4999 p

218 5008 384 5059 Pater
415 5018 627 5073 quoque
655 5007 760 5059 erit
790 5004 1116 5071 unigenilus.
1508 5071 1516 5073 _

291 5077 405 5145 (55)
436 5070 630 5129 Addita
655 5086 737 5129 est
767 5070 952 5128 vocula
982 5073 1038 5125 δέ
1072 5088 1137 5127 ex
1163 5072 1371 5127 duobus
1399 5070 1551 5125 libris
1579 5071 1747 5124 veteri
1766 5101 1781 5111 -

212 5148 339 5202 bus.

288 5215 398 5285 (56)
449 5214 588 5268 Editi
639 5213 927 5285 μονογενὴς
972 5214 1064 5266 καὶ
1111 5214 1257 5275 Υίὸς,
1306 5212 1401 5263 καὶ
1464 5212 1777 5285 μονογὲιής.

213 5280 397 5341 Codei
424 5285 571 5339 Colb.
606 5280 660 5337 ei
709 5280 841 5353 Reg.
880 5280 1104 5353 quartus
1130 5295 1184 5335 ut
1214 5287 1281 5353 in
1320 5291 1595 5353 contextu.
1640 5280 1777 5353 Reg.

215 5358 409 5411 tertius
437 5355 651 5425 Πατρὸς
702 5351 996 5425 μονογενὴς
1056 5357 1083 5406 6
1143 5352 1296 5425 Υἱὸς,
1320 5351 1412 5404 καὶ
1460 5352 1775 5425 μονογενής,

216 5422 585 5494 interpunctio
617 5422 742 5477 alia.
800 5422 1088 5491 Aliquanto
1120 5434 1238 5494 post
1268 5422 1408 5494 Reg.
1439 5434 1665 5494 quartus
1689 5423 1779 5472 ού-

213 5496 302 5549 δὲν
333 5491 398 5548 ἂν
432 5495 515 5565 εἴη
547 5495 636 5547 ὑπ’
671 5494 841 5566 αὐτούς
863 5492 1260 5566 δημιουργηθὲν
1286 5491 1424 5543 κατά
1454 5492 1635 5566 φύσιν.

283 5566 397 5636 (57)
428 5561 564 5619 Editi
590 5567 681 5619 καὶ
714 5565 872 5618 κατά.
911 5561 1109 5636 Vocula
1135 5561 1273 5615 διαίε
1303 5565 1650 5636 niss._abest._
1673 5561 1781 5636 Nec

212 5631 301 5691 ita
332 5631 503 5690 multo
531 5648 651 5703 post
681 5636 811 5689 editi
838 5635 1113 5697 ποιοῦντός
1147 5637 1283 5686 ὲστι.
1330 5631 1484 5696 Illud,
1536 5632 1675 5697 ἐστί,
1725 5634 1777 5685 in

212 5714 345 5760 mss.
381 5722 487 5759 non
528 5706 742 5774 legitur.

280 5776 392 5847 (58)
424 5778 492 5828 El
522 5771 602 5827 ἐπ’
620 5775 725 5847 τοῦ
761 5777 905 5829 Θεοῦ
932 5779 966 5828 ό
1006 5776 1157 5839 Υἱὸς,
1184 5776 1295 5847 ait]
1330 5771 1777 5847 dic_éx_ﬂatp69

208 5842 301 5904 δὲ’
326 5842 461 5902 ἀλλ’
510 5847 589 5910 ὡς
633 5845 701 5908 ἐξ
736 5847 959 5914 ἐτέρου,
1008 5847 1195 5908 αἴτιος
1235 5843 1301 5896 δὲ
1334 5843 1441 5897 ’τοῦ
1478 5842 1630 5896 εἶναι
1676 5846 1775 5899 καὶ

525 5943 792 6003 ΡΑτιιοι..
827 5944 938 6003 Gn.
970 5940 1207 6002 XXIX.

1914 1985 2165 2028 naturam
2218 1974 2415 2028 erunt?
2447 1974 2502 2031 Si
2550 1973 2693 2030 Deus
2720 1986 2977 2045 Operatur
3004 1984 3060 2029 ut
3089 1974 3264 2030 nullus
3312 1978 3481 2039 alius,

1910 2064 2077 2118 etiam
2110 2080 2231 2117 cum
2265 2075 2504 2132 generat,
2544 2068 2822 2134 generabit
2849 2074 2903 2117 ut
2928 2081 3029 2119 non
3055 2066 3192 2122 alius
3228 2084 3243 2123 :
3277 2070 3475 2137 Quippe

1910 2142 2031 2208 eum
2078 2156 2218 2209 nulla
2271 2171 2326 2211 re
2367 2157 2418 2209 in
2459 2156 2603 2212 nulla
2646 2174 2701 2214 re
2754 2159 2897 2213 Deus
2946 2167 3120 2227 potest
3155 2160 3480 2228 comparari.

1909 2247 2062 2315 Quod
2119 2248 2196 2313 ﬁt,
2242 2265 2346 2303 non
2393 2265 2458 2305 ex
2505 2250 2805 2305 substantia
2868 2249 3117 2304 facientis
3169 2260 3252 2303 est
3288 2264 3302 2300 :
3334 2252 3476 2318 quod

1907 2358 2036 2397 vero
2066 2355 2381 2413 generatur,
2422 2361 2492 2401 ex
2538 2347 2647 2415 ipsa
2690 2347 2990 2400 substantia
3022 2346 3331 2414 generantis
3358 2356 3479 2401 est:

1910 2449 2015 2487 non
2047 2448 2175 2502 ergo
2208 2436 2349 2489 idem
2379 2446 2460 2490 est
2482 2435 2664 2491 facere
2686 2446 2738 2490 et
2767 2451 3046 2502 generare.
3084 2437 3138 2489 Si
3163 2452 3225 2490 ex
3258 2435 3368 2490 Deo
3398 2447 3483 2490 est

1912 2522 2104 2587 Filius,
2140 2540 2244 2577 non
2272 2527 2407 2579 sicut
2439 2539 2503 2580 ex
2536 2527 2719 2591 Patre,
2743 2529 2834 2581 sed
2865 2529 3006 2580 velut
3035 2543 3097 2581 ex
3124 2528 3229 2582 alio
3265 2551 3278 2584 ;
3312 2544 3476 2584 causa

1921 2628 2047 2669 vero
2078 2625 2133 2669 ut
2169 2616 2336 2669 simus
2373 2616 2525 2669 nobis
2549 2618 2709 2669 etiam
2762 2617 2900 2669 Deus
2931 2628 3015 2671 est
3043 2636 3055 2669 :
3079 2634 3141 2671 ex
3181 2621 3298 2685 ipso
3335 2622 3481 2673 enim

1910 2708 2128 2771 omnia;
2184 2724 2290 2761 non
2344 2708 2501 2762 aliter
2536 2723 2665 2777 ergo
2708 2708 2828 2762 Filii
2884 2707 3046 2762 Pater
3076 2720 3179 2774 est,
3202 2711 3357 2765 aliter
3386 2727 3481 2765 no-

1911 2807 2045 2863 ster,
2070 2801 2165 2853 sed
2186 2800 2456 2855 similiter.
2488 2800 2551 2854 Et
2580 2803 2670 2871 qui
2699 2802 2853 2855 lieret
2879 2811 2936 2855 ut
2966 2801 3017 2856 id
3049 2802 3343 2858 absurdum
3373 2817 3479 2855 non

1912 2893 2090 2947 esset?
2124 2892 2180 2947 Si
2212 2893 2342 2946 nihil
2374 2892 2551 2946 simile
2589 2902 2642 2945 et
2683 2893 2889 2958 aequale
2938 2894 3042 2945 Deo
3069 2902 3151 2945 est
3172 2901 3365 2961 praeter
3393 2891 3481 2947 Fi-

1910 2981 2059 3046 lium,
2086 2982 2455 3049 exemplorum
2479 2981 2682 3034 nullum
2708 2980 2955 3032 similiter
2980 2982 3199 3033 omnino
3226 2982 3476 3037 dicetur:

1908 3072 2172 3139 siquidem
2209 3086 2369 3139 super
2390 3072 2571 3124 omnia
2601 3072 2761 3125 Deus.
2792 3071 2941 3136 Quod
2970 3072 3019 3126 itt
3055 3070 3223 3127 forma
3261 3073 3349 3129 Dei
3373 3087 3476 3142 est,

1910 3164 1962 3217 in
1993 3164 2296 3218 substantia
2324 3163 2417 3219 Dei
2449 3174 2551 3219 est.
2587 3164 2701 3219 Non
2732 3165 2878 3220 enim
2923 3164 3066 3218 aliud
3104 3166 3297 3229 forma,
3333 3167 3479 3221 aliud

1907 3258 2205 3312 Substantia
2245 3258 2356 3317 Dei,
2404 3267 2462 3311 ut
2508 3274 2575 3313 ne
2616 3260 2953 3326 compositus
2996 3259 3086 3311 sit.
3122 3257 3351 3313 Proinde
3385 3261 3478 3329 qui

1905 3349 2127 3416 aequalis
2172 3356 2253 3402 est
2298 3347 2594 3401 secundum
2653 3347 2919 3409 formam,
2961 3349 3125 3400 etiam
3187 3351 3475 3405 secundum

1902 3441 2257 3494 substantiam
2301 3439 2525 3507 :equalis
2568 3448 2670 3492 εει.
2715 3439 2773 3492 Si
2828 3440 3038 3507 genitus
3075 3441 3251 3495 minor
3291 3454 3374 3497 est
3410 3458 3477 3497 eo

1903 3532 1992 3601 qui
2023 3531 2230 3601 genuit,
2264 3545 2371 3583 non
2410 3530 2566 3598 culpa
2590 3538 2674 3584 est
2697 3532 2882 3600 geniti,
2910 3540 3003 3585 sed
3036 3532 3291 3600 genitoris
3326 3534 3475 3587 inﬁr-

1906 3624 2083 3677 mitas.
2112 3628 2215 3675 Aut
2251 3622 2395 3676 enim
2448 3638 2557 3691 pra:
2599 3624 2796 3677 invidia
2832 3639 2937 3676 non
2987 3623 3110 3677 fecit
3166 3627 3472 3695 aequalem:

1903 3725 1996 3767 aut
2023 3730 2131 3783 pra:
2166 3715 2477 3782 impotentia
2506 3730 2607 3768 non
2648 3716 2833 3785 genuit
2871 3716 3123 3770 similem.
3154 3716 3313 3770 Pater
3351 3727 3475 3771 ante

1907 3804 2097 3859 Filium
2140 3805 2185 3859 si
2217 3817 2354 3870 erat,
2386 3806 2603 3862 alterius
2647 3807 2944 3875 cujuspiam
2991 3808 3297 3860 necessario
3322 3817 3475 3875 pater

1905 3911 2211 3955 erat;natu
2258 3903 2460 3972 absque
2520 3902 2630 3957 [ilio
2671 3910 2825 3972 pater
2876 3902 2982 3955 dici
3036 3917 3141 3955 non
3184 3908 3376 3970 potest.
3413 3904 3470 3961 Si

1896 4164 2094 4231 ἠμῒνὸ
2124 4167 2289 4230 Θεός,
2319 4174 2425 4219 etc.
2461 4162 2518 4219 Si
2552 4180 2615 4219 ea:
2649 4164 2752 4221 Deo
2804 4179 2881 4221 es!
2924 4166 3117 4233 Filius,
3152 4184 3255 4220 non
3302 4177 3356 4220 tu
3404 4180 3469 4220 ea:

1904 4234 2083 4298 Patre,
2111 4236 2199 4289 sed
2240 4236 2374 4287 velut
2404 4252 2469 4288 ea:
2507 4236 2651 4300 alio;
2678 4253 2838 4289 causa
2866 4249 3038 4290 autem
3072 4249 3125 4289 ut
3173 4240 3338 4289 simus
3374 4254 3470 4287 no-

1900 4305 1977 4375 bis
2007 4306 2162 4357 etiam
2208 4303 2343 4358 Deus
2372 4319 2466 4370 est,
2496 4317 2601 4359 etc.
2654 4306 2959 4375 Legendum
2993 4312 3205 4359 videtur
3237 4306 3350 4358 ἀλλ’
3393 4306 3468 4368 ὡς

1898 4373 1955 4440 ἐξ
1992 4375 2188 4438 αίτίου,
2216 4377 2305 4428 sed
2344 4376 2477 4428 velut
2516 4392 2579 4429 ex
2614 4373 2794 4429 causa.
2840 4378 3147 4429 Diliiciliora
3185 4386 3312 4428 sunt
3348 4391 3468 4443 qua:

1898 4446 2056 4512 paulo
2086 4456 2204 4514 post
2238 4458 2574 4514 sequuntur:
2609 4447 2717 4499 Καὶ
2752 4447 2867 4508 πῶς
2902 4446 3001 4497 οὐκ
3026 4445 3243 4505 ἄτοπον.
3270 4447 3317 4496 εί
3359 4462 3464 4515 μηδ

1820 4555 1863 4609 D
2006 4517 2189 4597 ὅμοιον⁸
2217 4519 2308 4603 καὶ
2342 4516 2452 4609 ἴσον
2485 4515 2623 4609 Θὶῷ,
2656 4515 2973 4609 πλῂνλΥίοῦ,
3022 4516 3170 4609 ούξὲν
3216 4516 3468 4609 ἀπαραλ-

1892 4584 2102 4650 λάκτως
2124 4587 2231 4639 τῶν
2264 4584 2677 4654 ὑποδειγμάτων
2699 4584 2975 4655 εἰρήσεται
3002 4602 3015 4648 ;
3058 4584 3149 4638 Vix
3180 4586 3280 4638 ulla
3321 4588 3466 4637 vide-

1895 4668 1979 4707 tur
2012 4658 2282 4709 sententia
2310 4671 2374 4708 ex
2407 4658 2487 4708 his
2513 4658 2689 4708 verbis
2715 4672 2829 4709 erui
2869 4672 3045 4723 posse,
3080 4657 3182 4709 nisi
3220 4656 3464 4722 legamus

1892 4726 2023 4795 περὶ
2051 4725 2178 4776 Υἰού
2223 4735 2276 4777 ει
2318 4725 2905 4795 τῶνίὺποδεεστάτων.
2946 4725 3009 4777 Et
3060 4729 3320 4795 quoinodo
3359 4740 3459 4777 non

1894 4793 2139 4854 absurde.
2178 4796 2219 4845 si
2264 4796 2393 4846 nilti'l
2420 4794 2527 4847 Deo
2560 4796 2730 4847 simile
2758 4806 2805 4847 et
2831 4798 3051 4857 aequale,
3074 4793 3157 4847 de
3201 4793 3343 4845 Filio
3385 4796 3462 4845 ui-

1891 4864 1966 4915 hil
1989 4867 2127 4933 quod
2150 4866 2363 4930 di/ferat
2392 4865 2455 4916 ab
2489 4864 2681 4931 inﬁmis
2714 4866 2864 4918 rebus
2898 4867 3144 4918 dicetur?
3188 4862 3460 4917 Probatur

1895 4936 1994 4987 hoc
2023 4936 2138 4987 loco
2174 4934 2334 4986 Deum
2372 4950 2477 4987 non
2529 4935 2683 4987 aliter
2709 4934 2827 4988 Filii
2882 4936 3091 4988 Patrem
3129 4948 3266 4996 esse,
3298 4949 3457 5000 quant

1893 5006 2190 5069 hominum,
2225 5006 2266 5057 si
2322 5003 2488 5057 Filius
2542 5020 2605 5057 ex
2641 5004 2749 5057 Deo
2800 5014 2902 5068 est,
2936 5020 3042 5058 non
3077 5014 3133 5055 ut
3176 5019 3240 5055 ex
3275 5003 3457 5065 Patre,

1892 5075 1985 5128 sed
2024 5085 2079 5127 ut
2104 5088 2170 5127 ex
2204 5088 2387 5127 causa.
2421 5074 2596 5139 Quare
2640 5090 2741 5127 non
2777 5076 3049 5128 immerito
3076 5074 3375 5127 ostenditur
3406 5074 3458 5125 id

1890 5160 1957 5197 ex
2030 5146 2398 5197 haereticorum
2460 5147 2725 5199 sententia
2783 5144 3063 5212 consequi,
3111 5143 3458 5212 utquamvis

1891 5214 2031 5267 Deus
2068 5218 2136 5267 sit
2194 5214 2379 5275 Filius,
2416 5230 2514 5268 nec
2555 5216 2660 5267 Deo
2709 5211 3003 5283 quidquam
3050 5211 3227 5265 simile
3284 5211 3358 5265 sit
3403 5220 3459 5265 et

1890 5284 2120 5352 aequale,
2149 5285 2216 5338 de
2255 5284 2388 5336 Filio
2418 5296 2596 5336 tamen
2629 5285 2759 5336 nilnl
2796 5284 3136 5352 praestantius
3174 5295 3335 5350 quam
3391 5284 3459 5336 de

1890 5354 2089 5407 inlimis
2121 5358 2282 5407 rebus
2318 5355 2547 5406 dicatur.
2582 5352 2794 5406 MAHAN.

1960 5424 2070 5492 (59)
2100 5426 2235 5477 Edtti
2266 5424 2374 5475 ἴσον
2407 5423 2563 5477 Θεοῦ,
2593 5422 2743 5477 Libri
2767 5433 2973 5479 veteres
3004 5422 3143 5491 Θεῷ.
3176 5420 3298 5475 Mox
3323 5422 3456 5491 Reg.

1886 5506 2112 5562 quartus
2141 5494 2278 5564 ὑπὲρ
2307 5495 2502 5545 πάντα.

1959 5564 2069 5634 (40)
2102 5561 2257 5630 ,Ειιίιῖ
2294 5565 2673 5633 γεννήσαντος.
2709 5564 2770 5617 Εί
2800 5564 2827 5615 6
2864 5566 3053 5635 Πατὴρ
3294 5576 3453 5635 quam

1888 5632 2131 5687 mutilam
2186 5632 2507 5701 scripturam
2546 5648 2612 5687 ex
2644 5644 2873 5701 quatuor
2910 5632 3043 5689 mss.
3091 5632 3454 5686 restituimus.

1890 5705 1932 5758 E
1958 5705 2174 5774 regione
2206 5706 2351 5757 vocis
2372 5703 2643 5775 φθονήσας
2675 5705 2870 5775 legitur
2920 5708 2974 5761 in
3024 5702 3271 5770 margine
3304 5702 3457 5769 Regii

1885 5773 2063 5846 quarti
2092 5776 2184 5828 mi
2204 5776 2300 5827 οὐκ
2328 5773 2637 5843 ἐγέννησεν.

3104 5931 3183 5988 aa
