4008 6458
557 346 665 406 075

1866 349 1922 403 S.
1966 349 2048 402 BA
2059 346 2210 403 SILI!
2247 347 2460 405 MAGNI

3697 344 3808 400 676

542 464 678 532 quis
707 460 902 517 Filium
938 461 1086 518 novit
1109 461 1404 518 secundum
1433 461 1755 527 essentiam,
1785 465 1934 518 novit
1963 466 2113 520 etiair

2227 463 2373 536 ζωὴν
2421 463 2636 518 αἰώνιον
2665 461 2796 534 ἔχει,
2838 461 2900 515 τὸ
2924 461 3168 517 ἀπιστεί.
3193 462 3250 528 ἐξ
3283 461 3526 532 ιὶθάγκης
3546 462 3806 516 θάνατον.

555 552 767 607 Patrem
803 550 896 623 (Si
923 554 1059 607 enim
1085 569 1164 607 me
1193 556 1588 623 cognoscentis,
1612 554 1808 625 inquit,
1827 566 1873 610 et
1906 555 2119 610 Patrem

555 659 725 696 meum
755 644 929 713 utique
956 645 1330 714 cognoscentis
1353 644 1422 714 ⁵³)
1455 660 1465 696 :
1494 647 1971 702 consubstantialis
1993 662 2120 715 ergo

555 733 703 790 Patri
745 734 912 790 Filius
947 745 1056 790 est.
1106 735 1247 790 Nihil
1287 737 1429 791 enim
1459 738 1834 808 incorporeum
1869 755 1932 794 ex
1963 740 2121 794 dissi-

557 825 670 879 mili
696 827 999 881 substantia
1024 827 1270 896 cognosci
1296 837 1491 896 potest.
1517 828 1572 884 Si
1602 830 1825 884 credere
1853 829 2120 886 Christum

554 916 750 971 Filium
784 931 904 970 esse
935 918 1052 982 Dei,
1091 917 1263 972 vitam
1317 927 1574 973 aaternam
1627 918 1820 973 affert:
1852 936 1954 976 noa
2005 935 2122 976 cre-

555 1007 705 1075 dere,
757 1008 1060 1062 necessario
1106 1019 1334 1064 mortem
1402 1010 1562 1078 parit.
1621 1011 1856 1076 Quorum
1919 1014 2119 1066 eaedem

556 1107 683 1152 sunt
717 1100 1077 1168 operationes,
1119 1099 1313 1154 horum
1361 1115 1574 1171 quoque
1626 1104 1924 1157 substantia
1992 1118 2116 1159 una.

563 1189 816 1259 Operatio
846 1202 1026 1246 autem
1060 1189 1238 1245 Patris
1271 1201 1323 1246 et
1353 1191 1474 1246 Filii
1507 1208 1610 1247 una
1631 1203 1736 1259 est,
1771 1194 1912 1248 velut
1945 1195 2073 1249 illud
2104 1213 2117 1248 :

557 1279 843 1335 Faciamus
876 1285 1135 1335 hominem
1157 1282 1202 1313 ε’
1235 1298 1247 1332 :
1277 1291 1330 1336 et
1365 1299 1552 1338 rursus
1581 1306 1590 1336 :
1616 1285 1951 1353 Quwcunque
1982 1288 2119 1339 enim

555 1367 722 1424 Pater
751 1370 906 1440 furit,
948 1370 1060 1424 haec
1100 1379 1148 1424 et
1192 1369 1366 1426 Filius
1418 1371 1659 1426 similiter
1700 1373 1826 1442 facit
1851 1373 1925 1438 ”;
1961 1375 2122 1444 igitur

559 1463 737 1518 Patris
763 1472 819 1517 et
848 1463 970 1517 Filii
1004 1479 1108 1518 una
1136 1464 1300 1519 etiam
1330 1463 1628 1519 substantia
1662 1476 1761 1521 est.
1797 1467 1852 1523 Si
1881 1470 2119 1539 cognitio

557 1554 737 1610 Patris
765 1564 818 1610 et
848 1555 966 1609 Filii
1011 1557 1115 1610 vita
1169 1565 1371 1609 acterna
1410 1566 1514 1622 est,
1568 1572 1790 1614 necesse
1830 1570 1913 1615 est
1953 1562 2115 1615 etiam

555 1650 717 1703 unius
745 1647 1057 1704 substantia:
1088 1664 1228 1704 esse.
1264 1648 1392 1715 Quae
1425 1651 1567 1704 enim
1598 1651 1821 1707 diversae
1850 1654 2106 1708 substan-

556 1742 643 1795 tia:
679 1750 826 1805 sunt,
875 1757 984 1796 non
1043 1757 1146 1796 una
1209 1744 1516 1814 cognitione
1566 1746 2116 1814 comprehenduntur,

554 1847 729 1902 neque
781 1832 943 1886 simili
1005 1834 1159 1888 modo
1206 1845 1431 1904 possunt
1479 1837 1776 1893 viviﬁcare.
1828 1837 1885 1891 Si
1936 1837 2118 1894 Patris
2152 1827 2192 1883 Β

553 1922 732 1990 imago
764 1935 888 1975 vere
913 1920 1078 1976 Filius
1111 1933 1214 1990 est,
1259 1926 1437 1979 omnis
1469 1936 1646 1979 autem
1675 1927 1849 1996 imago
1879 1927 1957 1982 vel
1987 1928 2118 1982 sub-

556 2013 789 2078 stantiae,
826 2013 908 2068 vel
941 2014 1145 2076 fortine,
1172 2017 1253 2069 vel
1287 2017 1491 2085 ﬁgurae,
1528 2017 1611 2070 vel
1663 2019 1884 2086 speciei,
1915 2019 1995 2073 vel
2027 2035 2115 2074 co-

553 2102 682 2158 loris
729 2105 904 2172 imago
944 2113 1058 2157 est:
1096 2105 1232 2159 Deus
1279 2119 1456 2162 autem
1500 2109 1552 2162 in
1597 2110 1742 2163 nullo
1771 2112 1981 2174 horum,
2024 2116 2115 2166 sed

552 2195 610 2248 in
637 2194 747 2249 sola
779 2196 1076 2250 substantia
1099 2205 1181 2250 est
1211 2215 1225 2250 :
1252 2198 1419 2253 Filius
1446 2215 1567 2254 cum
1600 2201 1914 2258 substantia:
1940 2204 2115 2276 imago

553 2285 647 2347 sit,
684 2283 1159 2339 consubstantialis
1189 2285 1335 2339 Patri
1380 2297 1482 2342 est.
1529 2287 1586 2342 Si
1634 2288 1795 2343 Pater
1821 2306 1942 2344 cum
1975 2291 2114 2347 Filio

552 2375 699 2429 nulla
727 2377 777 2429 in
811 2390 868 2427 re
909 2385 1085 2444 potest
1111 2380 1433 2445 comparari,
1462 2392 1559 2434 nec
1603 2379 1656 2434 in
1690 2382 1791 2435 ulla
1826 2399 1883 2437 re
1905 2399 2116 2454 quoque

553 2481 681 2520 cum
714 2473 960 2519 creatura
994 2484 1007 2519 :
1035 2481 1139 2520 non
1173 2468 1331 2521 aliter
1367 2484 1426 2522 se
1461 2471 1620 2525 habet
1650 2475 1717 2526 ad
1771 2475 1986 2542 Filium,
2021 2477 2117 2528 ali-

557 2565 642 2611 ter
666 2557 734 2611 ad
763 2565 1090 2622 creaturam,
1127 2557 1218 2612 sed
1260 2557 1509 2614 similiter
1533 2578 1547 2615 :
1575 2577 1680 2616 non
1709 2578 1837 2634 ergo
1881 2565 2116 2619 dissimi-

552 2650 622 2705 lis
651 2650 823 2704 solurn
851 2649 1008 2719 281
1039 2649 1184 2704 Patri
1220 2649 1407 2716 Filius,
1438 2653 1530 2707 sed
1554 2666 1813 2710 creatura:
1841 2657 2003 2710 etiam
2037 2659 2112 2711 si-

550 2739 694 2793 milis
719 2750 820 2793 est.
853 2740 1130 2806 Quomodo
1155 2747 1264 2806 jam
1299 2743 1398 2797 hoc
1429 2760 1529 2798 non
1566 2746 1853 2801 absurdum
1884 2750 2006 2806 est?
2035 2750 2110 2815 Si,

553 2828 677 2880 dum
728 2828 922 2882 Filium
977 2828 1168 2882 dicunt
1214 2842 1536 2898 creaturam,
1587 2850 1691 2888 non
1743 2845 1800 2889 ut
1842 2853 2002 2892 unam
2039 2853 2106 2892 ex

551 2919 814 2972 creaturis
872 2919 1048 2979 dicunt
1093 2938 1107 2974 :
1155 2937 1252 2975 cur
1295 2921 1418 2974 dum
1472 2939 1570 2978 nos
1634 2928 1928 2994 genituram
1983 2933 2114 2986 dici-

553 3021 697 3068 tnus,
739 3021 861 3061 eum
917 3019 974 3062 ut
1030 3025 1189 3064 unam
1241 3026 1308 3065 ex
1351 3011 1621 3082 genituris
1671 3016 2011 3086 intelligunt?
2056 3021 2112 3076 Si

552 3097 694 3152 Deus
718 3115 820 3152 non
850 3111 1087 3168 generat,
1112 3111 1168 3155 ut
1200 3117 1265 3157 ne
1293 3102 1489 3158 (luxum
1519 3105 1784 3174 patiatur;
1815 3123 1913 3162 nec
1942 3122 2112 3179 creat,

553 3198 614 3241 ut
661 3202 728 3241 ne
770 3189 1012 3244 laboret:
1039 3193 1083 3244 si
1115 3208 1240 3247 vero
1270 3206 1421 3249 creat
1470 3195 1602 3250 citra
1647 3196 1920 3265 allectum,
1947 3201 2115 3256 multo

552 3279 726 3347 magis
774 3280 908 3332 citra
957 3280 1206 3335 all'ectum
1255 3296 1497 3351 generat.
1542 3287 1597 3340 Si
1641 3288 1927 3357 cujuslibet
1983 3291 2115 3347 lucis

552 3370 805 3437 Splendor
841 3382 1130 3441 generatur
1163 3374 1376 3442 quidem
1405 3391 1469 3430 ex
1501 3378 1642 3445 luce,
1681 3399 1784 3436 non
1812 3395 1987 3438 tamen
2015 3385 2118 3440 ali-

552 3460 789 3528 quando,
831 3461 923 3515 sed
958 3462 1075 3516 sine
1102 3471 1359 3533 tempore,
1388 3467 1496 3522 imo
1530 3470 1598 3522 ab
1635 3483 1836 3528 ueterno
1865 3492 1966 3530 una
1991 3493 2112 3532 cum

565 3549 684 3604 luce
709 3565 723 3602 :
752 3565 856 3604 non
889 3552 1029 3605 enim
1069 3561 1152 3607 est
1202 3553 1290 3608 lux
1338 3557 1543 3626 absque
1593 3561 1876 3629 splendore
1903 3581 1916 3616 :
1948 3566 2114 3623 Filius

553 3641 716 3694 etiam
745 3650 803 3695 ut
845 3642 936 3710 qui
975 3643 1228 3712 splendor
1265 3648 1358 3710 sit,
1395 3664 1498 3702 non
1544 3651 1828 3720 aliquando
1862 3659 1985 3722 erit,
2022 3661 2116 3714 sed

556 3733 624 3784 ab
662 3743 867 3787 aeterno
899 3735 1130 3801 pariter;
1163 3751 1283 3790 cum
1316 3735 1456 3792 Deus
1485 3739 1554 3793 sit
1582 3740 1692 3805 lux,
1728 3755 1784 3798 ut
1808 3747 1969 3801 David
1997 3751 2109 3803 ait:

561 3821 623 3876 ’τι
649 3821 839 3875 lumine
870 3834 957 3877 tua
984 3827 1262 3882 videbimus
1289 3828 1556 3897 tanien”;
1583 3842 1637 3890 et
1668 3835 1849 3892 Daniel
1882 3856 1896 3890 :
1923 3837 1991 3892 Et
2020 3841 2114 3895 lux

549 3929 669 3966 tum
694 3915 804 3982 ipso
826 3925 900 3968 est
917 3917 985 3968 ".
1012 3916 1068 3969 Si
1096 3919 1337 3986 genitura
1363 3924 1655 3977 secundum
1686 3927 1829 3994 ipsos
1855 3930 2110 3986 substan-

553 4003 625 4058 tia
653 4015 755 4072 est,
784 4005 918 4060 sicut
952 4015 1005 4060 et
1027 4006 1321 4079 ingenitum
1351 4025 1365 4063 :
1399 4011 1645 4080 genitura
1685 4029 1860 4073 autem
1891 4023 2004 4088 Dei,
2032 4031 2115 4078 est

551 4095 720 4151 Filius
747 4111 762 4148 :
793 4112 920 4167 ergo
949 4108 1002 4152 et
1024 4101 1325 4154 substantia
1357 4103 1469 4168 Del,
1502 4113 1586 4158 est
1619 4103 1804 4163 Filius.
1838 4109 1893 4165 Si
1928 4117 2112 4169 volun-

554 4197 666 4244 tate
698 4204 803 4243 non
837 4201 1025 4244 natura
1056 4191 1194 4248 Deus
1228 4193 1421 4249 Filium
1443 4197 1627 4265 genuit
1662 4221 1673 4254 :
1707 4210 1799 4255 aut
1829 4203 1916 4257 ubi
1946 4209 2112 4262 semel

550 4281 816 4344 soluerat,
847 4291 1027 4350 postea
1061 4284 1250 4350 noluit,
1292 4297 1385 4341 aut
1425 4289 1586 4343 etiam
1617 4308 1806 4349 rursus
1836 4295 2024 4362 voluit,
2058 4311 2114 4354 et

551 4386 745 4425 rursus
778 4374 974 4440 genuit.
1008 4374 1157 4441 Quod
1188 4376 1234 4430 si
1262 4392 1366 4432 non
1398 4394 1504 4432 una
1540 4392 1622 4435 est
1652 4385 1895 4443 voluntas
1921 4389 2108 4460 ipsius,

550 4464 646 4521 nec
675 4461 910 4528 diversa,
938 4479 1041 4519 non
1075 4468 1305 4537 amplius
1335 4471 1561 4540 simplex
1613 4485 1716 4541 est,
1751 4493 1925 4547 neque
1953 4485 2110 4541 unius
2141 4506 2185 4560 ι)
2212 4491 2270 4545 δὲ

635 4598 680 4630 ⁸⁸
703 4599 859 4656 Joan.
897 4619 1006 4668 xw,
1037 4603 1087 4660 7.
1162 4605 1207 4637 "
1236 4605 1373 4663 Gen.
1399 4624 1436 4675 ι,
1463 4608 1551 4665 26.
1643 4611 1689 4643 ⁸³
1709 4613 1923 4683 Joan.v,
1959 4621 2043 4677 l9.

621 4737 926 4826 (IlliE'litL
946 4741 1338 4826 ’Evépya1_6s_._
1368 4747 1495 4826 Υίοῦ
1529 4751 1883 4826 καὶ-[ἰατρός.
1925 4760 2103 4818 Codex

549 4806 855 4897 golhancutn
881 4808 1018 4897 Illeg'.
1047 4806 1278 4893 s'ecttndo
1295 4818 1508 4897 Πατρος
1523 4822 1615 4873 καὶ
1641 4806 1786 4876 Υίοῦί
1815 4806 2103 4897 Xtiqﬁaiﬁg

552 4888 673 4997 :th
705 4894 831 4997 Illlss.
861 4881 965 4934 duo
993 4883 1026 4951 η
1080 4883 1297 4950 γνῶσις.
1350 4881 1700 4946 Desideratur
1750 4881 2098 4957 articu'lusnin

644 4964 704 4997 ea
738 4963 798 4997 IS.

549 4959 798 5001 νυιιικιιε.

625 4964 895 5102 (ᾅξιῇεα.
925 5031 1148 5102 quartus
1172 5023 1584 5102 είξῦν-ἁληθης,
1616 5032 1784 5102 imago
1818 5053 1954 5094 vera.

762 5084 904 5169 idem
927 5084 1092 5169 codex
1118 5091 1208 5144 τοῦ
1231 5084 1481 5169 Θεούνκαίὶ
1503 5084 1749 5169 Πατρόςῖ

621 5153 905 5239 (ιβλΕέῑιί
939 5171 989 5239 et
1020 5159 1165 5239 Reg.-
1183 5168 1446 5239 secundus
1481 5168 1586 5239 ἄρα
1681 5153 1804 5235 Fid;
1829 5175 1919 5227 τοῦ
1938 5177 2092 5232 Θεοῦ.

550 5220 1025 5317 Patierin
1051 5220 1318 5317 reliquis-
1343 5251 1470 5317 mss.
1506 5220 1613 5317 non
1633 5220 1768 5309 legit
1777 5220 2098 5317 GpZ'NeHJé

550 5291 826 5370 indignum
859 5306 984 5362 puto
1012 5299 1153 5370 quod
1182 5291 1411 5369 notetur,
1432 5305 1570 5359 hunc
1601 5291 1880 5366 locauit—sic

549 5360 637 5443 gui
670 5364 722 5443 in
910 5360 1165 5443 secundo,
1198 5360 1440 5443 γέννημα
1471 5376 1525 5428 δὲ
1555 5379 1581 5428 6
1626 5360 1772 5443 Υιδξζ

551 5390 637 5427 ιω
671 5390 722 5444 in
756 5390 885 5448 I'lug.
910 5390 1165 5432 sccunuo,
1198 5390 1440 5496 YEVVQ’pa
1471 5390 1525 5428 οε
1555 5390 1581 5428 ο
1636 5390 1770 5443 ιἰος,
1801 5390 1892 5435 τοῦ
1938 5390 2092 5452 Θεοῦ,

665 5434 958 5519 captandam
984 5437 1011 5487 6
1042 5437 1298 5519 Υίὸςιτοῦ
1326 5515 1332 5519 _
1380 5444 1490 5519 εοῦ.
1542 5447 1774 5519 Utroque
1805 5454 1854 5504 in
1891 5455 2003 5510 loco
2037 5460 2097 5509 il-

550 5497 960 5592 lgtl,.:?ii_ﬁlao§,
998 5497 1273 5592 voci_Ti6g
1318 5497 2094 5592 jungitur—Vitijvulgatisusin'e

688 5572 887 5642 virgula
939 5595 950 5628 :
997 5581 1136 5644 quod
1190 5567 2100 5654 ρι’υἶιιὺῗειιιιηίτειέιῖ-ἷῖνοὺξίίιιῖ

618 5709 727 5783 (45)
747 5712 917 5770 Codex
947 5735 1080 5776 unus
1112 5721 1142 5792 ἦ
1171 5725 1214 5776 εἰ
1241 5725 1399 5792 Ξτταξ.

2228 550 2327 609 Ὧν
2385 557 2440 609 αἱ
2484 557 2642 609 αὐταὶ
2686 556 2978 626 ἐνέργειαι,
3029 553 3234 607 τούτων
3274 557 3368 609 καὶ
3402 558 3438 626 ἡ
3470 555 3633 608 οὐσία
3678 554 3806 624 μία.

2240 648 2516 720 Ἐνέργεια
2537 649 2593 702 δὲ
2620 650 2828 720 Πατρὸς
2857 648 2969 719 (41)
2997 647 3091 701 καὶ
3121 646 3251 699 Υίοῦ
3280 647 3395 718 μία,
3424 648 3498 712 ὡς
3523 648 3607 711 τὺ,
3631 643 3808 712 Ποιή-

2227 756 2424 809 σωμεν
2454 739 2784 808 ἄνθρωπον-ο
2830 741 2922 792 καὶ
2950 739 3131 792 πάλιν·
3167 741 3232 792 Ἀ
3269 739 3377 808 γὰρ
3401 739 3478 793 ἂν
3514 745 3547 794 ὁ
3595 740 3808 807 Πατὴρ

2227 831 2389 900 ποιῇ,
2411 831 2595 886 ταῦτα
2637 833 2734 885 καὶ
2774 836 2806 886 ό
2832 831 2960 898 Υἱὸς
2989 836 3200 902 ὁμοίως
3231 831 3415 885 ποιεῖ·
3451 831 3559 902 ἄρα
3579 835 3676 884 καὶ
3708 833 3805 884 οὐ·

2229 927 2314 978 σία
2340 927 2434 996 μία
2459 926 2670 996 Πατρὸς
2707 927 2803 979 καὶ
2843 926 2995 980 Υίοῦ.
3027 927 3088 978 Εἰ
3131 929 3163 996 ἡ
3215 925 3415 994 γνῶσις
3449 925 3666 995 Ila-:96;
3710 926 3808 979 καὶ

2228 1018 2355 1071 Υἱοῦ
2381 1019 2493 1088 ζωὴ
2525 1017 2772 1082 αἰώνιος,
2815 1020 3028 1087 ἀνάγκη
3081 1018 3174 1070 καὶ
3225 1019 3352 1088 μιᾶς
3403 1017 3592 1079 οὐσίας
3642 1012 3803 1068 εἶναι.

2227 1108 2306 1161 Τὰ
2360 1111 2466 1180 γὰρ
2494 1109 2777 1181 έτερούσια
2819 1110 2879 1162 οὐ
2915 1112 3011 1180 μιᾷ
3052 1108 3246 1177 γνώσει
3293 1108 3804 1178 καταλαμϐάνεται,

2226 1199 2348 1254 οὐτε
2400 1203 2596 1272 ὁμοίως
2648 1201 2930 1265 ζωοποιεῖν
2981 1201 3218 1256 δύναται.
3274 1202 3336 1253 Et
3383 1200 3548 1254 εἰκὼν
3603 1203 3632 1252 6
3675 1201 3807 1263 Υἱὸς

2226 1292 2441 1362 ἀληθῶς
2485 1294 2596 1362 (42)
2627 1295 2718 1346 τοῦ
2747 1295 2977 1365 Πατρὸς,
3006 1296 3152 1347 πᾶσα
3173 1294 3229 1346 δὲ
3263 1293 3423 1345 εἰκὼν
3450 1293 3482 1364 ἢ
3517 1293 3735 1355 οὐσίας,
3769 1291 3804 1363 ἢ

2231 1383 2464 1454 μορφῆς,
2498 1384 2530 1454 ἦ
2580 1386 2871 1454 σχήματος,
2901 1385 2932 1455 ἦ
2977 1385 3168 1449 εἴδους,
3209 1384 3302 1436 καὶ
3331 1382 3620 1453 χρώματὸς
3651 1385 3807 1434 ἐστιν

2225 1474 2406 1540 είκὼν,
2443 1475 2572 1539 Θεὸς
2597 1476 2653 1528 δὲ
2689 1477 2744 1528 ὲν
2779 1476 2951 1529 οὐδενὶ
2988 1475 3215 1535 τούτων,
3245 1476 3302 1527 ἐν
3347 1475 3403 1526 δὲ
3434 1474 3592 1544 οὐσίᾳ
3627 1475 3802 1547 μόνῃ·

2224 1569 2252 1619 6
2278 1568 2423 1631 Υἱὸς,
2452 1567 2612 1620 εἰκὼν
2633 1566 2705 1620 ὢν
2726 1568 2824 1636 τῆς
2844 1568 3046 1630 οὐσίας,
3069 1566 3344 1636 ὁμοούσιός
3370 1568 3483 1619 ἐστι
3505 1567 3580 1636 τῷ
3600 1567 3803 1636 Πατρί.

2224 1659 2286 1711 Ei
2315 1658 2639 1730 ἀσύγκριτος
2677 1663 2704 1712 6
2733 1660 2920 1730 Πατὴρ
2954 1658 3095 1712 κατὰ
3123 1658 3293 1710 πάντα
3345 1660 3477 1729 πρὸς
3506 1659 3598 1710 τὸ)
3649 1659 3803 1719 Υἱὺν,

2221 1751 2364 1803 κατὰ
2398 1752 2571 1805 πάντα
2595 1753 2650 1806 δὲ
2678 1754 2769 1805 καὶ
2798 1752 2932 1823 πρὸς
2954 1752 3053 1822 τὴν
3085 1751 3258 1804 κτίσιν
3285 1766 3296 1780 ·
3328 1755 3428 1804 οὐκ
3457 1753 3635 1815 ἄλλως
3662 1755 3805 1824 1:96;

2220 1841 2310 1892 τὸν
2338 1842 2484 1903 Υἱδν,
2522 1842 2721 1913 ἑτέρως
2768 1843 2825 1894 δὲ
2861 1843 2997 1914 πρὸς
3029 1842 3127 1910 τὴν
3178 1843 3372 1907 κτίσιν,
3408 1843 3522 1896 ἀλλ’
3554 1844 3764 1914 ὁμοίως
3787 1862 3800 1874 ·

2221 1931 2415 1984 οὐκοῦν
2443 1933 2500 1983 οὐ
2537 1935 2693 2002 μόνον
2727 1934 2976 2003 ἀνόμοιος
3009 1931 3084 2002 τῷ
3107 1933 3297 2003 Πατρὶ,
3334 1934 3467 1987 ἀλλὰ
3498 1936 3592 1986 καὶ
3614 1936 3805 2003 ὅμοιος

2220 2028 2283 2094 τῇ
2313 2023 2502 2077 κτίσει.
2531 2026 2637 2076 Καὶ
2664 2023 2779 2086 πῶς
2801 2026 2898 2076 οὐκ
2927 2027 3161 2088 ἄτοπον;
3195 2026 3276 2086 Ei,
3312 2027 3517 2097 κτίσμα
3544 2027 3805 2094 λέγοντες

2220 2114 2307 2167 τὸν
2343 2116 2485 2176 Υἰὸν,
2513 2115 2609 2183 οὐχ
2639 2114 2712 2177 ὡς
2743 2115 2799 2166 ἓν
2826 2116 2931 2167 τῶν
2975 2117 3285 2183 κτισμάτων
3319 2117 3536 2186 λέγουσι
3561 2135 3573 2147 ·
3606 2117 3695 2170 διά
3722 2117 3798 2177 τί,

2219 2205 2461 2277 γέννημα
2521 2206 2782 2275 λεγόντων
2847 2205 3023 2276 ἡμῶν,
3075 2206 3148 2269 ὡς
3200 2207 3254 2258 ἓν
3292 2209 3397 2260 τῶν
3440 2210 3802 2281 γεννημάτων

2217 2297 2461 2363 νοοῦσιν;
2494 2299 2555 2350 Et
2582 2299 2641 2351 οὐ
2679 2299 2843 2368 γεννᾷ
2864 2297 3013 2361 Θεὸς,
3042 2298 3128 2350 ἵνα
3156 2299 3228 2367 μὴ
3259 2298 3441 2368 ρεῦσιν
3473 2302 3752 2374 ὑπομείνῃ
3782 2319 3794 2330 ·

2216 2389 2336 2442 οὐδὲ
2383 2391 2577 2453 κτίζει,
2638 2392 2723 2442 ἵνα
2760 2390 2834 2461 μὴ
2879 2390 3068 2460 κάμῃ·
3116 2391 3164 2441 εί
3205 2389 3258 2441 δὲ
3317 2391 3490 2454 κτίζει
3541 2394 3800 2456 ἀπαθῶς,

2217 2484 2394 2555 πολλῷ
2430 2487 2626 2555 μᾶλλον
2655 2486 2878 2548 ἀπαθῶς
2895 2487 3078 2555 γεννᾷ.
3116 2485 3177 2537 Ei
3221 2485 3561 2556 ἀπαύγασμα
3596 2488 3802 2549 παντὸς

2217 2577 2393 2644 φωτὸς
2423 2580 2676 2643 γεννᾶται
2718 2580 2815 2648 μὲν
2848 2581 2911 2631 ὲκ
2939 2580 3031 2631 τοῦ
3058 2579 3261 2647 φωτὸς,
3298 2578 3359 2632 οὐ
3393 2597 3522 2632 ποτε
3549 2579 3604 2631 δὲ
3624 2619 3638 2640 ,
3665 2581 3804 2632 ἀλλὰ

2217 2665 2456 2736 ἁχρόνως
2481 2667 2574 2718 καὶ
2604 2668 2880 2731 συναῖδίως
2902 2669 3093 2739 ἐκείνῳ
3118 2671 3198 2739 (οὐ
3251 2671 3359 2740 γάρ
3399 2675 3514 2722 ἐστι
3547 2670 3665 2738 φῶς
3690 2690 3804 2740 χω-

2218 2757 2302 2826 ρἰς
2335 2757 2790 2827 ἀπαυγάσματος)
2813 2774 2825 2787 ·
2857 2761 2948 2811 καὶ
2982 2762 3009 2812 6
3039 2761 3184 2823 Υἱὸς,
3218 2761 3562 2829 ἀπαύγασμα
3585 2764 3798 2832 τυγχά·

2215 2860 2340 2909 νων,
2369 2843 2429 2897 οὐ
2459 2861 2590 2898 ποτε
2617 2844 2788 2909 ἔσται,
2817 2845 2949 2898 ἀλλά
2978 2849 3282 2911 συναῖδίως,
3321 2852 3496 2918 φωτὸς
3522 2852 3675 2914 ὄντος
3699 2852 3796 2904 τοῦ

2214 2934 2347 2988 Θεοῦ
2408 2935 2542 3006 (45),
2607 2937 2682 3001 ὠς
2729 2937 2892 2992 Δαὸίδ
2945 2956 3144 3011 φησιν·
3190 2941 3291 2992 Ἐν
3343 2939 3423 3004 τῷ
3469 2944 3618 3008 φωτί
3672 2960 3795 2997 σου

2214 3026 2477 3093 ὀψόμεθα
2502 3027 2655 3094 φῶς·
2688 3031 2780 3082 καὶ
2811 3031 3006 3101 Δανιὴλ
3026 3049 3038 3062 ·
3065 3031 3172 3084 Καὶ
3203 3031 3265 3083 τὸ
3292 3031 3417 3099 φῶς
3448 3035 3571 3101 μετ’
3599 3035 3794 3088 αὑτοῦ

2214 3114 2400 3167 ἐστιν.
2443 3118 2504 3168 Εἰ
2549 3118 2608 3170 τὸ
2644 3118 2889 3192 γέννημα
2935 3123 3091 3175 οὐσία
3125 3125 3238 3174 ἐστὶ
3291 3125 3409 3175 κατ’
3463 3124 3684 3189 αὐτοὺς,
3721 3126 3799 3188 ὡς

2217 3211 2311 3262 καὶ
2338 3212 2397 3262 τὸ
2426 3214 2734 3284 ἀγέννητον,
2765 3220 3010 3290 γέννημα
3034 3221 3088 3272 δὲ
3122 3221 3150 3270 6
3185 3221 3308 3282 Υἱὸς
3339 3221 3430 3273 τοῦ
3477 3223 3612 3274 Θεοῦ
3660 3225 3802 3293 (44',

2217 3305 2309 3357 καὶ
2332 3306 2485 3357 οὐσία
2516 3308 2622 3377 ἄρα
2668 3311 2696 3360 6
2729 3310 2854 3372 Υἱὸς
2897 3313 2986 3365 τοῦ
3019 3314 3171 3366 Θεοῦ.
3211 3315 3271 3366 Ei
3315 3314 3570 3385 βουλήσει
3607 3319 3703 3370 καὶ
3737 3320 3801 3372 οὐ

2216 3396 2371 3463 φύσει
2400 3399 2427 3448 6
2454 3397 2583 3460 Θεὸς
2612 3399 2701 3450 τὸν
2734 3399 2858 3452 Υἱὸν
2887 3403 3140 3473 ἐγέννησε
3155 3425 3194 3466 -ι,
3223 3407 3254 3475 ἦ
3292 3405 3435 3469 ἅπαξ
3463 3406 3574 3476 (45)
3602 3406 3803 3478 βουλη-

2216 3488 2348 3551 Οεὶς,
2403 3487 2700 3557 ἀδούλητος
2749 3489 2809 3541 τὸ
2837 3488 3040 3554 λοιπὸν,
3077 3493 3108 3562 ἢ
3159 3495 3251 3545 καὶ
3283 3497 3441 3548 πάλιν
3487 3496 3798 3567 βουληθεὶς,

2215 3581 2306 3631 καὶ
2334 3579 2494 3634 πάλιν
2535 3581 2843 3650 ἐγέννησεν.
2896 3584 2957 3635 Εἰ
2985 3582 3040 3636 δὲ
3071 3585 3131 3636 οὐ
3171 3585 3266 3652 μία
3304 3587 3556 3656 βούλησις
3602 3592 3796 3655 αὐτοῦ,

2217 3671 2350 3722 ἀλλά
2383 3672 2653 3741 διάφορος,
2685 3674 2864 3726 οὐκέτι
2890 3675 3088 3739 ἁπλοῦς
3109 3677 3227 3729 οὐδὲ
3252 3677 3368 3740 ἐνὸς
3401 3683 3633 3752 ποιητὴς
3658 3684 3797 3748 (46),

2214 3762 2326 3814 ἀλλ’
2357 3762 2430 3826 ὼς
2465 3763 2712 3832 βούλεται
2741 3766 2832 3816 καὶ
2855 3770 3019 3818 ποιεῖ.
3065 3767 3126 3818 Εἰ
3156 3768 3286 3830 Θεὸς
3323 3769 3383 3820 οὐ
3425 3775 3611 3842 γεννᾷ,
3643 3775 3677 3842 ἣ
3709 3775 3797 3828 διὰ

2214 3854 2274 3906 τὸ
2301 3854 2374 3924 μὴ
2397 3853 2652 3907 δύνασθαι
2682 3856 2916 3921 πάντως,
2945 3858 2977 3930 ἢ
3007 3857 3092 3912 διὰ
3113 3859 3174 3911 τὸ
3199 3859 3273 3930 μὴ
3305 3859 3616 3929 βούλεσθαι.
3646 3865 3800 3917 Ἀλλ’

2214 3945 2261 3994 εί
2291 3944 2388 4012 μὲν
2431 3944 2491 3995 οὐ
2534 3943 2786 4012 δύναται,
2840 3949 3018 4018 ἥττων
3070 3953 3389 4023 γεννητικῆς
3439 3956 3533 4006 καὶ
3576 3955 3796 4020 τελείας

2214 4028 2448 4098 φύσεως,
2480 4034 2609 4104 πρὸς
2631 4034 2707 4104 τῷ
2745 4037 2857 4106 (47)
2899 4038 2991 4090 καὶ
3023 4039 3311 4107 ἀδυναμεῖν
3332 4059 3343 4071 ·
3381 4044 3428 4094 εί
3459 4043 3515 4095 δὲ
3558 4044 3795 4114 δυναμε-

2213 4145 2300 4190 νος
2323 4128 2420 4182 οὐκ
2449 4131 2742 4201 ἠϐουλήθη,
2773 4133 2800 4185 ὃ
2839 4134 2992 4202 φύσει
3021 4135 3143 4203 ἔσχε
3169 4173 3182 4196 ,
3212 4133 3461 4203 βουλήσει
3494 4138 3791 4206 κατέσχεν.

2215 4219 2375 4272 Ὥστε
2429 4223 2474 4272 εἰ
2527 4223 2621 4274 καὶ
2667 4227 2831 4293 μήπω
2883 4227 3136 4295 ἐγέννησε
3177 4225 3309 4295 (48),
3358 4226 3642 4295 βουληθεὶς
3683 4230 3795 4298 ἄρα

2213 4313 2457 4380 γεννήσει
2509 4313 2659 4365 ποτέ.
2721 4313 2787 4365 Εἴ
2838 4332 2966 4368 ποτε
3015 4316 3113 4369 οὐκ
3156 4312 3222 4387 ἦν
3268 4320 3296 4369 6
3347 4316 3507 4380 Υἱὸς,
3559 4319 3694 4371 αὐτὸ
3730 4321 3792 4372 τὸ

2213 4401 2406 4465 ἐκεῖνο,
2434 4404 2494 4456 τὸ
2519 4405 2684 4467 ποτὲ,
2713 4407 2863 4460 ἔσται
2894 4411 2991 4478 μὲν
3019 4411 3154 4480 μετὰ
3177 4412 3275 4463 τὸν·
3292 4413 3656 4481 γεννήσαντα,
3684 4414 3792 4482 πρὸ

2309 4493 2402 4546 τοῦ
2449 4496 2816 4567 γεννηθέντος.
2867 4501 3061 4554 Οὐκέτι
3091 4497 3181 4554 οὖν
3212 4503 3316 4573 πρὸ
3349 4504 3570 4556 πάντων
3606 4507 3636 4556 ὁ
3661 4505 3790 4565 Υἱὸς

2121 4625 2166 4657 ⁸³
2189 4627 2335 4684 Psal.
2374 4646 2541 4696 xxxv,
2573 4634 2661 4688 l0.
2735 4635 2780 4669 ⁵⁸
2817 4636 2950 4691 Dan.
2979 4652 3038 4702 ll,
3068 4637 3164 4692 22.

2284 4772 2394 4843 (46)
2425 4772 2572 4849 Editi
2595 4773 2774 4849 οὐκέτι
2811 4774 3009 4849 ἁπλοῦς
3038 4776 3155 4829 οὐδὲ
3184 4777 3240 4829 ἒν
3267 4781 3295 4830 6
3325 4779 3575 4849 ποιητής.
3615 4779 3788 4838 Inter-

2210 4855 2334 4908 pres
2372 4841 2383 4896 ἐ
2414 4841 2523 4895 Nec
2558 4847 2664 4910 ipse
2696 4846 2912 4911 simplex
2946 4857 3043 4904 est.
3088 4863 3179 4898 nec
3207 4865 3339 4900 unus
3381 4841 3606 4904 creator.
3649 4853 3784 4906 Ver-

2214 4912 2364 4964 tisset
2391 4913 2547 4977 alios,
2580 4924 2672 4964 aut
2701 4924 2847 4968 certe
2871 4926 3078 4969 vertere
3097 4917 3388 4983 dehuiSsel,
3414 4935 3505 4972 nec
3532 4927 3787 4975 conditor

2209 4993 2282 5031 est
2320 4999 2398 5033 res
2447 5000 2570 5053 una.
2631 4983 2781 5052 ltegii
2839 4987 3127 5049 secundus,
3177 4988 3387 5049 tertius,
3443 5003 3675 5053 quartus
3732 5005 3785 5045 et

2209 5061 2391 5129 sex-tus
2417 5067 2508 5116 pro
2532 5051 2588 5102 ἓν
2613 5054 2900 5129 όΠποιητής
2941 5055 3136 5129 habent
3169 5055 3285 5129 se;
3320 5051 3576 5128 ποιητής,
3613 5076 3783 5129 neque

2209 5121 2365 5190 unius
2405 5125 2596 5188 factor.
2633 5121 2891 5188 Exiguum
2923 5125 3135 5190 quidem
3164 5125 3370 5180 videtur
3396 5121 3655 5180 mendum
3696 5121 3782 5184 Ἰἰ-

2206 5187 2369 5263 brarii
2403 5187 2494 5257 qui
2528 5187 2776 5263 proAévtS’;
2807 5187 3022 5263 scripsit
3049 5193 3106 5246 ἒν
3130 5195 3157 5245 ὁ
3193 5213 3204 5247 :
3244 5199 3335 5249 sed
3369 5207 3571 5263 tamen,
3608 5209 3673 5252 ut
3702 5201 3778 5261 lit,

2208 5256 2306 5333 hac
2336 5256 2853 5333 parvaiiegligentia
2900 5256 3116 5316 delusus
3174 5266 3440 5333 interpres
3472 5256 3782 5322 ita'cmcu;

2207 5325 2439 5403 ti_vit._ut
2472 5325 2732 5394 ejus'lo'ci
2780 5335 3106 5385 sententiam
3145 5350 3241 5388 nec
3274 5325 3631 5403 eipresserit,
3677 5354 3776 5390 nec

2204 5396 2420 5450 viderit.

2276 5467 2385 5534 H7)
2434 5465 2670 5543 Eliti_et
2717 5470 2847 5540 Reg.
2903 5474 3168 5528 secundus
3217 5472 3350 5543 πρὸς
3391 5476 3472 5528 τό.
3530 5476 3636 5530 Alii
3669 5487 3779 5528 tros

2211 5552 2338 5588 nth
2375 5538 2507 5605 πρὸς
2546 5539 2642 5609 τῷ.

2282 5606 2392 5684 (48)
2425 5608 2560 5661 Ειιίιί
2589 5606 2751 5684 εἰλκαὶ
2781 5615 2851 5684 μή
2884 5630 3011 5666 ποτε
3038 5615 3310 5683 ἐγέννησε.
3341 5614 3520 5671 Codex
3549 5617 3704 5672 Colh.
3733 5627 3786 5672 et

2213 5675 2298 5729 aln
2330 5683 2431 5733 duo
2465 5695 2594 5737 mss.
2637 5675 2864 5753 liegitut
2903 5687 2953 5738 in
2987 5675 3261 5741 contextu.
