4008 6450
229 408 341 460 677

1324 409 1691 468 ADVERSUS
1728 408 2094 465 EUNOMIUM
2134 406 2261 461 LIB.
2306 406 2394 462 IV.

3362 406 3467 460 678

228 526 401 596 χωρὶς
435 529 526 581 τοῦ
573 527 801 598 Πατρὸς,
840 528 973 581 ἀλλὰ
1012 530 1103 584 καὶ
1139 532 1275 603 μετὰ
1301 531 1361 583 τὸ
1411 534 1555 585 ποτὲ
1579 534 1771 606 εὐρεθή

1905 538 2153 585 creator:
2183 529 2276 585 sed
2335 535 2393 581 ut
2442 524 2573 589 vult,
2618 529 2690 583 ita
2736 535 2790 583 et
2842 524 2991 580 facit.
3049 523 3105 579 Si
3161 523 3302 580 Deus
3361 538 3467 579 non

230 630 405 667 σεται.
451 618 634 686 Ἠμῶν
664 616 947 683 λεγόντων,
991 621 1202 691 Πατρὸς
1248 620 1396 684 ὄντος
1437 621 1543 685 ἀεὶ,
1584 625 1794 692 ἀνάγκη

226 708 325 758 καὶ
358 708 434 759 τὸν
450 708 573 759 Υὶὸν
595 702 732 759 εἶναι
757 707 860 772 ἀεὶ,
889 712 1083 766 ἐκεῖνοί
1123 729 1282 780 φασιν
1303 729 1317 743 ’
1356 714 1585 779 Οὐκοῦν,
1610 717 1794 784 ἐπειδὴ

226 799 324 851 καὶ
362 802 389 851 6
430 798 553 857 Υἱὸς
606 798 693 848 ἀεὶ
746 799 1089 874 δημιουργὸς,
1144 804 1235 855 καὶ
1279 808 1309 874 ή
1353 804 1676 873 δημιουργία
1711 808 1795 858 ἀεὶ

224 890 405 949 ἔσται,
448 889 541 947 καὶ
587 889 757 954 οὔτως
784 894 934 947 ἔσται
987 895 1131 962 καὶὴ
1178 895 1503 965 δημιουργία
1530 900 1795 958 συναῖδιος

224 981 403 1049 Πατρὶ
432 982 524 1032 καὶ
557 980 687 1053 Υἰῷ.
734 986 871 1037 Ἀλλ’
911 989 937 1037 6
984 982 1148 1035 εἰπὼν
1178 985 1503 1057 δημιουργὸν
1536 988 1631 1056 οὐχ
1680 989 1795 1056 ἃμα

223 1072 322 1123 καὶ
346 1070 442 1140 τὴν
464 1072 819 1145 δημιουργίαν
840 1077 1003 1141 λέγει.
1030 1077 1103 1126 Οὐ
1127 1077 1233 1148 γὰρ
1255 1078 1331 1148 τῷ
1371 1078 1635 1145 οἰκοδόμῳ
1682 1095 1798 1128 συν-

222 1163 463 1231 υπάρχει
494 1165 552 1217 τὸ
581 1168 936 1235 οἰκοδόμημα,
956 1167 1074 1218 οὐδὲ
1094 1168 1169 1238 τῷ
1188 1168 1449 1237 ναυπηγῷ
1472 1168 1530 1219 τὸ
1568 1169 1793 1234 σκάφος.

233 1254 302 1305 Ἤ
341 1255 437 1323 μὲν
470 1258 576 1328 γὰρ
600 1260 707 1327 (49)
732 1260 1056 1326 δημιουργία
1086 1263 1141 1313 ἐν
1172 1262 1247 1331 τῷ
1280 1260 1616 1331 δημιουργῷ,
1646 1262 1706 1313 τὸ
1738 1262 1793 1313 δὲ

220 1344 721 1420 δημιουργούμενον
768 1352 903 1419 μετὰ
951 1354 1040 1406 τὸν
1068 1354 1418 1423 δημιουργόν.
1475 1354 1691 1423 Πατέρα
1739 1354 1793 1405 δὲ

217 1437 396 1492 εἰπεῖν
428 1442 704 1505 ἀδύνατον,
734 1440 806 1512 μὴ
834 1442 981 1507 ὄντος
1008 1445 1157 1496 Υἱοῦ.
1189 1444 1298 1495 Καὶ
1324 1446 1350 1495 ὀ
1373 1444 1537 1497 εἰπὼν
1569 1446 1791 1515 Πατέρα

216 1529 321 1600 οὐχ
344 1532 525 1593 ἁπλῶς
560 1531 797 1601 Πατέρα,
823 1535 958 1587 ἀλλά
985 1552 1128 1597 τινος
1157 1535 1303 1601 λέγει
1337 1535 1575 1608 Πατέρα.

1904 631 2160 692 generat;
2211 631 2303 675 aut
2367 619 2491 689 quia
2534 621 2754 674 omnino
2801 634 2906 675 non
2960 625 3154 686 potest,
3193 624 3287 670 aut
3338 617 3468 685 quia

1906 728 2009 766 non
2048 712 2178 773 vult,
2215 727 2319 765 non
2362 719 2603 780 generat.
2638 707 2763 773 Sed,
2792 711 2835 765 si
2877 723 2983 764 non
3020 715 3218 775 potest,
3247 704 3470 760 inferior

1905 812 1987 855 est
2022 812 2211 853 natura
2248 816 2332 866 ea,
2367 814 2485 869 qua
2514 809 2759 868 generat,
2804 813 3028 869 quaeque
3076 795 3309 867 perfecta
3361 806 3468 859 est,

1905 902 2263 961 praeterquam
2286 892 2425 957 quod
2454 890 2617 945 etiam
2654 888 2930 942 imbecillis
2957 901 3038 945 est
3071 906 3085 943 :
3123 889 3165 945 si
3189 901 3315 943 vero
3342 902 3468 941 cum

1903 995 2102 1053 posset,
2158 980 2360 1043 noluit;
2421 980 2564 1050 quod
2618 979 2805 1033 habuit
2845 989 3059 1045 natura,
3110 982 3162 1035 id
3193 980 3469 1036 voluntate

1900 1077 2160 1130 cohibuit.
2205 1074 2405 1141 Quare,
2439 1074 2540 1127 etsi
2591 1072 2827 1127 nonduin
2883 1072 3101 1140 genuit,
3154 1081 3332 1128 tamen
3376 1071 3467 1127 ubl

1898 1167 2173 1229 voluerit,
2221 1164 2498 1235 generabit.
2564 1165 2747 1233 utique
2813 1162 3125 1231 aliquando.
3178 1164 3235 1217 Si
3298 1166 3467 1220 Filius

1899 1258 2187 1326 aliquando
2237 1273 2341 1312 ιιοιι
2398 1266 2534 1321 erat,
2587 1256 2713 1309 illud
2750 1295 2765 1320 ,
2813 1256 3099 1324 aliquando
3131 1296 3147 1321 ,
3198 1266 3320 1324 post
3369 1275 3466 1326 ge-

1900 1352 2129 1404 nitorem
2168 1350 2380 1418 quidem
2419 1347 2543 1413 erit,
2586 1350 2678 1403 sed
2722 1358 2846 1402 ante
2898 1349 3157 1417 genitum.
3200 1346 3316 1403 Non
3363 1349 3465 1420 igi-

1901 1452 2008 1507 tur,
2048 1441 2209 1495 Patre
2242 1450 2491 1508 excepto,
2531 1452 2655 1493 ante
2687 1440 2866 1493 omnia
2908 1438 3075 1493 Filius
3101 1448 3181 1493 est
3213 1458 3227 1494 :
3277 1455 3466 1495 verum

1899 1534 2064 1589 etiam
2119 1541 2241 1603 post
2272 1531 2419 1593 illud,
2471 1530 2776 1599 aliquando,
2835 1546 2953 1586 esse
2990 1531 3315 1587 invenietur.
3353 1531 3467 1587 Nos

218 1641 345 1679 cum
380 1626 631 1686 dicimus,
664 1628 805 1695 quod
847 1642 968 1680 cum
1014 1626 1174 1680 Pater
1202 1642 1413 1698 semper
1444 1631 1533 1695 sit,
1561 1643 1781 1683 necesse
1814 1637 1897 1681 est
1960 1628 2124 1681 etiam
2199 1623 2396 1678 Filium
2445 1637 2657 1689 semper
2692 1637 2847 1685 esse;
2898 1623 2971 1677 illi
3002 1623 3188 1677 dicunt
3239 1642 3253 1677 :
3302 1623 3468 1694 Igitur

221 1736 349 1775 cum
382 1729 436 1772 et
464 1718 635 1775 Filius
670 1737 881 1790 semper
911 1719 1091 1786 opifex
1118 1721 1208 1786 sit,
1247 1725 1522 1792 opificium
1579 1738 1794 1792 quoque
1833 1737 2044 1790 semper
2078 1722 2207 1785 erit,
2268 1722 2457 1788 sicque
2492 1716 2765 1785 opiﬁcium
2797 1718 2959 1771 etiam
2999 1734 3103 1773 una
3129 1734 3251 1774 cum
3303 1718 3467 1773 Patre

214 1826 274 1866 ει
305 1813 440 1866 Filio
473 1824 733 1869 aeternum
779 1816 901 1869 erit.
959 1816 1029 1869 At
1079 1818 1166 1883 qui
1199 1819 1335 1870 dixit
1362 1817 1632 1885 opiﬁcem,
1667 1834 1771 1871 non
1815 1818 2155 1872 simuletiam
2194 1816 2469 1886 Opiﬁcium
2535 1814 2693 1869 dixit.
2728 1812 2843 1867 Non
2906 1814 3049 1869 enim
3084 1831 3190 1869 una
3220 1831 3342 1871 cum
3390 1833 3465 1869 ae-

212 1904 496 1960 diﬁcatore
543 1908 828 1961 aedilicium
860 1907 1099 1969 exsistit,
1145 1923 1319 1977 neque
1354 1925 1459 1962 una
1528 1925 1649 1963 cum
1687 1911 1904 1964 navium
1970 1908 2295 1964 fabricatore
2336 1907 2555 1978 scapha.
2624 1905 2719 1960 Est
2751 1907 2896 1960 enim
2964 1907 3207 1975 operatio
3268 1908 3321 1961 in
3351 1908 3464 1976 opi-

216 1994 321 2048 tice
351 2014 364 2049 :
392 1997 562 2067 ipsum
605 2007 785 2051 autem
821 2014 957 2069 Opus
996 2010 1115 2068 post
1160 2001 1433 2069 opiﬁcem.
1466 2000 1636 2055 Porro
1672 2002 1788 2055 ﬁeri
1832 2017 1935 2055 non
1970 2012 2149 2071 pOIcst
2188 2012 2246 2054 ut
2274 2001 2434 2055 Pater
2460 2001 2668 2056 dicatur
2700 2015 2839 2067 esse,
2874 1999 2980 2054 nisi
3042 1998 3115 2054 sit
3176 2000 3366 2056 Filius.
3398 2001 3459 2054 Et

210 2088 309 2157 qui
342 2088 555 2143 Patrem
613 2088 769 2154 dixit,
825 2107 929 2145 non
962 2091 1276 2159 simpliciter
1302 2090 1536 2156 Patrem,
1565 2094 1659 2147 sed
1699 2094 1925 2163 alicujus
1960 2093 2172 2147 Patrem
2198 2093 2350 2145 dixit.

288 2182 339 2235 2.
381 2184 531 2245 Θεὸς,
579 2183 670 2235 καὶ
701 2184 927 2255 Κύριος,
965 2186 1059 2237 καὶ
1094 2189 1507 2258 παντοκράτωρ,
1553 2190 1644 2241 καὶ
1686 2190 1788 2241 Σα-
1820 2197 1863 2251 Β

211 2274 363 2327 ϐαίυο
403 2275 537 2342 (50),
572 2277 666 2327 κα)⁹
700 2275 795 2336 ὣν,
829 2278 923 2328 καὶ
966 2276 1211 2339 Ἀδωναῒ,
1251 2280 1344 2330 καὶ
1393 2280 1565 2344 Ἐλωῖ,
1597 2282 1623 2331 6
1655 2281 1784 2333 Θεὸς

209 2367 271 2419 ἐν
299 2368 417 2428 ταῖς
449 2366 685 2435 Γραφαῖς
716 2369 927 2437 εἴρηται
956 2383 968 2395 ·
1000 2368 1291 2437 ἀγέννητος
1329 2370 1385 2422 δὲ
1426 2370 1683 2440 οὐδαμιίῖ.
1720 2375 1784 2425 Εἰ

208 2458 269 2509 δέ
307 2474 389 2519 τις
429 2459 521 2509 καὶ
548 2456 706 2510 τοῦτο
738 2460 1103 2529 συγχωρήσει,
1135 2461 1225 2512 καὶ
1248 2461 1307 2513 τὸ
1341 2460 1666 2529 ἁγέιίνητος
1694 2462 1787 2513 κα)⁵

209 2548 283 2600 τὰ
333 2548 668 2619 προκείμενα
723 2551 964 2619 ὀνόματα
1016 2550 1193 2619 λέγειν
1242 2553 1473 2621 ἁρμόσει
1519 2553 1611 2603 καὶ
1660 2553 1787 2604 Ἰου-

207 2640 379 2703 δαίοις
396 2644 488 2694 καὶ
518 2644 669 2694 nisi“
693 2644 735 2694 Χ
744 2645 1035 2712 ριστιανοῖς
1054 2642 1108 2693 δὲ
1130 2643 1311 2706 μόνως
1342 2643 1400 2693 τὸ
1430 2642 1631 2709 Πατὴρ
1652 2645 1784 2709 Χρι-

207 2731 381 2785 στοῦ.
414 2734 475 2785 Εἰ
526 2728 617 2785 οῦν
680 2771 724 2786 .,
778 2750 936 2801 μονον
984 2731 1216 2802 χωρίζον
1273 2734 1419 2801 ἡμᾶς
1472 2732 1578 2785 τῶν
1612 2734 1785 2787 ἄλλων

204 2823 433 2891 ψευδὲς,
478 2826 570 2876 καὶ
611 2824 709 2875 οὐκ
741 2824 935 2892 ἀληθὲς
968 2824 1101 2889 (51),
1139 2822 1231 2875 καὶ
1274 2824 1443 2892 ὄνομα
1480 2824 1645 2888 θέσει,
1692 2824 1785 2877 καὶ

205 2915 268 2965 οὺ
312 2917 543 2982 πρᾶγμα
583 2914 775 2980 φύσει·
832 2913 1031 2983 ψευδὴς
1074 2916 1106 2982 ἡ
1155 2915 1338 2977 πίστις
1397 2916 1575 2985 ημῶν,
1613 2918 1705 2969 καὶ

205 3011 363 3072 ἐλπὶς
397 3010 618 3078 ματαία.
654 3004 726 3062 Οὖ
758 3008 863 3080 γὰρ
897 3009 1149 3073 ἀϐέϐαιος
1194 3012 1226 3079 ἡ
1274 3010 1438 3081 ἀρχὴ,
1482 3011 1577 3063 καλ¹
1608 3011 1668 3064 τὸ
1701 3011 1785 3063 τέ·-

204 3102 296 3165 λος
337 3102 646 3172 ἀνίσχυρον.
696 3102 861 3155 Πάλιν
900 3102 1210 3173 ἐρωτῶσιν·
1247 3104 1309 3155 Εἰ
1344 3102 1419 3155 ὢν
1463 3103 1725 3174 ἐγεννήθη
1756 3104 1784 3155 6

206 3195 407 3264 Υίὸς,ἢ
442 3196 513 3265 μὴ
548 3194 620 3245 ὧν
642 3212 653 3223 ·
692 3194 934 3262 ἀσαφοῦς
965 3197 1057 3248 καὶ⁵
1090 3196 1419 3265 κακοτέχνου
1451 3197 1551 3266 τῆς
1581 3197 1784 3267 ἐρωτή-

204 3304 345 3348 σεως
370 3286 535 3355 οὔσης
580 3286 777 3338 αὐτῶν.
832 3289 1218 3356 Αἰσχυνομενοι
1269 3289 1376 3357 γὰρ
1402 3289 1461 3341 τὸ
1493 3290 1655 3351 πότε,
1688 3289 1782 3341 καὶ¹

201 3378 274 3429 ἐν
299 3378 515 3444 χρόνῳ,
549 3376 842 3445 ἐρωτῆσαι,
866 3376 926 3427 τὸ
950 3374 1033 3426 ὢν
1065 3376 1331 3443 λέγουσιν.
1385 3378 1781 3449 Ἀντερὼτησον

201 3471 407 3534 αὐτούς
428 3487 441 3498 ⁸
482 3472 543 3522 Ei
577 3470 651 3522 ὢν
693 3473 720 3523 6
746 3472 875 3533 Θεὸς
899 3472 1088 3541 Πατὴρ
1118 3472 1209 3523 τὸν
1246 3472 1373 3524 Υἱὸν
1407 3474 1715 3544 ἐγέννησεν,
1746 3476 1777 3545 ἦ

203 3564 281 3635 μὴ
308 3567 381 3616 ὼν
407 3564 596 3634 Πατήρ
618 3562 720 3627 ,Εἰ
752 3564 848 3633 μὲν
887 3562 995 3633 γὰρ
1027 3562 1101 3614 ὢν
1132 3563 1343 3633 Πατὴρ,
1370 3564 1445 3616 ὢν
1475 3564 1603 3617 ὄντα
1630 3565 1782 3632 ἐγέν-
1810 3544 1852 3599 C

201 3673 397 3724 νησεν·
434 3657 481 3707 εἰ
521 3655 577 3708 δὲ
612 3655 711 3707 οὐκ
746 3653 842 3717 ὢν,
875 3654 1131 3721 γεννητὸς
1164 3656 1259 3707 καὶ
1288 3655 1347 3706 οὐ
1372 3654 1533 3723 φύσει
1566 3658 1775 3727 Πατήρ.

200 3748 394 3800 Πᾶσαν
442 3747 498 3798 δὲ
553 3745 883 3815 φιλονεικίαν
913 3744 1093 3799 αὐτῶν
1124 3746 1501 3799 ἀποκλείουσιν
1532 3749 1589 3799 αἱ
1640 3746 1778 3801 Θείαι

201 3836 435 3904 Γραφαὶ,
468 3835 711 3896 Μωσέως
748 3835 846 3903 μὲν
885 3834 1112 3903 βοῶντος
1139 3835 1268 3903 περὶ
1296 3834 1389 3887 τοῦ
1420 3835 1575 3902 Υίοῦ,
1612 3836 1672 3889 '0
1696 3836 1779 3888 ὠν

198 3944 273 3995 με
302 3926 648 3979 ἀπέστειλε·
680 3926 772 3977 τοῦ
794 3927 849 3977 δὲ
872 3928 1281 3994 εὐαγγελιστοῦ,
1331 3929 1427 3980 Ἐν
1446 3928 1605 3996 ἀρχῇ
1637 3926 1717 3998 ἦν
1744 3930 1775 3981 ὁ

200 4022 411 4086 Λόγος.
445 4018 554 4071 Καὶ
590 4018 687 4086 οὐχ
730 4017 875 4081 ἅπαξ
925 4021 984 4070 τὸ
1023 4017 1119 4088 ἦν,
1174 4020 1310 4072 ἀλλὰ
1344 4020 1622 4091 τέταρτον.
1666 4024 1775 4075 Καὶ

201 4109 365 4162 πάλιν
398 4106 630 4176 ἀλλαχοῦ
651 4123 663 4135 ·
709 4107 770 4159 '0
802 4106 888 4159 ὢν
912 4108 979 4159 ἐκ
1008 4108 1113 4159 τοῦ
1146 4110 1291 4161 Θεοῦ
1312 4126 1324 4139 ·
1368 4111 1481 4161 καί·
1530 4110 1580 4161 '0
1605 4108 1689 4161 ὢν
1708 4111 1777 4162 ἐν

182 4196 327 4263 ’τοῖς
361 4200 608 4261 κόλποις
634 4197 739 4250 τοῦ
772 4199 1029 4264 Πατρός·
1064 4200 1157 4251 καὶ
1182 4200 1238 4250 ἐν
1266 4200 1492 4268 ἑτέροις·
1527 4202 1577 4251 '0
1597 4201 1682 4252 ὢν
1708 4203 1776 4254 ἐν

200 4288 284 4353 τῷ
314 4287 565 4356 οὐρανῷ·
606 4289 714 4339 Καὶ
754 4288 809 4338 ὲν
840 4291 906 4357 τῇ
946 4288 1339 4357 Ἀποκαλύιξιεγ
1383 4290 1435 4340 '0
1469 4287 1571 4353 ὢν,
1605 4290 1701 4343 καὶ
1742 4294 1776 4343 ὀ

199 4377 281 4450 ἦν
310 4381 439 4451 (52),
492 4378 587 4433 καὶ
634 4382 666 4430 d
696 4380 1049 4446 ἐρχόμενος·
1081 4381 1173 4432 καὶ
1220 4380 1247 4430 6
1284 4380 1492 4443 Παῦλος
1512 4397 1525 4411 ·
1570 4382 1666 4445 Ὃς
1690 4378 1774 4434 ὢν

200 4473 567 4539 απαύτασμα
593 4468 700 4536 τῆς
736 4469 923 4533 δόξης
948 4486 960 4497 ·
991 4471 1116 4523 καί·
1156 4473 1259 4535 Ὃς
1288 4472 1357 4523 ἐν
1391 4470 1595 4539 μορφῇ
1624 4470 1772 4523 Θεοῦ

199 4563 487 4630 ὑπάρχων
513 4579 527 4590 ⁸
575 4562 669 4614 ’καὶ
714 4561 903 4613 πάλιν’
952 4561 1016 4613 ’0
1064 4561 1149 4615 ὢν
1193 4564 1289 4615 ἐπὶ
1340 4563 1581 4617 πάντων
1628 4565 1771 4629 Θεὸς

198 4653 547 4719 εὐλογητός.
570 4650 631 4702 ΕΞ
654 4652 903 4721 ἀληθινὸς
926 4651 1076 4713 Θεὸς,
1096 4654 1188 4704 καὶ
1216 4654 1348 4721 φῶς,
1368 4656 1460 4707 καὶ
1481 4656 1767 4726 ἄτρεπτος,

198 4749 297 4799 καὶ
324 4744 545 4812 ἀγαθὸς,
579 4746 671 4795 καὶ
697 4746 867 4812 ἅγιος,
894 4748 986 4797 καὶ
1020 4746 1223 4816 Κύριος
1256 4751 1283 4799 6
1314 4749 1460 4812 Υἱὸς,
1495 4725 1667 4803 ταῦτα
1712 4725 1769 4803 δέ

1966 2226 2017 2241 ...
2050 2187 2214 2250 Deus,
2246 2195 2299 2240 et
2335 2185 2615 2251 Dominus,
2648 2193 2701 2239 et
2722 2186 3082 2254 omnipotens.
3110 2197 3165 2240 et
3195 2186 3458 2253 Sabaoth,

1888 2288 1941 2333 et
1975 2280 2067 2346 qui
2108 2286 2211 2342 est,
2250 2287 2304 2331 et
2332 2276 2573 2341 Adonai,
2621 2285 2678 2329 et
2723 2276 2835 2329 ΕΙοι
2887 2276 3189 2346 appellatur
3228 2275 3367 2331 Deus
3406 2279 3457 2331 in

1889 2372 2223 2439 Scripturis;
2266 2371 2541 2440 ingenitus
2572 2384 2700 2423 vero
2736 2384 3022 2438 nusquam.
3059 2369 3212 2435 Quod
3250 2369 3297 2423 si
3332 2370 3458 2438 quis

1890 2464 1992 2517 hoc
2024 2464 2187 2517 etiam
2221 2465 2584 2527 concesserit;
2625 2473 2681 2516 ει
2732 2478 2923 2516 nomen
2972 2464 3265 2536 ingenitus...
3284 2472 3341 2518 et
3369 2479 3458 2517 re-

1889 2555 1995 2609 lata
2027 2556 2175 2623 prius
2208 2556 2420 2609 nomina
2446 2564 2503 2609 ut
2523 2553 2743 2620 Judaais,
2785 2557 2853 2607 ita
2902 2556 3022 2609 aliis
3054 2555 3302 2609 omnibus
3329 2571 3459 2625 pro-

1890 2646 2032 2701 ferre
2062 2650 2349 2702 conveniet
2384 2667 2396 2701 :
2443 2648 2768 2702 Christianis
2809 2662 2937 2701 vero
2981 2647 3111 2703 solis
3143 2648 3262 2711 hoc,
3294 2644 3459 2701 Pater

1888 2736 2107 2792 Christi.
2135 2738 2190 2793 Si
2241 2740 2403 2809 igitur
2435 2740 2575 2807 quod
2604 2738 2773 2795 solum
2799 2754 2827 2792 a
2853 2740 3061 2794 caeteris
3091 2753 3189 2793 nos
3217 2747 3456 2809 separat,

1890 2829 1941 2884 id
1982 2829 2175 2885 falsum
2214 2839 2315 2893 est,
2351 2845 2449 2884 nec
2477 2845 2683 2895 verum,
2713 2830 2757 2883 si
2792 2844 2987 2883 nomen
3023 2837 3111 2883 est
3143 2828 3454 2897 adoptione,

1887 2938 1995 2975 non
2029 2938 2115 2976 res
2138 2932 2353 2986 natura,
2379 2920 2513 2974 falsa
2543 2929 2627 2973 est
2656 2920 2788 2973 lides
2816 2928 3022 2984 nostra,
3052 2928 3107 2973 et
3140 2934 3263 2986 spes
3291 2933 3454 2971 vana.

1887 3014 2052 3082 Cujus
2079 3013 2222 3065 enim
2252 3011 2574 3079 principium
2614 3010 2884 3063 infirmum
2907 3019 3010 3071 est,
3048 3008 3165 3077 ejus
3192 3011 3355 3063 etiam
3391 3010 3454 3063 li—

1889 3106 1974 3158 nis
2004 3104 2194 3159 debilis
2229 3116 2331 3157 εει.
2365 3101 2573 3156 Rursus
2602 3102 2954 3171 interrogant,
2995 3100 3188 3156 Utrum
3219 3116 3341 3157 cum
3367 3116 3455 3156 es-

1886 3205 1987 3261 set,
2011 3194 2219 3265 genitus
2244 3196 2314 3249 sit
2336 3193 2525 3257 Filius,
2551 3208 2618 3247 an
2655 3208 2774 3248 cum
2798 3208 2902 3248 non
2928 3204 3071 3248 esset
3099 3210 3114 3248 :
3143 3202 3199 3247 at
3221 3193 3451 3248 obscura

1884 3300 1939 3345 et
1967 3290 2193 3359 maligna
2222 3297 2305 3343 est
2331 3302 2518 3343 eorum
2558 3287 2930 3356 interrogatio.
2956 3286 3194 3349 Etenim,
3218 3286 3342 3340 dum
3360 3300 3454 3338 ve-

1886 3391 2073 3436 rentur
2121 3380 2458 3450 interrogare
2504 3378 2737 3449 quando.
2768 3390 2824 3431 et
2866 3378 3207 3447 intempore;
3240 3378 3449 3443 dicunt,

1884 3490 2003 3526 cum
2056 3483 2207 3526 esset.
2250 3471 2361 3526 Hos
2398 3469 2636 3525 vicissim
2678 3469 2970 3540 interroga,
3029 3468 3270 3534 Deusne,
3326 3483 3448 3523 cum

1883 3574 2026 3618 esset
2063 3562 2244 3626 Pater,
2287 3562 2483 3616 Filium
2534 3560 2738 3631 genuit,
2773 3578 2840 3616 an
2871 3576 2993 3615 cum
3024 3575 3133 3614 non
3172 3569 3318 3615 esset
3344 3559 3447 3615 Pa-

1884 3649 2011 3702 ter?
2047 3647 2103 3702 Si
2134 3648 2278 3703 enim
2307 3664 2429 3702 cum
2460 3658 2604 3704 esset
2633 3649 2798 3704 Pater
2819 3688 2834 3713 ,
2871 3650 3139 3704 exsistens
3176 3649 3449 3703 exsisten-

1883 3749 1988 3795 tem
2020 3741 2208 3809 genuit
2243 3757 2257 3793 :
2292 3749 2482 3795 contra
2522 3742 2566 3795 si
2597 3755 2719 3794 cum
2753 3755 2857 3794 non
2908 3750 3070 3805 esset,
3114 3741 3294 3795 factus
3339 3751 3445 3803 est.

1882 3845 1986 3885 non
2022 3840 2201 3885 autem
2233 3840 2424 3885 natura
2451 3829 2617 3900 282
2655 3829 2817 3885 Pater
2862 3841 2963 3885 est.
2994 3831 3221 3886 Omnem
3266 3842 3446 3884 autem

1880 3921 2121 3991 ipsorum
2146 3923 2553 3976 contentionem
2586 3920 2883 3974 excludunt
2904 3920 3102 3972 divinae
3126 3917 3443 3989 Scriptum,

1879 4028 2000 4067 cum
2030 4013 2207 4068 Moses
2236 4014 2452 4081 quidem
2488 4012 2683 4066 clamet
2718 4011 2784 4064 de
2818 4010 2953 4063 Filio
2985 4028 2998 4064 :
3029 4009 3134 4075 Qui
3166 4021 3263 4072 est,
3304 4010 3446 4063 misit

1877 4122 1957 4159 me
1987 4107 2032 4137 ⁸⁵
2060 4124 2073 4159 :
2109 4115 2163 4159 et
2189 4104 2551 4173 evangelista:
2589 4103 2657 4156 In
2695 4103 2953 4170 principio
2980 4112 3093 4155 erat
3127 4100 3350 4155 Verbum
3372 4102 3441 4156 ".

1877 4197 1988 4251 Nec
2012 4197 2178 4251 semel
2214 4197 2362 4261 dicit,
2400 4205 2534 4263 erat,
2583 4198 2675 4251 sed
2707 4203 2915 4263 quater.
2956 4193 3021 4247 Et
3044 4207 3230 4247 rursus
3266 4192 3393 4246 alibi
3425 4211 3442 4247 :

1880 4291 1986 4357 Qui
2012 4305 2075 4342 ea:
2095 4288 2202 4343 Deo
2244 4301 2319 4343 est
2346 4290 2391 4321 ⁵⁸
2418 4308 2432 4356 ;
2476 4298 2531 4345 ει
2561 4305 2575 4342 :
2606 4288 2711 4353 Qui
2738 4296 2814 4343 est
2845 4288 2901 4339 in
2924 4287 3040 4338 sinu
3073 4282 3252 4337 Patris
3279 4285 3361 4349 ";
3389 4294 3446 4338 et

1876 4383 1929 4436 in
1960 4383 2117 4437 aliis:
2149 4381 2253 4445 Qui
2280 4391 2353 4434 est
2385 4382 2439 4434 in
2464 4380 2591 4433 caelo
2621 4379 2665 4410 °°
2694 4394 2711 4444 ;
2776 4388 2831 4433 et
2866 4379 2919 4432 in
2948 4375 3301 4446 Apocalypsi:
3338 4376 3443 4440 Qui

1876 4482 1971 4532 est.
2005 4483 2052 4525 et
2090 4472 2178 4539 qui
2216 4482 2349 4532 erat,
2391 4481 2439 4524 et
2488 4471 2578 4538 qui
2626 4478 2871 4523 uenturus
2896 4477 2970 4520 est
3000 4466 3078 4531 ⁶¹;
3117 4475 3169 4521 ει
3194 4464 3392 4520 Paulus
3424 4484 3440 4521 :

1877 4562 1979 4627 Qui
2011 4578 2126 4614 cum
2156 4562 2221 4614 sit
2239 4562 2481 4627 splendor
2500 4560 2681 4629 gloria:
2702 4563 2785 4622 “;
2816 4568 2870 4612 et
2894 4576 2905 4611 :
2928 4557 3031 4622 Qui
3050 4573 3165 4609 cum
3197 4558 3250 4608 in
3271 4556 3443 4623 forma

1874 4654 1970 4706 Dei
1994 4664 2121 4706 esset
2152 4652 2197 4683 “
2222 4669 2235 4715 ;
2264 4661 2317 4705 et
2340 4666 2532 4706 rursus
2559 4668 2573 4705 :
2613 4650 2716 4715 Qui
2744 4660 2819 4706 est
2843 4651 2896 4703 in
2926 4650 3162 4703 omnibus
3196 4649 3330 4704 Deus
3354 4652 3442 4703 be-

1870 4744 2108 4797 nedictus
2151 4741 2215 4794 “.
2250 4742 2304 4794 Si
2333 4741 2502 4796 Filius
2531 4748 2616 4795 est
2642 4756 2801 4795 verus
2821 4740 2985 4804 Deus,
3016 4750 3071 4795 et
3096 4740 3208 4806 lux,
3246 4750 3301 4794 et
3339 4742 3441 4794 im-

201 4840 296 4893 καὶ
322 4841 350 4891 6
374 4837 560 4907 Πατὴρ
587 4836 683 4899 ὢν,
718 4839 815 4907 οὐχ
844 4840 1045 4905 ὁμοίως
1068 4840 1238 4903 ἐστὶν,
1280 4840 1414 4892 ἀλλὰ
1470 4840 1730 4911 μειζόνως
1750 4858 1761 4870 ·

1885 4835 2163 4895 mutabilis,
2199 4844 2252 4887 et
2288 4834 2477 4897 bonus,
2503 4842 2559 4888 et
2587 4843 2832 4897 sanctus,
2872 4842 2927 4887 et
2981 4831 3280 4887 Dominus:
3326 4833 3440 4888 lure

199 4933 301 4983 οὐκ
336 4930 519 4985 οὐσίας
547 4929 784 4999 ὑπεροχῇ
828 4930 937 4999 (55)
985 4930 1119 4983 ἀλλὰ
1154 4932 1435 4999 ποιότητος
1469 4932 1765 5002 ὑπερϐολῇ.

273 5048 319 5078 ⁸⁸
348 5045 513 5098 Exod.
546 5061 630 5107 ιιι,
666 5045 753 5097 Η.
831 5046 873 5075 ⁸⁷
896 5044 1049 5099 Joan.
1083 5063 1120 5111 ι,
1147 5049 1197 5101 l.

199 5116 247 5150 ⁶²
285 5115 447 5169 Hebr.
482 5130 519 5181 ι,
551 5115 604 5171 5.
682 5116 725 5145 ⁸³
750 5115 942 5182 Philip.
977 5132 1038 5180 ιι,
1072 5118 1123 5170 6.
1200 5117 1245 5149 ⁸⁸
1274 5120 1431 5172 llom.
1471 5133 1545 5183 Ix,
1576 5120 1626 5172 5.

271 5254 381 5325 (49)
408 5254 521 5319 Illa,
557 5258 621 5309 Ἡ
660 5256 757 5327 μὲν
796 5256 923 5326 γάρ,
969 5264 1099 5320 ειε.,
1150 5260 1228 5311 sic
1270 5259 1428 5311 velim
1474 5257 1755 5326 accipias:

197 5326 455 5382 Facultas
489 5329 564 5381 rei
612 5329 871 5380 facienda:
910 5330 1047 5380 inest
1072 5328 1283 5394 quidem
1314 5330 1365 5382 in
1398 5329 1591 5394 opiﬁce
1622 5344 1634 5378 :
1663 5328 1756 5381 sed

197 5412 289 5450 res
321 5398 433 5464 ipsa
474 5412 593 5463 quae
626 5396 872 5459 ellicitur,
907 5408 1028 5463 post
1059 5399 1231 5460 ipsum
1272 5406 1568 5464 permanet.
1599 5397 1752 5449 Haud

198 5466 356 5552 longe
386 5467 511 5519 editi
546 5466 637 5519 καὶ
674 5464 861 5517 εἰπών.
892 5468 1111 5535 Antiqui
1162 5468 1264 5521 duo
1294 5467 1413 5521 libri
1463 5467 1555 5519 καὶ
1607 5469 1635 5518 6
1676 5469 1753 5518 εί-

197 5552 337 5588 πων.

268 5605 382 5671 (50)
418 5604 619 5659 Nomen
663 5605 897 5659 Sabaoth
936 5619 1130 5660 nomen
1179 5606 1272 5659 Dei
1334 5621 1437 5658 non
1480 5619 1623 5669 esse,
1660 5606 1753 5659 sed

198 5689 418 5732 nomen.
449 5680 591 5745 quod
642 5676 733 5729 Dei
785 5678 983 5730 nomini
1020 5676 1285 5745 jungitur,
1339 5676 1451 5744 jam
1492 5685 1755 5729 notarunt

196 5746 297 5797 viri
330 5747 624 5801 doctissimi
652 5746 877 5799 Ducmus
900 5755 952 5798 et
973 5745 1345 5799 Comhelisius.

268 5814 379 5884 (51)
418 5818 544 5887 lieg.
576 5828 800 5886 quartus
834 5815 931 5867 οὐκ
976 5814 1169 5884 ἀληθὲς
1210 5816 1345 5869 κατὰ
1388 5819 1511 5879 τοὺς
1558 5818 1754 5886 αἱρετι-

1276 5048 1319 5079 ³⁸
1346 5047 1503 5101 Joan.
1532 5064 1646 5111 vm,
1688 5050 1777 5113 42,
1801 5046 1890 5100 ιτ.

1876 4940 2054 4983 autem
2082 4938 2134 4983 et
2162 4928 2326 4982 Pater
2361 4943 2482 4983 cum
2518 4928 2612 4993 sit,
2640 4942 2746 4981 non
2772 4926 3023 4981 similiter
3050 4938 3154 4991 est,
3198 4928 3288 4981 sed
3322 4941 3437 4980 am-

1979 5045 2203 5101 ”Joan.
2234 5061 2273 5111 ι,
2308 5043 2396 5098 18.
2496 5042 2541 5074 ⁸ο
2568 5040 2723 5096 Joan.
2760 5055 2843 5107 ιιι,
2878 5040 2965 5096 l5.
3043 5040 3087 5071 “
3113 5040 3280 5110 Apoc.
3316 5054 3333 5092 ι
3380 5038 3437 5093 8.

1862 5274 2046 5395 κοῖἓέ)
2076 5323 2214 5395 Editi
2248 5319 2340 5375 καὶ
2362 5320 2421 5395 ὃς
2448 5313 2537 5391 ἦν,
2585 5318 2741 5371 bene.
2772 5316 2843 5368 At
2877 5328 3006 5369 mss.
3035 5325 3126 5367 sex
3156 5310 3249 5364 καὶ
3283 5309 3313 5363 ὃ
3340 5305 3432 5379 ἦν,

1868 5392 1969 5451 nec
2002 5392 2155 5447 aliter
2189 5394 2379 5459 legitur
2407 5392 2458 5443 in
2493 5397 2845 5459 sacr_o_textn_.

1935 5466 2045 5534 (55)
2078 5465 2213 5517 Editi
2239 5451 2425 5518 οὐσίας
2448 5452 2915 5534 ὑπερϐολῇ,νάλλὰ
2947 5453 3228 5534 ποιότητος
3262 5451 3434 5534 ὑπερ-

1861 5524 1982 5608 οχῇ.
2016 5521 2087 5590 At
2155 5548 2287 5587 mss.
2326 5546 2422 5585 sex
2472 5541 2531 5608 ut
2559 5521 2618 5608 in
2647 5521 2929 5608 contextu,
2959 5525 3178 5608 inverso
3220 5521 3434 5608 ordine.

1862 5588 2306 5677 Πῖέξίεεειιιιόιιε
2366 5598 2551 5677 obuia;
2594 5594 2887 5677 ὑπεροχὴν,
2917 5592 3082 5677 ἀλλὰ
3148 5588 3433 5677 ποιότητος

1863 5660 2210 5747 υπὲρὸολήνι
2245 5686 2362 5741 qua:
2406 5660 2588 5730 lectio,
2624 5660 2668 5747 si
2704 5660 3010 5747 priapositio
3046 5661 3187 5715 κατά
3235 5660 3433 5716 subau-

1865 5737 2063 5808 diat'ur,
2094 5737 2148 5799 et
2180 5737 2291 5805 ipsa
2318 5753 2530 5795 onooue
2562 5737 2725 5793 recin‘
2772 5744 2938 5787 nores!
