4008 6458
527 387 628 442 ί19

1816 382 1873 434 S.
1917 380 2161 436 BASll."
2201 379 2415 435 MAGNI

3665 374 3774 432 680

523 501 698 568 ptius;
731 512 833 551 non
862 497 1177 552 substantiae
1216 498 1621 564 exsuperantia,
1660 502 1751 553 sed
1798 498 2083 565 qualitatis

2212 498 2355 551 ιύσία
2400 499 2506 566 γὰρ
2548 498 2731 559 οὐσίας
2787 494 2986 564 μᾶλλον
3030 498 3089 549 οὐ
3154 494 3391 563 λέγεται,
3433 490 3662 562 ποιότης
3714 495 3779 550 δὲ

526 588 858 656 praestantia.
884 587 1195 642 Substantia
1225 587 1366 641 enim
1398 587 1568 655 magis
1589 603 1751 659 quam
1779 590 2085 644 subsmntia

2212 586 2493 657 ποιότητος.
2525 588 2843 658 Ἄνθρωπος
2871 583 2979 654 γάρ
3006 585 3291 657 ἀνθρώπου
3326 580 3527 656 μᾶλλον
3563 582 3628 634 οὐ
3678 583 3778 639 λέ-

520 694 627 735 non
653 679 870 743 dicitur,
904 677 1000 734 sed
1032 680 1266 751 qualitas
1294 678 1559 748 qualitate
1590 700 1604 737 :
1652 682 1812 737 homo
1840 681 1984 736 enim
2010 682 2088 737 alo

2190 694 2375 750 γεται’
2414 677 2618 746 ἀγαθὸς
2650 680 2706 731 δὲ
2735 675 2961 749 ἀγαθοῦ,
3009 678 3103 729 καὶ
3141 679 3347 743 δίκαιος
3377 674 3612 730 δικαίου.
3649 676 3781 731 Τῶν

519 779 640 827 tero
689 769 907 826 homine
939 772 1112 843 magis
1145 772 1305 825 homo
1358 784 1464 826 non
1499 772 1719 841 dicitur,
1770 771 1865 827 sed
1914 772 2091 829 bonus

2212 770 2464 841 πεννητῶν
2497 771 2530 839 ἡ
2562 770 2701 842 αὐτὴ
2734 772 2895 840 φύσις
2934 766 3072 839 πρὸς
3116 767 3207 820 τὸν
3258 773 3622 843 γεννήσαντα,
3671 765 3782 820 κᾶν

519 864 665 920 bono
693 861 909 929 melior,
933 872 988 920 et
1016 863 1195 934 justus
1220 861 1368 932 justo
1393 861 1613 931 iustior.
1647 864 1967 921 Genitorum
1999 880 2092 919 ea-

522 958 646 1012 dem
672 966 756 1011 est
782 966 997 1024 natura,
1031 971 1149 1026 qum
1175 968 1262 1013 est
1290 957 1570 1029 genitoris,
1631 958 1841 1014 etiamsi
1876 958 2092 1028 genitus

521 1047 631 1104 alio
665 1049 823 1104 modo
846 1066 958 1104 esse
986 1048 1204 1103 habeat.
1256 1048 1443 1120 Neque
1476 1053 1620 1106 enim
1647 1050 1800 1113 Abel,
1846 1064 1914 1105 ex
1945 1052 2092 1106 coitu

523 1140 757 1212 genitus,
784 1143 851 1197 ah
894 1140 1103 1195 Adamn
1142 1143 1391 1199 diversus
1424 1152 1529 1209 est,
1556 1143 1943 1200 licetAdamus
1981 1144 2096 1199 for-

2194 863 2390 935 έτέρως
2443 863 2471 914 6
2514 859 2797 933 γεννηθεὶς
2847 860 2908 914 τὸ
2938 855 3089 913 εἶναι
3140 856 3238 929 ἔχῃ
3294 861 3430 934 (54).
3474 859 3613 915 Οὐδὲ
3664 855 3783 927 γὰρ

2198 956 2383 1021 Ἅϐελ,
2423 958 2534 1010 ὀέκ
2571 955 2909 1027 συνδυασμοῦ
2945 950 3244 1024 γεννηθεὶς,
3275 951 3464 1022 ἕτερος
3499 950 3655 1025 παρὰ
3685 948 3784 1001 τὸν

2207 1050 2398 1120 Ἀδὰμ,
2434 1049 2528 1103 τοῦ
2570 1048 2742 1119 Ἀδὰμ
2766 1050 2841 1120 μὴ
2881 1044 3229 1119 γεννηθέντος
3255 1041 3390 1097 ἀλλά
3418 1045 3783 1104 πλασθέντας.

2196 1146 2257 1199 Εἰ
2285 1142 2345 1196 τὸ
2374 1141 2547 1196 αἴτιον
2583 1139 2678 1195 τοῦ
2714 1140 2962 1195 αἰτιατοῦ
3003 1139 3184 1211 μεῖζον
3228 1137 3322 1189 καὶ
3359 1134 3622 1207 διάφορον
3658 1135 3785 1191 κατ’

527 1242 703 1288 matus
743 1234 814 1288 sit
848 1232 919 1297 ⁸⁸,
955 1249 1062 1289 non
1095 1235 1330 1306 genitus.
1362 1232 1420 1288 Si
1467 1250 1630 1292 causa
1657 1245 1882 1294 causato
1923 1236 2095 1308 major

2212 1234 2404 1299 ιύσίαν,
2434 1235 2542 1298 πᾶς
2575 1234 2633 1287 δὲ
2663 1231 2845 1303 πατὴρ
2868 1232 3060 1299 αἴτιος,
3096 1230 3189 1285 καὶ
3216 1229 3325 1292 πᾶς
3356 1228 3471 1293 υἱὸς
3508 1230 3785 1295 αἰτιατὸς,

522 1324 935 1398 est,diﬂertque
980 1328 1272 1384 secundum
1325 1328 1733 1383 substantiam:
1770 1331 1949 1386 omnis
2000 1346 2096 1385 au-

527 1428 635 1473 tem
685 1429 839 1488 pater
869 1433 1027 1474 causa
1077 1427 1181 1480 est,
1209 1423 1265 1471 et
1306 1419 1481 1474 omnis
1508 1418 1648 1475 [ilius
1677 1431 1965 1487 causatus;
2003 1436 2097 1490 pa-

529 1523 639 1567 tres
675 1511 798 1566 ﬁliis
840 1512 1072 1579 majores
1115 1519 1277 1577 sunt,
1309 1522 1365 1567 et
1400 1513 1468 1569 ab
1516 1514 1595 1569 eis
1638 1515 1937 1569 secundum
1965 1516 2093 1569 sub-

530 1603 783 1656 stantiam
826 1601 1102 1665 dill'ernnt,
1138 1616 1240 1658 nec
1269 1614 1395 1658 sunt
1430 1604 1589 1660 unius
1617 1603 1956 1659 substantiae.
1991 1603 2100 1661 Sed

528 1695 632 1750 hoc
681 1710 867 1749 verum
906 1710 1010 1748 non
1039 1706 1142 1750 est.
1177 1695 1537 1767 lnterrngant,
1559 1698 1640 1751 An
1670 1695 1854 1764 Pater,
1883 1709 2101 1766 postea-

525 1801 687 1856 quam
721 1786 913 1843 Filiutn
943 1790 1152 1858 genuit,
1183 1803 1306 1846 eum
1345 1790 1566 1860 gignere
1604 1792 1918 1847 destiterit:
1973 1803 2029 1847 et
2054 1795 2098 1849 si

2202 1328 2419 1402 μείζους
2465 1329 2559 1381 καὶ
2598 1327 2848 1397 διάφοροι
2896 1328 3016 1379 κατ’
3055 1324 3243 1380 οὐσίαν
3288 1322 3339 1374 οἱ
3389 1320 3633 1392 πατέρες
3673 1323 3790 1377 τῶν

2199 1423 2350 1486 υἱῶν,
2377 1420 2472 1474 καὶ
2500 1420 2559 1473 οὐ
2587 1422 2716 1491 μιᾶς
2741 1416 2949 1480 οὐσίας.
2980 1418 3119 1472 Ἀλλ’
3140 1418 3238 1472 οὐκ
3270 1413 3488 1485 ἀληθές.
3530 1413 3793 1484 Ἐρωτῶ-

2203 1531 2311 1569 σινσ
2337 1514 2421 1576 Ei,
2461 1512 2732 1582 γεννήσας
2767 1510 2795 1563 6
2834 1509 3025 1581 Πατὴρ
3060 1511 3151 1564 τὸν
3181 1507 3330 1571 Υίὸν,
3366 1506 3650 1562 ἐπαύσατο
3688 1506 3792 1558 τοῦ

2201 1606 2395 1676 γεννᾷν
2428 1603 2591 1657 αὐτόν
2611 1622 2624 1633 ·
2662 1604 2765 1657 κᾶν
2800 1600 3062 1668 λάϐωσιν,
3100 1604 3183 1656 ὅτι
3215 1598 3515 1663 ἐπαύσατο,
3544 1597 3796 1666 ἐπάγου-

2205 1711 2323 1750 σιν·
2355 1693 2565 1747 Οὐκοῦν
2605 1695 2696 1748 καὶ
2738 1690 2941 1766 ἤρξατο
2978 1696 3193 1766 γεννᾷν.
3233 1692 3347 1747 Πᾶν
3386 1690 3498 1762 γάρ
3530 1692 3595 1745 τὸ
3633 1690 3796 1753 τέλος

2204 1785 2324 1857 ἕχον
2352 1786 2446 1839 καὶ
2472 1786 2647 1858 ἀρχὴν
2682 1785 2795 1857 ἔχει
2816 1802 2830 1815 ·
2862 1785 2961 1838 οὐκ
2981 1783 3089 1856 ἄρα
3116 1782 3209 1840 οῦν
3241 1784 3351 1853 (55)
3376 1778 3444 1854 ἦν
3466 1785 3554 1837 ἀεὶ
3583 1788 3614 1839 6
3638 1785 3794 1848 Υἱός.

530 1881 633 1934 hoc
658 1879 1021 1949 intpetrartnt,
1058 1882 1199 1951 quod
1231 1881 1560 1949 cessaverit;
1593 1881 1858 1938 inducunt
1885 1902 1899 1939 :
1933 1885 2101 1956 Igitur

2217 1877 2477 1951 Ἐροῦμεν
2515 1874 2643 1933 οὖν’
2681 1880 2742 1933 Εἰ
2776 1878 2838 1932 τὸ
2873 1876 3180 1948 παυόμενον
3223 1878 3434 1947 ἀνάγκη
3484 1879 3581 1931 καὶ
3614 1878 3798 1950 ἀρχὴν

527 1965 689 2027 etiaiu
723 1987 987 2044 generare
1044 1974 1287 2042 inctepit.
1321 1972 1594 2045 Quidquid
1630 1976 1776 2031 enim
1814 1976 1972 2033 tinent
2007 1979 2103 2033 ha-

528 2062 638 2126 bet,
669 2063 830 2118 habet
886 2078 1100 2134 quoque
1138 2063 1465 2133 principium
1505 2083 1521 2121 :
1574 2080 1679 2119 non
1714 2080 1928 2135 semper
1972 2080 2101 2136 ergo

526 2168 649 2215 erat
669 2157 859 2213 Filius.
894 2160 1141 2213 Dicemus
1174 2157 1360 2227 igitur,
1394 2158 1454 2212 Si
1492 2159 1547 2213 id
1579 2159 1721 2227 quod
1746 2159 1964 2224 desinit,
2002 2176 2102 2215 ne~
2138 2227 2145 2233 .

528 2251 769 2305 cessario
793 2251 957 2306 etiam
986 2250 1311 2319 principium
1344 2250 1531 2316 habet,
1570 2265 1759 2306 rursus
1789 2251 1835 2306 si
1870 2250 1920 2305 id
1956 2252 2102 2321 quod

527 2340 852 2410 principium
888 2340 1072 2406 habet,
1106 2341 1413 2396 necessario
1458 2356 1675 2411 quoque
1703 2341 1905 2396 desinit
1936 2363 1949 2397 :
2006 2356 2104 2395 an-

528 2432 633 2504 geli
659 2433 821 2504 igitur
849 2440 904 2489 et
923 2443 1116 2488 cuncta
1152 2433 1475 2504 incorporea
1504 2449 1629 2490 cum
1660 2448 1785 2490 esse
1811 2436 2101 2506 cmperint,

530 2523 839 2582 necessario
868 2522 1037 2579 etiam
1069 2538 1192 2581 esse
1236 2525 1521 2581 desistent.
1562 2526 1631 2581 At
1670 2525 1773 2583 hoc
1810 2526 2103 2582 absurdum

526 2626 635 2671 est.
675 2615 817 2671 Fieri
866 2617 1037 2687 igitur
1086 2626 1284 2687 potest,
1321 2629 1379 2672 ut
1411 2619 1464 2672 id
1494 2620 1639 2688 quod
1670 2634 1793 2675 esse
1839 2619 2062 2691 iucmpit
2086 2662 2101 2688 ,

530 2723 637 2764 non
667 2709 900 2772 desinat.
935 2720 989 2763 et
1022 2711 1073 2763 id
1112 2713 1254 2779 quod
1295 2710 1479 2777 desiit,
1520 2726 1624 2765 non
1669 2712 1973 2782 incmpcrit.
2009 2714 2105 2768 Sin

531 2798 709 2867 aliter,
746 2808 800 2855 et
851 2799 968 2870 ipse
996 2799 1167 2855 Filius
1215 2800 1261 2855 si
1306 2800 1630 2871 principium
1666 2803 1870 2856 essendi
1904 2803 2102 2869 habet,

534 2891 697 2947 (litem
748 2890 914 2946 etiam
985 2892 1280 2947 secundum
1322 2892 1464 2963 ipsos
1516 2890 1677 2946 habet
1756 2893 2102 2959 necessario;

533 2984 972 3055 quandoquidem
1000 2986 1263 3055 quidquid
1303 2984 1629 3058 principium
1658 2984 1839 3052 habet,
1884 2986 1937 3041 id
1970 3000 2102 3055 quo-

532 3090 639 3145 que
668 3074 830 3129 [luem
865 3076 1068 3131 habere
1097 3077 1304 3132 volunt.
1336 3078 1402 3132 Et
1429 3079 1701 3148 quomodo
1730 3078 1834 3135 hoc
1856 3076 2106 3149 blasphe-

532 3183 682 3222 mutu
718 3182 822 3223 non
851 3168 981 3223 est?
1011 3167 1118 3224 Sed
1145 3177 1202 3223 et
1234 3167 1326 3223 Dei
1362 3171 1700 3239 prescientia
1733 3172 1983 3243 principii
2014 3187 2111 3228 ex-

2205 1971 2373 2043 έχειν,
2424 1969 2521 2023 καὶ
2566 1970 2627 2025 τὸ
2682 1970 2856 2044 ἀρχὴν
2894 1958 3025 2039 ’ἔχον
3076 1970 3289 2042 ἀνάγκη
3343 1969 3438 2023 καὶ
3470 1966 3757 2022 παύεσθαι
3782 1985 3796 1999 ·

2203 2060 2424 2131 ἄγγελοι
2451 2055 2544 2115 οὖν
2575 2063 2671 2117 καὶ
2702 2062 2879 2116 πάντα
2907 2059 2978 2113 τὰ
3004 2058 3273 2133 ἀσώματα
3314 2059 3488 2135 ἀρχὴν
3518 2058 3618 2112 τοῦ
3652 2057 3801 2113 εἶναι

2204 2156 2418 2227 ἔχοντα,
2455 2155 2672 2231 ἀνάγκῃ
2700 2157 2794 2211 καὶ
2824 2154 2981 2219 τέλος
3009 2154 3105 2208 τοῦ
3146 2152 3284 2211 εἶναι
3315 2155 3425 2220 ἕξει
3458 2151 3595 2227 (56).
3645 2152 3798 2206 Ἀλλ’

2202 2249 2424 2304 ἄτοπον.
2461 2250 2697 2304 Δυνατὸν
2726 2246 2842 2321 οὐν,
2883 2248 2979 2303 καὶ
3019 2247 3328 2319 ἀρξάμενον
3359 2247 3455 2303 τοῦ
3491 2241 3661 2313 εἶναι,
3720 2247 3805 2318 μὴ

2204 2341 2538 2407 πεπαῦσθαι,
2584 2344 2675 2396 καὶ
2712 2343 3083 2413 παυσάμενον,
3139 2341 3215 2411 μὴ
3245 2336 3469 2414 ἦρχθαι.
3504 2341 3567 2395 Εί
3599 2339 3659 2393 δὲ
3698 2338 3801 2410 μὴ,

2203 2433 2303 2488 καὶ
2341 2433 2503 2494 αὐτὸς
2543 2436 2570 2486 6
2620 2433 2749 2496 Υἱὸς
2780 2435 2829 2486 εἰ
2866 2430 3036 2503 ἀρχὴν
3065 2430 3160 2483 τοῦ
3191 2427 3485 2503 εἷναιὲχει
3526 2433 3669 2503 (57),
3706 2432 3806 2485 καὶ

2203 2526 2356 2591 τέλος
2384 2526 2504 2581 κατ’
2538 2525 2737 2588 αὐτοὺς
2782 2526 2839 2590 ἐξ
2890 2524 3135 2594 ἀνάγκης
3174 2523 3322 2594 ἔχει·
3364 2524 3556 2595 ἐπειδὴ
3588 2527 3701 2578 πᾶν
3741 2525 3807 2578 τὺ

2207 2618 2381 2692 ἀρχὴν
2414 2617 2535 2689 ἔχον
2571 2616 2667 2671 καὶ
2708 2615 2859 2678 τέλος
2901 2614 3046 2685 ἔχειν
3088 2613 3389 2684 βούλονται.
3437 2615 3549 2667 Καὶ
3585 2615 3711 2679 πῶς
3742 2616 3808 2669 οὐ

2208 2711 2565 2784 βλάσφημον;
2607 2710 2717 2764 Καὶ
2770 2710 2802 2779 ή
2856 2707 3165 2779 πρόγνωσις
3198 2705 3253 2758 δὲ
3296 2703 3389 2758 τοῦ
3430 2704 3591 2770 Θεοῦ,
3623 2706 3810 2777 ἀρχὴν

2206 2804 2307 2857 οὐκ
2346 2804 2566 2873 ἔχουσα,
2595 2802 2733 2874 μετᾶ
2756 2802 2817 2855 τὸ
2842 2800 3096 2870 γενέσθαι
3120 2798 3248 2870 περὶ
3274 2790 3348 2853 ὧν
3368 2798 3625 2870 προέγνω
3661 2798 3807 2869 (58),

2205 2894 2359 2957 τέλος
2382 2893 2516 2964 ἔχει.
2555 2894 2720 2946 Ὥστε
2748 2895 2809 2946 οὐ
2840 2894 2903 2946 τὸ
2927 2893 3076 2955 τέλος
3102 2891 3225 2963 ἔχον
3259 2891 3475 2962 ἀνάγκη
3510 2891 3607 2944 καὶ
3627 2891 3812 2963 ἀρχὴν

2207 2984 2375 3056 ἔχειν.
2402 2985 2476 3037 Τὸ
2502 2984 2560 3036 ἒν
2590 2985 2682 3037 ἐπὶ
2712 2984 2820 3037 τῶν
2853 2984 3183 3053 ἀσωμάτων,
3219 2984 3252 3054 ἢ
3290 2984 3567 3056 ἐνεργείᾳ,
3597 2984 3631 3055 ἢ
3680 2984 3813 3054 βου-

2207 3076 2381 3149 λήσει,
2417 3074 2451 3145 ἢ
2484 3074 2646 3146 οὐσίᾳ
2681 3073 2921 3143 λέγεται.
2967 3073 3025 3127 '0
3048 3073 3238 3143 Σωτὴρ
3277 3069 3371 3125 οὖν
3405 3072 3599 3125 εἰπών·
3650 3071 3811 3141 Ἐγὼ

2210 3169 2310 3224 καὶ
2332 3167 2441 3241 (59)
2461 3165 2665 3237 Πατὴρ
2680 3165 2750 3220 ἓν
2775 3166 2983 3235 ἐσμεν,
3006 3164 3127 3218 καθ’
3141 3164 3198 3217 ἓν
3231 3180 3283 3216 τι
3305 3162 3417 3216 τῶν
3447 3179 3816 3235 προγεγραμ-

532 3272 680 3327 pers,
711 3268 994 3330 postquam
1024 3258 1165 3315 facta
1196 3269 1322 3315 sunt
1344 3238 1466 3331 quae
1487 3238 1780 3331 praescivii,
1820 3238 1981 3318 tinem
2009 3264 2101 3318 ha-

2217 3238 2392 3335 μένων
2421 3262 2663 3334 εῐρηκεν.
2693 3258 2903 3314 Οὐκοῦν
2933 3260 2982 3312 εί
3025 3256 3124 3329 μὲν
3156 3259 3276 3311 κατ’
3307 3256 3594 3328 ἐνέργειαν
3616 3256 3815 3326 λέγου-

533 3351 644 3405 bet.
672 3349 785 3407 Non
813 3352 999 3422 itaque
1022 3352 1165 3422 quod
1207 3352 1367 3408 tinent
1405 3354 1590 3421 habet,
1626 3356 1676 3409 id
1706 3356 1870 3409 etiam
1919 3369 2101 3411 neces-

2217 3354 2548 3424 σιν,ἀνάγκη
2579 3352 2675 3406 καὶ
2703 3352 2824 3406 κατ’
2840 3351 3028 3405 οὐσίαν
3055 3350 3235 3419 λέγειν
3254 3367 3268 3380 ·
3300 3349 3410 3403 τῶν
3444 3348 3555 3423 γάρ
3585 3350 3817 3420 ἑτερου-

531 3443 680 3498 sario
716 3443 1037 3513 principium
1063 3443 1247 3500 habet.
1280 3443 1452 3500 Unum
1495 3445 1548 3500 in
1583 3447 1744 3501 rebus
1771 3446 2101 3515 incorporeis

2216 3447 2346 3501 σίων
2375 3446 2476 3499 οὐκ
2505 3445 2570 3499 ἂν
2597 3447 2683 3515 εῐη
2707 3447 2739 3515 ἠ
2763 3444 3011 3515 ἐνέργεια
3037 3444 3229 3514 ὁμοία·
3267 3443 3316 3495 εἰ
3347 3442 3404 3495 δὲ
3438 3441 3583 3495 κατά
3615 3441 3817 3511 βούλη-

532 3532 758 3598 dicitur,
806 3535 890 3587 vel
920 3535 1258 3602 operatione,
1293 3535 1378 3589 vel
1411 3535 1707 3597 voluntate,
1744 3536 1826 3589 vel
1855 3535 2101 3590 substan-

2217 3554 2302 3591 σιν
2327 3536 2413 3601 ἓν,
2441 3537 2541 3607 οὐχ
2574 3538 2677 3590 ὅσα
2708 3537 2737 3588 6
2765 3538 2956 3606 Πατὴρ
2982 3535 3228 3606 βούλεται
3257 3535 3437 3606 μόνον,
3464 3534 3689 3605 ἀνάγκη
3720 3535 3819 3587 καὶ

533 3626 627 3679 tia.
655 3623 786 3679 Cum
817 3626 983 3695 igitur
1006 3624 1260 3681 Salvator
1281 3625 1515 3681 dixerit:
1538 3625 1651 3697 Ego
1680 3636 1729 3680 et
1759 3623 1923 3680 Pater
1944 3639 2101 3677 unum

2212 3627 2305 3681 τὸν
2346 3627 2473 3682 Υἱὺν
2526 3626 2833 3697 βούλεσθαι,
2868 3627 2982 3680 ἀλλ’
3010 3628 3111 3680 ὅσα
3142 3628 3237 3681 καὶ
3279 3630 3309 3678 6
3350 3626 3477 3691 Υἱὸς
3530 3626 3816 3697 βούλεται,

531 3730 710 3768 sumus
750 3714 819 3780 “,
845 3715 1140 3770 secundum
1175 3713 1375 3785 aliquid
1415 3729 1603 3771 eorum
1634 3731 1756 3786 qua:
1784 3715 1943 3771 modo
1965 3714 2101 3770 scri-

2215 3719 2429 3791 ἀνάγκη
2459 3719 2556 3773 καὶ
2582 3719 2672 3773 τὸν
2698 3721 2919 3791 Πατέρα
2953 3718 3256 3788 βούλεσθαι.
3289 3717 3570 3783 Ἐπιτάξει
3604 3715 3820 3775 οὖνκαὶ

533 3808 757 3875 psimus,
786 3807 943 3862 dixit.
972 3807 1163 3877 Itaque
1200 3807 1248 3862 si
1282 3810 1581 3863 secundum
1622 3809 1990 3877 Operationem
2019 3806 2101 3863 di-

2213 3812 2241 3865 6
2272 3810 2399 3874 Υἱὸς
2431 3809 2507 3881 τῷ
2538 3810 2715 3879 Πατρι
2743 3810 2873 3881 περὶ
2900 3801 2973 3862 ὧν
3002 3808 3273 3879 βούλεται,
3293 3809 3430 3879 εἴγε
3459 3811 3557 3864 καὶ
3587 3812 3821 3864 ἐπιτάτ-

530 3908 685 3963 cunt,
714 3913 933 3955 necesse
963 3910 1046 3956 est
1071 3908 1127 3956 et
1152 3901 1451 3956 secundum
1476 3900 1838 3956 substantiam
1866 3901 2048 3955 dicere
2085 3917 2099 3953 :

2216 3920 2390 3957 τεται.
2423 3904 2485 3957 Ei
2512 3901 2569 3956 δὲ
2600 3902 2950 3956 ὲπιτάττεται
2998 3902 3184 3973 μόνον,
3218 3903 3678 3975 ἀναγκαζόμενος
3723 3906 3820 3959 καὶ

532 4005 760 4058 quorum
784 3993 926 4046 enim
963 3993 1175 4048 diversa
1197 3994 1501 4049 substantia
1525 3997 1635 4061 est,
1662 3994 1858 4049 horum
1888 4008 1993 4050 non
2025 4002 2101 4050 esl

2216 3996 2336 4067 οὐχὶ
2374 3994 2487 4069 (60)
2531 3995 2853 4068 βουλόμενος
2897 3996 3181 4068 ὑπηρετεῖ.
3224 3996 3287 4049 El
3314 3996 3371 4050 δὲ
3398 3995 3525 4050 οὐτε
3558 3997 3821 4067 ἐνεργείᾳ⁸

532 4080 723 4135 similis
749 4084 1014 4151 operatio.
1048 4083 1106 4137 Si
1125 4098 1255 4139 vero
1273 4088 1570 4142 secundum
1594 4088 1922 4143 voluntatem
1946 4101 2101 4143 unum

2219 4086 2343 4142 οὐτε
2380 4087 2657 4161 βουλήσει,
2701 4088 2948 4142 λείπεται
2989 4090 3109 4142 κατ’
3148 4088 3347 4151 αὐτοὺς
3388 4088 3446 4141 ἓν
3478 4088 3601 4140 κατ’
3623 4088 3819 4140 οὐσίαν

530 4180 678 4237 sunt,
711 4186 817 4226 non
857 4172 1034 4229 solum
1082 4188 1422 4246 quaecunque
1451 4177 1613 4233 Pater
1636 4180 1769 4244 vult,
1798 4195 1863 4234 ea
1893 4193 2101 4234 necesse

2220 4174 2381 4247 εἶναι,
2410 4182 2688 4235 τουτέστιν
2720 4180 3005 4252 ὁμοούσιον
3031 4182 3250 4253 Πατέρα
3280 4182 3376 4235 καὶ
3406 4182 3559 4234 Υἰόν.

530 4277 614 4322 est
647 4275 702 4321 ct
750 4266 944 4322 Filium
976 4267 1157 4324 velle:
1214 4270 1309 4325 sed
1359 4284 1699 4342 quaecunque
1742 4274 1905 4327 etiam
1970 4273 2141 4328 Filius
2179 4275 2313 4340 vult,
2378 4291 2441 4332 ea
2509 4292 2733 4331 necesse
2767 4288 2850 4331 est
2883 4286 2938 4332 et
2969 4277 3184 4332 Patrem
3215 4278 3367 4332 velle.
3402 4275 3697 4346 Praecipiet
3723 4277 3821 4347 igi-

533 4370 623 4414 tur
688 4370 743 4415 et
804 4360 972 4417 Filius
1029 4359 1175 4417 Patri
1236 4376 1357 4432 quae
1388 4362 1540 4429 vult;
1585 4363 1851 4433 siquidem
1881 4372 1936 4419 et
1968 4364 2067 4434 ipsi
2132 4366 2463 4435 przecipitur.
2498 4364 2605 4420 Sed
2644 4366 2762 4420 sici
2791 4366 2964 4420 solum
3005 4368 3336 4436 praccipitur,
3375 4375 3603 4421 coactus
3636 4382 3703 4422 ac
3738 4370 3821 4421 in-

530 4455 674 4511 vitus
724 4456 967 4512 inservit.
1023 4455 1177 4523 Quod
1232 4458 1278 4512 si
1348 4471 1520 4527 neque
1577 4457 1917 4527 operatione,
1971 4472 2146 4527 neque
2208 4458 2502 4525 voluntate,
2543 4464 2712 4513 restat
2764 4458 3061 4513 secundum
3110 4459 3301 4528 ipsos,
3361 4466 3420 4515 ut
3479 4470 3651 4515 unum
3709 4462 3823 4525 sit;

530 4555 824 4608 secundum
853 4556 1232 4623 substantiam,
1271 4555 1374 4609 hoc
1393 4564 1496 4619 est,
1524 4563 1583 4608 ut
1609 4554 2090 4610 consubstantialis
2126 4554 2196 4609 sit
2234 4552 2401 4609 Filius
2425 4552 2596 4607 Patri.

532 4644 695 4715 283
730 4646 881 4710 Quod
922 4662 1044 4728 vox,
1076 4647 1369 4728 ingenitus,
1414 4648 1626 4727 modum
1660 4648 1941 4728 quemdam
1965 4647 2101 4701 exsia

2218 4645 2341 4699 Ὅτι
2387 4644 2457 4700 τὸ
2486 4644 2786 4715 ἀγέννητος
2818 4644 2934 4728 (61.)
2970 4642 3284 4728 ὐτιὶρξεὼς
3318 4662 3485 4713 τινος
3516 4646 3813 4713 δήλωσις,

810 4719 1004 4781 standi,
1044 4732 1146 4770 non
1169 4716 1519 4771 substantiam
1542 4716 1830 4787 signiﬁcat.

2736 4716 2833 4769 καὶ
2854 4718 2965 4769 οὐκ
3000 4716 3236 4781 οὐσίας.

601 4808 653 4861 1.
690 4805 745 4861 Si
781 4807 930 4875 illud,
963 4809 1249 4879 ingenitus,
1280 4809 1587 4864 substantia
1621 4818 1725 4877 est,
1753 4817 1808 4865 et
1843 4810 1994 4877 illud,
2022 4826 2101 4880 ge-

2286 4808 2339 4862 1.
2389 4810 2452 4863 Ei
2495 4808 2556 4862 τὸ
2586 4808 2917 4879 ἀγέννητος
2961 4805 3119 4860 οὐσία
3147 4806 3286 4871 ἐστὶ,
3310 4807 3405 4860 καὶ
3436 4807 3499 4859 τὸ
3514 4809 3817 4876 γεννητὸς

534 4900 697 4964 nituit,
725 4901 1048 4969 substantia,
1077 4902 1147 4957 ob
1169 4902 1335 4973 idque
1359 4901 1518 4957 Pater
1553 4913 1609 4956 et
1650 4900 1821 4959 Filius
1874 4904 2101 4957 consub-

2215 4904 2394 4965 οὐσία,
2429 4906 2523 4958 καὶ
2553 4904 2642 4959 διὰ
2673 4902 2831 4957 τοῦτο
2865 4903 2963 4972 οὐχ
2995 4904 3273 4973 ὀμοούσιοι
3315 4904 3507 4974 Πατὴρ
3529 4906 3627 4957 καὶ
3660 4906 3810 4970 Υἱὸς,

533 4992 816 5054 stantiales
840 5008 947 5049 non
977 5004 1122 5060 sunt,
1150 4995 1461 5050 necessario
1475 4995 1651 5050 omnis
1667 4997 1915 5064 genitura
1949 4994 2101 5047 unius

2217 4996 2326 5049 πᾶν
2359 4996 2417 5063 ὲξ
2446 4997 2693 5067 ἀνάγκης
2725 4996 2974 5068 γέννημα
3001 4998 3130 5067 μιᾶς
3162 4998 3346 5059 οὐσίας
3366 5013 3379 5027 ·
3412 4998 3686 5067 ὁμοούσια
3718 4996 3814 5053 οὖν

608 5149 653 5180 ⁶⁸
675 5147 813 5205 Gen.
838 5165 901 5219 tt,
936 5151 987 5218 7,
1064 5152 1108 5182 ⁶⁶
1131 5150 1288 5206 Joan.
1319 5166 1371 5212 κ,
1401 5148 1492 5202 50.

2286 5322 2399 5396 (58)
2434 5321 2763 5396 ῐράίιίᾉέγνω.
2811 5322 3034 5396 Veteres
3066 5331 3298 5396 quatuor
3342 5324 3465 5379 libri
3515 5328 3807 5396 προέγνω.

2287 5393 2413 5467 (59)
2446 5393 2605 5467 [ιῖιπί
2629 5393 2853 5467 antiqui
2874 5393 2985 5462 ὲγὼ
3016 5393 3112 5447 καὶ
3147 5396 3195 5467 6.
3242 5395 3407 5467 Dfest
3450 5393 3725 5451 articulus
3761 5402 3814 5453 iu

2213 5464 2701 5537 vulgatis.glbidem
2729 5464 2855 5519 editi
2885 5475 2939 5537 et
2969 5479 3101 5518 mss.
3129 5465 3235 5519 duo
3262 5465 3460 5537 Πατήρ
3494 5483 3621 5535 μου.
3649 5469 3721 5522 At
3759 5470 3812 5523 in

2214 5538 2339 5591 aliis
2363 5535 2597 5597 duobus,
2627 5550 2762 5603 quos
2784 5536 3084 5603 sequimur,
3120 5550 3225 5589 vox
3262 5552 3369 5603 μου
3410 5535 3584 5591 deest.

2286 5606 2398 5677 (60)
2431 5604 2673 5678 Proillo,
2696 5605 2957 5678 06,_quod
2989 5606 3041 5659 in
3066 5605 3230 5661 editis
3263 5604 3489 5678 legitur,
3530 5607 3661 5678 οὐχί
3693 5610 3782 5663 edi

2214 5675 2396 5732 diutus
2420 5690 2486 5727 ex
2521 5675 2675 5729 libris
2698 5676 2955 5745 antiquis.

2289 5744 2647 5820 (tit)_Editi_et
2686 5744 3086 5804 mssinonnulli
3116 5747 3175 5803 τὸ
3196 5748 3520 5820 ἀγέννητον.
3550 5749 3661 5806 Alii
3699 5762 3813 5807 tres

2216 5814 2347 5875 mss.
2381 5814 2444 5869 τὸ
2480 5815 2793 5889 ἀγέννητος.

613 5334 726 5405 (54)
752 5330 1252 5405 Εᾶίιί-ἔχειηοοᾱεχ
1280 5344 1417 5405 unus
1447 5326 1565 5398 ἔχῃ.
1594 5325 1839 5405 Alii__tl_uo
1863 5326 1998 5398 ἔχοι.

632 5397 720 5460 55)
749 5397 1004 5460 Voculaiit
1028 5397 1121 5455 οὖν
1151 5420 1216 5457 cx
1247 5402 1421 5455 tribus
1454 5397 1586 5451 mss.
1620 5397 1944 5452 addidimus.

632 5405 700 5458 55
749 5405 1004 5460 Voculam
1028 5405 1121 5455 οὐν
1151 5420 1216 5457 cx
1247 5405 1421 5455 tribus
1454 5413 1586 5451 mss.
1620 5405 1944 5452 addidimus.

606 5405 720 5545 (56;
741 5474 880 5529 Editi
906 5472 1069 5537 ἕξειν.
1096 5470 1314 5545 Antiqui
1342 5484 1438 5525 sex
1472 5468 1595 5545 libri
1621 5468 1753 5533 ἕξει,
1784 5482 1855 5545 εξ
1878 5483 1992 5545 quo
2022 5466 2102 5528 ﬁt,

537 5554 600 5599 ut
618 5537 728 5599 'vo'x
753 5544 967 5613 ἀνάγκη
992 5558 1111 5613 qua:
1142 5537 1300 5610 paulo
1331 5549 1459 5594 ante
1486 5537 1707 5607 legitur,
1733 5539 1894 5593 scribi
1914 5538 2106 5592 debeat

535 5632 656 5669 cum
682 5634 700 5668 t
724 5615 1046 5681 subscripto,
1073 5613 1306 5684 ἀνάγκη.

611 5686 892 5771 (statim?
916 5673 1043 5771 tibi
1066 5673 1356 5771 ἀρχὴν
1384 5673 1527 5771 εῖναι
1547 5677 1741 5771 Exiet;
1760 5679 1975 5771 ιιιέίςιξιξ
2001 5679 2106 5771 ιιιξο

554 5750 657 5810 ihri
688 5750 814 5827 Υἱὸς
842 5755 1014 5827 ἀρχὴν
1043 5750 1298 5809 τοῦεῖναι
1332 5751 1465 5823 ἔχει.
1495 5750 1598 5806 Alii
1636 5760 1743 5807 tres
1772 5750 1897 5816 Υἱὸς
1926 5750 1973 5803 εί
2012 5751 2109 5822 ἀρ-

536 5827 633 5899 χὴν
659 5825 793 5882 εἶναι
826 5825 957 5898 εχει.
