4008 6436
215 366 319 420 681

1309 363 1677 419 ADVERSUS
1711 364 2075 420 EUNOMIUM
2117 368 2245 422 LIB.
2286 367 2368 421 IV.

3357 371 3453 424 68‘!

214 477 291 530 τὰ
324 481 639 550 γεννήματα
679 477 758 546 τῷ
794 475 906 544 Υἱῷ
935 477 1027 529 τοῦ
1061 477 1215 530 Θεοῦ.
1260 478 1368 528 Καὶ
1402 477 1519 539 πῶς
1545 479 1604 530 οὺ
1636 478 1793 547 βλάσ-

1903 479 2215 532 substantiae
2238 492 2318 533 est
2353 497 2366 533 :
2394 478 2658 547 genitura:
2689 478 2852 547 igitur
2881 481 3016 536 Filio
3053 479 3142 532 Dei
3181 489 3307 533 sunt
3346 495 3446 533 con

215 586 430 642 φημονς
467 573 515 624 εἰ
550 573 577 624 6
621 569 913 637 ἀγέννητος
967 569 1100 638 πρὸς
1134 568 1226 620 τὸν
1255 567 1508 636 γεννητὸν
1545 569 1672 622 Υἱὸν
1701 570 1792 620 ἀν-

214 663 713 730 τιδιαστέλλόμενος
737 660 893 713 οὐσία
916 660 1027 729 (62)
1054 661 1192 721 ἐστὶ,
1211 659 1305 710 καὶ
1332 659 1359 710 6
1380 659 1628 722 ἄκτιστος
1657 659 1792 728 πρὸς

214 755 319 825 τὴν
370 754 544 807 κτίσιν
596 750 1157 822 ἀντιδιαστελλόμενος
1201 749 1357 802 οὐσία
1395 752 1564 804 ἐστίν.
1600 750 1791 802 Ἔσται

215 841 312 899 οὖν
363 844 452 897 καὶ
501 842 792 911 ἀγέννητος
836 844 1011 904 οὐσία,
1045 842 1137 893 καὶ
1177 841 1428 906 ἀκτιστος
1474 839 1649 894 οὐσία.
1689 839 1792 891 Δύο

215 935 314 991 οὖν
347 938 372 987 6
403 935 533 996 Θεὸς
569 934 701 1004 (65),
733 937 827 990 καὶ
850 938 910 990 οὑ
951 934 1046 1005 μία
1071 935 1248 988 οὐσία.
1277 935 1398 988 Ἔτι
1423 934 1479 986 δὲ
1521 931 1614 986 καὶ
1641 934 1792 986 πᾶσα

213 1032 247 1098 ή
281 1027 454 1088 κτίσις
483 1025 633 1080 ἔσται
659 1029 814 1082 οὐσία
844 1029 959 1099 μία.
999 1026 1206 1089 Ψευδὲς
1236 1028 1293 1081 δὲ
1322 1026 1479 1080 τοῦτο
1515 1024 1626 1092 (64)
1651 1041 1662 1052 ·
1695 1024 1792 1097 μία

220 1113 326 1180 μὲν
361 1111 469 1183 γὰρ
499 1115 695 1177 κτίσις,
735 1116 982 1184 διάφοροι
1019 1113 1074 1166 δὲ
1105 1115 1302 1169 οὐσίαι.
1343 1113 1499 1166 Οὕτω
1528 1114 1702 1167 δὲκαὶ
1730 1113 1792 1166 τὸ

215 1201 490 1272 ἄτρεπτον
523 1206 687 1258 αὐτοῦ
734 1207 868 1276 (65),
919 1206 1010 1258 καὶ
1060 1206 1122 1258 τὸ
1169 1209 1422 1277 ἄναρχον.
1477 1207 1571 1258 καὶ
1621 1205 1793 1258 πολλά

215 1295 386 1368 ’ἑτέρα
426 1299 602 1352 οὐσίαι
637 1299 868 1351 ἔσονται.
911 1298 973 1349 Et
1004 1299 1298 1369 ἀγέννητον
1321 1298 1412 1349 τὸν
1444 1298 1662 1369 Πατέρα
1699 1298 1793 1350 καὶ

213 1388 472 1458 γεννητὸν
501 1388 590 1442 τὸν
635 1389 760 1440 Υἱὸν
805 1383 973 1439 εἰπών
1007 1404 1111 1452 τις,
1153 1388 1248 1450 τὰς
1293 1385 1480 1448 οὐσίας
1533 1386 1789 1456 ἐδήλωσε,

210 1479 306 1532 τὸν
322 1480 518 1550 τρόπον
531 1481 626 1548 τῆς
643 1478 924 1549 ὑπάρξεως
941 1480 1116 1535 αὐτῶν
1131 1479 1302 1532 εἰπεῖν
1319 1493 1400 1539 τις
1415 1477 1520 1545 (66)
1537 1477 1790 1546 θελήσας,

212 1568 336 1632 πῶς
361 1570 425 1623 ἂν
459 1569 659 1639 ἑτέρως
692 1570 866 1623 εἰπεῖν
882 1569 1170 1640 δυνήσεται
1192 1567 1442 1637 ἣοῦτως;
1477 1567 1793 1637 ’Υπάρξεως

211 1655 309 1712 οὖν
342 1659 540 1728 τρόπος
567 1659 629 1712 τὸ
655 1661 946 1731 ἁγέννητος
981 1662 1113 1731 (67),
1143 1660 1235 1713 καὶ
1256 1660 1354 1712 οὐκ
1387 1661 1573 1722 οὐσίας
1598 1659 1789 1730 ὄνομα.

212 1750 279 1801 Et
313 1749 380 1801 τὰ
413 1749 668 1821 διάφορον
703 1754 802 1824 τὴν
835 1751 1069 1822 ὓπαρξιν
1097 1749 1190 1803 τοῦ
1216 1747 1351 1805 εἶναι
1389 1751 1579 1822 ἔχοντα
1604 1751 1792 1818 διάφοσ

1899 572 2302 625 substantiales.
2327 573 2387 626 Et
2409 573 2679 642 quomodo
2701 573 2802 625 hoc
2829 587 2930 624 non
2953 573 3114 626 fuerit
3140 571 3462 625 absurdumi

1902 664 1960 718 Si
1999 661 2319 728 ingenitusa
2353 662 2539 731 genito
2565 661 2702 716 Filio
2752 677 2816 716 ex
2871 661 3099 715 adverso
3137 662 3424 715 distinctus
3449 697 3467 726 ,

1899 753 2200 809 substantia
2225 761 2328 812 est,
2358 765 2410 806 et
2434 754 2708 806 increatus
2727 769 2753 806 a
2778 759 3027 806 creatura
3048 764 3111 804 cx
3139 752 3368 805 adverso
3388 749 3467 804 di-

1899 849 2154 908 Stinctus,
2197 844 2499 898 substantia
2527 852 2630 896 est.
2662 842 2777 896 Erit
2797 859 2926 912 ergo
2959 852 3013 920 et
3040 840 3309 908 ingenitus
3335 840 3467 895 sub-

1899 937 2117 1001 stantia,
2131 947 2183 990 et
2200 935 2467 988 inereatns
2484 933 2800 987 substantia.
2818 933 3044 988 Proinde
3060 931 3345 994 Deusduze,
3362 946 3468 985 non

1898 1045 2001 1084 una
2025 1029 2320 1086 substantia
2339 1037 2439 1082 est.
2462 1027 2540 1078 Ad
2561 1027 2672 1080 bmc
2694 1036 2746 1080 et
2763 1036 3003 1078 creatura
3025 1027 3199 1081 omnis
3217 1024 3319 1079 erit
3336 1023 3466 1078 sub-

1900 1123 2102 1176 stantia
2136 1137 2261 1174 una.
2290 1121 2401 1174 Hoc
2432 1130 2612 1174 autem
2647 1119 2839 1172 falsum
2863 1126 2948 1173 est
2976 1135 2988 1168 τ
3025 1119 3287 1185 siquidem
3314 1130 3468 1172 crea-

1903 1225 2017 1267 tura
2054 1228 2160 1268 una
2209 1223 2312 1276 est,
2344 1213 2662 1267 substantia:
2706 1226 2834 1266 vero
2863 1213 3109 1265 diversas.
3164 1210 3252 1263 Sic
3286 1219 3465 1263 autem

1899 1313 1954 1360 et
1988 1304 2324 1359 immutabile
2360 1303 2500 1372 ejus,
2551 1313 2606 1358 et
2649 1301 2901 1374 principii
2938 1301 3188 1370 privatio,
3218 1310 3271 1355 et
3301 1301 3467 1354 multa

1901 1397 2003 1450 alia
2039 1407 2200 1451 erunt
2227 1396 2562 1450 substantiae.
2597 1394 2654 1448 Si
2678 1396 2977 1464 ingenitum
3008 1393 3130 1462 quis
3164 1393 3374 1449 Patrem
3413 1400 3469 1446 et

1901 1489 2140 1559 genitum
2178 1489 2371 1542 Filium
2435 1487 2624 1540 dicens
2652 1527 2667 1552 ,
2721 1488 3040 1556 signiﬁcavit
3091 1485 3464 1548 substantias;

1901 1596 2022 1634 cum
2051 1579 2269 1634 modum
2297 1593 2404 1647 quo
2433 1578 2704 1632 exsistunt
2743 1579 2972 1631 voluerit
2995 1578 3115 1647 quis
3137 1577 3338 1639 dicere,
3374 1576 3466 1645 qui

1901 1672 2061 1727 aliter
2094 1687 2257 1742 quam
2315 1673 2394 1728 sic
2450 1673 2634 1728 dicere
2689 1672 2932 1740 poterit?
2986 1671 3263 1742 lngenitus
3307 1669 3468 1738 igitur

1899 1763 2200 1819 exsistendi
2235 1773 2320 1818 est
2373 1767 2586 1828 modus,
2636 1778 2743 1816 non
2792 1761 3106 1816 substantiae
3153 1776 3367 1817 nomen.
3407 1759 3465 1812 Si

215 1857 310 1912 ρον
334 1839 446 1910 ἔχει
468 1844 561 1897 καὶ
588 1847 686 1915 τὴν
714 1845 923 1904 οὐσίαν,
955 1842 1074 1894 οὐδὲ
1109 1844 1156 1895 οξ
1184 1843 1462 1912 ἄνθρωποι
1496 1841 1792 1910 ὁμοούσιοι.

1903 1869 2017 1924 qua:
2047 1855 2319 1911 diversum
2368 1853 2663 1910 exsistendi
2698 1853 2977 1907 exordium
3021 1852 3245 1915 habent,
3282 1852 3460 1916 diver-

215 1932 389 2002 Ἀλλη
423 1933 532 2006 γὰρ
566 1934 802 2005 ’ὕπαρξις
845 1934 1012 2005 Ἀδὰμ
1045 1937 1110 1989 ὲκ
1131 1937 1234 2007 γῆς
1261 1935 1613 1997 πλασθέντος,
1657 1934 1790 2003 ἄλλη

209 2022 272 2075 δὲ
301 2023 445 2088 Εὔας
476 2028 540 2081 ὲκ
567 2027 807 2092 πλευρᾶς
850 2027 1167 2098 γενομένης,
1217 2027 1348 2098 άλλη
1403 2026 1458 2078 δὲ
1507 2025 1694 2091 Ἅϐελ,
1730 2029 1793 2078 ὲκ

213 2116 559 2185 συνδυασμοῦ
582 2121 708 2188 γάρ·
731 2118 864 2189 άλλη
889 2120 946 2172 δὲ
973 2119 1066 2172 τοῦ
1097 2122 1161 2173 ἐκ
1178 2119 1419 2190 Μαρίας,
1437 2119 1500 2171 ἐκ
1518 2117 1790 2190 παρθένου

213 2209 405 2278 μόνης.
449 2211 722 2273 Ὡσαύτως
746 2211 802 2264 δὲ
836 2212 930 2264 καὶ
955 2213 1047 2264 ἐπὶ
1075 2213 1182 2265 τῶν
1219 2210 1435 2280 πτηνῶν
1481 2213 1574 2265 καὶ
1595 2229 1790 2284 τετρα-

211 2302 409 2354 πόδων.
446 2302 508 2354 Εί
535 2303 826 2372 ἀγέννητος
853 2306 880 2356 ὁ
921 2304 1132 2373 Πατὴρ,
1151 2305 1229 2355 ὅτι
1265 2303 1339 2374 μὴ
1372 2305 1656 2374 ἐγεννήθης
1682 2307 1709 2357 6
1735 2302 1790 2357 δὲ

209 2393 342 2455 Υἱὸς
371 2394 647 2464 γεννητὸς,
679 2395 766 2446 διὰ
804 2393 895 2446 τοῦ
927 2395 1272 2464 γεννηθῆναι,
1307 2396 1442 2463 μετά
1470 2395 1558 2447 τὸν
1598 2411 1791 2464 γεννη-

211 2486 374 2537 θέντα
412 2487 440 2537 6
479 2486 789 2556 ἀγέννητος.
843 2489 918 2541 Οὐ
947 2488 1053 2560 γὰρ
1083 2483 1197 2558 εἶχε
1230 2487 1364 2555 πρὸς
1407 2487 1465 2540 ὃν
1499 2488 1794 2557 ἀγέννητος

210 2577 564 2650 κληθήσεται.
593 2581 713 2634 Τῶν
735 2585 844 2654 γὰρ
871 2582 1036 2635 ὄντων
1069 2584 1124 2636 αἱ
1155 2581 1571 2643 ἀντιδιαστολαὶ,
1601 2581 1662 2632 οὐ
1687 2579 1794 2632 τῶν

212 2672 289 2741 μὴ
323 2671 511 2728 ὄντων.
541 2675 603 2727 Et
633 2675 763 2737 Θεὸς
790 2671 858 2744 ἦν
886 2692 1034 2737 ποτε,
1072 2676 1261 2744 Πατὴρ
1303 2676 1358 2726 δὲ
1389 2673 1488 2726 οὐκ
1525 2669 1614 2744 ἦν,
1651 2671 1797 2740 γενό-

215 2777 380 2829 μενος
433 2763 619 2834 Πατὴρ
670 2763 1002 2834 προσείληφε
1044 2764 1124 2830 τὸ,
1183 2762 1396 2830 πατὴρ.
1449 2764 1609 2816 Ὥστε
1662 2762 1793 2826 Θεὸς

212 2851 313 2920 μὲν
361 2853 470 2921 (68)
501 2855 816 2923 ἀγέννητος,
853 2855 1111 2925 γεννητὸς
1161 2855 1216 2906 ὗε
1265 2857 1493 2926 Πατὴρο
1539 2857 1794 2926 γεννητὸς

207 2943 316 3012 ἄρα
356 2943 448 2995 καὶ
475 2945 766 3014 ἀγέννητὸς
800 2947 828 2997 ὁ
863 2947 1022 3010 αὐτὸς
1049 2947 1251 3010 ἁπλοῦς
1280 2948 1374 3000 ὄιν.

207 3046 359 3103 pater
386 3039 698 3108 assumpsit.
727 3037 906 3105 Quare
937 3039 1074 3094 Deus
1117 3052 1200 3094 cst
1247 3042 1461 3110 quidem
1499 3039 1729 3095 infactus

211 3140 296 3185 est
326 3129 502 3187 factus
530 3140 584 3187 et
609 3133 862 3188 inl‘actus.

282 3266 338 3320 Ω.
372 3268 436 3320 El
467 3269 528 3321 τὸ
557 3270 816 3324 ἀδύνατον
834 3273 1074 3325 ἐναντίον
1105 3271 1216 3341 (69)
1246 3273 1323 3342 τῷ
1351 3272 1588 3342 δυνατῷ,
1618 3273 1710 3325 καὶ

208 3358 411 3427 ἄσοφον
463 3357 540 3428 τῷ
576 3365 743 3430 σοφῷ,
799 3363 892 3414 καὶ
931 3362 1106 3414 πάντα
1141 3364 1207 3415 τὰ
1252 3361 1791 3432 ἀντιδιαστελλόμενα

209 3453 430 3505 ὲναντία
454 3453 723 3524 ἀλλήλοις,
761 3455 1002 3508 ἐναντίον
1029 3457 1122 3509 καὶ
1159 3456 1218 3508 τὸ
1244 3457 1536 3526 ἀγέννητον
1565 3456 1643 3526 τῷ
1663 3473 1790 3524 γεν-

209 3544 379 3614 νητῷ.
417 3544 684 3607 Ἐναντίος
734 3541 827 3598 οὖν
859 3549 886 3598 6
926 3548 1114 3618 Πατὴρ
1155 3546 1231 3616 τῷ
1271 3547 1383 3616 Υίῶ
1425 3549 1544 3600 κατ’
1581 3548 1790 3609 οὐσίαν,

209 3639 261 3689 εί
281 3655 344 3705 γε
382 3637 455 3708 μὴ
479 3638 677 3708 τρόπος
711 3637 997 3709 ὑπάρξεως
1023 3641 1112 3692 τὸν
1133 3641 1446 3710 ἀγέννητον,
1479 3640 1592 3693 ἀλλ’
1613 3640 1790 3694 οὐσία.

211 3729 274 3781 Εἰ
307 3729 512 3801 κτίσμα
565 3731 660 3783 καὶ
693 3731 753 3781 οὑ
793 3733 1039 3802 γέννημα
1063 3732 1091 3782 6
1130 3732 1276 3794 Υἱὸς,
1311 3731 1405 3784 καὶ
1429 3733 1603 3786 πάντα
1635 3732 1692 3784 δὲ
1724 3731 1792 3784 τά

210 3822 343 3874 ὄντα
384 3823 681 3894 κτίσματα,
728 3822 907 3893 μάτην
946 3825 1237 3892 ἀγέννητος
1264 3826 1291 3876 6
1323 3824 1513 3896 Πατὴρ
1548 3823 1787 3892 λέγεται,

210 3914 314 3966 οὐκ
339 3913 489 3977 ὄντος
518 3916 652 3977 ὅλως
691 3917 1027 3986 γεννήματος
1067 3915 1203 3985 πρὸς
1233 3915 1260 3967 ὃ
1295 3916 1536 3968 καλεῖται
1563 3916 1790 3985 ἀγέννη-

211 4023 322 4068 τος.
354 4006 695 4076 Δικαιότερον
729 4002 822 4060 οὖν
866 4009 1119 4069 ἄκτιστος
1167 4006 1199 4077 ἢ
1250 4006 1541 4076 ἀγέννητος
1582 4005 1792 4073 λέγοιτο

212 4099 302 4151 ἀν.
344 4097 416 4150 Τὸ
464 4097 755 4169 ἀγέννητος
796 4101 843 4150 εἰ
888 4099 1088 4169 ὄνομα,
1139 4099 1238 4152 οὐκ
1290 4100 1467 4152 οὐσία.
1523 4097 1642 4149 Τῶν
1689 4097 1795 4167 γὰρ

212 4190 413 4242 οὐσιῶν
447 4190 754 4259 σημαντικά
799 4189 866 4241 τά
906 4191 1172 4260 ὀνόματα,
1218 4191 1318 4242 οὐκ
1355 4190 1492 4242 αὑτά
1521 4188 1698 4241 οὐσία.
1734 4189 1795 4240 Εἰ

213 4282 270 4336 δὲ
309 4273 597 4335 αὖτοουσία
625 4279 683 4332 τὸ
705 4280 1054 4350 ἀγέννητος,
1077 4279 1384 4347 λεγέτωσαν
1402 4278 1463 4330 τὸ
1487 4277 1656 4347 ὄνομα
1695 4277 1795 4329 αὐ-

1202 4368 1302 4386 Ρδλῒὶ

213 4481 324 4516 των
359 4465 452 4516 καὶ
479 4464 584 4517 τῶν
616 4461 906 4534 ἐνεργειῶν
937 4460 1298 4533 γνωρίζομεν,
1329 4460 1420 4513 καὶ
1445 4459 1682 4531 μάλιστα
1727 4458 1796 4512 τὰ

291 4705 403 4776 (62)
435 4703 574 4758 Editi
604 4703 1180 4776 ἀντιδιαστελλόμενος
1200 4701 1576 4776 -ὲτέρα-οῷσία.
1599 4701 1794 4756 Vocem

214 4774 311 4841 οὐ,
335 4774 475 4845 quod
512 4776 562 4827 in
597 4775 834 4841 antiquis
871 4774 1146 4845 sexbbris
1180 4774 1338 4845 desit,
1365 4774 1645 4845 delendam
1675 4788 1802 4845 cen-

218 4841 452 4902 suiuius.
481 4845 686 4898 Rursus
713 4845 840 4914 editi
878 4842 1014 4914 πρὸς
1048 4841 1146 4912 τὴν
1195 4843 1372 4894 κτίσιν
1420 4841 1802 4914 ἀντιδιαστελ-

219 4919 447 4987 λόμενος
481 4914 662 4986 ἑτέρᾳ.
684 4913 755 4987 Et
787 4914 889 4987 hic
909 4912 1123 4981 quoque
1164 4927 1347 4987 recent
1377 4912 1565 4987 οὐσίαν
1594 4929 1802 4987 expuu-

220 4981 422 5050 ximtts,
473 4981 784 5040 coruindem
841 4983 1099 5036 librorum
1167 4981 1324 5033 ﬁdem
1393 4984 1590 5036 secuti.
1671 4982 1802 5046 lleg.

223 5057 416 5111 tertius
448 5056 583 5126 πρὸς
609 5054 706 5126 τὴν
725 5053 901 5106 κτίσιν
927 5051 1494 5123 ἀντιδιαστελλόμενος
1542 5056 1599 5105 ἐν
1651 5054 1808 5123 οὐσίᾳ

221 5126 373 5181 ἐστὶν
398 5126 582 5197 ἑτέρᾳ.

298 5195 654 5277 (65).Διιιίᾳυὶ
689 5203 801 5250 tres
828 5193 951 5248 libri
984 5193 1012 5246 6
1046 5193 1198 5256 Θεός.
1253 5195 1414 5248 Deest
1449 5193 1706 5248 articulus
1749 5193 1802 5246 in

223 5269 586 5418 vuiggiisliditi
620 5335 714 5388 καὶ
744 5335 923 5388 τοῦτο.
947 5333 1148 5391 Vocula
1185 5333 1281 5386 καί
1335 5335 1387 5387 in
1409 5343 1645 5404 quatuor
1673 5349 1802 5386 mss.

224 5425 334 5466 neu
366 5411 579 5477 legitur.

293 5478 405 5548 (65)
441 5477 582 5532 Editi
630 5484 687 5548 et
732 5473 1098 5548 Bethertius
1119 5473 1178 5548 τὸ
1210 5474 1478 5548 ἄτρεπτος
1509 5472 1680 5548 αὐτῷ
1715 5472 1807 5548 καί

222 5543 818 5630 τόᾇνάρχος...ᾐούσία.
849 5544 1029 5600 Codex
1062 5546 1214 5600 Colb.
1255 5543 1310 5599 et
1351 5545 1440 5597 alii
1490 5545 1597 5597 duo
1647 5545 1800 5612 Regii

227 5631 289 5675 ut
323 5627 375 5673 in
407 5627 687 5672 contextu.

299 5689 413 5770 (66⁸
443 5687 638 5742 Addita
672 5702 756 5746 est
781 5685 969 5742 vocula
999 5703 1082 5748 τις
1107 5699 1172 5740 ex
1206 5685 1448 5754 antiquis
1471 5686 1707 5753 quinque
1738 5683 1803 5738 li-

228 5764 418 5900 bristi7)
454 5828 638 5886 Codex
664 5828 812 5885 Colb.
861 5839 912 5885 et
961 5825 1094 5898 Reg.
1131 5835 1352 5897 quartus
1391 5826 1446 5879 τὸ
1492 5825 1802 5895 avem-.03.

1733 3235 1869 3324 τὸϐ

1899 1960 2014 1999 sam
2040 1946 2203 1998 etiam
2231 1944 2433 1998 habent
2455 1943 2845 2007 substantiam;
2881 1958 2948 1994 ne
2974 1940 3223 1995 homines
3250 1941 3464 2010 quidem

1899 2036 2046 2090 inter
2073 2051 2131 2091 se
2156 2045 2283 2090 sunt
2329 2037 2844 2092 consubstantiales.
2878 2034 3010 2086 Nam
3058 2035 3214 2088 aliter
3259 2031 3470 2089 exsutit

1897 2125 2070 2181 Adam
2108 2141 2176 2181 ex
2216 2136 2359 2182 terra
2391 2125 2678 2192 formatus,
2708 2125 2864 2180 aliter
2891 2125 2996 2178 Eva
3031 2124 3171 2178 facta
3204 2140 3267 2178 ex
3294 2135 3463 2182 costa,

1900 2220 2058 2276 aliter
2113 2219 2269 2285 Abel,
2320 2234 2388 2275 ex
2434 2221 2580 2274 coitu
2616 2218 2898 2282 videlicet,
2936 2217 3091 2270 aliter
3114 2215 3206 2285 qui
3234 2231 3298 2270 ex
3349 2212 3464 2270 sola

1900 2309 2068 2364 Maria
2101 2309 2313 2380 virgine
2339 2319 2499 2368 natus
2521 2317 2627 2364 est.
2660 2309 2922 2364 Similiter
2939 2317 3120 2361 autem
3157 2316 3211 2362 et
3239 2307 3290 2360 in
3320 2303 3466 2358 vola-

1902 2401 2088 2457 tilibus
2115 2403 2241 2457 etin
2269 2401 2732 2472 quadrupedibus.
2762 2399 2817 2454 Si
2842 2401 3112 2469 ingenitus
3138 2398 3316 2462 Pater,
3335 2411 3470 2465 quo-

1903 2491 2049 2544 niam
2074 2493 2290 2561 genitus
2341 2508 2445 2546 non
2479 2501 2595 2556 est;
2629 2489 2798 2544 Filius
2843 2499 3022 2542 autem
3071 2490 3303 2558 genitus,
3333 2502 3467 2554 quo-

1902 2583 2050 2637 niam
2083 2583 2298 2652 genitus
2328 2591 2409 2638 est
2436 2600 2450 2649 ;
2502 2584 2774 2653 posterior
2820 2582 3004 2651 genito
3039 2580 3310 2652 ingenitus
3341 2591 3466 2642 est;

1900 2674 2337 2744 quandoquidem
2394 2690 2500 2729 non
2549 2673 2778 2729 habebat
2830 2689 3060 2742 quocum
3119 2681 3470 2742 comparatus

1901 2765 2173 2837 ingenitus
2198 2775 2502 2821 vocaretur.
2526 2763 2660 2819 Nam
2680 2765 3083 2835 distinguuntur
3107 2765 3246 2820 inter
3263 2778 3320 2818 se
3349 2776 3471 2833 qua:

1900 2867 2047 2922 sunt,
2075 2872 2180 2914 non
2213 2867 2394 2912 autem
2437 2873 2557 2926 quae
2605 2873 2707 2910 non
2737 2867 2883 2910 sunt.
2913 2856 2969 2910 Si
3005 2857 3146 2910 Deus
3185 2853 3473 2923 aliquando

1904 2959 2047 3012 erat,
2093 2963 2195 3001 nec
2239 2959 2418 3004 tamen
2456 2948 2614 3001 Pater
2649 2957 2798 3013 erat;
2842 2947 3018 3000 factus
3059 2946 3237 3010 Pater,
3273 2959 3472 3000 nomen

1776 3058 1788 3093 :
1832 3051 1888 3094 at
1940 3051 2024 3096 est
2065 3040 2228 3096 Pater
2283 3040 2498 3096 factus:
2529 3040 2693 3111 igitur
2725 3041 2813 3112 qui
2846 3041 2985 3095 idem
3013 3049 3096 3094 est
3128 3050 3182 3094 et
3220 3040 3472 3110 simplex.

1979 3272 2033 3328 ἓ.
2075 3271 2131 3327 Si
2168 3271 2502 3340 impossibile
2533 3271 2775 3341 possibili
2805 3272 3137 3327 contrarium
3178 3281 3282 3337 est,
3309 3273 3350 3327 si
3384 3288 3471 3326 sa-

1897 3364 2064 3432 pienti
2099 3363 2379 3432 insipiens,
2422 3365 2468 3418 si
2515 3363 2697 3416 onmia
2739 3377 2858 3432 quae
2886 3377 2950 3417 ex
2989 3361 3218 3416 adverso
3270 3360 3470 3415 diStin-

1899 3465 2138 3526 guuntur
2171 3454 2451 3510 contraria
2509 3454 2651 3508 inter
2677 3468 2737 3509 se
2776 3463 2924 3518 sunt,
2979 3453 3142 3507 etiam
3177 3452 3471 3524 ingenitum

1900 3549 2084 3618 genito
2109 3558 2191 3602 est
2234 3546 2590 3603 contrarium.
2628 3545 2792 3617 Igitur
2839 3543 3149 3599 contrarius
3195 3553 3278 3598 cst
3311 3541 3472 3596 Pater

1902 3641 2035 3695 Filio
2055 3640 2349 3696 secundum
2369 3638 2751 3699 substantiam,
2781 3638 2825 3692 si
2859 3636 3015 3690 modo
3039 3635 3335 3704 ingenitum
3363 3649 3465 3688 non

1899 3733 1972 3787 sit
1995 3731 2291 3786 exsistendi
2324 3737 2540 3794 modus,
2570 3728 2665 3784 sed
2690 3728 3015 3784 substantia.
3045 3726 3216 3781 Filius
3248 3726 3294 3781 si
3317 3741 3470 3780 crea—

1897 3835 2017 3879 tura
2057 3832 2161 3890 est,
2191 3837 2297 3877 non
2328 3821 2602 3893 genitura,
2631 3829 2686 3876 et
2718 3830 2910 3874 cuncta
2965 3832 3086 3888 qua:
3130 3827 3274 3881 sunt,
3323 3830 3469 3871 crea-

1897 3925 2030 3970 tura:
2054 3924 2200 3980 sunt,
2225 3913 2428 3969 frustra
2457 3915 2625 3968 Pater
2659 3913 2931 3982 ingenitus
2955 3911 3170 3974 dicitur,
3202 3925 3322 3964 cum
3355 3925 3474 3972 non.

1896 4011 1969 4062 sit
1993 4008 2216 4060 omnino
2243 4007 2514 4076 genitura,
2548 4004 2702 4074 cujus
2739 4014 2984 4073 respectu
3008 4003 3303 4073 appelletur
3327 4003 3471 4072 inge-

1903 4099 2048 4152 nitus
2079 4115 2094 4163 ;
2129 4097 2292 4165 igitur
2318 4095 2512 4165 potiori
2540 4097 2663 4166 jure
2690 4096 2965 4149 increatus
2999 4109 3159 4163 quam
3199 4093 3472 4163 ingenitus

1902 4189 2196 4243 diceretur.
2231 4187 2508 4255 lngenitus
2560 4187 2606 4242 si
2638 4201 2834 4242 nomen
2867 4194 2971 4251 est,
3025 4200 3131 4239 non
3168 4184 3472 4238 substantia

1897 4290 1998 4334 est.
2033 4279 2258 4333 Nomina
2301 4281 2446 4335 enim
2486 4277 2818 4335 substantias
2871 4276 3199 4346 significant,
3241 4276 3332 4330 sed
3368 4292 3471 4328 non

1897 4379 2023 4425 sunt
2040 4369 2360 4424 substantia.
2381 4369 2437 4424 Si
2457 4385 2585 4423 vero
2604 4384 2727 4431 vox,
2745 4370 3023 4438 ingenitus,
3041 4369 3152 4436 ipsa
3175 4367 3474 4421 substantia

1908 4473 2012 4529 est,
2035 4463 2178 4516 illius
2212 4462 2396 4517 dicant
2434 4477 2653 4517 nomen.
2693 4460 2860 4531 284
2899 4459 3015 4514 Non
3055 4459 3200 4514 enim
3246 4475 3310 4513 es
3354 4459 3475 4514 sub-

1909 4704 2009 4760 Alii
2047 4718 2177 4756 mss.
2210 4713 2265 4757 et
2305 4702 2430 4757 editi
2464 4702 2524 4754 τὸ
2563 4701 2877 4771 ἀγέννητον.

1979 4774 2093 4844 (68)
2127 4773 2241 4838 llla,
2277 4774 2417 4826 ὥστε
2444 4772 2577 4835 Θεὸς
2594 4775 2734 4844 λμέν,
2770 4777 2847 4826 sic
2878 4772 3270 4840 Trapezuntius
3303 4774 3474 4828 inter-

1913 4842 2157 4914 pretatus
2194 4854 2279 4914 est
2314 4864 2325 4898 :
2373 4844 2550 4908 Quare
2582 4842 2723 4896 Deus
2754 4845 2961 4912 quidem
3002 4844 3304 4910 ingenitus:
3339 4846 3478 4910 genio

1915 4913 1998 4970 tu:
2025 4924 2197 4967 autem
2233 4913 2392 4968 Pater
2421 4931 2441 4970 :
2488 4914 2744 4982 ingenitus
2774 4929 2895 4982 ergo
2948 4922 2996 4964 et
3043 4915 3268 4980 genitus,
3315 4915 3474 4976 idem,

1916 5003 2032 5038 cum
2059 4987 2124 5038 sit
2146 4985 2405 5050 simplex:
2433 4999 2554 5052 quae
2595 4984 2781 5046 verba,
2834 4983 2934 5052 nisi
2975 4982 3334 5048 explicentur,
3380 4985 3477 5037 ob-

1916 5069 2070 5108 scura
2115 5055 2364 5106 videntur
2391 5050 2752 5105 et'intcllectu
2803 5050 3062 5104 diﬂicilia.
3114 5053 3252 5105 Puto
3293 5063 3474 5108 autem

1915 5127 2260 5192 scriptorem,
2287 5125 2594 5188 quicunque
2631 5123 2846 5175 tandem
2877 5121 2966 5174 ille
2992 5123 3080 5184 sit,
3111 5123 3161 5173 iu
3195 5122 3371 5176 verbis
3401 5124 3477 5176 lu-

1909 5196 2067 5256 dere,
2100 5203 2153 5246 et
2188 5195 2252 5245 ad
2289 5208 2474 5246 vocem
2511 5193 2823 5263 γενόμενος,
2851 5207 2969 5258 qua:
2995 5192 3268 5261 praecedit.
3297 5207 3478 5261 respe-

1913 5280 2098 5316 χιεεοι
2135 5273 2191 5314 ιιι
2232 5264 2300 5314 sit
2342 5277 2551 5322 sensus,
2612 5262 2751 5314 Deus
2798 5274 3084 5329 antequam
3125 5263 3299 5315 factus
3331 5273 3479 5315 esset

1911 5332 2090 5392 Pater.
2141 5347 2244 5387 non
2283 5345 2403 5386 erat
2442 5331 2617 5385 factus
2670 5331 2851 5402 Pater.
2912 5332 3076 5402 Igitur
3125 5332 3302 5395 Pater,
3351 5347 3475 5402 cum

1912 5404 2141 5471 simplex
2174 5404 2264 5468 sit,
2296 5402 2468 5456 lactus
2494 5411 2549 5454 et
2590 5417 2694 5455 non
2734 5400 2906 5456 factus
2937 5400 3042 5457 dici
3082 5413 3257 5468 potest
3289 5424 3299 5456 :
3334 5401 3476 5469 quod

1913 5488 2097 5528 secum
2131 5487 2376 5541 pugnare
2420 5473 2670 5538 scriptori
2713 5473 2886 5525 visum
2924 5481 3028 5526 est.
3063 5471 3200 5526 Hinc
3228 5472 3479 5540 sequitur

1912 5558 2073 5596 voces
2093 5543 2388 5611 άγέννητος
2412 5554 2464 5594 et
2497 5542 2751 5611 γεννητός
2784 5543 2884 5596 hoc
2910 5542 3032 5595 loco
3073 5553 3167 5597 aut
3209 5543 3350 5597 idem
3387 5557 3478 5594 va-

1913 5615 2022 5667 lere
2056 5616 2198 5681 quod
2228 5628 2388 5666 voces
2416 5614 2680 5680 ἀγένητος
2710 5621 2763 5665 et
2800 5613 3049 5681 γενητός,
3086 5623 3178 5665 aut
3225 5613 3476 5665 llit‘lltium

1912 5699 2031 5738 csse
2055 5683 2419 5746 librariorum,
2449 5685 2544 5752 qui
2564 5683 2798 5736 litteram
2822 5699 2850 5734 ν
2877 5685 2994 5737 voci
3026 5685 3240 5753 utrique
3263 5686 3478 5737 incaute

1914 5754 2206 5807 addiderint

1982 5823 2548 5893 (69)Ει1ἰιίἐναντίαν.
2584 5823 2652 5878 At
2687 5838 2814 5880 mss.
2849 5822 3108 5877 ἐναντίον.
