4008 6454
581 335 688 392 685

1872 349 1930 404 S.
1969 350 2055 404 BA
2064 351 2208 407 SlLll
2248 355 2460 412 MAGNI

3716 375 3820 429 6M

577 456 824 522 stantiis,
857 456 950 512 sed
987 472 1022 512 e
1063 459 1374 515 nominibus
1406 469 1459 515 ct
1484 464 1894 532 operationibus
1936 483 2106 540 cogun

2239 473 2528 542 ἀσώματα.
2575 475 2637 528 Ei
2667 475 2729 530 τὸ
2767 478 3094 549 ἀγέννητος
3128 485 3293 558 ὄνομα
3346 491 3444 560 τῆς
3483 492 3676 555 οὐσίας
3724 495 3819 546 τοῦ

577 549 795 611 scimus,
813 558 866 603 et
880 549 1177 617 praesertim
1193 549 1526 619 incorporea.
1542 552 1814 624 lngenitus
1831 559 1876 610 si
1894 557 2140 612 substan-

2240 561 2398 626 Θεοῦ,
2443 565 2476 634 ἢ
2509 566 2605 637 τὴν
2637 569 2824 623 οὐσίαν
2858 573 2957 644 τὴν
2995 575 3129 628 ἰδίαν
3178 579 3334 643 εἰδὼς
3371 584 3399 635 6
3439 583 3572 647 Θεὸς
3597 584 3662 636 τὸ
3688 586 3813 638 ὅνο-

577 637 666 692 ιίε
695 636 790 693 Dei
830 654 1024 694 nomen
1075 652 1181 704 est,
1211 651 1306 695 aut
1341 643 1479 698 Deus
1507 660 1602 698 sua
1635 647 1803 716 ipsius
1833 649 2100 704 substanti

2243 669 2317 722 μα
2343 654 2444 725 τῆς
2484 657 2674 739 οὐσίας
2703 636 2992 733 ἠγνόησεν,
3021 665 3052 735 ἢ
3082 667 3174 718 καὶ
3200 668 3258 720 τὸ
3289 636 3458 739 ὄνομα
3496 636 3655 737 εἱὸὼς

574 729 789 797 cognita
815 745 1010 786 nomen
1043 733 1362 788 substantia:
1391 735 1686 806 ignoravit:
1724 741 2019 809 autetiam,
2047 759 2106 800 no

2237 737 2528 814 ἀκούοντας
2577 729 3083 828 ὴπάτησείΚύριος
3120 762 3226 830 γάρ
3249 729 3410 832 φησιν
3429 780 3441 792 ·
3469 729 3816 834 Παντοκράξ

573 818 718 873 mine
738 823 974 889 cognito,
1009 822 1290 877 audientes
1314 825 1542 893 decepit.
1565 828 1819 884 Dominus
1846 832 1990 886 enim
2023 834 2132 888 ait:

2237 854 2347 904 τωρ
2387 839 2571 909 ὄνομά
2597 859 2714 911 μου
2739 844 2872 914 (70).
2895 848 3004 901 Καὶ
3031 850 3179 920 παρά
3216 852 3457 916 Μωσέως
3489 855 3812 926 ἐρωτηθεὶς,

571 906 910 978 Omnipotens
938 927 1122 965 nomen
1146 929 1316 967 meum
1339 916 1405 968 ".
1437 917 1503 970 Et
1531 934 1562 972 a
1596 918 1740 974 Mose
1771 922 2102 994 interrogatu

2233 927 2285 978 τί
2323 906 2499 1000 ὄνομα*
2523 906 2695 1002 αὐτῷ,
2719 906 2882 1005 ερησιίν
2904 953 2916 966 ’
2966 906 3253 1008 Ἐγώιεὶμι
3285 945 3317 994 ό
3338 906 3454 994 ὥν·ῐ
3485 906 3580 996 καὶ

567 999 710 1067 quod
738 999 788 1054 ei
817 1009 966 1055 esset
1004 1017 1196 1058 nomen
1223 1020 1238 1057 :
1269 1001 1405 1074 Ego,
1440 1006 1633 1076 inquit,
1656 1025 1771 1063 sum
1798 1011 1887 1081 qui
1919 1029 2033 1067 sum
2063 1015 2128 1082 ⁶⁸;

564 1099 622 1144 et
647 1105 894 1147 rursum:
938 1091 1075 1149 Deus
1102 1095 1391 1163 Abraham,
1428 1109 1478 1153 et
1510 1099 1649 1155 Deus
1693 1101 1875 1168 Isaac,
1909 1115 1959 1158 et
1986 1105 2129 1161 Deus

562 1176 726 1233 Iacob
751 1197 770 1246 ;
794 1181 892 1235 hoc
915 1183 1041 1236 mihi
1064 1201 1249 1238 nomen
1277 1197 1530 1240 internum
1564 1189 1632 1241 ".
1667 1188 1732 1244 Et
1763 1191 1931 1248 David
1963 1213 1977 1250 :
2022 1195 2129 1249 Do-

561 1272 734 1327 minus
767 1289 952 1329 nomen
986 1275 1082 1328 tibi
1118 1276 1186 1331 7°.
1232 1277 1304 1331 At
1336 1278 1436 1332 hoc
1463 1295 1680 1346 nomen,
1713 1282 1992 1354 ingenitus,
2027 1304 2106 1344 net

2231 1294 2434 1365 ἑαυτῷ,
2488 1297 2610 1351 οὔτε
2662 1319 2745 1366 τις
2786 1304 2893 1357 τῶν

563 1364 680 1434 ipse
707 1365 811 1420 sibi
842 1368 1116 1436 ascripsit,
1146 1384 1246 1426 nec
1277 1373 1564 1439 quisquam
1591 1387 1897 1431 sanctorum
1932 1379 2087 1433 dixit.

632 1459 688 1514 Si
722 1474 851 1514 vero
881 1475 979 1516 nec
1009 1461 1244 1531 decepit.
1275 1477 1374 1517 nec
1403 1463 1672 1534 ignoravit
1703 1466 1946 1538 (impium
1978 1473 2124 1527 enim

559 1560 640 1605 est
669 1551 864 1606 horum
902 1552 1102 1623 aliquid
1137 1554 1364 1625 dicere),
1392 1556 1652 1626 ingenitus
1688 1560 1738 1614 ei
1773 1576 1968 1617 nomen
2014 1580 2120 1619 non

556 1652 661 1697 est.
701 1641 976 1714 Ingenitus
1001 1654 1094 1699 aut
1121 1646 1417 1701 substantia
1444 1657 1545 1716 est,
1575 1658 1669 1704 aut
1697 1653 1944 1709 accidens
1972 1653 2121 1716 (nam

555 1742 753 1802 praeter
789 1736 901 1788 haec
935 1734 1069 1788 nihil
1102 1749 1222 1790 esse
1261 1736 1459 1809 potem)
1494 1758 1509 1793 :
1539 1742 1635 1796 sed
1669 1743 1974 1799 substantia
2013 1763 2118 1802 non

552 1832 658 1888 est,
691 1839 812 1878 cum
845 1839 950 1878 non
976 1825 1047 1880 sit
1074 1826 1365 1896 quidquam
1395 1830 1536 1899 quod
1581 1831 1649 1887 ab
1686 1848 1750 1887 eo
1781 1849 1848 1888 ex
1877 1837 2120 1905 opposito
2153 1809 2195 1864 Β

552 1914 934 1985 distinguatur.
966 1915 1064 1971 Est
1093 1918 1236 1972 enim
1275 1918 1442 1976 Filius
1480 1922 1719 1991 genitus.
1757 1932 1811 1976 at
1840 1938 1943 1979 non
1983 1940 2118 1995 qua-

555 2015 711 2061 tenus
752 2008 1051 2063 substantia
1085 2017 1188 2073 est,
1228 2013 1322 2064 sed
1358 2023 1625 2082 quatenus
1658 2015 1869 2084 genitus
1902 2008 2017 2071 fuit.
2059 2016 2118 2072 Si

548 2111 682 2153 vero
713 2099 983 2162 accidens,
1021 2109 1116 2155 aut
1169 2111 1364 2156 natura
1413 2104 1634 2160 insitum
1674 2114 1778 2172 est,
1814 2116 1906 2162 aut
1942 2116 2118 2177 potest

548 2189 739 2244 adesse
767 2196 822 2245 ot
851 2189 1063 2246 abesse.
1107 2189 1236 2258 Sed,
1263 2193 1307 2248 si
1352 2204 1542 2249 natura
1578 2195 1797 2251 insitum
1833 2206 1937 2265 est,
1974 2198 2115 2256 Deus

548 2279 859 2336 necessario
887 2289 943 2336 et
967 2281 1270 2338 substantia
1299 2293 1352 2338 et
1379 2285 1631 2341 accidens
1661 2296 1765 2341 est.
1800 2286 1930 2354 Quae
1967 2289 2113 2344 enim

543 2377 673 2422 sunt
721 2369 1011 2438 ejusmodi,
1065 2373 1374 2427 necessario
1426 2374 1678 2429 accidunt
1727 2379 1922 2446 quibus
1975 2382 2114 2435 acci-

544 2459 703 2514 dunt.
738 2460 892 2527 Quod
941 2462 987 2516 si
1041 2464 1419 2534 contingenter
1465 2465 1637 2532 adest,
1685 2468 1791 2521 erit
1845 2468 2113 2540 ingenitus

545 2549 837 2620 aliquando
863 2560 918 2608 et
943 2554 1172 2624 genitus.
1207 2553 1507 2626 ingenitum
1535 2558 1582 2612 si
1611 2558 1795 2614 dicunt
1829 2559 2018 2627 Deum,
2047 2577 2112 2618 eo

541 2647 685 2712 quod
714 2644 926 2715 genitus
952 2661 1060 2700 non
1094 2655 1196 2715 est,
1227 2663 1334 2704 non
1386 2651 1512 2718 quid
1549 2652 1621 2708 sit
1661 2655 1960 2708 substantia
1995 2656 2111 2725 ejus

539 2733 746 2800 dicunt,
771 2735 864 2790 sed
912 2738 1040 2806 quid
1076 2752 1181 2793 non
1227 2741 1319 2794 sit.
1374 2741 1584 2812 Quippe
1627 2746 1933 2800 substantia
1965 2746 2107 2802 nulla

536 2840 604 2880 ex
645 2826 711 2882 iis
740 2843 858 2898 qua
886 2845 990 2884 non
1019 2838 1124 2898 est,
1153 2831 1248 2886 sed
1283 2847 1350 2886 es
1384 2834 1453 2887 iis
1484 2849 1602 2902 quae
1630 2847 1714 2890 est
1740 2838 2104 2906 cognoscitur.

537 2919 672 2975 Nam
697 2932 750 2977 et
778 2922 924 2987 illud,
955 2923 1292 2990 immortalis,
1320 2933 1375 2979 et
1403 2923 1557 2990 illud,
1595 2927 2030 2996 incorruptibilis,
2053 2939 2108 2984 et

537 3015 688 3082 illud,
717 3016 1080 3083 immutabilis,
1114 3033 1219 3072 non
1252 3017 1613 3073 substantiam
1641 3018 1805 3084 illius,
1835 3021 1929 3075 sed
1962 3021 2106 3089 quod

537 3120 637 3160 nec
685 3107 968 3174 moriatur,
1007 3122 1108 3162 nec
1160 3118 1559 3179 corrumpatur,
1597 3123 1696 3164 nec
1742 3120 2106 3166 commutetur

537 3205 595 3248 ut
627 3205 911 3262 creaturae,
945 3173 1272 3268 signiﬁcant.
1305 3173 1551 3256 noceant
1591 3202 1753 3271 igitur
1797 3202 1926 3273 quid
1963 3202 2104 3258 Deus
2131 3173 2172 3231 ο

534 3289 625 3354 sit,
669 3304 772 3344 non
800 3288 931 3359 quid
964 3304 1068 3344 non
1101 3290 1190 3344 sit.
1227 3289 1284 3344 Si
1329 3294 1591 3362 ingenitus
1645 3310 1752 3349 non
1785 3296 2106 3350 substantia:

533 3394 727 3435 nomen
758 3389 865 3447 est,
894 3381 989 3437 sed
1017 3381 1248 3452 ipsamet
1285 3382 1620 3438 substantia:
1653 3401 1840 3441 rursus
1871 3388 1913 3442 si
1933 3387 2104 3442 Filius

530 3480 615 3525 est
643 3472 969 3539 substantia,
991 3475 1153 3529 etiam
1179 3472 1352 3528 Filius
1378 3473 1653 3545 ingenitus
1681 3487 1800 3540 est;
1838 3479 1945 3533 imo
1975 3494 2102 3536 vero

529 3563 831 3618 substantia
871 3565 1048 3620 omnis
1095 3567 1202 3620 erit
1252 3565 1516 3636 ingenita.
1551 3566 1608 3622 Si
1641 3568 1936 3638 ingenitum
1969 3573 2099 3627 sub-

530 3654 729 3708 stantia
761 3654 855 3711 Dei
888 3665 990 3722 est,
1022 3667 1074 3710 et
1108 3659 1355 3727 genitura
1385 3660 1686 3714 substantia
1727 3659 1851 3716 Filii
1887 3677 1900 3713 :
1943 3675 2098 3716 crea-

531 3753 650 3799 tura
698 3748 860 3817 igitur
907 3758 1000 3804 aut
1042 3748 1250 3804 factura
1299 3766 1406 3807 non
1455 3763 1536 3807 est
1568 3753 1736 3823 ipsius
1775 3754 2095 3810 substantia.

527 3835 698 3895 Filius
725 3839 869 3894 enim
899 3856 1028 3907 una,
1063 3857 1168 3895 non
1213 3843 1396 3898 multae
1439 3845 1777 3902 substantiae.
1811 3847 1944 3901 Cum
1975 3847 2098 3917 quis

529 3927 827 3994 hominem,
853 3938 946 3983 aut
991 3929 1245 4000 lapidem,
1275 3943 1368 3985 aut
1401 3933 1601 4002 lignum
1646 3935 1797 3999 dicit,
1834 3939 2094 3991 substan-

529 4020 657 4075 tiam
688 4023 976 4091 quamdam
1029 4024 1233 4078 indicat
1267 4043 1283 4078 :
1313 4031 1367 4077 at
1416 4039 1537 4079 cum
1598 4026 1898 4095 genituram
1939 4029 2093 4096 dicit,

524 4127 633 4167 non
674 4113 1029 4168 substantiam
1069 4115 1390 4186 simpliciter
1436 4116 1738 4188 signiﬁcat;
1771 4117 1968 4188 alioqui
1999 4134 2094 4190 ge-

527 4205 705 4257 nitura
730 4205 906 4259 omnis
930 4217 1207 4260 esset/una
1236 4209 1558 4264 substantia.
1587 4210 1741 4278 Quod
1769 4211 1812 4266 si
1844 4211 2092 4280 genitura

524 4297 881 4352 substantiam
916 4302 1228 4370 quampiam
1263 4318 1366 4356 non
1403 4303 1690 4374 signiﬁcat,
1740 4321 1912 4375 neque
1949 4308 2093 4376 inge-

523 4387 660 4440 nitus
694 4388 954 4456 profecto.
990 4391 1129 4446 Deus
1159 4393 1204 4445 si
1238 4391 1509 4462 ingenitus
1541 4404 1645 4460 est,
1677 4411 1740 4450 eo
1769 4398 1909 4466 quod
1943 4399 2090 4467 geni-

2245 1020 2307 1071 Ὀ
2328 1023 2470 1088 Θεὸς
2494 1025 2757 1094 Ἀϐραὰμ,
2781 1027 2880 1079 καὶ
2902 1032 2934 1081 ὀ
2952 1031 3096 1095 Θεὸς
3117 1032 3228 1101 (71)
3251 1033 3476 1098 Ἰσαὰκ,
3496 1037 3594 1087 καὶ
3615 1040 3648 1088 ό
3666 1037 3813 1104 Θεὸς

2245 1112 2467 1167 Ἰακώϐ·
2502 1117 2680 1170 τοῦτό
2697 1138 2798 1187 μοι
2826 1120 3012 1188 ὄνομα
3035 1123 3273 1176 αἰώνιον
3293 1142 3305 1154 ’
3338 1127 3431 1178 καὶ
3459 1127 3624 1179 Δαϐίδ
3643 1145 3656 1158 ο
3691 1131 3811 1182 Κύ-

2223 1219 2353 1269 ριος
2372 1204 2555 1275 ὄνομά
2575 1225 2670 1262 σοι
2699 1211 2831 1280 (72).
2865 1213 3214 1282 Ἁγέννητον
3227 1216 3283 1268 δὲ
3306 1218 3472 1288 ὖνομα
3495 1219 3621 1273 οὔτε
3645 1221 3812 1284 αὐτὸς

2953 1307 3120 1374 ἁγίων
3166 1308 3401 1379 εἴρηκεν.
3449 1312 3512 1365 El
3571 1312 3628 1364 δὲ
3680 1312 3809 1366 οὔτε

2228 1384 2529 1456 ἠπάτησεν,
2582 1389 2704 1443 οὐτε
2744 1394 3011 1464 ἠγνόησεν
3067 1396 3282 1465 (ἀσεϐὲς
3315 1399 3421 1471 γάρ
3478 1419 3532 1454 τι
3593 1403 3809 1457 τούτων

2227 1475 2462 1545 εἰπεῖν),
2506 1477 2566 1529 τὸ
2591 1480 2919 1550 ἁτένγητος
2964 1488 3064 1539 οὐκ
3094 1487 3263 1559 ὄνομα
3297 1490 3480 1544 αὐτοῦ.
3535 1495 3610 1548 Τὸ
3633 1497 3810 1566 ἀγέν-

2224 1567 2456 1658 νητοςῆ
2488 1569 2643 1622 οὐσία
2677 1573 2841 1639 ἐστὶν,
2867 1577 2899 1647 ἢ
2922 1579 3268 1652 συμϐεϐηκὸς
3287 1581 3460 1653 (παρά
3486 1585 3662 1640 ταῦτα
3693 1590 3806 1658 (75)

2223 1657 2331 1730 γὰρ
2357 1659 2506 1713 οὐδὲν
2541 1660 2604 1714 ἂν
2640 1664 2746 1734 εἴη)
2769 1683 2782 1696 ·
2829 1666 2940 1719 ἀλλ’
2994 1670 3152 1724 οὐσία
3201 1674 3299 1743 μὲν
3354 1674 3454 1727 οὐκ
3485 1675 3653 1741 ἐστιν,
3679 1657 3806 1732 οὒτε

2221 1752 2330 1822 γὰρ
2377 1751 2438 1805 τὸ
2488 1753 3045 1827 ἀντιδιαστελλὸμενον
3092 1764 3267 1833 αὐτῷ·
3307 1766 3566 1836 γεννητὸς
3615 1770 3726 1840 γὰρ
3779 1774 3809 1824 6

2224 1843 2368 1906 Υἱὸς,
2402 1846 2462 1897 οὐ
2520 1843 2656 1897 καθὸ
2697 1845 2872 1911 οὐσία,
2918 1848 3051 1903 ἀλλά
3092 1853 3226 1906 καθὸ
3275 1855 3538 1926 ἐγεννήθη
3565 1873 3580 1885 ⁸
3632 1861 3682 1909 εἱ
3747 1860 3808 1914 δὲ

2223 1935 2600 2007 συμϐεϐηκὸς,
2647 1937 2680 2008 ἦ
2727 1939 3108 2008 συμπέφυκεν,
3153 1944 3184 2014 ἢ
3231 1946 3504 2017 ἐνδέχεται
3535 1947 3806 2020 ὑπάρχειν

2221 2027 2315 2078 καὶ
2346 2027 2419 2099 μὴ
2469 2030 2751 2101 ὑπάρχειν.
2804 2029 2941 2083 Ἀλλ’
2971 2034 3019 2084 εἰ
3053 2034 3150 2103 μὲν
3181 2039 3557 2108 συμπέφυκεν,
3584 2042 3802 2112 ἀνάγκη

2217 2116 2295 2187 τῷ
2325 2118 2442 2189 Θεῷ
2489 2122 2583 2173 καὶ
2618 2122 2805 2176 οὐσίαν
2842 2122 2952 2192 (74)
3001 2125 3093 2177 καὶ
3129 2127 3472 2200 συμϐεϐηκὸς
3500 2127 3661 2184 εἶναι.
3714 2132 3808 2198 Ἐξ

2216 2209 2462 2281 ἀνάγκης
2495 2211 2603 2282 γὰρ
2640 2213 2708 2266 τὰ
2745 2214 2970 2268 τοιαῦτα
3007 2217 3291 2285 συμϐαίνει
3317 2217 3396 2282 οἷς
3426 2221 3802 2293 συμϐέϐηκεν.

2215 2303 2278 2355 El
2313 2303 2370 2356 δὲ
2409 2305 2773 2376 ἐνδεχομένως
2807 2307 2953 2378 (75),
3003 2307 3152 2360 ἔσται
3188 2311 3279 2361 καὶ
3324 2311 3622 2382 ἀγέννητός
3667 2333 3805 2369 ποτε

2213 2395 2307 2447 καὶ
2339 2397 2612 2467 γεννητὸς.
2653 2399 2713 2450 El
2740 2399 3030 2470 ἀγέννητον
3069 2399 3284 2469 λέγουσι
3318 2402 3406 2454 τὸν
3431 2403 3582 2469 Θεὸν,
3609 2408 3689 2458 ὅτι
3723 2410 3801 2478 μὴ

2213 2483 2493 2554 ἐγεννήθη,
2527 2487 2586 2538 οὐ
2621 2488 2672 2539 τί
2701 2490 2846 2541 ἐστιν
2880 2490 2912 2560 ἡ
2958 2489 3112 2542 οὐσία
3145 2489 3329 2554 αὐτοῦ,
3357 2491 3627 2560 λέγουσιν,
3660 2499 3801 2552 ἀλλά

2210 2574 2265 2625 τί
2298 2574 2396 2627 οὐκ
2428 2577 2592 2631 ἔστιν.
2639 2579 2876 2649 Οὐδεμία
2909 2581 2964 2633 δὲ
2992 2583 3146 2635 οὐσία
3176 2582 3234 2647 ἐξ
3266 2576 3340 2636 ὦν
3370 2585 3469 2637 οὐκ
3496 2585 3612 2639 ἐστι
3649 2605 3799 2656 γνω-

2212 2665 2442 2737 ρίζεται,
2478 2669 2588 2720 ἀλλ’
2623 2670 2680 2734 ἐξ
2707 2664 2780 2723 ὧν
2813 2673 2948 2724 ἐστι.
2983 2676 3092 2727 Καὶ
3120 2676 3178 2727 τὸ
3204 2676 3500 2744 ἀθάνατος
3532 2681 3662 2749 γὰρ,
3702 2683 3800 2734 καὶ

2209 2759 2267 2811 τὸ
2297 2758 2593 2828 ἄφθαρτος
2618 2761 2710 2812 καὶ
2737 2763 2796 2814 τὸ
2824 2763 3130 2830 ἄτρεπτος,
3167 2769 3228 2819 οὐ
3261 2768 3357 2838 τὴν
3385 2771 3573 2824 οὐσίαν
3598 2771 3797 2834 αὐτοῦ,

2207 2849 2320 2904 ἀλλ’
2353 2852 2433 2903 ὃτι
2464 2850 2536 2921 μὴ
2576 2850 2926 2924 ἀποθνήσκει,
2962 2855 3099 2923 μήτε
3145 2857 3445 2926 φθείρεται,
3499 2862 3638 2928 μήτε
3671 2861 3800 2931 τρέ-

2206 2961 2364 2997 πεται
2394 2944 2470 3006 ὡς
2501 2944 2572 2997 τὰ
2599 2945 2893 3016 κτίσματα,
2920 2945 3088 3015 δηλοῖ.
3124 2946 3534 3003 Διδασκέτωσαν
3564 2947 3660 3002 οὖν
3685 2953 3739 3003 τί
3769 2955 3797 3004 6

2204 3033 2335 3098 Θεός
2374 3037 2542 3102 ἐστιν,
2592 3039 2650 3089 οὐ
2679 3037 2728 3090 τί
2779 3038 2878 3091 οὐκ
2926 3036 3090 3092 ἔστιν.
3142 3039 3204 3092 ΕΞ
3237 3038 3298 3092 τὸ
3329 3040 3664 3110 (irem—:7th
3691 3045 3795 3096 οὐκ

2205 3121 2373 3194 ὄνομα
2403 3127 2609 3189 οὐσίας,
2652 3128 2764 3180 ἀλλ’
2805 3129 3088 3182 αὐτοουσία
3144 3129 3280 3201 (76),
3332 3133 3490 3187 οὐσία
3521 3133 3578 3186 δὲ
3624 3136 3720 3188 καὶ
3765 3139 3795 3189 ὁ

2207 3207 2354 3271 Υἱός
2385 3210 2674 3280 ἀγέννητος
2707 3214 2797 3265 καὶ
2826 3215 2853 3265 6
2882 3213 3027 3277 Υἱὸς,
3058 3215 3151 3267 καὶ
3187 3219 3333 3269 πᾶσα
3362 3217 3416 3270 δὲ
3445 3218 3600 3270 οὐσία
3627 3220 3793 3287 ἀγέν-

2206 3315 2383 3369 νητος.
2429 3301 2490 3352 Ei
2520 3301 2578 3352 τὸ
2612 3303 2900 3373 ἀγέννητον
2934 3305 3089 3359 οὐσία
3121 3305 3213 3358 τοῦ
3245 3307 3400 3370 Θεοῦ,
3437 3310 3532 3361 καὶ
3560 3311 3623 3360 τὸ
3662 3311 3792 3378 γέν-

2204 3408 2349 3461 νημα
2386 3391 2543 3444 οὐσία
2574 3391 2665 3443 τοῦ
2699 3393 2826 3445 Υἱοῦ
2850 3410 2862 3424 ⁸
2904 3397 2964 3448 τὸ
3007 3398 3210 3467 κτίσμα
3243 3395 3335 3452 οὖν
3381 3399 3413 3469 ἦ
3447 3400 3664 3470 ποίημα
3688 3404 3794 3454 οὐκ

2201 3467 2373 3536 οὐσία
2405 3481 2590 3535 αὐτοῦ.
2645 3484 2759 3537 Μία
2785 3485 2888 3556 γὰρ
2930 3487 3022 3538 κα)⁵
3050 3489 3109 3540 οὐ
3144 3490 3334 3543 πολλαὶ
3367 3467 3544 3544 οὐσίαι
3637 3494 3790 3558 Υἱός.

2206 3572 2522 3641 Ἀνθρωπόν
2548 3589 2633 3637 τις
2659 3574 2860 3639 εἰπὼν,
2893 3576 2924 3646 ἢ
2960 3576 3133 3640 λίθον,
3167 3580 3199 3649 ἢ
3236 3581 3410 3647 ξύλον,
3447 3583 3636 3636 οὐσίαν
3663 3586 3793 3639 τινὰ

2199 3663 2374 3733 δηλοῖ’
2409 3666 2655 3737 γέννημα
2697 3667 2754 3720 δὲ
2794 3668 2982 3734 εἰπὼν,
3011 3671 3108 3723 οὐκ
3147 3673 3336 3728 οὐσίαν
3372 3675 3558 3740 ἁπλῶς
3589 3677 3750 3750 δηλοί
3774 3700 3789 3712 ο

2199 3757 2319 3809 ἐπεὶ
2345 3759 2450 3810 πᾶν
2485 3758 2729 3829 γέννημα
2758 3759 2913 3812 οὐσία
2950 3761 3066 3830 μία.
3105 3763 3167 3816 Εἰ
3197 3763 3252 3814 δὲ
3285 3764 3385 3817 οὐκ
3418 3766 3606 3831 οὐσίας
3639 3771 3791 3836 τινὸς

2199 3847 2259 3899 τὸ
2293 3848 2534 3920 γέννημα
2577 3851 2936 3920 σημαντικὸν,
2969 3851 3089 3904 οὐδὲ
3118 3852 3181 3906 τὸ
3227 3855 3563 3926 ἀγέννητος
3587 3860 3788 3930 δηλον-

2195 3940 2296 3995 ότι.
2355 3942 2417 3993 El
2461 3942 2755 4014 ἀγέννητός
2799 3945 2942 3996 ἐστιν
2988 3946 3017 3997 6
3059 3945 3210 4009 Θεὸς,
3244 3948 3326 4000 ὄτι
3362 3949 3441 4021 μὴ
3471 3954 3740 4024 ἐγεννήθη
3769 3971 3784 3984 ·

2195 4031 2334 4084 οὕτω
2357 4032 2449 4085 καὶ
2476 4033 2769 4104 ἄφθαρτος,
2807 4036 2887 4088 ὅτι
2917 4035 2989 4106 μὴ
3020 4035 3316 4106 φθείρεται.
3355 4041 3565 4111 Ὠσπερ
3586 4038 3682 4094 οὖν
3718 4046 3783 4098 τὸ

2195 4120 2496 4188 ἄφθαρτον
2527 4124 2586 4175 τὸ
2625 4124 2974 4193 ἀτελεύτητον
3011 4127 3175 4179 αὐτοῦ
3205 4128 3381 4197 δηλοῖ,
3412 4130 3555 4183 οὕτω
3585 4135 3682 4186 καὶ
3720 4138 3784 4190 τὸ

2194 4211 2528 4279 ἀγέννητον
2550 4214 2611 4264 τὸ
2653 4216 2904 4284 ἄναρχον.
2966 4215 3027 4266 Et
3080 4215 3136 4267 δὲ
3181 4217 3475 4288 ἀγέννητος
3523 4222 3646 4291 μὲν,
3679 4228 3784 4281 οὐκ

2193 4299 2466 4372 ἄφθαρτος
2490 4300 2567 4366 δὲ,
2595 4299 2743 4354 ἔσται
2773 4303 2870 4372 μὲν
2893 4303 3140 4375 ἄναρχος,
3173 4306 3272 4359 οὐκ
3295 4308 3651 4382 ἀτελεύτητος
3681 4317 3738 4370 δέ
3766 4337 3778 4350 ·

2192 4396 2328 4464 ὅπερ
2359 4393 2575 4448 ἄτοπον.
2596 4394 2706 4447 Οὐκ
2737 4395 2893 4449 οὐσία
2923 4392 3016 4449 οὖν
3047 4398 3106 4450 τὸ
3134 4398 3480 4468 ἀγέννητος,
3512 4405 3650 4459 am
3685 4409 3781 4480 δῂ.

522 4482 608 4529 tus
656 4492 760 4530 non
801 4486 883 4532 est
916 4496 931 4532 :
965 4479 1042 4532 sic
1085 4491 1141 4534 et
1187 4481 1636 4551 incorruptibilis,
1669 4500 1734 4538 eo
1787 4488 1927 4555 quod
1983 4503 2084 4540 non

2213 4502 2353 4546 ωσις
2395 4483 2486 4537 τοῦ
2533 4484 2607 4555 μὴ
2654 4486 3028 4556 γεγεννῆσθαι.
3085 4488 3147 4539 El
3205 4488 3364 4556 φύσει
3409 4492 3709 4564 ἀγέννητὸς
3751 4479 3779 4549 6

520 4569 906 4638 corrumpitur.
960 4567 1416 4635 Quemadmodum
1477 4573 1642 4644 igitur
1686 4576 2088 4644 incorruptibile

519 4672 642 4710 eum
674 4661 789 4712 sine
816 4660 921 4714 ﬁne
960 4661 1197 4715 futurum
1227 4663 1496 4733 signiﬁcat
1535 4685 1550 4716 :
1591 4668 1664 4719 ita
1698 4675 1745 4719 et
1774 4667 2084 4736 ingenitum,

517 4749 768 4819 principii
804 4753 967 4824 285
1011 4766 1288 4826 expertem
1337 4772 1476 4811 esse.
1534 4758 1589 4812 Si
1636 4775 1764 4812 vero
1813 4760 2082 4830 ingenitus

2194 4577 2400 4647 Πατὴρ,
2431 4576 2587 4646 φύσει
2626 4578 2882 4647 γεννητὸς
2915 4578 3007 4629 καὶ
3034 4581 3061 4631 ὁ
3085 4579 3229 4641 Υἱός.
3273 4580 3334 4632 Ei
3367 4581 3422 4633 δὲ
3460 4585 3623 4649 φύσει
3652 4588 3778 4653 γέν-

2192 4686 2358 4737 νημα,
2395 4669 2576 4720 οὐκέτι
2607 4667 2828 4737 κτίσμα.
2865 4668 3052 4731 Ὄντος
3078 4665 3171 4721 οὖν
3197 4668 3289 4720 τοῦ
3316 4670 3473 4737 φύσει
3497 4675 3664 4745 γεννη
3673 4694 3776 4744 μα-

2185 4777 2275 4822 τος
2308 4759 2444 4829 (77),
2475 4760 2689 4828 ἀνάγκη
2722 4759 2815 4812 καὶ
2839 4759 2926 4812 τὸν
2960 4763 3296 4830 γεννήσαντα
3323 4755 3493 4815 εἶναι·
3523 4765 3774 4839 γέννημα

591 4867 634 4898 ⁸⁷
661 4868 836 4926 Exod.
866 4886 958 4937 xv,
990 4871 1044 4926 ὅ.
1131 4875 1174 4906 ⁸⁸
1195 4875 1368 4932 Exod.
1404 4891 1488 4935 Ill,
1518 4874 1606 4927 14.
1682 4876 1727 4908 ⁸⁸
1762 4875 1890 4929 ibid.
1922 4875 2010 4929 15.
2085 4873 2105 4906 ⁷

2213 4875 2294 4930 .al.
2329 4891 2539 4940 Lxxxn,
2577 4874 2660 4928 l9.

585 5005 697 5077 (70)
725 5007 902 5064 Codex
930 5010 1084 5085 coll).
1110 5017 1418 5085 mvmxpat

514 5088 691 5153 [οων
726 5095 910 5133 nomen
934 5082 1078 5138 mihi.
1115 5086 1267 5153 Apud
1293 5082 1434 5139 LXX

1540 5013 1729 5086 ὸνομάη
1747 5033 1857 5086 μοι,
1894 5015 2083 5086 Omni-

1520 5083 1669 5155 ὐριος
1707 5083 1876 5155 ὄνομα
1909 5084 2076 5154 αὐτῷ,

514 5144 772 5225 Dominus
816 5164 998 5205 nomen
1051 5144 1179 5208 illi:
1208 5155 1456 5225 Vulgata,
1505 5144 1848 5223 Omnipotens
1891 5144 2078 5209 nomen

511 5230 650 5282 ψη.

586 5283 698 5354 (71)
724 5289 1021 5345 Articulum
1053 5302 1178 5347 ante
1215 5309 1398 5349 vocem
1424 5295 1556 5356 Θεός
1581 5302 1662 5346 ter
1680 5295 1982 5348 addidimus
2009 5310 2076 5350 ex

513 5351 969 5428 libris'antiquis:
1005 5365 1145 5430 quod
1183 5365 1324 5420 idem
1365 5351 1552 5421 eadem
1581 5366 1908 5419 auctoritate
1939 5364 2074 5419 feci-

513 5438 633 5476 mus
662 5438 786 5481 ante
803 5444 985 5483 vocem
1012 5432 1190 5487 Δαϐίδ.

584 5492 694 5564 (ἹΞ)
729 5497 866 5552 Editi
891 5501 1388 5576 el__li_eg_ii_quatuor
1417 5505 1620 5576 Κύριος
1647 5504 1818 5576 ὄνομά
1833 5521 1938 5576 σοι..
1961 5503 2070 5556 Da-

510 5564 683 5645 _minus
700 5583 884 5645 nqm_en
914 5564 1308 5645 tibi._Alii'duo
1337 5576 1485 5645 Regii
1509 5564 1640 5645 'cuiii
1675 5564 1828 5630 Ctilb.
1864 5574 2068 5645 Κόρμος

505 5631 676 5714 ξνομα
703 5636 879 5714 αὐτιῆἱ
905 5639 1168 5714 Dominus
1201 5661 1386 5699 nomen
1416 5631 1564 5708 "ipsi.
1603 5644 1699 5699 Hic
1740 5646 1881 5714 apud
1926 5631 2066 5698 [ξΧῖ

507 5700 679 5784 ένομά
704 5725 784 5784 cos
821 5700 1059 5784 'Ktiptog,
1115 5710 1321 5769 Nomen
1368 5700 1474 5768 tibi.
1505 5700 1788 5768 Dominus:
1821 5715 2062 5784 Aquilus,

509 5774 868 5847 Symmachus
896 5774 949 5837 ei
983 5774 1307 5854 Tlieodotio,
1329 5784 1534 5842 Nomen
1557 5785 1670 5845 tibi.
1700 5774 1936 5841 Domin'e.

2265 5014 2375 5090 (75)
2408 5013 2549 5068 Editi
2576 5021 2633 5068 et
2656 5028 2788 5068 mss.
2816 5013 3057 5070 nonnulli
3097 5015 3226 5084 παρ’
3266 5015 3424 5070 αὑτά.
3474 5017 3582 5070 Alii
3614 5021 3770 5090 παρά

2187 5101 2356 5137 ταυτα
2365 5123 2379 5137 ο

2259 5153 2371 5224 (74)
2401 5150 2544 5225 Editi
2570 5160 2623 5206 et
2649 5153 2854 5222 aliquot
2882 5169 3017 5209 mss.
3053 5154 3148 5209 καὶ
3174 5153 3349 5208 οὐσία.
3375 5154 3506 5225 Reg.
3535 5167 3771 5224 quartus

2185 5225 2278 5276 καὶ
2300 5223 2508 5286 οὐσίαν,
2543 5232 2703 5277 recte.

2256 5294 2367 5365 (75)
2395 5293 2570 5365 Illud_,
2597 5293 2963 5365 ένδεχομένως
2983 5337 2996 5356 ,
3028 5295 3256 5363 positum
3291 5294 3380 5349 hic
3411 5295 3630 5350 videtur
3662 5299 3768 5355 hac

2181 5360 2450 5417 sententia
2484 5380 2496 5412 :
2528 5360 2822 5419 Taliter'ut
2853 5360 3243 5430 possit—adesse
3269 5376 3362 5418 aut
3398 5367 3616 5422 abesse.

2244 5433 2360 5502 (76)
2395 5433 2572 5486 Editio
2597 5433 2758 5487 Basil.
2792 5446 2846 5488 et
2875 5446 3109 5502 quatuor
3136 5448 3264 5487 mss.
3289 5434 3440 5503 Regii
3486 5436 3606 5489 ἀλλ’
3631 5439 3768 5491 αὐτὸ

2169 5504 2326 5558 οὐσία
2359 5503 2566 5556 duabus
2596 5505 2838 5563 vocibus.
2875 5505 2965 5557 sed
2996 5507 3167 5572 ipsum
3205 5505 3526 5559 substantia.
3581 5509 3763 5560 Editio

2170 5575 2514 5642 Stephanum,
2537 5582 2590 5626 ut
2622 5584 2773 5628 notat
2796 5574 3043 5636 Ducaeus.
3073 5584 3130 5629 et
3155 5577 3322 5629 codex
3347 5573 3500 5630 Colb.
3533 5577 3762 5628 αὐτοου-

2169 5645 2258 5695 σία
2290 5643 2593 5707 coniuncte,
2627 5646 2715 5696 sed
2747 5646 2964 5706 ipsumet
2987 5644 3305 5697 substantia.

2237 5714 2346 5782 (77)
2385 5713 2525 5765 Editi
2568 5713 2658 5767 τὸν
2699 5714 2856 5784 φύσει
2913 5715 3270 5785 γεννήσαντα.
3327 5713 3438 5772 Vox
3490 5714 3652 5784 φύσει
3705 5719 3757 5771 in

2168 5801 2296 5842 mss.
2342 5786 2513 5842 deest.-
