4008 6458
197 405 312 463 685

1300 407 1674 464 ADVERSUS
1717 403 2093 462 EUNOMIUM-
2122 405 2250 460 LIB.
2295 404 2384 463 IV.

3350 399 3457 460 686

199 525 316 596 γὰρ
345 525 509 594 γωρὶς
541 524 896 593 γεννήσαντος
949 523 1048 576 οὐκ
1079 523 1143 576 ἂν
1189 523 1296 593 εἴη.
1340 525 1658 593 Λεγέτωσαν
1691 522 1782 580 οὖν

1908 523 2102 591 [bidem
2153 533 2255 588 est,
2286 538 2394 576 non
2445 531 2624 578 autem
2675 519 3101 590 incorruptibilis
3136 537 3150 573 :
3189 520 3456 589 principii.

197 615 298 669 τὸν
320 616 675 684 γεννήσαντα,
707 616 754 665 εἰ
781 615 808 665 6
834 615 1024 685 Πατὴρ
1045 616 1143 668 οὐκ
1169 616 1478 686 ἐγέννησεν.
1513 618 1574 669 Εἰ
1601 622 1628 672 6
1653 620 1784 682 Θεὸς

199 708 494 778 ἀγέννητος
522 707 698 775 οὐσία,
734 707 827 760 καὶ
853 709 880 760 6
915 708 1040 770 Υἱὸς
1068 708 1178 776 (78)
1212 709 1464 777 γεννητὸς
1490 709 1664 782 οὐσία,
1693 713 1787 764 καὶ

201 802 232 852 ὁ
265 799 618 870 Παράκλητος
643 798 845 870 κτίσμα
875 799 1052 868 οὐσίᾳ,
1085 801 1163 862 τὸ,
1196 800 1384 872 Πατὴρ
1418 801 1510 853 καὶ
1539 801 1662 865 Υἱὸς
1693 801 1785 855 καὶ

203 891 362 958 ἆγιον
398 887 619 958 Πνεῦμα
640 927 653 951 ,
681 889 918 960 ὀνόματα
951 890 1107 960 μόνον
1139 893 1304 960 χωρὶς
1333 891 1548 945 οὐσιῶν.
1581 893 1784 945 Bai-mt-

203 980 448 1044 ζέτωσαν
470 975 560 1032 οὖν
581 985 658 1043 είς
679 982 988 1050 ἀγέννητον,
1029 979 1121 1032 καὶ
1143 983 1417 1052 γεννητὸν,
1445 983 1536 1034 καὶ
1561 984 1782 1054 κτίσμα.

204 1073 292 1124 Τὰ
319 1071 427 1141 γὰρ
454 1073 750 1143 πράγματα
779 1074 884 1125 τῶν
911 1073 1186 1142 ὀνομάτων
1217 1073 1536 1143 ἰσχυρότερα
1556 1115 1568 1138 ,
1597 1076 1688 1128 καὶ
1718 1074 1786 1126 τά

203 1162 342 1212 ὄντα
379 1159 487 1213 τῶν
527 1161 837 1232 λεγομένων
877 1162 1012 1232 πρὸς
1054 1165 1329 1235 ἐνέργειαν
1373 1163 1783 1235 ὠφελιμώτερα.

208 1254 278 1305 Εἰ
308 1253 601 1326 ἀγέννητος
628 1297 640 1319 ,
671 1257 852 1324 φασὶν,
889 1257 916 1306 6
952 1256 1167 1327 Πατὴρ,
1204 1256 1458 1325 γεννητὸς
1490 1257 1544 1310 δὲ
1578 1261 1606 1310 6
1641 1257 1784 1318 Υἱῆς,

206 1345 276 1396 οὐ
314 1345 412 1415 τῆς
445 1349 616 1418 αὐτῆς
647 1349 855 1409 οὐσίας.
897 1349 1213 1418 ’Λγέννητος
1253 1347 1359 1418 γάρ
1397 1350 1488 1401 καὶ
1533 1349 1788 1419 γεννητὸς

209 1437 315 1488 οὐκ
339 1438 402 1490 ἂν
429 1440 512 1508 εἴη
549 1442 675 1508 μιᾶς
695 1439 894 1500 οὐσίας.
947 1442 1083 1493 Ἀλλ’
1107 1442 1204 1492 οὐκ
1231 1439 1414 1502 οὐσίας
1437 1441 1596 1510 ἡμεῖς
1618 1441 1787 1494 ταῦτα

211 1524 464 1597 λέγομεν,
500 1529 734 1595 ὀνόματα
780 1528 835 1582 δὲ
880 1529 1138 1600 δηλοῦντα
1185 1528 1283 1599 τὴν
1337 1529 1564 1582 ἑκάστου
1609 1532 1788 1584 αὐτῶν

212 1616 468 1687 ὕπαρξιν.
513 1615 674 1670 Οὐδὲν
718 1618 775 1672 δὲ
808 1621 1003 1673 κωλύει
1051 1619 1322 1692 διαφόρων
1355 1619 1630 1691 ὀνομάτων
1663 1623 1788 1692 μίαν

211 1709 403 1760 οὐσίαν
433 1704 587 1772 εἶναι,
617 1711 692 1772 ὡς
721 1711 814 1763 καὶ
843 1712 903 1763 τὸ
924 1711 1160 1764 ἐναντίον
1182 1711 1452 1783 διαφόρων
1475 1711 1672 1764 οὐσιῶν
1693 1718 1791 1784 τῆς

213 1797 449 1859 κτίσεως
473 1796 530 1850 ἒν
558 1798 746 1869 ὄνομα.

1889 630 1992 666 non
2025 614 2146 667 linis
2173 614 2278 667 erit
2303 627 2527 680 expers;
2560 613 2704 683 quod
2753 612 3047 665 absurdum
3083 620 3184 665 εει.
3231 610 3460 664 Proinde

1888 705 2155 773 ingenitus
2193 702 2495 756 substantia
2529 719 2634 758 non
2667 714 2744 758 est
2776 720 2788 756 :
2822 701 2915 755 sed
2948 701 3181 769 genitura
3214 715 3316 753 nou
3345 712 3464 751 esse

1889 795 2174 866 signiﬁcat.
2233 793 2291 848 Si
2340 804 2538 847 natura
2599 795 2873 863 ingenitus
2918 803 3002 847 est
3050 791 3244 855 Pater,
3294 788 3464 843 Filius

1893 902 2105 957 quoque
2137 897 2330 939 natura
2361 896 2444 941 est
2470 887 2685 955 genitus
2723 929 2735 940 .
2780 891 2872 944 sed
2903 886 2946 942 si
2979 884 3226 955 genitura
3259 888 3341 935 est
3369 896 3466 934 na-

1896 990 2038 1044 tura,
2065 993 2404 1047 nequaquam
2437 988 2522 1034 est
2546 987 2814 1034 creatura.
2853 982 3040 1049 Itaque
3070 991 3192 1029 cum
3217 972 3465 1043 genitura

1894 1074 1964 1127 sit
1997 1084 2214 1138 natura,
2250 1088 2469 1127 necesse
2499 1083 2584 1126 est
2614 1083 2670 1127 et
2705 1073 2998 1144 genitorem
3033 1088 3183 1136 esse;
3219 1067 3466 1140 quando-

1895 1166 2110 1232 quidem
2164 1166 2412 1236 genitura
2469 1165 2587 1219 sine
2643 1163 2886 1234 genitore
2941 1177 3060 1216 esse
3107 1180 3210 1216 non
3266 1165 3462 1230 potest.

1896 1253 2086 1307 Dicant
2141 1257 2306 1323 igitur
2357 1255 2680 1324 genitorem,
2722 1253 2766 1308 si
2815 1251 2979 1306 Pater
3024 1266 3128 1304 non
3171 1251 3372 1319 genuit.
3407 1246 3464 1302 Si

1898 1346 2037 1400 Deus
2070 1349 2340 1416 ingenitus
2367 1357 2449 1402 est
2475 1347 2800 1411 substantia,
2827 1354 2881 1399 et
2918 1344 3084 1397 Filius
3107 1342 3318 1410 genitus
3348 1340 3468 1394 sub-

1896 1442 2114 1502 stantia,
2160 1451 2214 1494 et
2265 1440 2578 1495 Paracletus
2631 1450 2879 1493 creatura
2927 1435 3252 1496 substantia,
3283 1430 3467 1502 Pater,

1895 1541 1946 1584 et
1977 1531 2162 1596 Filius,
2186 1543 2237 1584 et
2265 1531 2498 1600 Spiritus
2520 1540 2737 1584 sanctus
2761 1531 2974 1585 nomina
3003 1526 3173 1583 solum
3201 1533 3326 1579 sunt
3353 1524 3471 1578 sine

1898 1622 2232 1677 substantiis.
2263 1623 2545 1692 Baptizent
2576 1638 2705 1692 ergo
2727 1623 2781 1676 in
2812 1623 3066 1690 ingenito,
3098 1631 3151 1673 et
3186 1617 3383 1687 genito,
3417 1623 3472 1669 et

1899 1723 2167 1770 creatura.
2199 1715 2307 1770 Res
2348 1716 2490 1768 enim
2531 1715 2838 1770 nominibus
2866 1723 2991 1767 sunt
3016 1713 3252 1784 potiores
3282 1726 3294 1762 :
3326 1722 3379 1763 et
3405 1723 3472 1762 ea

1820 1801 1863 1858 Β
1895 1820 2017 1875 quas
2052 1818 2289 1872 exstant,
2328 1814 2452 1861 sunt
2504 1805 2568 1858 ad
2611 1805 2979 1875 operationem
3032 1803 3271 1866 utiliora,
3308 1816 3472 1867 quam

215 1902 342 1956 quae
381 1892 746 1944 nominantur.
794 1887 850 1942 Si
882 1887 1065 1953 Pater,
1095 1890 1367 1958 inquiunt,
1413 1894 1706 1964 ingenitus,
1735 1897 1943 1964 genitus
1982 1912 2111 1953 vero
2144 1897 2336 1964 Filius,
2367 1914 2472 1954 non
2503 1908 2630 1952 sunt
2661 1897 2898 1966 ejusdem
2951 1894 3289 1950 substantiae.
3337 1890 3472 1944 Edam

217 1980 491 2047 ingenitus
545 1991 598 2034 et
654 1983 864 2050 genitus
911 1982 1069 2037 unius
1125 1984 1443 2038 substantiae
1496 2001 1616 2040 esse
1670 2001 1774 2040 non
1816 1997 2058 2053 possunt.
2132 1989 2201 2042 At
2241 2005 2341 2044 nos
2416 1991 2530 2045 haec
2572 2005 2676 2045 non
2729 1988 3078 2051 substantias,
3113 1986 3206 2041 sed
3252 1984 3473 2038 nomina

218 2070 468 2132 dicimus,
539 2072 732 2140 quibus
785 2071 1090 2126 nominibus
1135 2073 1450 2127 exsistentia
1501 2076 1923 2147 uniuscujusque
1979 2093 2167 2134 earum
2235 2077 2592 2148 signiﬁcatur.
2667 2078 2840 2133 Unam
2909 2088 3088 2131 autem
3137 2079 3472 2131 diversorqu

218 2164 498 2217 nominum
546 2166 900 2218 substantiam
945 2180 1068 2219 esse
1113 2167 1363 2235 prohibet
1439 2167 1620 2231 nihil,
1697 2170 2151 2237 quemadmodum
2202 2173 2405 2240 etiam,
2445 2173 2562 2226 vice
2611 2185 2805 2239 versa,
2844 2171 2977 2225 nihil
3029 2178 3174 2226 vetat
3226 2171 3473 2224 diversa-

219 2271 340 2310 rum
398 2255 822 2312 substantiarum
879 2275 1042 2311 unum
1098 2274 1291 2313 nomen
1351 2274 1470 2314 esse
1526 2261 1578 2314 in
1639 2265 1925 2321 creaturis.

289 2377 343 2429 3.
384 2376 444 2426 Εἰ
470 2375 752 2444 ὀμοούσιος
771 2414 784 2436 ,
819 2375 999 2441 φασιν,
1029 2376 1056 2425 6
1084 2374 1210 2436 Υἱὸς
1238 2375 1313 2444 τῷ
1339 2378 1512 2447 Πατρ).
1561 2380 1588 2430 6
1617 2377 1805 2448 Πατὴρ

219 2467 280 2520 δὲ
309 2467 600 2535 ἀγέννητος
623 2507 636 2528 ,
671 2468 698 2516 6
725 2466 779 2518 δὲ
812 2466 935 2529 Υἱ⁴ος
961 2467 1239 2535 γεννητὸς·
1273 2470 1304 2536 ἡ
1346 2468 1481 2538 αὐτὴ
1516 2469 1622 2538 ἄρα
1648 2470 1805 2524 οὐσία,

221 2560 516 2630 ἁγέννητος
565 2561 658 2612 καὶ
689 2561 944 2631 γεννητή.
989 2559 1126 2610 Ἀλλ’
1156 2560 1216 2610 οὐ
1274 2559 1438 2629 μέρος
1486 2561 1664 2628 φαμὲν
1713 2561 1802 2613 τὸν

223 2652 353 2707 Υίὸν
382 2652 476 2706 τοῦ
508 2654 716 2725 Πατρὸς
738 2694 750 2716 ,
781 2653 854 2716 ὡς
899 2652 1280 2723 διαιρουμένην
1306 2651 1401 2723 τὴν
1429 2652 1613 2704 οὐσίαν
1640 2652 1800 2719 ἀγέν-

220 2761 384 2814 νητον
438 2747 529 2797 καὶ
566 2745 820 2814 γεννητὸν
867 2741 1001 2797 εἶναι
1027 2785 1040 2807 ,
1080 2745 1192 2795 ἀλλ’
1224 2745 1342 2796 ὅλον
1389 2745 1509 2796 ὅλου
1544 2745 1800 2813 γεννητὸν

221 2835 287 2900 ἐξ
323 2839 640 2905 ἀγεννήτου,
671 2837 850 2886 τέλεια
891 2835 982 2887 δύο
1003 2876 1016 2896 ,
1061 2838 1148 2886 καὶ
1197 2838 1254 2886 οὐ
1306 2837 1398 2887 δύο
1429 2837 1566 2906 μέρη
1598 2837 1656 2900 ἐξ
1682 2838 1798 2901 ἑνός

222 2943 391 2988 τινος.
420 2927 480 2977 Εἰ
501 2928 557 2978 ἐν
584 2925 660 2995 τῷ
676 2926 897 2994 ὀνόματι
923 2923 1015 2976 τοῦ
1035 2925 1242 2994 Πατρὸς
1266 2925 1515 2993 Earl-602v
1540 2928 1567 2976 6
1590 2927 1797 2997 Σωτὴρ,

226 3021 303 3082 ὡς
338 3020 496 3082 αὐτός
531 3036 711 3088 φησιν,
755 3017 901 3087 Ἐγὼ
925 3017 1192 3082 ἐλήλυθα
1228 3019 1297 3070 ἐν
1323 3016 1400 3082 τῷ
1432 3019 1672 3086 ὀνόματι
1697 3017 1802 3070 τοῦ

228 3112 459 3177 Πατρός
504 3127 656 3178 μουο
717 3108 893 3161 πάντα
949 3108 1048 3160 ὅσα
1097 3111 1123 3160 6
1179 3109 1366 3180 Πατὴρ
1418 3109 1633 3177 λέγεται
1667 3108 1800 3178 (79),

1975 2382 2027 2435 5.
2073 2381 2128 2436 Si
2164 2379 2664 2446 consubstantialis,
2697 2380 2967 2448 inquiunt,
2992 2378 3162 2432 Filius
3185 2375 3333 2430 Patri
3366 2384 3473 2441 est,

1906 2471 2069 2528 Pater
2098 2485 2276 2528 autem
2313 2473 2604 2541 ingenitus,
2633 2471 2799 2526 Filius
2825 2486 2952 2523 vero
2994 2472 3204 2538 genitus
3242 2492 3253 2524 :
3287 2468 3474 2522 eadem

1905 2565 2070 2632 igitur
2100 2567 2409 2618 substantia
2450 2563 2686 2634 ingenita
2730 2572 2784 2618 et
2826 2562 3027 2630 genita.
3074 2561 3179 2615 Sed
3210 2577 3314 2614 non
3341 2561 3477 2614 dici-

1905 2669 2026 2708 mus
2055 2651 2249 2707 Filium
2282 2653 2463 2708 Patris
2485 2662 2697 2724 partem
2727 2668 2868 2716 esse,
2899 2651 2978 2705 sic
3013 2661 3069 2705 ut
3099 2650 3395 2719 ingenitum
3422 2657 3480 2703 et

1905 2745 2147 2816 genitum
2180 2745 2294 2799 sint
2327 2746 2629 2800 substantia
2660 2745 2828 2799 divisa
2859 2762 2880 2799 1
2905 2744 2999 2799 sed
3037 2753 3205 2798 totum
3232 2740 3478 2809 genitum

1904 2852 1970 2892 ex
2017 2847 2128 2892 toto
2173 2837 2436 2906 ingenito,
2469 2837 2704 2904 perleCta
2735 2836 2862 2902 duo,
2887 2851 2991 2888 non
3031 2843 3214 2898 partes
3242 2831 3379 2884 duas
3410 2843 3478 2884 ex

1906 2929 2086 2997 aliquo
2131 2943 2261 2982 uno.
2283 2927 2339 2980 Si
2370 2926 2630 2980 Servatur
2669 2925 2719 2978 in
2760 2925 2980 2977 nomine
3010 2921 3187 2974 Patris
3215 2920 3382 2981 venit,
3421 2927 3481 2971 ut

1907 3021 2022 3086 ipse
2072 3020 2186 3072 ait:
2223 3018 2334 3085 Ego
2368 3020 2484 3072 veni
2524 3021 2582 3069 in
2613 3017 2819 3069 nomine
2854 3013 3032 3068 Patris
3061 3013 3266 3076 mei";
3321 3011 3481 3079 quid-

1908 3108 2035 3178 quid
2063 3108 2222 3162 Pater
2258 3108 2480 3174 dicitur,
2520 3109 2573 3163 id
2617 3106 2811 3162 Filium
2852 3121 3068 3177 quoque
3104 3104 3214 3160 dici
3252 3117 3479 3159 necesse

228 3203 446 3272 ἀνάγκη
462 3201 652 3254 καὶτὸν
670 3201 794 3254 Υίὸν
816 3201 938 3267 λέγε
947 3199 1424 3271 σΘαι.Λεχοἡσεται
1443 3197 1534 3254 οὐν
1549 3201 1640 3254 καὶ
1656 3201 1804 3270 ἀγέν-

1908 3208 2011 3253 εει.
2045 3199 2278 3255 Proinde
2305 3199 2516 3254 dicetur
2556 3199 2721 3254 etiam
2762 3198 3054 3266 ingenitus.
3087 3196 3133 3251 si
3162 3203 3216 3250 et
3242 3195 3344 3250 hoc
3374 3208 3481 3248 no-

230 3309 409 3363 νητος,
436 3296 482 3345 εί
515 3293 780 3346 καὶτοῦτο
809 3294 976 3363 ὄνομα
1003 3293 1094 3345 τοῦ
1120 3292 1347 3364 Πατρός.
1373 3292 1435 3345 Ei
1462 3294 1516 3345 δὲ
1536 3295 1648 3362 (80)
1671 3293 1803 3364 τιμὴ

229 3383 328 3436 τοῦ
362 3384 572 3454 Πατρός
601 3386 715 3435 ἐστι
745 3385 802 3434 τὸ
827 3385 1155 3451 ἀγέννητος
1181 3385 1366 3454 ὄνομα,
1401 3384 1600 3454 ὁμοίως
1625 3385 1678 3436 δὲ
1713 3386 1804 3436 καὶ

229 3474 324 3527 τὸν
355 3475 476 3527 Υίδν
507 3475 669 3544 τιμᾷν
693 3474 792 3535 δεῖ,
823 3474 963 3525 κατὰ
989 3475 1086 3544 τὴν
1120 3475 1280 3528 αὐτοῦ
1304 3477 1484 3545 φωνὴν
1502 3477 1598 3548 τὴν
1623 3475 1806 3542 λέγου-

236 3583 338 3620 σαν
358 3583 373 3598 ο
410 3566 533 3618 Ἵνα
561 3566 784 3630 πάντες
817 3564 1023 3632 τιμῶσι
1055 3566 1161 3617 τὸν
1185 3568 1337 3630 Υἱὸν,
1371 3569 1564 3634 καθὼς
1599 3567 1806 3638 τιμῶσι

234 3657 342 3709 τὸν
358 3656 613 3724 Πατέραο
651 3656 861 3725 ἀνάγκη
899 3656 989 3707 κα)⁸
1021 3655 1109 3707 τὸν
1137 3655 1261 3706 Υἱὸν
1293 3657 1579 3726 ἀγέννητον
1607 3656 1804 3724 λέγειν,

236 3748 327 3798 ἴνα
364 3747 461 3817 μία
489 3746 621 3818 τιμὴ
672 3744 885 3815 Πατρὸς
915 3745 1007 3797 καὶ
1041 3743 1170 3796 Υίοῧ
1209 3745 1464 3815 σώζηται.
1518 3747 1578 3797 Ei
1620 3746 1808 3816 ἐφανέ-

242 3854 416 3907 ρωσεν
446 3842 474 3891 6
511 3837 637 3901 Υίὺς
669 3837 732 3889 τὸ
773 3837 942 3908 ὄνομα
975 3835 1069 3889 τοῦ
1099 3837 1311 3909 Πατρὸς
1342 3839 1452 3899 τοίς
1483 3837 1805 3908 ἀνθρώποις,

237 3930 316 3991 ὡς
368 3929 528 3991 αὐτός
560 3947 742 4000 φησιν,
789 3928 1163 3997 Ἐφανέρωσὰ
1199 3945 1312 3982 σου
1348 3927 1414 3980 τὸ
1463 3929 1646 3997 ὄνομα
1690 3930 1810 3992 τοῖς

236 4019 572 4088 ἀνθρώποις
595 4059 608 4080 ,
639 4021 826 4091 κύριον
854 4023 910 4074 δὲ
959 4022 1057 4089 τῆς
1103 4021 1286 4084 οὐσίας
1336 4021 1498 4073 αὐτοῦ
1554 4022 1720 4091 ὄνομα
1753 4023 1812 4074 τὸ

238 4113 586 4180 ἁγέννητοςο
615 4113 974 4165 δεικνύτωσαν
1006 4112 1108 4164 ποῦ
1140 4113 1426 4182 ἀγέννητον
1451 4112 1607 4165 αὐτὸν
1637 4114 1664 4165 6
1699 4112 1812 4164 Σω-

239 4204 346 4275 τὴρ
371 4205 608 4276 εἴρηκεν.
660 4204 723 4256 El
759 4204 956 4274 μείζων
992 4204 1206 4257 πάντων
1236 4205 1380 4257 ἐστὶν
1424 4205 1450 4256 6
1480 4204 1631 4266 Θεὸς,
1661 4204 1816 4256 πότε-

245 4314 338 4368 ρον
363 4297 395 4368 ἢ
422 4297 578 4367 οὐσίᾳ
626 4296 739 4366 (81)
772 4296 973 4367 μείζων
1003 4298 1169 4360 ἐστὶν,
1213 4297 1244 4366 ἢ
1297 4296 1373 4366 τῷ
1404 4297 1617 4350 πάντων
1655 4297 1815 4349 αὐτὸν

241 4387 413 4439 αἴτιον
446 4381 603 4450 εἶναι,
634 4385 794 4438 αὐτὸν
823 4385 878 4438 δὲ
925 4385 1148 4458 μηδενὸς
1191 4385 1579 4455 γεγεννῆσθαι;
1622 4387 1684 4442 Εἰ
1720 4388 1815 4457 μὲν

242 4478 354 4548 γὰρ
444 4479 620 4541 οὐσία,
652 4480 745 4532 καὶ
775 4481 921 4532 πᾶσα
947 4481 977 4548 ἡ
1007 4480 1160 4532 οὐσία
1187 4479 1383 4550 μείζων
1407 4479 1622 4532 πάντων
1648 4480 1812 4532 ἐστίν·

244 4571 293 4621 εί
328 4550 447 4642 δὲ.ῖῇ
482 4571 771 4641 ἁγέννητος
792 4610 806 4632 ,
837 4573 896 4623 οὐ
925 4571 1115 4624 ταύτὸν
1145 4571 1250 4643 ἄρα
1279 4571 1432 4623 οὐσία
1467 4571 1557 4624 καὶ
1583 4571 1813 4641 ἀγέννη-
1844 4550 1892 4608 D

243 4678 336 4723 τος
360 4660 491 4731 (82).
520 4662 582 4713 El
613 4662 675 4713 τὸ
705 4661 1032 4729 ἀγέννητον
1071 4662 1186 4715 ἔστι
1222 4681 1292 4725 τι,
1328 4663 1420 4718 καὶ
1444 4663 1504 4714 τὸ
1532 4662 1814 4725 ἀθάνατον,

242 4752 431 4808 καὶτὸ
456 4753 828 4819 ἀτελεύτητον,
875 4754 967 4805 καὶ
1017 4755 1079 4806 τὸ
1120 4755 1327 4815 ἄνοσον,
1371 4756 1463 4806 καὶ
1511 4754 1570 4805 τὸ
1599 4754 1816 4822 ἀγήρων

247 4845 360 4915 (8'5)
391 4844 539 4897 ἔσται
571 4861 643 4899 τι.
692 4846 898 4898 Οὐκοῦν
929 4845 1005 4916 τῷ
1031 4846 1129 4916 μὲν
1155 4846 1448 4916 ἀγέννητος
1476 4840 1614 4897 εἶναι
1651 4845 1817 4914 ὑπερ-

320 5006 362 5036 ⁷¹
393 5003 548 5059 Joan.
579 5019 634 5071 ν,
670 5003 757 5057 45.
833 5005 878 5036 ’⁷⁸
907 5003 1034 5060 ibid.
1068 5005 1157 5059 23.
1232 5005 1279 5036 ⁷³
1306 5004 1459 5060 Joan.
1495 5019 1626 5068 xm,
1659 5003 1712 5058 6'.

323 5117 435 5188 (78)
464 5115 652 5192 Codex,
669 5133 808 5192 unus
827 5127 882 5192 et
909 5119 1060 5192 editi,
1085 5121 1176 5174 καὶ
1198 5122 1226 5172 ὁ
1249 5119 1500 5192 Χριστός.
1523 5119 1625 5192 A_lii
1655 5120 1814 5189 quin-

249 5203 358 5255 que
385 5202 537 5259 mss.,
574 5189 666 5242 καὶ
685 5189 715 5237 6
741 5189 892 5251 Υἱός.
923 5188 1219 5258 Utramque
1241 5188 1522 5246 lectionem
1543 5188 1818 5259 Reg.sex-

250 5269 339 5311 tus
369 5257 608 5327 praefert.
637 5260 860 5312 alteram
896 5259 950 5311 in
999 5257 1274 5327 contextu,
1323 5261 1544 5312 alteram
1579 5257 1647 5311 in'
1669 5275 1814 5312 mar-

251 5330 396 5393 gine.
432 5325 553 5380 Mox
587 5342 770 5381 vocem
807 5329 964 5382 οὐσία
1015 5325 1274 5384 edendam
1307 5329 1614 5384 curavimus
1638 5344 1761 5385 cum
1797 5345 1812 5379 t

252 5398 580 5468 subscripta,
616 5399 761 5465 quod
793 5399 983 5468 melius
1010 5400 1390 5468 indicavimus.

329 5465 439 5542 (79)
473 5467 562 5520 Sic
589 5483 719 5542 mss.
745 5467 934 5542 nostri.
966 5465 1164 5542 Deerat
1189 5469 1456 5542 articulus
1485 5471 1538 5524 in
1567 5471 1820 5542 vulgatis.

254 5534 366 5610 Nec
411 5537 486 5610 ita
530 5537 697 5592 multo
730 5546 851 5608 post
892 5537 1042 5595 Colb.
1092 5551 1145 5594 et
1189 5540 1318 5610 Reg.
1356 5543 1576 5609 quintus
1604 5534 1697 5596 οὖν
1731 5541 1824 5595 καὶ

252 5603 316 5658 τὺ
344 5605 650 5674 ἀγέννητος.

289 5674 701 5798 ιὲῗὲηοίὶοιίὶεεε
731 5691 833 5730 non
869 5679 1022 5746 pauci
1051 5681 1098 5730 εί
1130 5680 1205 5732 δέ.
1241 5679 1439 5736 Vocula
1466 5681 1523 5734 δέ
1567 5681 1636 5735 ab
1662 5680 1822 5734 editis

255 5755 466 5798 aberat.

331 5814 439 5882 (81)
474 5815 613 5870 Editi
637 5827 686 5871 ct
726 5832 854 5872 mss.
883 5818 1031 5872 multi
1066 5819 1285 5886 πότερον
1315 5821 1406 5875 καὶ
1433 5820 1606 5877 οὐσία.
1642 5830 1815 5874 utrum

1912 3309 2031 3346 men
2067 3290 2243 3347 Patris
2276 3302 2377 3347 est.
2412 3293 2565 3358 Quod
2592 3291 2638 3346 si
2667 3305 2860 3344 nomen
2890 3289 3150 3359 ingenitus
3190 3288 3364 3343 honor
3395 3293 3483 3340 est

1907 3384 2115 3450 Patris,
2138 3383 2390 3439 similiter
2419 3396 2600 3438 autem
2647 3384 2690 3437 si
2733 3381 2928 3436 Filium
2960 3394 3172 3451 quoque
3213 3380 3483 3434 honorare

1908 3485 2142 3546 oportet,
2194 3477 2491 3532 secundum
2555 3475 2720 3546 ipsius
2777 3487 2986 3538 vocem,
3032 3488 3152 3542 qua:
3200 3470 3328 3525 dicit
3367 3489 3380 3524 :
3413 3466 3483 3522 εἰ

1911 3583 2087 3620 omnes
2132 3568 2386 3619 honorent
2431 3564 2655 3628 Filium,
2687 3565 2820 3617 sicut
2868 3562 3126 3616 honorant
3153 3558 3364 3613 Patrem
3394 3560 3482 3624 ἠς

1913 3673 2133 3712 necesse
2178 3667 2262 3712 est
2309 3666 2363 3710 et
2396 3656 2595 3710 Filium
2647 3655 2942 3724 ingenitum
2999 3653 3202 3718 dicere,
3235 3661 3292 3707 ut
3343 3667 3485 3705 unus

1911 3749 2090 3805 Patris
2144 3758 2198 3803 et
2247 3748 2369 3803 Filii
2425 3749 2602 3802 honor
2657 3760 2926 3801 servetur.
2962 3744 3018 3798 Si
3068 3742 3235 3798 Filius
3284 3757 3486 3796 nomen

1913 3843 2089 3898 Patris
2135 3841 2445 3898 hominibus
2491 3839 2880 3900 manifestax'it,
2918 3848 2976 3892 ut
3013 3837 3128 3906 ipse
3160 3837 3332 3891 dicit:
3368 3833 3488 3889 Ma-

1913 3935 2154 4004 nifestavi
2186 3951 2369 3988 nomen
2401 3945 2545 3986 tuum
2591 3931 2887 3984 hominibus
2916 3930 2984 3994 ⁷³,
3013 3927 3272 3997 ingenitus
3303 3936 3488 3980 autem

1915 4043 2110 4081 nomen
2149 4037 2235 4080 est
2279 4025 2596 4081 substantia:
2637 4024 2806 4094 ipsius
2857 4023 3166 4092 proprium;
3200 4021 3491 4076 ostendant

1914 4117 2003 4170 ubi
2039 4117 2290 4171 Salvator
2319 4116 2494 4185 ipsum
2531 4113 2827 4184 ingenitum
2877 4112 3198 4167 nominavit.
3248 4110 3305 4167 Si
3347 4110 3490 4166 Deus

1916 4208 2168 4261 omnibus
2196 4205 2365 4274 major
2389 4214 2497 4273 est,
2524 4205 2773 4276 majorne
2789 4215 2872 4260 est
2899 4204 3228 4268 substantia,
3259 4217 3325 4255 an
3357 4216 3494 4270 quo-

1918 4299 2061 4353 niam
2096 4299 2208 4368 ipse
2241 4313 2400 4354 causa
2440 4307 2518 4353 est
2560 4295 2825 4362 omnium,
2858 4310 2957 4349 nec
2985 4310 3016 4348 a
3042 4308 3310 4364 quoquam
3341 4293 3492 4362 geni.

1921 4401 2002 4445 tus
2035 4393 2161 4446 est?
2197 4390 2252 4446 Si
2294 4392 2438 4446 enim
2480 4400 2750 4460 quatenus
2789 4387 3118 4450 substantia,
3154 4387 3316 4440 etiam
3366 4383 3494 4439 sul»

1917 4484 2114 4536 stantia
2152 4483 2328 4537 omnis
2368 4481 2618 4535 omnibus
2666 4478 2836 4546 major
2871 4488 2955 4533 est
2982 4495 2998 4534 :
3023 4477 3106 4532 sin
3148 4485 3325 4530 autem
3354 4490 3490 4545 qua-

1921 4583 2074 4628 tenus
2101 4574 2408 4643 ingenitus;
2447 4571 2610 4642 igitur
2639 4569 2949 4626 substantia
2974 4577 3028 4624 et
3055 4567 3322 4639 ingenitus
3348 4566 3492 4623 idem

1923 4680 2028 4719 non
2057 4675 2201 4720 sunt.
2237 4664 2293 4719 Si
2332 4667 2618 4736 ingenitum
2654 4674 2738 4719 est
2773 4661 3012 4732 aliquid,
3061 4663 3223 4716 etiam
3269 4660 3496 4715 immor-

1924 4758 2062 4821 tale,
2123 4757 2231 4813 ﬁne
2284 4774 2515 4823 carens,
2564 4761 2877 4813 morborum
2923 4771 3148 4819 exsors,
3195 4754 3495 4809 senectutis

1923 4848 2190 4916 nescium,
2223 4849 2426 4920 aliquid
2468 4858 2648 4906 erunt.
2693 4848 2928 4905 Proinde
2975 4847 3232 4920 quoniam
3278 4847 3491 4916 ingeni-

1924 5117 2225 5172 substantio
2246 5133 2448 5187 quoque
2480 5117 2657 5185 major
2677 5127 2778 5187 est,
2809 5115 2886 5168 sic
2921 5122 2979 5187 ut
3003 5128 3112 5187 v_ox_
3131 5112 3287 5166 οὐσία
3335 5111 3490 5187 sit‘tu

1922 5183 2272 5242 nominativo.
2304 5183 2483 5240 codex
2513 5183 2665 5242 Coll).
2695 5184 2973 5256 πότερονᾉῆ
2995 5183 3151 5256 οὐσίᾳ
3173 5197 3294 5237 eum
3323 5200 3340 5234 ι
3362 5183 3494 5256 sub-

1924 5257 2411 5397 ;qlriplto,ﬁrectius.
2447 5257 2524 5310 Ita
2553 5257 2698 5312 enim
2730 5252 2887 5320 illud,
2909 5253 2942 5324 ἢ
2964 5252 3145 5320 οὐσία,
3189 5252 3493 5323 responde-

1965 5345 1976 5380 I
2041 5344 2054 5380 l
2102 5345 2135 5388 I,
2231 5344 2330 5390 τῳ.

1965 5344 2003 5380 ιι
2041 5344 2135 5388 IIII,
2161 5344 2194 5388 η
2231 5344 2330 5388 τῳ.

2371 5395 2525 5450 Coll).
2593 5397 2748 5449 οὐσία
2794 5398 2887 5451 καὶ
2941 5394 3254 5464 ἀγέννητον.
3292 5391 3493 5447 Ibidem

1922 5465 2050 5520 editi
2085 5476 2139 5520 et
2173 5481 2302 5520 mss.
2338 5465 2578 5520 nonnulli
2610 5468 2658 5519 εί
2687 5467 2747 5520 τὸ
2770 5468 3084 5536 ἀγέννητος.
3107 5467 3207 5519 Alii
3229 5475 3338 5517 tres
3361 5477 3492 5515 mss.

1919 5537 2233 5608 ἀγέννητον,
2259 5537 2471 5608 melius.
2511 5537 2587 5590 Ita
2625 5539 2769 5591 enim
2803 5538 2955 5597 illud,
2988 5537 3281 5605 ἀγέννητον
3299 5547 3494 5608 Leon-

1919 5600 2166 5678 cordaliit
2196 5600 2318 5678 cum
2359 5605 2426 5660 iis
2465 5621 2583 5673 qnaa
2639 5617 2943 5678 sequuntur
2994 5600 3238 5671 vocibus,
3288 5600 3493 5656 ἀθάνα-

1918 5693 2028 5739 τον,
2059 5675 2274 5730 ἀτελεύη
2287 5692 2432 5746 ητον,
2467 5687 2572 5730 etc.

1988 5738 2100 5817 (83)
2136 5745 2276 5801 Editi
2305 5738 2392 5798 ’τὸ
2420 5738 2672 5816 ἀγηρον.
2721 5747 2944 5802 Veteres
2995 5747 3234 5816 quinque
3265 5742 3388 5799 libri
3432 5738 3497 5795 τὸ

1917 5816 2020 5889 ἁγὴ
2029 5816 2159 5889 ρων.
