4008 6462
517 370 621 423 687
1814 367 1873 422 S.
1917 367 2162 421 BASlLll
2206 365 2416 418 MAG.“
3660 351 3771 408 683

515 483 602 530 tus
634 484 740 539 est,
770 477 1048 543 superabit
1074 490 1306 532 omnes:
1342 485 1396 532 at
1439 477 1493 530 in
1529 479 1748 549 reliquis
1790 479 1931 533 idem
1975 481 2078 535 erit

2188 477 2288 541 έξει
2313 479 2546 537 πάντων,
2568 479 2678 537 τοῖς
2711 474 2767 526 δὲ
2797 473 2975 536 ἄλλοις
2993 473 3185 529 ταύτὸν
3218 469 3367 524 ἔσται
3398 468 3654 536 ἀγγέλοις
3678 468 3771 523 καὶ

516 580 641 620 cum
693 566 902 633 angelis
963 566 1355 638 spiritibusque
1408 576 1463 623 et
1510 569 1810 625 animabus.
1862 570 1996 626 Nam
2032 581 2087 628 et

2188 569 2457 638 πνεύμασι
2493 568 2586 621 καὶ
2611 567 2829 636 ψυχαῖς.
2873 566 2983 618 Καὶ
3031 568 3139 638 γὰρ
3175 563 3342 620 ταῦτα
3387 560 3635 613 ἀθάνατα
3677 562 3771 615 καὶ

519 655 634 708 haec
661 655 986 711 immortalia
1012 666 1160 722 sunt,
1182 666 1237 712 et
1269 656 1389 711 linis
1415 662 1677 726 expertia.
1721 657 1874 723 Quod
1905 661 1949 714 si
1981 677 2085 717 non

2188 659 2533 732 ἀτελεύτητα.
2562 660 2624 713 Ei
2652 658 2708 711 δὲ
2739 658 2813 728 μὴ
2848 659 2939 726 ἀφ’
2973 648 3047 708 ὧν
3075 658 3183 726 (84)
3211 658 3309 709 οὐκ
3335 651 3503 712 ἐστιν,
3530 649 3645 703 ἀλλ’
3677 652 3771 720 ἀφ’

520 759 616 813 per
645 759 731 812 ea,
762 760 882 815 quae
922 761 1027 802 non
1060 757 1162 812 est,
1192 748 1285 801 sed
1333 762 1428 817 per
1469 763 1532 804 ea
1577 767 1694 824 quae
1742 760 1844 814 est,
1877 752 2088 807 excedit

2191 746 2260 803 ὧν
2298 753 2443 803 ἐστιν
2478 749 2728 820 ὑπερέχει
2772 749 2916 815 (οὐδὲ
2962 745 3070 816 γὰρ
3111 747 3391 818 ἄνθρωπος
3423 741 3623 808 ἀλόγου
3653 739 3774 807 βελ-

520 839 717 906 (neque
742 838 887 894 enim
923 839 1082 896 homo
1112 842 1211 892 hoc
1239 843 1583 908 praestantior
1616 853 1698 898 est
1741 844 1917 906 bruto,
1943 843 2084 910 quod

2189 845 2316 897 τίων
2339 844 2416 913 τῷ
2447 845 2521 914 μὴ
2550 840 2690 898 εἶναι
2719 841 2922 911 ἄψυχος
2956 840 3049 894 καὶ
3075 838 3393 909 ἀναίσθητος
3413 857 3426 869 ο
3455 835 3631 890 ταῦτα
3661 831 3772 900 γὰρ

517 927 712 980 anima:
756 937 849 982 aut
883 943 1074 982 sensus
1107 943 1302 997 expers
1338 945 1441 982 non
1477 932 1578 997 sit;
1611 946 1730 984 cum
1775 929 1887 983 haec
1923 931 2084 984 etiam

2190 935 2282 986 καὶ
2306 934 2366 986 τὸ
2398 935 2608 1002 ἄλογον,
2643 931 2777 984 ἀλλά
2798 932 2874 1001 τῷ
2901 931 3011 1002 (85)
3035 922 3173 980 εἶναι
3199 926 3433 997 λογικός)
3461 943 3476 957 ο
3510 926 3654 981 οὕτω
3679 923 3773 972 καὶ

517 1010 590 1061 sit
623 1009 970 1077 irrationale;
996 1010 1090 1066 sed
1119 1013 1241 1076 hoc,
1264 1014 1402 1081 quod
1434 1013 1711 1070 rationalis
1737 1015 1843 1083 est)
1871 1030 1885 1066 :
1919 1013 1996 1066 sic
2033 1024 2088 1067 et

2192 1027 2216 1078 6
2244 1023 2396 1088 Θεὸς,
2425 1025 2484 1077 οὐ
2519 1023 2595 1094 τῷ
2629 1023 2952 1093 ἀγέννητος,
2984 1018 3118 1075 ἀλλά
3146 1018 3221 1087 τῷ
3251 1019 3468 1071 πάντων
3499 1018 3674 1078 αἴτιος
3699 1007 3775 1065 εῖ-

518 1096 659 1156 Deus
704 1116 809 1154 non
855 1102 998 1170 quod
1051 1103 1326 1172 ingenitus
1375 1103 1466 1170 sil,
1508 1105 1598 1160 sed
1647 1105 1791 1172 quod
1843 1103 2084 1158 omnimn

2191 1134 2295 1180 ναι,
2323 1115 2473 1170 ἔσται
2509 1115 2726 1186 μείζων.
2767 1115 2829 1166 Ei
2868 1109 3352 1168 ἀντιδιαστέλλεται
3393 1111 3421 1161 6
3473 1110 3774 1177 ἀγέννητος

516 1207 681 1246 causa
716 1195 810 1254 sit,
848 1194 1019 1263 major
1052 1196 1176 1249 erit.
1213 1195 1268 1250 Si
1305 1195 1577 1265 ingenitus
1607 1211 1634 1249 a
1669 1196 1850 1263 genito
1882 1212 1949 1250 ex
1989 1196 2086 1250 ad-

2190 1205 2266 1276 τῷ
2291 1207 2532 1277 γεννητῷ
2557 1204 2666 1276 (86)
2691 1221 2704 1233 ·
2737 1205 2765 1256 ὁ
2788 1204 2844 1256 δὲ
2869 1205 3158 1274 ἀγέννητος
3184 1200 3340 1252 οὐσία
3367 1198 3513 1266 ἀπλῆ
3533 1215 3548 1228 ο
3578 1199 3677 1252 καὶ
3698 1195 3773 1266 τῷ

515 1299 676 1338 verso
705 1285 1078 1353 distinguitur,
1115 1287 1383 1356 ingenitus
1415 1299 1598 1342 autem
1625 1287 1927 1344 substantia
1953 1287 2084 1342 sim-

2191 1298 2303 1369 (87)
2350 1297 2616 1368 ἄτρεπτος
2661 1295 2755 1349 καὶ
2788 1294 3053 1360 ἀθάνατος
3093 1292 3186 1347 καὶ
3214 1289 3646 1361 ἀσχημάτιστος,
3681 1288 3774 1341 καὶ

516 1376 638 1445 plex
668 1388 781 1443 est;
813 1379 976 1434 etiam
1024 1397 1090 1437 eo
1138 1379 1282 1449 quod
1325 1379 1695 1446 immutabilis,
1720 1389 1770 1434 et
1803 1380 2086 1433 immorta-

2192 1391 2355 1444 πᾶσιν
2384 1387 2918 1458 ἀντιδιασταλήσεται
2961 1387 3097 1458 πρὸς
3127 1385 3216 1437 τὸν
3256 1381 3533 1452 γεννητόν.
3570 1380 3636 1431 Ei
3665 1379 3775 1450 γὰρ

516 1467 584 1523 lis
611 1480 665 1522 et
699 1467 884 1539 ﬁgura:
908 1486 1093 1525 exsors
1116 1479 1224 1534 est,
1257 1480 1312 1524 et
1339 1472 1408 1525 ob
1442 1470 1665 1539 reliqua,
1692 1485 1760 1525 ex
1799 1469 2028 1526 adverso
2055 1487 2086 1526 a

2189 1481 2296 1536 τινὶ
2328 1481 2426 1551 μὲν
2456 1478 2967 1542 ἀντιδιαστέλλεται,
3001 1482 3114 1542 τοῖς
3145 1477 3202 1531 δὲ
3229 1475 3433 1538 λοιποῖς
3456 1471 3541 1535 o6,
3578 1469 3772 1522 σύνθε-

516 1560 700 1629 genito
731 1551 1114 1628 (iistinguetur.
1158 1561 1212 1615 Si
1253 1561 1396 1615 enim
1429 1560 1609 1630 aliquo
1646 1561 1861 1630 quidem
1894 1561 2086 1618 distin-

2192 1588 2281 1634 τος
2307 1571 2399 1623 καὶ
2424 1572 2523 1642 οὐχ
2556 1567 2779 1631 ἁπλοῦς.
2811 1568 2873 1620 Ei
2907 1569 2936 1620 6
2970 1568 3150 1634 γνοὺς,
3182 1567 3261 1619 ὅτι
3301 1561 3597 1634 ἀγέννητός
3627 1560 3775 1611 ἐστιν

516 1654 718 1726 guitur,
749 1655 915 1726 286
959 1653 1182 1724 reliquis
1223 1668 1351 1713 vero
1391 1668 1766 1724 nequaquam;
1811 1655 2085 1724 composi-

2190 1663 2219 1714 6
2243 1661 2395 1724 Θεὸς,
2427 1661 2456 1713 ὃ
2488 1679 2541 1714 τι
2584 1659 2712 1713 ποτέ
2756 1659 2902 1711 ἐστιν
2935 1659 2962 1710 6
2992 1659 3124 1722 Θεὸς
3166 1652 3404 1726 ἀκριϐῶς
3447 1653 3615 1722 ἔγνω,
3655 1651 3772 1722 μεῖ-

517 1755 639 1810 tus,
673 1759 780 1799 non
831 1745 1059 1815 simplex
1115 1756 1220 1801 est.
1272 1745 1329 1800 Si
1385 1746 1433 1799 is
1479 1744 1570 1813 qui
1615 1744 1867 1813 cognovit
1919 1745 2084 1800 Deum

2193 1751 2283 1815 ζον
2304 1752 2360 1805 δὲ
2390 1754 2540 1806 οὐδέν
2563 1755 2677 1805 ἐστι
2712 1749 2804 1802 τοῦ
2834 1749 2925 1802 τὸν
2948 1749 3078 1804 Θεὸν
3114 1750 3250 1805 κατά
3278 1745 3374 1815 τὴν
3409 1744 3578 1798 αὑτοῦ
3614 1742 3776 1814 φύσιν

516 1849 639 1892 esse
684 1835 1022 1906 ingenitum,
1074 1837 1203 1908 quid
1259 1839 1472 1892 tandem
1525 1837 1598 1891 sit
1651 1837 1791 1892 Deus
1831 1846 2085 1894 accurate

2194 1844 2408 1913 γνῶναι,
2449 1846 2561 1900 ἀλλ’
2595 1844 2733 1913 αὕτη
2766 1843 2914 1894 ἐστὶν
2960 1843 2993 1911 ή
3042 1841 3257 1904 αἰώνιος
3299 1835 3434 1907 ζωὴ,
3481 1839 3510 1890 6
3555 1835 3777 1901 διδάξας

511 1928 790 2002 cognovit,
819 1943 1032 1999 rursus,
1080 1931 1125 1984 si
1182 1928 1316 1984 nihil
1366 1927 1539 1996 majus
1588 1937 1674 1984 est
1711 1944 1871 2002 quam
1919 1929 2086 1982 Deum

2195 1938 2334 2008 ἡμᾶς
2364 1939 2495 2009 (88),
2533 1939 2614 1991 ὅτι
2642 1935 2931 2004 ἀγέννητὸς
2965 1937 3110 1988 ἐστιν
3137 1937 3164 1988 6
3189 1933 3340 1996 Θεὸς,
3384 1930 3588 2000 μείζων
3617 1930 3778 1999 εὑρε-

514 2019 812 2093 secundum
842 2029 1091 2076 naturam
1145 2021 1315 2090 ipsius
1361 2035 1715 2090 cognoscere,
1752 2023 1860 2076 imo
1886 2022 1932 2076 si
1972 2021 2089 2077 haec

2191 2030 2414 2099 θήσεται
2453 2023 2527 2083 ὧν
2573 2029 2601 2080 ὁ
2633 2027 2766 2091 Θεὸς
2811 2026 3074 2096 ἡτοίμασε
3120 2030 3229 2088 τοῖς
3271 2022 3557 2090 ἀγαπῶσιν
3592 2019 3774 2074 αὐτόν.

515 2120 599 2166 est
643 2111 755 2166 vita
804 2121 1007 2168 aeterna
1043 2134 1055 2167 ε
1087 2113 1177 2180 qui
1232 2127 1331 2168 nos
1384 2113 1570 2170 docuit
1623 2115 1919 2183 ingenitum
1967 2127 2088 2168 esse

2199 2118 2452 2172 Ἐκείνων
2485 2118 2591 2186 γὰρ
2625 2115 2777 2167 οὐδὲν
2810 2114 3032 2167 δυνατὸν
3063 2115 3342 2185 ἄνθρωπον
3367 2111 3497 2164 ὅντα
3529 2109 3740 2176 γνῶναι
3763 2125 3774 2137 ·

513 2203 708 2268 Deum,
747 2203 794 2258 is
829 2205 1002 2274 major
1031 2204 1340 2258 invenietur
1382 2205 1449 2260 iis
1491 2220 1611 2273 qum
1647 2206 1790 2277 Deus
1819 2204 2090 2273 diligenti-

2196 2202 2258 2262 ὧν
2294 2209 2417 2263 οὔτε
2455 2207 2731 2277 ὀφθαλμός
2772 2223 2855 2269 τις
2886 2201 3046 2269 εἶδεν,
3079 2207 3200 2260 οὕτε
3238 2201 3331 2267 οὖς
3359 2203 3622 2272 ἡκουσεν,
3653 2200 3779 2254 οὔτε

512 2293 616 2349 bus
644 2296 815 2364 ipsum
844 2297 1194 2365 praeparavit.
1215 2295 1350 2350 Nam
1381 2297 1494 2351 lieri
1525 2311 1626 2350 non
1649 2305 1826 2362 potest
1845 2306 1904 2349 ut
1927 2296 2089 2350 homo

2198 2301 2280 2355 ἐπὶ
2309 2302 2534 2372 καρδίαν
2576 2298 2863 2372 ἀνθρώπου
2909 2299 3095 2370 ἀνέϐη.
3135 2297 3294 2351 Ἀλλά
3331 2296 3436 2367 μὴν
3467 2294 3564 2348 καὶ
3601 2295 3781 2363 ἁμαρ-

514 2385 807 2454 quidquam
855 2395 1148 2456 cognoscat
1186 2401 1396 2448 eorum,
1427 2401 1545 2454 qua:
1575 2401 1675 2440 nec
1712 2387 1900 2442 oculus
1929 2387 2086 2454 vidit,

2196 2392 2345 2445 πωλὸὶ
2371 2392 2430 2445 τὸ
2462 2389 2795 2459 ἀγέννητὸς
2815 2389 2985 2460 ὄνομα
3013 2389 3274 2460 ήκουσαν.
3295 2387 3367 2440 Τὸ
3403 2386 3591 2456 μεῖζον
3619 2379 3714 2437 οὖν
3747 2381 3779 2450 ἦ

513 2490 618 2531 nec
652 2476 802 2532 auris
837 2476 1066 2540 audivit,
1095 2491 1215 2547 quae
1267 2491 1366 2532 nec
1401 2477 1452 2530 in
1493 2491 1583 2531 cor
1623 2475 1862 2533 hominis
1901 2493 2090 2535 ascen.

2200 2486 2253 2540 δι’
2285 2483 2475 2538 ἑαυτοῦ
2507 2483 2538 2553 ἦ
2583 2483 2650 2536 δι’
2680 2483 2870 2554 ἐτέρου
2896 2484 2923 2535 6
2947 2483 3079 2545 Θεὸς
3110 2483 3234 2545 τοὺς
3257 2479 3619 2550 ἁμαρτωλοὺς
3642 2475 3783 2530 διδά-

516 2568 710 2622 derunt
735 2567 806 2623 ".
840 2568 999 2639 Atqui
1033 2580 1348 2639 peccatores
1387 2570 1550 2626 etiam
1597 2585 1793 2626 nomen
1824 2573 2090 2642 ingenitus

2200 2578 2306 2644 Ξας,
2336 2576 2394 2630 τὸ
2437 2569 2598 2646 ἦττον
2631 2575 2725 2627 καὶ
2759 2575 2924 2643 μηδὲν
2960 2575 3039 2635 εἰς
3069 2571 3212 2642 ζωὴν
3241 2570 3456 2622 αἰώνιον
3489 2567 3783 2622 συντελοῦν

515 2660 793 2714 audivere.
850 2660 1004 2726 Quod
1060 2661 1224 2727 igitur
1276 2663 1452 2728 majus
1498 2672 1600 2725 est,
1635 2663 1686 2717 id
1739 2672 1832 2717 aut
1887 2677 1983 2732 per
2033 2678 2092 2717 se

2198 2674 2300 2732 τοῖς
2325 2667 2552 2727 δικαίοις
2584 2663 2835 2733 ἐφύλαξε.
2862 2664 2971 2716 Καὶ
2989 2661 3105 2724 πῶς
3127 2663 3226 2713 οὐκ
3249 2660 3446 2713 ἄτοπον
3470 2676 3486 2723 ;
3511 2659 3580 2710 Τὸ
3601 2659 3781 2726 ἀτέκ-

514 2750 692 2820 ipsum
720 2761 812 2806 aut
844 2765 940 2820 per
965 2752 1130 2806 alium
1165 2753 1304 2806 Deus
1333 2761 1654 2820 peccatores
1685 2754 1866 2807 docuit
1902 2769 1917 2807 :
1947 2756 2092 2822 quod

2202 2781 2373 2828 γητος
2388 2760 2512 2813 οὔτε
2537 2760 2658 2832 ὃρὸς
2688 2758 2806 2810 ἐστὶ
2827 2755 2983 2819 Θεοῦ,
3010 2753 3134 2807 οὔτε
3162 2753 3311 2806 ἴδιον.
3341 2750 3529 2806 Ταῦτα
3551 2751 3665 2822 γὰρ
3691 2751 3785 2802 ἀν-

513 2855 648 2896 vero
677 2843 856 2898 minus
882 2853 988 2911 est,
1014 2843 1257 2913 nihilque
1281 2843 1348 2896 ad
1379 2844 1544 2897 vitam
1567 2852 1826 2898 aeternam
1857 2845 2087 2905 confert,

2199 2853 2465 2922 τιπρέφει
2497 2852 2726 2913 ἐκείνοις
2756 2843 2828 2903 ὧν
2849 2850 2974 2920 ὄρος
3013 2847 3044 2919 ἢ
3079 2846 3208 2901 ἴδιον
3231 2846 3612 2916 τυγχάνουσιν.
3649 2845 3782 2895 Ἀν-

516 2933 571 2995 id
605 2934 771 3002 justis
806 2935 1063 2991 servavit.
1098 2935 1164 2990 Et
1195 2935 1470 3006 quomodo
1501 2935 1605 2991 hoc
1645 2937 1936 2991 absurdum
1984 2952 2088 2991 non

2200 2941 2404 3015 θρωπος
2433 2942 2538 3013 γὰρ
2565 2941 2702 3004 ζῶον
2727 2940 2963 3007 λογικὸν,
2996 2939 3210 3010 θνητὸν,
3235 2938 3328 2992 νοῦ
3355 2937 3450 2990 καὶ
3469 2937 3783 3005 ἐπιστήμης

516 3029 636 3097 est?
662 3027 938 3098 Ingenitus
969 3043 1144 3098 neque
1175 3028 1439 3093 deﬁnitio,
1478 3043 1653 3100 neque
1682 3028 1960 3098 proprium
1998 3029 2088 3083 Dei

2201 3033 2464 3086 δεκτικόν·
2521 3032 2615 3085 καὶ
2649 3033 2702 3084 εἴ
2743 3049 2796 3084 τι
2826 3030 2963 3095 ζῶον
3006 3030 3244 3100 λογικὸν,
3296 3028 3510 3098 θνητὸν,
3546 3025 3642 3081 νοῦ
3687 3024 3784 3078 καὶ

514 3124 618 3180 est.
652 3117 777 3171 Haec
807 3119 952 3171 enim
986 3127 1380 3173 convertuntur
1407 3131 1532 3172 cum
1577 3119 1665 3180 iis,
1699 3132 1927 3186 quorum
1964 3129 2088 3172 sunt

2201 3125 2498 3194 ἐπιστήμης
2531 3121 2803 3185 δεκτικὸν,
2848 3121 3133 3191 ἄνθρωπος
3171 3117 3326 3170 τοῦτο
3357 3116 3466 3185 (89)
3490 3131 3504 3145 ο
3551 3113 3784 3220 ῐδιοννδὲ

517 3207 760 3263 definitio
787 3218 880 3263 aut
913 3209 1212 3279 proprium.
1245 3210 1417 3265 Homo
1450 3209 1595 3264 enim
1634 3219 1718 3264 est
1757 3209 1955 3264 animal
2001 3225 2088 3264 ra-

2202 3211 2479 3283 ivOptbrtou
2522 3212 2582 3265 τὸ
2624 3210 2978 3278 γελαστικὸν,
3009 3207 3101 3259 καὶ
3134 3207 3188 3258 εί
3209 3223 3261 3258 τι
3295 3204 3616 3274 γελαστικὸν
3636 3243 3652 3267 ,
3687 3203 3785 3258 ἇν-

517 3295 742 3362 tionale,
786 3297 1036 3362 mortale,
1076 3298 1445 3371 intelligentiae
1483 3315 1547 3354 ac
1592 3299 1836 3355 scientiae
1879 3314 2085 3369 capax;

2205 3301 2428 3374 ipwmg.
2460 3303 2532 3356 T6
2567 3303 2624 3356 δὲ
2648 3302 2972 3370 ἀγέννητὸς
3000 3298 3154 3360 εἴτις
3185 3298 3528 3370 συγχωρήσει
3559 3298 3655 3349 ἐπὶ
3690 3295 3788 3365 μό-

509 3393 570 3439 et
602 3386 647 3440 si
679 3387 808 3455 quid
855 3387 1054 3443 animal
1102 3389 1390 3455 rationale,
1427 3389 1676 3456 mortale,
1717 3389 2089 3461 intelligentia:

2205 3412 2286 3448 νου
2320 3395 2453 3448 Θεοῦ
2485 3392 2759 3461 λέγεσθαι,
2791 3391 2887 3459 οὐχ
2943 3389 3060 3461 ἅμα
3106 3390 3201 3444 καὶ
3244 3391 3298 3444 εί
3331 3409 3382 3443 τι
3423 3389 3578 3454 Θεὸς,
3624 3389 3788 3442 τοῦτο

515 3491 580 3530 ac
620 3479 861 3535 scientiae
904 3495 1096 3550 capax,
1139 3484 1240 3538 hoc
1279 3483 1442 3538 homo
1488 3495 1599 3549 est;
1656 3484 1928 3552 proprium
1961 3499 2091 3538 vero

2203 3487 2506 3555 ἀγέννητον.
2561 3483 2620 3538 ’0
2665 3478 2758 3536 οὖν
2806 3483 2953 3546 Υἱὸς,
3004 3483 3136 3547 Θεὸς
3185 3481 3282 3546 ὣν,
3334 3482 3434 3534 οὐκ
3488 3480 3786 3550 ἀγέννητὸς

515 3570 750 3628 hominis
793 3583 882 3628 est
926 3575 1157 3640 risibile;
1195 3586 1250 3630 et
1292 3578 1336 3631 si
1373 3578 1500 3647 quid
1539 3574 1743 3632 risibile
1791 3585 1896 3643 est,
1931 3576 2094 3631 homo

2199 3578 2365 3630 ἐστιν.
2396 3573 2531 3628 Οὔτε
2562 3573 2691 3644 γοῦν
2723 3575 2846 3645 ὅρος
2881 3572 2991 3644 (90)
3017 3573 3138 3627 οὔτε
3173 3573 3299 3625 ἴδιον
3326 3571 3385 3624 τὸ
3415 3568 3750 3638 ἀγέννητος
3769 3585 3781 3598 ·

518 3670 620 3716 est.
652 3659 949 3731 Ingenitum
993 3675 1172 3719 autem
1212 3667 1256 3720 si
1294 3672 1418 3736 quis
1461 3667 1723 3721 concedet
1750 3666 1856 3722 dici
1883 3666 1949 3722 de
1977 3666 2093 3720 solo

1345 3672 1418 3723 Llis
1461 3667 1723 3721 concedet
1750 3666 1856 3722 dici
1883 3666 1949 3722 de
1977 3666 2093 3720 solo
2198 3666 2257 3719 οὐ
2289 3665 2396 3736 γὰρ
2423 3665 2764 3736 ἀντιστρέφει
2797 3663 2928 3733 (91).

519 3752 655 3817 Deo,
679 3770 782 3809 non
809 3755 1064 3809 continuo
1106 3757 1149 3810 si
1179 3757 1307 3827 quid
1351 3760 1514 3813 etiam
1541 3760 1682 3813 Deus
1701 3769 1804 3824 est,
1837 3759 1938 3813 hoc
1960 3759 2133 3828 ipsum
2169 3769 2250 3813 est
2299 3760 2611 3830 ingenitum.
2655 3759 2840 3826 Itaque
2875 3757 3063 3818 Filius,
3104 3770 3415 3825 quanquam
3488 3754 3639 3807 Deus
3679 3755 3786 3810 est,

518 3860 700 3904 tamen
747 3851 1016 3924 ingenitus
1063 3867 1170 3908 non
1217 3865 1318 3910 est.
1369 3853 1646 3926 Ingenitus
1699 3855 1866 3923 igitur
1911 3869 2090 3925 neque
2123 3855 2386 3921 deﬁnitio,
2454 3868 2626 3924 neque
2686 3851 2962 3921 proprium
2988 3859 3070 3905 est
3098 3850 3458 3920 Deizquippe
3499 3863 3612 3903 non
3649 3858 3786 3898 con-

515 3946 766 4001 vertitur.

849 4036 1006 4101 Quod
1037 4033 1212 4090 Filius
1251 4042 1496 4088 creatura
1537 4050 1642 4088 non
1679 4043 1777 4089 est.

1760 4071 1777 4088 ο
2621 4033 2749 4086 ’Ὁτι
2778 4033 2848 4086 οὐ
2871 4031 3090 4097 κτίσμα
3123 4030 3155 4081 ὁ
3191 4028 3341 4094 Υίός.

590 4128 643 4184 1.
687 4125 744 4182 Si
785 4126 956 4180 Filius
992 4135 1244 4182 creatura
1270 4127 1367 4180 Dei
1390 4134 1495 4187 est.
1516 4125 1694 4180 omnis
1724 4133 1904 4183 autem
1934 4139 2093 4182 creac

2269 4127 2323 4179 l.
2359 4125 2422 4178 Ei
2468 4123 2672 4194 κτίσμα
2707 4122 2840 4177 Θεοῦ
2870 4125 2898 4177 6
2926 4121 3073 4185 Υίὸς,
3105 4120 3210 4172 πᾶν
3241 4118 3298 4171 δὲ
3340 4119 3548 4189 κτίσμα
3597 4118 3787 4172 δοῦλον

518 4231 641 4274 tura
671 4217 936 4273 creatoris
980 4231 1167 4282 serva;
1204 4215 1453 4271 Christus
1487 4216 1580 4271 Dei
1625 4232 1817 4273 servus
1858 4226 1961 4283 est,
1989 4233 2096 4273 non

2201 4217 2290 4271 τοῦ
2325 4217 2539 4271 κτίστου
2561 4235 2574 4248 ·
2606 4215 2788 4279 δοῦλος
2816 4215 2926 4283 (92)
2957 4215 2985 4267 6
3011 4212 3263 4284 Χριστὸς,
3299 4212 3391 4264 καὶ
3412 4211 3510 4280 οὐχ
3532 4210 3664 4275 Υἱὸς
3688 4211 3784 4263 τοῦ

517 4310 711 4368 Filius.
741 4309 854 4364 Non
883 4308 1046 4380 igitur
1071 4307 1299 4378 sumpsit
1336 4306 1567 4362 formam
1597 4308 1765 4371 servi,
1792 4324 1914 4362 cum
1951 4319 2096 4362 esset

2200 4307 2356 4360 Θεοῦ.
2413 4309 2526 4361 Οὐκ
2569 4307 2759 4360 ἔλαϐεν
2804 4303 2896 4360 οὖν
2934 4305 3145 4375 μορφὴν
3181 4303 3400 4363 δούλου,
3435 4300 3644 4372 Κύριος
3685 4301 3783 4362 ὢν,

518 4401 817 4463 Dominus,
875 4400 970 4454 sed
1022 4407 1139 4454 erat
1193 4411 1401 4455 servus.
1446 4396 1692 4453 Potestas
1744 4398 1930 4451 eadem
1987 4413 2091 4451 non

2202 4398 2312 4451 ἀλλ’
2339 4395 2405 4468 ἦν
2452 4399 2650 4460 δοῦλος.
2689 4398 2760 4448 Τὸ
2793 4397 3000 4466 ποίημα
3030 4394 3105 4464 τῷ
3137 4397 3331 4463 ποιητῇ
3363 4393 3460 4462 τῆς
3495 4392 3670 4462 αὐτῆς
3698 4392 3785 4444 6U-

518 4493 821 4548 communis
871 4501 954 4548 est
1004 4491 1228 4546 factum
1299 4505 1420 4544 cum
1481 4491 1683 4547 factore
1721 4507 1735 4545 :
1779 4489 1913 4544 nihil
1962 4505 2092 4560 ergo

2200 4490 2412 4560 νάμεως
2454 4490 2513 4541 οὐ
2553 4491 2825 4542 κοινωνεῖ’
2879 4488 3028 4539 οὐδὲν
3082 4486 3188 4556 ἄρα
3235 4485 3409 4536 κοινόν
3465 4487 3614 4535 ἐστιν
3651 4484 3783 4536 Υίοῦ

516 4599 804 4641 commune
830 4593 912 4639 est
934 4582 1082 4638 Patri
1113 4599 1233 4638 cum
1267 4581 1427 4647 Filio,
1457 4598 1523 4637 ne
1553 4582 1761 4638 creatio
1782 4583 2019 4652 quidem,
2043 4581 2086 4635 si

2205 4582 2289 4634 καὶ
2323 4582 2561 4654 Πατρόςο
2587 4582 2706 4636 οὐδὲ
2737 4584 2770 4653 ἠ
2798 4581 2992 4644 κτίσις,
3028 4577 3183 4646 εἴπερ
3213 4577 3421 4644 ποίημα
3451 4575 3545 4626 καὶ
3575 4575 3639 4626 οὐ
3670 4576 3788 4642 γέν-

517 4679 726 4735 factura
769 4692 874 4732 non
917 4677 1165 4745 genitura
1193 4673 1363 4731 Filius
1398 4684 1502 4730 est.
1546 4673 1603 4731 Si
1639 4673 1806 4728 Filius
1836 4674 2083 4744 genitura

2202 4691 2338 4744 νημα
2378 4676 2405 4727 6
2453 4675 2682 4738 Υἱός.Εί
2721 4675 2963 4744 γέννημα
2988 4669 3184 4731 ὸΥίὸς,
3221 4668 3298 4730 ὡς
3352 4667 3409 4719 ἓν
3449 4664 3560 4719 τῶν
3588 4683 3785 4736 γεννη-

591 4796 637 4833 ⁷δ
668 4795 836 4852 lCor.
869 4811 930 4862 It,
961 4794 1015 4848 9.

594 4951 708 5020 (84)
736 4950 874 5005 Editi
932 4951 996 5003 Ei
1038 4950 1096 5003 δὲ
1131 4949 1206 5021 μὴ
1239 4950 1333 5019 ἀφ’
1375 4941 1469 5005 ὧν.
1501 4949 1701 5004 Vocula
1731 4947 1805 5018 μή
1849 4948 1998 5003 deest
2039 4948 2091 5000 in

2205 4945 2467 5010 δεκτικὸν,
2523 4943 2812 5021 ἀνθ-ρῳπος
2866 4940 3040 4993 τοῦτο’
3091 4937 3237 4992 ἴδιον.
3288 4933 3437 5004 Regii
3477 4934 3690 5002 primus
3735 4942 3788 4988 et

522 5015 722 5076 nostris
747 5033 948 5089 septem
978 5015 1303 5075 codicibitsf
1734 5015 1742 5017 “
1896 5087 1904 5089 Α
1990 5088 1996 5089 ί
2201 5015 2857 5089 quartus_t_t_ti_edidimus.

615 5070 718 5155 3‘s;
741 5070 1283 5161 ὀὸῖιῑὶἐέείτὶόιὶ’βὴὶιῖξ
1318 5089 1454 5143 ἀλλά
1477 5089 1574 5161 τῷ.
1617 5089 1753 5161 Etliti
1788 5087 1922 5141 ἀλλὰ
1941 5088 2018 5161 τίς.

2273 5085 2386 5157 (90)
2413 5084 2553 5140 Editi
2577 5082 2711 5138 Οὔτε
2745 5081 2874 5152 γοῦν
2899 5082 3041 5151 ὄρος.
3072 5079 3141 5132 At
3177 5091 3305 5130 mss.
3340 5074 3492 5129 multi
3521 5070 3652 5126 οὔτε
3677 5089 3783 5143 γαρ

620 5162 707 5242 59')
739 5160 883 5242 ἓιιὲιί
917 5159 1024 5212 τῶν
1051 5159 1345 5242 uuas??-
1376 5162 1447 5242 ιν
1480 5158 1729 5242 "risi-.19
1760 5159 2021 5242 γεννιτῴ-
2202 5186 2203 5200 ι

1544 5159 1729 5242 δελττῷ
1760 5159 2021 5242 γεννιτῴ-
2202 5158 2387 5242 δρτξξο..
2413 5225 2434 5242 .
2657 5225 2668 5235 .
2831 5231 2844 5242 .

595 5214 708 5301 (87)
739 5230 965 5283 Veteres
991 5214 1158 5301 nostri
1191 5214 1311 5284 libri
1339 5231 1430 5284 καὶ
1457 5214 1713 5283 τόξΕιίίιί
1744 5214 1838 5282 καὶ
1866 5214 1985 5301 τῷ,’
2007 5242 2093 5282 re-

2235 5214 2246 5228 ’
2277 5214 2392 5301 (91)
2413 5225 2469 5280 In
2495 5225 2701 5280 nostris
2733 5231 2936 5301 septem
2959 5216 3235 5301 codicibus
3260 5223 3383 5301 ροὲ
3421 5214 3670 5301 vet-butt:
3689 5229 3781 5301 av;

522 5280 646 5356 οιὲί
663 5280 1537 5368 aeuum;assistam;
1577 5280 1844 5368 getiam,
1883 5280 2098 5368 videtur

2204 5280 2484 5368 τιστρέφει
2511 5280 2808 5368 sequuntur
2840 5293 2947 5368 illa,
2975 5290 3023 5368 εί
3053 5285 3185 5368 τιμὴ
3208 5280 3542 5368 potilius“;
3569 5283 3698 5368 E01:
3723 5280 3785 5368 τὸ

522 5351 607 5426 ita
616 5351 869 5439 angere;
894 5351 1026 5437 Reg.
1062 5351 1537 5439 εεουιὶἀᾷέᾶαἷὲὅ
1553 5351 1938 5438 aestatum
1961 5367 2094 5439 ἀθά-

2200 5351 2497 5439 ἀγένῖδητος
2525 5351 2716 5439 δνὸμα,
2748 5351 2950 5432 ὁμοίως
2978 5359 3035 5439 δε
3066 5351 3275 5439 καὶτὸν
3305 5351 3626 5439 Υἱὸγέτιμᾷν
3661 5351 3745 5439 δεῖ

522 5421 805 5495 νᾶτᾶὄῖἁι
828 5421 1255 5510 amatam.
1276 5421 1489 5495 ibidem
1515 5421 1642 5494 niss'.
1681 5421 1933 5494 nonnulli
1963 5437 2100 5509 πρὸς

2201 5421 2259 5493 εί
2285 5442 2365 5494 δεῖ
2391 5421 2494 5491 ’δι’
2518 5421 2722 5510 reliqua
2771 5421 2941 5500 usque
2971 5430 3036 5482 ad
3093 5427 3317 5510 verbum
3349 5421 3646 5510 σιὸζητμις
3692 5421 3784 5510 sed

519 5492 1035 5574 %8¥évgité§.n'u‘
1125 5492 1128 5493 ν
1244 5492 1250 5493 ί
1306 5492 1440 5495 -ντνν
1913 5492 1920 5493 ί
2007 5492 2018 5509 ⁸
2079 5492 2096 5501 ’
2198 5492 2311 5565 ηεξ
2335 5509 2516 5564 omnia
2543 5492 3785 5574 ευρέτίυεῃῖιηιειθΐὲίοθΨ¹⁰¹ίδβ¹ῖ¹θείΡ⁴ῗ⁹“

647 5529 735 5565 ενν
774 5529 884 5565 τον.
2199 5529 2311 5565 1ΙὶΕο
2335 5529 2516 5564 omnia
2543 5529 2790 5574 superum
2819 5529 2970 5556 ιιιιιη.
3010 5529 3169 5553 ιςιιιυ
3193 5529 3221 5549 ιι
3251 5529 3506 5574 ιιιιυιιυγι-
3525 5529 3560 5544 ιι
3576 5529 3625 5562 δ·
3661 5529 3756 5571 γης-π

594 5529 710 5662 (ξὸ)
739 5529 889 5662 liiditi
911 5579 1325 5662 §t66£ac_6pdc.
1353 5579 1425 5633 At
1459 5593 1588 5633 mss.
1625 5577 1870 5648 plerique
1908 5591 2100 5634 omnes
2196 5589 2343 5662 sunt2
2372 5577 2482 5632 Cur
2512 5587 2690 5630 autem
2730 5587 2762 5627 a
2793 5571 3029 5626 librariis
3059 5569 3143 5623 bis
3170 5568 3373 5637 scripta
3403 5572 3536 5630 sint,
3568 5574 3788 5618 nescire

521 5653 696 5725 ἡμᾶς,
720 5660 780 5725 ει
808 5652 879 5725 ita
911 5651 1113 5725 legerat
1139 5650 1424 5725 interpres:
1711 5719 1736 5725 _
1932 5719 1942 5725 _
2041 5717 2066 5725 _
2199 5650 2515 5725 "natale-or.

595 5707 706 5791 (ΒΘ)
747 5724 883 5777 Etiiti
922 5707 1181 5780 δευκτικὸν,
1208 5707 1300 5773 mi.
1329 5718 1615 5788 ἄνθρωπος
1647 5719 1822 5791 τοῦτο,
1861 5719 1954 5791 καὶ
1975 5717 2099 5791 τοῦ·

1694 5719 1822 5791 ιῦτο,
1861 5719 1954 5791 καὶ
1975 5717 2099 5791 τοῦ·
2269 5719 2381 5790 (92)
2409 5718 2629 5788 Antiqui
2663 5724 2769 5770 tres
2798 5712 2921 5768 libri
2947 5709 3129 5772 δοῦλος
3155 5707 3277 5780 ἄρα.

521 5809 582 5849 το
608 5789 946 5862 ἄνθρωπος·
1009 5793 1150 5847 ἴδιον.
1185 5791 1406 5847 Veteres
1439 5791 1653 5859 quidam
1688 5789 1806 5846 libri
1860 5790 2097 5856 brevius,
