4008 6472
469 359 566 414 691

1781 370 1834 424 S.
1882 370 2118 428 BASlLll
2157 371 2367 429 MAG-Nl

3599 369 3711 425 692

464 493 587 532 cum
635 479 767 534 dixit
797 496 810 531 :
841 479 966 535 Mea
1008 487 1180 538 omnia
1225 496 1312 536 tua
1367 497 1488 539 sunt
1527 490 1592 555 ⁷⁸,
1630 491 1781 545 licuit
1810 492 2032 546 dicere:

2159 512 2260 547 ιιον
2283 493 2464 546 οὐκέτι
2501 491 2696 553 καλῶς.
2727 491 2895 554 Αὐτὸς
2926 493 3033 563 γὰρ
3066 493 3257 546 ἑαυτου
3285 485 3419 543 εἴναι
3446 494 3548 546 οὐκ
3578 489 3716 563 ἠδύ-

466 573 560 624 sed
588 587 706 626 cum
734 575 936 626 addidit
964 595 975 628 :
1008 576 1070 629 Et
1108 585 1198 629 tua
1243 594 1356 629 mea
1380 579 1446 641 “’9,
1483 596 1592 634 non
1634 584 1861 652 amplius
1889 595 2034 638 ret-te

467 665 760 716 secundum
791 665 1134 723 Eunomium.
1172 669 1304 722 Nam
1343 672 1453 740 ipse
1483 675 1563 726 sui
1590 675 1755 742 ipsius
1786 687 1903 726 esse
1928 689 2032 726 ttou

472 754 903 825 poterat.ltaque
928 762 1213 816 manifeste
1239 766 1570 832 comperitur
1606 770 1670 822 de
1692 769 1926 835 ipsorum
1959 765 2034 818 si-

2138 601 2281 638 νατο.
2316 581 2565 634 Φαίνεται
2591 576 2703 642 οὖν,
2738 581 2818 630 ὅτι
2848 583 2974 650 περὶ
3016 583 3112 652 τῆς
3140 579 3448 653 ὁμοιότητος
3483 584 3578 635 καὶ
3611 583 3715 653 τῆς

2141 672 2279 726 κατὰ
2329 671 2503 724 πάντα
2547 668 2961 739 ἁπαραλλάκτου
3005 674 3096 722 καὶ
3137 671 3323 741 ὁμοίας
3375 671 3567 734 οὐσίας
3613 675 3717 726 αὐ-

2144 765 2265 827 τῶν,
2293 763 2353 814 οὐ
2384 779 2448 814 πε
2460 763 2509 832 ρ).
2544 761 2853 830 κτισμάτων
2880 759 3194 829 διαλεχθείς.

469 844 788 910 miiillldinc.
818 851 990 921 deque
1028 853 1328 909 sobstanti-a
1373 855 1425 908 in
1463 859 1716 912 omnibus
1737 855 2033 926 quamlibet
2064 854 2420 908 diﬂ‘erentiatn
2454 856 2771 907 excludente
2845 866 2910 904 ac
2951 851 3131 917 simili,
3171 870 3274 909 non
3340 857 3404 911 de
3441 855 3723 909 creaturis

467 939 677 995 locutus
705 944 891 1001 fuisse.

539 1041 592 1092 2.
625 1043 680 1096 Si
717 1045 855 1097 Deus
886 1043 1137 1098 similiter
1159 1056 1305 1101 creat
1329 1057 1383 1101 et
1424 1061 1664 1119 generat,
1698 1050 1945 1104 Christus
1976 1049 2042 1101 si-

475 1129 677 1184 militer
715 1142 768 1186 et
805 1144 1018 1187 creator
1055 1146 1237 1191 noster
1271 1147 1325 1190 et
1358 1137 1514 1195 Pater
1541 1152 1622 1194 est
1646 1157 1660 1192 :
1685 1147 1768 1192 est
1803 1154 2037 1207 namque

473 1220 635 1287 Deus,
679 1238 776 1276 nec
818 1238 952 1291 Opus
982 1238 1064 1281 est
1097 1226 1193 1296 ipsi
1223 1242 1284 1280 ea
1322 1245 1440 1297 quae
1483 1247 1576 1299 per
1632 1229 1887 1297 Spiritum
1917 1245 2044 1282 san-

475 1320 618 1363 ctum
650 1314 706 1365 [lt
736 1313 1060 1383 adoptione;
1118 1321 1565 1386 quemadmodum
1609 1337 1710 1374 nec
1736 1336 1870 1388 opus
1917 1321 2039 1388 fuit,

475 1411 533 1453 ut
562 1416 655 1469 per
683 1401 848 1457 alium
874 1407 1178 1474 quempiam
1201 1420 1462 1462 creatura:
1484 1409 1651 1476 ipsius
1675 1409 1799 1462 facti
1826 1410 1996 1462 simus
2023 1424 2036 1458 :

475 1495 773 1559 prtesertitn
811 1511 930 1565 cum
971 1504 1234 1548 creatura:
1277 1509 1454 1552 multae
1487 1514 1554 1551 ne
1590 1501 1656 1552 ita
1700 1499 1913 1566 quidem
1947 1514 2044 1551 na-

479 1593 599 1636 tura
628 1594 950 1652 comparata:
978 1587 1086 1640 sint
1122 1597 1180 1639 ut
1214 1589 1460 1656 spiritum
1501 1589 1764 1655 accipiant
1795 1590 2042 1656 adoptio-

478 1674 581 1738 nis,
619 1673 776 1726 veluti
808 1674 963 1728 bruta
1004 1686 1055 1728 et
1083 1677 1397 1730 inanimata.
1425 1677 1479 1730 Si
1528 1694 1625 1730 nos
1656 1679 1746 1744 qui
1781 1688 2044 1732 creaturae

478 1779 680 1829 sumus,
707 1780 800 1832 per
822 1766 1054 1833 Spiritus
1075 1771 1247 1822 sancti
1277 1770 1613 1837 adoptionem
1638 1771 1898 1825 efﬁcimur
1929 1773 2041 1837 lilii,
2077 1753 2118 1808 Β

476 1855 655 1909 dicant
681 1858 723 1909 si
749 1856 917 1912 Filius
952 1860 1112 1913 etiam
1141 1871 1390 1914 creatura
1418 1872 1520 1923 est,
1546 1878 1639 1930 per
1665 1878 1824 1931 quem
1856 1865 1907 1916 itt
1942 1864 2044 1916 Pa-

479 1948 578 2000 ttis
625 1947 962 2016 adoptionem
1013 1953 1371 2020 pervenerit?
1420 1954 1475 2006 Si
1508 1970 1841 2023 quaecunque
1889 1957 2048 2008 habet.

479 2037 659 2098 Pater,
689 2040 804 2093 Filii
834 2055 1047 2110 quoque
1071 2055 1212 2105 sunt,
1234 2059 1334 2097 nec
1365 2045 1657 2114 quidquam
1689 2049 1846 2102 habet
1870 2047 2044 2110 Pater,

479 2140 675 2196 praeter
706 2144 768 2182 ea
799 2147 917 2199 quae
945 2149 1038 2200 per
1065 2133 1258 2187 Filium
1288 2133 1423 2187 facta
1453 2146 1598 2199 sunt,
1633 2137 1730 2189 nisi
1757 2136 2046 2189 secundum

480 2235 591 2281 eos,
616 2222 786 2288 ipsum
813 2224 982 2275 solum
1006 2242 1018 2287 ;
1045 2224 1206 2277 etiam
1235 2227 1350 2291 ipse
1377 2228 1609 2294 seipsum
1642 2229 1837 2280 habere
1864 2227 2042 2280 debet:

481 2314 621 2379 quod
653 2313 763 2366 ﬁeri
795 2330 897 2366 non
942 2326 1137 2383 potest.
1169 2317 1223 2370 Si
1258 2318 1432 2386 imago
1464 2320 1682 2371 omnino
1717 2319 1910 2370 similis
1942 2331 2043 2382 est,

480 2413 642 2472 prout
674 2405 849 2472 imago
885 2419 965 2461 est
993 2409 1187 2462 Filius:
1217 2421 1459 2461 creatura
1485 2419 1660 2460 autem
1696 2409 1826 2461 ttiltil
1856 2411 2049 2465 similis

481 2498 734 2559 creatori,
781 2499 886 2553 imo
938 2501 989 2553 in
1049 2501 1300 2557 omnibus
1361 2501 1671 2567 dissimilis;
1714 2500 1879 2554 Filius
1927 2519 2048 2557 cum

484 2588 658 2659 imago
692 2595 762 2644 sit
795 2591 990 2659 Patris,
1019 2606 1266 2648 creatura
1318 2595 1432 2662 ejus
1478 2610 1595 2648 esse
1628 2611 1732 2648 non
1768 2605 1960 2664 potest.
1994 2596 2050 2649 Si

482 2680 900 2749 incorporeum,
953 2702 1072 2739 cum
1123 2698 1378 2755 generat,
1435 2688 1744 2738 necessario
1795 2697 2050 2754 tanquam

483 2785 798 2840 corporeum
828 2785 1070 2842 generat,
1095 2778 1254 2829 etiam
1296 2791 1414 2828 cum
1448 2777 1612 2839 videt,
1651 2777 1816 2845 283
1851 2779 2051 2830 videbit

487 2873 740 2933 tanquam
766 2881 996 2935 corpus;
1028 2878 1221 2921 etcum
1250 2867 1616 2933 audil,audiet
1651 2883 1901 2935 tanquam
1933 2884 2052 2921 cor-

487 2970 611 3023 pus,
639 2970 958 3027 otnnetnque
1002 2959 1365 3027 Operationem
1402 2967 1653 3027 tanquam
1689 2975 1884 3026 corpus
1930 2976 2064 3027 ope-4'

489 3047 697 3100 rabitur
728 3068 742 3101 :
772 3050 815 3103 si
851 3066 976 3104 vero
1017 3051 1130 3105 haec
1178 3066 1235 3105 se
1263 3050 1418 3104 aliter
1445 3050 1664 3114 habent,
1692 3053 1854 3104 etiam
1894 3067 2053 3119 gene-

489 3152 619 3190 rans
645 3138 801 3192 aliter
826 3142 1063 3206 profecto
1093 3143 1389 3212 generabit.
1412 3141 1564 3207 Quod
1588 3145 1710 3211 quis
1738 3159 1840 3199 noa
1870 3145 2048 3208 habet,

488 3227 539 3280 id
573 3229 689 3281 aliis
729 3229 908 3297 largiri
950 3247 1054 3282 nott
1086 3246 1259 3298 potest
1294 3253 1308 3286 :
1339 3238 1382 3288 si
1419 3237 1582 3305 igitur
1613 3235 1777 3289 Filius
1806 3246 2050 3289 creatura

487 3326 543 3370 et
575 3333 762 3372 servus
783 3330 885 3382 est,
918 3320 1052 3373 alios
1078 3319 1277 3374 liberos
1320 3322 1498 3377 facere
1529 3338 1634 3376 non
1669 3332 1861 3391 potest.
1901 3323 2050 3388 Quod

489 3417 679 3460 natura
712 3409 943 3463 medium
989 3419 1072 3463 est
1118 3410 1259 3466 inter
1306 3413 1505 3481 aliqua,
1537 3423 1778 3467 extrema
1821 3425 2049 3481 utraque

489 3501 749 3569 contingit
787 3503 1049 3570 :proinde
1091 3504 1136 3558 si
1181 3506 1272 3557 Dei
1309 3520 1372 3558 ac
1403 3506 1571 3558 nostri
1605 3506 1868 3558 mediator
1895 3504 2053 3559 Chri-

491 3600 608 3646 stus
659 3601 743 3646 est
794 3604 1015 3661 natura,
1052 3610 1155 3649 non
1211 3597 1506 3650 secundum
1559 3595 2051 3664 dispensationem,

497 3682 636 3735 Deus
666 3693 716 3736 et
743 3695 991 3738 creatura
1043 3697 1229 3739 natura
1278 3685 1557 3754 conjuncta
1595 3695 1738 3740 sunt.
1788 3686 1842 3740 Si
1892 3687 2055 3741 Filius

494 3773 638 3828 Patri
666 3776 855 3830 similis
871 3787 976 3840 est,
1005 3793 1108 3830 non
1143 3787 1317 3830 tamen
1343 3779 1637 3832 secundum
1664 3778 2054 3841 substantiam,

496 3868 764 3933 reliquum
818 3878 901 3924 est
949 3879 1006 3924 ut
1045 3870 1125 3923 vel
1180 3871 1381 3935 forma,
1414 3870 1497 3924 vel
1553 3871 1914 3938 operatione:
1964 3871 2057 3924 sed

497 3956 668 4012 forma
702 3976 803 4014 non
830 3969 1037 4029 potest;
1067 3963 1270 4016 nullum
1295 3963 1437 4016 enim
1472 3963 1842 4029 incorporeum
1877 3963 1926 4014 in
1951 3961 2060 4014 for-

497 4065 584 4100 ma
622 4059 740 4114 est;
774 4053 857 4104 sin
885 4067 1062 4106 autem
1089 4054 1417 4121 operatione,
1447 4062 1501 4106 et
1541 4054 1653 4121 ipse
1675 4053 1804 4106 nihil
1830 4053 2058 4106 alienum

497 4152 932 4206 Operatosesset,
955 4143 1047 4195 sed
1071 4143 1273 4209 aliquid
1303 4144 1406 4196 tale
1431 4143 1587 4211 quale
1615 4144 1726 4211 ipse
1759 4153 1863 4205 est,
1900 4143 2065 4212 siqui-

2213 1040 2265 1092 ‘2.
2305 1041 2366 1090 Εἰ
2412 1038 2540 1100 Θεὸς
2572 1040 2771 1107 ὁμοίως
2797 1038 2966 1102 κτίζει
3015 1039 3107 1089 καὶ
3152 1037 3332 1105 γεννᾷ,
3375 1039 3578 1106 ὁμοίως
3623 1033 3720 1089 καὶ

2143 1132 2366 1200 κτίστης
2387 1129 2542 1200 ἡμῶν
2576 1132 2668 1184 καὶ
2692 1133 2878 1202 Πατήρ
2898 1132 3042 1183 ἐστιν
3076 1132 3103 1181 6
3129 1128 3358 1199 Χριστός
3377 1145 3392 1157 ·
3415 1131 3547 1192 Θεὸς
3580 1131 3716 1198 γὰρ,

2144 1223 2234 1277 καὶ
2268 1222 2328 1274 οὑ
2358 1221 2514 1289 χρεία
2547 1221 2622 1290 (5)
2670 1223 2766 1290 τῆς
2792 1222 2877 1274 διὰ
2921 1220 3012 1272 τοῦ
3065 1220 3218 1286 ἁγίου
3249 1219 3565 1288 Πνεύματος
3599 1225 3717 1273 υἱο-

2144 1316 2359 1373 θεσίας·
2402 1311 2588 1382 ὥσπερ
2616 1314 2735 1365 οὐδὲ
2774 1312 2866 1364 τοῦ
2908 1311 2972 1362 δι’
3007 1309 3164 1362 ἄλλου
3211 1312 3354 1374 τινος
3387 1311 3720 1380 γεγενῆσθαι

2143 1406 2289 1475 ἡμᾶς
2307 1403 2470 1454 αὑτοῦ
2500 1405 2769 1473 κτίσματα
2790 1419 2802 1432 ’
2839 1402 3010 1454 καίτοι
3049 1417 3106 1467 γε
3134 1402 3304 1456 πολλὰ
3333 1403 3437 1454 τῶν
3482 1402 3723 1470 κτισμά-

2144 1511 2248 1546 των
2283 1494 2399 1545 οὐδὲ
2445 1495 2506 1545 τὸ
2537 1495 2636 1564 τῆς
2683 1491 2950 1555 υἱοθεσίας
2989 1492 3200 1562 πνεῦμα
3241 1495 3399 1562 φύσιν
3422 1492 3533 1562 ἔχει
3567 1491 3725 1562 δέχε-

2146 1587 2286 1648 σθαι,
2311 1586 2386 1648 ὡς
2415 1587 2478 1638 τὰ
2507 1588 2672 1655 ἄλογα
2701 1584 2790 1638 καὶ
2810 1584 2875 1636 τὰ
2909 1585 3105 1654 ἄψυχα.
3144 1585 3203 1636 Ei
3232 1588 3408 1656 ἡμεῖς,
3442 1585 3724 1652 κτίσματα

2143 1677 2312 1738 ὄντες,
2346 1675 2436 1728 διὰ
2491 1679 2587 1748 τῆς
2616 1676 2707 1728 τοῦ
2744 1674 2894 1742 ἁγίου
2942 1675 3254 1744 ΙΙνεύματος
3296 1677 3565 1739 υἱοθεσίας
3611 1676 3722 1727 υἱοὶ

2145 1766 2424 1838 γινόμεθα,
2457 1769 2786 1835 λεγέτωσαν,
2817 1769 2865 1820 εί
2901 1770 2992 1821 καὶ
3019 1771 3046 1821 6
3077 1767 3202 1831 Υἱὸς
3229 1771 3429 1841 κτίσμα
3461 1770 3599 1831 ἐστὶ,
3630 1768 3723 1819 διὰ

2145 1859 2289 1923 τίνος
2332 1861 2410 1923 είς
2445 1858 2711 1912 υἱοθεσίαν
2759 1859 2852 1912 τοῦ
2898 1860 3111 1928 Harpe;
3152 1861 3401 1927 ὲγένετο;
3436 1863 3498 1914 ΕΞ
3537 1862 3725 1914 πάντα

2146 1951 2246 2003 ὅσα
2279 1950 2391 2020 ἔχει
2424 1952 2451 2002 6
2486 1949 2692 2018 Πατὴρ,
2734 1951 2946 2003 καὶτοῦ
2982 1951 3113 2002 Υίοῦ
3162 1952 3327 2018 ἐστιν,
3357 1953 3506 2005 οὐδὲν
3542 1954 3598 2006 δὲ
3642 1953 3722 2023 (4)

2148 2041 2260 2113 ἔχει
2294 2044 2322 2095 6
2346 2041 2532 2110 Πατὴρ
2570 2041 2737 2110 χωρὶς
2766 2041 2873 2093 τῶν
2903 2040 2987 2092 διὰ
3018 2039 3110 2092 τοῦ
3137 2041 3267 2092 Υἱοῦ
3300 2043 3627 2109 γενομένων,
3673 2044 3724 2094 εί

2152 2136 2246 2206 μὴ,
2301 2135 2417 2188 κατ’
2471 2134 2686 2196 αὐτοὺς,
2740 2135 2901 2187 αὑτὸν
2947 2134 3140 2204 μόνον·
3193 2135 3287 2187 xa‘t
3327 2133 3486 2195 αὐτὸς
3527 2135 3723 2184 ἑαυτὸν

2149 2230 2294 2298 ἔχειν
2341 2227 2572 2296 ὀφείλει·
2609 2228 2743 2297 ὅπερ
2786 2228 3060 2283 ἀδύνατον.
3108 2229 3168 2280 Ei
3205 2230 3238 2298 ἡ
3295 2226 3454 2280 εἰκὼν
3502 2227 3725 2288 πάντως

2148 2320 2328 2389 ὁμοία,
2363 2317 2641 2369 καθοτιοῦν
2679 2319 2753 2386 (5)
2781 2321 2807 2371 6
2839 2320 2951 2382 υἱός
2979 2322 3124 2371 ἐστιν
3159 2319 3320 2372 εἰκών
3343 2337 3354 2348 ·
3386 2323 3418 2389 ἡ
3455 2319 3512 2372 δὲ
3543 2318 3727 2378 κτίσις

2151 2413 2266 2463 κατ’
2287 2409 2436 2461 οὐδὲν
2467 2409 2624 2477 ὁμοία
2654 2410 2729 2477 τῷ
2758 2412 3020 2471 κτίσαντι,
3054 2410 3186 2462 ἀλλὰ
3220 2410 3360 2462 κατὰ
3407 2411 3582 2463 πάντα
3625 2409 3725 2460 ἀν-

2151 2505 2362 2573 όμοιοςο
2407 2500 2566 2552 εἰκὼν
2589 2500 2661 2553 ὢν
2685 2501 2777 2553 τοῦ
2803 2502 3010 2570 Πατρὺς
3037 2504 3063 2552 6
3088 2502 3234 2563 Υίὸς,
3275 2502 3372 2553 οὐκ
3395 2502 3459 2553 ἂν
3485 2500 3568 2571 εἴη
3607 2500 3724 2552 κτί-

2153 2611 2234 2657 σις
2260 2592 2443 2646 αὑτοῦ.
2479 2592 2612 2643 Εἰτὸ
2635 2591 2940 2660 ἀσώματον,
2964 2591 3186 2659 γεννῶν,
3220 2593 3432 2663 ἀνάγκῃ
3461 2592 3536 2654 ὠς
3561 2593 3727 2660 σῶμα

2151 2682 2312 2751 γεννᾷ
2332 2698 2344 2710 ’
2379 2680 2474 2733 καὶ
2503 2679 2716 2749 βλέπον,
2746 2681 2818 2743 ὡς
2844 2681 2999 2751 σῶμα
3035 2681 3214 2750 βλέψει
3244 2681 3316 2751 (6)
3338 2698 3352 2710 ·
3382 2683 3474 2732 καὶ
3502 2680 3727 2743 ἀκοῦον,

2151 2773 2225 2833 ὡς
2261 2772 2418 2840 σῶμα
2449 2771 2706 2824 ἀκούσει·
2746 2773 2836 2824 καὶ
2885 2773 3062 2825 πᾶσαν
3100 2771 3375 2841 ἐνέργειαν
3427 2770 3503 2832 ὡς
3563 2769 3728 2839 σῶμα

2150 2864 2431 2933 ἐνεργήσει
2453 2880 2464 2892 ·
2509 2865 2555 2914 εἰ
2589 2863 2644 2914 δὲ
2689 2863 2861 2915 ταῦτα
2897 2864 3114 2934 ἑτέρως,
3160 2863 3252 2915 καὶ
3285 2861 3486 2929 γεννῶν
3521 2861 3728 2931 ἑτέρως

2150 2954 2390 3022 δηλονότι
2443 2956 2710 3024 γεννήσει.
2775 2957 2837 3006 ’⁸0
2869 2956 3027 3017 αὐτὸς
3063 2973 3142 3016 τις
3193 2955 3290 3006 οὐκ
3335 2953 3464 3022 ἔχει,
3517 2954 3730 3022 ἑτέροις

2155 3046 2471 3116 χαρίζεσθαι
2504 3047 2562 3097 οὐ
2607 3046 2860 3097 δύναται·
2892 3050 2938 3098 εί
2984 3042 3075 3097 οὖν
3116 3047 3316 3113 κτίσμα
3356 3046 3449 3096 καὶ
3489 3043 3672 3104 δοῦλος
3701 3045 3730 3093 6

2159 3139 2302 3201 Υἱὸς,
2345 3137 2655 3208 ἐλευθέρους
2687 3136 2878 3198 ἄλλους
2905 3139 3076 3188 ποιεῖν
3107 3136 3168 3186 οὐ
3191 3135 3408 3187 δύναται
3460 3134 3532 3184 Τὸ
3565 3133 3729 3199 φύσει

2163 3229 2323 3299 μέσον
2354 3227 2512 3279 τινῶν
2547 3227 2817 3299 ἑκατέρων
2848 3224 2955 3277 τῶν
2981 3223 3163 3295 ἄκρων
3193 3225 3491 3292 ἐφάπτεται
3517 3237 3531 3249 °
3557 3223 3606 3272 εἰ
3633 3216 3730 3274 οὖν

2161 3319 2316 3389 φύσει
2356 3320 2578 3389 μεσίτης
2625 3318 2854 3389 Χριστὸς
2898 3315 3031 3368 Θεοῦ
3064 3316 3158 3368 καὶ
3187 3314 3360 3386 ἡμῶν,
3400 3312 3491 3364 καὶ
3517 3311 3578 3362 οὐ
3608 3313 3730 3364 κατ’

2160 3414 2490 3482 οἰκονομίαν,
2538 3413 2694 3481 φύσει
2727 3412 2804 3482 (Ἶ)
2847 3413 3114 3481 συνῆπται
3147 3412 3278 3472 Θεὸς
3306 3409 3397 3461 καὶ
3437 3406 3629 3469 κτίσις.
3669 3408 3735 3459 Εἰ

2160 3505 2343 3573 ὅμοιός
2389 3507 2532 3556 ἐστιν
2602 3507 2629 3556 ὁ
2655 3504 2778 3566 Υἱὸς
2810 3503 2886 3573 τῷ
2915 3505 3107 3574 Πατρὶ,
3157 3503 3216 3554 οὐ
3257 3501 3375 3552 κατ’
3431 3499 3618 3551 οὐσίαν
3652 3498 3733 3560 δὲ,

2161 3594 2404 3647 λείπεται
2453 3596 2484 3666 ἥ
2536 3596 2674 3648 κατὰ
2713 3597 2945 3667 μορφὴν,
2986 3595 3017 3664 ἢ
3070 3595 3187 3646 κατ’
3228 3592 3502 3662 ἐνέργειαν
3529 3606 3542 3618 ·
3594 3589 3737 3642 ἀλλὰ

2164 3689 2344 3756 μορφῇ
2383 3685 2458 3755 (8)
2511 3687 2608 3756 μὲν
2657 3687 2914 3741 ἀδύνατον
2971 3685 3140 3754 (οὐδὲν
3193 3683 3302 3754 γὰρ
3354 3680 3643 3751 ἀσώματον
3677 3683 3738 3733 ἐν

2163 3781 2363 3849 μορφῇ)
2391 3798 2405 3810 ο
2437 3781 2484 3831 εί
2517 3780 2573 3831 δὲ
2600 3781 2719 3832 κατ’
2752 3779 3056 3849 ἐνέργειαν,
3087 3777 3185 3827 οὐκ
3219 3775 3282 3828 ἂν
3317 3774 3410 3826 καὶ
3447 3772 3610 3837 αὐτὸς
3643 3773 3738 3826 ἀλ-

2160 3868 2299 3921 λοῖόν
2328 3886 2398 3928 τι,
2453 3870 2586 3921 ἀλλὰ
2615 3869 2852 3921 τοιοῦτον
2879 3861 2988 3918 οἷον
3044 3865 3206 3926 αὑτός
3236 3866 3381 3916 ἐστιν
3434 3865 3741 3932 ἐνήργησεν

2162 3961 2248 4024 ἂν,
2290 3961 2448 4032 εἴπερ
2478 3962 2686 4031 ποίημα
2716 3959 2808 4012 τοῦ
2838 3957 3066 4027 Πατρός,
3107 3957 3199 4008 καὶ
3227 3957 3287 4007 οὺ
3320 3956 3584 4026 γέννημα.
3614 3957 3743 4008 Ἀλ-

2162 4052 2269 4116 λως
2301 4053 2356 4104 δὲ
2383 4054 2476 4106 καὶ
2503 4053 2841 4124 προείρηται,
2871 4050 2962 4103 καὶ
2991 4049 3127 4102 κατὰ
3148 4048 3424 4120 ἐνέργειαν
3452 4050 3656 4118 ὅμοιον,
3683 4048 3741 4114 ἐξ

2169 4146 2414 4214 ἀνάγκης
2444 4146 2537 4196 καὶ⁴
2572 4144 2690 4197 κατ’
2717 4143 2902 4194 οὐσίαν
2931 4142 3113 4211 ὅμοιον
3144 4136 3302 4193 εἶναι.

501 4237 620 4288 dem
675 4235 880 4291 factura
938 4247 1019 4290 est
1069 4237 1282 4301 Patris,
1321 4254 1424 4291 non
1472 4240 1739 4307 genitura.
1794 4240 2060 4295 Prmterea
2100 4244 2260 4297 etiam
2300 4252 2422 4296 ante
2457 4243 2654 4296 dictum
2683 4251 2785 4304 est,
2834 4239 2974 4308 quod
3008 4239 3321 4305 operatione
3386 4234 3563 4289 simile
3630 4243 3718 4287 est

501 4330 552 4380 id
601 4345 812 4399 quoque
845 4333 1136 4386 secundum
1165 4332 1522 4385 substantiam
1551 4335 1859 4384 necessario
1885 4334 2164 4388 consimile
2190 4351 2331 4388 esse.

571 4421 623 4474 3.
647 4421 701 4475 Si
725 4423 814 4476 Dei
843 4438 1002 4491 opera
1026 4426 1078 4476 itt
1109 4424 1210 4477 lide
1234 4440 1339 4477 non
1361 4426 1411 4477 itt
1441 4425 1899 4478 demonstratione
1921 4437 2065 4492 sunt,
2101 4433 2148 4488 Ι)

506 4515 804 4566 secundum
833 4515 1082 4569 Davidetu
1119 4517 1208 4586 qui
1235 4518 1368 4569 dixit
1397 4534 1410 4567 :
1447 4514 1512 4567 Et
1545 4517 1719 4568 omnia
1769 4533 1924 4583 opera
1951 4518 2065 4584 ejus

505 4607 559 4658 in
595 4606 696 4672 [ide
727 4607 772 4636 ³⁸
803 4625 815 4658 :
850 4617 1050 4674 quanto
1079 4609 1246 4677 magis
1268 4607 1386 4661 Filii
1422 4618 1546 4662 ante
1588 4609 1778 4661 stecula
1811 4625 1872 4661 ex
1911 4609 2067 4661 Patre

505 4699 781 4765 generatio
810 4700 858 4751 in
893 4700 1015 4762 lide,
1042 4716 1144 4754 non
1181 4702 1232 4752 in
1269 4701 1727 4754 demonstratione
1756 4711 1841 4752 est
1871 4697 1971 4752 ?Si
2003 4715 2068 4753 ex

494 4787 674 4843 "nihilo
708 4790 849 4845 Deus
883 4791 1074 4844 Filium
1106 4792 1252 4858 fecit,
1273 4803 1325 4845 et
1348 4792 1513 4846 Filius
1543 4807 1605 4845 ex
1653 4791 1819 4845 nihilo
1837 4801 2064 4857 cuncta;

583 5033 626 5071 ⁷⁸
660 5030 818 5086 Joan.
851 5047 980 5095 xvn,
1011 5031 1100 5086 10.
1211 5033 1255 5063 ⁷³
1289 5031 1416 5085 ibid.
1492 5033 1538 5063 ⁸⁸
1569 5033 1712 5087 Psal.
1752 5050 1922 5098 xxxu,
1953 5033 2004 5088 4.

576 5229 653 5299 (5)
689 5230 896 5299 ΚαίκοτὶΙ
920 5229 1107 5296 χρεία,
1138 5236 1234 5282 etc.
1269 5227 1446 5290 Verte,
1492 5244 1581 5282 nec
1626 5245 1753 5296 opus
1795 5238 1868 5280 est
1924 5227 2066 5280 nobis

506 5317 586 5365 ea,
616 5310 724 5353 etc.
765 5298 977 5352 Marum.

598 5369 654 5438 4)
685 5369 937 5438 Voculam
961 5369 1016 5421 δέ
1041 5384 1105 5422 ex
1133 5369 1407 5423 veteribus
1432 5368 1584 5422 libris
1614 5368 1936 5420 addidimus.

580 5436 655 5508 (5)
693 5439 789 5492 Hic
845 5437 898 5490 in
960 5441 1197 5492 editione
1265 5439 1551 5493 Parisicnsi
1621 5437 1817 5508 legitur
1880 5436 2067 5489 καθότι

507 5505 768 5563 οὖν.’ὃεᾱ
827 5509 1049 5562 ῡυοειιυε
1093 5508 1245 5578 Regii
1302 5509 1384 5562 sui
1443 5509 1563 5561 libri
1612 5507 1774 5578 fidem
1831 5517 2066 5568 secutus,

510 5590 657 5632 recte
682 5577 1234 5648 iudicavit/legendum
1253 5593 1372 5632 esse
1385 5577 1686 5630 καθοτιοῠν.
1724 5577 2066 5648 Iititletnlleg.

513 5651 702 5702 tertius
732 5648 910 5702 εἰκών.
936 5646 1093 5700 Εἴδὲ
1117 5648 1292 5711 κτίσις
1315 5650 1434 5700 κατ’
1463 5649 1612 5700 οὐδὲν
1638 5647 1835 5716 ὁμοίως
1859 5646 1936 5716 τῷ
1963 5646 2070 5698 κτί-

511 5735 685 5782 σαντι,
720 5718 853 5771 ἀλλὰ
889 5717 1028 5770 κατὰ
1059 5718 1233 5772 πάντα
1263 5719 1527 5786 ἀνομοίως
1554 5718 1733 5770 εἰκών.

584 5790 660 5859 (6)
692 5789 828 5844 Editi
874 5798 930 5844 et
969 5804 1101 5844 mss.
1140 5789 1378 5845 nonnulli
1425 5788 1629 5858 βλέπει.
1675 5788 1775 5843 Alii
1801 5800 1909 5843 tres
1940 5799 2065 5842 mss.

2243 4430 2293 4480 5.
2323 4429 2383 4478 Εί
2412 4427 2477 4477 τὰ
2507 4425 2639 4494 ἔργα
2670 4423 2761 4477 τοῦ
2786 4423 2917 4474 Θεοῦ
2951 4424 3007 4473 ἐν
3040 4422 3238 4481 πίστει,
3275 4419 3364 4470 καὶ
3392 4419 3488 4470 οὐκ
3520 4419 3577 4470 ἐν
3610 4420 3744 4471 a110-

2171 4518 2351 4580 δείξει,
2389 4516 2525 4569 κατᾶ
2558 4517 2643 4568 τὸν
2673 4514 2835 4567 Δαϐὶδ
2861 4513 2952 4566 τὸν
3000 4513 3252 4565 εἰπόντα·
3284 4510 3392 4564 Καὶ
3431 4509 3628 4562 πάντα
3671 4511 3745 4562 τὰ

2172 4609 2313 4675 ἔργα
2355 4607 2541 4662 αὑτοῦ
2583 4608 2654 4659 ἐν
2689 4608 2888 4659 πίστει
2913 4622 2926 4634 ·
2972 4607 3120 4673 πόσῳ
3159 4603 3355 4673 μᾶλλον
3398 4603 3430 4672 ἡ
3468 4599 3563 4654 τοῦ
3609 4601 3743 4652 Υίοῦ

2173 4699 2276 4767 πρὸ
2329 4697 2540 4750 αἰώνων
2576 4699 2640 4748 ὲκ
2673 4695 2884 4765 Πατρὸς
2923 4694 3171 4762 γέννησις
3213 4694 3269 4744 ἐν
3291 4693 3489 4746 πίστει.
3529 4692 3622 4743 καὶ
3645 4694 3746 4742 οὐκ

2166 4792 2222 4843 ὲν
2245 4786 2514 4853 ἀποδείξει
2537 4805 2550 4855 ;
2584 4788 2645 4840 Εἰ
2675 4786 2733 4851 ἐξ
2755 4788 2854 4840 οὐκ
2886 4785 3051 4839 ὄντων
3077 4786 3104 4837 ὁ
3133 4783 3264 4846 Θεὸς
3291 4783 3379 4836 τὸν
3398 4783 3524 4836 Υἰὺν
3558 4783 3747 4853 ἐποίη-

2179 5222 2385 5293 βλέψει.
2430 5219 2540 5273 Nec
2575 5219 2649 5271 ita
2686 5215 2856 5271 multo
2911 5225 3033 5284 post
3073 5229 3202 5268 mss.
3250 5213 3354 5267 duo
3382 5211 3628 5282 δηλονότι
3658 5213 3749 5266 καὶ

2213 5308 2332 5345 εννη
2342 5308 2443 5345 σει.

2174 5293 2492 5432 γεῖζῗῗίιίιί
2523 5356 2665 5432 ἀλλὰ
2686 5358 2862 5426 φύσει.
2894 5357 3008 5410 Vox
3036 5353 3171 5432 ἀλλά
3213 5353 3264 5406 ἰη
3293 5354 3500 5432 nostris
3540 5361 3747 5432 septem

2177 5421 2316 5486 mss.
2349 5435 2533 5495 deest;
2566 5441 2621 5483 et
2657 5421 2726 5482 ita
2757 5441 2974 5498 quoque
3000 5426 3200 5498 saepius
3226 5438 3325 5476 vox
3357 5423 3447 5475 sed
3480 5423 3620 5498 apud
3647 5421 3751 5474 La-

2178 5505 2321 5555 tinos
2350 5492 2624 5569 eleganter
2664 5492 2950 5569 omittitur.
2990 5494 3049 5548 Si
3095 5504 3316 5559 natura,
3349 5507 3454 5544 non
3477 5492 3750 5560 dispensa-

2176 5573 2310 5625 tione
2338 5567 2591 5623 mediator
2615 5578 2686 5622 ettl
2711 5567 2969 5622 Christus.

2248 5640 2324 5709 (8)
2353 5641 2569 5708 Antiqui
2597 5651 2712 5710 tres
2743 5637 2861 5710 li_hri
2889 5633 3287 5710 dpﬁpoptpﬁv.
3315 5631 3605 5710 Aliquanto
3629 5643 3753 5710 posr

2178 5701 2313 5784 "35‘s.
2336 5720 2444 5767 tres
2474 5701 2713 5764 τοιοῦτον
2737 5702 2866 5770 οἷος.
2891 5707 2994 5762 Alii
3017 5701 3264 5761 duomss.
3287 5711 3339 5757 ct
3363 5701 3493 5756 editi
3511 5701 3753 5754 τοιοῦτον

2177 5799 2307 5835 οιον.
