4008 6442
540 368 643 424 695

1882 366 1938 420 S.
1984 367 2069 420 BA
2080 365 2231 421 SlLll
2268 365 2485 421 MAGNI

3694 363 3798 419 698

535 488 674 536 erat.
707 478 891 546 Neque
940 490 1066 530 vero
1094 475 1371 545 potentia:
1402 476 1732 543 Quwcunque
1773 478 1912 531 enim
1948 478 2092 533 Ριιιει

2208 478 2411 544 Πατὴρ
2451 474 2620 538 ποιεῖ,
2669 478 2769 527 και
2810 474 3145 543 ό(19)Υιὸς
3185 474 3399 545 ὁμοίως
3444 481 3607 533 ποιεῖ
3657 481 3798 536 Οὔτε

534 573 684 639 facit,
710 568 832 620 'Iuec
862 576 908 619 et
935 564 1110 620 Filius
1151 565 1394 621 similiter
1436 567 1562 635 facit
1584 566 1651 617 ⁸⁸.
1677 563 1793 622 Nec
1820 577 1878 622 ut
1920 584 2103 633 causa,

536 660 793 729 quoniam
832 656 1084 712 similiter
1110 658 1198 711 illo
1229 664 1286 709 et
1329 658 1482 713 nobis
1520 655 1692 724 major
1713 668 1877 721 esset,
1904 665 2107 712 cumet

533 754 703 822 ipsius
727 761 782 807 et
816 753 992 808 nostri
1026 767 1188 809 causa
1221 762 1385 808 esset.
1417 753 1601 821 Itaque
1629 754 1833 810 dictum
1869 754 1995 808 illud
2021 769 2107 821 po-

535 843 641 897 tius
670 842 930 898 honorem
979 858 1086 911 quo
1120 840 1291 897 Filius
1333 842 1548 898 Putrem
1603 844 1851 909 honorat,
1883 843 2102 907 indicat,

531 949 637 989 non
663 934 780 1002 ejus
808 937 899 1006 qui
928 936 1062 991 dixit
1092 936 1544 991 imminutionem.
1567 940 1645 993 Ad
1678 940 1790 995 haec
1821 939 1962 1007 quod
1994 953 2108 992 ma-

527 1024 618 1094 jus
653 1036 757 1093 est,
807 1028 859 1083 id
914 1042 1020 1083 non
1056 1028 1311 1083 continuo
1361 1028 1588 1086 diversae
1638 1029 1953 1087 substantiae
1998 1040 2104 1086 est.

531 1117 706 1174 Homo
731 1121 872 1174 enim
916 1116 1134 1174 homine
1182 1118 1353 1186 major
1396 1118 1617 1188 dicitur,
1652 1128 1707 1175 et
1736 1132 1909 1188 equus
1937 1133 2101 1188 equo.

529 1210 730 1278 Quare,
766 1211 865 1265 etsi
903 1210 1064 1267 Pater
1088 1210 1257 1279 major
1307 1210 1543 1279 dicitur,
1578 1227 1681 1267 non
1729 1212 1912 1266 statim
1939 1212 2103 1266 etiam

528 1304 752 1358 diversae
781 1305 1099 1361 substantiae
1119 1313 1219 1359 est.
1242 1303 1360 1359 Uno
1379 1306 1542 1360 verbo
1559 1320 1619 1358 ea
1639 1318 1757 1371 qua:
1777 1318 2104 1372 comparan-

529 1405 635 1460 tur,
670 1397 736 1451 de
768 1396 833 1451 iis
867 1398 1142 1459 dicuntur,
1169 1411 1290 1465 qua:
1318 1395 1797 1454 consubstantialia
1826 1404 1973 1461 sunt,
1997 1412 2103 1450 non

522 1486 593 1541 de
617 1488 681 1543 iis
704 1503 823 1557 qua:
847 1491 1109 1543 diversam
1141 1488 1341 1543 habent
1360 1488 1739 1543 substantiam.
1767 1486 1939 1541 Homo
1960 1487 2104 1542 enim

527 1594 635 1634 non
666 1581 882 1649 proprie
914 1578 1075 1633 bruto
1103 1580 1277 1648 major
1309 1581 1505 1633 dicitur
1531 1594 1543 1630 :
1573 1594 1745 1646 neque
1773 1580 1985 1633 brutum
2018 1578 2103 1631 in-

526 1672 785 1735 animato,
821 1670 913 1724 sed
941 1670 1100 1726 homo
1137 1672 1443 1731 homine.et
1476 1671 1690 1723 brutmn
1725 1671 1904 1724 bruto.
1942 1669 2106 1726 Pater

526 1762 708 1830 igitur,
759 1762 861 1818 etsi
895 1762 1067 1832 major
1097 1764 1314 1829 dicitur,
1351 1772 1529 1818 tamen
1561 1763 1698 1818 Filio
1742 1773 1824 1819 est
1868 1764 2091 1819 consub-

524 1851 809 1909 stantialis.

521 1942 587 1997 In
612 1944 764 2009 illud,
795 1964 814 1998 ι
838 1944 1038 2002 Horam
1054 1957 1225 2000 autem
1248 1956 1293 2000 et
1317 1947 1456 2001 diem
1485 1946 1634 2002 illam
1664 1962 1812 2002 nemo
1836 1949 1974 2003 navit
1996 1948 2061 2001 ⁸³.
2077 1966 2095 2001 ι

594 2098 649 2150 Si
678 2096 846 2153 Filius
881 2099 1259 2155 universorum
1290 2101 1540 2156 conditor
1569 2112 1673 2165 est,
1698 2118 1873 2172 neque
1920 2114 2096 2157 tamen

521 2194 734 2255 tempus
773 2190 920 2243 novit
948 2190 1133 2257 judicii
1176 2210 1188 2245 :
1243 2191 1295 2246 id
1336 2193 1479 2260 quod
1533 2193 1810 2255 condidit,
1862 2194 2093 2261 ignorat.

520 2276 635 2334 Non
663 2280 804 2333 enim
848 2280 981 2335 dixit
1022 2282 1272 2350 ignorare
1308 2297 1365 2337 se
1405 2283 1692 2353 judicium,
1721 2284 1815 2339 sed
1862 2294 2090 2354 tempus.

518 2370 585 2426 Et
612 2372 880 2441 quomodo
914 2374 1015 2427 hoc
1038 2388 1143 2427 non
1185 2373 1345 2427 fuerit
1369 2376 1662 2429 absurdum
1693 2375 1717 2427 Τ

1160 2465 1224 2520 In
1258 2469 1415 2524 idem.

589 2557 645 2612 Si
675 2559 1031 2627 cognitionem
1081 2562 1323 2615 omnium
1373 2576 1492 2631 qua:
1532 2559 1693 2615 Pater
1747 2561 1929 2627 habet,
1985 2578 2090 2617 non

2207 569 2283 632 ὡς
2319 570 2490 633 αἴτιος
2513 586 2527 599 ·
2560 567 2683 620 ἐπεὶ
2704 566 2905 637 ὁμοίως
2940 570 3034 620 καὶ
3064 569 3228 624 αὐτοῦ
3255 569 3347 623 καὶ
3373 571 3405 640 ἡ
3415 571 3534 639 μῶν
3560 575 3794 642 μείζων,

2207 660 2365 731 εἴπερ
2395 659 2503 730 γὰρ
2531 658 2696 713 αὐτοῦ
2730 658 2841 728 (20)
2869 658 2963 712 καὶ
2988 660 3019 729 ἡ
3028 660 3143 728 μῶν
3180 664 3370 727 αἴτιος.
3399 662 3584 732 Τιμὴν
3612 668 3798 723 τοίνυν

2210 752 2411 821 μᾶλλον
2438 751 2500 804 τὸ
2534 751 2696 822 ῥηθὲν
2730 750 2859 802 Υἱοῦ
2895 751 3033 821 πρὸς
3073 751 3315 823 Πατέρα,
3350 756 3447 809 οὐκ
3490 754 3799 813 ἐλάττωσιν

2206 842 2302 897 τοῦ
2344 844 2590 906 εἰπόντος
2619 844 2911 907 δείκνυσιν,
2941 841 3132 895 ἔπειτα
3175 848 3236 897 τὸ
3268 848 3450 915 μεῖζον
3476 846 3539 902 οὐ
3568 847 3799 914 πάντως

2175 979 2177 981 ,
2207 933 2302 985 καὶ
2333 930 2667 1003 ὲτεροούσιον
2699 934 2833 1001 (21).
2859 932 3179 1005 Ἀνθρωπος
3217 935 3327 1005 γὰρ
3355 938 3647 1010 ἀνθρώπου
3681 939 3801 1008 μεί-

2207 1022 2316 1088 ζων
2352 1025 2588 1093 λέγεται,
2624 1025 2718 1076 xu).
2745 1026 2905 1088 ἵππος
2940 1026 3127 1079 ἵππου.
3175 1026 3335 1078 Ὥστε
3364 1030 3413 1080 εἰ
3442 1033 3540 1084 καὶ
3586 1029 3798 1102 μείζων

2205 1117 2234 1168 6
2267 1117 2454 1187 Πατὴρ
2486 1114 2724 1184 λέγεται,
2753 1115 2853 1170 οὐκ
2878 1117 3039 1181 εὐθὺς
3070 1117 3163 1171 καὶ
3204 1116 3391 1181 οὐσίας
3418 1119 3635 1191 ἑτέρας.
3677 1124 3798 1176 Κα-

2206 1206 2363 1261 θόλου
2396 1209 2452 1262 δὲ
2480 1208 2548 1262 τὰ
2581 1206 2691 1277 (22)
2723 1210 3050 1279 συγκριτικὰ
3080 1210 3299 1264 ἐπὶτῶν
3338 1210 3670 1280 ὀμοουσῑων,
3700 1216 3797 1270 καὶ

2205 1301 2306 1352 οὐκ
2347 1301 2443 1353 ἐπὶ
2481 1300 2589 1355 τῶν
2631 1300 2984 1370 ἑτεροουσιων
3018 1301 3257 1370 λέγεται.
3299 1302 3517 1367 Μείζων
3552 1306 3665 1377 γὰρ
3702 1309 3798 1362 ἄν.

2207 1392 2425 1464 θρωπος
2460 1394 2678 1463 ἀλόγου,
2707 1393 2768 1447 οὐ
2797 1392 2998 1465 κυρίως
3020 1393 3237 1462 λέγεται
3261 1413 3275 1426 ο
3301 1397 3422 1451 οὐδὲ
3442 1395 3643 1466 ἄλογον
3663 1402 3798 1470 ἀψύ-

2206 1502 2302 1556 χου
2322 1502 2335 1515 °
2364 1486 2481 1539 ἀλλ’
2524 1486 2807 1558 ἄνθρωπος
2848 1484 3156 1557 ἀνθρώπου,
3191 1489 3287 1542 καὶ
3325 1489 3519 1559 ἄλογον
3548 1489 3753 1558 ἀλόγου
3775 1510 3792 1525 ο

2206 1576 2487 1648 ὁμοούσιος
2518 1575 2611 1634 οὖν
2647 1582 2676 1633 6
2714 1576 2903 1649 Πατὴρ
2943 1576 3020 1648 τῷ
3052 1576 3182 1649 Υἱῷ,
3233 1580 3339 1633 κᾶν
3376 1581 3581 1653 μείζων
3624 1581 3796 1655 λέγη-

2205 1686 2314 1722 ται.

2206 1940 2311 2005 Εἰς
2335 1936 2423 2003 τὸ,
2476 1956 2495 1989 ι
2531 1936 2649 2006 Τὴν
2676 1936 2745 1989 δὲ
2792 1937 2955 2005 ἅψειν
2982 1939 3081 1994 καὶ
3120 1939 3233 2007 τὴν

2652 2007 2853 2074 οὐδεὶς
2876 2008 3039 2063 οἶδεν
3073 2010 3208 2080 (25).
3240 2029 3259 2062 ι

2277 2102 2333 2153 ΕΞ
2357 2101 2685 2173 δημιουργὸς
2713 2100 2821 2154 τῶν
2858 2103 2993 2157 ὅλων
3019 2106 3047 2157 6
3076 2104 3222 2172 Υἱὸς,
3256 2105 3347 2158 τὸν
3375 2105 3431 2158 δὲ
3456 2108 3655 2178 χρόνον
3692 2112 3792 2181 τῆς

2203 2196 2435 2264 κρίσεως
2484 2198 2584 2250 οὐκ
2640 2193 2777 2250 οἶδεν
2818 2215 2830 2227 ·
2872 2198 2901 2250 ὃ
2975 2199 3408 2273 ἐδημιούργησεν
3457 2203 3562 2254 οὐκ
3624 2199 3787 2257 οἶδεν.

2201 2289 2275 2341 Οὐ
2306 2289 2413 2357 γὰρ
2450 2291 2551 2360 τὴν
2582 2291 2762 2361 κρίσιν
2806 2286 2957 2342 εἶπεν
3002 2292 3237 2360 ἀγνοεῖν,
3277 2293 3413 2347 ἀλλὰ
3450 2293 3543 2347 τὸν
3568 2296 3786 2366 χρόνον.

2201 2382 2311 2435 Καὶ
2340 2382 2455 2445 πῶς
2484 2383 2585 2435 οὐκ
2613 2384 2843 2446 ἄτοπον;

2793 2477 2899 2541 Εἰς
2936 2476 2999 2529 τὸ
3024 2481 3193 2534 αὐτό.

2266 2568 2328 2620 Εἰ
2364 2569 2464 2638 τὴν
2496 2566 2716 2635 ’γνῶσιν
2768 2567 2984 2621 πάντων
3033 2565 3107 2622 ὧν
3140 2572 3168 2622 ό
3197 2572 3384 2641 Πατὴρ
3427 2572 3541 2642 ἔχει
3590 2573 3729 2643 (25),
3758 2575 3789 2625 6

3262 1940 3494 2009 ἡμέραν
3540 1944 3794 2014 ἐκείνην

517 2650 680 2707 habet
728 2653 915 2719 Filius,
980 2654 1240 2708 mentitus
1304 2663 1408 2715 est,
1472 2669 1594 2707 cum
1651 2654 1788 2707 dixit
1835 2671 1848 2708 :
1896 2656 2091 2709 Omnia

2207 2662 2326 2725 Υἱὸς
2353 2661 2452 2715 οὐκ
2477 2660 2612 2731 ἔχει,
2659 2654 2926 2728 ἐψεύσατο
2969 2660 3137 2714 εἰπών
3163 2678 3175 2691 ·
3204 2662 3407 2716 Πάντα
3447 2663 3563 2717 ὅσα
3594 2667 3723 2732 ἔχει
3756 2669 3791 2718 ό

510 2758 630 2809 qua
685 2743 846 2798 Pater
896 2746 1077 2811 habet,
1115 2762 1229 2799 mea
1281 2752 1402 2801 sunt
1447 2743 1531 2809 ’°;
1565 2752 1667 2798 et.
1723 2742 1871 2798 Sicut
1933 2745 2091 2799 Pater

2207 2754 2419 2822 Πατὴρ,
2445 2755 2557 2823 ἐμά
2576 2756 2705 2809 ἐστι
2725 2769 2737 2781 ο
2763 2754 2875 2816 καὶ,
2898 2752 3101 2818 Καθὼς
3125 2758 3157 2807 ό
3175 2755 3375 2829 Παζὴρ
3390 2754 3672 2823 γινώσκει
3683 2773 3787 2826 με,

512 2834 650 2888 nouit
682 2850 783 2899 me,
817 2838 973 2889 etiam
1004 2853 1098 2905 ego
1144 2853 1260 2890 novt
1314 2834 1533 2891 Patrem
1559 2839 1625 2891 9‘.
1656 2840 1807 2904 Quod
1856 2840 1901 2894 si
1942 2841 2085 2895 aliud

2207 2842 2354 2912 κάγὼ
2387 2843 2659 2912 γινώσκω
2694 2845 2899 2897 αὐτόν.
2928 2843 2990 2895 Εἰ
3015 2842 3071 2895 δὲ
3101 2842 3289 2914 ἕτερον
3326 2843 3386 2896 τὸ
3430 2843 3524 2897 τὸν
3558 2844 3787 2915 Πατέρα

511 2936 597 2981 est
645 2926 887 2994 Patrem,
938 2927 1113 2995 aliud,
1145 2943 1264 2998 qua:
1312 2928 1489 2984 Patris
1542 2940 1667 2985 sunt
1723 2946 2083 2999 cognoscere,

2207 2936 2307 3006 [23)
2340 2936 2559 2999 εἰδέναι,
2590 2937 2684 2988 καὶ
2711 2936 2896 3007 ἕτερον
2922 2938 2990 2989 τὰ
3022 2936 3115 2990 τοῦ
3147 2938 3360 3009 Πατρός
3383 2954 3397 2967 ·
3433 2938 3620 3008 μεῖζον
3636 2938 3692 2991 δὲ
3723 2937 3787 2990 τὸ

517 3018 693 3087 majus
722 3028 900 3073 autem
954 3020 1116 3074 fuerit
1148 3018 1366 3075 Patrem
1422 3037 1584 3090 quam
1636 3037 1757 3091 qute
1801 3023 1921 3093 ejus
1960 3032 2087 3079 sunt

2207 3029 2386 3081 εἰδέναι
2429 3028 2517 3081 τὸν
2563 3028 2781 3098 Πατέρα
2826 3029 2919 3081 τοῦ
2966 3029 3032 3082 τὰ
3074 3030 3236 3082 αὐτοῦ
3282 3030 3479 3083 εἰδέναι
3528 3031 3788 3099 (καθόσον

511 3125 696 3174 nosse,
734 3125 938 3181 quanto
977 3113 1353 3181 unusquisque
1389 3113 1455 3167 iis
1481 3130 1601 3183 quae
1634 3130 1731 3169 sua
1764 3126 1891 3169 sunt
1914 3116 2092 3185 100]οβ

2207 3122 2419 3183 ἕκαστος
2457 3121 2619 3182 αὐτὸς
2641 3119 2750 3172 τῶν
2780 3119 2975 3173 ἑαυτοῦ
3007 3121 3223 3189 μείζων)
3245 3139 3257 3151 ο
3290 3121 3351 3173 τὸ
3384 3121 3566 3189 μεῖζον
3594 3123 3624 3173 6
3655 3122 3788 3185 Υἱὸς

506 3210 592 3255 est
621 3200 823 3256 :P‘ilius
852 3202 1024 3268 majus
1054 3205 1191 3256 haud
1212 3206 1467 3273 ignorans
1487 3205 1712 3273 (Nullus
1739 3209 1899 3271 enim,
1924 3206 2088 3275 290

2207 3209 2349 3275 εἰδὼς
2386 3207 2622 3281 (Οὐδεὶς
2656 3208 2787 3278 γὰρ,
2822 3210 3006 3279 φησὶν,
3032 3206 3154 3263 οἶδε
3194 3209 3301 3264 τὸν
3332 3211 3565 3279 Πατέρα
3602 3214 3655 3265 εὶ
3693 3210 3786 3280 μὴ

506 3294 702 3362 inquit,
744 3293 880 3347 novit
910 3291 1147 3359 Patrem,
1182 3296 1284 3348 nisi
1321 3292 1500 3348 Filius
1524 3295 1623 3365 θ’),
1658 3296 1709 3350 id
1743 3296 1885 3364 quod
1910 3301 2087 3351 minus

506 3395 593 3438 est
621 3402 727 3440 non
756 3395 940 3441 nosset
975 3403 991 3441 :
1020 3386 1165 3457 quod
1214 3386 1333 3442 ﬁeri
1385 3402 1491 3442 non
1521 3396 1719 3458 potest.
1750 3387 1892 3456 Ergo
1946 3388 2087 3456 quod

507 3493 617 3531 non
658 3480 941 3548 expediret
969 3478 1279 3536 hominibus
1313 3480 1522 3545 audire,
1560 3490 2089 3549 proptereatcmpus

508 3568 739 3623 obticuit
781 3569 991 3639 judicii.
1046 3569 1178 3623 Nam
1218 3572 1553 3641 exspectatio
1586 3582 1846 3642 perpetua
1875 3574 2091 3627 ferven-

511 3659 677 3714 tiores
718 3661 785 3714 ad
817 3662 1075 3730 pietatem
1117 3663 1332 3726 reddit;
1380 3664 1431 3716 id
1466 3678 1617 3727 vero,
1672 3679 1832 3718 nosse
1861 3664 2088 3717 multmn

513 3761 728 3823 tempus
758 3752 1173 3819 interfuturum,
1196 3754 1617 3825 negligentiores
1652 3756 1796 3809 circa
1833 3756 2086 3822 pietatem

510 3846 804 3913 eﬂ'ircisset,
830 3863 952 3903 cum
987 3860 1299 3919 sperassent
1330 3863 1389 3905 se
1416 3856 1606 3918 postea
1635 3848 1758 3900 vita:
1788 3846 2088 3900 mutatione

510 3939 715 3994 salvari
753 3955 935 4009 posse.
977 3939 1109 3994 Nam
1136 3924 1407 4010 quomodo
1452 3941 1501 3994 is
1550 3942 1640 4009 qui
1699 3940 1881 3993 omnia
1918 3953 2088 4007 usque

510 4032 578 4083 ad
611 4030 756 4083 illam
790 4033 977 4085 horam
1004 4036 1155 4085 novit
1197 4035 1336 4099 (haec
1383 4034 1526 4087 enim
1565 4032 1745 4104 dixit),
1780 4047 1885 4086 non
1924 4032 2085 4085 etiam

509 4119 703 4175 horam
734 4122 880 4175 illam
923 4124 1156 4177 nosset?
1201 4124 1425 4180 Frustra
1477 4135 1659 4179 autem
1693 4134 1747 4179 et
1797 4125 2089 4192 Apostolus

508 4209 719 4266 diceret
754 4230 766 4265 :
819 4211 884 4265 In
932 4230 1033 4279 quo
1064 4228 1187 4266 sunt
1233 4232 1411 4268 omnes
1449 4217 1688 4268 thesauri
1718 4216 1994 4280 sapientia:
2040 4225 2107 4275 et.

510 4302 747 4357 scientia:
783 4304 1078 4359 absconditi
1102 4306 1169 4361 ’³.

1170 4399 1237 4454 In
1272 4400 1428 4455 idem.

584 4488 642 4544 Si
673 4489 910 4558 Spiritus
935 4500 1182 4557 sanctus,
1214 4494 1303 4561 qui
1334 4492 1731 4562 profunditates
1785 4489 1880 4544 Dei
1933 4504 2087 4542 scru-

2195 3304 2228 3353 ὀ
2281 3300 2456 3371 Υἱὸς),
2487 3300 2549 3353 τὸ
2581 3299 2799 3352 ἔλαττον
2834 3300 2934 3352 οὐκ
2979 3299 3129 3371 ᾔδει,
3169 3300 3305 3373 ὅπερ
3351 3301 3632 3356 ἀδύνατον.
3684 3300 3790 3355 Διὰ

2194 3390 2254 3442 τὸ
2293 3390 2366 3461 μὴ
2411 3391 2711 3462 συμφέρειν
2750 3385 2842 3443 οὖν
2891 3394 3002 3455 τοῖς
3046 3391 3350 3461 ἀνθρώποις
3388 3392 3643 3455 ἀκοῦσαι,
3689 3390 3788 3445 τὸν

2196 3481 2385 3553 καιρὸν
2423 3483 2521 3552 τῆς
2576 3482 2807 3554 κρίσεως
2851 3483 3255 3553 ἀπεσιώπησεν.
3297 3485 3359 3536 ’Π
3407 3485 3505 3553 μὲν
3537 3484 3647 3555 γὰρ
3696 3486 3788 3538 ἀεὶ

2198 3574 2492 3643 προσοοκία
2541 3573 2906 3646 θερμοτέροος
2968 3573 3095 3642 περὶ
3139 3572 3235 3642 τὴν
3274 3571 3558 3652 εὐσέβειαν
3603 3574 3787 3645 ἅπερ·

2197 3662 2422 3731 γάζεται
2444 3681 2455 3693 ·
2491 3665 2522 3733 ἡ
2551 3663 2605 3715 δὲ
2648 3662 2741 3714 τοῦ
2775 3660 2939 3713 πολὺν
2968 3660 3059 3712 τὸν
3095 3656 3296 3729 μεταξὺ
3328 3659 3519 3729 χρόνον
3559 3659 3789 3715 ἔσεσθαι

2196 3755 2395 3823 γνῶσις
2420 3753 2844 3824 ὀλιγωροτέρους
2878 3751 2943 3805 ἂν
2987 3752 3114 3821 περὶ
3144 3751 3243 3821 τὴν
3274 3751 3555 3805 εὐσέϐειαν
3594 3754 3790 3825 ἐποίη-

2196 3864 2308 3908 σεν,
2339 3846 2513 3898 ἐλπίδι
2542 3844 2635 3897 τοῦ
2668 3846 2760 3897 καὶ
2803 3843 3027 3915 ὕστερον
3074 3842 3577 3914 μεταϐαλλομένους
3621 3844 3791 3916 δυνησ

2194 3936 2354 4008 θῆναι
2401 3936 2659 3989 σωθῑενκ.
2698 3937 2853 3989 Ἐπεὶ
2882 3935 2998 3996 πῶς
3025 3936 3052 3987 6
3088 3934 3266 3987 πάντα
3298 3934 3457 4005 μέχρι
3490 3934 3587 4003 τῆς
3633 3934 3787 4005 ὧρας

2195 4030 2408 4100 ἐκείνης
2456 4030 2610 4090 εἰδὼς
2658 4024 2797 4097 (εἷπε
2830 4026 2960 4096 γοῦν
3007 4026 3166 4095 αὐτὰ)
3214 4026 3335 4096 οὐχ).
3377 4027 3639 4095 κάγείνην
3685 4028 3785 4094 τὴν

2198 4121 2345 4193 ὤραν
2370 4122 2516 4193 ᾔδει;
2549 4122 2741 4188 Μάτην
2779 4120 2835 4172 δὲ
2875 4119 2967 4172 καὶ
2998 4121 3026 4171 6
3060 4117 3385 4181 Ἀπόστολος
3418 4117 3604 4176 ἔλεγεν
3629 4135 3641 4146 ·
3686 4118 3787 4170 Ἐν

2193 4205 2244 4278 ᾧ
2273 4215 2388 4265 εἱσι
2430 4211 2651 4277 πάντες
2682 4215 2736 4265 οἱ
2788 4212 3078 4281 θησαυροὶ
3122 4210 3233 4280 τῆς
3270 4211 3490 4280 σοφίας
3533 4210 3634 4262 καὶ
3671 4210 3783 4278 τῆς

2197 4302 2471 4375 γνώσεως
2501 4302 2854 4371 ἀπόκρυφοι.

2784 4396 2891 4458 Εἰς
2925 4392 2993 4445 τὸ
3022 4394 3189 4447 αὑτό.

2266 4484 2329 4535 Εἰ
2360 4482 2422 4535 τὸ
2457 4482 2611 4551 ἆγιον
2646 4480 2892 4552 Πνεῦμα,
2920 4481 2988 4535 τὰ
3032 4482 3169 4552 βάθη
3213 4483 3309 4535 τοῦ
3336 4483 3471 4539 Θεοῦ
3514 4485 3781 4555 ἐρευνῶν,

509 4591 657 4638 tatur
684 4586 751 4649 ’³,
789 4584 923 4638 nihil
956 4599 1145 4640 eorum
1178 4602 1297 4652 qua:
1326 4588 1416 4640 Dei
1448 4596 1573 4641 sunt
1610 4586 1859 4657 ignorare
1884 4590 2083 4654 potest,

2207 4575 2341 4629 ιὺδὲν
2379 4576 2593 4643 ἀγνοεῖν
2623 4572 2732 4627 τῶν
2773 4571 2869 4627 τοῦ
2900 4572 3036 4626 Θεοῦ
3069 4573 3325 4643 δύναται,
3358 4579 3385 4630 6
3414 4576 3472 4630 δὲ
3504 4576 3616 4649 (26)
3652 4579 3782 4643 ne;

576 4757 622 4789 ⁸⁸
648 4755 800 4812 Joan.
826 4774 881 4822 ν,
912 4759 999 4814 19.
1076 4760 1120 4791 ⁸⁸
1151 4761 1343 4818 Matth.
1378 4778 1523 4829 χχιι,
1546 4761 1635 4816 36.
1712 4762 1757 4793 '°
1786 4759 1939 4815 Joan.
1966 4773 2077 4824 xw,

2267 4755 2311 4787 ⁹¹
2343 4751 2500 4808 Joan.
2537 4767 2593 4820 Χ,
2620 4752 2707 4807 15.
2779 4753 2825 4785 ’³
2845 4750 3035 4807 Matth.
3060 4768 3140 4820 ιι,
3168 4753 3258 4807 27.
3337 4754 3383 4786 ’³
3402 4753 3583 4811 Colos.
3619 4770 3684 4823 ιι,
3716 4756 3773 4811 5.

507 4827 553 4861 ”
589 4829 606 4883 l
641 4828 767 4883 Cor.
830 4845 900 4893 ιι,
944 4830 1027 4883 10.

506 4961 781 5034 εγεννᾶτο,
811 4976 914 5034 non
947 4962 1085 5034 enim
1112 4964 1339 5031 genitum
1367 4972 1444 5017 est
1483 4964 1621 5033 quod
1664 4962 1951 5034 aliquando
1976 4982 2079 5024 non

506 5031 873 5103 eral,_scilicet
898 5032 951 5085 in
985 5033 1239 5103 opinione
1274 5031 1673 5089 haereticorum.
1697 5031 1956 5090 Guncedit
1980 5053 2079 5090 au-

507 5096 628 5173 ctbr
650 5096 1048 5173 hujusﬁoperis',
1076 5104 1128 5156 id
1160 5104 1302 5171 quod
1340 5107 1407 5157 ab
1436 5105 1553 5173 ipso
1588 5106 1787 5161 Basilio
1810 5108 2079 5173 concedit,

507 5166 1588 5245 Patrem'Filiomajorem'dignitate'dici
1609 5191 1789 5244 posse,
1815 5166 2083 5245 quatenus

508 5240 722 5311 genitor
750 5250 873 5297 est:
913 5245 966 5298 id
1004 5240 1192 5298 autem
1230 5240 1283 5297 in
1314 5240 1639 5298 Arianorum
1674 5240 1944 5301 sententia
1977 5250 2081 5303 dici

508 5324 612 5366 non
638 5326 795 5379 posse
816 5351 831 5375 ,
861 5314 989 5382 quia
1018 5329 1140 5366 eum
1178 5325 1418 5369 creatum
1453 5314 1617 5369 fuisse
1660 5316 1867 5371 volunt.
1908 5315 2081 5373 Simili

506 5382 718 5436 ratione
742 5382 941 5455 ibi_dem
969 5384 1184 5455 probat.
1220 5398 1394 5455 neque
1423 5385 1584 5440 etiam
1620 5396 1891 5455 quatenus
1920 5386 2084 5443 Pater

508 5400 718 5436 ratione
742 5400 941 5437 mntem
969 5400 1184 5452 pronai.
1220 5400 1283 5437 ne
1328 5400 1394 5438 ne
1423 5400 1584 5440 etiam
1620 5400 1891 5455 quatenus
1920 5400 2083 5443 Pater

508 5463 779 5525 eausagst
804 5451 951 5518 Filii,
986 5454 1244 5525 majorem
1282 5400 1420 5509 gilio
1460 5456 1563 5509 dici
1587 5470 1753 5525 posse
1778 5474 1796 5525 7:
1832 5458 2083 5513 similiter

507 5522 649 5575 enim
677 5521 814 5577 Filio
848 5534 901 5578 et
930 5525 1083 5578 nobis
1118 5522 1290 5591 major
1313 5536 1479 5589 esset,
1521 5521 1643 5579 cuin
1665 5536 1719 5581 et
1751 5524 1873 5580 Filii
1898 5538 1954 5581 et
1986 5546 2082 5584 no-

506 5592 605 5714 iﬁri
628 5594 816 5647 eodem
845 5595 1005 5649 modo
1033 5609 1199 5650 causa
1230 5596 1300 5649 sit
1328 5597 1382 5651 in
1410 5596 1785 5652 hzereticorum
1805 5600 2076 5668 opinione.

563 5678 723 5714 ARAN.

563 5678 723 5716 ΔΒΑΝ.

584 5734 695 5805 (l9)
732 5732 862 5805 Reg.
898 5745 1121 5805 quartus
1150 5738 1312 5803 ποιεῖ,
1339 5736 1513 5791 ταῦτα
1537 5738 1631 5793 καὶ
1658 5740 1703 5791 6.

586 5802 697 5873 (20)
736 5802 957 5862 Veteres
988 5807 1190 5878 aliqum
1216 5810 1339 5865 libri
1374 5812 1419 5862 εἰ
1446 5810 1556 5881 γὰρ
1604 5810 1790 5868 αὑτοῦ.
1824 5810 1975 5870 Colb.
2012 5814 2086 5868 εῖ-

2185 4930 2292 4984 περ
2327 4908 2650 5036 γὰραὺτοῦ.
2676 4908 2817 4963 Editi
2843 4908 2895 4962 εἰ
2918 4925 2981 4977 γε
3013 4907 3199 4963 αὑτοῦ.

2260 4983 2376 5054 (21)
2426 4981 2549 5054 ἶσίιί
2579 4979 2907 5054 ἑτεροόσιον.
2937 4982 3006 5034 At
3042 4995 3172 5035 mss.

2454 4981 2549 5035 diti
2579 4979 2907 5053 ἑτερούσιον.
2937 4982 3006 5034 At
3042 4995 3172 5035 mss.
3203 4977 3574 5049 ἐτεροούσιον,
3616 4992 3673 5036 et
3700 4982 3773 5036 ita

2188 5049 2896 5125 quoqueinsequentibus.

2284 5119 2375 5191 22)
2406 5122 2560 5176 Coll).
2602 5119 2849 5174 Καθόλου
2880 5120 2991 5191 γὰρ
3021 5119 3109 5175 τά.

2284 5126 2375 5191 22)
2406 5126 2560 5176 Colb.
2602 5126 2849 5174 Καθόλου
2880 5126 2991 5191 γὰρ
3021 5126 3109 5175 τά.

2262 5126 2376 5265 (23)
2406 5192 2631 5265 Codices
2654 5191 2903 5265 nonnulli
2923 5191 3099 5265 Εἱςεὸ
3118 5232 3132 5255 ,
3163 5190 3271 5265 Τὴν
3297 5190 3353 5244 δὲ
3388 5192 3603 5263 ἡμέραν
3630 5192 3773 5244 ἐκεί-

2190 5256 2289 5337 νην
2335 5256 2436 5337 ia).
2455 5261 2555 5333 τὴν
2589 5259 2739 5337 ᾦραν
2770 5260 2949 5337 οὐδεὶς
2989 5256 3149 5337 οἷρεν.
3180 5256 3515 5337 Admonebo
3546 5277 3772 5332 praner-

2191 5331 2327 5396 iens,
2391 5331 2657 5402 ejusmodi
2692 5334 2875 5387 titulos
2914 5333 2987 5386 ita
3022 5332 3230 5401 disponi
3279 5333 3331 5386 in
3384 5331 3515 5400 Reg.
3550 5331 3771 5399 Quarto,

2190 5416 2247 5459 ut
2294 5419 2400 5459 non
2448 5405 2501 5459 in
2531 5412 2790 5459 contextu
2812 5443 2827 5469 ,
2877 5402 2973 5458 sed
3011 5403 3183 5455 solum
3216 5402 3267 5455 in
3303 5417 3398 5457 ora
3430 5403 3552 5457 libri
3582 5404 3773 5473 legan-

2190 5485 2375 5614 ωῖὲι)
2413 5542 2594 5615 Codex
2622 5542 2775 5615 Colb.
2814 5542 2862 5595 ει
2888 5540 2987 5613 τὴν
3020 5539 3221 5610 γνῶσιν
3261 5542 3481 5595 πάντων
3522 5544 3553 5595 6
3582 5543 3775 5615 Πατὴρ

2187 5612 2320 5687 ἔχει,
2379 5614 2582 5687 certe;
2610 5615 2708 5687 aint
2720 5612 2861 5687 Exi-2t.

2410 5683 2633 5760 Yeteres
2660 5680 2867 5752 aliquot
2892 5682 3022 5760 libri
3057 5682 3309 5760 γινῴσκω
3336 5680 3426 5760 τὸν
3450 5682 3699 5760 Πατέρα,

2266 5750 2376 5825 (26)
2414 5754 2542 5825 lleg.
2574 5750 2797 5823 quartus
2827 5752 2918 5807 τοῦ
2954 5752 3089 5807 Θεοῦ
3113 5752 3348 5823 λέγεται,
3382 5755 3409 5807 6
3443 5750 3522 5808 δέ.
