4008 6470
244 449 351 502 697

1348 427 1712 483 ADVERSUS
1753 421 2117 478 EUNOMiUM
2161 422 2286 474 LlB.
2333 419 2418 470 IV.

3374 408 3478 460 698

243 558 469 626 αγνοεϊ·
511 557 689 629 μεῖζον
738 555 852 606 κατ’
901 551 1093 613 αὐτοὺς
1146 550 1204 602 τὸ
1253 550 1403 616 ἆγιον
1458 542 1677 611 Πνεῦμα
1726 540 1818 594 τοῦ

1938 536 2090 588 Filius
2124 550 2249 588 vero
2290 537 2498 602 ignorat
2527 547 2540 591 ;
2576 529 2747 596 major
2778 535 2859 578 est
2888 523 3121 591 Spiritus
3153 531 3375 575 sanctus
3400 523 3484 573 Fi-

245 648 404 713 Υἱοῦ,
429 652 562 721 ὅπερ
590 647 707 701 οὐδὲ
737 647 848 697 ἴσον
884 638 1019 695 εἶναι
1051 641 1290 695 θέλουσιν

246 828 358 893 Εἰς
391 828 456 881 τὸ
491 847 506 878 ι
537 823 746 890 Πάτερ,
779 821 831 873 εὶ
869 819 1145 900 δυνατρν,
1182 811 1517 883 παρελθέτω
1549 811 1615 865 τὸ
1640 810 1820 878 ποτή-

825 908 962 959 ριον
985 904 1230 943 mutos»

330 989 390 1042 Et
416 984 626 1055 άληθῶς
658 986 686 1036 6
720 983 846 1047 Tib;
875 983 1046 1049 ἔλεγε,
1075 978 1261 1044 Πάτερ
1295 976 1428 1043 (‘28),
1456 980 1506 1030 εὶ
1538 973 1821 1038 δυνατὸν,

250 1076 592 1148 παμλό-Ξτω
617 1075 682 1128 τὸ
727 1075 1013 1142 ποτήριον
1061 1069 1256 1133 τοῦτο,
1298 1069 1357 1122 οὑ
1397 1069 1595 1122 δειλίαν
1630 1065 1822 1117 ἑαυτοῦ

251 1175 350 1226 καὶ
403 1168 683 1222 ἀσθένειαν
722 1166 1012 1238 κατηγόρει
1059 1162 1234 1231 μόνον,
1283 1163 1416 1217 ἀλλὰ
1454 1160 1588 1214 εἷναί
1635 1177 1687 1210 τι
1732 1158 1824 1211 καὶ

253 1263 516 1318 ἀδύνατον
553 1262 629 1332 τῷ
672 1262 842 1332 Πατρὶ
887 1255 1131 1326 ἐνόμιζεν
1172 1256 1301 1326 (29).
1339 1256 1412 1308 Τὸ
1456 1253 1582 1322 γάρ,
1614 1253 1680 1303 Εἰ
1724 1249 1826 1303 δυ-

251 1354 461 1418 νατὸν,
501 1355 928 1426 ἁμφιόάλλοντος
961 1344 1048 1418 ἧν,
1077 1349 1170 1401 καὶ
1199 1350 1260 1402 οὐ
1309 1343 1674 1414 πεπεισμένου
1713 1343 1825 1412 (50)

249 1445 514 1500 δύνασθαι
561 1449 650 1500 τὸν
681 1443 895 1511 Πατέρα
948 1440 1114 1494 σῶσαι
1163 1439 1342 1494 αὐτόν.
1395 1436 1516 1498 Πῶς
1561 1436 1616 1488 δὲ
1665 1439 1756 1490 καὶ
1798 1438 1828 1490 6

256 1542 472 1609 νεκροῖς
510 1539 567 1590 τὸ
615 1539 711 1604 ζῇν
754 1532 1111 1603 χαριζόμενος
1153 1533 1214 1585 οὐ
1248 1527 1424 1597 πολλῷ
1485 1528 1680 1596 μᾶλλον
1718 1530 1828 1591 τοῖς

255 1627 398 1691 ζῶσι
457 1630 519 1680 τὸ
583 1625 681 1695 ζῇν
749 1624 1030 1692 φυλάττειν
1093 1622 1352 1691 ἠδύνατιη
1410 1620 1506 1672 Διὰ
1565 1621 1616 1671 τί
1668 1615 1759 1671 οὖν
1802 1617 1831 1669 6‘

257 1721 505 1791 Λάζαρον
536 1717 626 1769 καὶ
657 1717 879 1778 πολλοὺς
909 1716 1132 1785 νεκροὺς
1175 1711 1481 1780 ἀναστήσας
1526 1714 1622 1782 οὐχ
1657 1709 1830 1780 ἑαυτῷ

258 1813 492 1882 παρέχει
525 1808 633 1878 (51)
668 1809 727 1860 τὸ
763 1810 880 1878 ζῇν,
911 1805 1044 1858 ἀλλὰ
1081 1802 1228 1872 παρὰ
1264 1802 1354 1854 τοῦ
1389 1803 1596 1872 Πατρὸς
1623 1802 1738 1871 ᾔτει
1771 1801 1829 1852 τὸ

1923 625 1994 678 lio
2024 626 2316 677 secundum
2346 625 2508 694 ipsos,
2542 636 2698 690 quem
2731 634 2796 673 ne
2827 615 3084 685 :equalem
3123 613 3334 682 quidem
3369 628 3488 666 esse

1925 719 2130 771 volunt.

1923 809 1990 862 In
2014 807 2169 871 illud,
2205 823 2222 858 ι
2258 804 2437 870 Pater,
2460 807 2504 860 si
2529 801 2643 873 ﬁeri
2668 811 2850 870 potest,
2893 806 3127 855 transeat
3153 795 3294 850 calix
3321 799 3434 846 iste.
3466 811 3483 845 ι

1996 900 2052 954 Si
2110 911 2235 952 vere
2279 896 2449 950 Filius
2479 896 2735 949 dicebat:
2783 891 2983 957 Pater,
3034 892 3078 944 si
3139 887 3252 952 ﬁeri
3290 896 3488 951 potest,

1924 1003 2154 1046 transeat
2191 990 2333 1044 calix
2371 991 2465 1041 iste
2498 990 2568 1050 ³⁵,
2608 1003 2713 1041 non
2752 986 2923 1037 solum
2961 1000 3113 1036 suam
3145 979 3317 1051 ipsius
3347 979 3494 1030 timi-

1926 1083 2148 1137 ditatem
2212 1081 2744 1146 itnbecillitatemque
2809 1075 3213 1129 conﬁtebatur:
3297 1085 3489 1124 verum

1927 1177 2088 1229 etiam
2139 1174 2342 1242 aliquid
2397 1172 2560 1226 etiam
2599 1186 2739 1229 esse.
2768 1167 2910 1238 quod
2945 1181 2972 1217 a
3009 1163 3170 1217 Patre
3211 1164 3326 1216 ﬁeri
3383 1175 3490 1214 non

1928 1275 2132 1334 posset,
2165 1265 2531 1317 existimabat.
2566 1261 2698 1312 Nam
2735 1261 2883 1326 illud,
2916 1256 2974 1311 Si
3026 1254 3140 1322 ﬁeri
3168 1262 3350 1320 potest,
3395 1253 3493 1303 du-

1933 1358 2160 1412 bitantis
2196 1368 2332 1420 erat,
2366 1372 2427 1406 at,-
2460 1355 2608 1421 ejus,
2646 1354 2734 1404 cui
2774 1365 3086 1419 persuasum
3121 1360 3224 1398 non
3275 1352 3394 1394 erat
3436 1356 3495 1394 se

1930 1462 1957 1499 a
2000 1444 2160 1498 Patre
2184 1445 2387 1498 servari
2423 1458 2600 1511 posse.
2629 1442 2906 1506 Quomodo
2943 1448 3121 1491 autem
3166 1433 3255 1503 qui
3280 1442 3328 1487 et
3355 1446 3498 1484 mor-

1933 1540 2038 1593 tuis
2087 1541 2250 1588 vitam
2290 1536 2533 1602 largitur,
2595 1550 2696 1586 non
2759 1531 2926 1584 multo
2979 1527 3150 1596 magis
3195 1522 3497 1576 viventibus

1930 1630 2091 1683 vitam
2134 1642 2354 1682 servare
2413 1627 2617 1694 possit?
2648 1623 2757 1678 Cur
2805 1623 2966 1690 igitur
3011 1622 3102 1690 qui
3147 1619 3412 1672 Lazarum
3444 1623 3498 1668 et

1934 1722 2130 1773 multos
2165 1729 2405 1771 mortuos
2431 1718 2733 1782 suscitavit,
2775 1730 2879 1768 non
2906 1714 3008 1768 sibi
3059 1715 3172 1783 ipse
3202 1712 3366 1762 vitam
3400 1709 3500 1760 im-

1935 1812 2117 1879 pertit,
2175 1811 2266 1863 sed
2299 1825 2326 1861 a
2361 1809 2517 1862 Patre
2563 1810 2728 1861 vitam
2777 1809 3011 1876 petebat,
3044 1821 3164 1859 cum
3202 1804 3396 1857 timens
3418 1799 3500 1852 di-

258 1904 381 1973 ζῇν,
433 1900 761 1971 φοϐούμενος
794 1896 992 1950 εἰπών’
1032 1893 1241 1962 Πάτερ,
1281 1898 1333 1948 εὶ
1368 1893 1649 1953 δυνατὸν,
1687 1908 1832 1957 παρ-

1938 1901 2046 1953 xit:
2084 1898 2262 1967 Pater,
2313 1901 2358 1955 si
2389 1901 2505 1968 ﬁeri
2544 1909 2746 1970 potest,
2790 1907 3022 1952 transeat
3073 1898 3212 1952 calix
3252 1896 3386 1949 iste?
3440 1890 3498 1945 Si

256 1993 479 2047 ελθέτω
514 1994 577 2047 τὸ
617 1993 903 2058 ποτήριον
941 1986 1142 2052 τοῦτο;
1175 1988 1282 2040 Καὶ
1339 1988 1385 2038 εἰ
1431 1985 1577 2036 ἄκων
1622 1983 1678 2033 δὲ
1725 1983 1835 2033 άπ-

260 2086 547 2154 έΟνησκεν,
581 2085 766 2140 οὐκέτι
803 2080 1144 2144 ταπεινώσας
1177 2080 1384 2140 ἑαυτὸν,
1415 2077 1652 2144 ὑπήκοος
1677 2073 1832 2145 μέχρι

259 2179 489 2233 Θανάτου
525 2181 738 2247 ἐγένετο
778 2174 852 2245 τῷ
888 2174 1079 2244 Πατρὶ,
1105 2171 1221 2222 οὐδὲ
1254 2169 1478 2221 δέδωκεν
1513 2167 1721 2229 ἑαυτὸν,
1762 2165 1835 2229 ὣς

259 2288 425 2341 φησιν
459 2274 486 2324 ὁ
540 2266 883 2329 Ἀπόστολος·
936 2263 1043 2317 Τοῦ
1094 2261 1305 2325 δόντος
1350 2259 1566 2311 ἑαυτὸν
1612 2261 1835 2327 λύτρον

259 2365 412 2432 ὑπὲρ
461 2362 577 2414 τῶν
613 2360 910 2429 ἁμαρτιῶν
944 2358 1138 2425 allow-
1174 2359 1221 2408 εἰ
1270 2356 1323 2408 δὲ
1366 2355 1524 2417 ἑκὼν,
1552 2354 1632 2418 τίς
1679 2352 1835 2423 χρεία

259 2455 377 2516 τοῦ,
424 2453 632 2521 Πάτερ,
678 2455 728 2505 εὶ
767 2451 1045 2518 δυνατὸν,
1081 2448 1414 2518 παρελθέτω
1459 2447 1521 2500 τὸ
1553 2446 1836 2512 ποτήριον

259 2548 473 2607 τοῦτο;
513 2547 634 2599 Ἐπὶ
665 2545 771 2597 τῶν
801 2543 892 2599 οὖν
927 2548 1003 2610 εἰς
1051 2545 1210 2599 αὑτὸν
1254 2542 1584 2613 ἁμαρτάνειν
1618 2537 1835 2609 μελλόν-

260 2657 392 2699 των,
445 2639 531 2691 ἵνα
577 2637 650 2709 μὴ
695 2640 1016 2710 ἁμάρτωσι,
1054 2639 1144 2691 καὶ
1185 2638 1282 2690 οὐκ
1337 2636 1419 2688 ἐπ’
1466 2629 1630 2686 αὑτοῦ
1684 2627 1838 2680 τοῦτο

261 2731 507 2783 δεκτέον·
558 2731 696 2801 ὑπὲρ
741 2725 814 2783 ὧν
878 2731 969 2784 καὶ
1025 2729 1355 2799 σταυρωθεὶς
1405 2726 1589 2791 ἔλεγε·
1628 2721 1836 2787 Πάτερ,

263 2822 416 2890 ἄφες
453 2823 674 2886 αὐτοῖς,
713 2823 800 2874 ὅτι
833 2825 943 2875 οὐκ
975 2821 1082 2888 (52)
1117 2820 1313 2872 οἴδασι
1351 2818 1405 2869 τί
1438 2813 1733 2868 ποιοῦσιν.
1763 2813 1836 2864 06

263 2914 345 2966 δεῖ
371 2912 463 2966 οὖν
491 2915 559 2965 τά
595 2915 714 2966 κατ’
749 2913 1057 2982 οἰκονομίαν
1090 2911 1163 2973 ὡς
1212 2908 1397 2971 ἁπλῶς
1443 2907 1706 2977 εἰρημένα
1752 2907 1840 2957 ὲκ-

266 3003 541 3071 δέχεσθαι.

480 3093 582 3156 Εἰς
611 3091 695 3156 τὸ,
734 3110 750 3141 ι
780 3091 952 3157 Κάγὼ
986 3089 1057 3151 ζῶ
1089 3089 1182 3144 διὰ
1211 3089 1316 3142 τὸν
1341 3087 1586 3154 Πατέρα.
1615 3105 1633 3136 ι

337 3182 400 3233 Εἰ
421 3181 508 3234 διὰ
535 3185 624 3236 τὸν
657 3185 873 3255 Πατέρα
898 3186 924 3236 6
961 3183 1084 3245 Υἱὸς
1109 3182 1195 3252 ζῇ,
1222 3181 1287 3234 δι’
1320 3182 1524 3250 ἕτερον,
1552 3179 1646 3232 καὶ
1679 3179 1736 3230 οὐ
1775 3178 1838 3230 δι’

267 3277 458 3328 ἑαυτὸν
483 3277 567 3346 ζῇ.
615 3277 670 3329 Ὀ
697 3278 750 3329 δὲ
780 3277 843 3329 δι’
874 3277 1057 3344 ἕτερον
1087 3274 1191 3338 ζῶν
1225 3273 1469 3340 αὐτοζωὴ
1509 3267 1644 3323 εἶναι
1667 3273 1726 3323 οὐ
1751 3272 1839 3323 δύ-

268 3384 446 3422 ναται.
473 3369 605 3454 Οὐδὲ
627 3369 733 3438 γάρ
758 3371 785 3421 6
811 3370 949 3421 κατά
969 3370 1126 3439 χάριν
1150 3368 1299 3434 ἅγιος
1321 3365 1626 3430 αὑτοάγιος.
1661 3363 1843 3430 €4,36-

269 3477 404 3513 σατο
424 3456 514 3513 οὖν
546 3463 572 3513 6
607 3461 731 3522 Υἱὸς
752 3459 917 3512 εἰπών
938 3477 949 3490 ·
990 3459 1135 3528 Ἐγώ
1157 3461 1271 3528 εἰμι
1297 3461 1332 3526 ἠ
1365 3457 1500 3524 ζωή’
1539 3458 1630 3509 καὶ
1652 3456 1808 3508 πάλιν
1829 3472 1840 3482 ·

271 3552 437 3605 Οὕτω
466 3551 564 3604 καὶ
594 3555 624 3605 ὀ
659 3554 786 3617 Υἱὸς
824 3553 926 3615 οὓς
960 3555 1115 3605 θέλει
1141 3549 1418 3611 ζωοποιεῖ.
1450 3552 1543 3612 Εἰς
1573 3550 1669 3619 τὴν
1696 3551 1845 3600 ἐναν-

270 3643 552 3713 Θρώπησιν
580 3639 692 3707 οὖν,
730 3645 822 3698 καὶ
862 3645 959 3696 οὐκ
988 3627 1192 3714 εἰς’τὴν
1221 3644 1445 3714 Θεότητα
1478 3644 1536 3696 τὸ
1558 3644 1843 3713 εἰρημένον

270 3740 412 3789 νοεῖν
444 3738 542 3790 δεῖ.

265 3911 373 3976 Εἰς
403 3912 488 3973 τὸ,
535 3929 553 3962 ι
593 3914 742 3966 Οὐδὲ
784 3917 814 3966 o'
851 3916 977 3980 Υἱὸς
1011 3914 1109 3982 ἀφ’
1138 3914 1353 3967 ἑαυτοῦ
1384 3933 1434 3966 τι
1475 3915 1629 3968 ποιεῖ
1655 3916 1786 3986 (55).
1820 3934 1837 3966 ›

345 4003 408 4054 El
437 4002 497 4054 τὺ
523 4002 862 4066 αὐτεξούσιον
887 4005 977 4058 τοῦ
1008 4003 1323 4067 ὑπεξουσίου
1354 4003 1576 4072 βέλτιον,
1609 4008 1634 4056 6
1663 4006 1718 4056 δὲ
1749 4005 1842 4057 άν-

273 4092 491 4162 θρωπος
520 4093 882 4158 αὑτεξούσιος,
913 4099 940 4147 ὁ
961 4097 1016 4148 δὲ
1042 4096 1165 4159 Υἱὸς
1189 4095 1282 4148 τοῦ
1317 4096 1451 4148 Θεοῦ
1509 4096 1841 4160 ὑπεξούσιος,

271 4187 303 4238 6
331 4185 615 4256 ἄνθρωπος
640 4186 731 4238 τοῦ
759 4186 885 4238 Υἱοῦ
914 4187 1159 4254 βελτίων·
1194 4190 1326 4258 ὅπερ
1349 4189 1563 4241 ἄτοπον.
1608 4190 1712 4240 Καὶ
1747 4189 1793 4239 εἰ
1817 4189 1845 4239 6

275 4278 594 4344 ὑπεξούσιος
631 4279 685 4332 δὲ
732 4280 1104 4343 αὑτεξουσίους
1142 4285 1310 4332 ποιεῖν
1340 4282 1398 4332 οὺ
1429 4281 1644 4333 δύναται
1671 4281 1718 4349 (ὃ
1740 4280 1844 4351 γὰρ

275 4366 439 4427 αὐτὸς
472 4367 569 4419 οὐκ
600 4369 730 4436 ἔχει,
758 4368 934 4431 ἄλλοις
956 4371 1018 4420 ἐκ
1042 4369 1408 4438 προαιρέσεως
1441 4370 1634 4422 διδόναι
1663 4371 1721 4422 οὐ
1754 4372 1842 4424 δύ-

275 4457 476 4525 ναται),
502 4461 529 4511 6
558 4461 764 4530 Σωτὴρ,
795 4460 1171 4525 αὐτεξουσίους
1201 4463 1431 4532 ποιήσας
1461 4464 1628 4532 ἡμᾶς,
1653 4463 1752 4516 οὐκ
1781 4465 1844 4517 ἂν

281 4549 596 4615 ὑπεξυύσιος
623 4554 705 4625 εἴη
735 4553 860 4608 τινί.

865 4823 967 4885 Εἰς
1000 4822 1064 4876 τὸ
1085 4825 1249 4876 αὐτό.

354 4911 416 4963 Εἰ
445 4913 608 4982 μηδὲν
641 4915 667 4966 6
705 4911 892 4983 Σωτὴρ
924 4914 1013 4982 ἀφ’
1035 4914 1225 4968 ἑαυτοῦ
1258 4916 1424 4968 ποιεῖν
1459 4917 1702 4986 ἠδύνατο.
1732 4919 1842 4972 ἀλλ’

283 5002 664 5068 ἐπιτάσσοντος
707 5004 800 5058 τοῦ
835 5006 1066 5076 Πατρὸς,
1101 5009 1218 5060 οὐδὲ
1248 5009 1466 5076 ἀγαθὸς,
1499 5011 1616 5063 οὐδὲ
1645 5013 1813 5074 κακός
1834 5047 1850 5063 .

283 5091 508 5154 οὐδενὸς
531 5093 637 5164 γὰρ
660 5094 766 5147 τῶν
789 5095 1092 5164 γενομένων
1116 5097 1301 5160 αἴτιος.
1328 5099 1435 5149 Καὶ
1468 5098 1582 5161 πῶς
1610 5100 1707 5151 οὐκ
1730 5099 1866 5151 ἄτο-’

284 5198 387 5234 πον
408 5183 721 5253 ἀνθρώπους
747 5187 842 5256 μὲν
863 5189 955 5239 καὶ
979 5186 1192 5254 ἀγαθῶν
1215 5190 1304 5240 καὶ
1329 5191 1512 5242 κακῶν
1534 5185 1672 5242 εἷναι
1697 5207 1851 5260 ποιη-

356 5317 401 5348 ⁹⁸
421 5314 874 5391 Maltltlvxvt.39.
948 5322 991 5353 ⁸⁸
1011 5321 1237 5391 Pltilipp.
1267 5336 1323 5385 tt,
1350 5323 1403 5377 8.

287 5385 484 5441 ’Joan.
521 5404 572 5453 ν,
597 5386 684 5441 2|.
763 5390 782 5420 ³
809 5391 938 5445 ibid.
971 5391 1056 5447 l9.

491 5523 668 5598 C_0dex
686 5524 855 5598 “Colb.
885 5524 1018 5582 εἶναι
1055 5529 1352 5598 βούλονται.

383 5593 469 5664 28)
505 5595 643 5670 Editi
682 5596 884 5670 ἔλεγεν,
909 5600 986 5651 ὅτι
1015 5593 1221 5670 Πατήρ.
1256 5602 1412 5654 Deest
1445 5616 1544 5654 vox
1573 5603 1653 5654 ὅτι
1696 5603 1746 5655 in
1779 5604 1845 5655 li-

288 5662 712 5744 bri.s_veteribus.
740 5662 892 5744 Haud
927 5671 1079 5740 longe
1117 5662 1240 5723 mss.
1273 5674 1377 5726 duo
1409 5673 1722 5744 κατηγόρει.
1746 5675 1846 5727 Alii

289 5734 664 5810 quidanrtnss.
689 5749 740 5791 et
762 5738 887 5810 editi
921 5734 1230 5810 κατῆγορεῖ,
1262 5753 1514 5796 accentus
1538 5734 1740 5796 Varius.

362 5804 472 5873 (‘29)
507 5806 644 5861 Edi'ti
689 5809 921 5877 ἐνόμισε.
961 5804 1178 5866 Veieres
1223 5822 1452 5880 quatuor
1495 5813 1616 5870 libri
1665 5815 1847 5885 ἐνόμι-

299 5867 399 5940 ζῖν.

1477 5323 1518 5352 ⁸⁷
1537 5322 1709 5377 Galat.
1745 5340 1780 5388 t,
1818 5327 1868 5380 4.

1937 1992 2136 2046 invitus
2168 1994 2330 2046 etiam
2357 1995 2708 2056 moriebatur,
2741 1992 2968 2061 nonjam
2995 1990 3497 2053 semethumilians,

1941 2086 2201 2138 obediens
2229 2084 2404 2138 lactus
2430 2095 2510 2137 est
2555 2084 2696 2136 Patri
2739 2098 2909 2152 usque
2937 2083 3002 2137 ad
3047 2091 3273 2135 mortem
3310 2081 3380 2142 ⁸³,
3404 2094 3498 2131 ne-

1935 2189 2038 2242 que
2073 2189 2129 2228 se
2161 2174 2271 2241 ipse
2307 2174 2545 2234 tradidit,
2581 2181 2636 2226 ut
2674 2174 2749 2227 ait
2781 2173 3064 2242 Apostolus
3092 2190 3103 2226 :
3136 2170 3240 2236 Qui
3265 2189 3316 2224 se
3349 2171 3490 2222 dedit

1933 2267 2157 2334 pretium
2195 2263 2561 2331 redemptionis
2587 2281 2679 2328 pro
2706 2265 2933 2333 peccatis
2963 2264 3152 2318 nostris
3175 2264 3218 2293 ⁸⁷
3248 2281 3260 2317 :
3296 2262 3378 2315 sin
3408 2276 3500 2312 an-

1937 2370 2041 2412 tem
2079 2358 2280 2422 volens,
2322 2358 2447 2428 quid
2512 2373 2645 2427 Opus
2692 2358 2865 2412 verbis
2913 2357 3055 2413 illis:
3096 2357 3277 2421 Pater,
3314 2355 3360 2408 si
3385 2353 3499 2422 ﬁeri

1937 2460 2128 2518 potest,
2167 2461 2395 2502 transeat
2437 2451 2578 2504 calix
2618 2453 2747 2504 iste?
2779 2451 2888 2504 lloc
2919 2452 3082 2519 igitur
3116 2450 3182 2503 de
3212 2450 3277 2503 iis
3308 2449 3397 2516 qui
3448 2447 3500 2498 in

1938 2539 2110 2607 ipsum
2144 2539 2686 2606 peccaturieranl,ut
2719 2556 2784 2594 ne
2813 2548 3122 2608 peccarent,
3157 2555 3263 2592 non
3300 2539 3366 2591 de
3389 2538 3504 2604 ipso

1939 2628 2313 2698 accipiendum
2347 2639 2430 2684 est
2459 2647 2473 2682 :
2529 2646 2627 2700 pro
2654 2631 2848 2700 quibus
2894 2631 3058 2684 etiam
3089 2628 3383 2683 erucilixus
3423 2628 3505 2677 (li-

1939 2722 2093 2774 cebat
2122 2737 2136 2775 :
2175 2721 2356 2786 Pater,
2389 2723 2590 2776 dimitte
2624 2724 2768 2790 ipsis,
2803 2725 2925 2792 quia
2954 2739 3054 2776 non
3082 2723 3248 2775 sciunt
3271 2721 3395 2789 quid
3420 2719 3505 2783 {n-

1939 2814 2080 2866 ciunt
2115 2814 2180 2870 9'.
2215 2814 2342 2878 Quw
2375 2814 2538 2883 igitur
2576 2815 2716 2867 dicta
2750 2824 2869 2867 sunt
2901 2815 3193 2869 secundum
3225 2813 3506 2880 dispensa-

1943 2908 2162 2969 tionem,
2185 2921 2244 2958 ea
2276 2908 2430 2974 quasi
2461 2907 2780 2976 simpliciter
2801 2909 2940 2959 dicta
2961 2916 3164 2970 essent,
3191 2905 3506 2972 accipienda

1941 3013 2044 3053 nan
2070 3009 2216 3053 sunt.

2086 3090 2151 3145 In
2184 3089 2336 3155 illud,
2367 3110 2386 3144 ‹
2427 3091 2491 3144 Et
2531 3109 2624 3160 ego
2659 3093 2771 3146 vivo
2807 3100 3018 3161 propter
3049 3091 3262 3145 Patrem
3298 3091 3396 3145 ⁸³.»

2015 3183 2071 3238 Si
2097 3193 2312 3254 propter
2335 3185 2546 3237 Patrem
2570 3184 2735 3236 Filius
2762 3183 2912 3247 vivit,
2945 3193 3160 3252 propter
3179 3183 3365 3245 alium,
3405 3197 3507 3234 non

1947 3287 2160 3346 propter
2183 3280 2415 3340 seipsmu
2451 3278 2601 3330 vivit.
2643 3274 2747 3329 Sed
2786 3277 2876 3344 qui
2917 3285 3132 3344 propter
3155 3277 3317 3329 alium
3353 3273 3506 3338 vivit,

1947 3371 2058 3437 ipse
2094 3385 2188 3438 per
2219 3384 2277 3422 se.
2310 3370 2414 3420 vita
2445 3383 2565 3422 esse
2607 3382 2709 3420 non
2741 3378 2937 3436 potest.
2973 3367 3080 3420 Nec
3107 3370 3247 3419 enim
3292 3367 3378 3433 qui
3417 3381 3510 3432 per

1945 3459 2171 3524 gratiam
2222 3469 2444 3511 sanctus
2493 3467 2596 3524 est,
2635 3474 2727 3527 per
2771 3473 2829 3512 se
2862 3471 3085 3511 sanctus
3117 3466 3218 3510 est.
3258 3456 3512 3510 Mentitus

1946 3549 2108 3618 igitur
2143 3558 2224 3600 est
2270 3548 2438 3600 Filius
2475 3559 2609 3611 tum,
2659 3563 2779 3600 cum
2820 3549 2996 3599 dixit:
3048 3546 3158 3613 Ego
3194 3563 3308 3599 sum
3334 3550 3436 3597 vita
3467 3545 3507 3608 ¹;

1943 3651 1997 3694 ει
2027 3656 2212 3694 rursus
2239 3658 2250 3692 :
2294 3638 2386 3692 Sic
2409 3651 2453 3692 et
2496 3638 2670 3696 Filius
2690 3656 2816 3709 quos
2849 3639 2952 3693 eult
2983 3639 3204 3706 vieiﬁcat
3242 3639 3281 3692 '.
3310 3637 3385 3692 De
3415 3638 3511 3691 ltu-

1947 3733 2204 3787 manitate
2249 3733 2432 3802 igitur,
2483 3746 2586 3785 non
2627 3735 2692 3787 de
2739 3733 2941 3785 deitate
2973 3733 3172 3786 dictum
3209 3731 3514 3803 intelligere

1944 3835 2176 3894 oportet.

2017 3916 2080 3969 In
2115 3917 2264 3980 illud,
2290 3936 2308 3967 ι
2345 3915 2522 3985 Neque
2542 3915 2711 3970 Filius
2735 3934 2765 3969 a
2801 3933 2852 3969 se
2880 3915 3010 3984 facit
3045 3915 3326 3983 quidquam
3355 3915 3432 3968 ³.ι

2018 4010 2073 4062 Si
2106 4012 2246 4078 quod
2281 4020 2364 4063 est
2395 4010 2476 4062 sui
2527 4010 2761 4072 arbitrii,
2796 4008 2990 4061 melius
3038 4019 3123 4061 est
3161 4023 3318 4077 quam
3368 4009 3512 4075 quod

1946 4107 2028 4152 est
2083 4099 2180 4150 sub
2231 4098 2458 4150 arbitrio
2492 4097 2671 4150 alieno
2704 4114 2716 4150 :
2777 4097 2936 4150 bomo
2964 4105 3140 4148 autem
3175 4096 3259 4149 sui
3297 4097 3512 4152 arbitrii

1946 4200 2050 4252 est,
2081 4186 2254 4240 Filius
2286 4202 2416 4241 vero
2463 4187 2552 4241 Dei
2584 4187 2684 4242 Sub
2725 4187 2900 4239 alieno
2933 4187 3180 4249 arbitrio,
3212 4187 3400 4241 melior
3428 4196 3511 4241 est

1950 4281 2109 4333 homo
2133 4280 2296 4334 Filio:
2321 4281 2461 4350 quod
2492 4281 2786 4334 absurdum
2819 4290 2916 4333 est.
2950 4281 3190 4349 Insuper,
3218 4282 3258 4332 si
3279 4279 3322 4333 is
3344 4279 3503 4348 29],

1947 4374 2036 4441 qui
2072 4374 2172 4427 sub
2221 4373 2399 4427 alieno
2432 4373 2659 4428 arbitrio
2686 4382 2788 4434 est,
2833 4371 3045 4426 edicere
3076 4387 3179 4425 non
3221 4381 3401 4439 potest
3455 4380 3513 4425 ut

1947 4466 2038 4518 alii
2077 4467 2181 4519 sint
2215 4466 2296 4519 sui
2327 4467 2536 4518 arbitrii
2566 4465 2712 4534 (nam
2739 4465 2882 4532 quod
2912 4465 3023 4532 ipse
3050 4480 3155 4517 non
3181 4466 3359 4527 habet,
3389 4465 3514 4518 aliis

1878 4568 1921 4624 ι)
1951 4567 2137 4623 suapte
2168 4556 2444 4608 voluntate
2475 4557 2724 4607 conlerre
2759 4570 2864 4606 non
2899 4555 3118 4623 petest),
3155 4554 3401 4608 Salvator
3423 4557 3510 4624 qui

1953 4648 2115 4701 ellicit
2138 4659 2194 4700 ut
2227 4665 2326 4703 nos
2365 4649 2519 4702 liberi
2548 4648 2759 4702 arbitrii
2798 4648 2989 4712 simus,
3023 4663 3363 4718 nequaquam
3394 4663 3516 4702 esse

1953 4749 2125 4805 potest
2155 4739 2251 4793 sub
2287 4739 2442 4793 ullius
2466 4739 2709 4796 arbitrio.

2607 4829 2672 4885 In
2708 4831 2864 4885 idem.

2027 4919 2082 4976 Si
2110 4921 2240 4976 nibil
2275 4921 2528 4977 Salvator
2557 4937 2586 4976 a
2616 4925 2793 4992 seipse
2811 4922 2992 4976 facere
3012 4929 3246 4992 poterat,
3281 4921 3376 4977 sed
3413 4921 3517 4974 im-

1955 5023 2175 5083 perante
2208 5014 2386 5078 Patre,
2428 5029 2526 5068 nec
2566 5017 2737 5069 bonus
2765 5023 2869 5079 est,
2909 5028 3008 5068 nec
3057 5013 3250 5067 malus.
3309 5011 3522 5066 Nullius

1953 5120 2094 5158 enim
2125 5120 2308 5159 eorum
2345 5121 2463 5174 qum
2496 5106 2633 5160 facta
2665 5115 2810 5169 sunt,
2840 5120 2998 5159 causa
3029 5113 3132 5159 est.
3159 5102 3225 5158 Et
3252 5105 3519 5172 quomodo

1954 5197 2242 5250 absurdum
2287 5214 2390 5250 non
2434 5197 2620 5261 fuerit,
2659 5197 2908 5251 homines
2945 5197 3162 5264 quidem
3211 5205 3264 5250 et
3293 5200 3428 5250 bona
3464 5206 3519 5250 et

1948 5330 1992 5362 ’3
2031 5332 2156 5387 Luc.
2198 5349 2353 5397 χχιιι,
2395 5334 2485 5388 54.
2562 5337 2604 5366 ’9
2637 5334 2790 5387 Joan.
2820 5349 2892 5398 vr,
2919 5333 3007 5387 58.
3087 5332 3102 5363 ³
3138 5331 3290 5386 Joan.
3331 5330 3518 5395 χι,25·.-

2044 5540 2129 5608 50)
2165 5541 2290 5602 Reg.
2317 5551 2537 5610 quartus
2559 5542 2650 5594 καὶ
2677 5541 2737 5592 οὺ
2764 5537 3201 5599 πεπιστευκότος.

2046 5612 2133 5673 51)
2162 5614 2377 5680 Antiqui
2412 5613 2516 5665 duo
2551 5613 2693 5674 libri,
2721 5610 2894 5678 ἑαυτῷ
2936 5611 3184 5676 παρεῖχε.

2047 5682 2134 5748 5:1)
2167 5684 2390 5737 (Lodices
2415 5683 2678 5744 nonnulli,
2706 5683 2906 5742 αὐτοῖς,
2933 5681 2991 5731 οὐ
3028 5680 3154 5746 γάρ.

2048 5753 2135 5809 .35)
2165 5753 2287 5815 lleg.
2338 5763 2580 5821 quartus,
2628 5753 2686 5804 οὐ
2718 5753 2934 5802 δύναται
2986 5753 3013 5801 6
3048 5749 3170 5821 Υἱὸς
3217 5751 3387 5803 ποιεῖν
3430 5749 3507 5819 ἀφ

1955 5821 2146 5874 ἑαυτοῦ
2182 5820 2533 5879 οὐδένξίλυιῖ).
2572 5822 2724 5874 οὐδὲν
2764 5825 2789 5874 6
2827 5822 2949 5883 Υἱὸς
2979 5820 3068 5889 ἀφ’
3112 5821 3301 5875 ἑαυτοῦ
3331 5823 3486 5875 ποιεῖ.

2021 5540 2037 5608 (

2022 5617 2038 5679 l

2025 5683 2039 5744 (

2025 5753 2040 5820 (
