4008 6452
557 360 660 414 699

1889 371 1952 425 S.
1995 373 2239 429 BASlLll
2277 375 2492 432 MAGNI

3687 402 3792 456 700

554 467 692 521 mala
744 468 915 523 libere
948 468 1147 533 facere,
1185 469 1380 524 Filium
1413 487 1562 540 vero,
1595 477 1684 546 qui
1716 477 1857 534 Deus
1893 492 1998 549 est,
2032 487 2083 541 ni

554 560 623 580 _..
659 560 714 580 ,ει
740 576 818 580 η-
864 559 894 580 ,κ
926 560 1076 580 _-__.

2189 487 2731 580 ητὰςλαὺτεξουσίιος,
2785 493 2872 548 τὴν
2905 499 2959 551 δὲ
2996 501 3141 566 Υἱδν,
3178 500 3309 556 Θεὸν
3359 503 3512 568 ὄντα,
3562 513 3795 580 μηδενὸς

548 560 626 616 nil
657 560 824 616 libere
861 559 1076 614 facere?

897 649 962 704 In
999 651 1155 717 illud,
1194 672 1214 705 ο
1253 651 1364 722 Ego
1385 672 1500 710 sum
1526 659 1641 713 vitis
1665 659 1706 712 ⁸.
1742 678 1760 710 ι

618 743 674 797 Si
712 742 984 808 Salvator,
1021 744 1295 814 inquiunt,
1331 748 1457 804 vitis
1491 761 1594 817 est,
1641 767 1738 806 nos
1772 768 1898 807 vero
1926 759 2114 823 palmi-

549 845 648 902 tes,
679 835 915 906 agricola
935 847 1116 894 autem
1141 836 1368 901 Pater“;
1401 857 1585 897 rursus
1618 845 1661 897 si
1697 847 1944 910 palmites
1970 851 2112 917 ejus-

544 926 665 982 dem
687 938 894 981 natura:
919 939 1065 990 sunt,
1092 928 1245 994 cujus
1270 929 1417 994 vilis,
1454 936 1578 988 vitis
1613 945 1792 989 autem
1822 954 1929 991 non
1962 942 2107 1007 ejus-

543 1028 663 1075 dem
695 1031 901 1075 naturae
923 1031 1028 1085 est,
1058 1020 1208 1086 cujus
1236 1023 1468 1090 agricola
1493 1043 1507 1085 :
1539 1027 1704 1081 Filius
1735 1030 1946 1098 quidem
1970 1035 2110 1098 ejus-

541 1113 661 1165 dem
696 1112 914 1180 quidem
953 1123 1034 1168 est
1069 1122 1295 1178 naturae,
1342 1117 1497 1184 cujus
1526 1134 1640 1181 nos,
1676 1136 1973 1191 sumusque
2009 1142 2108 1183 nos

543 1204 717 1272 ipsius
749 1221 872 1272 pars
901 1223 913 1258 :
949 1218 1050 1257 non
1081 1212 1261 1257 autem
1299 1205 1466 1262 Filius
1495 1210 1733 1276 ejusdem
1761 1223 1844 1266 est
1879 1228 2103 1282 naturae,

539 1295 694 1364 cujus
716 1296 896 1358 Pater,
921 1297 1012 1349 sed
1039 1295 1092 1348 in
1125 1297 1380 1353 omnibus
1404 1302 1630 1354 alienus.
1660 1301 1864 1367 Quibus
1883 1320 2108 1373 restion-

539 1389 784 1441 debimus
823 1398 1044 1442 vocatos
1071 1405 1168 1442 nos
1201 1403 1323 1444 esse
1357 1407 1461 1445 non
1496 1393 1711 1447 deitatis
1744 1393 1886 1448 illius
1908 1397 2102 1465 palmi-

538 1485 642 1539 tes,
687 1477 780 1530 sed
823 1479 1025 1542 carnis,
1067 1482 1362 1534 secundum
1413 1483 1754 1548 Apostolum,
1791 1485 1881 1554 qui
1918 1488 2099 1544 dixit:

539 1564 650 1620 Nos
682 1568 818 1619 enim
837 1585 1016 1620 sumus
1041 1585 1228 1635 corpus
1252 1571 1466 1635 Christi,
1487 1581 1534 1623 et
1565 1576 1791 1626 membra
1809 1591 1872 1628 ea:
1887 1588 2034 1644 parte
2051 1579 2099 1644 ⁶;

533 1669 587 1712 et
615 1676 829 1714 rursum
868 1677 882 1713 :
938 1659 1169 1714 Nescitis
1214 1664 1354 1730 quod
1398 1680 1620 1727 corpora
1651 1675 1820 1718 vestra
1869 1672 2100 1724 membra

533 1752 738 1807 Christi
761 1765 880 1807 sunt
906 1754 967 1807 ’ἵ
997 1765 1051 1810 et
1086 1756 1211 1810 alibi
1241 1771 1255 1809 :
1283 1756 1466 1821 Qualis
1493 1768 1752 1822 terrenus,
1782 1760 1912 1816 tales
1939 1764 2097 1816 etiam

2217 577 2335 629 κατ’
2359 579 2606 646 ἐξουσίαν
2634 577 2770 635 εἶναι
2799 589 3058 658 ποιητήν;

2488 673 2532 722 Ε
2539 674 2590 737 ὶς
2606 671 2693 738 τὸ,
2727 691 2746 724 ι
2786 672 2923 743 Ἐγώ
2944 680 3059 745 εἰμι
3089 684 3126 749 ἡ
3160 685 3441 754 ἄμπελος.
3476 704 3497 738 ι

2284 759 2345 809 Εἰ
2405 760 2664 831 ἄμπελος,
2713 767 2872 835 φασὶν
2915 768 3052 837 (54),
3092 776 3120 824 6
3166 778 3374 851 Σωτὴρ,
3423 781 3683 851 κλήματα
3732 787 3791 840 δὲ

2213 849 2399 948 ἡμεῖς1
2425 858 2664 948 γεωργὸς
2695 859 2748 912 δὲ
2779 863 2806 914 ὁ
2834 862 3020 933 Πατήρ
3041 879 3055 891 ’
3091 863 3159 915 τὰ
3184 867 3239 918 δὲ
3269 849 3544 942 κλήματα
3568 874 3787 948 ὁμοφυῆ

2214 937 2309 1036 μεν
2338 941 2402 1036 τῇ
2435 941 2679 1036 ὰμτιὲλῳ,
2713 951 2744 1019 ή
2773 950 2828 1001 δὲ
2853 950 3089 1020 ἄμπελος
3115 953 3212 1022 οὐχ
3235 937 3478 1032 ὁμοιριιὴς
3506 962 3586 1034 τῷ
3606 937 3790 1032 ἠγειυρί

2210 1031 2322 1122 Te:
2360 1031 2600 1102 ὁμοφυὴς
2633 1036 2731 1103 μὲν
2762 1042 2889 1109 ἡμῖν
2925 1043 2951 1093 6
2988 1042 3134 1104 Υἱὸς,
3170 1045 3261 1096 καὶ
3295 1049 3457 1117 μέρος
3484 1031 3649 1122 ἡμεῖς
3688 1031 3788 1106 αὖ-

2209 1119 2322 1180 τοῦ,
2370 1123 2467 1192 οὐχ
2523 1126 2764 1197 ὁμοφυὴς
2820 1133 2874 1185 δὲ
2924 1137 2951 1186 6
2986 1135 3108 1198 Υἱὸς
3137 1135 3214 1205 τῷ
3244 1137 3437 1208 Πατρὶ,
3477 1119 3616 1198 ἀλλὰ
3644 1147 3785 1200 κατὰ

2207 1211 2382 1311 πάντα
2427 1216 2720 1288 ἀλλότριος.
2756 1223 2896 1291 Πρὸς
2924 1228 3017 1290 οὓς
3047 1229 3276 1300 ἐροῦμεν
3314 1231 3373 1283 οὑ
3399 1232 3496 1300 τῆς
3527 1237 3786 1311 θεότητος

2206 1305 2390 1370 αὑτοῦ,
2452 1309 2596 1403 auat
2640 1313 2737 1382 τῆς
2796 1319 2996 1386 σαρκὸς
3051 1324 3328 1394 εἰρηκέναι
3368 1325 3517 1396 ἡμᾶς
3568 1305 3784 1403 κλήμα-

2203 1415 2290 1461 τα,
2354 1400 2495 1453 κατὰ
2553 1401 2644 1456 τὸν
2715 1405 3031 1464 Ἀπόστολον
3097 1415 3186 1468 τὸν
3249 1418 3503 1470 εἰπόνταθ
3579 1400 3779 1490 Ἠέιεῖς

2206 1490 2311 1560 γάρ
2363 1491 2549 1559 ἐσμεν
2583 1495 2692 1563 (55)
2727 1494 2897 1564 σῶμα
2925 1502 3204 1569 Χριστοῦ,
3245 1509 3342 1561 καὶ
3373 1509 3530 1577 μέλη
3567 1509 3640 1562 ἐκ
3672 1519 3779 1580 μέ-

2194 1601 2342 1651 ρους
2360 1597 2374 1612 ⁶
2404 1585 2495 1635 καὶ
2526 1586 2715 1639 πάλιν·
2756 1590 2875 1642 Οὐκ
2906 1592 3123 1659 οῑδατε,
3142 1596 3228 1650 ὅτι
3254 1598 3584 1670 τὰσώματα
3611 1603 3782 1671 ὑμῶν

2193 1674 2350 1764 μέλη
2383 1677 2640 1742 Χριστοῦ
2668 1681 2834 1742 ἐστι;
2867 1684 2959 1735 καὶ
2987 1686 3044 1738 ἐν
3075 1688 3286 1753 ἄλλοις*
3316 1690 3450 1758 Οἶος
3479 1698 3512 1748 ὁ
3543 1696 3778 1764 χοϊκός,

2199 1763 2448 1818 τοιοῦτοι
2503 1769 2600 1823 καὶ
2633 1774 2687 1824 οἱ
2732 1777 2953 1841 χοϊκοί·
3007 1778 3106 1831 καὶ
3145 1776 3269 1846 οἶος
3317 1784 3351 1835 ό
3395 1763 3779 1854 ἐπουράνιος.

531 1846 723 1900 terreni
756 1862 774 1898 :
830 1857 878 1900 et
923 1849 1095 1918 qualis
1127 1849 1369 1907 caelestis.
1413 1851 1543 1903 tales
1578 1851 1738 1904 etiam
1768 1854 1994 1908 caelestes
2024 1857 2044 1885 ⁸
2078 1873 2083 1919 ;

2198 1857 2449 1910 τοιοῦτοι
2491 1861 2589 1914 καὶ
2625 1862 3071 1932 οὶὲποιιοάνιοιο
3109 1872 3221 1935 καὶ,
3259 1871 3459 1938 Καθὼς
3484 1846 3782 1945 ἐεοορέσαέ

530 1946 583 1992 et
609 1957 622 1992 :
665 1938 814 1993 Sicut
841 1944 1162 2010 portavimus
1197 1943 1477 2010 imaginem
1504 1946 1715 2012 terreni,
1764 1958 2027 2013 portemus
2050 1959 2095 1999 ct

527 2032 810 2102 imaginem
865 2034 1080 2088 ctelestis
1116 2034 1157 2087 ’.
1211 2033 1268 2086 Si
1327 2034 1427 2088 viri
1480 2047 1641 2106 caput
1688 2047 1771 2092 est
1816 2039 2095 2103 Christus,

526 2125 728 2180 Christi
765 2138 946 2182 autem
1000 2134 1162 2195 caput
1202 2125 1345 2183 Deus
1394 2129 1464 2194 ¹⁰,
1492 2130 1653 2184 homo
1678 2145 1806 2184 vero
1837 2145 1940 2183 non
1967 2144 2096 2184 con-

527 2219 904 2272 substantialis
939 2218 1046 2272 Deo
1091 2218 1309 2273 Christo
1361 2221 1515 2288 (non
1568 2222 1711 2272 enim
1757 2220 1898 2274 Deus
1925 2224 2050 2289 est)
2079 2262 2092 2281 ,

524 2310 776 2364 Christus
828 2325 956 2364 vero
1002 2310 1475 2364 consubstantialis
1531 2311 1639 2365 Deo
1688 2313 1853 2379 (Deus
1882 2313 2091 2380 enim),

526 2420 631 2459 non
670 2405 835 2474 igitur
861 2414 918 2457 ut
959 2405 1058 2458 viri
1110 2415 1273 2474 caput
1301 2415 1383 2458 est
1414 2403 1669 2458 Christus
1705 2421 1720 2468 ;
1771 2406 1850 2460 sic
1907 2406 2046 2462 Deus
2076 2449 2088 2470 ,

523 2495 752 2552 Christi.
791 2497 926 2551 Nam
955 2505 1220 2552 creaturze
1253 2507 1444 2551 natura
1472 2506 1524 2551 et
1554 2498 1789 2552 creatrix
1835 2499 2008 2554 deitas
2040 2502 2091 2554 in

523 2607 690 2644 unum
721 2600 774 2644 et
803 2592 943 2644 idem
984 2607 1088 2645 non
1116 2590 1460 2644 conveniunt.
1488 2587 1723 2643 Proinde
1746 2589 1835 2645 ille
1868 2593 2090 2663 quidem

523 2691 583 2734 ut
613 2681 793 2746 Pater,
824 2691 1088 2750 caputest
1114 2681 1312 2734 Christi
1341 2697 1354 2743 ;
1395 2681 1480 2732 hic
1514 2695 1642 2734 vero
1669 2690 1726 2732 ut
1759 2679 1956 2744 factor,
1993 2699 2092 2736 no-

521 2779 714 2827 strum.
748 2771 802 2824 Si
836 2772 1084 2825 voluntas
1119 2771 1292 2823 Patris
1320 2781 1424 2832 eSt,
1456 2781 1512 2821 ut
1539 2785 1638 2823 nos
1671 2770 1721 2823 in
1753 2771 1867 2840 ejus
1895 2772 2088 2826 Filium

521 2861 808 2916 credamus
853 2859 1008 2929 (Htec
1043 2870 1117 2914 est
1141 2861 1277 2912 enim
1305 2859 1541 2913 voluntas
1566 2859 1677 2927 ejus
1701 2862 1790 2928 qui
1818 2877 1898 2914 me
1923 2864 2086 2928 misit,

519 2963 576 3006 ut
618 2954 784 3007 omnis
802 2954 889 3020 qui
920 2954 1053 3005 videt
1082 2950 1307 3014 Filium,
1338 2962 1383 3005 et
1415 2954 1576 3005 credit
1600 2953 1653 3004 iu
1681 2953 1872 3019 ipsum,
1902 2955 2088 3006 habeat

521 3048 681 3100 vitam
729 3056 980 3099 a'ternam
1013 3043 1101 3117 “),
1138 3061 1245 3098 non
1278 3056 1454 3099 tamen
1495 3055 1579 3100 est
1609 3060 1673 3100 ex
1696 3047 1968 3101 voluntate
1998 3046 2086 3101 Fi-

524 3138 630 3192 lius
658 3153 673 3189 :
705 3137 904 3206 quippe
937 3146 1122 3189 nostra
1153 3137 1204 3188 iu
1235 3137 1409 3204 ipsum
1441 3135 1575 3190 ﬁdes
1620 3146 1713 3190 aut
1756 3152 1878 3192 cum
1929 3138 2042 3207 ipso
2071 3178 2086 3203 ,

520 3239 613 3286 aut
651 3239 777 3283 ante
807 3229 980 3297 ipsum
1017 3230 1310 3283 invenitur.

870 3322 937 3373 In
973 3321 1126 3383 illud,
1163 3337 1181 3370 ι
1217 3319 1384 3372 Nemo
1417 3321 1580 3374 bonus
1608 3321 1671 3371 “.
1710 3337 1729 3370 ι

586 3413 644 3468 Si
679 3413 929 3466 Salvator
957 3413 1127 3464 bonus
1155 3425 1261 3462 non
1291 3418 1392 3474 est,
1423 3410 1732 3464 necessario
1756 3408 1925 3463 malus
1957 3420 2038 3464 est
2065 3429 2078 3464 :

516 3505 743 3575 simplex
770 3518 1001 3571 namque
1031 3510 1133 3565 est,
1170 3516 1268 3555 nec
1317 3503 1607 3572 quidquam
1658 3517 1842 3555 eorum
1872 3517 1990 3570 quae
2026 3503 2079 3556 in

519 3597 696 3652 medio
732 3605 879 3656 sunt,
919 3594 1173 3647 admittit.
1225 3592 1289 3646 Et
1317 3595 1586 3662 quomodo
1619 3594 1911 3647 absurdum
1972 3609 2077 3648 non

518 3688 696 3750 fuerit,
734 3688 999 3742 bonorqu
1029 3685 1286 3738 faetorem
1311 3685 1507 3737 malum
1530 3685 1690 3740 esse?
1723 3684 1876 3748 Item,
1905 3686 1948 3738 si
1972 3686 2078 3739 vita

513 3781 711 3834 bonum
753 3787 855 3842 est,
887 3779 1049 3832 verba
1090 3793 1222 3832 vero
1260 3776 1380 3831 Filii
1425 3779 1531 3830 vita
1565 3786 1710 3841 sunt,
1755 3787 1814 3829 ut
1841 3777 1954 3846 ipse
1995 3778 2079 3830 di-

515 3872 634 3925 xit:
675 3869 846 3924 Verba
879 3887 995 3940 qua:
1036 3869 1241 3923 locutus
1277 3886 1392 3923 sum
1417 3869 1582 3931 vobis,
1617 3870 1840 3938 spiritus
1884 3878 2001 3921 sunt
2031 3877 2077 3920 et

512 3967 616 4016 vita
640 3965 682 3994 ”
704 3979 719 4029 ;
744 3964 1015 4032 quomodo
1042 3978 1164 4016 cum
1194 3977 1258 4015 ex
1298 3960 1572 4014 Pharisaeo
1613 3960 1926 4025 audivisset,
1959 3959 2078 4013 Ma-

511 4056 670 4122 gister
716 4053 845 4106 bone
873 4093 888 4116 ,
941 4054 1236 4120 respondet
1272 4070 1286 4107 :
1322 4051 1518 4104 Nullus
1575 4051 1738 4104 bonus
1795 4053 1897 4105 nisi
1942 4067 2076 4103 unus

512 4144 690 4198 Deus?
717 4143 834 4196 Non
868 4144 1010 4197 enim
1045 4160 1166 4196 cum
1201 4146 1440 4198 audisset
1472 4144 1643 4198 solum
1691 4145 1852 4199 bonus
1873 4185 1888 4207 ,
1918 4145 2071 4208 dixit,

556 4351 578 4383 ‘
609 4349 764 4405 Joan.
800 4367 889 4422 xiv,
919 4351 968 4404 l.
1007 4351 1028 4381 ⁵
1050 4349 1255 4422 ibid.l,
1281 4349 1338 4422 5.
1391 4347 1482 4422 χι
1516 4349 1638 4403 Cor.
1667 4365 1763 4422 xli,
1792 4349 1882 4422 27.
1927 4353 1979 4422 _’
2011 4351 2028 4403 Ι
2068 4352 2083 4406 t

2189 4397 2190 4403 η
2223 4371 2294 4415 vi,
2335 4354 2421 4410 15.
2497 4357 2518 4387 ⁸
2548 4356 2565 4409 l
2593 4358 2720 4414 Cor.
2772 4375 2839 4412 xv
2868 4397 2882 4422 ,
2930 4358 3019 4414 49.

2195 1967 2312 2017 μεν
2356 1952 2470 2018 τὴν
2494 1956 2698 2010 εἰκόνα
2737 1956 2842 2009 τοῦ
2877 1962 3110 2026 χοϊκοῦ,
3158 1963 3505 2033 φορέσωμεν
3537 1969 3636 2022 καὶ
3665 1968 3782 2036 τὴν

2198 2045 2402 2096 εἰκόνα
2438 2048 2544 2100 τοῦ
2581 2048 2957 2116 ἐποιιρανίου.
3000 2052 3062 2104 El
3104 2056 3292 2128 ἀνδρὸς
3329 2057 3537 2128 κεφαλὴ
3588 2061 3617 2111 6
3647 2062 3782 2130 Χρι-

2200 2133 2340 2196 στὸς,
2384 2137 2618 2207 Χριστοῦ
2670 2139 2725 2192 δὲ
2765 2141 2972 2211 κεφαλὴ
3024 2145 3051 2194 6
3097 2145 3249 2210 Θεὸς,
3280 2148 3560 2219 ἄνθρωπος
3601 2150 3660 2202 δὲ
3700 2151 3780 2222 τῷ

2197 2225 2314 2293 Θεῷ
2345 2228 2566 2298 Χριστῷ
2591 2229 2700 2299 (56)
2736 2232 2832 2300 οὐχ
2859 2232 3142 2300 ὀμοούσιος
3173 2238 3254 2306 (οὐ
3292 2238 3396 2308 γὰρ
3425 2236 3604 2307 Θεὸς),
3641 2241 3779 2310 Χρι-

2197 2319 2318 2381 στὸς
2347 2319 2402 2372 δὲ
2425 2320 2541 2390 Θεῷ
2569 2324 2852 2392 ὁμοούσιος
2870 2325 3021 2388 (Θεὸς
3047 2329 3175 2399 γάρ)
3200 2346 3213 2362 ·
3243 2333 3342 2384 οὐκ
3357 2333 3464 2402 ἄρα
3485 2331 3560 2394 ὡς
3585 2332 3781 2403 ἀνδρὸς

2196 2409 2400 2481 κεφαλὴ
2430 2413 2679 2484 Χριστὸς.
2709 2414 2847 2466 οὕτω
2874 2415 3004 2479 Θεὸς
3030 2419 3285 2485 Χριστοῦ.
3323 2424 3387 2475 Ἦ
3415 2424 3522 2492 γὰρ
3544 2424 3780 2486 κτίσεως

2196 2503 2352 2571 φύσις
2385 2503 2480 2555 καὶ
2520 2506 2551 2574 ἡ
2583 2505 2828 2576 κτιστικὴ
2857 2505 3045 2579 θεότης
3083 2512 3194 2579 (57)
3236 2515 3314 2576 εἰς
3347 2514 3404 2565 ἓν
3445 2518 3537 2568 καὶ
3575 2517 3779 2569 ταύτὸν

2193 2595 2252 2646 οὐ
2295 2593 2697 2665 συμϐαίνουσιν.
2746 2596 2952 2650 Οὐκοῦν
2995 2601 3022 2650 6
3067 2601 3163 2668 μὲν
3197 2602 3272 2662 ὡς
3323 2604 3516 2674 Πατὴρ
3560 2607 3776 2675 κεφαλὴ

2192 2686 2448 2757 Χριστοῦ,
2490 2689 2518 2740 6
2556 2688 2611 2742 δὲ
2640 2689 2715 2752 ὼς
2747 2689 2997 2759 ποιητὴς,
3033 2690 3207 2760 ἡμῶν.
3252 2693 3313 2744 Εἰ
3339 2694 3400 2746 τὸ
3431 2695 3646 2766 θέλημα
3678 2698 3776 2752 τοῦ

2193 2778 2400 2847 Πατρός
2441 2781 2552 2833 ἐστι
2595 2781 2656 2833 τὸ
2697 2788 2971 2834 πιστεύειν
3003 2783 3152 2852 ἡμᾶς
3201 2785 3280 2846 εἰς
3318 2783 3410 2836 τὸν
3447 2785 3575 2839 Υἱὺν
3605 2787 3774 2840 αὑτοῦ

2191 2868 2395 2934 (Τοῦτο
2422 2871 2529 2938 γάρ
2550 2873 2678 2925 ἐστι
2707 2874 2772 2926 τὸ
2797 2875 3021 2942 θέλημα
3046 2875 3152 2929 τοῦ
3183 2875 3532 2946 πέμψαντός
3542 2896 3642 2948 με,
3673 2883 3782 2936 ἵνα

2189 2959 2306 3024 πᾶς
2337 2964 2368 3013 ὀ
2393 2962 2622 3030 θεωρῶν
2645 2966 2749 3017 τὸν
2788 2968 2944 3031 fter,
2975 2967 3073 3022 καὶ
3104 2971 3406 3024 πιστεύων
3439 2973 3526 3037 εὶς
3558 2973 3772 3036 αὐτὸν,

2188 3049 2296 3117 ἔχῃ
2338 3048 2490 3118 ζωὴν
2530 3050 2809 3118 αἰώνιον),
2843 3055 2942 3107 οὐκ
2973 3058 3035 3108 ἐκ
3069 3057 3376 3127 θελήματος
3410 3064 3438 3113 6
3466 3062 3596 3125 Υἱός
3621 3063 3769 3131 (58)·

2190 3139 2310 3192 ἐπεὶ
2335 3139 2394 3192 τὸ
2423 3140 2696 3194 πιστεύειν
2723 3144 2872 3213 ἡμᾶς
2898 3147 2976 3206 εἰς
3001 3145 3160 3198 αὑτὸν
3189 3147 3221 3216 ἦ
3252 3149 3348 3200 σὺν
3383 3151 3551 3220 αὐτῷ,
3596 3155 3630 3223 ἢ
3662 3155 3773 3224 πρὸ

2117 3237 2160 3292 C
2192 3231 2376 3296 αὑτοῦ,
2411 3234 2467 3284 εὑ
2479 3235 2742 3304 ρίσκεται.

2538 3328 2641 3392 Εἰς
2680 3327 2767 3391 τὸ,
2808 3346 2828 3378 ι
2871 3329 3078 3396 Οὐδεὶς
3106 3332 3343 3399 ἀγαθός.
3389 3352 3408 3384 ι

2260 3415 2321 3466 Εἰ
2387 3417 2460 3486 μὴ
2502 3417 2698 3484 ἀγαθὸς,
2741 3422 2769 3471 6
2798 3420 3003 3491 Σωτὴρ,
3052 3423 3262 3495 ἀνάγκῃ
3306 3425 3502 3488 κακός·
3561 3427 3774 3494 ἁπλοῦς

2187 3505 2318 3577 γὰρ,
2350 3509 2443 3561 καὶ
2478 3509 2578 3562 οὐκ
2607 3511 2953 3582 ἐνδεχόμενός
2980 3514 3091 3586 (59)
3126 3533 3176 3568 τι
3217 3518 3324 3568 τῶν
3356 3519 3414 3569 ἐν
3449 3517 3618 3589 μέσῳ.
3657 3521 3772 3576 Καὶ

2187 3595 2304 3659 πῶς
2335 3597 2434 3650 οὐκ
2473 3598 2671 3654 ἄτοπον
2700 3601 2790 3654 τὸν
2824 3602 2930 3656 τῶν
2964 3606 3184 3672 ἀγαθῶν
3216 3607 3446 3678 ποιητὴν
3485 3610 3656 3663 κακὸν
3689 3609 3771 3665 εἴ·

2186 3707 2271 3741 ναι
2297 3706 2310 3754 ;
2338 3690 2429 3744 καὶ
2461 3692 2508 3743 εἰ
2525 3693 2557 3762 ἡ
2577 3692 2686 3763 ζωὴ
2721 3693 2940 3761 ἀγαθὸν,
2960 3697 3027 3749 τὰ
3053 3697 3110 3749 δὲ
3139 3698 3358 3767 ῥήματα
3374 3701 3466 3752 τοῦ
3497 3700 3629 3754 Υἱοῦ
3650 3702 3766 3776 ζωή

2181 3781 2328 3834 ἐστιν
2363 3780 2496 3854 (40),
2526 3784 2600 3847 ὼς
2630 3786 2791 3849 αὐτὸς
2819 3782 2939 3840 εἶπε
2959 3804 2973 3818 ·
3015 3790 3090 3842 Τὰ
3107 3787 3365 3858 ῥήματα,
3390 3791 3428 3844 ἆ
3449 3794 3768 3861 λελάληκα

2179 3874 2341 3942 ὑμῖν,
2373 3877 2608 3947 πνεῦμά
2653 3879 2784 3933 ἐστι
2846 3880 2944 3934 καὶ
2993 3880 3104 3948 ζωή
3144 3883 3307 3937 ἐστι·
3361 3885 3496 3950 πῶς,
3562 3888 3767 3957 Ἀταθὲ

2178 3964 2527 4034 διδάσκαλε,
2563 3971 2808 4035 ἀκούσας
2853 3973 3001 4043 παρὰ
3040 3973 3132 4026 τοῦ
3166 3976 3478 4046 Φαρισαίου,
3526 3978 3759 4043 Οὐδεὶς,

2179 4059 2361 4128 φησὶν,
2386 4062 2605 4128 ἀγαθὸς
2630 4065 2680 4115 εὶ
2700 4062 2786 4130 μὴ
2817 4059 2904 4129 εἷς
2935 4067 2969 4117 ὁ
2997 4067 3140 4130 Θεός
3168 4066 3312 4135 (41);
3360 4067 3434 4118 Οὐ
3474 4067 3584 4135 γὰρ
3613 4068 3759 4135 ἀγη-

2177 4148 2280 4212 θὸς
2311 4148 2545 4212 ἀκούσας
2573 4152 2750 4219 μόνον,
2783 4147 2952 4215 εἶπεν,
2981 4154 3190 4218 Οὐδεὶς
3211 4154 3449 4222 ἀγαθὸς,
3484 4153 3641 4219 ἀλλὰ,
3672 4155 3760 4207 δι-

3154 4373 3283 4417 ιοιο.
3325 4359 3416 4414 48.
3496 4363 3540 4393 ¹⁰
3572 4362 3591 4415 l
3619 4363 3749 4420 Csr.

509 4438 586 4486 xr,
615 4423 668 4477 5.
748 4422 788 4453 ³⁸
820 4421 974 4476 Joan.
1013 4435 1089 4484 vi,
1127 4419 1220 4473 40.
1301 4420 1343 4450 ²¹
1390 4418 1554 4474 Marc.
1585 4435 1641 4482 ι,
1678 4419 1768 4473 18.
1847 4421 1890 4452 ⁸³
1920 4419 2076 4475 Joan.
2104 4438 2177 4487 vr,
2208 4424 2296 4479 64.

576 4537 686 4605 (54)
738 4535 877 4590 Editi
925 4535 1109 4605 φησίν.
1159 4533 1229 4587 At
1281 4548 1410 4588 mss.
1462 4542 1572 4588 tres
1623 4533 1807 4605 φασίν,
1863 4533 2063 4605 Ibidem

507 4603 675 4662 iidem
702 4617 811 4660 tres
841 4603 972 4664 mss.
990 4603 1243 4675 γεωργὸς
1268 4605 1324 4658 δὲ
1351 4607 1378 4657 ὁ
1400 4605 1615 4675 Πατήρ.
1650 4604 1845 4659 Vocula
1883 4603 1940 4656 δέ
1973 4604 2066 4658 ab-

505 4687 623 4730 erat
652 4692 683 4730 a
714 4677 959 4746 vulgatis.

578 4746 689 4818 (55)
727 4747 1108 4818 lleg._quartus
1130 4747 1291 4818 ἡμεῖς
1317 4747 1375 4799 δέ
1398 4747 1582 4818 ἔσμεν,

601 4752 666 4802 55
727 4752 858 4815 lleg.
885 4758 1108 4814 quartus
1130 4752 1291 4818 ἡμεῖς
1317 4752 1375 4799 δέ
1398 4752 1582 4815 ἔσμεν.

599 4752 689 4892 56)
715 4816 1085 4892 ΪοΧ-Χριστῷ
1126 4820 1276 4892 deest
1313 4818 1364 4892 i_n
1401 4817 1666 4892 aliquibus
1690 4816 1988 4892 codicibus.

576 4819 688 4958 (56)
715 4819 832 4871 Vox
864 4819 1085 4888 Χριστῷ
1126 4820 1276 4871 deest
1313 4819 1364 4870 in
1401 4819 1666 4884 aliquibus
1699 4819 1988 4873 codicibus.

600 4891 688 4956 57)
717 4888 856 4941 Editi
887 4890 979 4942 καὶ
1011 4892 1044 4959 ἠ
1086 4887 1279 4956 κτιστὴ
1323 4887 1532 4956 θεότης.
1583 4889 1796 4959 Antiqui
1830 4888 2067 4959 quinque

501 4955 623 5013 iibri
663 4960 809 5026 Regii
843 4961 938 5011 καὶ
988 4955 1344 5029 ήᾞκτιστὸς,
1375 4955 1542 5010 deitas
1603 4955 1861 5029 increata.
1908 4955 2061 5013 Colb.

503 5033 595 5082 καὶ
622 5033 654 5100 ἠ
682 5029 931 5100 κτιστικὴ
963 5028 1178 5100 θεότης,
1209 5031 1378 5080 deitas
1422 5028 1668 5100 creatrix.
1701 5028 1830 5098 Reg.
1881 5030 2068 5100 tertius

501 5102 595 5152 καὶ
686 5098 879 5170 νκτιστὴ
912 5097 1122 5170 θεότης,
1159 5113 1254 5170 pro
1293 5100 1562 5170 κτιστική.
1595 5097 1800 5152 Ibidem
1837 5098 1961 5152 editi
2002 5097 2062 5150 οὐ

502 5167 912 5240 συμϐάλλουσιν.
944 5171 1011 5221 At
1038 5167 1252 5240 ἡιεεζοὺ
1283 5167 1684 5226 συμϐαίνουσιν.

571 5237 682 5310 (58)
707 5241 856 5302 Illud,
887 5241 985 5290 οὐκ
1019 5239 1432 5310 ἐκγθελήματος,
1472 5250 1600 5310 etc.,
1642 5240 1706 5292 ad
1731 5239 1948 5310 verbum
1984 5237 2064 5310 sic

499 5307 838 5378 interpretari
877 5311 1034 5363 licet:
1075 5309 1197 5362 Non
1236 5319 1400 5361 estea:
1426 5309 1693 5362 voluntate
1721 5307 1894 5360 Filius
1926 5323 1944 5360 :
1992 5309 2065 5361 si-

498 5381 704 5449 quidem
738 5382 943 5432 credere
974 5382 1029 5432 in
1067 5381 1265 5445 ipsum,
1313 5378 1385 5431 vel
1420 5395 1534 5430 cum
1568 5378 1700 5443 ipsa,
1729 5378 1806 5430 vel
1829 5389 1948 5430 ante
1985 5380 2064 5446 ip-

500 5468 613 5502 sum
640 5451 901 5503 invenitur
927 5465 944 5502 :
971 5465 1089 5520 quae
1114 5452 1275 5502 verba
1315 5464 1474 5520 quam
1520 5458 1697 5515 aptam
1736 5450 2058 5520 sententiam

499 5520 709 5573 efficere
736 5522 962 5589 possint,
990 5518 1133 5573 alius
1159 5521 1372 5573 viderit.
1406 5518 1662 5583 Suspicor
1688 5530 1863 5569 tamen
1906 5518 2061 5572 intel-

498 5591 587 5658 ligi
616 5593 693 5644 sic.
722 5605 874 5656 posse
905 5609 916 5644 :
955 5590 1270 5656 Quanquam
1306 5590 1552 5640 voluntas
1581 5589 1752 5640 l’atris
1788 5598 1891 5648 est,
1920 5599 1977 5639 ut
2009 5589 2058 5640 in

496 5659 692 5712 Filium
738 5663 1040 5716 credamus.
1084 5675 1186 5712 non
1235 5667 1410 5710 tamen
1464 5672 1745 5726 prepterea
1793 5658 2057 5724 sequitur,

497 5729 688 5782 Filium
717 5745 781 5783 ex
816 5731 1084 5784 voluntate
1112 5744 1252 5782 esse.
1286 5728 1414 5780 Nam
1450 5739 1670 5781 credere
1715 5742 1810 5780 nos
1844 5737 2058 5794 oportet

493 5799 550 5854 in
573 5797 786 5864 Filium,
821 5813 876 5855 ut
909 5801 1138 5867 primum
1173 5799 1227 5853 in
1259 5801 1398 5854 hunc
1442 5801 1699 5852 mundum
1741 5797 1923 5862 venit,
1953 5800 2056 5851 imo

2100 4548 2461 4617 Dantequam
2521 4544 2687 4617 etiam
2755 4551 3000 4617 naturam
3046 4546 3344 4617 humanam
3401 4563 3747 4617 assumeret,

2172 4626 2291 4663 cum
2326 4613 2649 4680 patriarchae
2691 4623 2745 4668 et
2785 4612 2950 4668 Judaei
2978 4615 3141 4683 prisci
3172 4618 3238 4671 ad
3276 4619 3506 4674 salutem
3551 4612 3748 4674 conse;

2169 4684 2431 4746 quendam
2482 4683 2532 4736 in
2574 4683 2844 4737 Christum
2899 4695 3182 4740 venturum
3245 4691 3466 4743 credere
3519 4705 3748 4744 necesse

2169 4751 2476 4822 habuerint.
2512 4751 2695 4822 Itaque
2724 4769 2845 4806 cum
2891 4753 3181 4809 debeamus
3207 4759 3516 4813 necessario
3546 4763 3743 4814 crede-

2167 4820 2312 4894 [e__in
2339 4821 2530 4876 Filium
2566 4820 2710 4876 omni
2745 4831 2902 4878 :rtate
2931 4833 2985 4878 et
3009 4833 3285 4894 tempore;
3318 4828 3445 4882 hinc
3491 4827 3744 4891 ellicitur,

2165 4889 2362 4943 Filium
2381 4906 2511 4966 esse
2538 4903 2766 4966 natura,
2799 4908 2904 4966 non
2937 4889 3216 4966 voluntate
3238 4937 3253 4960 ,
3276 4889 3455 4965 neque
3482 4889 3737 4966 adoptio?

2165 4975 2254 5016 ne.
2374 4961 2429 5014 Si
2465 4964 2701 5016 uoluntas
2727 4973 2802 5016 est
2838 4961 3035 5026 Patris,
3057 4974 3122 5017 ἰιι
3155 4982 3262 5034 nos,
3288 4967 3341 5019 in
3367 4961 3500 5034 iejus
3535 4966 3584 5018 F
3588 4961 3740 5020 ilium

2164 5034 2508 5105 credamus...
2542 5045 2758 5105 nonest
2802 5048 2866 5085 ex
2923 5034 3184 5087 voluntate
3222 5033 3372 5097 Filii,
3410 5033 3600 5105 quippe
3645 5056 3739 5089 no-

2163 5112 2272 5153 stra
2305 5104 2357 5154 in
2390 5105 2558 5173 ipsum
2588 5103 2715 5171 ﬁdes
2748 5113 2836 5155 aut
2874 5119 2990 5154 cum
3021 5105 3133 5171 ipso
3163 5112 3254 5157 aut
3285 5116 3405 5159 ante
3424 5103 3607 5173 ipsum
3656 5108 3741 5158 in-

2162 5172 2387 5224 venitur.
2423 5171 2648 5225 Subtilis
2676 5174 2792 5226 haec
2819 5174 3158 5226 ratiocinatio
3199 5171 3503 5228 illustratur
3540 5190 3605 5228 ex
3634 5176 3739 5229 alia

2162 5241 2347 5307 simili,
2371 5257 2488 5308 qua:
2526 5247 2808 5313 reperitur,
2835 5259 2886 5310 p.
2921 5242 3056 5313 f2*88:
3089 5241 3142 5294 Si
3170 5244 3299 5309 ﬁdes
3321 5245 3373 5295 in
3404 5243 3609 5298 Filium
3640 5264 3737 5298 no-

2163 5321 2272 5382 stra
2304 5328 2431 5379 Opus
2473 5322 2548 5365 est
2586 5311 2752 5366 Dei...
2786 5315 2894 5378 ipse
2937 5311 3032 5364 Dei
3071 5328 3197 5376 Opus
3237 5329 3348 5382 esse
3390 5331 3494 5367 non
3544 5327 3735 5382 potest.

2164 5380 2303 5434 Nam
2331 5382 2460 5448 ﬁdes
2494 5383 2546 5434 in
2576 5385 2743 5449 ipsum
2768 5393 2816 5435 et
2845 5382 2951 5450 ipse
2982 5397 3081 5432 non
3109 5384 3265 5436 idem.
3280 5381 3489 5436 Mum.
3508 5380 3739 5439 4—Yetc-

2163 5451 2486 5522 resipialiquot
2529 5452 2647 5505 libri
2677 5454 2776 5504 οὐκ
2797 5453 2859 5522 ὲκ
2881 5450 3180 5520 θελήματος
3200 5453 3277 5507 δέ..

2231 5521 2340 5591 (59)
2377 5521 2513 5575 Editi
2547 5525 2643 5574 οὐκ
2677 5521 3044 5591 ἐκδεχόμενος.
3081 5523 3148 5575 At
3172 5537 3303 5578 mss.
3332 5521 3584 5592 plerique
3617 5538 3736 5578 om-

2163 5606 2258 5646 nes
2289 5593 2386 5646 οὑκ
2421 5593 2786 5663 ἐπιδεχόμενος.

2232 5663 2343 5735 (60)
2375 5663 2504 5733 Reg.
2537 5661 2782 5735 quartus,
2815 5661 3151 5735 ῥήματατοῦ
3177 5661 3414 5731 Χριστοῦ
3450 5664 3589 5735 ζωή.

2233 5727 2344 5800 (41)
2374 5727 2590 5804 Antiqui
2626 5737 2727 5788 duo
2756 5727 2898 5796 libri,
2933 5727 3011 5795 εἷς
3039 5732 3066 5782 ὁ
3089 5727 3238 5794 Θεόςξ
