4008 6476
262 379 369 433 τοι

1353 385 1715 438 ADVERSUS
1755 384 2115 439 EUNOMlUM
2162 385 2285 438 LIB.
2327 387 2413 439 ιν.

3389 397 3494 449 ἹΟΞ

259 491 574 556 δάσκαυιος
616 495 855 565 ἀγαθός.
899 498 987 559 Ὠς
1039 497 1173 568 πρὸς
1226 503 1553 571 πειράζοντα
1601 497 1692 553 οὖν
1725 503 1812 554 ἀπ·

1955 499 2149 554 Nullus
2192 504 2399 554 bonus:
2433 503 2524 555 sed
2559 517 2843 572 postquam
2880 507 3043 575 292
3075 509 3343 573 audierat,
3381 527 3496 563 ma-

260 582 538 651 εκρίνατο,
564 584 636 648 ὥς
667 604 797 655 φησι
831 585 893 653 τᾲ
923 587 1268 656 Εὑαγγέλιον,
1313 593 1345 660 ἢ
1378 592 1451 654 ὡς
1476 592 1837 658 ἀγνοήσαντα,

257 672 345 725 ὅτι
367 673 499 739 Θεὸς
527 677 728 746 ἀγαθός
750 677 886 742 ἐστι,
921 680 1014 731 καὶ
1033 680 1128 750 οὐχ
1157 682 1342 744 ἁπλῶς
1365 682 1680 747 διδάσκαλος
1705 686 1840 752 ἀγα-

263 762 359 825 θὸς
391 765 525 837 (42).

547 859 652 921 Εἰς
685 857 770 921 τὸ,
809 877 827 910 ι
865 859 1073 932 Πάτερ,
1107 864 1375 926 δόξασόν
1398 881 1491 933 με.
1535 885 1553 917 ι

363 950 426 1000 Εἰ
476 946 794 1016 δοξασθῆναι
845 954 993 1024 παρὰ
1046 955 1137 1008 τοῦ
1183 956 1391 1025 Πατρὸς
1421 958 1584 1010 αἰτῶν
1627 959 1653 1008 6
1691 959 1833 1020 Υἱὸς,

263 1039 463 1100 Θεῖκῶς
503 1039 595 1091 καὶ
619 1041 717 1094 οὐκ
746 1043 1098 1114 ἀνθρωπίνως
1133 1047 1280 1116 ᾔτει·
1332 1050 1360 1101 ὃ
1390 1052 1486 1103 οὐκ
1521 1047 1665 1120 εἶχεν
1698 1051 1833 1120 ᾔτει.

259 1130 376 1181 Καὶ
411 1129 666 1197 ψεύδεται
712 1137 739 1188 6
775 1138 1157 1206 εὐαγγελιστὴς
1187 1142 1386 1195 εἰπών·
1439 1142 1835 1212 Ἑθεασάμεθα

256 1219 377 1286 τὴν
409 1221 597 1292 δόξην
619 1227 807 1281 αὐτοῦ
829 1245 842 1258 ·
888 1230 980 1282 καὶ
1011 1230 1038 1280 ὁ
1079 1230 1391 1298 Ἀπόστολος
1412 1253 1425 1265 θ
1462 1240 1581 1290 Οὐκ
1617 1236 1693 1290 ἂν
1729 1237 1836 1289 τὸν

257 1311 482 1377 Κύριον
519 1314 630 1383 τῆς
661 1317 844 1383 δόξης
869 1320 1285 1386 ἐσταύρωσαν
1315 1329 1409 1378 καὶ
1439 1330 1466 1378 6
1493 1328 1654 1379 Δαϐίδ
1673 1345 1685 1357 ·
1723 1327 1832 1382 Καὶ

255 1401 667 1460 εἰσελεύσεται
700 1408 1043 1475 όβασιλεὺς
1069 1411 1175 1479 τῆς
1196 1413 1393 1482 δόξης.
1420 1417 1491 1468 Οὐ
1518 1419 1829 1490 προσθήκην

255 1488 350 1545 οὖν
380 1495 536 1567 δόξης
563 1499 724 1560 αἰτεῖ,
755 1499 889 1553 ἀλλὰ
924 1503 1021 1574 τῆς
1055 1507 1359 1576 οἰκονομίας
1397 1510 1494 1577 τὴν
1531 1510 1831 1578 φανέρωσιν

256 1586 529 1650 γενέσθαι.

855 1687 957 1750 Εἰς
978 1688 1043 1738 τὸ
1069 1689 1234 1740 αὐτό.

328 1767 391 1818 Εἰ
425 1765 520 1837 τὴν
553 1768 705 1834 δόξαν
735 1773 800 1839 ἢν
825 1771 938 1841 εἶχε
968 1777 1072 1844 πρὸ
1101 1777 1194 1828 τοῦ
1228 1778 1316 1829 τὸν
1351 1779 1552 1850 κόσμον
1580 1783 1825 1849 γενέσθαι

1940 590 2098 659 giuer
2138 593 2325 645 bonus.
2356 592 2651 660 Respondit
2693 600 2852 664 igitur
2886 600 3031 652 velut
3063 599 3128 652 ad
3179 608 3500 664 tentantem,

1943 691 2002 734 ut
2031 683 2376 753 Evangelium
2399 685 2562 748 dicit;
2595 698 2685 739 aut
2710 691 2854 746 velut
2878 695 2944 745 ad
2975 691 3502 763 ignorantem,quod

1945 770 2082 826 Deus
2111 775 2283 828 bonus
2307 773 2396 839 sit,
2429 782 2482 827 et
2511 791 2614 828 non
2653 778 2968 846 simpliciter
3013 782 3274 852 magister
3302 782 3496 836 bonus.

2218 865 2284 918 In
2315 865 2470 928 illud,
2509 884 2527 916 ι
2577 865 2759 930 Pater,
2788 870 3024 938 glori/ica
3051 893 3128 928 me
3160 874 3233 924 ”.
3277 893 3295 924 ι

2010 952 2065 1007 Si
2097 972 2217 1009 cum
2252 957 2548 1027 glorilicari
2575 973 2601 1010 a
2643 958 2802 1013 Patre
2825 961 2990 1014 Filius
3025 968 3359 1031 postularet,
3409 981 3496 1020 sc-

1938 1046 2170 1098 cundum
2199 1048 2474 1114 deitatem,
2511 1063 2614 1101 non
2648 1053 2940 1104 secundum
2978 1052 3364 1111 humanitatem
3397 1072 3496 1126 po-

1936 1135 2211 1191 Stulahat:
2246 1140 2386 1204 quod
2442 1156 2544 1194 non
2601 1141 2849 1202 habebat,
2897 1143 3131 1208 petebat.
3170 1144 3232 1198 Et
3260 1162 3495 1219 evange-

1937 1223 2057 1275 lista
2093 1228 2371 1290 mentitur,
2417 1247 2536 1281 cum
2561 1231 2696 1283 dixit
2725 1250 2739 1286 ;
2772 1229 3006 1286 Vidimus
3033 1234 3250 1303 gloriam
3277 1238 3389 1305 ejus
3414 1242 3490 1305 ¹¹⁵;

1937 1323 1987 1365 et
2020 1315 2308 1381 Apostolus
2341 1335 2355 1369 :
2408 1317 2530 1370 Non
2559 1324 2732 1390 utique
2785 1323 3068 1376 Dominum
3113 1327 3294 1394 gloria:
3320 1335 3489 1382 cruci-

1932 1404 2170 1472 ﬁxissent
2218 1407 2292 1471 ¹⁶;
2335 1419 2388 1461 et
2436 1408 2646 1464 David:
2700 1415 2764 1465 Et
2816 1417 3049 1470 introibit
3081 1433 3171 1470 rea:
3209 1419 3394 1487 gloria:
3431 1423 3492 1476 ¹⁷.

1934 1492 2047 1548 Non
2088 1496 2247 1564 igitur
2279 1499 2645 1552 aecessionem
2676 1504 2805 1570 petit
2831 1505 3032 1573 gloriae,
3064 1507 3158 1562 sed
3183 1519 3237 1562 ut
3278 1511 3495 1579 dispen-

1933 1591 2156 1643 sationis
2185 1591 2272 1644 iiat
2307 1591 2691 1645 tnauiiestatio.

2593 1682 2657 1737 In
2681 1686 2835 1740 idem.

2008 1768 2063 1822 Si
2104 1786 2261 1838 quam
2295 1777 2528 1832 habebat
2557 1779 2781 1847 gloriam
2819 1789 3105 1850 antequam
3137 1789 3368 1843 mundus
3400 1788 3492 1845 lie-

254 1857 473 1928 ἀληθῶς
525 1863 674 1932 παρὰ
726 1863 819 1916 τοῦ
879 1867 1090 1936 Πατρός
1135 1868 1272 1938 ᾔτει,
1333 1849 1616 1925 ἀποϐαλὼν
1663 1877 1812 1946 ain-ip

1933 1871 2036 1925 ret,
2065 1875 2181 1915 eam
2213 1880 2338 1920 vere
2366 1883 2394 1919 a
2429 1869 2586 1924 Patre
2612 1872 2856 1939 petebat;
2887 1872 3028 1926 hanc
3052 1879 3304 1934 amissam
3334 1891 3484 1950 pete-

256 1951 395 2020 ᾔτει.
431 1955 505 2006 Οὐ
541 1955 648 2026 γὰρ
681 1955 745 2009 ἂν
773 1955 800 2008 ὃ
826 1952 936 2027 εἶχε
970 1957 1151 2012 λαϐεῖν
1185 1962 1455 2032 ἐπεζήτει.
1488 1964 1549 2016 Εἰ
1573 1964 1628 2016 δὲ
1651 1966 1823 2028 τοῦτο,

254 2044 318 2096 οὐ
349 2045 449 2117 τὴν
488 2046 642 2112 δόξαν
673 2050 1035 2119 ἀποϐεϐλήκει
1068 2053 1245 2122 μόνον,
1283 2055 1416 2109 ἀλλά
1451 2057 1541 2110 καὶ
1583 2058 1678 2128 τὴν
1709 2058 1826 2112 θεό-

253 2154 412 2206 τητα,
481 2139 805 2208 Ἀχώριστος
870 2143 977 2213 γὰρ
1037 2146 1070 2212 ἡ
1113 2144 1236 2208 δόξα
1277 2147 1375 2215 τῆς
1425 2146 1691 2216 θεότητος.
1725 2149 1828 2201 Ψι-

252 2229 346 2291 λὺς
412 2226 503 2282 οὖν
556 2231 695 2283 κατὰ
753 2234 1014 2286 Φωτεινδν
1071 2236 1179 2300 (45)
1240 2232 1307 2304 ἦν
1355 2237 1631 2306 ἄνθρωπος
1695 2241 1818 2310 ἄρα.

251 2320 506 2372 Φαίνεται
559 2316 650 2372 οὖν
705 2321 774 2374 τὰ
831 2322 1052 2374 τοιαῦτα
1095 2324 1214 2376 κατ’
1247 2327 1553 2395 οἰκονομίαν
1598 2328 1695 2397 τῆς
1735 2331 1824 2381 ἀν-

256 2408 624 2479 θρωπότητος,
693 2410 754 2462 οὐ
825 2411 944 2464 κατ’
1011 2411 1240 2482 ἔλλειψιν
1298 2415 1392 2482 τῆς
1451 2415 1698 2488 θεότητος
1751 2420 1824 2470 εί-

257 2498 461 2570 ρηκὼς.

395 2593 498 2658 Εἰς
527 2593 610 2655 τὸ,
646 2611 664 2644 ι
707 2597 1079 2662 Πρωτὸτοκος
1115 2596 1316 2663 πάσης
1346 2599 1612 2664 κτίσεως.
1654 2618 1672 2651 ι

323 2683 385 2735 EE
413 2684 518 2756 πρὸ
537 2685 635 2755 τῆς
660 2687 883 2747 κτίσεως
914 2689 940 2738 ὁ
967 2688 1089 2747 Υἱὸς
1119 2689 1177 2738 οὐ
1210 2689 1452 2756 γέννημα
1481 2693 1644 2752 ἐστιν,
1690 2691 1822 2744 ἀλλὰ

251 2775 490 2845 κτίσμα·
529 2778 926 2847 πρωτόκτιστος
960 2775 1024 2827 ἂν
1063 2775 1296 2843 ἐλέγετο,
1337 2779 1428 2828 καὶ
1457 2779 1515 2828 οὑ
1549 2779 1820 2846 πρωτότο-

251 2883 366 2928 κος.
416 2868 501 2929 Εἰ,
556 2866 740 2937 ἐπειδὴ
794 2867 1134 2936 πρωτότοκος
1183 2866 1282 2936 τῆς
1327 2869 1549 2932 κτίσεως
1588 2869 1818 2940 εἴρηται,

252 2956 653 3024 πρωτόκτιστὸς
693 2958 831 3018 ἐστι,
867 2957 960 3008 καὶ
996 2957 1334 3026 πρωτότοκος
1383 2957 1666 3028 εἰρημένος
1699 2958 1820 3011 -τῶν

251 3046 483 3116 νεκρῶν,
532 3047 962 3118 προτελευτῆσας
1001 3047 1064 3100 ἂν
1098 3049 1180 3118 εἴη
1220 3049 1326 3100 τῶν
1376 3049 1601 3120 νεκρῶν.
1655 3050 1716 3102 Εἰ
1764 3049 1820 3102 δὲ

248 3140 589 3211 πρωτότοκος
622 3141 829 3212 νεκρῶν
861 3142 972 3211 (44)
1006 3141 1236 3212 εἴρηται,
1268 3141 1356 3194 διὰ
1393 3142 1453 3194 τὸ
1480 3142 1649 3206 αἴτιος
1680 3141 1816 3196 εἶναι

245 3233 347 3300 τῆς
395 3233 459 3284 ἐκ
489 3233 692 3300 νεκρῶν
741 3234 1087 3295 ἀναστάσεως
1113 3250 1125 3262 ’
1163 3232 1302 3286 οὕτω
1341 3237 1436 3287 καὶ
1479 3237 1816 3304 πρωτότοκος

245 3322 499 3385 κτίσεως,
536 3323 621 3374 διὰ
650 3325 708 3375 τὸ
734 3324 902 3386 αἴτιος
933 3321 1067 3376 εἶναι
1107 3326 1199 3378 τοῦ
1242 3325 1299 3389 ἐξ
1328 3327 1426 3379 οὐκ
1450 3327 1615 3380 ὄντων
1648 3331 1728 3392 εἰς
1758 3329 1817 3382 τὸ

243 3409 397 3465 εἶναι
441 3417 780 3482 παραγαγεῖν
817 3414 915 3483 τὴν
947 3415 1141 3467 κτίσιν.
1183 3416 1243 3466 Ei
1271 3416 1330 3467 τὸ
1370 3420 1704 3485 πρωτότοκος
1741 3421 1816 3471 εἰ-

247 3500 448 3571 ρῆσθαι
470 3501 569 3572 τῆς
590 3503 836 3565 κτίσεως,
863 3503 1076 3572 πρῶτον
1097 3504 1254 3557 αὑτὸν
1271 3505 1592 3575 γεγενῆσθαι
1612 3507 1817 3560 δείκνυ-

246 3610 332 3645 σιν
383 3596 412 3647 6
449 3593 765 3657 Ἀπόστολος
795 3593 966 3648 εἰπὼν
997 3635 1010 3658 ,
1051 3595 1254 3648 Πάντα
1286 3597 1359 3648 δι’
1388 3599 1571 3655 αὑτοῦ
1599 3601 1693 3652 καὶ
1730 3603 1816 3666 εἰς

241 3684 430 3737 αὐτὸν
460 3685 746 3750 ἔκτισται,
773 3686 999 3756 ὤφειλεν
1027 3689 1220 3750 εἰπεῖν,
1256 3690 1364 3741 Καὶ
1399 3690 1556 3754 αὐτὸς
1581 3693 1814 3759 ἐγένετο

244 3773 352 3842 πρὸ
372 3775 602 3828 πάντων,
631 3776 812 3828 Εἰπὼν
836 3777 913 3841 δὲ,
939 3778 1045 3831 Καὶ
1064 3781 1243 3844 αὑτός
1261 3781 1392 3833 ἐστι
1419 3782 1532 3849 πρὸ
1552 3782 1809 3850 πάντων,

239 3861 409 3924 ἔδειξε
453 3863 544 3915 τὸν
585 3864 682 3932 μὲν
730 3866 815 3917 ἀεὶ
862 3867 1010 3928 ὄντα,
1059 3869 1154 3938 τὴν
1192 3871 1248 3923 δὲ
1284 3872 1458 3925 κτίσιν
1495 3875 1807 3947 γενομένην.

240 3952 317 4006 Τὸ
341 3952 469 4023 γὰρ,
504 3955 691 4017 Ἔστι,
726 3955 824 4024 τῷ,
864 3959 958 4009 Ἐν
979 3959 1134 4027 ἀρχῇ
1159 3958 1239 4030 ἦν
1277 3966 1308 4015 ό
1337 3966 1546 4032 Λόγος,
1577 3968 1806 4037 συνᾴδει.

237 4045 306 4097 Εἰ
340 4046 700 4117 πρωτότοκος,
747 4049 927 4116 φασὶν,
981 4051 1010 4102 ὁ
1060 4051 1203 4115 Υἱὸς,
1253 4054 1432 4106 οὐκέτι
1485 4059 1808 4128 μονογενήςο

236 4136 356 4188 ἀλλ’
395 4137 596 4205 ὀφείλει
645 4140 736 4205 καὶ
780 4139 935 4203 ἄλλος
977 4136 1132 4205 εἶναι,
1181 4137 1240 4196 οὗ
1277 4147 1613 4212 πρωτότοκος
1657 4148 1811 4217 λέγη-

236 4244 328 4279 ται
364 4228 494 4296 (45).
546 4231 824 4299 Καίτοιγε,
851 4227 895 4284 ὦ
930 4234 1078 4302 σοφὲ,
1106 4234 1199 4286 καὶ
1228 4235 1290 4286 ἐκ
1315 4237 1526 4306 Μαρίας
1558 4238 1656 4306 τῆς
1679 4256 1809 4308 παρ-

235 4317 394 4370 θένου
428 4320 585 4389 μόνος
613 4323 926 4393 γεννηθεὶς,
963 4325 1304 4396 πρωτότοκος
1355 4329 1522 4398 αὐτῆς
1571 4328 1803 4400 εἴρηται.

237 4413 394 4476 "Eme
435 4408 506 4467 οὗ
558 4412 664 4485 γὰρ
705 4416 889 4480 ἔτεκε,
933 4419 1093 4486 φησὶ,
1140 4418 1244 4470 τὸν
1289 4419 1421 4471 υἱὸν
1474 4420 1664 4488 αὐτῆς
1697 4423 1802 4474 τὸν

1843 3186 1892 3249 C

1933 1954 2042 2006 bat.
2070 1955 2253 2021 Neque
2292 1959 2436 2011 enim
2467 1965 2606 2029 quod
2639 1962 2890 2028 habebat,
2925 1966 2975 2018 id
3018 1967 3266 2036 accipere
3294 1982 3481 2040 postu-

1929 2040 2094 2096 labat.
2127 2045 2181 2097 Si
2215 2061 2341 2099 vero
2378 2063 2463 2101 res
2501 2049 2570 2102 ita
2603 2067 2659 2105 se
2687 2054 2866 2116 habet,
2910 2069 3015 2107 non
3043 2056 3269 2124 gloriam
3307 2063 3490 2118 amisit

1927 2133 2118 2200 solum,
2174 2137 2267 2190 sed
2299 2139 2554 2193 deitatem
2595 2144 2776 2196 etiam.
2824 2145 2957 2199 Nam
2994 2148 3163 2216 gloria
3211 2165 3239 2203 a
3284 2153 3488 2210 deitate

1924 2228 2164 2295 separari
2213 2245 2316 2284 non
2350 2242 2550 2301 potest.
2599 2232 2784 2289 Nudus
2813 2254 2940 2303 ergo
2964 2245 3263 2297 secundum
3300 2245 3487 2301 Photi-

1925 2332 2048 2372 num
2086 2321 2246 2376 homo
2272 2335 2409 2378 erat.
2447 2324 2681 2379 Proinde
2727 2343 2848 2384 eum
2888 2332 3010 2386 talia
3060 2335 3356 2390 secundum
3390 2339 3490 2391 hu-

1925 2416 2198 2470 manitatis
2245 2419 2728 2485 dispensationem,
2785 2440 2890 2480 non
2934 2431 3232 2485 secundum
3269 2433 3486 2491 deitatis

1924 2504 2188 2559 defectum
2232 2508 2432 2564 dixisse
2455 2522 2689 2566 constat.

1992 2593 2060 2647 In
2094 2596 2262 2662 illud,
2292 2616 2310 2648 ι
2359 2599 2747 2670 Primogenilus
2789 2607 2960 2658 omnis
3005 2620 3260 2664 creatura:
3293 2613 3356 2665 ¹⁸.
3389 2633 3408 2664 ι

1991 2685 2157 2741 Filius
2199 2689 2241 2741 si
2273 2699 2397 2743 ante
2426 2705 2726 2746 creaturam
2749 2698 2990 2765 genitura
3029 2716 3130 2753 non
3164 2714 3328 2769 esset,
3390 2707 3484 2760 sed

1921 2790 2162 2834 creatura
2192 2797 2206 2844 ;
2240 2784 2638 2851 pritnocreatus
2667 2789 2849 2856 utique
2889 2792 3190 2859 diceretur,
3236 2814 3340 2851 non
3371 2799 3484 2867 pri-

1923 2875 2242 2942 mogenitus.
2277 2878 2330 2930 Si
2363 2891 2645 2947 prepterea
2671 2885 2810 2948 quod
2841 2886 3228 2954 pritnogenitus
3259 2903 3479 2944 creatu-

1924 2977 1995 3016 ra:
2023 2965 2195 3017 dictus
2232 2981 2338 3026 est.
2365 2969 2758 3034 priuiocreatus
2793 2982 2896 3033 est,
2923 2973 3087 3026 etiam
3115 2990 3178 3028 eo
3201 2979 3342 3044 quod
3371 2982 3483 3048 pri-

1921 3056 2232 3122 mogenitus
2262 3066 2593 3110 mortuorum
2638 3061 2814 3114 dictus
2847 3071 2930 3114 est
2963 3064 3005 3094 ¹⁹
3028 3103 3044 3128 ,
3091 3066 3296 3134 primus
3321 3085 3385 3124 ex
3417 3071 3481 3127 iis

1923 3147 2009 3212 qui
2051 3149 2242 3198 mortui
2272 3159 2417 3212 sunt,
2456 3165 2697 3203 mortuus
2730 3152 2911 3206 luerit.
2944 3153 3001 3208 Si
3043 3171 3170 3211 vero
3203 3162 3477 3232 primoge-

1924 3237 2066 3288 nitns
2111 3248 2439 3290 mortuorum
2485 3256 2548 3293 ex
2576 3256 2640 3294 eo
2676 3242 2853 3296 dictus
2892 3254 2994 3310 est,
3022 3250 3161 3314 quod
3203 3266 3366 3304 causa
3398 3263 3483 3306 est

1920 3328 2330 3381 resurrectionis
2352 3344 2382 3382 e
2419 3332 2642 3385 mortuis
2669 3349 2683 3384 :
2717 3333 2784 3384 ita
2816 3348 2868 3388 et
2901 3338 3289 3406 primogenitus
3316 3356 3479 3396 crea-

1920 3429 2071 3481 tura}.
2098 3435 2160 3473 ex
2184 3435 2248 3474 eo
2271 3423 2410 3487 quod
2436 3437 2597 3474 causa
2619 3433 3033 3480 estutcreatura
3059 3446 3088 3482 e
3107 3430 3270 3486 nihilo
3293 3437 3357 3484 ad
3373 3452 3481 3488 esse

1917 3515 2170 3576 producta
2193 3514 2278 3564 sit.
2307 3511 2364 3565 Si
2394 3527 2512 3565 eum
2531 3515 2760 3580 primum
2787 3516 2983 3572 factum
3007 3535 3124 3575 esse
3153 3523 3278 3577 hinc
3297 3535 3481 3578 osten-

1917 3601 2076 3657 ditur.
2103 3602 2240 3668 quod
2273 3604 2668 3670 primogenitus
2689 3621 2949 3661 creaturae
2977 3612 3155 3664 dictus
3185 3623 3288 3679 est,
3325 3618 3480 3685 Apo-

1915 3691 2084 3744 stolus
2115 3693 2203 3760 qui
2233 3693 2364 3745 dixit
2390 3712 2402 3746 :
2440 3693 2630 3748 Omnia
2646 3715 2735 3764 per
2751 3700 2921 3766 ipsum
2951 3711 2998 3753 et
3021 3703 3075 3754 in
3106 3704 3272 3771 ipsum
3300 3720 3477 3762 creata

1912 3793 2029 3834 sunt
2047 3782 2111 3848 ²⁰,
2144 3781 2327 3836 debuit
2352 3783 2535 3838 dicere
2563 3803 2576 3839 :
2601 3786 2666 3840 Et
2690 3787 2803 3856 ipse
2824 3789 2996 3857 facta:
3024 3804 3245 3850 estante
3267 3800 3472 3852 Omnia.

1910 3872 1980 3926 At
2004 3889 2123 3926 cum
2153 3875 2351 3926 dixerit
2387 3889 2401 3927 :
2430 3873 2498 3927 Et
2533 3877 2642 3945 ipse
2665 3888 2742 3932 est
2777 3893 2897 3934 ante
2944 3888 3119 3937 omnia
3154 3929 3168 3950 ,
3239 3891 3476 3946 ostendit

1910 3978 2031 4016 eum
2079 3964 2290 4029 quidem
2334 3978 2545 4021 semper
2596 3981 2738 4031 esse,
2780 3980 3087 4025 creaturam
3116 3989 3242 4028 vero
3275 3979 3472 4033 factam

1909 4051 2095 4105 fuisse.
2159 4051 2285 4103 Nam
2353 4053 2520 4116 illud,
2567 4066 2663 4119 est,
2726 4074 2846 4110 cum
2905 4061 3024 4126 hor,
3104 4063 3170 4117 In
3217 4070 3472 4138 principio

1909 4154 2016 4195 erat
2057 4141 2273 4194 Verbum
2298 4142 2361 4204 “,
2392 4148 2678 4200 consentit.
2717 4148 2772 4202 Si
2809 4151 2998 4212 Filius.
3031 4156 3312 4223 inquiunt,
3347 4164 3462 4228 pri-

1912 4235 2216 4302 tnogenitus
2247 4243 2350 4300 est,
2387 4250 2490 4288 non
2532 4237 2757 4307 amplius
2790 4252 2870 4294 est
2908 4245 3235 4313 unigenitus,
3279 4253 3370 4305 sed
3413 4262 3472 4307 et

1909 4325 2046 4379 alius
2079 4339 2195 4379 esse
2225 4326 2405 4390 debet,
2443 4328 2528 4381 cui
2561 4344 2905 4401 comparatus
2947 4339 3339 4408 primogenitus
3385 4346 3470 4400 di-

1909 4426 2080 4470 catur.
2111 4418 2292 4485 Atqui,
2326 4435 2358 4471 ο
2389 4421 2621 4488 sapiens,
2648 4425 2807 4477 etiam
2836 4441 2900 4479 ex
2938 4428 3101 4481 Maria
3140 4433 3347 4498 virgine
3377 4451 3468 4489 so-

233 4503 630 4570 πρωτότοκον.
672 4505 831 4558 Ὥστε
869 4507 967 4559 οὐκ
1011 4507 1222 4578 ἀνάγκη
1250 4509 1476 4577 ἀδελφοῦ
1508 4509 1618 4580 (46)
1648 4529 1794 4580 ιτρω⁴

1929 4525 1990 4561 us
2019 4520 2193 4575 natos,
2225 4512 2616 4580 primogenitus
2641 4515 2757 4581 ejus
2783 4517 2961 4571 dictus
2988 4530 3088 4574 est.
3125 4523 3295 4577 Donec
3323 4528 3463 4581 enim

230 4594 452 4644 τότοκον
486 4591 755 4660 λέγεσθαι.
809 4597 1039 4668 Λεχθείη
1084 4598 1128 4650 δ’
1164 4600 1250 4662 ἂν,
1277 4600 1354 4652 ὅτι
1387 4601 1478 4654 καὶ
1503 4604 1530 4654 6
1558 4603 1662 4674 πρὸ
1691 4610 1736 4673 (4
1750 4606 1799 4673 7)

231 4686 415 4756 πάσης
463 4687 764 4755 γεννήσεως
812 4689 1154 4758 πρωτότοκος
1209 4690 1460 4759 ὲλέγετο-
1503 4692 1580 4746 ἔτι
1617 4693 1673 4746 δὲ
1707 4697 1797 4749 καὶ

305 4915 348 4992 [ξ
383 4912 534 4992 ioan.
563 4931 694 4992 xvii,
727 4916 816 4992 5.__
857 4918 902 4992 ξ⁵
928 4917 1152 4992 Joan._l,
1190 4920 1275 4992 14.
1310 4923 1433 4992 ρ¹⁶Ι
1478 4923 1603 4976 Cor.
1639 4941 1700 4984 ll.
1735 4928 1786 4981 8.

227 4983 275 5013 ’θ
311 4984 516 5040 Coloss.
541 5001 580 5052 I,
614 4985 700 5041 16.
776 4987 816 5017 ²¹
849 4987 999 5042 Joan.
1030 4983 1068 5053 π’,
1100 4990 1144 5045 l.
1223 4991 1267 5020 "
1307 4991 1495 5046 Matth.
1526 5009 1564 5058 ι,
1597 4995 1684 5047 :25.

297 5159 420 5243 (422‘
441 5160 576 5216 Editi
609 5165 701 5243 xui.
727 5181 825 5236 ουχ
859 5166 1042 5243 ᾁπλῶς
1079 5169 1249 5232 οὐδεὶς
1290 5170 1600 5235 διδάσκαλος
1653 5175 1788 5243 ἀγα-

224 5229 336 5302 θός.
380 5228 878 5299 Trapezuntius,"si
921 5228 1310 5302 non’recte,'at
1344 5228 1784 5298 ﬁdeliter-tanien

222 5301 611 5381 interpretatus
638 5311 739 5381 est,
770 5320 889 5381 cum
933 5307 1004 5358 ita
1033 5309 1249 5381 scripsit
1279 5331 1291 5363 ί
1337 5311 1401 5363 Et
1446 5329 1549 5364 non
1577 5314 1782 5381 simpli-

222 5372 354 5446 citer
381 5370 564 5446 nuiius
589 5374 832 5446 magister
864 5377 1045 5446 bonus.
1087 5370 1159 5429 At:
1199 5381 1365 5432 nostri
1411 5392 1613 5446 septem
1651 5370 1778 5437 Iuss.

220 5440 314 5519 καὶ
342 5440 438 5519 ορχ
472 5439 657 5503 ἁπλῶς
679 5439 990 5519 διδασκαλος
1015 5447 1238 5519 ἀγαθός,
1282 5450 1392 5512 illo,
1426 5439 1619 5514 οὗδείς,
1645 5468 1782 5519 pra:-

223 5511 496 5592 termisso,
541 5522 703 5564 recte.
752 5512 861 5592 ῌοο
893 5527 974 5592 est
1014 5535 1029 5592 _:
1066 5511 1148 5571 Me
1187 5511 1400 5592 quidem
1445 5511 1776 5592 dicis—inagi-

215 5585 388 5630 strum
420 5578 612 5652 bonum
640 5595 651 5630 :
682 5583 774 5634 sed
800 5583 897 5635 hoc
919 5585 1136 5652 dixisse,
1162 5578 1296 5640 satis
1321 5605 1423 5643 non
1447 5602 1547 5643 est.
1565 5578 1772 5645 Etenim

219 5661 325 5721 non
352 5662 469 5699 sum
501 5650 671 5702 solum
699 5654 952 5720 magister
983 5650 1169 5721 bonus,
1198 5660 1289 5711 sed
1317 5674 1434 5712 sum
1456 5662 1617 5714 etiam
1641 5663 1776 5717 Deus

217 5716 409 5772 bonus.

291 5787 402 5857 (45)
452 5787 526 5842 De
564 5788 792 5846 Photino
825 5793 1072 5850 haeretico
1110 5795 1206 5858 legi
1241 5809 1419 5866 potest
1460 5801 1771 5858 dissertatio

1868 4927 1909 4957 ¹⁷
1938 4928 2076 4981 Psal.
2117 4943 2269 4993 χχιιι,
2316 4930 2364 4982 7.

1902 4606 2197 4668 peperisset,
2264 4604 2456 4670 inquit,
2517 4605 2686 4670 [ilium
2739 4623 2890 4659 suum
2944 4613 3352 4682 primogenitum
3395 4620 3460 4671 ²¹.

1902 4695 2079 4759 Quare
2114 4708 2216 4745 non
2250 4701 2333 4744 est
2362 4708 2580 4748 necesse
2613 4696 2797 4751 fratris
2847 4716 3093 4758 resoectu
3129 4707 3459 4777 primogeni-

2447 4931 2488 4961 ⁸³
2535 4931 2738 4988 Cotoss.
2792 4952 2830 5002 ι,
2869 4938 2954 4993 13.
3033 4940 3076 4971 ¹⁹
3109 4941 3271 5009 Apoc.
3323 4957 3364 5007 ι,
3404 4943 3456 4997 ξ).

1888 5174 2134 5252 Dionysii
2160 5176 2382 5252 Petavii,
2423 5179 2574 5235 initio
2616 5179 2918 5252 Rationarii
2952 5192 3258 5252 temporum.

1958 5192 2020 5229 ou
2064 5193 2128 5232 stt
2160 5191 2382 5242 Petavu,
2423 5191 2574 5235 tnttto
2616 5191 2918 5236 ltationarii
2952 5192 3258 5252 temporum.

1958 5191 2069 5317 (δῖ)
2105 5248 2818 5325 Reg.tertius_7tpwr61_oxo;
2856 5255 2919 5306 ὲκ
2952 5255 3181 5325 νεκρῶν.
3211 5256 3316 5310 Alii
3349 5257 3453 5314 duo

1884 5330 2012 5392 mss.
2046 5318 2512 5392 πρωτότοκοςτῶν
2527 5318 2762 5392 νεκρῶν.

1954 5385 2065 5453 (45)
2091 5385 2323 5462 Codices
2351 5387 2590 5462 plerique
2615 5385 2803 5447 omnes
2831 5393 3068 5462 λέγεται.
3109 5395 3308 5452 Ibidem
3343 5393 3446 5449 ali-
3477 5385 3490 5414 ¹

1881 5450 2012 5525 quot
2043 5450 2167 5509 inss.
2201 5450 2245 5508 ὦ
2264 5450 2435 5525 σοιροί.

1951 5524 2276 5605 (ιω-(ἑοιιρκ.
2312 5524 2552 5605 Comhel'.
2608 5532 2707 5605 οὐκ
2736 5533 2979 5605 ἀνάγκης
3022 5535 3272 5605 ἀδελφοῦ.
3314 5532 3448 5605 Reg.

1882 5597 2394 5676 seetttt'dusudvdyxn
2436 5600 2699 5676 ἀδελφῶν.
2744 5597 3008 5660 ΑΙίἱίηὲὲ.
3050 5597 3261 5676 ἀνάγκη
3294 5597 3449 5658 ὀιδεῖ-

1881 5662 2308 5745 φοιῖΣ-Ειράιίιιιυξ
2331 5662 2510 5745 vocem
2535 5662 2744 5745 ἀνάγκη
2781 5690 2899 5727 cum
2933 5694 2947 5727 ι
2980 5662 3305 5745 διιὺδςιυίρίέ).

1953 5734 2067 5816 μ’Ἱ)
2099 5734 2234 5816 Editi
2277 5738 2358 5788 ὅτι
2409 5741 2502 5792 καὶ
2543 5734 2668 5811 πρό.
2703 5734 2921 5800 Veteres
2951 5734 3336 5816 quinque'hbri
3363 5747 3449 5802 δτι

1877 5804 1969 5855 καὶ
1997 5806 2024 5856 6
2050 5805 2173 5874 πρό,
2199 5819 2361 5863 reete.
