4008 6462
538 351 638 404 703

1876 340 1931 392 S.
1979 337 2214 392 BASILII
2257 335 2468 389 MACNI

3680 328 3779 380 704

534 471 644 512 tum
677 459 878 511 vocari.
917 454 1027 507 Dici
1066 455 1228 507 etiam
1259 454 1450 521 possit,
1486 455 1628 521 quod
1659 463 1712 504 et
1736 451 1856 520 quis
1884 454 1973 521 qui
2006 469 2094 523 ge-

2210 452 2328 522 τρὸς
2347 453 2470 515 τοὺς
2498 450 2584 504 διὰ
2610 449 2878 508 υἱοθεσίας
2903 453 2992 504 τοῦ
3018 453 3174 522 ἁγίου
3207 448 3524 519 Πνεὺματος
3553 453 3620 503 ἐκ
3646 446 3780 502 Θεοῦ

529 547 1098 606 iterationemonlnem
1127 548 1418 612 antecedit,
1447 546 1844 616 primogenitus
1883 547 2095 602 dicere-

528 651 616 696 tur
645 661 658 696 :
687 641 812 706 quin
850 650 904 692 et
933 647 1176 709 respectu
1217 651 1403 690 eorum
1427 678 1442 702 ,
1478 639 1567 705 qui
1617 652 1711 706 pcr
1749 637 2094 705 adoptionem

529 733 762 802 Spiritus
793 731 969 785 sancti
1015 745 1078 784 ex
1122 729 1228 782 Deo
1261 731 1371 783 nati
1421 738 1587 792 sunt,
1646 739 1703 782 ut
1750 729 1946 785 Paulus
1975 732 2092 784 ait:

532 822 787 885 Quoniam
811 837 938 889 quos
964 819 1242 888 praesciuit,
1287 835 1372 872 eos
1411 828 1458 872 et
1493 820 1771 886 prce/inivit
1803 821 2094 888 conformes

529 911 773 980 imaginis
810 909 936 963 Filii
966 911 1068 974 sui,
1105 923 1158 963 ut
1191 911 1300 978 ipse
1328 915 1396 964 sit
1433 913 1807 981 primogenitus
1843 915 1896 967 in
1924 913 2096 965 multis

531 1002 786 1072 fratribus
814 1002 880 1054 ³³.

681 1091 932 1163 2931"
970 1091 1125 1156 illud,
1164 1110 1182 1144 t
1223 1092 1476 1146 Dominus
1505 1095 1696 1148 creavit
1721 1112 1800 1148 me
1841 1096 1886 1126 ’ί

604 1178 659 1232 Si
694 1179 782 1246 qui
827 1179 878 1229 in
923 1193 1085 1232 carne
1117 1188 1235 1240 est,
1281 1179 1444 1230 dicit:
1499 1178 1609 1249 Ego
1656 1199 1771 1234 sum
1814 1182 1893 1233 via
1921 1181 2000 1242 N‘;
2048 1188 2101 1233 et

534 1272 673 1324 idem
707 1286 721 1322 :
756 1267 924 1322 Nemo
957 1271 1090 1323 venit
1139 1271 1206 1322 ad
1239 1267 1458 1323 Patrem
1497 1273 1599 1325 nisi
1631 1290 1722 1340 per
1752 1289 1830 1326 me
1862 1273 1946 1338 ";
1992 1273 2102 1340 ipse

534 1361 698 1414 etiam
726 1371 807 1414 est
831 1362 921 1429 qui
948 1363 1118 1415 dixit:
1148 1360 1402 1415 Dominus
1428 1365 1621 1416 creavit
1655 1379 1733 1416 me
1760 1363 1965 1415 initium
1998 1364 2104 1414 via-

535 1469 652 1504 rum
680 1468 895 1504 suarum
922 1452 987 1505 ³⁷.
1014 1450 1153 1516 Quin
1183 1461 1236 1505 et
1265 1453 1330 1507 de
1359 1455 1608 1524 genitura
1637 1455 1832 1506 dicitur
1854 1463 2104 1508 creatura

535 1553 589 1597 et
623 1543 850 1606 factura,
869 1554 922 1596 ut
947 1544 1073 1596 illud
1099 1561 1110 1594 :
1134 1544 1315 1598 Creavi
1341 1547 1600 1600 hominem
1631 1561 1720 1612 per
1746 1543 1913 1597 Deum
1940 1546 2017 1610 ¹⁸;
2049 1556 2106 1602 et

537 1634 759 1687 iterum:
795 1632 939 1687 Fecit
969 1635 1110 1701 ﬁlios
1139 1646 1184 1687 et
1212 1636 1352 1703 ﬁlias
1376 1639 1460 1702 '9;
1495 1648 1548 1691 et
1586 1638 1783 1692 David:
1812 1637 1915 1691 Cor
1952 1657 2104 1694 mun-

536 1725 660 1775 dum
695 1739 814 1776 crea
849 1725 901 1775 in
943 1740 1040 1788 me,
1087 1723 1223 1778 Deus
1249 1727 1327 1790 ³ο,
1360 1741 1462 1779 non
1495 1735 1684 1794 petens
1719 1724 1860 1778 aliud
1883 1766 1899 1792 ,
1936 1728 2029 1782 sed
2053 1728 2106 1782 id

537 1815 790 1869 videlicet
817 1815 959 1886 quod
995 1827 1112 1870 erat
1147 1819 1419 1885 postulans
1453 1818 1725 1870 muudari.
1767 1817 1973 1873 Dicitur
2004 1835 2102 1874 au-
2139 1799 2179 1854 Β

541 1916 644 1961 tem
677 1919 731 1961 et
761 1923 897 1963 nova
929 1920 1198 1966 creatura,
1238 1923 1339 1962 non
1381 1909 1520 1976 quod
1549 1908 1653 1961 alia
1681 1921 1931 1965 creatura
1963 1911 2102 1966 facta

539 1999 632 2061 sit,
663 1998 756 2052 sed
778 1999 920 2068 quod
952 2000 1002 2052 hi
1033 1999 1122 2066 qui
1161 1997 1555 2064 illuminantur,
1588 2000 1652 2053 ad
1682 2001 1903 2055 meliora
1939 2018 2103 2071 Opera

542 2101 933 2159 pnepareutur.
989 2091 1046 2146 Si
1097 2089 1293 2144 Filium
1347 2089 1507 2144 Pater
1554 2093 1759 2146 creavit
1797 2093 1862 2146 ad
1908 2109 2100 2161 opera,

543 2197 648 2235 non
705 2191 919 2252 propter
976 2183 1171 2251 ipsum,
1231 2184 1326 2238 sed
1380 2193 1597 2251 propter
1649 2197 1812 2251 opera
1869 2185 2094 2237 creavit.

541 2273 694 2338 Quod
729 2284 908 2326 autem
942 2282 1159 2342 propter
1190 2273 1356 2336 aliud,
1412 2289 1515 2327 non
1549 2283 1764 2342 propter
1796 2287 1854 2327 se
1903 2273 1979 2335 lit,
2015 2284 2104 2327 aut

540 2379 664 2432 pars
689 2373 773 2418 est
797 2363 936 2417 illius
960 2363 1113 2434 cujus
1142 2380 1307 2419 causa
1338 2363 1536 2419 factum
1564 2375 1669 2429 est,
1691 2374 1778 2419 aut
1801 2381 1867 2420 eo
1905 2366 2102 2421 minus.

543 2455 663 2509 Erit
706 2454 871 2527 igitur
903 2455 1152 2513 Salvator
1191 2467 1287 2512 aut
1323 2474 1449 2528 pars
1478 2469 1765 2524 creatura),
1795 2469 1886 2514 aut
1932 2461 2107 2516 minor

543 2558 706 2616 quam
753 2560 1025 2604 creatura.
1072 2550 1248 2616 Quare
1289 2567 1511 2606 necesse
1543 2562 1627 2607 est
1667 2555 1732 2608 de
1773 2554 2108 2608 humanitate

543 2643 660 2710 ejus
689 2643 1008 2711 intelligere.
1049 2643 1224 2696 Possit
1254 2645 1418 2696 etiam
1449 2646 1570 2711 quis
1602 2645 1799 2708 dicere,
1854 2645 2106 2698 Salomo—

544 2748 664 2786 uem
696 2734 808 2786 hazc
836 2735 900 2786 de
935 2733 1019 2786 illa
1054 2734 1318 2801 sapientia
1356 2734 1579 2800 dixisse,
1618 2733 1769 2801 cujus
1800 2742 1852 2787 ct
1880 2737 2107 2804 Aposto-

543 2821 626 2876 lus
659 2822 921 2886 meminit,
954 2821 1044 2874 uhi
1080 2821 1212 2875 dixit
1239 2838 1253 2873 :
1287 2819 1429 2875 Nam
1459 2831 1739 2891 postquam
1766 2822 1822 2876 in
1850 2825 2106 2891 sapientia

543 2912 640 2966 Dei
674 2929 776 2966 non
820 2913 1058 2983 cognovit
1097 2916 1322 2966 mundus
1364 2929 1456 2981 per
1496 2915 1806 2982 sapientiam
1842 2914 2006 2967 Deum
2033 2915 2102 2969 ³⁸.

543 2999 808 3057 Prazterea
847 3019 1021 3071 neque
1046 3003 1306 3072 prOpheta
1333 3012 1415 3057 est
1440 3004 1530 3072 qui
1557 3003 1729 3069 dixit,
1761 3003 1854 3057 sed
1879 3003 2110 3058 Prover-

545 3096 752 3150 hiarum
806 3096 1056 3166 scriptor.
1099 3093 1392 3149 Proverbia
1443 3109 1627 3151 autem
1674 3096 1935 3165 imagines
1984 3105 2109 3150 sunt

546 3187 795 3250 aliorum,
828 3203 935 3242 non
963 3202 1023 3240 ea
1055 3186 1169 3255 ipsa
1205 3200 1325 3257 quae
1367 3186 1638 3244 dicuntur.
1680 3186 1737 3242 Si
1764 3188 1904 3242 Deus
1939 3185 2110 3245 Filius

550 3289 669 3333 erat
696 3279 786 3348 qui
813 3279 1055 3334 dicebat:
1087 3277 1342 3333 Dominus
1375 3281 1565 3334 creavit
1590 3297 1690 3344 me,
1723 3283 1903 3350 potius
1931 3283 2116 3351 utique

548 3370 807 3432 dixisset,
865 3369 1021 3424 Pater
1062 3371 1270 3425 creavit
1314 3385 1418 3425 me.
1448 3371 1722 3440 Nusquam
1758 3372 1902 3426 enim
1943 3373 2114 3440 ipsum

547 3458 833 3512 Dominum
862 3475 1016 3512 suum
1047 3463 1295 3526 vocabat,
1327 3462 1419 3515 sed
1450 3476 1664 3531 semper
1692 3460 1930 3515 Patrem.
1956 3463 2112 3516 Acci-

547 3550 796 3618 piendum
830 3550 992 3618 igitur
1011 3559 1094 3604 est
1120 3550 1268 3614 illud,
1294 3553 1492 3620 genuit,
1522 3553 1588 3605 de
1624 3552 1734 3605 Deo
1763 3553 1901 3606 Filio
1933 3571 1944 3602 :
1985 3555 2114 3608 illud

549 3656 701 3704 vero,
749 3641 971 3703 creavit,
1022 3640 1088 3694 de
1119 3655 1220 3706 eo,
1253 3641 1344 3709 qui
1390 3639 1618 3694 formam
1669 3644 1904 3710 suscepit
1946 3644 2110 3699 servi.

550 3732 814 3786 Caeterum
849 3732 902 3785 in
939 3731 1023 3785 his
1068 3733 1320 3786 omnibus
1349 3747 1452 3786 non
1490 3734 1624 3788 duos
1652 3735 1915 3800 dicimus,
1948 3734 2112 3788 Deum

551 3833 819 3888 seorSum,
855 3833 908 3877 et
948 3821 1219 3876 hominem
1254 3838 1495 3878 seorsum
1533 3825 1706 3894 (unus
1738 3826 1878 3879 enim
1922 3823 2111 3893 erat),

554 3915 646 3968 sed
702 3915 1024 3983 cogitatione
1075 3922 1321 3968 naturam
1366 3914 1626 3984 cujusque
1677 3915 2111 3970 consideramus.

553 4004 739 4073 Neque
772 4005 914 4058 enim
944 4005 1136 4060 Petrus
1169 4007 1302 4060 duos
1331 4005 1619 4071 intellexit,
1653 4007 1742 4062 ubi
1769 4007 1904 4062 dixit
1934 4025 1946 4060 :
1983 4007 2117 4062 Cum

553 4097 713 4165 igitur
741 4094 978 4148 Christus
1013 4112 1198 4162 passus
1239 4097 1306 4150 sit
1336 4113 1430 4162 pro
1468 4098 1615 4151 nobis
1653 4115 1807 4151 carne
1835 4097 1901 4151 ".
1942 4098 1999 4152 Si
2034 4097 2120 4152 Fi-

557 4189 680 4250 lius,
709 4187 981 4256 inquiunt,
1015 4188 1262 4255 genitura
1295 4197 1396 4254 est,
1434 4203 1538 4242 non
1571 4190 1780 4244 factura
1804 4233 1818 4256 ,
1849 4193 2119 4260 quomodo

557 4279 686 4333 dicit
707 4279 988 4349 Scriptura
1015 4296 1027 4331 :
1057 4277 1205 4331 Certo
1233 4280 1394 4348 igitur
1414 4281 1545 4333 sciat
1567 4289 1676 4332 tota
1704 4281 1892 4334 domus
1924 4281 2116 4346 Israel,

555 4373 693 4438 quod
718 4386 832 4423 eum
859 4380 904 4423 et
925 4369 1203 4422 Dominum
1229 4379 1277 4423 et
1310 4367 1573 4422 Christum
1598 4370 1717 4437 fecit
1740 4368 1879 4422 Deus
1910 4370 1992 4423 ”?
2025 4369 2119 4424 Est

2196 546 2588 614 γεννωμένους,
2641 542 2716 604 ὡς
2763 546 2791 594 6
2837 543 3045 608 Παῦλος
3255 558 3448 614 φησιν’
3495 544 3631 596 "Ott
3677 543 3782 607 οὓς

2197 636 2482 704 προέγνω,
2514 637 2609 689 καὶ
2655 633 2946 701 προώρισε
2976 638 3366 706 συμμόρφους
3401 633 3514 701 τῆς
3544 637 3782 698 εἰκόνος

2198 728 2301 780 τοῦ
2338 727 2476 781 Υίοῦ
2521 725 2726 790 αὑτοῦ,
2757 729 2844 792 εὶς
2890 727 2953 779 τὸ
2992 721 3144 779 εἶναι
3182 728 3367 782 αὐτὸν
3400 727 3784 796 πρωτότοκον

2195 823 2267 873 ἐν
2293 821 2545 886 πολλοῖς
2572 817 2876 888 ἀδελφοῖς.

2507 1087 2609 1150 Εἰς
2642 1084 2728 1150 τὸ,
2766 1105 2782 1136 ι
2821 1087 3034 1153 Κύριος
3059 1083 3258 1137 ἐκτισέ
3289 1101 3386 1152 με.
3426 1105 3443 1136 ι

2281 1175 2344 1228 Εἰ
2391 1177 2418 1228 6
2448 1177 2505 1226 ὲν
2551 1175 2712 1247 σαρκί
2747 1173 3129 1248 φησιν,’Ἐγ·ώ
3165 1175 3280 1242 εἰμι
3328 1175 3366 1240 ἡ
3414 1174 3556 1239 ὁδός
3580 1195 3592 1206 ’
3630 1177 3725 1230 καὶ
3755 1174 3783 1226 ό

2205 1268 2394 1330 αὐτὸς·
2431 1267 2640 1333 Οὐδεὶς
2672 1268 2902 1337 ἔρχεται
2929 1269 3074 1334 πρὸς
3108 1266 3211 1320 τὸν
3243 1265 3473 1333 Πατέρα
3507 1269 3561 1317 εἰ
3589 1269 3678 1334 μὴ
3711 1268 3781 1320 δι’

2203 1360 2347 1430 ἐμοῦ
2371 1377 2384 1390 ’
2414 1360 2572 1423 αὐτὸς
2610 1363 2726 1414 ἐστι
2765 1361 2855 1412 καὶ
2885 1362 2912 1411 6
2958 1358 3158 1412 εἰπών’
3193 1359 3408 1424 Κύριος
3459 1357 3671 1411 ἐκτισέ
3709 1379 3785 1427 με

2203 1449 2399 1519 ἀρχὴν
2429 1450 2584 1504 ὁδῶν
2624 1451 2829 1506 αὑτοῦ.
2895 1450 3123 1518 Λέγεται
3168 1450 3224 1502 δὲ
3256 1449 3346 1502 καὶ
3372 1451 3463 1502 ἐπὶ
3509 1451 3787 1518 γεννήμας

2203 1559 2293 1605 τος
2346 1543 2551 1612 κτίσμα
2596 1545 2688 1596 καὶ
2732 1542 2962 1612 ποίημα,
2995 1541 3068 1606 ὡς
3110 1541 3203 1607 τὸ,
3252 1539 3620 1609 Ἐκτισάμην
3672 1540 3784 1608 (49)

2205 1633 2518 1700 ἄνθρωπον
2551 1635 2645 1689 διὰ
2694 1634 2796 1687 τοῦ
2846 1633 3026 1687 Θεοῦ·
3071 1637 3161 1688 καὶ
3203 1633 3396 1687 πάλιν·
3459 1633 3786 1698 Ἐποίησεν

2207 1726 2375 1792 υἱοὺς
2413 1729 2510 1780 καὶ
2555 1726 2879 1796 θυγατέρας
2898 1741 2909 1754 ·
2949 1725 3043 1778 καὶ
3075 1729 3103 1778 6
3128 1726 3289 1779 Δαείδ
3308 1743 3322 1756 ·
3352 1723 3619 1792 Καρδίαν
3643 1726 3784 1776 καθ-

2205 1819 2356 1887 αρὰν
2387 1822 2600 1872 κτίσον
2646 1821 2714 1871 ἐν
2747 1818 2908 1886 ἐμοὶ,
2940 1820 2972 1870 ό
3016 1817 3177 1882 Θεὸς,
3226 1819 3325 1870 οὐκ
3371 1817 3538 1886 ἄλλην
3593 1814 3783 1876 αἰτῶν,

2206 1910 2338 1964 ἀλλᾶ
2365 1912 2462 1980 τὴν
2495 1908 2657 1963 οὖσαν
2689 1907 3019 1978 καθαρθῆναι
3039 1907 3297 1979 δηλονότι.
3334 1910 3566 1980 Εἴρηται
3601 1907 3658 1960 δὲ
3697 1908 3788 1959 καὶ

2207 2002 2365 2069 καινὴ
2394 2000 2587 2061 κτίσις,
2620 2001 2715 2067 οὐχ
2740 1998 2814 2060 ὡς
2846 1996 3012 2066 ἄλλης
3041 1997 3269 2062 κτίσεως
3292 1997 3614 2065 γενομένης,
3650 1993 3786 2045 don

2205 2090 2309 2141 τῶν
2364 2087 2742 2157 φωτιζομένων
2778 2087 2868 2139 ἐπὶ
2915 2085 3181 2155 βελτίοσιν
3213 2087 3390 2157 ἔργοις
3433 2099 3785 2135 κατασκευα-

2206 2180 2464 2248 ζομένων.
2494 2181 2554 2232 Εἰ
2607 2181 2683 2241 είς
2714 2179 2851 2249 ἔργα
2876 2179 2966 2231 τὸν
3003 2179 3129 2232 Υίὸν
3155 2183 3181 2232 ὁ
3224 2177 3410 2246 Πατὴρ
3445 2174 3694 2234 ἔκτισεν,
3726 2174 3786 2224 οὐ

2204 2271 2270 2323 δι’
2302 2271 2482 2332 αὐτὸν,
2512 2271 2646 2323 ἀλλὰ
2677 2272 2764 2323 διὰ
2797 2271 2863 2323 τὰ
2897 2271 3034 2343 ἔργα
3064 2273 3223 2325 αὑτὸν
3256 2271 3486 2321 ἔκτισεν.
3527 2267 3601 2318 Τδ
3632 2266 3688 2318 δὲ
3721 2265 3786 2317 δι’

2205 2361 2391 2432 ἕτερον
2414 2364 2507 2415 καὶ
2536 2363 2595 2413 οὑ
2631 2363 2694 2414 δι’
2727 2362 2855 2414 αὐτὸ
2881 2364 2990 2433 (50)
3021 2365 3323 2432 γινόμενον,
3361 2359 3394 2429 ἢ
3434 2358 3600 2429 μέρος
3642 2358 3787 2410 ὲκεί-

2208 2473 2294 2507 νου
2324 2455 2388 2507 δι’
2422 2454 2448 2506 ὃ
2482 2453 2714 2520 ἐγένετο,
2746 2454 2777 2525 ἢ
2810 2451 2969 2524 ἦττον
2999 2453 3176 2508 αὑτοῦ.
3215 2452 3406 2503 Ἔσται
3432 2447 3524 2502 οὗν
3553 2449 3588 2519 ἢ
3625 2450 3788 2521 μέρος

2208 2547 2236 2598 6
2271 2545 2455 2616 Σωτὴρ
2485 2547 2583 2615 τῆς
2617 2545 2867 2608 κτίσεως,
2905 2545 2936 2614 ἢ
2967 2546 3142 2613 ἥττων
3166 2542 3264 2609 τῆς
3295 2540 3547 2601 κτίσεως.
3591 2539 3787 2605 Ἀνάγ-

2210 2655 2278 2707 κη
2315 2638 2426 2708 (51)
2455 2633 2547 2690 οὖν
2583 2639 2660 2698 εἰς
2693 2637 2788 2706 τὴν
2817 2634 3208 2704 ἁνθρωπότητα
3237 2631 3400 2685 αὑτοῦ
3430 2632 3592 2683 νοεῖν.
3631 2629 3789 2680 Εἴποι

2208 2731 2251 2782 δ’
2279 2731 2342 2782 ἂν
2363 2749 2444 2793 τις
2477 2732 2569 2784 καὶ
2601 2733 2690 2784 τὸν
2721 2727 3036 2799 Σολομῶντα
3068 2727 3196 2795 περὶ
3218 2726 3316 2794 τῆς
3350 2723 3544 2792 σοφίας
3573 2722 3790 2792 ἐκείνης

2209 2822 2486 2890 εἰρηκέναι
2519 2822 2688 2875 ταῦτα
2730 2820 2864 2891 (52),
2915 2815 2981 2891 ἦς
3014 2819 3107 2870 καὶ
3147 2819 3174 2869 6
3215 2815 3534 2880 Ἀπόστολος
3580 2815 3792 2885 μέμνηο

2208 2929 2295 2964 ται
2322 2911 2526 2964 εἰπών·
2593 2912 2830 2978 Ἐπειδὴ
2881 2912 2990 2980 γὰρ
3026 2910 3095 2963 ὲν
3143 2907 3217 2977 τῇ
3256 2909 3440 2977 σοφίᾳ
3480 2907 3590 2961 τοῦ
3645 2906 3792 2960 Θεοῦ

2209 3002 2319 3053 οὐκ
2341 2999 2493 3067 ἔγνω
2517 3003 2548 3052 ό
2573 3001 2800 3067 κόσμος
2825 2999 2919 3052 διὰ
2944 2998 3052 3066 τῆς
3082 2998 3300 3066 σοφίας
3325 2999 3429 3050 τὸν
3457 2997 3629 3050 Θεόν.
3672 2995 3792 3046 ’Λλ-

2211 3091 2317 3155 λως
2352 3109 2410 3144 τε
2446 3094 2539 3144 καὶ
2583 3091 2701 3144 οὐδὲ
2735 3092 3019 3161 προφήτης
3046 3093 3073 3142 6
3097 3089 3284 3152 εἰπὼν,
3320 3089 3453 3141 ἀλλὰ
3481 3090 3792 3158 Παροιμια-

2217 3187 2365 3256 στής.
2392 3185 2456 3236 Αἱ
2488 3184 2542 3236 δὲ
2573 3182 2860 3254 παροιμίαι
2903 3181 3109 3243 εἰκόνες
3141 3180 3367 3252 ἐτέρων,
3405 3181 3505 3232 οὐκ
3550 3179 3693 3233 αὐτὰ
3727 3181 3795 3232 τὰ

2215 3278 2500 3348 λεγόμενα.
2531 3278 2592 3330 Εἰ
2617 3280 2644 3330 6
2667 3276 2796 3339 Θεὸς
2818 3276 2943 3338 Υἱὸς
2966 3270 3036 3345 ἦν
3066 3275 3094 3326 6
3120 3273 3313 3342 λέγων,
3342 3275 3556 3341 Κύριος
3587 3271 3793 3328 ἐκτισέ

2211 3388 2306 3438 με,
2340 3371 2535 3440 μᾶλλον
2565 3371 2631 3423 ἂν
2678 3365 2847 3434 εἶπεν,
2882 3369 2910 3420 6
2941 3369 3129 3437 Πατὴρ
3182 3366 3362 3419 ἔκτισέ
3402 3383 3490 3436 με.
3534 3363 3792 3435 Οὐδαμοῦ

2216 3461 2321 3532 γὰρ
2353 3462 2512 3513 αὑτὸν
2539 3460 2739 3529 Κύριον
2799 3459 3023 3523 ἑαυτοῦ,
3071 3460 3156 3510 ἀεὶ
3209 3457 3264 3509 δὲ
3319 3457 3536 3527 Πατέρα
3585 3456 3791 3510 ἐκάλει.

2215 3552 2459 3622 Ληπτέον
2492 3547 2583 3602 οὖν
2608 3551 2667 3602 τὸ
2703 3551 2821 3618 μὲν,
2848 3549 3196 3615 ἐτέον-ησεν,
3230 3550 3320 3599 ἐπὶ
3349 3547 3440 3599 τοῦ
3467 3545 3604 3598 Θεοῦ
3642 3546 3793 3609 Υἰοῦ,

2213 3643 2274 3694 τὸ
2306 3643 2381 3703 δὲ,
2413 3643 2671 3700 ἔκτισεν,
2709 3642 2799 3691 ἐπὶ
2840 3637 2933 3690 τοῦ
2969 3638 3064 3708 τὴν
3103 3639 3314 3708 μορφὴν
3354 3637 3450 3689 τοῦ
3479 3636 3669 3690 δούλου
3703 3637 3795 3689 λα-

2216 3733 2419 3795 ϐόντος.
2440 3734 2524 3784 Ἐν
2556 3733 2686 3783 πᾶσι
2712 3731 2767 3784 δὲ
2792 3729 2999 3792 τούτοις
3024 3729 3083 3781 οὐ
3108 3728 3197 3779 δύο
3220 3726 3468 3797 λέγομεν,
3499 3726 3636 3780 Θεὸν
3666 3727 3793 3796 ἰδίᾳ,

2217 3825 2309 3875 καὶ
2343 3823 2623 3894 ἄνθρωπον
2657 3821 2761 3891 ἰδίᾳ
2794 3814 2895 3890 (εἷς
2926 3818 3034 3889 γὰρ
3065 3814 3177 3888 ἦν),
3209 3817 3343 3870 ἀλλὰ
3385 3817 3505 3870 κατ’
3550 3818 3795 3871 ἐπίνοιαν

2216 3916 2312 3985 τὴν
2358 3915 2586 3968 ἑκάστου
2637 3912 2796 3980 φύσιν
2831 3911 3190 3980 λογιζόμενοι.
3245 3909 3380 3961 Οὐδὲ
3429 3910 3537 3980 γὰρ
3587 3911 3794 3980 Πέτρος

2216 4007 2308 4060 δύο
2351 4009 2567 4077 ἐνόησεν
2595 4004 2798 4059 εἰπών·
2843 3998 3096 4071 Χριστοῦ
3140 3999 3252 4056 οὖν
3295 4004 3594 4068 παθόντος
3641 4003 3794 4071 ὑπὲρ

2217 4100 2386 4169 ἡμῶν
2409 4100 2607 4168 σαρκί.
2659 4098 2722 4150 Εἰ
2769 4097 3034 4166 γέννημα,
3083 4093 3476 4163 φασὶν,ὁΥίὸς
3525 4095 3668 4158 ἐστι,
3703 4095 3795 4148 καὶ

2219 4193 2278 4244 οὐ
2311 4192 2540 4263 ποίημα,
2577 4190 2746 4260 πῶςὴ
2773 4188 2961 4260 Γραφὴ
3002 4187 3147 4255 λέγει
3168 4203 3180 4216 ·
3224 4185 3539 4254 Ἀσφαλῶς
3569 4183 3686 4241 οὖν
3707 4206 3793 4256 γι-

2219 4282 2495 4337 νωσκέτω
2528 4280 2644 4346 πᾶς
2683 4277 2843 4345 οἶκος
2876 4279 3112 4346 Ἰσραὴλ
3137 4318 3150 4339 ,
3179 4278 3268 4331 ὅτι
3315 4277 3410 4330 καὶ
3443 4280 3664 4346 Κύριον
3691 4280 3795 4330 αὐ-

2219 4373 2325 4425 τὸν·
2384 4373 2484 4424 καὶ
2522 4371 2780 4439 Χριστὸν
2828 4373 2860 4423 ὁ
2906 4369 3050 4433 Θεὸς
3093 4370 3382 4434 ἐποίησε;
3436 4369 3657 4437 Ῥητέον
3703 4365 3793 4422 οὖν

556 4459 738 4528 itaque
763 4460 926 4512 etiam
971 4459 1058 4514 hic
1086 4459 1391 4525 dicendum,
1433 4461 1484 4514 id
1518 4461 1585 4513 de
1611 4474 1676 4512 eo
1723 4458 1810 4526 qui
1845 4474 1910 4513 cx
1950 4459 2109 4514 Maria

2221 4462 2571 4516 καὶίὲνταῦθα
2594 4460 2832 4532 περὶτοῦ
2861 4463 2922 4512 ὲκ
2946 4460 3166 4530 Μαρίας
3197 4460 3257 4511 τὸ
3288 4458 3429 4512 κατὰ
3463 4459 3577 4528 (55)
3614 4461 3793 4529 σάρκα

556 4559 640 4604 est
676 4551 968 4604 secundum
1002 4562 1218 4603 carnem
1253 4549 1452 4604 dictum
1499 4547 1703 4604 fuisse:
1737 4550 1879 4604 sicut
1919 4559 1974 4603 et
2019 4565 2116 4604 an-

627 4729 674 4762 ”
714 4729 870 4785 Rom.
897 4745 1012 4796 vm,
1032 4731 1121 4798 29.
1223 4732 1270 4763 “
1295 4730 1453 4785 Prov.
1485 4747 1601 4788 vut.
1630 4732 1719 4784 22.

559 4801 603 4834 ”
641 4801 774 4856 Gen.
823 4815 873 4854 ν.
925 4801 980 4855 4.
1053 4798 1098 4834 ⁵⁸
1133 4800 1276 4857 Psal.
1322 4818 1371 4858 L.
1424 4802 1511 4856 ιε.
1588 4801 1905 4868 ""1CUI'.I,
1937 4802 2023 4855 21.

630 4892 740 4962 (48)
772 4891 950 4962 Codex
970 4892 1119 4948 Colh.
1146 4895 1220 4957 ὡς
1248 4897 1276 4947 6
1309 4895 1650 4956 Ἀπόστολος.

634 4961 743 5030 (49)
773 4961 902 5028 lteg.
924 4965 1112 5035 tertius
1141 4966 1479 5035 ἐκτησάμην,
1508 4968 1733 5032 possedi.
1762 4967 1864 5020 Sed
1884 4966 2122 5021 dubitari

560 5047 666 5086 non
716 5043 911 5097 pulest,
948 5034 1076 5099 quin
1110 5049 1172 5086 ex
1223 5034 1421 5088 Bibliis’
1447 5038 1621 5104 inepte
1659 5039 1731 5090 ita
1775 5039 2120 5091 emendatum

558 5105 647 5165 sit,
693 5116 813 5152 cum
859 5115 959 5153 vox
989 5105 1190 5168 possedi
1247 5105 1313 5158 ad
1343 5106 1486 5158 hunc
1520 5107 1694 5159 locum
1726 5107 2120 5160 accommodari

563 5172 710 5245 nullo
741 5169 896 5222 modo
913 5172 1100 5245 possit.
1135 5174 1312 5245 Codex
1340 5173 1490 5227 Colh.
1519 5187 1572 5228 et
1604 5178 1691 5228 alii
1730 5189 1963 5245 quatuor
1987 5192 2119 5230 mss.

563 5240 712 5309 Regii
762 5247 815 5291 et
860 5242 984 5315 editi
1041 5241 1362 5314 ὲκτισάμην,
1421 5247 1623 5308 creavi;
1661 5258 1714 5297 et
1750 5240 1832 5299 ita
1884 5245 1972 5298 hic
2017 5246 2119 5315 legi

561 5320 829 5382 oportere.
868 5312 1035 5382 series
1083 5312 1342 5368 orationis
1397 5328 1582 5382 aperte
1618 5318 1856 5369 ostendit
1896 5334 1908 5368 :
1943 5312 2115 5382 siqui-

561 5381 682 5433 dem
721 5379 940 5454 verbum
969 5381 1267 5453 ὲκτισάμην
1316 5384 1379 5437 ad
1411 5379 1596 5437 vocem
1640 5387 1968 5454 superiorem
1998 5379 2111 5436 κτί-

562 5463 674 5520 σμα
702 5447 1035 5522 referendum
1060 5447 1179 5506 esse
1210 5447 1362 5508 nemo
1379 5469 1482 5507 non
1511 5455 1672 5508 videt.
1701 5447 1869 5508 Aliter
1898 5455 2112 5522 quidem

565 5519 615 5572 id
669 5519 784 5592 aliis
813 5522 1206 5592 exemplaribus
1233 5527 1464 5592 scriptus
1493 5527 1763 5578 invenitur
1813 5519 2110 5587 hic—locus,

566 5598 622 5661 ut
654 5590 831 5661 videre
857 5603 937 5661 est
966 5595 1015 5642 in
1057 5590 1306 5661 Hexaptis
1331 5590 1357 5646 ε’
1380 5595 1470 5648 sed
1499 5596 1550 5647 in
1584 5611 1647 5648 eo
1681 5596 2024 5648 consentiunt
2062 5596 2115 5647 hi

563 5659 720 5734 libri,
753 5660 898 5734 quod
952 5661 1143 5716 habent
1185 5659 1369 5718 Omnes
1426 5681 1530 5718 non
1565 5665 1884 5734 ὲκτισὰμην,
1924 5664 2113 5727 creavi,

565 5731 657 5803 sed
705 5729 1038 5800 ἐκτησάμην,
1073 5736 1298 5799 possedi.
1328 5735 1626 5788 Notandum
1662 5729 1938 5803 praeterea,
1968 5734 2031 5803 in_
2053 5747 2118 5787 eo

565 5793 682 5854 loco
743 5793 834 5867 qui
893 5793 1082 5856 s'ta'tint'
1131 5805 1398 5873 profertur
1445 5822 1474 5860 e
1527 5793 1712 5874 quiuio
1770 5793 1946 5876 capite
1998 5801 2104 5858 (εἶοο

1820 4733 1863 4763 ’⁵
1893 4728 2046 4785 JOan.
2097 4749 2203 4795 xw.
2240 4734 2292 4787 6.

2221 4555 2500 4627 εἰρῆσθαι·
2535 4555 2609 4618 ὡς
2643 4553 2773 4623 γοῦν
2806 4554 2898 4606 κσῦ⁴
2931 4555 2958 4606 6
2991 4553 3219 4622 ἄγγελος
3249 4555 3276 4603 6
3307 4550 3793 4621 εὐαγγελιζόμενος

2398 4732 2443 4764 ’⁸
2484 4730 2618 4786 ibid.
2707 4730 2749 4762 ’⁷
2794 4730 2952 4783 Prov.
3003 4743 3121 4793 vut,
3166 4726 3256 4781 22.
3331 4724 3378 4757 ³⁸
3420 4724 3555 4780 Gen.
3619 4740 3697 4793 Iv,
3741 4728 3790 4780 1.

2101 4803 2146 4834 ³⁸
2185 4805 2381 4860 lPetr.
2410 4819 2485 4867 tv,
2516 4803 2567 4860 l.
2609 4799 2654 4833 ⁸³
2692 4802 2813 4854 Act.
2842 4815 2904 4862 ll,
2928 4798 3017 4853 56.

2221 4915 2338 4955 nes.
2386 4914 2491 4952 non
2549 4897 2650 4966 legi
2687 4895 2738 4948 id
2788 4893 2980 4966 Bihliis
3033 4889 3285 4966 ἐποίησεν
3320 4888 3471 4950 υἱοὺς
3500 4887 3796 4966 καὶ-θυγατ

2217 4971 2411 5041 τέρας,
2433 4969 2555 5036 Ῑεοὶι
2602 4958 2746 5041 ﬁlios
2769 4964 3008 5041 etnﬁ‘lias,
3047 4958 3478 5041 sed,n'éyévvrjsav
3514 4958 3677 5041 ποιοὺς
3704 4960 3793 5040 καὶ

2220 5026 2543 5109 Θυίτατέρας,
2593 5026 2764 5105 genuit
2809 5026 2947 5102 ﬁlios
2998 5026 3050 5085 et
3105 5031 3262 5098 ﬁlias.
3319 5026 3462 5098 Lege
3513 5026 3797 5082 Pml'atio-

2219 5125 2400 5248 uigil)
2455 5177 2633 5248 Codex
2673 5174 2843 5248 Coll).
2907 5170 3075 5248 06‘66
3124 5167 3333 5248 ἑαυτό..
3370 5167 3501 5236 Reg.
3563 5177 3794 5247 quartus

2215 5239 2620 5302 οὺ’δι”ὲαυτοῦ.
2673 5245 2810 5298 Ειιίιί
2854 5253 2910 5298 et
2954 5242 3084 5306 Reg.
3137 5239 3405 5293 secundus
3444 5249 3504 5289 ut
3563 5239 3614 5290 in
3667 5251 3765 5288 c0u

2427 5387 2558 5457 Reg.
2589 5395 2815 5457 quartus
2858 5392 2912 5438 et
2942 5381 3093 5436 Colh.
3128 5379 3161 5449 ἢ
3191 5373 3352 5449 ἦττον
3377 5377 3565 5446 αὐτῆς.
3595 5375 3794 5440 Ἀνάγ-

2215 5477 2401 5602 κῗξῧὶ)
2431 5527 2797 5602 Antiquiduo
2827 5523 2950 5578 libri
2986 5518 3268 5592 εἰρηκέναι
3291 5518 3483 5572 ταῦτα.
3520 5515 3638 5570 Vox
3666 5514 3794 5567 ταῦ-

2220 5597 2289 5653 τᾶ.
2302 5597 2364 5653 in
2395 5597 2882 5670 vulgatis_deerat._
3144 5664 3154 5670 _
3321 5669 3327 5670 γ
3369 5659 3382 5670 θ

2297 5671 2406 5739 (55)
2435 5664 2577 5721 Edili
2605 5667 2813 5739 Μαρίας
2839 5666 2928 5720 τὸν
2947 5679 3106 5719 κατα.
3129 5664 3198 5718 At
3215 5664 3385 5717 nostri
3404 5667 3610 5730 septem
3637 5670 3788 5712 mss”

2224 5738 2441 5805 Μαρίας
2470 5739 2531 5794 τὸ
2567 5738 2726 5792 κατά.
