4008 6452
534 357 639 413 715

1866 353 1922 405 S.
1959 350 2200 404 BASILII
2238 351 2455 404 MAGNI

3665 346 3775 401 7ἓὸ

522 469 736 534 replevit
769 464 938 515 orbem
962 472 1243 520 terrarum,
1281 470 1328 511 et
1351 461 1448 512 hoc
1469 459 1606 526 quod
1635 460 1860 512 continet
1883 462 2055 512 omnia
2074 497 2088 520 ,

2199 461 2402 511 στέλλει
2429 477 2440 488 ’
2473 457 2771 525 ἀποστολὴν
2796 458 2851 508 δὲ
2876 458 3030 510 καλεῖ
3056 458 3150 528 τὴν
3178 455 3308 526 πρὸς
3330 455 3390 506 τὸ
3416 456 3578 524 ἔργον
3599 463 3770 516 αὑτοῦ

522 554 790 609 scientiam
838 550 985 600 habet
1027 549 1163 600 vocis
1205 548 1271 600 ⁸⁷.
1321 545 1387 598 Ει
1433 547 1653 613 angelus
1695 549 1761 600 ad
1813 548 2077 600 Mariam:

521 643 749 713 Spiritus
820 636 1034 692 Domini
1105 639 1431 702 superveniet
1508 637 1563 690 in
1617 647 1704 702 te,
1771 645 2083 708 quapropter

515 747 564 789 at
617 732 720 783 hoc
775 727 916 795 quod
966 737 1240 792 nascetur,
1301 741 1366 780 ea:
1424 723 1626 791 Spiritu
1675 727 1841 798 298
1903 733 2081 780 sancto
2126 718 2134 727 ’

518 833 594 876 est
642 820 710 872 ⁸⁸.
759 817 914 884 Quod
985 831 1050 870 ex
1107 814 1288 886 aliquo
1339 826 1461 881 est,
1522 815 1572 871 id
1629 818 1697 872 ab
1752 835 1815 874 eo
1868 825 1953 872 est
1999 816 2082 871 vel

519 928 616 983 per
661 910 948 967 creationis
980 907 1222 974 modum,
1266 916 1324 962 ut
1378 905 1506 960 illud
1535 925 1549 960 :
1582 905 1729 962 Unus
1760 909 1896 962 Deus
1927 905 2085 962 Pater

518 1017 584 1060 ea
605 1017 707 1070 quo
741 999 918 1053 omnia
949 996 1026 1064 ⁶⁹;
1057 1008 1151 1053 aut
1188 1010 1284 1065 per
1321 996 1537 1050 modum
1580 997 1958 1068 generationis,
1995 1013 2085 1053 se-

512 1094 753 1161 cundum
786 1091 915 1145 illud
948 1104 964 1144 :
999 1089 1110 1161 Ego
1137 1105 1202 1143 ex
1236 1086 1398 1141 Patre
1441 1091 1581 1144 exivi
1603 1092 1682 1158 ";
1719 1099 1773 1145 et
1807 1089 1972 1144 illud:
2004 1089 2088 1144 Er-

519 1197 665 1239 utero
690 1193 810 1237 ante
835 1181 1111 1251 luciferum
1151 1180 1307 1247 genui
1340 1179 1491 1247 te“;
1531 1197 1632 1236 non
1687 1180 1828 1250 quod
1872 1188 2084 1234 uterum

519 1277 660 1332 Deut
681 1274 895 1336 habeat,
922 1272 1012 1327 sed
1040 1271 1183 1338 quod
1211 1271 1426 1339 genuini
1461 1282 1514 1326 et
1539 1286 1642 1326 non
1677 1270 1822 1324 nOIhi
1850 1270 1990 1325 fetus
2021 1286 2086 1327 ex

519 1379 675 1423 utero
704 1373 983 1434 parentum
1015 1362 1263 1432 generari
1305 1362 1532 1427 soleant,
1575 1372 1861 1430 propterea
1893 1362 2089 1418 habere

519 1474 579 1514 se
608 1458 658 1510 iu
691 1454 1241 1527 generandO‘uterum
1267 1453 1400 1509 dixit
1431 1453 1593 1514 Deus,
1625 1452 1691 1506 ad
1716 1451 2087 1508 confusionem

520 1547 827 1618 impiorum,
856 1553 912 1598 ut
951 1544 1028 1599 vel
1059 1559 1154 1598 sua
1213 1544 1446 1614 ipsorum
1491 1551 1688 1596 natura
1725 1544 2088 1608 considerata,

521 1643 729 1695 discant
773 1637 966 1691 Filium
1013 1634 1249 1690 fructum
1277 1650 1397 1690 esse
1447 1632 1624 1690 Patris
1670 1637 1981 1704 genuinum,
2009 1645 2092 1690 ut-

521 1741 645 1799 pote
659 1747 724 1784 ex
744 1728 861 1797 ejus
882 1736 1038 1782 utero
1062 1735 1447 1798 emergentem.
1463 1725 1612 1792 Quod
1637 1725 1818 1798 itaque
1831 1743 1894 1782 ex
1913 1728 2090 1796 aliquo

522 1828 628 1884 est,
665 1820 715 1874 id
743 1829 838 1872 aut
884 1834 979 1888 per
1002 1818 1292 1873 creatiouis
1341 1818 1583 1885 modum,
1620 1831 1712 1873 aut
1748 1836 1844 1890 per
1873 1822 2087 1874 modum

519 1909 907 1980 generationis,
952 1919 1043 1962 aut
1087 1917 1276 1979 sponte
1306 1917 1513 1963 natura:
1561 1925 1627 1965 ex
1659 1911 1774 1980 ipso
1812 1920 1916 1976 est,
1944 1910 2090 1964 velut

519 1999 764 2066 Operatio
806 2008 992 2054 nostra
1030 2014 1094 2053 ex
1147 1998 1322 2060 nobis,
1355 2007 1449 2053 aut
1496 1999 1640 2054 velut
1682 1999 1934 2066 splendor
1960 1999 2091 2054 solis

519 2104 587 2148 ex
616 2091 750 2160 ipso.
782 2091 967 2160 Itaque
1016 2090 1058 2143 si
1107 2091 1604 2158 supermundanum
1645 2090 1850 2145 Christi
1895 2106 2092 2160 corpus

520 2199 590 2240 ex
635 2186 837 2254 Spiritu
882 2193 1067 2242 sancto
1101 2193 1202 2247 est,
1245 2200 1352 2240 non
1395 2195 1576 2237 tamen
1628 2184 1872 2253 genitura
1925 2185 2092 2252 ipsius

520 2287 641 2328 esse
669 2281 843 2342 potest
861 2289 875 2338 ;
892 2273 1322 2341 quandoquidem
1343 2270 1495 2336 Quod
1528 2282 1707 2326 natum
1728 2283 1800 2326 est
1822 2289 1885 2326 ea:
1911 2289 2088 2341 carne,

521 2379 644 2422 caro
665 2373 737 2418 est
763 2380 781 2419 :
811 2373 857 2418 et
895 2365 1030 2435 quod
1051 2376 1228 2416 natum
1247 2375 1320 2418 est
1347 2382 1411 2419 ea:
1427 2367 1635 2433 spiritu,
1675 2365 1896 2433 spiritus
1926 2377 2000 2420 est
2022 2367 2088 2420 υ.

525 2455 706 2529 Neque
739 2473 925 2513 rursus
952 2471 1016 2511 ex
1042 2457 1160 2527 ipso
1184 2457 1327 2512 velut
1371 2458 1616 2527 operatio
1652 2459 1843 2529 ipsius,
1881 2461 2007 2530 quia
2039 2460 2090 2513 in

523 2550 752 2618 simplici
807 2561 862 2606 et
908 2550 1220 2619 incorporea
1253 2559 1442 2603 natura
1476 2551 1720 2604 eamdem
1776 2552 2094 2607 substantiae

523 2642 784 2696 rationem
818 2646 1062 2711 operatio
1105 2642 1351 2708 suscipit.
1399 2642 1742 2707 Relinquitur
1775 2660 1905 2713 ergo
1940 2655 1999 2698 ut
2024 2661 2091 2698 ex

523 2732 640 2801 ipso
667 2732 736 2787 sit
779 2741 1047 2802 tanquam.
1081 2732 1197 2800 ejus
1228 2742 1496 2786 creatura.
1548 2730 1746 2786 Verum
1797 2741 1850 2786 et
1878 2733 1965 2786 ille
1999 2734 2088 2788 Dei

522 2825 720 2895 digitus
774 2826 867 2892 qui
919 2826 1191 2896 pulverem
1235 2824 1288 2878 in
1344 2823 1579 2896 ASgypto
1625 2827 2004 2880 trausmutavit
2039 2827 2089 2879 in

524 2917 802 2984 animalia,
819 2920 1049 2989 primum
1067 2917 1379 2973 animalium
1405 2928 1580 2972 ortum
1598 2918 1893 2973 ostendens
1915 2917 1983 2983 “,
1999 2917 2092 2972 Pa-

523 3007 759 3064 racletus
787 3017 926 3074 erat,
955 3008 1186 3077 Spiritus
1208 3009 1297 3062 ille
1329 3009 1592 3063 veritatis.
1623 3008 1756 3063 Nam
1786 3025 1906 3063 cum
1930 3026 2094 3065 evan-

521 3099 722 3167 gelista:
754 3108 863 3153 tres
897 3113 1117 3152 narrent
1161 3099 1442 3152 Dominum
1474 3101 1539 3152 ad
1586 3099 1803 3156 Iudaeos
1839 3103 2039 3157 dixisse
2077 3119 2090 3155 :

524 3188 586 3250 Si
603 3199 775 3243 autem
794 3206 885 3259 ego
919 3189 972 3242 in
1002 3190 1202 3257 Spiritu
1236 3189 1328 3242 Dei
1357 3190 1510 3258 ejicio
1536 3193 1999 3262 dwmonia,igitur
2023 3197 2091 3247 ad

523 3295 610 3334 vos
653 3282 878 3348 pervenit
929 3297 1138 3350 regnum
1172 3279 1263 3333 Dei
1280 3281 1326 3312 “
1352 3297 1366 3345 ;
1391 3295 1513 3335 eum
1539 3281 1712 3337 Lucas
1741 3285 1816 3336 ait
1847 3285 2046 3339 dixisse
2075 3301 2090 3337 :

523 3373 586 3429 Si
617 3384 789 3427 autem
810 3391 903 3444 ego
926 3375 981 3428 in
996 3375 1157 3443 digito
1189 3374 1282 3428 Dei
1305 3376 1458 3443 ejicio
1486 3377 1770 3441 daemonia,
1795 3378 1956 3447 igitur
1983 3396 2094 3446 per-

523 3465 658 3519 uenit
683 3465 751 3518 ad
783 3483 869 3518 eos
894 3481 1110 3535 regnum
1140 3467 1385 3519 caelorum
1404 3466 1469 3520 ".
1501 3467 1732 3522 Proinde
1761 3483 1878 3536 quae
1925 3470 2091 3524 etiam

522 3572 621 3629 per
663 3556 879 3628 Moysen
915 3557 1112 3612 ﬂebant
1134 3560 1186 3612 in
1227 3558 1460 3629 Egypto
1492 3561 1666 3630 signa,
1697 3577 1816 3630 quae
1844 3549 2094 3616 videlicet

525 3648 690 3718 digito
719 3645 811 3701 Dei
860 3647 1179 3712 edebantur,
1203 3659 1256 3702 et
1286 3649 1598 3702 admiranda
1650 3649 1740 3704 Dei
1791 3651 1940 3718 signa
1970 3667 2090 3705 cum

528 3741 732 3808 Spiritu
757 3739 1190 3810 perliciebantur.
1235 3739 1402 3796 Porro
1437 3741 1525 3794 Dei
1555 3741 1753 3811 digitus
1784 3741 1836 3794 in
1881 3743 1947 3796 iis
1976 3760 2093 3810 quae

525 3847 555 3884 ο
589 3831 769 3904 Moyse
798 3842 852 3886 et
876 3833 1100 3887 Domino
1135 3833 1273 3888 facta
1307 3843 1430 3888 sunt
1457 3834 1640 3901 signis,
1659 3835 1836 3889 dictus
1855 3844 1938 3888 est
1973 3835 2090 3904 Spi-

525 3924 662 3978 ritus
703 3941 716 3978 :
749 3941 854 3979 non
908 3927 1052 3995 quod
1094 3928 1164 3981 sit
1194 3929 1387 3997 exigua
1422 3928 1666 3997 quaedam
1713 3931 1950 3997 potentia
1988 3946 2092 3984 una

523 4029 646 4068 cum
679 4015 786 4069 Deo
816 4017 1102 4079 exsistens,
1132 4020 1585 4084 quemadmodum
1620 4020 1671 4072 in
1699 4034 1926 4088 corpore
1956 4021 2093 4090 digi-

525 4115 636 4171 tus,
666 4106 759 4160 sed
786 4107 927 4176 quod
954 4122 1017 4160 ex
1053 4107 1116 4159 iis
1143 4107 1284 4161 illius
1319 4109 1473 4162 donis
1502 4122 1622 4176 qua:
1648 4123 1744 4176 per
1776 4110 2094 4165 divisionem

526 4194 683 4262 ﬁunt,
715 4211 878 4250 unum
933 4195 1150 4264 aliquod
1189 4206 1270 4250 est
1315 4197 1593 4266 signorum
1640 4212 1703 4250 ac
1751 4200 2093 4254 sanationum

527 4290 749 4350 donum.
773 4299 1054 4359 propterea
1089 4306 1252 4344 unum
1287 4289 1522 4358 aliquod,
1546 4304 1650 4342 non
1689 4291 1944 4343 universa
1970 4291 2092 4360 Spi-

526 4383 666 4436 ritus
706 4381 872 4446 dona,
906 4384 1133 4453 digitum
1187 4391 1367 4437 vocat.
1418 4380 1561 4436 Nam
1609 4383 1730 4435 huic
1770 4382 1978 4450 quidem
2004 4400 2095 4449 per

2190 546 2614 613 συγκατάὁασιν,
2643 545 2701 596 οὐ
2737 545 2834 614 τὴν
2864 547 2926 595 ἐκ
2948 545 3114 596 τόπου
3147 549 3224 609 εἰς
3249 545 3409 597 τόπον
3439 550 3768 613 μετάϐασιν.

2188 638 2308 688 Ὅτι
2338 637 2578 706 Πνεῦμα
2607 636 2825 702 Κυρίου
2865 634 3220 701 πεπλήρωκε
3242 636 3353 705 τὴν
3378 639 3768 705 οἰκουμένην,

2183 728 2280 780 καὶ
2312 729 2376 781 τὸ
2399 730 2664 797 συνέχον
2685 726 2756 780 τὰ
2781 725 2975 779 πάντα
3000 726 3227 794 γνῶσιν
3256 731 3378 797 ἔχει
3404 726 3609 798 φωνῆς
3625 729 3766 797 (89).

2185 820 2295 873 Καὶ
2322 821 2350 871 ὁ
2372 822 2600 889 ἄγγελος
2623 821 2687 889 τῇ
2707 819 2924 890 Μαρίᾳ·
2953 817 3191 886 Πνεῦμα
3214 823 3430 887 Κυρίου
3447 821 3770 875 ἐπελεύσε·

2183 929 2275 964 ται
2290 911 2384 962 ἐπὶ
2399 913 2587 966 σέ·διὸ
2600 910 2769 964 καὶτὸ
2782 909 3150 979 γεννώμενον
3159 912 3226 963 ἐκ
3237 914 3579 981 Πνεύματος
3589 913 3767 983 ἀτίου

2184 1001 2334 1055 ἐστι’.
2365 1001 2435 1053 Τὸ
2467 1000 2530 1053 ἐκ
2560 999 2756 1069 τινοςῆ
2787 1000 3189 1071 δημιουργικῶς
3214 1003 3357 1052 ἐστιν
3390 1002 3449 1068 ἐξ
3469 1005 3662 1069 αὐτοῦ,
3689 1003 3768 1066 ὡς

2188 1091 2267 1154 τὸ,
2315 1086 2421 1154 Εἷς
2457 1090 2601 1155 Θεὸς
2637 1093 2668 1143 d
2699 1088 2900 1154 Πατὴρ
2932 1088 3000 1150 ἐξ
3032 1085 3103 1144 οὗ
3136 1093 3208 1143 τὰ
3235 1089 3462 1142 πάντα·
3497 1092 3528 1159 ἢ
3564 1110 3764 1163 γεννη-

2186 1178 2373 1241 τικῶς,
2403 1179 2544 1231 κατὰ
2571 1179 2650 1239 τὸ,
2685 1176 2823 1245 Ἐγὼ
2861 1178 2930 1229 ἐκ
2952 1177 3060 1231 τοῦ
3086 1179 3314 1248 Πατρός
3339 1177 3635 1244 ἐξῆλθον·
3671 1184 3767 1233 καὶ

2187 1270 2264 1332 τὸ,
2311 1270 2404 1321 Ἐκ
2434 1271 2688 1338 γαστρὸς
2709 1267 2822 1337 πρὸ
2860 1268 3166 1337 ἑωσφόρον
3200 1270 3498 1340 ἐγέννησά
3523 1284 3618 1323 σε.
3649 1273 3766 1340 Οὐχ

2188 1365 2270 1416 ὃτι
2298 1363 2539 1432 γαστέρα
2558 1363 2666 1433 ἔχει
2695 1363 2723 1414 ὁ
2747 1362 2898 1424 Θεὸς,
2921 1362 3034 1414 ἀλλ’
3066 1366 3187 1416 ἐπεὶ
3207 1365 3275 1418 τὰ
3310 1364 3418 1435 (90)
3439 1363 3641 1433 γνήσια
3670 1365 3768 1415 καὶ

2189 1454 2249 1506 ού
2285 1451 2412 1504 νόθα
2453 1457 2767 1522 γεννήματα
2794 1453 2856 1504 ὲκ
2882 1454 3118 1523 γαστρὸς
3140 1454 3247 1506 τῶν
3276 1455 3482 1508 τοκέων
3516 1453 3769 1521 πεφύκα-

2192 1558 2275 1594 σιν
2309 1542 2728 1608 ἀπογεννᾶσθαι,
2755 1541 2995 1612 γαστέρα
3027 1542 3171 1612 ἔχειν
3221 1546 3412 1596 ἑαυτὸν
3439 1553 3496 1597 εν
3524 1544 3602 1613 τῷ
3639 1560 3768 1609 γεν-

2191 1635 2286 1703 νᾷν
2317 1634 2601 1705 ὠνόμασεν
2640 1637 2667 1686 ὁ
2705 1633 2866 1696 Θεὸς,
2905 1633 3039 1704 πρὸς
3083 1635 3346 1707 ἐντροπὴν
3376 1636 3484 1688 τῶν
3526 1633 3766 1697 ἀσεϐῶν,

2191 1727 2299 1790 ἵνα,
2327 1725 2430 1780 κᾶν
2460 1728 2558 1798 τὴν
2607 1726 2812 1780 ἑαυτῶν
2858 1729 3290 1798 κατανοήσαντες
3321 1727 3502 1793 φύσιν,
3551 1726 3768 1799 μάθωσι

2191 1820 2412 1889 γνήσιον
2451 1819 2589 1872 εἶναι
2629 1817 2838 1887 καρπὸν
2883 1817 2977 1871 τοῦ
3014 1819 3225 1886 Πατρὸς
3261 1817 3350 1867 τὸν
3386 1817 3532 1883 Υἱὸν,
3574 1819 3768 1885 ὥσπερ

2191 1914 2254 1966 ὲκ
2288 1913 2388 1983 τῆς
2418 1913 2621 1965 ἐκείνου
2648 1909 2986 1980 τυγχάνοντα
3008 1911 3262 1980 γαστρός.
3297 1909 3368 1960 Τὸ
3400 1909 3462 1961 ἑκ
3492 1928 3636 1972 τινος
3665 1908 3769 1960 τοὶ-

2192 2023 2306 2066 νυν,
2359 2004 2391 2074 ἢ
2453 2003 2880 2073 δημιουργικῶς,
2925 2004 2957 2074 ἢ
3008 2000 3369 2070 γεννητικῶς,
3428 2002 3460 2070 ἢ
3517 2000 3766 2069 φυσικῶς

2192 2099 2339 2151 ἐστιν
2381 2095 2439 2160 ἐξ
2475 2094 2660 2158 αὐτοῦ,
2717 2096 2792 2158 ὡς
2835 2099 2866 2166 ὴ
2913 2095 3159 2164 ἐνέργεια
3199 2092 3353 2162 ἡμῶν
3404 2091 3462 2155 ἐξ
3505 2093 3689 2160 ἡμῶν,
3732 2089 3767 2160 ἢ

2192 2189 2267 2253 ὡς
2291 2188 2352 2241 τὸ
2396 2187 2733 2258 ἀπαύγασμα
2772 2187 2866 2240 τοῦ
2903 2187 3053 2253 ἡλίου
3090 2184 3149 2248 ἐξ
3176 2185 3362 2237 αὐτοῦ.
3397 2183 3457 2235 Εἰ
3491 2182 3673 2234 τοίνυν
3710 2181 3768 2232 τὸ

2196 2280 2558 2352 ὑπερκὸσμιον
2584 2280 2696 2349 (91)
2727 2280 2885 2349 σῶμα
2906 2277 3141 2348 Χριστοῦ
3176 2279 3239 2330 ὲκ
3261 2274 3578 2347 Πνεῦματός
3616 2275 3769 2327 ἐστιν

2193 2374 2371 2440 ἁγίου,
2398 2372 2456 2424 οὺ
2479 2371 2701 2424 δυνατὸν
2721 2372 2778 2424 δὲ
2795 2371 3038 2438 γέννημα
3063 2369 3224 2423 αὐτοῦ
3259 2370 3546 2441 ὑπάρχειν,
3580 2369 3663 2420 ὅτι
3697 2367 3769 2420 Τὸ

2195 2462 2628 2535 γεγεννημένον
2659 2464 2726 2514 ἐκ
2764 2460 2871 2528 τῆς
2904 2461 3129 2528 σαρκὸς
3161 2461 3318 2528 σάρξ
3355 2462 3510 2512 ἐστι·
3558 2459 3656 2510 καὶ
3701 2459 3768 2510 τὸ

2195 2553 2628 2626 γεγεννημένον
2675 2554 2743 2606 ἐκ
2786 2553 2892 2606 τοῦ
2926 2554 3262 2619 πνεύματος
3305 2551 3540 2617 πνεῦμά
3572 2551 3765 2602 ἐστιν.

2195 2650 2317 2701 Οὐδ’
2354 2645 2418 2702 αὖ
2455 2647 2612 2702 πάλιν
2653 2646 2713 2710 ἐξ
2759 2645 2924 2698 αὑτοῦ
2955 2644 3030 2705 ὡς
3060 2643 3308 2712 ἐνέργεια
3348 2640 3534 2705 αὑτοῦ,
3563 2641 3645 2692 ὅτι
3672 2642 3770 2692 ἐπὶ

2193 2739 2372 2808 ἁπλῆς
2411 2741 2504 2791 καὶ
2554 2738 2846 2809 ἀσωμάτου
2901 2737 3114 2807 φύσεως
3171 2735 3261 2787 τὸν
3308 2733 3469 2788 αὑτὸν
3523 2732 3626 2801 τῆς
3678 2733 3769 2783 οῦ-

2196 2830 2314 2892 σίας
2349 2830 2458 2898 (92)
2484 2831 2639 2898 λόγον
2679 2831 2984 2898 ἐπιδέχεται
3013 2830 3045 2899 ἡ
3082 2828 3350 2899 ἐνέργεια.
3386 2825 3767 2879 ’Υπολεῐπεται

2193 2921 2300 2993 ἄρα
2339 2922 2398 2984 ἐξ
2443 2922 2605 2974 αὑτοῦ
2639 2916 2778 2974 εἶναι
2819 2921 2894 2984 ὡς
2941 2922 3146 2990 κτίσμα
3196 2919 3378 2973 αὐτοῦ.
3421 2920 3580 2971 Ἀλλὰ
3617 2922 3712 2971 καὶ
3742 2921 3769 2970 ὁ

2194 3014 2452 3078 δάκτυλος
2499 3013 2592 3066 τοῦ
2636 3013 2770 3065 Θεοῦ
2814 3014 2842 3065 ὁ
2904 3012 3222 3082 μεταϐαλὼν
3265 3016 3321 3065 ὲν
3369 3012 3628 3079 Αἰγύπτῳ
3675 3011 3769 3063 τὸν

2195 3106 2321 3178 χοῦν
2369 3107 2448 3171 εἰς
2482 3093 2630 3170 ζῶα,
2682 3106 2780 3176 τὴν
2832 3105 3070 3176 ἀρχῆθεν
3116 3104 3224 3157 τῶν
3277 3103 3430 3168 ζώων
3482 3103 3769 3169 ἀναδείξας

2195 3201 2429 3269 γένεσιν,
2465 3201 2492 3252 ὁ
2521 3198 2878 3269 Παράκλητος
2917 3193 3005 3266 ἦν,
3032 3198 3092 3249 τὸ
3112 3194 3336 3267 Πνεῦμα
3359 3196 3457 3267 τῆς
3484 3197 3767 3269 ἀληθείας.

2196 3292 2314 3345 Τῶν
2345 3291 2454 3361 γὰρ
2495 3290 2658 3361 τριῶν
2690 3288 3090 3356 εὐαγγελιστῶν
3117 3289 3404 3359 φησάντων
3447 3290 3581 3360 πρὸς
3630 3291 3769 3342 ἰου-

2193 3384 2371 3445 δαίους
2401 3381 2676 3452 εἰρηκέναι
2705 3380 2793 3433 τὸν
2826 3380 3029 3451 Κύριον
3054 3397 3068 3410 ·
3134 3385 3202 3434 El
3235 3381 3302 3434 δὲ
3337 3381 3450 3451 ἐγὼ
3476 3383 3543 3434 ὲν
3581 3382 3766 3433 Uri-rt}-

2189 3492 2329 3544 ματι
2363 3472 2510 3527 Θεοῦ
2549 3471 2820 3525 ἐκϐάλλω
2872 3474 2945 3526 τὰ
2994 3473 3289 3538 δαιμόνια,
3339 3475 3451 3543 ἄρα
3500 3474 3772 3540 ἔφθασεν

2192 3567 2282 3635 ἐφ’
2310 3551 2464 3634 ὑμᾶς
2504 3565 2851 3631 ήβασιλείίι
2898 3566 3003 3618 τοῦ
3057 3567 3202 3620 Θεοῦ
3230 3585 3243 3597 ·
3284 3568 3311 3618 ὁ
3350 3565 3554 3625 Λουκᾶς
3604 3580 3769 3632 φησιν

2193 3658 2469 3728 εἰρηκέναι
2503 3657 2664 3710 αὐτόν
2690 3674 2705 3689 ·
2737 3658 2803 3710 El
2839 3657 2906 3710 δὲ
2928 3657 3041 3726 ἐγὼ
3070 3659 3138 3711 ἐν
3171 3657 3445 3716 δακτύλῳ
3481 3653 3630 3706 Θεοῦ
3672 3655 3771 3706 ἐκ-

2195 3751 2392 3805 ϐάλλω
2416 3751 2486 3804 τὰ
2513 3749 2807 3820 δαιμόνια,
2841 3751 2954 3814 ἄρα
2996 3751 3262 3816 ἔφθασεν
3305 3746 3394 3815 ἐφ’
3417 3743 3569 3815 ὑμᾶς
3591 3747 3630 3812 ἡ
3653 3746 3772 3808 ,ϐα-

2193 3844 2392 3898 σιλεία
2432 3841 2551 3895 τῶν
2590 3842 2879 3911 οὐρανῶν.
2913 3839 3118 3892 Οὐκοῦν
3145 3839 3240 3890 καὶ
3267 3837 3334 3889 τὰ
3363 3836 3449 3888 διὰ
3487 3826 3769 3897 Μωῦσέως

2193 3936 2458 4005 γενόμενα
2505 3936 2561 3986 ὲν
2608 3934 2867 4000 Αἰγύπτῳ
2915 3932 3137 4001 σημεῖα,
3170 3928 3311 3999 ἅπερ
3339 3927 3583 3995 δακτύλῳ
3630 3925 3770 3978 Θεοῦ

2196 4025 2412 4095 ἐγένετο
2436 4024 2568 4093 (93),
2597 4021 2782 4075 καὶτὰ
2821 4019 3103 4092 παράδοξα
3137 4017 3230 4070 τοῦ
3261 4015 3397 4069 Θεοῦ
3431 4019 3631 4084 σημεῖα
3659 4018 3775 4067 ὲτε-

2197 4117 2565 4185 λεσιουργεῖτο
2605 4113 2701 4166 σὺν
2740 4112 2817 4181 τῷ
2858 4110 3158 4180 Πνεύματι.
3197 4107 3465 4169 Δάκτυλος
3513 4105 3570 4158 δὲ
3631 4105 3771 4157 Θεοῦ

2197 4207 2254 4258 ὲν
2283 4205 2489 4264 τούτοις
2511 4206 2620 4265 τοῖς
2637 4201 2741 4255 ὑπὸ
2763 4202 3041 4263 Μωῢσέως
3070 4204 3165 4253 καὶ
3195 4202 3305 4261 τοῖς
3328 4197 3421 4250 τοῦ
3439 4195 3642 4267 Κυρίου
3673 4213 3772 4265 ση-

2201 4295 2373 4363 μείοις
2423 4294 2638 4364 εἴρηται
2671 4293 2730 4344 τὸ
2777 4291 3021 4360 Πνεῦμα,
3068 4291 3166 4358 οὐχ
3200 4290 3279 4341 ὃτι
3327 4288 3498 4358 μικρά
3539 4285 3624 4348 τίς
3653 4290 3772 4338 ἐστι

2195 4385 2273 4455 τῷ
2323 4385 2442 4454 Θεῷ
2487 4385 2717 4437 συνοῦσα
2768 4382 3032 4450 δύναμις,
3087 4380 3336 4448 καθάπερ
3403 4377 3618 4446 σώματι
3677 4376 3775 4428 δά-

523 4471 787 4540 Spiritum
837 4476 996 4528 datur
1039 4493 1208 4529 sermo
1250 4477 1525 4543 sapientia
1564 4491 1582 4528 :
1621 4475 1718 4528 alii
1760 4490 1881 4528 vero
1927 4491 2091 4528 sermo

2200 4476 2410 4538 κτυλος,
2457 4475 2570 4528 ἀλλ’
2608 4474 2793 4542 ἐπειδὴ
2837 4474 2894 4524 ἓν
2933 4491 2985 4525 τι
3027 4471 3134 4522 τῶν
3182 4469 3323 4522 κατά
3365 4469 3626 4538 διαέρεσιν
3673 4486 3774 4536 χα-

522 4566 774 4628 seientiar,
795 4568 1079 4621 secundum
1104 4566 1338 4619 eumdem
1357 4563 1609 4634 Spiritum
1645 4580 1664 4617 :
1698 4564 1793 4617 alii
1815 4581 1930 4618 vero
1953 4566 2091 4616 dona

602 4745 646 4774 κτ
686 4741 814 4809 δέη),
862 4760 902 4805 ι,
941 4740 994 4793 7.
1103 4741 1149 4773 ⁸⁸
1201 4741 1332 4801 Luc.
1361 4756 1398 4803 t,
1455 4742 1558 4808 55;
1604 4742 1788 4802 Matth.
1832 4762 1869 4807 t.
1898 4745 1989 4800 21.

2101 4745 2188 4795 ⁸³1
2223 4744 2346 4805 Cor.
2379 4759 2494 4803 vut.
2524 4744 2575 4796 6.

2203 4562 2484 4633 ρισμάτων
2526 4560 2689 4614 αὐτοῦ
2730 4563 2845 4613 ἐστι
2886 4560 2946 4612 τὸ
2979 4559 3222 4629 χάρισμα
3261 4557 3369 4608 τῶν
3404 4557 3644 4626 σημείων
3674 4562 3772 4610 καὶ

2673 4743 2718 4778 ὀ
2749 4741 2903 4796 Joan.
2937 4757 3047 4803 xw,
3081 4739 3173 4794 28.
3285 4742 3326 4772 "
3357 4739 3500 4794 Psal.
3557 4755 3670 4806 cu,
3711 4740 3767 4796 5.

521 4816 566 4849 "
593 4814 843 4876 Joan.tu,
866 4814 916 4867 6.
994 4812 1039 4845 ⁸³
1066 4812 1232 4867 Exod.
1255 4829 1368 4876 vut,
1410 4812 1498 4866 17.
1575 4814 1620 4846 ’δ
1644 4818 1830 4870 Matth.
1861 4833 1960 4881 xu,
1993 4815 2083 4870 28.
2158 4816 2203 4846 "
2230 4815 2359 4870 Luc.
2390 4831 2466 4874 xt.
2499 4814 2590 4868 20.

594 4975 708 5048 (89)
750 4974 889 5048 Edi_ti
925 4972 1130 5048 φωνῆς.
1175 4974 1388 5048 Καὶ-τὸ
1432 4975 1696 5048 πνεῦμαη
1722 4976 1949 5032 Codices
1992 4977 2097 5031 duo

521 5043 1216 5116 Regii'cpw‘lﬁitﬂysﬁpa.
1252 5045 1352 5116 Alii
1379 5043 1615 5112 quatuor
1643 5046 1826 5100 itidem
1857 5047 2010 5116 Regii
2043 5055 2098 5102 et

521 5113 675 5177 Coll).
701 5113 906 5188 φωνῆς.
927 5113 1088 5188 ﬂcio
1115 5113 1342 5182 ἄγγελος
1368 5119 1433 5187 τῇ
1457 5117 1679 5188 Μαρίαν·
1713 5113 1953 5188 Πνεῦμα,
1979 5133 2097 5185 quae

523 5191 686 5243 verba
724 5189 798 5258 ita
835 5185 1305 5258 dividendaqsunt.
1365 5185 2097 5258 υἱιιωςὲιΠνεῦμαΚυρίου

524 5272 654 5320 etc..
713 5255 1023 5314 referantur
1077 5256 1142 5308 ad
1189 5254 1388 5309 Lucam
1436 5273 1476 5319 ι,
1535 5255 1637 5320 '55;
1686 5254 1778 5308 illa
1825 5254 2098 5319 vero,'Atb

523 5329 792 5394 ital,etc.,
825 5326 1134 5379 tribuantur
1183 5324 1434 5380 Matthzeo
1475 5343 1512 5390 ι,
1557 5325 1646 5379 20.
1705 5325 2100 5392 Trapezuntius

524 5400 709 5461 vertit,
739 5395 1074 5461 Quapropter
1118 5406 1164 5465 et
1209 5399 1348 5462 quod
1379 5399 1432 5449 in
1467 5414 1526 5448 ea
1567 5405 1749 5448 natum
1787 5408 1882 5461 est,
1919 5399 2094 5465 inepte

524 5483 684 5524 utens
734 5467 1032 5534 praterito,
1080 5464 1169 5517 ubi
1219 5465 1320 5519 sibi
1370 5466 1625 5519 utendum
1681 5465 1854 5518 fuerat
1891 5464 2089 5530 futuro,

524 5545 840 5609 quapropter
864 5545 910 5590 et
934 5536 1079 5609 quod
1126 5547 1384 5609 nascetur.
1405 5536 1481 5609 _El
1504 5535 1749 5609 certe_i_ta
1775 5539 2088 5609 vertendum

524 5603 666 5668 esse,
699 5606 946 5669 cognosci
977 5615 1174 5672 potest,
1209 5607 1287 5658 vel
1317 5610 1382 5660 de
1405 5605 1544 5660 Luca
1582 5623 1619 5665 ι,
1646 5603 1736 5663 55,
1773 5606 1864 5658 ubi
1898 5606 1975 5658 sic
2017 5606 2091 5658 le-

527 5681 671 5744 gitur
705 5692 717 5726 :
758 5674 982 5744 (deoque
1002 5686 1046 5725 et
1077 5677 1214 5742 quod
1246 5686 1488 5728 nascetur
1514 5685 1577 5734 ea:
1610 5685 1657 5726 te
1693 5683 1970 5739 sanctum,
2005 5693 2088 5727 vo-

527 5743 732 5805 cabitur
753 5743 925 5798 Filius
955 5743 1067 5798 Dei.
1098 5744 1275 5800 Possis
1295 5756 1470 5801 tamen
1500 5746 1726 5802 fortasse
1750 5761 1932 5800 vocem
1966 5763 2086 5815 γεν-

2196 4974 2436 5044 νώμενον
2464 4973 2618 5026 aliter
2645 4971 2974 5044 exprimere,
3008 4983 3106 5044 nec
3146 4977 3322 5044 tamen
3354 4982 3385 5018 a
3422 4981 3581 5044 sensu
3613 4968 3767 5044 ﬁcri-

2198 5037 2371 5115 pttira:
2397 5045 2650 5115 aberrare
2672 5083 2686 5105 ,
2716 5037 2763 5115 si
2791 5040 3039 5093 videlicet
3065 5039 3137 5090 ita
3171 5038 3544 5115 interpreteris
3578 5056 3590 5090 :
3621 5037 3769 5102 Qua-

2197 5105 2409 5184 propter
2428 5126 2473 5168 et
2500 5114 2594 5166 hoc
2626 5112 2763 5181 quod
2807 5119 3108 5178 conceptum
3135 5119 3208 5162 est
3248 5123 3310 5159 ea:
3343 5105 3549 5174 Spiritu
3583 5121 3767 5161 sancto

2197 5199 2290 5238 εει.

2270 5254 2384 5320 (90)
2420 5253 2561 5307 Editi
2590 5251 2703 5305 ἀλλ’
2736 5251 2817 5304 ὅτι
2867 5247 2954 5302 τά.
2992 5246 3140 5302 Libri
3171 5246 3376 5315 antiqui
3418 5261 3608 5302 omnes
3652 5246 3770 5298 ἀλλ’

2198 5325 2318 5378 ἐπεὶ
2350 5325 2438 5377 τά.

2265 5394 2375 5461 (9|)
2427 5393 2866 5460 Ὑπερκόσμιον,
2895 5387 3116 5461 verbum
3144 5401 3174 5441 e
3198 5386 3361 5440 verbo
3379 5386 3767 5452 superruunda-

2189 5458 2333 5516 num.
2360 5458 2652 5530 'Interpt'es.
2685 5458 3109 5526 supernaturale.

2257 5533 2369 5604 (92)
2394 5525 2731 5604 Antiquiduo
2752 5530 2865 5582 libri
2888 5538 2940 5580 et
2963 5529 3092 5604 editi
3126 5528 3226 5604 τῆς
3243 5526 3454 5604 οὐσίας..
3486 5525 3585 5576 Alii
3607 5525 3768 5604 quin-

2187 5593 2293 5670 que
2320 5593 2448 5657 mss.
2480 5593 2553 5670 τῇ
2573 5602 2750 5669 οὐσίᾳ,
2815 5599 3048 5667 operatio
3077 5593 3306 5651 eamdem
3353 5597 3610 5659 rationem
3673 5593 3766 5648 fta-

2189 5675 2269 5726 l'et
2298 5689 2454 5740 quant
2486 5672 2798 5724 substantia.

2257 5744 2368 5806 (9'5)
2399 5743 2506 5815 Reg
2559 5753 2782 5811 quartus
2814 5740 2946 5794 Θεοῦ
2977 5740 3197 5807 ἐγίνετο.
