4008 6462
212 407 318 461 717

1329 405 1696 460 ADVERSUS
1737 406 2097 462 EUNOMIUM
2135 409 2263 468 ΜΒ.
2305 408 2369 462 V.

3360 410 3463 462 718

212 528 482 597 ἰαμάτων,
518 524 578 576 τὸ
619 524 676 577 ἒν
722 541 794 587 τι,
832 526 923 577 καὶ
951 525 1069 594 οὐχ).
1100 523 1166 576 τὰ
1209 524 1304 576 ὅλα
1345 524 1660 594 χαρίσματα
1689 523 1778 575 τοῦ

1885 527 2239 592 sanationum,
2267 527 2321 576 in
2343 525 2520 578 eodem
2571 521 2771 590 Spiritu
2804 523 2938 576 :alii
2981 540 3094 578 vero
3149 528 3461 593 praphetiu:

209 617 354 671 Πνεύ
365 633 550 686 ματος,
582 616 841 669 δάκτυλον
869 617 1018 667 καλεί
1040 615 1170 685 (94).
1193 608 1264 684 ⁷ῼ
1293 616 1537 683 μὲνγὰρ
1566 615 1662 667 διὰ
1679 613 1784 666 τοῦ

207 711 558 776 Πνεῦματος
585 707 811 760 δίδοται
831 710 1010 774 λόγος
1044 706 1283 773 σοφίας,
1313 705 1481 771 ἄλλῳ
1510 703 1578 756 δὲ
1608 708 1788 774 λόγος

207 799 508 866 ⁸ῖνώσεως,
563 799 713 852 κατὰ
745 799 808 850 τὸ
846 797 991 851 αὐτὸ
1022 797 1283 865 Πνεῦμα,
1321 796 1490 859 ἄλλῳ
1531 797 1599 848 δὲ
1633 798 1789 864 χαρί-

207 908 411 959 σματα
440 888 716 958 ἰαμάτων,
732 886 890 952 ἐντῷ
905 887 1062 952 αὐτῷ
1076 890 1373 956 Πνεύματι
1392 886 1524 955 (95).
1543 885 1711 951 ἄλλῳ
1721 885 1789 937 δὲ

209 983 565 1051 προφητεία,
592 981 758 1045 ἄλλῳ
793 978 860 1030 δὲ
897 977 1192 1046 διάκρισις
1217 977 1589 1045 πνευμάτων,
1623 977 1789 1041 ἄλλῳ

208 1074 283 1126 δὲ
294 1076 437 1143 γένη
457 1071 768 1144 γλωσσῶν,
776 1071 942 1136 ἄλλῳ
955 1070 1022 1122 δὲ
1033 1071 1313 1139 ἑρμηνεία
1327 1068 1642 1138 γλωσσῶν.
1657 1068 1788 1121 Ταῦ-

207 1182 287 1220 τα
319 1165 386 1218 δὲ
419 1165 612 1218 πάντα
652 1162 880 1231 ἐνεργεῖ
903 1161 968 1214 τό
1000 1161 1075 1214 ἐν’
1100 1162 1196 1214 καὶ
1231 1160 1294 1212 τὸ
1328 1160 1470 1212 αὐτὸ
1512 1159 1749 1225 Πνεῦμα
1769 1199 1782 1220 ,

206 1257 482 1325 διαιροῦν
507 1256 626 1322 idin,
649 1254 884 1316 ἑκάστῳ
907 1252 1101 1318 καθὼς
1142 1253 1454 1316 βούλεται.
1488 1248 1646 1300 Εἴποι
1674 1248 1782 1314 (96ι

208 1368 298 1411 τις
331 1349 417 1412 ἂν,
443 1349 523 1400 ὅτι
555 1345 727 1400 ταῦτα
762 1347 938 1399 πάντα
953 1345 1162 1398 καὶόσα
1183 1343 1316 1398 ἄλλα
1340 1339 1657 1411 χαρίσματὰ
1682 1342 1786 1391 εἰσι

208 1441 308 1492 τοῦ
339 1440 672 1510 Πνεῦματος,
713 1438 900 1509 ὥσπερ
931 1456 982 1491 τι
1017 1437 1174 1504 σῶμα
1217 1433 1381 1487 αὐτοῦ
1409 1433 1686 1501 τυγχάνει,
1728 1432 1788 1483 τὸ

207 1532 271 1584 δὲ
296 1529 414 1583 καθ’
436 1529 492 1581 ἒν
526 1531 631 1582 τῶν
657 1531 1008 1602 χαρισμάτων
1038 1527 1319 1588 δάκτυλος.
1373 1526 1484 1578 Καὶ
1529 1525 1688 1578 τοῦτο
1733 1524 1787 1577 δὲ

208 1621 273 1672 τὸ
326 1623 592 1691 χρήσιμον
627 1622 723 1690 τῆς
763 1620 958 1682 λέξεως
1018 1618 1091 1687 μὴ
1141 1616 1385 1688 παρίδοις
1419 1616 1546 1682 (97).
1591 1616 1790 1667 Πάντα

208 1713 344 1785 γὰρ,
363 1716 560 1785 φήσας,
592 1714 774 1766 ταῦτα
800 1710 1027 1778 ἐνεργεῖ
1049 1710 1115 1763 τὸ
1149 1710 1390 1778 Πνεῦμα
1421 1709 1614 1773 καθὼς
1639 1709 1787 1772 βού-

206 1811 382 1861 λεται
402 1824 414 1836 °
461 1808 553 1859 καὶ
584 1806 712 1876 περὶ
742 1803 834 1855 τοῦ
863 1801 997 1854 θεοῦ
1034 1804 1062 1854 ὁ
1091 1802 1251 1865 αὐτὸς
1281 1803 1383 1871 ἔφη
1402 1818 1414 1830 ·
1446 1800 1551 1854 Καὶ
1577 1799 1787 1868 διαιρέ-

1890 616 1984 668 alii
2023 631 2137 669 vero
2163 616 2410 668 discretio
2435 615 2715 680 spirituum
2739 631 2755 669 :
2781 616 2871 668 alii
2892 631 3007 668 vero
3032 632 3222 683 genera
3257 616 3463 684 (itu/ua-

1890 724 2027 772 rum,
2068 708 2161 759 ulii
2193 723 2308 760 uero
2358 708 2724 774 interpretatio
2761 707 3081 776 linguarum.
3123 706 3250 760 Hmc
3291 720 3462 761 autem

1892 797 2068 849 omnia
2107 797 2253 865 eﬁicit
2278 811 2412 849 unus
2447 796 2534 849 ille
2568 807 2615 849 et
2647 798 2783 848 idem
2815 795 3317 862 Spiritus,-dividens
3352 800 3462 865 pri-

1895 889 2049 939 vatim
2082 887 2360 955 unicuique
2384 887 2539 939 sicuti
2557 886 2742 940 vult".
2763 886 2938 940 Possit
2969 886 3090 955 quis
3117 887 3296 941 dicere
3318 891 3461 955 quod

1894 978 2069 1032 omnia
2109 978 2242 1042 huic,
2272 988 2324 1031 et
2352 994 2685 1048 quaecunque
2723 978 2824 1031 alia
2856 979 2995 1033 dona
3053 979 3284 1047 Spiritus
3317 991 3460 1040 sunt.

1891 1071 2056 1125 veluti
2085 1086 2284 1140 corpus
2322 1072 2590 1140 quoddam
2612 1071 2732 1140 ejus
2761 1071 3082 1136 habeantur,
3121 1071 3459 1138 unumquod—

1886 1177 1990 1231 que
2021 1177 2147 1216 vero
2172 1163 2370 1218 donum
2402 1165 2621 1234 digitus.
2660 1165 2925 1217 Czeternm
2959 1173 3012 1216 et
3045 1165 3182 1216 hanc
3209 1163 3461 1217 dictionis

1889 1256 2173 1309 utilitatem
2205 1271 2271 1309 ne
2301 1258 2558 1326 negligas.
2590 1256 2722 1310 Cum
2764 1257 2911 1309 enim
2951 1257 3182 1310 dixisset
3220 1271 3235 1309 :
3271 1255 3460 1311 Omnia

1890 1351 1999 1403 [uec
2022 1350 2183 1418 efﬁcit
2210 1350 2434 1415 Spiritus
2462 1350 2614 1402 sicuti
2648 1349 2788 1414 vult;
2820 1350 2982 1402 etiam
3017 1349 3081 1402 de
3111 1348 3215 1401 Deo
3239 1349 3462 1415 ipsemet

1890 1443 2023 1496 dixit
2048 1461 2061 1496 :
2088 1443 2152 1495 Et
2169 1443 2449 1496 divisiones
2491 1441 3188 1510 operationun1299sunt,
3213 1443 3302 1493 sed
3327 1441 3462 1492 idem

1890 1531 2306 1601 Deus,ef/iciena
2340 1535 2513 1586 omnia
2560 1534 2614 1585 in
2666 1535 2902 1586 omnibus
2920 1533 2986 1582 ⁵⁷.
3028 1533 3179 1598 Quod
3212 1533 3256 1587 si
3281 1532 3462 1585 omnia

1888 1619 2052 1673 eﬂicit
2087 1621 2227 1673 Deus
2257 1622 2396 1674 sicut
2426 1621 2560 1685 vult,
2582 1622 2694 1675 haec
2725 1632 2903 1674 autem
2928 1620 3106 1672 omnia
3138 1619 3298 1673 ellicit
3321 1635 3463 1672 unus

1891 1711 1978 1765 ille
2025 1721 2076 1765 et
2125 1713 2262 1765 idem
2318 1711 2577 1782 Spiritus,
2609 1713 2855 1767 dividens
2900 1713 3147 1780 privatim
3174 1713 3462 1782 unicuique

1889 1803 2045 1857 sicuti
2081 1804 2227 1868 vult;
2277 1806 2545 1873 quomodo
2603 1806 2889 1860 diversitas
2938 1805 3251 1858 substantia:
3275 1803 3461 1865 fuerit,

205 1913 342 1963 σεις
367 1894 779 1965 ἐνεργημάτων
803 1893 980 1955 εἰσίν,
1011 1896 1041 1946 o'
1076 1893 1142 1945 δὲ
1159 1893 1341 1956 αὐτὸς
1368 1891 1530 1957 Θεὸς,
1569 1895 1599 1943 ὁ
1629 1891 1778 1955 ἐνερ-

1889 1895 1979 1948 ubi
2012 1897 2343 1964 operationis
2377 1899 2721 1966 cognoscitur
2745 1897 2998 1950 identitas
3026 1897 3048 1949 ?
3077 1897 3286 1950 Etenim
3322 1897 3364 1950 si
3389 1897 3463 1949 di-

206 1983 333 2058 γῶν
359 1986 432 2039 τὰ
461 1984 655 2037 πάντα
700 1983 809 2053 (98)
850 1985 920 2037 ἐν
957 1983 1129 2038 πᾶσι.
1167 1985 1228 2036 Εἰ
1269 1984 1325 2036 δὲ
1356 1984 1533 2036 πάντα
1577 1985 1778 2051 ἐνεργεῖ

1885 1998 2057 2040 versa:
2090 1996 2275 2041 essent
2320 1988 2654 2054 substantiae,
2684 1987 2927 2041 diversas
2957 1999 3232 2055 oporteret
3261 2004 3380 2042 esse
3409 2001 3462 2040 et

205 2079 341 2141 Θεὸς
380 2076 559 2140 καθὼς
592 2075 865 2146 βούλεται,
901 2077 1077 2130 πάντα
1109 2078 1165 2130 δὲ
1191 2076 1364 2130 ταῦτα
1400 2078 1613 2147 ἐνεργεῖ
1643 2074 1704 2125 τὸ
1727 2074 1778 2126 ἓν

1885 2079 2242 2145 operationes,
2275 2081 2566 2133 secundum
2605 2078 2981 2146 impiissimum
3014 2077 3357 2134 Eunomium.
3391 2084 3459 2133 At

203 2169 396 2225 καὶτὸ
440 2169 570 2221 αὐτὸ
599 2168 844 2240 Πνεῦμα,
895 2170 1139 2241 διαιροῦν
1196 2169 1300 2241 ίδίᾳ
1345 2169 1560 2238 ἑκάστῳ
1599 2165 1778 2229 καθὼς

1885 2183 1999 2220 cum
2025 2169 2268 2222 eamdem
2303 2170 2677 2223 auctoritatem
2703 2168 2936 2236 Spiritus
2955 2179 3116 2237 atque
3140 2179 3458 2237 potestatem

205 2257 475 2329 βούλεται,
514 2259 628 2322 πῶς
665 2261 922 2330 ἑτερότης
950 2261 1160 2323 οὐσίας,
1189 2261 1245 2312 ἐν
1347 2258 1609 2325 ταυτότης
1633 2257 1778 2324 ὲνερ-

1885 2256 2127 2310 Salvator
2158 2267 2465 2325 testaretur,
2493 2259 2660 2312 dixit:
2684 2259 2911 2326 Spiritus
2944 2261 3030 2311 ubi
3061 2259 3166 2312 uult
3198 2261 3360 2328 spirat
3392 2260 3459 2312 ⁸⁸.

201 2353 359 2421 γιίας
387 2354 744 2425 γνωρίζεται;
775 2355 1252 2426 Παρηλλαγμένων
1281 2352 1389 2423 γὰρ
1445 2350 1552 2402 τῶν
1623 2351 1842 2417 οὐσιῶν,
1885 2355 2346 2427 παρηλλαγμένας
2391 2351 2528 2409 εἶναι
2568 2355 2674 2407 ἔδει
2730 2357 2822 2408 καὶ
2850 2354 2948 2417 τὰς
3002 2354 3112 2423 (99)
3146 2358 3462 2426 ἐνεργείας,

202 2448 350 2502 κατὰ
394 2449 485 2502 τὸν
545 2449 906 2503 ἀσεϐέστατον
947 2449 1227 2518 Εὐνόμιον.
1268 2448 1377 2516 Τὴν
1403 2446 1458 2499 δὲ
1487 2445 1656 2517 αὐτὴν
1719 2447 2005 2504 αὐθεντίαν
2063 2453 2154 2505 καὶ
2201 2451 2447 2516 ἐξουσίαν
2500 2449 2791 2521 μαρτυρῶν
2839 2449 2916 2519 τῷ
2968 2449 3242 2519 Πνεύματι
3277 2452 3305 2502 ὁ
3351 2451 3460 2502 Σω-

198 2541 310 2610 τήρ
343 2543 439 2612 (1),
479 2541 548 2596 Τὸ
572 2542 832 2609 Πνεῦμα,
853 2541 976 2611 ἔφη,
1007 2536 1076 2594 οὗ
1102 2540 1258 2593 θέλει
1283 2539 1437 2592 πνεῖ.

542 2634 678 2700 Περὶ
702 2633 971 2701 ἀφέσεως
996 2631 1442 2700 ἁμαρτημάτων.

277 2723 437 2774 Ἰδιον
471 2721 604 2773 Θεοῦ
635 2723 1161 2792 ἀφιέναιὰμαρτίας,
1191 2721 1354 2774 αὐτοῦ
1392 2720 1551 2774 τοῦτο
1601 2721 1784 2789 λέγον-

199 2827 316 2874 τος⁶
347 2811 487 2880 Ἐ
513 2815 628 2881 ειμι
651 2816 682 2866 ὁ
719 2814 1053 2882 ἐξαλείρων
1075 2815 1180 2880 τὰς
1195 2815 1482 2883 ἀμαρτῖας
1497 2831 1611 2867 σου
1632 2829 1643 2840 ⁸
1669 2815 1780 2876 καὶ,

215 2903 354 2956 Ἐὰν
404 2899 555 2957 ὦσιν
588 2908 645 2959 αἱ
688 2908 961 2975 ἁμαρτίαι
1012 2905 1177 2973 ὑμῶν
1204 2907 1284 2970 ὡς
1325 2905 1657 2973 φοινικοῦν,
1703 2905 1782 2968 ὡς

2260 2633 2332 2686 De
2385 2633 2684 2685 remissione
2730 2641 3059 2698 peccatorum

1953 2726 2238 2794 Proprium
2275 2727 2362 2780 Dei
2394 2735 2477 2778 est
2511 2733 2727 2792 peccata
2767 2725 3040 2777 remittere
3081 2724 3318 2790 :quippe
3358 2724 3459 2776 hoc

1881 2817 1994 2885 ipse
2024 2816 2156 2870 dicit
2186 2834 2197 2867 :
2228 2815 2338 2884 Ego
2381 2832 2492 2868 sum
2524 2816 2611 2884 qui
2643 2815 2786 2867 deleo
2825 2825 3032 2879 peccata
3062 2814 3241 2878 tua”;
3273 2822 3326 2865 et
3353 2829 3366 2865 :
3399 2812 3459 2867 Si

1881 2909 2073 2978 fuerint
2105 2920 2316 2976 peccata
2355 2920 2520 2961 uestra
2551 2909 2700 2977 quasi
2731 2908 3074 2975 pliceniceum,
3115 2909 3245 2960 sicut
3291 2908 3455 2959 nivem

203 2996 381 3064 χιόνα
421 2997 724 3050 λευκανῶ·
764 2999 870 3050 ἐὰν
920 2997 987 3050 δὲ
1025 2993 1175 3049 ὦσιν
1215 2998 1295 3061 ὠς
1350 2998 1654 3058 κόκκινον,
1701 2996 1778 3061 ὡς

1885 3001 2165 3066 dealbabo;
2208 3010 2256 3054 et
2296 3002 2339 3054 si
2367 3000 2559 3065 fuerint
2584 3010 2636 3051 ut
2677 2999 3460 3062 coccinum,sicutlunamdeal-

202 3086 370 3154 ἔριον
382 3087 670 3140 λευκανῶ.
702 3089 918 3158 Ἐπειδὴ
936 3090 991 3140 δὲ
1008 3088 1139 3151 Θεὸς
1156 3088 1289 3140 Θεοῦ
1318 3090 1448 3151 παῖς
1465 3087 1540 3155 (‘2)
1569 3087 1779 3157 Ἰησοῦς

202 3177 430 3245 ἀφίησιν
461 3178 732 3247 ἁμαρτίας
755 3178 831 3246 τῷ
863 3177 1237 3247 παραλυτικῷ,
1279 3177 1452 3245 λέγων
1473 3196 1486 3207 θ
1529 3178 1748 3230 Τέκνον
1767 3217 1780 3239 ,

204 3265 505 3334 ἀφέωνταί
528 3281 642 3321 σου
668 3271 726 3320 αἱ
753 3269 1046 3336 ἁμαρτίαι,
1079 3269 1162 3337 ἐφ’
1256 3268 1331 3336 (5)
1363 3268 1662 3338 δυσφημεῖν
1677 3269 1785 3320 ἐνο-

207 3359 397 3431 μίζετο
422 3360 570 3430 παρὰ
591 3365 703 3425 τοῖς
730 3363 802 3433 μὴ
825 3364 1019 3418 εἰδόσιν
1037 3364 1198 3417 αὐτὸν
1218 3365 1348 3417 Θεὸν
1385 3363 1676 3424 Ἰουδαίοις,
1704 3364 1784 3415 λέ-

203 3466 394 3518 γουσιν
407 3451 508 3517 ὅτι,
536 3449 1192 3524 Οὗτοςυϐλασειημεῖμγ
1211 3455 1424 3516 οὐδενός
1442 3457 1584 3506 ἐστιν
1607 3454 1782 3524 ἁμαρ-

201 3539 326 3601 τίας
346 3539 562 3607 ἀφιέναι
585 3545 631 3595 εἰ
653 3544 726 3613 μὴ
755 3545 915 3612 μόνου
933 3544 1088 3597 Θεοῦ.
1113 3545 1172 3596 '0
1189 3544 1244 3596 δὲ
1274 3543 1498 3610 Κύριος,
1525 3545 1783 3612 ἐμφυσῶν

203 3635 316 3694 τοῖς
347 3634 524 3699 ἁγίοις
547 3637 883 3698 ἀποστόλοις,
913 3636 1035 3705 ἔφη’
1071 3634 1289 3688 Λάϐετε
1319 3635 1557 3702 Πνεῦμα
1589 3635 1780 3704 ἅγιονο

203 3725 284 3778 ἄν
298 3741 475 3776 τινων
495 3726 683 3794 ἀφῆτε
703 3729 806 3793 τὰς
822 3728 1129 3796 ἁμαρτίας,
1150 3725 1442 3795 ἀφέωνται
1468 3724 1669 3789 αὐτοῖς
1682 3727 1777 3795 (5).

205 3819 271 3871 Ei
308 3817 484 3870 τοίνυν
527 3820 738 3884 οὐδενός
784 3822 930 3874 ἐστιν
982 3820 1198 3890 ἀφιέναι
1244 3814 1538 3888 ἁμαρτίας,
1588 3813 1778 3889 ὥσπερ

202 3908 306 3961 οὐκ
333 3908 499 3971 ἐστιν,
526 3910 574 3959 εἰ
606 3911 680 3980 μὴ
710 3911 873 3980 μόνου
895 3909 1029 3962 Θεοῦ
1053 3910 1149 3979 (6),
1182 3910 1374 3978 ἀφίησι
1396 3907 1450 3958 δὲ
1469 3903 1529 3954 τὸ
1559 3905 1782 3977 Πνεῦμα

276 4045 323 4074 ⁸⁸
349 4040 366 4093 Ι
391 4045 514 4095 Cor.
547 4059 642 4106 xu,
672 4043 825 4096 84-1.
922 4045 966 4075 "
997 4043 1125 4099 ibid.
1162 4041 1217 4096 6.
1293 4043 1338 4073 ⁸⁸
1369 4041 1524 4099 Joan.
1565 4057 1646 4106 In,
1677 4041 1732 4095 8.

197 4116 258 4171 7.
331 4113 525 4168 ‘Joan.
553 4129 643 4175 xx,
680 4113 766 4173 ‘22,
802 4113 889 4166 25.

277 4247 390 4316 (94)
433 4247 593 4313 Editi,
622 4247 734 4299 ἀλλ’
771 4247 955 4319 ἐπειδὴ
1005 4247 1064 4298 ἓν
1097 4264 1148 4298 τι
1194 4247 1301 4299 τῶν
1341 4247 1483 4300 κατὰ
1519 4248 1782 4319 διαίρεσιν

203 4319 582 4392 χαρισματων,
623 4318 862 4392 σημείων
893 4319 984 4369 καὶ
1032 4319 1275 4392 ἰαμάτων
1305 4319 1364 4392 τὸ
1382 4320 1448 4392 -ἒν
1476 4319 1527 4369 τί
1551 4318 1665 4392 ἐστι
1690 4318 1784 4370 καὶ

199 4387 403 4468 iriing
442 4387 791 4468 i'apdtto)~z_,'tb
814 4389 871 4468 ἓν
897 4405 968 4446 τι,
999 4387 1236 4468 κριὶᾳούχ).
1262 4389 1328 4440 τὰ
1352 4390 1448 4468 ὅλα
1473 4389 1784 4468 χαρίσματα

1813 4040 1856 4072 θ’
1883 4037 1985 4094 lsa.
2030 4054 2193 4104 xuu,
2226 4037 2316 4096 25.

1885 3088 2014 3140 babo
2039 3089 2081 3144 ¹.
2110 3087 2374 3141 Caeterum
2421 3103 2542 3140 cum
2583 3088 2718 3139 Deus
2748 3086 2837 3140 Dei
2879 3103 3013 3155 puer
3047 3087 3206 3141 Jesns
3238 3090 3456 3158 paraly-

1885 3180 1990 3232 tico
2013 3188 2231 3247 peccata
2285 3179 2545 3241 remittat,
2567 3179 2748 3231 dicens
2790 3197 2802 3230 :
2833 3176 2965 3242 Fili,
2999 3181 3336 3233 remittuntur
3369 3193 3457 3234 tua

1882 3280 2091 3336 peccata
2112 3272 2132 3301 ²
2162 3287 2176 3335 ;
2203 3270 2255 3322 in
2285 3283 2390 3336 quo
2418 3284 2445 3320 a
2476 3267 2673 3323 Judaais
2695 3271 2785 3338 qui
2812 3270 2975 3324 Deum
3005 3286 3126 3326 esse
3160 3275 3453 3334 nescirent,

1881 3362 2256 3429 blaspliemare
2281 3361 2569 3428 putabatur
2591 3361 2891 3416 dicentibus
2927 3376 2942 3414 :
2977 3361 3077 3415 Hic
3102 3364 3454 3431 blasphematl;

1880 3453 2079 3505 nullius
2117 3461 2200 3504 est
2238 3451 2514 3505 remittere
2545 3455 2906 3520 peccata,nisi
2941 3455 3032 3508 Dei
3060 3455 3226 3508 solius
3246 3455 3286 3507 ⁸.
3316 3455 3453 3521 Quin

1884 3556 1940 3599 et
1969 3544 2222 3598 Dominus
2255 3543 2391 3598 ﬂans
2421 3545 2472 3597 in
2507 3555 2722 3599 sanctos
2756 3548 3046 3616 apostolos,
3075 3548 3214 3601 dixit
3253 3565 3267 3600 :
3305 3550 3457 3602 Acci-

1883 3638 1986 3704 pite
2025 3635 2279 3703 Spiritum
2330 3646 2610 3690 sanctum:
2653 3654 3080 3708 quorumcunque
3149 3642 3455 3693 remiseritis

1881 3739 2113 3796 peccata,
2154 3729 2226 3780 eis
2272 3730 2608 3780 remittuntur
2633 3729 2674 3781 ⁸.
2704 3729 2886 3798 Itaque
2921 3732 2964 3783 si
3013 3729 3209 3784 nullius
3249 3742 3330 3784 est
3370 3746 3456 3784 re-

1884 3815 2095 3867 mittere
2129 3823 2373 3880 peccata,
2413 3815 2558 3868 sicut
2595 3830 2723 3870 sane
2756 3818 2952 3872 nullius
2985 3829 3089 3884 est,
3122 3820 3222 3873 nisi
3253 3821 3340 3873 Dei
3368 3836 3456 3874 so-

1882 3905 2008 3967 lius,
2035 3903 2264 3957 remittit
2298 3913 2478 3960 autem
2512 3905 2747 3976 Spiritus
2777 3919 2995 3966 sanctus
3032 3928 3126 3981 per
3150 3913 3448 3980 apostolos;

2398 4041 2412 4070 ¹
2445 4040 2548 4096 lsa.
2578 4058 2616 4106 ι,
2651 4042 2734 4097 18.
2822 4045 2840 4075 '
2867 4045 3032 4101 Marc.
3064 4064 3121 4115 ιι,
3150 4047 3201 4104 5.
3275 4048 3294 4078 ⁸
3319 4050 3449 4105 ibid.

1891 4245 2033 4316 quod
2065 4245 2126 4316 in
2163 4245 2311 4298 nullo
2348 4250 2513 4301 veleri
2548 4248 2683 4302 libro
2711 4250 3029 4314 reperiatur.

1961 4315 2073 4392 (Si?)
2113 4315 2244 4392 Reg.
2278 4329 2502 4383 quartus
2535 4320 2606 4390 μὴ
2641 4321 2887 4392 παρίδῃς.

1963 4387 2083 4456 (98)
2113 4386 2335 4438 Codices
2367 4403 2468 4439 non
2502 4386 2656 4456 pauci
2698 4386 2764 4443 τ’ὸι
2792 4386 2990 4444 τὲἁντα.
3034 4389 3452 4446 Desiderabatur

196 4458 299 4514 τοῦ
331 4455 644 4526 Πνεῦματος
672 4457 929 4508 δάκτυλον
957 4458 1112 4510 καλεῖ
1151 4475 1162 4486 ·
1184 4455 1318 4523 ιιιιιε
1343 4455 1504 4511 verba
1539 4455 1593 4508 ut
1627 4455 1778 4511 intel-

1891 4455 2153 4528 articulus
2197 4456 2248 4528 in
2280 4455 2529 4528 vulgatis.
2560 4460 2848 4528 Aliquanto
2895 4472 3014 4527 post
3054 4461 3182 4514 editi
3215 4463 3330 4524 πῶς
3359 4463 3452 4515 καὶ

202 4531 468 4597 ligantur.
511 4528 889 4597 emendatione
925 4530 1100 4590 aliqua
1129 4528 1378 4581 videntur
1411 4530 1670 4596 indigere.
1718 4529 1785 4580 ll-

198 4596 318 4659 lud,
354 4598 411 4650 τὸ
438 4598 494 4649 ἓν
526 4596 577 4647 τί
606 4597 722 4647 ἐστι
755 4597 844 4649 καὶ
879 4597 937 4649 τὸ
965 4597 1070 4649 τῶν
1112 4597 1373 4666 ἰαμάτων,
1401 4600 1450 4650 ἱιι
1485 4598 1660 4666 Regiis
1699 4614 1785 4652 se-

201 4668 385 4722 cundo
416 4678 468 4720 et
510 4669 666 4720 tertio
711 4669 1084 4721 desiderantur
1128 4685 1140 4718 :
1183 4669 1273 4721 sed
1321 4675 1386 4722 de
1420 4679 1613 4720 caetero
1641 4684 1761 4721 cum

200 4737 437 4800 vulgatis
486 4738 849 4791 consentiunt.
899 4740 1000 4791 Alii
1044 4749 1277 4805 quatuor
1326 4754 1454 4791 mss.
1513 4738 1660 4805 Regii
1714 4747 1767 4790 et

199 4807 354 4877 Coll).
385 4816 442 4859 ut
474 4809 525 4860 in
563 4817 819 4861 contenu
841 4847 855 4868 ,
890 4811 989 4862 nisi
1026 4809 1168 4876 quod
1194 4823 1351 4861 voces
1387 4808 1494 4861 τῶν
1525 4807 1764 4877 σημείων

201 4880 257 4930 ἱη
294 4876 424 4944 Reg.
450 4879 621 4944 primo
648 4892 750 4931 non
778 4877 1044 4946 leguntur.
1071 4879 1198 4942 Quae
1226 4890 1402 4931 autem
1427 4881 1615 4931 borum
1653 4894 1766 4931 ver-

197 4949 395 5004 borum
422 4950 694 5016 sententia
724 4948 814 5008 sit,
865 4949 1019 5002 docet
1071 4949 1303 5013 scriptor
1362 4950 1494 5016 ipse,
1536 4963 1656 4999 cum
1689 4949 1766 5002 ait

195 5017 384 5072 omnia
418 5014 651 5082 Spiritus
684 5019 818 5070 dona
862 5019 1022 5070 simu!
1057 5029 1262 5083 sumpta
1296 5014 1392 5083 pro
1421 5032 1648 5086 corpore
1673 5019 1766 5071 lia—

197 5088 317 5141 beri
349 5102 362 5138 :
401 5086 587 5155 eadem
622 5103 749 5141 vero
780 5089 915 5140 dona
946 5087 1252 5155 singulatim
1277 5099 1486 5155 sumpta
1536 5090 1653 5141 loco
1687 5089 1765 5140 di-

198 5159 296 5223 giti
336 5153 604 5212 esse.Vult
630 5156 791 5224 igitur
820 5153 1300 5226 auctorfquisqnis
1317 5153 1417 5222 est,
1455 5174 1560 5211 non
1585 5162 1764 5211 Omnia

199 5230 437 5294 Spiritus
467 5227 604 5280 dona
629 5226 888 5297 collective
920 5240 1127 5297 sumpta
1157 5226 1381 5297 digitum
1414 5229 1614 5291 vocari,
1643 5244 1762 5280 cum

199 5308 332 5350 tunc
357 5312 554 5366 corpus
584 5294 840 5363 appellari
895 5294 1072 5364 potius
1102 5295 1330 5349 debeant
1367 5313 1380 5348 :
1440 5301 1532 5352 sed
1576 5299 1762 5351 eadem

197 5369 416 5435 proprie
437 5368 662 5436 digitum
688 5366 954 5420 nominari
985 5381 1120 5433 tum,
1152 5381 1275 5420 cum
1318 5368 1610 5435 separatim
1637 5384 1764 5421 con-

195 5438 530 5491 siderantur.

271 5505 381 5577 (95)
420 5506 572 5577 Regii
601 5516 824 5576 quartus
853 5516 907 5558 et
944 5508 1163 5574 quintus
1207 5507 1450 5574 ἰαμάτων
1497 5509 1554 5559 ἐν
1579 5505 1656 5576 τῷ
1687 5509 1766 5560 ἑνὶ

194 5575 488 5645 πνεύματι,
509 5575 575 5629 in
607 5575 708 5630 uno
738 5578 957 5645 spiritu;
988 5589 1040 5629 et
1072 5580 1142 5629 ita
1189 5593 1401 5644 quoque
1451 5580 1502 5631 in
1543 5575 1763 5644 Vulgata

198 5648 417 5713 legitur.
471 5648 571 5699 Alii
612 5659 719 5701 tres
752 5663 878 5701 mss.
916 5658 969 5700 et
1013 5648 1141 5701 editi
1189 5650 1245 5700 ὲν
1290 5648 1368 5717 τῷ
1413 5648 1561 5718 αὐτῷ
1601 5648 1763 5699 πνεύ-

197 5735 351 5788 ματι,
391 5719 446 5769 in
493 5719 669 5788 eodem
701 5719 911 5785 spiritu.
950 5718 1152 5772 Ibidem
1189 5719 1434 5772 voculam
1475 5719 1531 5770 δέ
1561 5721 1640 5774 bis
1680 5725 1766 5771 ad-

193 5786 431 5840 didimus
457 5803 523 5840 ex
565 5786 716 5840 libris
748 5789 1004 5855 antiquis.

267 5857 379 5918 (96)
405 5857 499 5913 llic
519 5858 755 5912 voculam
780 5856 845 5909 δέ
873 5869 989 5927 post
1018 5859 1235 5915 verbum
1263 5856 1419 5910 Εἴποι
1448 5858 1760 5923 delevimus,

1892 4525 2167 4600 ἑτερότης.
2191 4525 2510 4600 coniunctio
2540 4530 2640 4581 καί
2667 4525 2829 4585 ιιεεει
2870 4525 2918 4582 in
2940 4532 3004 4583 iis
3041 4546 3176 4600 quos
3221 4532 3451 4586 vidimus

1895 4597 2197 4660 codicibus;
2228 4597 2295 4649 ob
2328 4597 2485 4663 idqne
2515 4614 2632 4650 eam
2659 4603 3038 4665 expunximus.

1967 4666 2056 4733 99)
2097 4667 2227 4719 Cod.
2260 4666 2407 4718 Coll».
2440 4665 2521 4718 δεῖ
2549 4671 2641 4722 καὶ
2681 4673 2797 4733 τάς.
2833 4672 2934 4724 Alii
2966 4685 3091 4724 mss.
3117 4679 3170 4722 et
3215 4671 3446 4726 ειί.ἐδει.

1970 4736 2021 4816 1)
2049 4736 2510 4855 Ειιξιίῐμαρτυρῶν
2541 4740 2586 4790 ὁ.
2618 4741 2684 4793 At
2713 4752 2944 4808 quatuor
2967 4755 3095 4792 mss.
3127 4739 3276 4809 Regii
3307 4760 3448 4813 μαρ-

1970 4823 2051 4855 ιων
2083 4824 2160 4855 τω
2243 4821 2470 4855 νευματι
2515 4809 2561 4855 ὁ.
2613 4809 2759 4855 Hand
2821 4813 2972 4855 longe
3027 4825 3155 4855 mss-
3209 4816 3444 4855 nnnnnlli

1871 4809 2160 4878 {rupibus-t1)
2192 4809 2470 4878 Πνεῦματι
2515 4809 2561 4861 ό.
2611 4809 2759 4865 Haud
2819 4813 2972 4878 longe
3027 4825 3156 4864 mss.
3208 4809 3446 4866 nonnulli

1871 4874 2006 4928 ὅπου
2055 4874 2548 4950 Θέλειηιὶενειὶιυι*
2590 4881 2642 4932 in
2700 4881 2832 4950 Reg.
2888 4874 3139 4950 sécundoi
3179 4883 3445 4937 scltolium

1867 4961 2030 5023 unum
2078 4961 2107 4998 e
2140 4945 2356 5023 regione
2403 4948 2592 5023 horum
2637 4945 2964 5023 verborum,_
3003 4949 3257 5021 Πνεῦμα,
3317 4953 3444 5023 ἔφη,

1866 5015 2011 5089 quod
2039 5029 2142 5068 non
2168 5015 2689 5089 pigebitjiscribere.
2744 5019 2863 5073 llaec
2897 5021 3060 5089 igitur
3102 5015 3446 5078 librarius'e'o

1868 5087 1919 5137 in
1960 5083 2096 5162 libro
2128 5095 2278 5162 notat
2313 5105 2325 5139 :
2363 5087 2539 5162 ξξοῦτο
2569 5092 2596 5162 ὁ
2625 5083 3005 5162 Χρυσόστομος
3035 5091 3282 5162 περὶᾲτοῦ
3327 5094 3447 5146 ἀνέ-

1869 5171 1970 5223 μου
2007 5154 2196 5231 είρηκε
2261 5156 2515 5231 λεχθέντα
2559 5154 2694 5231 (lege
2720 5154 2928 5230 λεχθέν)
2967 5178 2980 5212 :
3022 5154 3449 5231 Ait-Chrysalo-

1865 5237 1985 5300 mus
2007 5227 2103 5279 hoc
2125 5229 2504 5300 dictumfuisse
2533 5230 2614 5300 dc_
2633 5227 2828 5284 uento—2
2869 5245 3030 5298 quam
3069 5227 3442 5300 Clirysostomi

1865 5296 2300 5362 explanationem
2331 5298 2554 5351 inveniri
2586 5295 2742 5354 Joan.
2771 5316 2854 5366 ιιι,
2885 5295 3291 5367 serm.26,]am
3313 5303 3442 5356 olim

1868 5369 2073 5418 monuit
2106 5367 2475 5420 Combeﬁsius.

2044 5437 2222 5511 Codex
2255 5437 2404 5511 Colb.
2455 5437 2674 5511 Ἐπειδὴ
2704 5440 2760 5493 δὲ
2781 5443 2808 5494 ὁ
2837 5440 2970 5493 Θεοῦ
3003 5442 3150 5504 παῖς.

1940 5501 2016 5575 (5)
2060 5505 2284 5591 Veteres
2305 5507 2526 5591 1aliquot
2556 5501 2680 5565 libri
2721 5528 2843 5565 eum
2883 5512 3043 5566 editis
3077 5501 3162 5580 sip‘
3190 5501 3289 5564 ὧν.
3334 5513 3442 5566 Alii

1872 5586 1980 5629 tres
2011 5593 2138 5630 mss.
2182 5578 2267 5645 ἐφ’
2298 5578 2363 5642 ᾧ.

1938 5645 2015 5720 (ᾗ)
2057 5642 2292 5720 Codices
2315 5649 2420 5702 duo
2444 5642 2599 5713 οὗτος
2637 5649 2927 5720 δυσφημετ.

1937 5716 2015 5787 (5)
2056 5716 2187 5784 Reg.
2221 5726 2450 5784 quartus
2478 5719 2725 5787 ἀφίενται
2751 5716 2953 5783 αὐτοῖς.

1913 5789 2032 5909 dig)”
2057 5787 2391 5909 agitem
2424 5791 2580 5844 θεοῦ.
2612 5792 2792 5847 Codex
2823 5793 2975 5850 Colb.
3002 5804 3055 5848 et
3085 5792 3216 5863 Reg.
3248 5795 3441 5850 tertius

1872 5874 2032 5928 μονον
2067 5874 2200 5909 θεοῦ
2209 5899 2218 5912 ι
