4008 6482
492 372 599 430 725
1834 384 1890 439 Ξ.
1935 381 2058 441 BAS

2161 386 2178 440 Ι
2216 385 2428 441 MAGNI
3631 396 3739 450 πει

494 489 655 553 Filii;
726 488 959 552 Paulus,
1011 488 1265 558 Spiritus,
1330 490 1481 546 illum
1538 492 1712 561 ipsum
1773 498 1862 564 qui
1912 498 2058 553 visus

2160 499 2245 567 μὴ
2290 499 2537 565 συνῆτε,
2588 498 2687 552 καὶ
2728 498 3065 565 ,ϐλέποντες
3090 501 3373 571 βλέψετε,
3406 506 3504 558 καί
3540 508 3613 559 οὐ
3646 508 3740 576 μὴ

500 580 697 643 fuerat,
728 597 889 633 unum
923 581 1209 635 Dominum
1240 582 1474 638 Sabamh
1498 586 1857 640 communiter
1885 590 2056 653 nomi-

2166 588 2360 654 ἴδητε·
2390 590 2695 658 ἐπαχύνθη
2725 592 2832 660 γὰρ
2861 593 2899 659 ἡ
2932 591 3143 659 καρδία
3174 593 3278 647 τοῦ
3299 595 3453 650 λαοῦ
3488 600 3734 653 τούτου.

498 680 712 726 nantes.
746 672 1065 727 Sermonem
1094 689 1253 744 quem
1278 676 1343 731 de
1369 676 1643 745 hypostasi
1674 678 2053 746 Instituerunt,

2174 682 2237 737 '0
2282 682 2566 753 προφήτης
2609 682 2719 752 (15)
2771 682 2865 736 τοῦ
2916 685 3127 757 Πατρὺς
3169 689 3463 759 εἰσηγεῖται
3519 692 3739 762 πρόσω-

493 764 812 830 distinxere,
849 763 1163 821 indistincta
1207 776 1461 822 manente
1492 768 1543 821 in
1586 767 1666 823 eis
1696 768 1762 822 de
1807 784 1914 824 uno
1950 770 2058 825 Deo

2165 790 2266 827 πον
2299 773 2391 826 τοῦ
2436 773 2585 845 παρὰ
2642 774 2913 839 Ἰουδαίοις
2957 780 3409 849 πεπιστευμένου·
3472 785 3501 836 6
3559 784 3736 851 εὐαγ-

489 857 780 910 Sententia.

2161 863 2413 935 γελιστὴς
2450 863 2545 916 τοῦ
2585 864 2748 918 Υἱοΰ·
2790 866 2818 918 6
2849 866 3058 930 Παῦλος
3100 867 3194 921 τοῦ
3238 870 3587 941 Πνεύματος·
3636 874 3736 926 ἕνα

487 949 693 1018 Κύριον
742 948 967 1002 Σαϐαὼθ
1020 949 1111 1003 τὸν
1154 949 1385 1019 ὀφθέντα
1453 951 1648 1015 κοινῶς
1712 955 2087 1025 ὀνομάζοντες.
2140 958 2399 1029 Διῄρηται
2445 956 2554 1029 (16)
2585 957 2765 1021 αὐτοῖς
2798 961 2826 1012 ὁ
2864 961 2990 1029 περὶ
3027 961 3129 1030 τῆς
3164 962 3511 1028 ὑποστάσεως
3547 966 3732 1036 λόγος,

492 1042 799 1112 ἀδιαιρέτου
832 1042 1083 1112 μένοντος
1109 1047 1165 1096 ὲν
1192 1045 1373 1107 αὐτοῖς
1402 1044 1497 1097 τοῦ
1531 1046 1659 1116 περὶ
1697 1048 1811 1110 ἐνὸς
1846 1047 1979 1100 Θεοῦ
2020 1051 2379 1120 φρονήματος.

492 1136 645 1203 Quod
665 1136 961 1213 Creatorem
989 1137 1301 1213 participant
1330 1151 1446 1213 qua:
1478 1146 1596 1213 sunt
1625 1140 1692 1189 ad
1731 1138 2010 1208 imaginem
2034 1155 2052 1192 :

2162 1140 2282 1194 Ὅτι
2301 1140 2536 1213 μετέχει
2684 1144 3043 1213 Δημιουργοῦ
3060 1146 3130 1198 τὰ
3146 1148 3274 1199 κατ’
3290 1148 3494 1203 εἰκόνα
3513 1166 3527 1180 ·
3550 1151 3735 1205 τοῦτο

876 1207 971 1259 hoc
996 1216 1168 1257 autem
1196 1205 1253 1272 ﬁt
1283 1220 1375 1273 per
1399 1205 1674 1273 Spiritum.
1842 1205 1855 1208 ⁷

2302 1205 2394 1263 ’δὲ
2430 1205 2527 1263 διὰ
2564 1211 2671 1263 τοῦ
2712 1205 3054 1283 Πῖνεύῂιὶτος
3087 1215 3198 1285 (17)
3220 1218 3555 1286 τννόμενον.

564 1299 715 1365 Quod
741 1301 785 1352 si
816 1298 932 1352 haec
974 1296 1367 1361 intelligerent,
1409 1311 1474 1350 ac
1500 1307 1646 1352 recte
1681 1300 2053 1367 perciperent,

2228 1302 2292 1355 Εἰ
2318 1301 2375 1354 δὲ
2405 1302 2577 1354 ταῦτα
2605 1302 2852 1356 συνίεσαν
2900 1306 2990 1357 καὶ
3022 1305 3199 1369 καλῶς
3226 1308 3498 1377 ὑπήκουον
3525 1313 3575 1362 οἰ
3603 1312 3733 1365 καθ’

490 1390 583 1458 qui
633 1400 821 1444 contra
872 1389 1187 1457 semetipsos
1234 1390 1373 1444 male
1416 1390 1685 1457 sapientes
1740 1402 1897 1456 sunt,
1948 1407 2053 1447 non

2165 1390 2368 1444 ἑαυτῶν
2437 1390 2621 1455 κακῶς
2682 1390 3042 1463 σοφιζόμενοι,
3102 1395 3202 1448 οὐκ
3248 1394 3315 1449 ἂν
3377 1397 3436 1449 τὸ
3498 1399 3735 1469 Πνεῦμα

493 1484 679 1549 utique
725 1481 987 1549 Spiritum
1035 1495 1063 1533 a
1100 1481 1295 1534 deitate
1339 1482 1680 1549 alienarent,
1739 1499 1805 1538 ne
1852 1499 1911 1538 se
1954 1484 2052 1553 ipsi

2160 1479 2409 1551 θεότητος
2436 1480 2769 1551 ὴλλοτρίουν,
2819 1482 2903 1535 ἵνα
2947 1483 3021 1553 μὴ
3072 1482 3325 1554 θεότητος
3359 1486 3589 1550 ἑαυτοὺς
3615 1487 3732 1556 (18)

497 1582 810 1626 resecarent
843 1586 871 1623 a
909 1571 1124 1635 deitate,
1155 1586 1306 1637 neve,
1339 1585 1587 1641 separato
1622 1591 1652 1627 a
1684 1575 1791 1630 Deo
1829 1577 2051 1638 mundo,

2160 1572 2493 1637 ἀποκόψωσι,
2535 1573 2630 1625 καὶ
2671 1572 2873 1642 κόσμον
2903 1573 3037 1627 Θεοῦ
3077 1575 3426 1645 διαστήσωσι.
3467 1576 3562 1631 καὶ
3594 1578 3732 1631 Θεὸν

492 1662 663 1716 Deum
711 1676 741 1714 a
792 1659 1005 1730 propria
1061 1669 1304 1713 creatura
1357 1661 1695 1719 dirimerent.
1745 1662 1873 1729 Quae
1909 1666 2051 1717 enim

2160 1662 2258 1735 τῆς
2294 1664 2427 1727 ἰδίας
2458 1665 2685 1727 κτίσεως
2706 1664 3098 1735 ἀποστήσωσιν.
3132 1667 3323 1721 Ἀθλια
3348 1668 3447 1739 μὲν
3472 1670 3584 1739 (19)
3615 1671 3729 1743 γὰρ

494 1753 634 1808 facta
678 1763 859 1809 essent
891 1769 919 1807 a
945 1752 1076 1817 Deo,
1106 1766 1331 1821 quisque
1366 1761 1539 1807 tamen
1568 1755 1860 1810 secundum
1899 1766 2052 1809 natu-

494 1859 610 1898 ram
649 1855 889 1898 creatam
922 1844 1196 1899 Creatoris
1248 1843 1416 1911 gloria
1475 1846 1915 1909 destituerentur,
1976 1861 2041 1902 ea

496 1936 681 1990 omnia
719 1937 825 1992 nisi
872 1938 1124 1990 deitatem
1176 1934 1578 2002 participarent,
1628 1936 1803 1990 forent
1837 1937 2050 1998 misera.

498 2027 598 2081 llic
631 2037 811 2083 autem
856 2029 922 2082 de
955 2029 1063 2082 Deo
1089 2041 1271 2080 sermo
1299 2027 1552 2095 indignus
1580 2037 1695 2092 est,
1733 2028 1777 2082 si
1809 2030 2056 2085 videlicet

495 2120 713 2173 dicatur
744 2127 1049 2173 creaturam
1096 2118 1289 2171 nudam
1322 2126 1374 2171 et
1410 2122 1559 2186 quasi
1592 2118 1674 2173 sui
1712 2135 1934 2174 vacuam
1965 2122 2059 2175 de-

495 2212 728 2279 spicere.
780 2214 969 2264 Verum
1001 2223 1101 2264 nec
1130 2221 1375 2263 creatura
1404 2209 1482 2264 sic
1519 2209 1717 2263 misera
1741 2250 1755 2274 ,
1786 2225 1885 2264 nec
1918 2210 2057 2265 Deus

497 2303 579 2356 sic
620 2302 903 2358 imbeclllis
954 2315 1069 2370 est,
1112 2313 1169 2357 ut
1199 2312 1439 2357 sanctam
1479 2302 1947 2371 participationem
2002 2305 2055 2357 in

496 2404 777 2450 creaturas
828 2411 931 2449 non
996 2397 1349 2451 transmittat.
1396 2395 1582 2462 Itaque
1621 2394 1801 2449 statim
1850 2396 1914 2448 ad
1974 2397 2054 2450 sui

501 2488 785 2557 imaginem
823 2488 992 2540 voluit
1025 2489 1296 2541 hominem
1350 2486 1546 2541 facere.
1583 2486 1831 2540 Profecto
1880 2497 2055 2541 autem

499 2581 678 2649 imago
705 2595 823 2649 quae
852 2579 1096 2646 eliicitur,
1138 2580 1259 2633 dum
1302 2579 1371 2633 ab
1396 2578 1689 2648 exemplari
1718 2576 2057 2641 transfertur,

498 2672 909 2726 similitudinem
932 2671 985 2724 in
1012 2671 1236 2724 materia
1260 2670 1478 2741 accipit,
1505 2684 1565 2724 ac
1587 2667 1921 2723 characteris
1944 2665 2061 2735 ejus

496 2761 723 2817 cliicitur
769 2764 1037 2833 particeps
1064 2802 1080 2827 ,
1128 2763 1215 2817 ubi
1262 2777 1356 2831 per
1400 2762 1625 2818 artificis
1681 2762 2062 2831 cogitationem

497 2867 823 2921 manumque
873 2854 1131 2922 impressa
1173 2855 1353 2907 fuerit.
1398 2851 1490 2907 Sic
1535 2855 1727 2923 pictor,
1780 2853 1859 2907 sic
1910 2852 2057 2906 scul-

498 2950 622 3012 ptor
654 2960 668 2998 :
699 2944 776 2998 sic
810 2946 896 3011 qui
928 2959 1147 2999 auream
1203 2954 1294 2998 aut
1344 2960 1538 2999 aeream
1594 2954 1823 3000 statuam
1851 2944 2016 2999 eﬂicit
2037 2983 2053 3008 ,

2158 1752 2335 1806 πάντα
2377 1752 2445 1805 τά
2479 1754 2820 1824 πεποιημένα
2868 1754 3001 1826 πρὸς
3049 1755 3141 1808 τοῦ
3170 1756 3326 1821 Θεοῦ,
3367 1758 3591 1828 καὶτῆς
3628 1761 3726 1813 τοῦ

2154 1844 2490 1916 Δημιουργοῦ
2534 1845 2690 1917 δόξης
2733 1845 3131 1916 ἀπολειπόμενα
3165 1849 3307 1903 κατὰ
3347 1850 3445 1923 τὴν
3496 1854 3728 1922 κτιστὴν

2155 1935 2335 2003 φύσιν,
2367 1936 2415 1987 εἰ
2460 1934 2533 2006 μὴ
2580 1935 2792 2006 μετέχει
2823 1934 3091 2004 θεότητος.
3133 1936 3370 2001 Ἀνάξιος
3412 1939 3469 1992 δὲ
3501 1940 3531 1992 6
3568 1938 3731 2006 λόγος

2156 2027 2282 2098 περὶ
2308 2025 2463 2091 Θεοῦ,
2494 2026 2554 2078 τὸ
2582 2026 2790 2097 γυμνὴν
2821 2026 2931 2095 (20)
2961 2026 3054 2079 καὶ
3081 2025 3264 2098 ὥσπερ
3295 2028 3496 2100 ἔρημον
3528 2030 3730 2085 ἑαυτοῦ

2156 2119 2418 2189 περιορᾷν
2464 2117 2562 2187 τὴν
2613 2117 2806 2171 κτίσιν.
2873 2116 3012 2169 Ἀλλ’
3063 2116 3185 2169 οῦτε
3242 2121 3275 2189 ἡ
3326 2122 3502 2184 κτίσις
3548 2120 3731 2185 οὕτως

2155 2210 2332 2273 ἀθλία,
2372 2208 2513 2264 οὔτε·
2546 2209 2676 2272 Θεὸς
2712 2208 2882 2273 οὕτως
2922 2208 3200 2273 ἀδύνατος,
3254 2209 3392 2263 ὥστε
3424 2214 3523 2284 τὴν
3560 2214 3731 2282 ἁγίαν

2159 2302 2441 2373 μετάδοσιν
2497 2299 2572 2372 μὴ
2620 2301 2945 2371 διαπέμπειν
2988 2302 3081 2355 ἐπὶ
3126 2301 3193 2354 τὰ
3236 2304 3534 2373 ποιήματα.
3586 2307 3728 2359 Κατ’

2158 2397 2338 2449 εἰκόνα
2371 2394 2502 2464 γοῦν
2527 2394 2720 2448 ἑαυτοῦ
2750 2396 2910 2461 εὐθὺς
2938 2398 3160 2467 ποιῆσαι
3192 2396 3283 2450 τὸν
3312 2396 3597 2469 ἄνθρωπον
3633 2399 3732 2468 βε-

2156 2486 2432 2556 ϐούληται.
2480 2485 2703 2547 Πάντως
2728 2484 2784 2537 δὲ
2815 2488 2853 2556 ἡ
2879 2486 2989 2556 (21)
3016 2486 3177 2539 εἰκὼν
3217 2490 3249 2557 ἡ
3292 2486 3731 2557 δημιουργουμέ-

2158 2587 2243 2640 νη,
2294 2572 2701 2642 μεταφερομένη
2736 2574 2842 2626 ἀπὸ
2875 2573 2965 2627 τοῦ
2995 2574 3369 2647 πρωτοτύπου,
3404 2576 3502 2647 τὴν
3528 2577 3732 2646 ὁμοίω-

2162 2675 2245 2710 σιν
2274 2662 2353 2722 εἰς
2382 2661 2478 2730 τὴν
2511 2664 2639 2734 ῦλην
2671 2666 2881 2735 εἴληφε,
2911 2667 3006 2719 καὶ
3036 2667 3335 2738 μετέσχηκε
3363 2668 3475 2737 (22)
3505 2668 3600 2721 τοῦ
3631 2686 3730 2739 χα-

2162 2749 2430 2821 ρακτῆρος
2472 2750 2561 2803 διὰ
2600 2753 2695 2821 τῆς
2725 2754 2817 2805 τοῦ
2852 2758 3092 2825 τεχνίτου
3121 2758 3360 2822 διανοίας
3406 2760 3501 2813 καὶ
3544 2760 3729 2830 χειρὸς

2160 2841 2623 2912 ὲναπομαχθέντος
2649 2842 2780 2911 (25).
2823 2843 3008 2908 Οὕτως
3049 2850 3077 2898 6
3128 2847 3436 2919 ζωγράφος,
3484 2852 3658 2913 οὕτως
3700 2853 3730 2902 6

2160 2934 2496 3005 λιθογλύφος,
2530 2934 2701 3000 οὕτως
2729 2939 2757 2989 6
2785 2938 2874 2989 τὸν
2899 2937 3126 3006 χρύσεον
3152 2941 3243 2993 καὶ
3268 2940 3358 2993 τὸν
3380 2942 3607 3011 χάλκεον
3630 2945 3729 2996 άν-

498 3044 715 3103 aceepta
763 3036 1008 3101 tnateria,
1042 3037 1259 3107 respicit
1287 3036 1353 3090 ad
1378 3037 1688 3106 exemplar,
1723 3038 1951 3091 assumit
1979 3037 2055 3092 rei

2160 3028 2379 3099 δριάντα
2422 3029 2788 3101 δημιουργῶν,
2835 3029 3027 3084 ἔλαϐεν
3071 3030 3222 3101 ὓλην,
3274 3033 3491 3086 ἀπεῖδεν
3535 3036 3617 3097 εἰς
3666 3036 3730 3088 τὸ

497 3139 656 3192 quam
704 3124 1011 3192 speculatus
1055 3136 1137 3179 est
1184 3126 1429 3195 ﬁguram,
1484 3127 1620 3179 hanc
1668 3126 1720 3179 in
1777 3127 2055 3179 materiam

497 3217 775 3283 imprimit.
811 3216 961 3282 Quod
990 3218 1034 3271 si
1083 3218 1329 3272 homines
1362 3232 1465 3270 non
1508 3226 1733 3285 possunt
1763 3216 1829 3269 ad
1868 3216 2059 3270 simili-

498 3308 740 3361 tudinem
770 3308 1065 3361 informare
1089 3310 1368 3370 materias,
1394 3308 1493 3361 nisi
1522 3321 1708 3361 earum
1741 3308 1913 3361 ideam
1938 3322 2062 3375 par-

499 3399 759 3469 tit'ipent;
792 3400 1061 3466 quomodo
1096 3401 1157 3451 ad
1193 3400 1597 3451 similitudinem
1633 3398 1722 3450 Dei
1757 3399 2060 3452 ascenderit

496 3502 779 3555 creatura,
827 3492 927 3545 nisi
976 3492 1305 3546 cliaracteris
1351 3492 1514 3545 divini
1579 3490 1744 3560 302
1791 3491 2061 3559 particeps

497 3585 687 3639 etii-cla
741 3584 851 3638 sit?
896 3583 1116 3638 Divinus
1172 3593 1350 3637 autem
1398 3583 1680 3636 character
1733 3598 1835 3635 non
1887 3580 2059 3649 qualis

499 3677 769 3731 humanus
797 3686 915 3742 est,
950 3677 1041 3731 sed
1082 3676 1304 3741 vivens,
1344 3683 1399 3731 et
1433 3690 1556 3729 vere
1591 3675 1855 3728 exsistens
1885 3673 2059 3743 imago

500 3765 750 3833 imaginis
793 3766 1035 3819 effectrix
1059 3805 1075 3831 ,
1123 3768 1276 3834 cujus
1308 3767 1433 3820 dum
1466 3766 1755 3835 participes
1806 3765 1939 3818 fiunt
1972 3778 2058 3817 res

501 3864 729 3919 cunctae,
767 3853 859 3907 Dei
893 3858 1294 3910 constituuntur
1322 3858 1601 3926 imagines.
1636 3858 1812 3927 Imago
1842 3856 2054 3926 quidem

498 3948 591 4002 Dei
618 3958 700 4002 est
724 3946 995 4013 Christus,
1037 3948 1139 4013 Qui
1177 3957 1248 3999 est
1271 3986 1286 4009 ,
1320 3948 1510 4013 inquit,
1546 3949 1714 4019 imago
1751 3948 1851 4003 Dei
1884 3949 2058 4002 invisi-

498 4041 619 4093 bilis
645 4040 725 4106 ¹⁷;
774 4040 951 4107 imago
983 4054 1110 4094 vero
1158 4036 1312 4102 Filii,
1370 4036 1634 4107 Spiritus;
1675 4050 1730 4093 et
1774 4042 1864 4109 qui
1902 4042 2059 4110 hujus

496 4130 634 4184 fiunt
681 4131 1008 4200 participes,
1039 4130 1129 4183 ﬁlii
1169 4131 1474 4184 conformes
1503 4128 1831 4193 efﬁciuntur,
1869 4146 2059 4183 secun-

496 4223 621 4274 dum
656 4222 706 4275 id
736 4222 878 4290 quod
911 4224 1168 4291 scriptum
1193 4233 1275 4277 est
1300 4242 1313 4277 :
1346 4222 1514 4287 Quos,
1544 4222 1736 4286 inquit,
1763 4222 2056 4289 prwscivit,

495 4324 542 4363 et
574 4314 966 4380 pra'dcstinavit
1014 4314 1305 4383 conformes
1344 4316 1461 4383 ﬁeri
1500 4315 1744 4383 imaginis
1790 4311 1922 4365 Filii
1951 4314 2057 4377 sui,

496 4416 551 4456 ut
578 4403 647 4457 sit
672 4404 779 4472 ipse
809 4406 1184 4473 primogenita:
1213 4406 1267 4459 in
1290 4406 1470 4458 multis
1495 4405 1746 4473 fratribus
1782 4405 1847 4461 ⁸⁸.

566 4497 611 4529 ’⁷
642 4497 847 4553 Coloss.
880 4514 919 4561 ι,
955 4499 1039 4553 15.
1115 4501 1161 4532 ³⁸
1198 4500 1350 4555 Rom.
1376 4515 1494 4562 Vm,
1526 4499 1615 4553 29.

495 4662 527 4715 ὁ
567 4590 680 4712 (if)
720 4590 928 4662 Vulgati
954 4592 1072 4645 libri
1109 4594 1398 4663 προφήτης
1428 4587 1541 4646 οὖν.
1581 4591 1694 4646 Vox
1731 4586 1823 4643 οὖν
1853 4592 1905 4645 in
1932 4608 2062 4647 mss.

531 4677 625 4715 ens
656 4700 670 4714 .

531 4674 670 4715 OI'Sl.

568 4731 680 4805 (i6)
713 4731 850 4785 Editi
904 4732 1171 4805 Διῄρηται
1203 4731 1330 4801 γάρ.
1360 4730 1514 4800 illud,
1556 4732 1685 4805 γάρ,
1720 4734 1773 4788 in
1801 4746 1930 4786 mss.
1960 4747 2064 4784 non

498 4803 730 4869 legitur;
760 4816 934 4869 eoque
960 4803 1277 4857 delevimus.

569 4871 683 4957 (Π)
704 4874 882 4957 Codex
900 4888 1048 4957 .unus
1068 4882 1121 4925 et
1145 4873 1270 4956 editi
1297 4872 1419 4924 Ὅτι
1451 4873 1661 4957 μετέχει
1676 4875 1781 4957 ⁸τοῦ
1808 4876 2069 4957 Antinou?-

496 4940 595 5009 γοῦ
628 4940 697 4991 τὰ
729 4941 848 5013 κατ’
867 4942 1050 4994 εἰκόνα
1072 4942 1351 5013 γινόμενα,
1391 4940 1548 4994 τοῦτο
1578 4940 1635 4996 δὲ
1671 4945 1759 4997 διὰ
1784 4940 1879 4997 τοῦ
1892 4940 2069 4995 ’11νεύ-

501 5026 691 5081 ματοςἶ
724 5010 826 5081 Alii
853 5023 1086 5075 quatuor
1111 5010 1239 5065 mss.
1264 5014 1413 5066 ὅτι...
1454 5013 1668 5066 εἰκόνα·
1700 5014 1857 5068 τοῦτο
1897 5013 1954 5066 δὲ
1978 5012 2066 5066 διὰ

496 5078 591 5133 τοῦ
648 5078 964 5149 Πνεῦματος
993 5081 1268 5150 γινόμενα,
1299 5085 1376 5135 sic
1408 5090 1464 5133 ut
1512 5082 1661 5143 illud.
1691 5084 1846 5137 τοῦτο
1873 5084 1949 5145 δέ,
1975 5086 2067 5135 ad-

500 5151 810 5204 verliialiter
835 5163 1109 5216 sumptum
1152 5166 1271 5205 esse
1315 5154 1578 5214 videatur,
1610 5155 1767 5207 simul
1819 5171 1913 5221 per
1942 5152 2063 5219 Spi-

500 5222 656 5271 ritum
683 5223 845 5288 facta.
876 5222 983 5275 Alii
1010 5221 1116 5274 duo
1145 5236 1274 5276 mss.
1310 5224 1384 5276 uti
1422 5224 1475 5275 in
1517 5234 1772 5278 contextu
1809 5224 1912 5293 legi
1971 5238 2066 5294 po-

501 5299 621 5343 test.

571 5357 681 5428 (18)
708 5358 848 5414 Editi
880 5369 934 5413 et
960 5360 1165 5427 aliquot
1198 5376 1327 5415 mss.
1363 5360 1581 5423 αὐτούς.
1614 5361 1791 5416 Codex
1823 5362 1978 5417 Colb.
2014 5372 2068 5417 et

500 5427 1179 5527 alii”ilqul‘iegii‘faurodg.
1212 5431 1411 5486 Ibidem
1440 5434 1569 5527 editi
1598 5432 1971 5486 ἀποκόπτωσι.
2000 5436 2068 5486 At

500 5499 994 5569 ιιιεετάποκόψωσι.
1508 5518 1520 5533 ·

571 5568 853 5643 (l9)_E_3diti
876 5570 1069 5623 Ἀθλια
1120 5572 1263 5643 γάρξΔ
1308 5572 1459 5643 Libri
1486 5580 1710 5643 veteres
1746 5573 1940 5626 Ἀθλια
1969 5573 2067 5643 μὲν

502 5638 863 5761 γάρὲιϋὶάεσι
891 5642 1021 5696 editi
1052 5638 1143 5695 xu“.
1173 5638 1266 5695 τοῦ
1300 5642 1428 5711 δημ.
1457 5642 1681 5698 Codices
1713 5653 1821 5698 tres
1846 5645 1940 5697 καὶ
1967 5638 2067 5712 τῆς

502 5724 596 5761 του
656 5725 753 5761 nu.

501 5724 596 5761 του
623 5724 687 5779 οη
697 5725 753 5777 μ.

576 5778 687 5848 (20)
715 5778 895 5834 Codex
952 5797 1088 5837 unus
1121 5792 1175 5839 et
1209 5783 1338 5839 editi
1369 5784 1493 5843 περὶ
1528 5783 1661 5837 Θεοῦ
1704 5784 1795 5838 τοῦ
1833 5786 2062 5845 γυμνήν.

2158 3118 2529 3189 πρωτότυπον,
2565 3119 2790 3174 ἀνέλαϐε
2824 3118 2916 3172 τοῦ
2948 3119 3353 3192 τεθεωρημένου
3374 3123 3485 3192 (24)
3512 3125 3605 3178 τὸν
3635 3127 3731 3178 τῦ-

2158 3226 2277 3273 πον,
2310 3213 2819 3282 ὲναπεσφραγίσατο
2858 3211 3044 3266 τοῦτον
3075 3217 3140 3283 τῇ
3166 3213 3285 3287 ῦλῃ.
3312 3217 3376 3269 Εἰ
3428 3217 3485 3269 δὲ
3516 3218 3731 3288 ἀνθρὼ-

2157 3316 2281 3362 ποις
2318 3300 2415 3369 οὐχ
2464 3296 2573 3353 οἷόν
2612 3318 2670 3354 τε
2719 3303 2856 3371 πρὸς
2900 3305 3156 3373 ὁμοίωσιν
3211 3306 3593 3376 ὲκτυπωθῆναι
3626 3305 3731 3372 τὰς

2159 3392 2307 3455 ὕλας,
2338 3393 2385 3443 εί
2418 3392 2490 3463 μὴ
2516 3394 2614 3464 τῆς
2658 3395 2800 3459 ἰδέας
2836 3396 3014 3448 αὐτῶν
3044 3396 3429 3465 μεταλάϐοιεν·
3458 3398 3576 3462 πῶς
3608 3401 3731 3470 Θεῴ

2159 3484 2293 3552 πρὸς
2315 3484 2569 3553 ὁμοίωσιν
2602 3486 2833 3554 ἀναϐαίη
2854 3486 2967 3554 (25)
2994 3486 3054 3538 τὸ
3084 3487 3308 3557 κτίσμα,
3344 3487 3418 3559 μὴ
3454 3490 3730 3561 μεταλαμ-

2159 3574 2316 3628 ϐάνον
2346 3574 2486 3628 θείου
2517 3578 2896 3651 χαρακτῆροςς
2928 3579 3079 3642 Θείος
3102 3577 3158 3630 δὲ
3187 3582 3468 3653 χαρακτὴρ
3500 3585 3597 3654 οὐχ
3617 3579 3730 3646 οἷος

2157 3668 2185 3720 6
2224 3666 2578 3737 ἀνθρώπινος,
2614 3672 2748 3726 ἀλλὰ
2778 3671 2884 3736 ζῶν
2905 3689 2919 3701 ·
2963 3672 3057 3726 καὶ
3082 3671 3249 3734 ὅντως
3282 3670 3356 3724 ὢν
3390 3673 3551 3726 εἰκὼν
3584 3677 3730 3728 εἰκο-

2158 3761 2388 3827 νοποιὸς,
2418 3756 2484 3834 ἦς
2516 3763 2689 3818 πάντα
2714 3765 2821 3834 (26)
2850 3766 2919 3819 τά
2966 3764 3300 3837 μετασχόντα
3351 3765 3558 3829 εἰκόνες
3596 3767 3733 3820 καθ-

2160 3854 2403 3909 ίστανται
2448 3855 2602 3910 Θεοῦ.
2630 3857 2805 3912 Εἰκὼν
2847 3860 2944 3930 μὲν
2975 3857 3108 3911 Θεοῦ
3152 3858 3404 3930 Χριστὸς,
3437 3859 3543 3923 ὐς
3570 3859 3726 3925 ἐστι,

2157 3948 2339 4019 φησὶν,
2365 3950 2540 4002 εἰκὼν
2562 3950 2668 4003 τοῦ
2697 3951 2841 4004 Θεοῦ
2866 3952 2969 4006 τοῦ
2998 3951 3252 4019 ἀοράτου
3272 3968 3285 3982 ·
3332 3950 3493 4004 εἰκὼν
3516 3950 3573 4004 δὲ
3595 3951 3728 4004 Υἱοῦ

2158 4040 2219 4091 τὸ
2248 4039 2490 4109 Πνεῦμα,
2515 4043 2609 4095 καὶ
2636 4044 2683 4095 οἱ
2711 4042 2898 4097 τούτου
2927 4044 3431 4113 μεταλαμϐάνοντες
3459 4044 3563 4096 υἱοὶ
3589 4045 3732 4112 σύμ-

2162 4147 2379 4200 μορφοι,
2397 4133 2535 4185 κατά
2562 4134 2622 4187 τὸ
2642 4136 3044 4207 γεγραμμένον,
3079 4137 3160 4188 ὅτι
3180 4138 3295 4202 Οὓς
3318 4138 3588 4206 προέγνω
3612 4139 3731 4205 (27)

2158 4222 2255 4275 καὶ
2288 4224 2576 4291 προώρισε
2602 4231 3011 4294 συμμόρφους,
3044 4229 3194 4297 φησὶ,
3224 4229 3333 4296 τῆς
3362 4230 3596 4293 εἰκόνος
3622 4229 3732 4281 τοῦ

2169 4314 2302 4368 Υἱοῦ
2331 4315 2539 4377 αὐτοῦ,
2578 4318 2664 4381 εἰς
2707 4316 2771 4369 τὸ
2816 4318 2967 4372 εἶναι
3012 4320 3197 4372 αὑτὸν
3236 4322 3612 4387 πρωτότοκον
3660 4320 3733 4372 ἐν

2090 4386 2135 4442 D
2163 4406 2415 4473 πολλοῖς
2444 4405 2741 4476 ἀδελφοῖς.

2172 4593 2275 4645 Alii
2299 4592 2537 4663 quinque
2574 4606 2707 4663 mss:
2742 4608 2871 4662 περι
2903 4591 3058 4663 Θεοῦ,
3091 4590 3172 4653 τό,
3201 4595 3433 4663 γυμνήν.
3475 4589 3584 4663 Hoc
3616 4590 3733 4656 ipso

2171 4663 2365 4783 iulloco
2397 4658 2527 4715 editi
2560 4658 2883 4731 καὶῶσπέρ.
2922 4662 3097 4715 Nostri
3129 4658 3331 4732 septeni
3371 4658 3499 4713 inss.
3540 4658 3733 4731 ὥσπερ

2171 4750 2235 4783 κα
2265 4770 2279 4783 .

2168 4750 2279 4785 και.

2238 4802 2351 4870 (21)
2390 4801 2529 4871 Βθε,
2555 4800 2746 4853 tertius
2783 4799 3006 4853 Πάντων
3035 4800 3091 4852 δὲ
3120 4803 3176 4871 ἡ.

2239 4868 2354 4944 (22)
2407 4870 2554 4939 Regii
2610 4871 2883 4944 secundus
2936 4880 2990 4923 et
3050 4868 3237 4944 tertius
3272 4868 3403 4938 ὓλην
3448 4872 3732 4944 εἰληφέναι

2172 4942 2477 5011 μετέσχηκε
2505 4950 2520 4967 “
2569 4952 2731 5011 quam
2782 4941 3102 5011 scripturam
3122 4940 3478 5011 claramiesse
3513 4940 3732 5010 et'per-

2169 5007 2409 5080 spicuani
2441 5007 2797 5081 Combelisius
2825 5009 3074 5065 alIirmat.
3109 5009 3284 5062 Codex
3317 5010 3467 5067 Colb.
3494 5025 3549 5067 et
3593 5007 3729 5081 Reg.

2170 5079 2391 5147 quintus
2436 5094 2557 5133 cum
2618 5079 2779 5131 editis
2809 5090 2866 5131 ut
2923 5081 2973 5133 in
3008 5088 3283 5134 contextu.
3336 5081 3536 5138 Ibidem
3595 5079 3730 5137 mss.

2170 5151 2406 5204 nonnulli
2444 5148 2786 5219 χαρακτῆρος
2826 5150 3055 5203 ἐκείνου.

2238 5222 2351 5291 (25)
2386 5218 2747 5293 Aiitiquiduo
2788 5220 2906 5274 libri
2942 5231 2995 5274 et
3043 5218 3171 5273 editi
3221 5219 3402 5291 χειρός
3451 5220 3732 5293 ὲναπόμα-

2167 5289 2313 5361 γμα·
2346 5289 2942 5361 quodivitiosumdesse
2983 5289 3374 5361 et_mendosu'm
3402 5292 3534 5345 satis
3562 5289 3729 5361 patet.

2167 5357 2377 5417 Codex’
2406 5359 2562 5414 Colb.
2610 5369 2665 5413 et
2727 5358 2830 5412 alii.
2863 5362 2968 5414 duo
3028 5357 3177 5429 Regii
3230 5357 3731 5434 ἐναπομαχθέντος,

2169 5442 2335 5486 recte.

2240 5500 2350 5571 (24)
2383 5500 2511 5568 Reg.
2546 5508 2766 5567 quartus
2792 5499 2885 5553 τοῦ
2908 5499 3445 5571 προτεθεωρημένου.

2239 5570 2353 5643 (25)
2379 5572 2527 5643 _lfldit_i
2556 5571 2760 5643 άναδῇ.
2793 5572 3019 5643 A_t_mss.
3054 5582 3161 5623 tres
3191 5570 3444 5643 ἀναϐαίη.

2239 5642 2349 5712 (26)
2379 5641 2517 5694 Editi
2616 5635 3248 5712 stivaanNostriscptem
3281 5635 3527 5712 mssfﬁc.

2240 5710 2348 5781 (27)
2377 5711 2507 5781 Reg.
2541 5712 2729 5766 tertius
2762 5710 2867 5775 Οὓς
2900 5711 3243 5781 προέννωκε..
