4008 6476
267 388 380 444 ’ἔέδ

1369 403 1740 461 ADVERSUS
1781 409 2151 466 EUNOMIL‘M
2195 416 2317 469 LIB.
2364 421 2428 473 V.

3411 432 3512 484 7‘26

307 508 407 555 Οτι
465 509 532 559 τὸ
584 506 755 575 ἄτιον
800 507 1040 596 Πνεῦμα
1096 512 1167 563 οὐ
1229 513 1425 582 κτῆμα
1488 518 1654 579 Θεοῦ,
1712 521 1834 573 οὐδε

1961 521 2118 585 Quod
2180 527 2412 590 Spiritus
2452 543 2664 583 sanctus
2721 547 2821 582 non
2867 535 2930 584 sit
2972 535 3066 586 Dei
3119 541 3374 604 possessio
3425 557 3516 594 nec

941 579 1181 650 κτίσμα.

346 666 470 730 Πῶς
496 662 587 720 οὖν
620 669 680 719 τὸ
719 667 940 740 Πνεῦμα
989 677 1441 745 συμμαρτυρήσει
1474 676 1550 746 τῷ
1581 681 1846 750 πνεύματί

274 773 391 822 σου,
425 759 564 812 κατὰ
588 759 676 809 τὸν
711 759 1048 826 Ἀπόστολον,
1067 765 1148 815 ὅτι
1175 763 1300 825 Υἱὸς
1324 761 1374 817 εἴ
1390 764 1482 816 τοῦ
1508 767 1661 827 Θεοῦ.
1691 772 1848 843 εἴπερ

273 850 407 902 αὐτὸ
434 851 532 918 τῆς
560 849 652 900 τοῦ
684 850 811 904 Υἱοῦ
839 853 994 924 δόξης
1026 856 1332 925 ἀλ).ὁτριον;
1374 859 1496 923 Πῶς
1528 862 1584 912 ὲν
1616 863 1696 913 σοὶ
1721 863 1844 934 βοή-

274 958 446 1002 σεται,
493 940 653 994 Ἀϐϐά
696 945 726 996 d
758 945 975 1015 Πατὴρ,
1019 948 1065 997 εἰ
1099 946 1172 1016 μὴ
1202 950 1482 1017 μετάδοσίς
1511 954 1655 1004 ἐστιν
1681 953 1846 1016 ὅντως

271 1031 332 1096 ἐξ
367 1030 533 1095 Ποῦ,
568 1033 628 1084 οὐ
676 1036 858 1106 κτῆμα
901 1035 1087 1098 αὑτοῦ,
1117 1040 1243 1109 παρ’
1274 1040 1436 1093 αὑτοῦ
1477 1044 1843 1112 πεμπόμενον.

273 1121 464 1193 ὥσπερ
507 1124 565 1177 τὸ
606 1127 822 1195 πνεῦμα
869 1129 928 1179 τὸ
967 1127 1326 1198 ἀνθρώπινον,
1374 1133 1406 1202 ἢ
1443 1135 1504 1186 τὸ
1541 1134 1754 1204 πνεῦμα
1789 1135 1848 1188 τὸ

275 1211 578 1280 ἀνεμιαίον,
625 1215 764 1287 ἆπερ
803 1215 1024 1268 εἰώθασι
1063 1217 1240 1287 λέγειν
1267 1224 1312 1273 οἱ
1341 1222 1402 1274 τὸ
1435 1222 1657 1293 Πνεῦμα
1682 1225 1842 1295 χωρί-

275 1299 457 1367 ζοντες
495 1306 601 1359 ἀπὸ
647 1307 918 1379 θεότητος,
962 1311 1100 1363 ἀλλὰ
1143 1313 1274 1365 Θεοῦ
1316 1315 1406 1368 καὶ
1452 1315 1579 1369 Υἱοῦ
1625 1319 1847 1388 Πνεῦμα

273 1395 442 1448 ἀΐδιον
467 1398 599 1464 (‘28),
628 1401 683 1450 ὲν
730 1403 799 1470 τῇ
837 1400 956 1471 θείᾳ
990 1401 1115 1475 δόξῃ
1142 1405 1429 1474 τυγχάνον,
1463 1410 1556 1462 καὶ
1584 1409 1844 1482 γνωριζὸ-

279 1503 456 1554 μενον.
490 1491 563 1541 Οὐ
598 1490 706 1559 γὰρ
738 1491 796 1541 τὸ
840 1492 1054 1562 πνεῦμα
1099 1494 1157 1546 τὸ
1198 1497 1287 1549 σὺν
1327 1499 1585 1570 Χριστός·
1633 1503 1751 1555 οὐδὲ
1787 1501 1845 1554 τὸ

276 1580 490 1649 πνεῦμα
518 1582 608 1633 τοῦ
638 1582 837 1652 ἀνέμου
871 1586 1073 1656 Κύριος
1095 1605 1108 1619 ’
1133 1591 1251 1642 οὐδὲ
1279 1591 1338 1644 τὸ
1371 1593 1586 1664 πνεῦμα
1616 1596 1676 1648 τὸ
1710 1595 1846 1648 ἁκάο

275 1670 468 1740 θαρτον
498 1671 706 1743 (ἐπειδὴ
749 1675 841 1726 καὶ
871 1676 1026 1731 τοῦτο
1055 1681 1357 1753 ἐτόλμησαν
1395 1690 1738 1753 παραγαγεῖν
1766 1703 1845 1738 τι·

273 1768 420 1827 νες)’
463 1761 524 1813 τὸ
553 1763 607 1815 δὲ
658 1766 880 1837 Πνεῦμα
914 1771 973 1822 τὸ
1024 1771 1176 1838 ἅγιον
1225 1775 1457 1842 Χριστὸς
1503 1777 1592 1827 καὶ
1642 1777 1844 1847 Κύριος

272 1851 615 1921 ὀνομάζεται,
659 1858 906 1925 λέγοντος
951 1862 1047 1928 μὲν
1088 1861 1178 1914 τοῦ
1224 1863 1544 1916 Ἀποστόλου
1579 1868 1834 1939 (καθάπερ

1949 1883 2381 1936 commonuimns
2405 1923 2418 1946 ,
2462 1884 2542 1934 ait.
2578 1879 2866 1945 Apostolus

271 1943 473 2011 ἀρτίως
503 1946 892 2015 ἐμνήσθημεν),
923 1950 989 1999 El
1014 1948 1078 1999 δέ
1108 1968 1194 2014 τις
1222 1953 1462 2021 Πνεῦμα
1489 1957 1704 2022 Κυρίου
1735 1961 1843 2010 οὐκ

271 2035 418 2100 ἔχει,
457 2033 629 2101 οὗτος
670 2041 780 2091 οὐκ
820 2039 990 2091 ἔστιν
1029 2042 1244 2095 αὐτοῦ·
1283 2047 1334 2096 εὶ
1375 2044 1442 2096 δὲ
1481 2048 1731 2114 Χριστὸς
1777 2052 1845 2102 ἐν

269 2126 446 2194 ὑμῖν·
495 2128 590 2198 τὴν
631 2129 722 2181 τοῦ
771 2130 1087 2200 Πνεῦματος
1133 2135 1403 2204 ἐνοίκησιν
1458 2139 1843 2208 ἀποφαίνοντος

270 2218 543 2288 Χριστοῦ·
602 2221 849 2288 λέγοντος
908 2223 964 2274 δὲ
1027 2225 1225 2278 πάλι-δ’
1292 2228 1342 2278 Ὀ
1402 2229 1469 2280 δὲ
1518 2232 1730 2299 Κύριος
1777 2234 1841 2284 τὸ

268 2311 513 2381 Πνεῦμά
539 2313 734 2366 ἐστιν·
767 2312 836 2369 οὗ
865 2315 932 2367 δὲ
970 2317 1033 2369 τὸ
1065 2319 1304 2388 Πνεῦμα
1334 2325 1571 2390 Κυρίου,
1609 2325 1842 2380 exe-008—

259 2402 391 2470 ρία.
448 2404 606 2454 Ὥστε
658 2405 718 2456 τὸ
764 2406 967 2475 Κυρίου
1007 2406 1250 2479 Πνεῦμα,
1306 2411 1541 2482 Κύριος’
1589 2415 1687 2466 οὐκ
1736 2416 1841 2486 ἄρα

267 2491 455 2561 κτῆμα
497 2492 529 2562 ἢ
580 2496 780 2566 κτίσμα
825 2496 1050 2566 Κυρίου,
1096 2500 1210 2552 ἀλλ’
1238 2501 1421 2566 εἰκὼν,
1461 2501 1536 2565 ὡς
1581 2508 1838 2578 προείρη-

265 2600 359 2636 ται
389 2584 521 2655 (29).

270 2677 392 2730 ’Ότι
429 2679 604 2734 εἰκὼν
631 2682 864 2751 ἀληθὴς
894 2683 992 2755 καί
1035 2683 1263 2752 φυσικὴ
1310 2685 1455 2739 Θεοῦ
1485 2686 1581 2739 καί
1620 2689 1839 2755 Κιφίου

868 2754 931 2806 τὸ
981 2755 1240 2823 Πνεῦμα.

341 2839 448 2890 Καὶ
479 2840 640 2893 εἰκὼν
667 2843 901 2912 ἀληθής·
938 2845 1037 2895 οὐκ
1071 2844 1128 2906 ἐξ
1162 2845 1363 2907 εἰκόνος
1391 2844 1557 2911 θείας,
1592 2849 1837 2921 καθάπερ

265 2930 448 2996 ἡμεῖς.
480 2931 579 2982 Διὰ
611 2932 766 2984 τοῦτο
798 2935 903 3001 γὰρ
935 2933 1254 2998 ὲξεικονίζον
1301 2937 1397 2988 οὐκ
1435 2937 1833 3004 ἐξεικονίζεται,

267 3021 362 3072 καὶ
392 3021 451 3072 τὸ
484 3021 687 3092 χρίσμα
731 3025 790 3074 οὐ
819 3025 1049 3093 χρίεται,
1081 3028 1301 3096 Χρίσμα
1328 3027 1382 3080 δὲ
1407 3029 1464 3081 τὺ
1495 3031 1717 3100 Πνεῦμα
1751 3034 1833 3099 ἐφ’

263 3115 419 3181 ἡμῖν,
437 3113 510 3175 ὡς
540 3115 789 3186 Ἰωάννης
813 3116 956 3185 λέγει
975 3119 1105 3187 (50).
1125 3120 1231 3170 Καὶ
1267 3121 1318 3171 τί
1342 3117 1513 3182 εἷπον,
1558 3124 1640 3190 ἐφ’
1665 3125 1831 3191 ἡμῖνς

2606 611 2870 652 creatura.

2024 683 2309 749 Quomodo
2354 683 2536 752 igitur,
2573 693 2863 744 secundum
2898 689 3244 758 Apostolum,
3286 695 3521 763 Spiritus

1952 780 2165 849 spiritui
2208 785 2298 829 tuo
2332 777 2694 833 testimonium
2726 784 2910 837 reddet
2933 785 3074 850 quod
3101 785 3266 839 Filius
3299 789 3388 842 Dei
3419 790 3518 852 sis,

1958 875 2001 926 si
2040 873 2155 941 ipse
2184 884 2218 923 a
2244 869 2412 937 gloria
2442 867 2562 922 Filii
2595 871 2803 927 alienus
2825 876 2943 940 est?
2967 876 3244 942 Quomodo
3269 878 3518 934 clamabit

1949 965 1999 1017 in
2043 974 2118 1028 te,
2155 961 2326 1022 Abba,
2349 959 2593 1025 Pater",
2623 963 2722 1014 nisi
2774 981 2899 1021 vere
2951 972 3019 1022 sit
3065 969 3407 1039 participatio
3451 986 3516 1024 ex

1953 1057 2110 1121 Filio,
2145 1071 2251 1110 non
2286 1052 2405 1123 ejus
2445 1056 2751 1123 possessio,
2792 1071 2909 1125 qna:
2944 1061 3009 1113 ab
3059 1065 3174 1130 ipso
3216 1063 3515 1127 emittatur,

1960 1149 2105 1203 velut
2135 1148 2364 1219 spiritus
2389 1147 2673 1210 humanus,
2698 1160 2789 1200 aut
2816 1150 3034 1217 spiritus
3064 1156 3227 1220 venti,
3258 1165 3315 1208 ut
3337 1148 3517 1210 dice're

1953 1240 2135 1292 solent.
2170 1242 2261 1310 qui
2294 1259 2327 1293 α
2367 1238 2565 1293 deitate
2602 1239 2861 1310 Spiritum
2893 1253 3162 1309 separant,
3203 1248 3295 1297 sed
3333 1249 3421 1301 Dei
3453 1264 3515 1303 ac

1955 1329 2075 1384 Filii
2109 1332 2349 1403 Spiritus
2383 1332 2763 1398 sempiternus,
2795 1333 2848 1387 in
2894 1334 3070 1386 divina
3107 1334 3384 1403 majestate
3419 1355 3511 1392 ex-

1951 1421 2170 1488 sistens,
2231 1440 2296 1477 ac
2347 1424 2619 1491 cognitus.
2677 1425 2789 1478 Non
2843 1425 2982 1478 enim
3028 1426 3244 1490 spiritus
3282 1435 3402 1479 tuus
3434 1437 3516 1482 est

1945 1512 2213 1577 Christus,
2249 1531 2428 1585 neque
2459 1515 2602 1567 venti
2635 1515 2856 1584 spiritus
2892 1518 3150 1572 Dominus
3189 1529 3271 1572 est
3299 1559 3312 1581 ,
3342 1534 3515 1587 neque

1946 1607 2167 1676 spiritus
2221 1604 2532 1660 immundus
2579 1603 2722 1671 (nam
2759 1605 2861 1658 hoc
2907 1607 3069 1660 etiam
3111 1608 3346 1662 nonnulli
3394 1611 3508 1662 ausi

1947 1710 2073 1754 Sunt
2134 1701 2188 1754 in
2254 1699 2495 1751 medium
2560 1696 2823 1763 proferre)
2865 1713 2877 1749 ε
2919 1709 2971 1751 at
3023 1699 3252 1769 Spiritus
3297 1711 3513 1755 sanctus

1948 1793 2196 1848 Christus
2226 1803 2279 1846 et
2330 1790 2595 1845 Dominus
2644 1789 2970 1844 nominatur.
3011 1791 3247 1860 Quippe,
3277 1793 3512 1845 utmodo

2905 1898 2918 1933 :
2967 1879 3025 1934 Si
3059 1885 3169 1948 quis
3201 1894 3370 1936 autem
3399 1883 3514 1948 Spi-

1946 1975 2106 2025 ritum
2141 1972 2351 2025 Domini
2388 1991 2487 2026 non
2536 1971 2688 2024 habet
2714 2009 2729 2034 ,
2758 1970 2840 2021 hic
2884 1987 2985 2024 non
3014 1984 3088 2024 est
3126 1975 3280 2040 ejus:
3307 1976 3351 2026 si
3395 1990 3512 2026 vero

1945 2059 2186 2113 Christus
2219 2061 2270 2111 in
2302 2061 2439 2113 vobis
2483 2072 2556 2113 est
2597 2060 2640 2090 ³⁰
2675 2078 2688 2114 :
2731 2059 2924 2128 quibus
2951 2062 3129 2114 verbis
3169 2062 3399 2130 Spiritus
3431 2065 3510 2116 in-

1946 2151 2336 2204 babitationem
2379 2149 2576 2203 Christi
2614 2165 2735 2204 esse
2775 2149 3217 2204 inltabitationem
3247 2154 3506 2216 aﬂirmat;

1945 2255 2132 2294 rursus
2168 2255 2296 2294 vero
2329 2240 2488 2294 dicit:
2522 2239 2782 2293 Dominus
2814 2251 2985 2294 autem
3017 2241 3246 2307 Spiritus
3286 2254 3391 2295 est:
3423 2245 3510 2296 ubi

1943 2349 2062 2386 vero
2090 2331 2319 2400 Spiritus
2350 2333 2593 2395 Domini,
2629 2333 2703 2386 ibi
2722 2333 2933 2386 libertas
2969 2333 3031 2384 ³¹.
3068 2333 3243 2398 Quare
3279 2333 3509 2403 Spiritus

1944 2427 2173 2488 Domini,
2199 2427 2456 2481 Dominus
2481 2437 2560 2481 est
2583 2446 2595 2480 :
2623 2443 2735 2488 non,
2758 2425 2917 2491 igitur
2939 2428 3227 2493 possessio,
3248 2436 3340 2479 aut
3364 2441 3511 2480 crea-

1944 2529 2059 2572 tura
2092 2517 2325 2579 Domini,
2352 2517 2444 2568 sed
2475 2517 2672 2584 imago,
2708 2527 2763 2568 ut
2784 2530 2955 2566 \suora
2981 2517 3179 2568 dictuut
3213 2526 3314 2570 est.

1945 2694 2095 2760 Quod
2118 2695 2293 2766 imago
2325 2712 2445 2750 vera
2470 2709 2515 2751 et
2548 2699 2805 2749 naturalis
2837 2693 2930 2747 Dei
2957 2707 3004 2747 et
3043 2695 3252 2750 Domini
3276 2695 3507 2766 Spiritus

2701 2777 2798 2820 est.

2011 2859 2072 2912 Et
2111 2867 2195 2912 est
2232 2859 2407 2926 imago
2440 2871 2598 2919 vera,
2647 2873 2751 2910 non
2785 2873 2848 2910 ex
2892 2857 3122 2921 imagine
3159 2859 3334 2912 divina
3367 2862 3507 2913 sicut

1945 2965 2066 3004 nos.
2098 2947 2229 3002 Nam
2258 2947 2514 3016 quoniam
2547 2948 2659 3014 ipse
2692 2947 2978 3014 imaginem
3002 2948 3276 3016 exprimit,
3307 2950 3505 3004 idcirco

1943 3042 2010 3094 ab
2039 3041 2270 3110 imagine
2299 3055 2404 3093 non
2441 3039 2792 3108 exprimitur:
2818 3048 2870 3092 et
2900 3042 3150 3108 quoniam
3178 3051 3502 3112 unguentum

1937 3143 2054 3196 est,
2098 3134 2298 3187 idcirco
2332 3148 2438 3186 non
2494 3134 2730 3202 ungitur.
2785 3133 3015 3202 Spiritus
3058 3146 3233 3188 autem
3261 3175 3275 3200 ,
3327 3147 3384 3189 ut
3428 3138 3504 3189 ait

269 3206 410 3274 Ἤδη
445 3208 548 3276 γὰρ
576 3209 666 3260 καὶ
714 3212 768 3261 ἐν
802 3210 947 3279 αὐτῷ
981 3211 1056 3279 τῷ
1091 3211 1278 3280 Κυρίῳ
1309 3212 1445 3264 κατὰ
1492 3212 1588 3282 τὴν
1635 3213 1830 3282 σάρκα.

1940 3224 2172 3278 Joannes
2201 3226 2268 3290 ”,
2308 3237 2636 3294 unguentum
2680 3227 2733 3280 in
2776 3226 2930 3279 nobis
2967 3237 3068 3280 est.
3103 3226 3164 3279 Et
3193 3228 3317 3292 quid
3355 3230 3501 3291 dixi,

279 3294 540 3360 Ἰησοῦν,
570 3300 720 3368 φησὶ,
746 3299 850 3351 τὸν
881 3301 998 3354 ἀπὸ
1032 3301 1310 3370 Ναζαρὲτ,
1343 3304 1423 3368 ὡς
1455 3303 1699 3370 ἔχρισεν
1730 3307 1834 3357 αὺ-

262 3386 374 3438 τὸν
411 3390 442 3440 ό
476 3389 618 3455 Θεὸς
650 3395 942 3461 Πνεύματι
972 3395 1116 3463 ἁγίῳ
1162 3398 1257 3449 καὶ
1292 3395 1558 3464 δυνάμει.
1599 3398 1831 3467 Χριστὸς

263 3478 376 3546 ἄρα
407 3479 493 3532 διὰ
522 3481 582 3533 τὸ
623 3483 846 3553 Πνεῦμα
879 3487 971 3538 καὶ
1004 3488 1100 3556 τὴν
1131 3488 1306 3559 χρίσιν
1336 3489 1432 3560 τὴν
1464 3491 1519 3544 ἐν
1551 3489 1626 3560 τῷ
1659 3489 1829 3541 Πνεῦ-

268 3588 417 3638 ματι.
450 3573 522 3624 Οὐ
553 3572 613 3642 δὴ
660 3571 751 3626 οὖν
789 3575 874 3628 διὰ
917 3577 1008 3630 τοῦ
1055 3579 1331 3648 ἀλλοτρίου
1376 3582 1473 3651 τῆς
1518 3581 1830 3652 θεότητοςή

263 3662 359 3713 τοῦ
386 3663 589 3734 Κυρίου
616 3666 812 3735 χρίσις,
838 3668 930 3720 καὶ
956 3669 1014 3720 τὸ
1037 3671 1268 3739 Χριστὸς
1301 3673 1489 3741 ὄνομα,
1522 3674 1614 3724 καὶ
1655 3674 1702 3723 οἱ
1738 3674 1830 3725 ἀπ’

263 3753 429 3806 αὐτοῦ
469 3756 788 3826 καλούμενοι
815 3759 1145 3828 Χριστιανοί.
1176 3761 1438 3831 Οἰμώξειε
1463 3764 1569 3833 γάρ
1593 3780 1675 3828 τις
1705 3763 1835 3833 ἁλη-

263 3845 394 3908 θῶς,
436 3848 482 3898 εί
531 3849 622 3900 καὶ
654 3849 714 3901 τὸ
745 3849 913 3920 ὄνομα
939 3852 1038 3921 τῆς
1074 3855 1344 3922 σωτηρίας
1389 3855 1545 3925 ἡμῶν
1574 3855 1681 3909 ἀπὸ
1717 3850 1833 3910 κτί-

263 3951 403 3994 σεως
426 3934 670 4006 ἄρχεται,
697 3938 789 3990 καὶ
812 3939 918 3994 ἀπὸ
947 3939 1175 4003 κτίσεως
1201 3943 1517 4009 κατάγεται,
1554 3943 1645 3994 καὶ
1668 3944 1714 3993 εί
1748 3941 1832 3994 διὰ

258 4029 448 4083 δούλου
502 4035 598 4100 τὴν
658 4033 926 4086 υἱοθεσίαν
979 4035 1189 4105 ἔχομεν.
1237 4037 1427 4098 Κτίσις
1479 4038 1574 4105 οὐχ
1619 4037 1830 4103 ἁγιάζει

261 4123 460 4185 κτίσιν,
491 4124 603 4176 ἀλλ’
656 4126 758 4177 ὑπὸ
790 4126 882 4178 τοῦ
913 4127 1023 4194 (3i)
1054 4129 1169 4189 ἑνὸς
1196 4128 1349 4194 ἁγίου
1387 4128 1453 4185 τὰ
1482 4129 1658 4181 πάντα
1683 4131 1834 4196 ἁγια-

261 4210 434 4277 ζεται,
462 4214 554 4265 τοῦ
581 4215 827 4281 λέγοντος
851 4218 977 4288 περὶ
1006 4218 1196 4268 ἑαυτοῦ
1215 4235 1227 4246 ’
1269 4217 1406 4286 Ἐγὼ
1435 4219 1644 4286 ἁγιάζω
1664 4221 1834 4288 ἐμαυ-

260 4303 386 4360 τόν.
435 4303 674 4372 Ἀγιάζει
709 4305 765 4357 δὲ
797 4307 882 4360 διὰ
906 4307 998 4359 τοῦ
1045 4308 1381 4376 Πνεύματος,
1407 4310 1481 4372 ὡς
1530 4312 1830 4381 προαποδὲ-

257 4397 484 4449 δεικται.
530 4398 602 4449 Τὸ
639 4399 860 4468 Πνεῦμα
908 4399 1014 4471 ἄρα
1061 4401 1119 4452 οὐ
1154 4402 1348 4464 κτίσις,
1382 4402 1515 4455 ἀλλὰ
1555 4403 1654 4473 τῆς
1683 4404 1831 4470 ἁγιό-

257 4506 419 4555 τητος
470 4489 563 4540 τοῦ
610 4489 745 4541 Θεοῦ
798 4491 1099 4562 χαρακτὴρ,
1161 4494 1253 4545 καὶ
1301 4495 1450 4564 πηγὴ
1501 4499 1615 4558 τοῖς
1664 4499 1827 4549 πᾶσιν

259 4580 549 4647 ἁγιασμοῦ.
598 4582 686 4633 Ἐν
714 4582 968 4651 ἁγιασμῷ
1012 4583 1104 4636 τοῦ
1145 4585 1456 4654 Πνεῦματος
1499 4586 1825 4658 ἐκλήθημεν,

254 4672 330 4732 ὡς
376 4673 404 4722 ὁ
451 4674 764 4736 Ἀπόστολος
807 4675 1066 4728 διδάσκει.
1118 4675 1286 4726 Τοῦτο
1328 4679 1474 4746 ἡμᾶς
1524 4679 1824 4744 ἀνακαινοῖ,

257 4763 350 4813 καὶ
384 4763 543 4815 πάλιν
571 4765 784 4826 εἰκόνας
815 4765 1154 4817 ἀναδείκνυσι
1184 4767 1340 4828 Θεοῦ,
1366 4770 1460 4821 καὶ
1485 4769 1572 4822 διὰ
1597 4769 1821 4840 λουτροῦ

253 4855 669 4925 παλιγγενεσίας
718 4858 812 4910 καὶ
857 4859 1270 4924 ἀνακαινώσεως
1315 4862 1624 4934 Πνεύματος
1671 4866 1826 4932 ἁγίου

322 5080 367 5109 ¹⁹
395 5080 572 5135 Galat.
612 5099 686 5145 tv,
719 5084 769 5136 6.
847 5082 893 5115 ³ο
923 5083 1078 5137 Rom.
1117 5101 1208 5140 vttt
1233 5128 1246 5151 ,
1277 5087 1331 5151 9,
1369 5087 1453 5141 10.

255 5165 390 5212 xvu,
429 5151 515 5205 19.
592 5154 634 5185 ³⁵
671 5152 920 5209 llThess.
951 5170 1009 5216 ιι,
1057 5153 1142 5208 ιε.

326 5261 437 5334 (‘28)
465 5261 684 5334 Veteres
710 5265 948 5332 quinque
982 5265 1100 5319 libri
1134 5264 1362 5334 Πνεῦμα
1392 5265 1583 5318 ἀΐδιον.
1643 5265 1825 5320 Codex

251 5333 404 5415 Coll).
433 5342 488 5386 et
524 5332 655 5404 Reg.
689 5337 908 5400 quintus
943 5336 1171 5406 Πνεῦμα
1223 5332 1372 5402 ἴδιον,
1414 5335 1643 5402 Spiritus
1703 5353 1826 5403 pro-

249 5420 422 5471 prius.

325 5472 444 5543 (29)
470 5471 623 5537 Illud,
656 5473 792 5526 ἀλλ’
826 5475 1018 5536 elicior,
1050 5477 1128 5540 ὡς
1162 5476 1523 5543 προείρηται,
1559 5489 1621 5526 ex
1653 5475 1823 5527 tribus

251 5558 382 5595 mes.
407 5542 590 5613 Regiis
620 5545 947 5613 addidimus.
973 5545 1182 5599 Titulus
1204 5542 1310 5598 iltic
1337 5559 1419 5598 est
1454 5547 1502 5596 in
1539 5546 1769 5613 vulgatis
1805 5564 1817 5597 :

249 5613 387 5687 ζοτε
415 5611 809 5687 είκὼνΑὰληθὴς
835 5617 928 5667 καὶ
970 5616 1170 5687 φυσικὴ
1207 5614 1339 5668 Θεοῦ
1371 5615 1466 5669 καὶ
1496 5611 1730 5682 Χριστοῦ
1758 5614 1817 5667 τὸ

247 5681 491 5753 Πνεῦμα.
556 5684 610 5738 Et
666 5681 783 5752 post
836 5681 1044 5741 titulum
1104 5681 1390 5755 sequitur:
1448 5681 1583 5739 Ἀλλ’
1619 5688 1814 5749 ἱκανῶς

247 5758 669 5828 προσειρήσεται
699 5759 787 5809 καὶ
810 5759 964 5810 εἰκὼν
999 5760 1222 5828 ἀληθής.
1248 5761 1462 5813 Veteres
1488 5759 1606 5811 libri
1632 5775 1815 5812 omnes

244 5827 317 5880 ita
351 5836 406 5877 ut
446 5827 723 5879 edidimus.

1532 5089 1574 5119 ³¹
1604 5090 1642 5142 ll
1680 5090 1804 5145 Cor.
1838 5107 1934 5155 ιιι,
1968 5089 2052 5143 17.

1939 3319 1996 3371 In
2024 3319 2213 3372 nobis?
2244 3319 2357 3371 Jatn
2411 3323 2554 3374 enim
2605 3329 2658 3373 et
2691 3321 2742 3373 in
2780 3322 2894 3388 ipso
2932 3318 3155 3372 Domino
3202 3320 3496 3373 secundum

1940 3426 2182 3464 carnem.
2237 3410 2414 3463 Jesum
2472 3428 2503 3462 (ι
2562 3410 2830 3472 Nazaret,
2897 3411 3067 3478 inquit
3101 3411 3185 3472 ³³,
3246 3413 3503 3477 quomodo

1941 3501 2091 3552 unxit
2122 3515 2239 3552 eum
2284 3498 2424 3551 Deus
2472 3498 2675 3565 Spiritu
2703 3507 2885 3550 sancto
2922 3508 2966 3549 et
3018 3500 3219 3550 virtute.
3253 3498 3502 3550 Christus

1941 3592 2102 3660 igitur
2129 3602 2212 3645 est
2241 3601 2459 3659 propter
2493 3590 2752 3659 Spiritum
2801 3599 2854 3643 et
2880 3599 3098 3658 prepter
3124 3606 3241 3643 eam
3288 3606 3405 3657 quae
3449 3591 3499 3642 in

1937 3684 2142 3753 Spiritu
2178 3684 2238 3737 ﬁt
2271 3685 2598 3737 unctionem.
2644 3682 2756 3735 Non
2802 3684 2962 3750 igitur
3010 3697 3105 3750 per
3135 3683 3423 3751 quidquam
3469 3697 3497 3732 a

1937 3777 2137 3831 deitate
2189 3775 2422 3829 alienum
2487 3775 2668 3828 unctio
2719 3774 2930 3828 Domini
2984 3784 3105 3838 est,
3161 3783 3253 3827 aut
3304 3790 3497 3827 nomen

1936 3868 2203 3932 Christus,
2244 3878 2335 3920 aut
2359 3868 2448 3936 qui
2479 3869 2542 3920 ab
2581 3867 2696 3935 ipso
2726 3867 3020 3920 Christiani
3051 3875 3332 3919 vocantur.
3364 3864 3499 3918 Vere

1933 3960 2078 4013 enim
2112 3958 2499 4025 deplorandum
2544 3966 2730 4020 esset,
2784 3958 2825 4008 si
2871 3959 3034 4008 etiam
3075 3955 3264 4009 salutis
3304 3967 3498 4008 nostra:

1935 4066 2129 4103 nomen
2163 4064 2190 4100 a
2222 4059 2473 4103 creatura
2505 4059 2742 4101 sumeret
2769 4049 3064 4118 originem,
3099 4059 3152 4102 et
3183 4065 3212 4101 a
3249 4059 3494 4103 creatura

1935 4143 2312 4202 deduceretur,
2343 4150 2392 4193 et
2426 4140 2469 4192 si
2511 4155 2604 4208 per
2639 4155 2852 4193 servum
2894 4141 3232 4210 adeptionem
3269 4142 3493 4195 habere-

1935 4247 2074 4284 mus.
2121 4230 2377 4283 Creatura
2420 4241 2724 4284 creaturam
2772 4247 2874 4282 non
2918 4231 3261 4283 sanctiﬁcat:
3304 4232 3396 4282 sed
3428 4232 3495 4284 ab

1935 4337 2040 4374 uno
2068 4333 2256 4374 sancto
2289 4322 2379 4389 qui
2414 4322 2480 4375 de
2517 4322 2694 4390 seipso
2742 4322 2872 4375 dicit
2908 4341 2920 4375 :
2960 4321 3071 4388 Ego
3103 4322 3369 4388 sancti/ica
3416 4339 3496 4374 me

1934 4412 2101 4478 ipsum
2135 4412 2200 4476 ³⁸,
2257 4412 2665 4465 sanetilicantur
2712 4413 2918 4465 omnia.
2979 4411 3136 4481 303
3185 4412 3494 4465 Sanctiﬁeat

1937 4514 2116 4554 autem
2147 4518 2241 4570 per
2276 4502 2556 4570 Spiritum,
2590 4504 2729 4555 sicut
2761 4512 2916 4554 antea
2939 4503 3358 4555 demonstratum
3387 4512 3488 4555 est.

1939 4593 2170 4662 Spiritus
2211 4609 2340 4662 ergo
2374 4603 2620 4647 creatura
2654 4610 2756 4646 non
2791 4603 2907 4656 est,
2940 4594 3031 4646 sed
3059 4595 3355 4646 sanctitatis
3399 4593 3490 4645 Dei

1929 4686 2235 4749 character,
2269 4694 2323 4736 et
2358 4684 2799 4738 sanctilicationis
2842 4684 2959 4737 fons
2989 4683 3258 4739 omnibus.
3303 4682 3489 4737 Vocati

1933 4793 2141 4839 sumus,
2188 4787 2243 4833 ut
2276 4778 2430 4830 docet
2469 4777 2755 4845 Apostolus
2789 4777 2854 4838 ³⁵,
2889 4778 2939 4828 in
2987 4776 3217 4844 Spiritus
3252 4775 3488 4830 sanctiﬁ-

1941 4868 2174 4920 eatione.
2209 4867 2306 4920 llic
2332 4883 2430 4921 nos
2456 4876 2695 4930 renovat,
2731 4881 2792 4920 ac
2829 4880 3014 4920 rursus
3041 4867 3298 4934 imagines
3332 4865 3489 4919 cllieit

2725 5085 2769 5116 ³³
2802 5085 2924 5138 Act.
2962 5099 2990 5136 Χ
3017 5123 3033 5148 ,
3060 5083 3150 5138 58.
3250 5083 3294 5114 “
3329 5083 3480 5139 Joan.

2131 5089 2175 5120 "
2204 5089 2224 5142 Ι
2261 5087 2416 5142 Joan.
2455 5104 2514 5152 ιι,
2540 5086 2626 5144 ‘20.

2000 5268 2110 5334 (50)
2146 5266 2454 5321 Verisimile
2486 5267 2617 5319 mihi
2655 5267 2733 5332 ﬁt,
2781 5267 3050 5335 respicere
3075 5266 3388 5335 scriptorem
3418 5268 3482 5320 ad

1925 5339 2036 5391 ham
2077 5338 2302 5392 Joannis
2339 5338 2499 5388 verba
2545 5351 2609 5389 ex
2653 5337 2888 5405 Epistula
2921 5337 3108 5405 prima,
3149 5334 3209 5399 tt,
3238 5334 3307 5389 20
3337 5354 3349 5387 :
3381 5337 3484 5392 Sed

1922 5424 2009 5458 eos
2040 5410 2333 5459 unctionem
2359 5407 2558 5458 habetis
2601 5423 2631 5457 a
2663 5404 2878 5460 Sancto.

1993 5478 2103 5542 (51)
2145 5477 2283 5528 Editi
2311 5475 2420 5526 ἀπὸ
2447 5475 2538 5526 τοῦ
2571 5491 2583 5502 ·
2626 5491 2721 5542 pro
2750 5492 2855 5542 quo
2901 5477 2951 5528 in
2989 5493 3115 5530 mss.
3149 5476 3342 5545 legitur
3380 5475 3484 5530 ὑπὸ

1919 5547 2034 5599 τοῦ.
2067 5547 2178 5610 Illa,
2217 5545 2357 5613 Ἐγὼ
2380 5545 2590 5612 ἁγιάζω
2615 5547 2866 5616 ἐμαυτόν,
2893 5565 3010 5618 qum
3041 5552 3218 5601 statim
3249 5564 3482 5615 sequun-

1926 5627 2028 5679 tur,
2073 5621 2263 5672 desuut
2316 5623 2364 5670 in
2405 5620 2601 5672 nostris
2644 5630 2847 5682 septem
2900 5622 3174 5673 codicibus
3213 5634 3478 5685 :quurutn

1925 5690 2039 5741 loco
2079 5691 2130 5741 in
2161 5692 2346 5741 iisdem
2379 5690 2570 5756 legitur
2597 5692 2766 5740 εἰπεῖν
2799 5690 2967 5756 ἅγιος,
2997 5691 3075 5740 vel
3104 5685 3253 5739 εἶπεν
3307 5688 3477 5752 ἅγιος,

1922 5763 2050 5811 dixit
2083 5772 2288 5809 sam-tus
2316 5774 2332 5808 :
2368 5775 2484 5823 quas
2519 5761 2748 5812 varietas
2776 5761 2912 5811 unde
2945 5769 3062 5811 ortu
3100 5760 3189 5822 sit,
3220 5761 3481 5823 expendet

1922 5832 2007 5882 uiti
2046 5831 2141 5882 hoc
2168 5829 2294 5880 tanti
2329 5828 2550 5885 putabit.
