4008 6516
487 374 587 426 7‘27

1816 372 1872 426 S.
1915 372 2157 425 BASILII
2195 372 2407 427 MAGNI

3615 370 3725 426 728

484 486 601 545 Dei.
634 497 794 549 atque
841 496 936 548 per
979 481 1247 534 lavacrum
1306 481 1725 548 regenerationis
1762 496 1825 536 ac
1872 481 2080 541 sancti,

2183 479 2531 551 ίοθετούμεθα
2551 480 2670 550 Θεῷ
2692 479 2823 551 (52).
2848 480 3023 553 Καινὴ
3046 481 3205 537 πάλιν
3230 480 3407 546 κτίσις
3433 484 3727 555 μεταλαμ-

482 572 712 639 Spiritus
742 569 1137 623 innovationem
1164 569 1274 622 Deo
1304 569 1643 638 adoptamur.
1674 566 1821 622 Nova
1854 569 2050 622 iterum

483 662 543 718 ﬁt
572 673 819 718 creatura
868 672 1000 726 tum,
1039 676 1159 714 cum
1211 659 1443 728 Spiritus
1492 659 1723 714 etlicitur
1766 660 2051 731 particeps,

482 769 589 821 quo
637 754 843 823 privata
893 754 1315 807 inveteraverat.
1375 750 1553 821 Imago
1603 750 1697 808 Dei
1743 766 1925 807 rursus
1972 762 2057 808 est

484 845 774 915 bomo,qui
807 860 835 899 a
870 846 963 899 Dei
1001 844 1353 899 similitudine
1383 844 1679 905 exciderat.
1711 856 1868 911 atque
1891 855 2054 911 peco-

483 938 632 992 ribus
676 937 1049 1005 insipientibus
1075 946 1417 1004 comparatus
1446 931 1622 990 fuerat
1648 978 1664 1001 ,
1695 951 1756 989 ac
1776 936 1854 988 eis
1883 934 2058 989 factus

485 1029 779 1084 consimilis
808 1028 872 1081 ".
909 1027 1038 1081 Erat
1066 1028 1236 1082 brutis
1260 1025 1586 1082 animalibus
1616 1027 1806 1082 similis
1836 1023 2059 1081 eﬂectus

487 1122 781 1175 secundum
818 1132 1068 1174 mortem.
1100 1118 1244 1172 Sicut
1272 1118 1440 1182 enim,
1473 1119 1664 1188 inquit,
1696 1134 1834 1170 mors
1857 1117 2014 1185 hujus
2042 1158 2058 1184 ,

486 1210 559 1263 ita
591 1227 729 1265 mors
770 1210 915 1265 illius
952 1212 1021 1263 ⁸⁷.
1059 1209 1164 1263 Sed
1206 1225 1343 1261 nunc
1367 1248 1383 1273 ,
1427 1210 1630 1280 inquit,
1673 1212 1760 1275 qui
1792 1210 2060 1263 suscitavit

489 1302 757 1356 Christum
790 1321 816 1356 ε
847 1302 1089 1365 mortuis,
1122 1299 1402 1368 vici/icabit
1432 1303 1587 1355 etiam
1621 1300 1864 1353 mortalia
1897 1311 2063 1354 uestra

489 1410 715 1459 corpora
768 1402 982 1462 propter
1035 1394 1204 1460 ipsum
1260 1388 1512 1461 Spiritum
1574 1388 1953 1444 inhabitantem
2009 1392 2063 1445 in

488 1486 633 1538 vobis
664 1485 728 1536 ³⁸.

494 1575 646 1641 Quod
679 1575 912 1647 Spiritus
945 1584 1137 1647 natura
1164 1575 1343 1647 divina
1367 1585 1462 1634 est,
1496 1572 1915 1643 quandoquidem
1952 1573 2067 1642 ipsa

1013 1646 1218 1713 perﬁcit
1249 1645 1345 1697 Dei
1371 1660 1548 1711 Opera.

566 1736 668 1803 Qui
695 1746 998 1788 creaturam
1029 1746 1293 1800 renovat,
1334 1733 1421 1799 qui
1457 1732 1856 1801 corruptionem
1899 1731 1949 1785 in
1985 1731 2066 1785 in-

2152 571 2386 625 6άνουσα
2421 575 2514 628 τοῦ
2554 575 2888 644 Πνεῦματος,
2934 570 3105 646 οὗπερ
3148 576 3491 647 ἐστερημένη
3540 595 3729 632 scem-

2150 662 2363 715 λαίωτο.
2396 663 2572 717 Είκὼν
2613 663 2773 717 πάλιν
2801 660 2937 716 Θεοῦ
2969 664 2997 715 6
3038 663 3319 736 ἄνθρωπος
3347 664 3601 720 ἐκπεσὼν
3627 670 3732 738 τῆς

2150 752 2465 823 ὁμοιότητος
2486 757 2583 827 τῆς
2610 754 2779 820 θείας,
2819 754 2913 809 καὶ
2954 758 3441 829 παρασυμὸληθεὶς
3469 758 3734 829 κτήνεσιν

2154 848 2416 917 ἀνοήτοις,
2448 849 2543 901 καὶ
2584 847 2871 918 ὁμοιωθεὶς
2894 847 3098 909 αὐτοῖς,
3135 849 3419 917 όμοιωθεὶς
3450 855 3566 916 τοῖς
3603 851 3702 903 άλό
3722 881 3733 888 -

2154 956 2272 1008 γοις
2304 939 2444 992 κατὰ
2472 941 2562 994 τὸν
2600 940 2845 994 Θάνατον.
2904 941 2998 1008 Ὠς
3038 942 3070 994 ὁ
3111 938 3364 1008 θάνατος
3409 945 3542 1016 γὰρ,
3571 945 3733 1015 φησὶ,

2155 1030 2389 1093 τούτου,
2444 1031 2711 1097 οὕτως,ό
2760 1028 3016 1095 θάνατος
3059 1030 3292 1085 τούτου.
3355 1032 3529 1087 Ἀλλὰ
3592 1034 3736 1096 νῦν.

2158 1122 2341 1190 φησιν,
2372 1123 2405 1173 ό
2444 1121 2675 1190 ἐγείρας
2698 1122 2956 1188 Χριστὸν
2986 1123 3054 1176 ἐκ
3097 1121 3343 1191 νεκρῶν,
3379 1122 3739 1192 ζωοπςιήσει

2160 1212 2257 1266 καὶ
2288 1213 2357 1266 τὰ
2388 1214 2572 1283 θνητὰ
2605 1213 2768 1283 ὑμῶν
2810 1211 3053 1282 σώματα
3089 1215 3187 1271 διὰ
3210 1212 3323 1269 τοῦ
3347 1216 3739 1285 ἐνοικοῦντος

2159 1301 2343 1357 αὑτοῦ
2372 1306 2714 1373 Πνεύματος
2747 1304 2817 1357 ἐν
2847 1304 3008 1372 ὑμῖν.

2165 1570 2295 1622 Ὅτι
2325 1568 2454 1621 θεία
2503 1569 2688 1637 φύσις
2724 1568 2790 1641 τὸ
2827 1566 3092 1641 (lngua,
3131 1570 3551 1641 τελεσιουργὸς
3577 1562 3743 1623 οὖσα

2677 1636 2794 1690 τῶν
2826 1637 2971 1690 Θεοῦ
3004 1638 3209 1706 ἔργων.

2234 1728 2307 1782 Τὸ
2331 1727 2393 1799 δὴ
2438 1728 2533 1799 τὴν
2564 1729 2737 1782 κτίσιν
2770 1728 3115 1791 ἀνακαινοῦν,
3150 1728 3244 1781 καὶ
3278 1730 3376 1802 τὴν
3426 1732 3637 1804 φθοράν
3664 1732 3743 1794 εἰς

498 1827 1002 1894 corruptibilitatem
1063 1834 1409 1888 transmutat,
1466 1824 1555 1891 qui
1615 1838 1711 1878 nos
1764 1833 2062 1876 creaturam

2181 1821 2468 1894 ἱφθαρσίαν
2500 1820 2848 1890 μεταϐάλλον,
2882 1820 2945 1873 τὸ
2973 1821 3163 1892 καινὴν
3186 1823 3334 1893 ἡμᾶς
3363 1826 3542 1877 κτίσιν
3571 1826 3744 1894 ἀπρ-

500 1938 690 1977 n0vam
725 1920 888 1975 efﬁcit
930 1922 983 1974 in
1016 1934 1185 1975 aevum
1235 1925 1672 1986 permanentem,
1713 1930 1835 1969 eum
1874 1916 1993 1983 quis
2036 1930 2066 1967 a

500 2024 745 2067 creatore
802 2013 912 2068 Deo
975 2023 1031 2066 et
1076 2009 1211 2063 Filio
1269 2008 1583 2075 separabit?
1644 2008 1921 2074 Quomodo
1976 2009 2068 2077 qui

501 2117 654 2160 extra
703 2106 957 2160 deitatem
1005 2114 1108 2166 est,
1141 2101 1356 2155 deitatis
1400 2111 1703 2155 creaturam
1752 2110 2068 2168 recuperat,

504 2213 695 2251 novam
742 2212 858 2251 eam
917 2204 1077 2261 atque
1126 2192 1584 2261 incorruptibilem
1629 2192 1901 2247 alliciens?
1956 2192 2072 2260 Quo

506 2288 610 2340 alio
641 2287 913 2355 indigebat
946 2283 1083 2337 Deus
1109 2322 1123 2345 ,
1171 2292 1226 2337 ut
1272 2296 1423 2334 Suam
1454 2297 1571 2349 quae
1596 2281 1891 2336 deﬂuxerat
1920 2299 2073 2338 recu-

507 2388 719 2446 peraret
766 2377 1112 2431 creaturam?
1168 2375 1394 2429 Silentio
1455 2375 1697 2428 tradatur
1743 2390 1921 2430 sermo
1974 2376 2075 2430 im-

509 2470 647 2537 pius,
685 2469 777 2539 qui
826 2469 1181 2522 inveteratam
1231 2467 1444 2536 quidem
1486 2478 1539 2521 et
1576 2478 1884 2535 corruptam
1916 2484 2073 2524 crea-

515 2571 690 2614 turam
719 2575 855 2629 opus
888 2561 981 2614 Dei
1013 2575 1130 2613 esse
1178 2559 1406 2612 aflirmat
1434 2577 1447 2612 :
1481 2576 1597 2612 eam
1647 2576 1775 2613 vero
1818 2577 1934 2629 qua:
1970 2577 2073 2615 non

510 2651 738 2717 amplius
771 2651 1125 2713 inveteratur,
1151 2665 1321 2717 neque
1355 2652 1743 2719 corrumpitur,
1778 2670 1803 2705 a
1831 2665 2076 2707 creatura

512 2742 754 2794 innovari
783 2743 1079 2795 contendit.
1128 2741 1203 2795 Ne
1252 2741 1582 2810 glorificetur
1627 2753 1872 2797 creatura
1914 2760 2074 2811 supra

514 2833 701 2886 Deum.
745 2832 928 2901 Majori
952 2844 1132 2887 autem
1170 2832 1337 2902 gloria
1377 2833 1604 2886 allicitur
1630 2850 1790 2901 quam
1826 2835 1996 2897 Dens,
2031 2835 2076 2888 si

513 2938 575 2974 ea
608 2939 726 2992 qua:
760 2933 930 2976 morte
954 2939 1017 2977 ac
1046 2923 1393 2992 corruptione
1425 2924 1679 2976 dissoluta
1721 2933 1843 2977 sunt
1875 2938 1929 2977 et
1961 2940 2080 2993 quas

517 3014 657 3066 Deus
685 3031 781 3082 per
811 3016 1004 3069 Filium
1041 3014 1240 3079 effecit,
1278 3017 1601 3070 immortalia
1647 3026 1809 3085 atque
1841 3018 2081 3071 incorru-

517 3106 721 3174 ptibilia
753 3122 848 3173 per
884 3116 1185 3159 creaturam
1219 3109 1466 3159 evadant.
1501 3108 1604 3161 Sed
1641 3107 1871 3175 Spiritus
1901 3111 2078 3164 omnia

518 3173 638 3262 quae
669 3212 698 3250 a
728 3197 835 3250 Deo
867 3212 962 3266 per
990 3196 1184 3250 Filium
1233 3196 1369 3251 facta
1399 3208 1544 3261 sunt,
1573 3173 1803 3267 perficit,
1843 3201 1983 3255 sicut
2028 3203 2081 3255 in
2110 3173 2154 3235 Ο

521 3307 656 3346 nova
682 3301 954 3353 creatura,
980 3289 1045 3343 de
1070 3306 1171 3355 qua
1199 3291 1430 3344 dicitur:
1456 3288 1629 3361 Siqua
1656 3293 1707 3344 in
1732 3292 1934 3346 Christo
1958 3310 2086 3347 nova

520 3396 765 3437 creatura
784 3383 863 3436 ":
895 3384 967 3435 ita
1000 3394 1052 3435 et
1079 3383 1130 3435 in
1165 3383 1357 3445 veteri,
1389 3398 1505 3448 quae
1532 3385 1597 3435 ab
1621 3384 1772 3435 initio
1794 3394 1929 3436 erat.
1954 3384 2083 3435 Pru-

523 3489 703 3543 pterea
729 3477 930 3543 inquit:
976 3474 1138 3528 Verbo
1165 3476 1375 3527 Domini
1396 3475 1507 3527 caeli
1528 3475 1724 3540 ﬁrmati
1743 3488 1884 3538 sunt,
1904 3482 1951 3526 et
1975 3474 2087 3539 Spi-

522 3568 626 3619 ritu
658 3570 761 3619 oris
799 3567 911 3635 ejus
942 3567 1108 3619 omnis
1140 3567 1305 3619 virtus
1329 3581 1506 3617 eorutn
1535 3565 1600 3617 "°.
1630 3565 1824 3618 Vivens
1844 3576 1925 3619 est
1954 3563 2088 3619 Ver-

525 3660 672 3723 bum,
693 3659 741 3711 in
762 3673 867 3725 quo
887 3657 1006 3710 facti
1026 3665 1148 3711 sunt
1163 3656 1305 3709 caeli.
1331 3654 1427 3709 llic
1450 3658 1659 3722 ipseest
1677 3656 1813 3709 Dens
1833 3654 2084 3722 Verbum,

526 3755 590 3805 de
614 3766 718 3818 quo
738 3749 973 3805 Joannes
998 3749 1186 3802 clamat
1215 3767 1227 3801 :
1252 3748 1444 3803 Omnia
1467 3765 1555 3814 per
1578 3750 1746 3814 ipsum
1771 3750 1911 3815 facta
1942 3757 2085 3812 sunt,

530 3853 579 3897 et
610 3846 720 3897 sine
754 3846 863 3909 ipso
896 3842 1091 3911 factum
1133 3851 1205 3897 est
1229 3841 1357 3894 nihil
1388 3840 1455 3893 δι.
1487 3838 1581 3893 Vis
1624 3840 1927 3893 viviﬁcandi
1956 3841 2090 3894 vivi-

533 3939 778 3991 ficantem
809 3934 1068 4003 Spiritum
1102 3937 1267 3987 vitam
1310 3950 1428 3987 esse
1455 3936 1710 3996 ostendit,
1757 3943 1913 4002 prout
1950 3934 2090 3988 scri-

530 4040 676 4096 ptum
708 4037 787 4079 est
823 4047 834 4080 :
863 4025 981 4078 Vita
1019 4036 1100 4080 est
1130 4027 1383 4093 Spiritus,
1409 4027 1496 4093 qui
1519 4034 1813 4094 potestates
1847 4026 2090 4079 caelestes

530 4117 762 4182 perlicit,
790 4118 875 4169 ltic
899 4118 1030 4184 ipse.
1065 4117 1154 4184 qui
1175 4131 1294 4168 cum
1316 4114 1474 4168 Patre
1503 4127 1556 4169 et
1579 4115 1716 4169 Filio
1741 4116 2091 4185 glorificatur.

527 4206 712 4277 Neque
726 4209 866 4261 enim
887 4209 1172 4261 verborum
1198 4207 1497 4270 prolatione
1520 4216 1671 4259 creat
1700 4209 1859 4267 Deus,
1880 4208 2093 4263 etiamsi

529 4315 597 4353 ex
632 4315 781 4355 more
840 4301 1075 4354 humano
1112 4298 1201 4351 Dei
1257 4297 1469 4365 eloquia
1526 4297 1776 4349 dicantur
1822 4298 2092 4365 prolulilia

529 4394 733 4457 verba;
789 4408 962 4461 neque
1003 4390 1136 4445 aerii
1192 4389 1413 4457 spiritus
1468 4388 1777 4456 profusione
1832 4399 2094 4443 ornantur

2168 1915 2461 1985 γαζόμενον
2497 1911 2853 1983 διαμένουσαν
2884 1914 2963 1975 εἰς
2990 1911 3181 1977 αίῶνα,
3212 1914 3296 1976 τίς
3324 1917 3623 1986 ἀποστήσει
3646 1914 3743 1967 τοῦ

2167 2002 2496 2078 δημιουργοῦ
2545 2004 2678 2057 Θεοῦ
2721 2004 2815 2056 καὶ
2860 2002 3020 2066 Υίοῦ;
3065 2004 3189 2068 Πῶς
3236 2007 3298 2060 τὸ
3340 2008 3441 2077 τῆς
3486 2007 3745 2076 θεότητος

2170 2102 2320 2163 ἐκτὸς
2346 2098 2447 2170 τὴν
2482 2099 2579 2169 τῆς
2612 2098 2861 2169 θεότητος
2892 2099 3067 2153 κτίσιν
3097 2099 3365 2165 ἀνασώζει
3401 2101 3513 2172 (33)
3548 2100 3747 2171 καινὴν

2172 2194 2264 2247 καὶ
2296 2191 2568 2260 ἄφθαρτον
2618 2191 3088 2263 ἀπεργαζόμενονς
3120 2192 3280 2257 Τίνος
3317 2195 3347 2246 6
3386 2192 3520 2255 Θεὸς
3555 2191 3747 2261 ἐτέρου

2173 2287 2480 2360 προσεδεῖτο
2527 2286 2662 2358 πρὸς
2698 2287 2759 2340 τὸ
2794 2288 2893 2357 τὴν
2946 2285 3138 2339 ἑαυτοῦ
3179 2288 3354 2340 κτίσιν
3394 2286 3750 2355 διαῤῥυεῖσαν

2174 2379 2526 2435 ἐπαναλαϐεῖν
2556 2379 2667 2449 (54)
2690 2396 2703 2443 ;
2727 2375 3029 2431 Σιωπάσθω
3044 2376 3199 2447 λόγος
3214 2381 3242 2431 6
3263 2375 3528 2447 δυσσεὸὴς
3562 2377 3699 2447 (55),
3722 2381 3751 2429 6

2170 2473 2270 2543 τὴν
2302 2471 2399 2542 μὲν
2427 2470 2822 2524 παλαιωθεῖσαν
2851 2470 2943 2523 καὶ
2982 2468 3367 2541 διαφθαρεῖσαν
3388 2468 3570 2523 κτίσιν
3588 2470 3751 2539 ἔργον

2174 2560 2311 2617 εἶναι
2339 2564 2561 2632 φάσκων
2580 2560 2737 2625 Θεοῦ,
2755 2560 2851 2631 τὴν
2869 2560 2925 2612 δὲ
2952 2562 3149 2631 μηκέτι
3176 2559 3403 2613 παλαιου
3413 2560 3584 2630 μένην
3613 2560 3751 2631 μηδὲ

2176 2654 2534 2727 φθειρομένην
2574 2654 2638 2725 τῇ
2684 2651 2772 2705 διά
2810 2651 3106 2721 κτίσματος
3143 2650 3507 2703 ἀνακαινώσει
3551 2650 3749 2713 διδούς.

2176 2748 2265 2818 Μὴ
2295 2747 2599 2813 δοξαζέσθω
2636 2746 2810 2809 κτίσις
2840 2744 2977 2816 ὑπὲρ
3012 2743 3163 2796 Θεόν.
3204 2742 3493 2809 Δοξάζεται
3522 2741 3579 2794 δὲ
3612 2742 3754 2809 ὑπὲρ

2176 2840 2327 2902 Θεὸν,
2367 2840 2524 2911 εἴπερ
2576 2840 2819 2893 ἀθάνατα
2870 2837 2958 2891 διὰ
3007 2838 3304 2907 κτίσματος
3349 2836 3444 2889 καὶ
3498 2835 3755 2905 ἄφθαρτοι

2178 2931 2640 2993 κατασκευάζεται
2660 2930 2725 2982 τὰ
2745 2929 2959 2999 θανάτῳ
2980 2930 3073 2983 καὶ
3096 2928 3268 2999 φθορᾷ
3288 2927 3536 2989 λυθέντα,
3564 2927 3709 2996 άπερ
3728 2925 3756 2973 6

2179 3023 2309 3086 Θεὸς
2353 3022 2647 3093 εἰργάσατο
2688 3020 2775 3073 διὰ
2821 3020 2972 3075 Υξοῦ.
3018 3021 3180 3074 Ἀλλὰ
3222 3018 3443 3087 Πνεῦμα
3478 3016 3541 3069 τὸ
3573 3016 3757 3067 θεῖκδν

2184 3118 2397 3171 πάντων
2432 3114 2517 3168 ἀεὶ
2545 3112 2918 3183 τελεσιουργὸν
2958 3112 3068 3166 τῶν
3114 3113 3177 3163 ἐκ
3217 3109 3351 3161 Θεοῦ
3396 3107 3463 3159 δι’
3488 3106 3619 3159 Υἱοῦ
3662 3124 3757 3174 γε-

2185 3209 2444 3279 νομένων,
2478 3206 2669 3276 ὣσπερ
2709 3203 2824 3256 ἐστὶ
2854 3203 2955 3273 τῆς
2983 3202 3176 3269 καινῆς
3222 3199 3473 3263 κτίσεως,
3522 3200 3653 3270 περὶ
3692 3193 3759 3269 ἧς

2185 3299 2428 3365 λέγεται·
2464 3298 2533 3352 El
2559 3314 2649 3363 τις
2676 3298 2744 3350 ἐν·
2776 3295 3005 3363 Χριστῷ
3030 3292 3207 3360 καινὴ
3236 3293 3460 3358 κτίσιςο
3488 3292 3632 3344 οῦτω
3667 3291 3760 3343 καὶ

2186 3392 2275 3445 ἐπὶ
2300 3392 2398 3461 τῆς
2426 3391 2593 3444 πάλαι
2638 3391 2734 3459 τῆς
2764 3391 2884 3442 κατ’
2917 3386 3109 3458 ἀρχάς.
3159 3385 3256 3439 Διά
3278 3384 3433 3438 τοῦτό
3466 3400 3601 3453 φησι
3621 3400 3635 3414 ο
3676 3380 3760 3444 Τῷ

2183 3482 2341 3551 λόγῳ
2382 3480 2605 3550 Κυρίου
2649 3483 2701 3533 ol
2740 3477 2983 3547 οὐρανοὶ
3023 3475 3491 3545 ἐστερεώθησαν,
3527 3472 3624 3525 καὶ
3681 3468 3763 3534 τῷ

2186 3576 2479 3642 Πνεύματι
2500 3572 2605 3627 τοῦ
2626 3573 2921 3641 στόματος
2942 3570 3128 3624 αὐτοῦ
3146 3566 3312 3623 πᾶσα
3329 3570 3365 3634 ἡ
3388 3566 3641 3632 δύναμις
3656 3566 3761 3616 αὺ-

2186 3666 2323 3720 τῶν.
2350 3667 2465 3721 Ζῶν
2492 3669 2521 3719 6
2554 3668 2745 3734 Λόγος,
2772 3668 2828 3719 ἐν
2856 3659 2900 3733 ᾧ
2925 3664 3210 3733 γεγόνασιν
3242 3664 3289 3714 οἱ
3319 3658 3558 3728 οὐρανοί.
3590 3651 3763 3721 Οὗτος

2188 3759 2347 3821 αὐτὸς
2376 3761 2404 3812 ὁ
2430 3759 2561 3821 Θεὸς
2588 3759 2758 3827 Λόγος
2779 3798 2794 3820 ,
2847 3757 2975 3827 περὶ
3019 3748 3080 3807 οὗ
3123 3755 3151 3805 ὁ
3194 3751 3443 3821 Ἰωάννης
3476 3750 3587 3820 (56)
3624 3752 3721 3820 βοᾷ
3744 3767 3757 3779 ⁸

2187 3848 2391 3902 Πάντα
2437 3848 2511 3901 δι’
2540 3848 2725 3901 αὐτοῦ
2765 3847 3030 3915 ἐγένετο,
3066 3841 3165 3895 καὶ
3207 3841 3383 3910 χωρὶς
3417 3842 3606 3894 αὐτοῦ
3638 3838 3765 3908 ἑτέ-

2187 3956 2322 3993 vero
2366 3937 2507 3992 οὐδὲ
2535 3938 2622 3990 ἓν.
2651 3938 2803 4006 Ζωὴν
2829 3936 2887 3988 τὸ
2920 3933 3141 4001 Πνεῦμα
3172 3933 3407 3985 δείκνυσι
3441 3931 3501 3983 τὸ
3530 3931 3763 3994 ζωοποι-

2190 4028 2303 4095 οῦν,
2340 4028 2478 4082 κατά
2522 4028 2583 4080 τὺ
2626 4026 3049 4096 γεγραμμένον·
3106 4023 3228 4091 Ζωὴ
3292 4022 3353 4074 τὸ
3409 4022 3641 4092 Πνεῦμα
3706 4022 3766 4074 τὸ

2189 4119 2297 4172 τῶν
2335 4117 2595 4190 οὐρανίων
2637 4115 2917 4183 δυνάμεων
2964 4109 3397 4166 ἀποτελεστικὸν.
3431 4108 3604 4160 Τοῦτο
3637 4107 3769 4160 αὐτὸ

2198 4210 2337 4282 μετά
2365 4209 2579 4280 Πατρὸς
2612 4208 2705 4261 καὶ
2740 4204 2869 4258 Υὶοῦ
2910 4203 3283 4274 δοξαζόμενον.
3314 4199 3449 4253 Οῦτε
3491 4200 3601 4270 γὰρ
3637 4217 3770 4269 προ-

2194 4303 2332 4371 φορᾷ
2357 4301 2675 4370 δημιουργεῖ
2700 4298 2956 4369 ῥημάτων
2981 4296 3110 4358 Θεὸς
3136 4293 3268 4363 (57),
3294 4293 3396 4346 κᾶν
3425 4291 3769 4360 ἀνθρωπίνω-

2190 4392 2365 4459 τέρως
2418 4390 2748 4460 ὀνομάζηται
2789 4388 2944 4455 λόγια
2983 4385 3117 4438 Θεοῦ
3166 4382 3473 4454 προφορικὰ
3513 4384 3763 4451 ῥήματασ

530 4485 673 4538 costi.
708 4485 940 4554 Spiritus
961 4485 1103 4539 enim
1128 4483 1328 4535 viventi
1356 4481 1530 4534 Verbo
1551 4482 1613 4533 ad
1643 4482 1929 4535 creandum
1964 4496 2080 4534 con-

2194 4476 2314 4529 οῦτε
2341 4478 2643 4547 πνεύματος
2669 4476 2851 4546 ἀερίου
2881 4473 3140 4545 προχύσει
3174 4471 3503 4542 κοσμοῦνται
3528 4472 3577 4522 οἱ
3607 4471 3769 4540 οὐρα-

525 4579 742 4643 junctus
795 4586 896 4637 est,
932 4578 1048 4629 viva
1103 4577 1363 4644 potentia,
1397 4584 1451 4629 et
1493 4576 1672 4629 divina
1704 4583 1919 4635 natura,
1975 4586 2094 4639 qua:

532 4668 817 4723 ineli‘abilis
859 4685 921 4721 ex
954 4669 1206 4722 ineffabili
1236 4684 1332 4722 ore
1380 4668 1612 4729 eﬂ‘ulsit,
1654 4667 1812 4720 modo
1839 4663 2093 4718 ineffabili

532 4770 692 4829 atque
724 4759 1078 4814 insumatiOne
1112 4762 1177 4814 ad
1216 4761 1487 4814 hominem
1534 4759 1732 4812 emissa
1754 4800 1767 4820 ,
1802 4766 1859 4810 et
1891 4768 2090 4808 secun-

602 4915 647 4945 "
680 4914 820 4967 Psal.
850 4931 1031 4979 sum,
1062 4915 1144 4969 15.

532 5000 570 5045 ι.
633 4985 685 5041 5.

745 5094 882 5167 Editi
919 5095 1302 5167 υἱοθετοῦμεθα.
1333 5094 1545 5165 Κυρίῳ.
1577 5095 1646 5148 At
1674 5105 1804 5147 mss.
1838 5103 1943 5143 non
1969 5102 2099 5157 pau-

530 5166 576 5219 ci
612 5164 1003 5235 υἱοθετούμεθα
1025 5166 1163 5235 Θεῷ.

604 5235 715 5304 (55)
745 5226 925 5289 Codex
963 5226 1127 5291 Colb:
1146 5251 1242 5302 pro
1270 5235 1534 5297 ἀνασώζει
1560 5226 2100 5304 Ιιιιὶιθιᾷἀνακαινίζει.

536 5298 739 5385 "fiderit
769 5298 1215 5385 Reg-secundus
1244 5306 1687 5385 ἀπεργαζόμενον
1718 5300 1806 5353 διὰ
1851 5298 2103 5385 θεότητος

537 5377 616 5436 εἰς
649 5374 818 5426 αίῶνα
849 5369 1153 5446 μένουσαν,
1184 5369 1470 5429 "iuuentem
1498 5369 1552 5427 in
1574 5389 1737 5427 a'vum
1787 5386 1878 5437 per
1911 5369 2107 5421 utuini-

538 5455 713 5496 tatem.

612 5514 721 5581 (54)
757 5515 893 5567 Editi
946 5516 1256 5569 ἀναλαϐεῖν.
1304 5516 1374 5569 At
1431 5530 1563 5569 mss.
1617 5508 1860 5579 plerique
1915 5520 2106 5561 omnes

540 5584 921 5638 ἐπαναλαϐεῖν.

616 5654 729 5724 (⁸55)
754 5654 1006 5709 Atluritnr
1029 5656 1264 5721 scriptor
1302 5654 1664 5707 Eunomianos
1697 5666 1711 5703 :
1748 5649 1849 5724 qui
1889 5646 2104 5724 Quidem

550 5720 857 5777 fatebantur
888 5736 1169 5779 creaturas
1202 5725 1354 5778 initio
1408 5725 1575 5775 fuisse
1606 5721 1870 5779 t‘ona'itas,
1902 5720 1992 5767 sed
2028 5734 2106 5765 Mt!

553 5804 752 5847 tamen.
791 5808 845 5849 ut
892 5805 1279 5850 renovarentur
1336 5811 1427 5854 per
1481 5804 1803 5853 creaturam,
1862 5787 2109 5840 videlicet

1223 4915 1265 4945 ³⁷
1284 4913 1458 4967 Eccle.
1493 4928 1589 4976 ιιι,
1627 4912 1713 4967 l9.
1790 4910 1835 4941 ⁸⁸
1871 4908 2027 4962 Rom.
2062 4923 2189 4974 vui,
2222 4907 2307 4959 lt.

2200 4569 2298 4621 νοί.
2342 4568 2566 4638 Πνεῦμα
2598 4565 2707 4638 γὰρ
2742 4565 2820 4635 τῷ
2846 4564 3005 4629 ζῶντι
3036 4563 3192 4631 Λόγῳ
3232 4558 3660 4628 συντεταγμένον
3692 4561 3769 4621 εἰς

2200 4659 2259 4711 τὸ
2285 4659 2649 4729 δημιουργεῖν,
2682 4655 2831 4719 ζῶσα
2864 4654 3125 4723 δύναμις,
3158 4652 3251 4705 καὶ
3292 4650 3409 4702 θεία
3438 4649 3634 4717 φύσις,
3670 4648 3767 4718 ἆῤ-

2201 4754 2361 4822 ρητος
2387 4750 2446 4815 ὲξ
2476 4749 2712 4821 ἀρρήτου
2739 4747 3003 4818 στόματος
3043 4745 3317 4815 πεφηκυῖα
3343 4740 3474 4813 (58),
3515 4740 3767 4810 ἀρρήτως

2395 4906 2440 4938 ³³
2471 4905 2489 4959 l
2518 4904 2624 4959 Cor
2674 4918 2723 4966 ι’,
2758 4902 2843 4956 l7.
2934 4901 2980 4932 ‘°
3012 4898 3153 4956 Psal.
3191 4912 3365 4961 xxxii,
3401 4895 3455 4949 6.
3541 4894 3587 4925 “
3614 4891 3764 4949 Joan.

2197 5104 2289 5153 per
2315 5086 2601 5155 Spiritum,
2629 5084 2719 5154 qui
2750 5092 2805 5137 et
2836 5082 2971 5150 ipse,
3009 5097 3073 5137 ex
3095 5095 3280 5136 eorum
3300 5078 3593 5141 sententia,
3619 5092 3766 5133 crea-

2202 5167 2650 5298 ωἱὲἕῖῃὲῦιὶίςοε
2679 5222 2918 5277 nonnulli
2945 5223 2973 5274 6
3010 5222 3283 5292 Ἰωάννης.
3329 5218 3521 5273 Deerat
3562 5216 3763 5269 articu-

2202 5294 2639 5363 lttsinvnlgalis.
2729 5362 2735 5364 Α
2866 5362 2875 5364 ἓ
3094 5362 3101 5364 _
3184 5361 3191 5364 _
3491 5358 3502 5364 _
3652 5363 3655 5364 ν
3725 5353 3733 5364 ,

2274 5367 2385 5437 (57)
2412 5358 2548 5420 Εύῖιί
2579 5367 2606 5417 ὀ
2638 5362 2789 5425 Θεός.
2817 5361 3263 5416 Abestarticnlus
3290 5375 3318 5411 a
3382 5358 3537 5411 libris
3575 5358 3766 5409 veteri-

2205 5439 2386 5573 ὺυῗέὸ)
2412 5504 2574 5569 Regi}
2617 5496 3548 5573 quinquemss.neenvuia.__Etliti
3596 5511 3763 5573 πεφυ-

2204 5566 2351 5631 κυῖα.
2374 5566 2567 5630 Lectio
2593 5566 2821 5639 utraque
2864 5570 3133 5623 invenitur
3172 5566 3220 5623 in
3281 5568 3601 5639 Colbertino
3634 5566 3760 5639 ;.illa

2204 5651 2418 5717 quidem
2479 5660 2637 5696 manu
2664 5636 2879 5717 _r)rit_t_ta_,
2922 5641 3036 5693 ha'c
3094 5656 3230 5717 vero
3273 5637 3527 5717 secunda.
3572 5636 3761 5689 Ibidem

2207 5709 2336 5775 έιίίίί
2373 5717 2627 5787 ἀῖίβητος.
2664 5711 2814 5782 Regii
2840 5713 2944 5765 duo
2981 5709 3271 5765 cumColb.
3307 5709 3583 5777 ἀρρητως,
