4008 6484
236 414 345 467 729

1335 403 1702 458 ADVERSUS
1742 400 2108 456 EUNOMIUM
2149 402 2276 457 LIB.
2326 406 2389 458 V.

3376 405 3479 456 730

234 521 337 573 καὶ
366 536 506 571 κατα
531 517 627 588 τὴν
661 517 968 588 ἐμφύσησιν
996 516 1075 579 είς
1106 515 1196 569 τὸν
1235 516 1517 584 ἄνθρωπον
1551 514 1816 568 ἀπεσταλ-

1922 517 2045 567 dnm
2079 519 2304 571 formam
2348 534 2375 569 a
2418 513 2647 569 Domino
2676 514 3029 582 corporaliter
3062 514 3336 577 traditam,
3364 531 3484 567 rur-

238 611 403 679 μένη,
449 611 543 663 καὶ
574 612 715 665 κατὰ
757 612 847 661 τὸν
879 610 1201 677 σωματικῶς
1237 609 1339 659 ὑπὸ
1368 607 1459 658 τοῦ
1491 609 1691 678 Κυρίου
1738 610 1816 661 δι-

234 702 500 771 δαχθέντα
526 705 692 756 τύπον
726 701 859 769 (59),
885 696 1039 765 αὖθις
1065 703 1154 754 ὑπ’
1180 698 1343 753 αὑτοῦ
1373 699 1436 750 δι’
1459 700 1815 771 ἐμφυσήσεως

236 795 725 863 ἀποκαθισταμένη
747 809 759 821 ’
797 794 1104 865 συντρέχειν
1138 791 1247 859 γὰρ
1289 790 1369 842 δεῖ
1409 793 1471 859 τῇ
1496 792 1612 844 κατ’
1642 794 1815 862 ἀρχὴν

236 888 517 955 καινότητι
550 884 658 953 (40)
692 884 789 955 τὴν
826 884 920 936 νῦν
950 883 1311 937 ἁνακαίνωσιν
1350 882 1442 933 καὶ
1468 882 1564 951 τὴν
1600 885 1815 954 συνδρο-

239 982 371 1048 μήν.
421 975 783 1041 Ἐξετύπωσεν
836 974 927 1030 οὖν
967 975 1326 1045 ἐμφυσήσεις,
1380 973 1476 1041 οὐχ
1529 972 1711 1041 ἕτερος
1743 974 1817 1025 ὢν

237 1070 395 1139 παρὰ
422 1068 511 1121 τὸν
539 1064 597 1131 ἐξ
623 1068 796 1138 ἀρχῆς
835 1069 1245 1136 ἐμφυσήσαντα,
1281 1064 1393 1117 ἀλλ’
1423 1063 1605 1125 αὐτὸς,
1656 1062 1722 1113 δι’
1757 1059 1816 1116 οὗ

235 1161 374 1221 Θεὸς
405 1158 602 1211 δέδωκε
647 1160 746 1227 τὴν
778 1158 1103 1227 ὲμρύσησιν,
1146 1158 1263 1209 τότε
1312 1156 1407 1225 μὲν
1440 1154 1574 1224 μετὰ
1618 1154 1813 1223 ψυχῆς,

236 1251 337 1303 νῦν
370 1250 425 1303 δὲ
470 1254 547 1314 είς
577 1251 771 1319 ψυχήν.
810 1248 965 1300 Οῦτω
991 1248 1309 1320 δημιουργεῖ
1335 1247 1485 1308 Θεὸς,
1514 1247 1573 1298 οὐ
1621 1245 1817 1315 χειρῶν

237 1344 452 1414 κινήσει
509 1338 853 1411 σωματικῶν,
915 1338 1027 1391 ἀλλ’
1076 1341 1319 1411 ἐνεργείᾳ
1383 1336 1580 1400 ζῶντος
1623 1338 1815 1405 Λόγου,

238 1438 337 1489 καὶ
367 1436 680 1505 Πνεῦματος
714 1432 992 1503 μεταδόσει
1037 1430 1321 1498 ζωοποιοῦ.
1358 1432 1421 1483 Εἰ
1456 1432 1519 1501 δὴ
1565 1432 1658 1486 καὶ
1696 1433 1816 1485 κατ’

210 1560 213 1561 ν
240 1529 415 1599 ἀρχὴν
450 1530 507 1579 ὲν
535 1524 809 1594 Πνεῦματι
838 1526 904 1579 τὰ
931 1526 1104 1580 πάντα
1136 1525 1445 1601 πεποίηνται,
1474 1525 1566 1576 καὶ
1595 1527 1821 1577 ἀνακαι-

237 1611 425 1672 νοῦταί
461 1616 621 1669 πάλιν
668 1619 724 1669 ὲν
756 1619 1030 1689 Πνεῦματι
1057 1635 1068 1645 ·
1111 1618 1203 1689 μία
1252 1617 1345 1669 καὶ
1376 1617 1409 1685 ἡ
1436 1616 1570 1687 αὑτὴ
1611 1633 1820 1686 προφα-

241 1711 348 1773 νῶς
391 1710 639 1781 ἐνέργεια
672 1710 806 1763 Θεοῦ
853 1712 917 1761 δι’
951 1709 1079 1763 Υἱοῦ
1128 1714 1183 1763 ὲν
1213 1708 1487 1778 Πνεῦματι
1529 1710 1775 1775 φαίνεται
1800 1724 1813 1737 ·

238 1801 336 1853 καὶ
390 1800 668 1869 χωρισμὸν
701 1802 733 1870 ἡ
761 1800 929 1869 Τριὰς
986 1801 1045 1851 οὐ
1098 1800 1469 1869 προσδέχεται.
1504 1799 1637 1852 ἀλλὰ
1678 1799 1817 1853 κατὰ

234 1890 336 1960 τὴν
367 1891 539 1960 ἀληθῆ
567 1890 658 1941 τοῦ
690 1891 901 1943 Παύλου
942 1889 1303 1943 διδασκαλίαν.
1356 1889 1681 1957 Διαιρέσεις
1719 1909 1821 1960 χα-

231 1980 546 2050 ρισμάτων
566 1982 703 2047 εἰσὶ,
743 1983 808 2034 τὸ
832 1980 899 2032 δὲ
923 1981 1065 2033 αὐτὸ
1096 1980 1354 2048 Πνεῦμα·
1387 1982 1481 2033 καὶ
1506 1980 1821 2049 διαιρέσεις

238 2072 561 2126 διακονιῶν
597 2075 736 2134 εἱσι,
778 2070 875 2124 καί
920 2073 951 2123 ὀ
980 2070 1161 2135 αὐτὸς
1189 2072 1405 2137 Κύριος
1428 2086 1441 2099 ·
1488 2070 1583 2123 καί
1609 2069 1795 2138 διαιρέ

237 2182 373 2230 σεις
396 2164 811 2233 ἐνεργημάτων
836 2163 1013 2227 εἰσὶν,
1041 2167 1073 2217 ό
1101 2163 1168 2216 δὲ
1195 2163 1375 2229 αὐτὸς
1406 2163 1569 2229 Θεὸς,
1609 2167 1641 2217 ὀ
1663 2164 1822 2232 ἐνερς

241 2256 362 2327 τῶν
385 2257 457 2310 τὰ
481 2255 677 2309 πάντα
713 2258 782 2309 ἐν
810 2253 979 2309 πᾶσι.
1030 2256 1138 2308 Καὶ
1193 2256 1368 2308 πάντα
1418 2254 1714 2321 καταλέξας
1755 2255 1824 2308 τὰ

238 2348 361 2401 θεῖα
392 2348 761 2417 ἐνεργήματα,
818 2345 1019 2400 Πάντα
1050 2345 1119 2398 δὲ
1166 2346 1372 2410 ταῦτα,
1415 2348 1566 2416 φησὶ,
1600 2348 1828 2418 ἐνεργεῖ

238 2440 306 2492 τὸ
335 2439 405 2493 ἓν
432 2440 527 2492 καὶ
560 2439 627 2491 τὸ
655 2438 801 2491 αὐτὸ
826 2438 1068 2506 Πνεῦμα
1088 2477 1103 2503 ,
1136 2436 1409 2507 διαιροῦν
1446 2440 1564 2507 ἰδίᾳ
1590 2439 1824 2507 ἑκάστῳ

238 2531 437 2597 καθὼς
462 2532 772 2595 βούλεται.

240 2623 363 2679 Ὀτι
402 2623 921 2693 συνδοξαζόμενον
962 2624 1082 2691 Θεῷ
1125 2623 1191 2677 τὸ
1237 2624 1480 2693 Πνεῦμα
1522 2624 1823 2676 δείκνυται

396 2696 480 2764 μὴ
511 2695 581 2749 ὃν
607 2698 851 2765 ποίημα,
888 2698 1049 2750 ἀλλὰ
1076 2696 1185 2763 τῆς
1215 2696 1376 2761 θείας
1406 2698 1663 2764 φύσεως.

312 2787 386 2839 Οὐ
416 2787 478 2858 δὴ
519 2786 627 2839 τῶν
656 2787 790 2839 Θεοῦ
824 2787 1318 2858 δημιουργημάτων
1362 2786 1657 2853 ἐξουσιάζει
1706 2786 1821 2839 κτί-

240 2894 349 2942 σις,
381 2880 499 2931 οὐδὲ
532 2881 659 2950 περὶ
704 2880 878 2933 ταῦτα
912 2884 1153 2949 ἐνεργεῖ,
1187 2880 1299 2932 ἀλλ’
1325 2881 1485 2951 ἑτέρα
1532 2878 1626 2932 τοῦ
1660 2878 1819 2951 δημι-

236 2968 462 3039 ουργοῦ,
506 2972 600 3022 καὶ
645 2972 807 3039 ἑτέρα
857 2970 963 3023 τῶν
1006 2972 1501 3043 δημιουργημάτων
1541 2971 1817 3043 ἡπρᾶξις.

242 3059 513 3127 Ἄγγελοι
546 3060 830 3128 θεωροῦσι
872 3059 939 3112 τὸ
968 3062 1289 3128 πρόσωπον
1314 3061 1418 3115 τοῦ
1447 3061 1678 3128 Πατρός
1717 3061 1819 3115 τοῦ

236 3151 312 3202 ἐν
341 3151 617 3219 οὐρανοῖς
669 3152 810 3206 καθά
839 3170 1000 3223 φησιν
1034 3157 1060 3207 ὀ
1088 3156 1296 3225 Σωτὴρ,
1328 3154 1603 3208 καὶτοῦτο
1642 3153 1818 3207 αὐτῶν

239 3242 273 3310 ἡ
316 3244 524 3313 μεγάλη
562 3244 687 3309 δόξα
717 3246 810 3297 καὶ
839 3246 1194 3316 μακαριότης.
1232 3248 1406 3315 Ἔργα
1438 3246 1492 3297 δέ
1526 3248 1629 3297 εἱσι
1658 3243 1815 3307 Θεοῦ,

239 3332 387 3385 κατὰ
428 3334 527 3385 τό*
575 3337 628 3387 '0
660 3334 844 3388 ποιῶν
890 3337 1025 3401 τοὺς
1073 3337 1366 3405 ἀγγέλους
1411 3336 1595 3389 αὐτοῦ
1644 3335 1820 3388 πνεύ-

232 3440 418 3494 ματα,
455 3426 551 3479 καὶ
588 3426 729 3491 τοὺς
759 3427 1139 3497 λειτουργοὺς
1162 3427 1347 3481 αὑτοῦ
1387 3427 1573 3493 πυρὸς
1602 3426 1818 3495 φλόγα.

237 3516 376 3579 Θεὸς
418 3518 612 3580 αὐτοὺς
644 3518 775 3595 (ιη),
810 3520 868 3571 οὐ
899 3518 963 3571 δι’
990 3519 1167 3570 αὐτῶν
1211 3517 1531 3589 ἐργάζεται·
1566 3516 1699 3569 ἀλλὰ
1729 3520 1822 3569 καὶ

237 3609 439 3671 αὐτοὺς
472 3609 707 3677 ἁγιάζει,
741 3610 833 3663 καὶ
882 3612 938 3663 ὲν
964 3611 1145 3673 αὐτοῖς
1186 3613 1414 3682 ἐνεργεῖ,
1467 3610 1718 3681 καθάπερ
1763 3611 1820 3662 ὲν

239 3702 418 3769 ἁγίοις
453 3702 779 3775 ἀνθρώποις,
806 3704 853 3755 οἳ
889 3703 983 3755 καὶ
1012 3703 1401 3772 ἀναγγέλλουσι
1434 3703 1502 3756 τὰ
1532 3703 1667 3756 Θεοῦ
1710 3704 1819 3773 (42)

239 3792 491 3862 καθάπερ
520 3792 817 3863 ἄνθρωποι.
852 3792 1050 3862 Διόπερ
1079 3794 1197 3845 οὐδὲ
1235 3792 1624 3863 συνδοξάζομεν
1655 3793 1820 3861 ἀγγέο

238 3884 365 3946 λους
405 3885 520 3955 Θεῷ
547 3928 561 3951 ,
597 3887 848 3955 καθάπερ
877 3886 998 3939 οὐδὲ
1040 3884 1375 3957 ἀνθρώπους.
1429 3888 1501 3939 Οὐ
1550 3885 1657 3958 γὰρ
1707 3886 1817 3956 (45)

236 3975 347 4029 ἴδια
376 3976 553 4029 αὐτῶν
585 3979 653 4030 τὰ
689 3978 754 4029 δι’
791 3980 968 4031 αὐτῶν
1014 3979 1425 4049 εὐεργετήματα
1470 3977 1815 4049 λογιζόμεθα,

235 4065 375 4119 ἀλλὰ
402 4066 538 4119 Θεοῦ
563 4068 654 4119 τοῦ
687 4071 743 4121 ὲν
782 4070 960 4132 αὐτοῖς
999 4068 1362 4140 ἐνεργοῦντος.
1412 4070 1484 4121 Τὸ
1514 4070 1569 4122 δὲ
1598 4069 1817 4138 Πνεῦμα

235 4158 381 4228 μετὰ
409 4157 543 4211 Θεοῦ
577 4159 670 4211 καὶ
710 4160 840 4213 Υίοῦ
872 4162 982 4230 (M)
1026 4160 1327 4227 δοξάζεται,
1358 4161 1451 4214 ἅτε
1485 4162 1549 4232 δὴ
1595 4163 1687 4213 καὶ
1716 4160 1816 4229 τῆς

237 4251 427 4318 Θεῐκῆς
471 4252 750 4320 ἐνεργείας
804 4251 869 4304 δι’
910 4253 1072 4305 αὐτοῦ
1120 4253 1517 4324 πληρουμένης.
1560 4254 1621 4305 Ἠ
1646 4253 1816 4321 χάρις

232 4340 344 4412 γὰρ
370 4342 475 4394 τοῦ
500 4344 719 4410 Κυρίου
744 4342 909 4411 ἡμῶν
937 4342 1140 4409 Ἰησοῦ
1181 4345 1456 4410 Χριστοῦ,
1505 4343 1636 4413 φησι
1666 4342 1814 4394 Παῦ-

235 4433 347 4495 λος,
380 4432 477 4483 καὶ
513 4436 550 4500 ἠ
590 4433 786 4502 ἀγάπη
828 4434 931 4487 τοῦ
963 4435 1129 4498 Θεοῦ,
1172 4435 1268 4487 καὶ
1320 4436 1354 4501 ἡ
1395 4435 1673 4487 κοινωνία
1710 4434 1813 4489 τοῦ

1917 623 2009 661 sus
2030 609 2096 661 ab
2116 626 2179 662 eo
2208 626 2301 677 per
2323 609 2737 663 insuliiationem
2776 608 3021 660 restituta
3046 609 3109 661 δ’.
3142 606 3483 663 Concurrere

1916 699 2059 749 enim
2097 708 2309 766 Oportet
2335 716 2435 751 una
2462 716 2581 754 cum
2628 699 2854 769 pristina
2885 698 3122 753 novitate
3158 710 3478 769 praesentem

1916 790 2078 861 305
2112 792 2511 846 innovationem
2564 806 2724 864 atque
2765 809 3107 847 concursum.
3168 795 3483 850 Informavit

1918 885 2080 953 igitur
2110 895 2389 952 postquam
2424 884 2705 951 sufﬂasset,
2740 903 2864 941 cum
2898 903 3002 940 non
3046 887 3188 940 aliud
3220 889 3290 941 sit
3316 900 3479 957 atque

1918 979 1986 1041 is,
2020 981 2109 1049 qui
2156 996 2182 1031 a
2220 980 2484 1047 principio
2518 981 2833 1047 insuﬂiavit,
2865 985 2956 1038 sed
3008 983 3142 1051 ipse,
3181 998 3275 1050 per
3320 998 3479 1051 quem

1918 1071 2058 1126 Deus
2080 1071 2223 1125 dedit
2255 1070 2694 1135 itisuﬂlationem,
2730 1084 2851 1127 tunc
2877 1078 3091 1142 quidem
3127 1090 3247 1129 cum
3281 1075 3480 1137 anima,

1920 1179 2061 1218 nunc
2088 1181 2216 1220 vero
2246 1166 2312 1218 ad
2346 1166 2603 1221 animam.
2623 1165 2711 1219 Sic
2733 1175 2881 1217 creat
2901 1166 3064 1231 Deus,
3097 1185 3199 1223 non
3225 1182 3479 1221 manuum

1921 1255 2276 1321 corporalium
2331 1266 2499 1316 motu,
2556 1256 2647 1309 sed
2683 1255 2787 1306 vivi
2832 1256 2986 1309 Verbi
3035 1261 3366 1324 operatione,
3417 1271 3480 1311 ac

1920 1344 2114 1398 viviﬁci
2147 1347 2378 1413 Spiritus
2413 1348 2921 1401 communicatione.
2954 1350 3137 1416 Itaque
3160 1352 3200 1401 si
3226 1353 3384 1405 etiam
3412 1352 3483 1406 ab

1922 1435 2073 1490 initio
2102 1438 2153 1490 in
2192 1438 2393 1507 Spiritu
2431 1439 2570 1493 facta
2597 1452 2723 1495 sunt
2762 1443 2964 1508 omnia,
3013 1451 3066 1495 et
3107 1458 3290 1496 rursus
3327 1460 3485 1498 reno-

1921 1540 2112 1582 vantur
2139 1531 2190 1583 in
2212 1529 2412 1599 Spiritu
2450 1552 2461 1587 :
2498 1550 2600 1587 una
2630 1544 2683 1587 et
2711 1535 2895 1590 eadem
2922 1537 3077 1605 plane
3107 1536 3350 1604 operatio
3388 1536 3481 1589 Dei

1920 1632 2015 1686 per
2036 1618 2228 1672 Fitium
2269 1624 2318 1673 in
2346 1622 2546 1691 Spiritu
2572 1635 2832 1692 apparet;
2876 1640 2972 1679 nec
2999 1625 3239 1678 Trinitas
3261 1640 3483 1693 separa-

1920 1710 2117 1763 tionem
2154 1713 2399 1781 suscipit,
2435 1716 2525 1767 sed
2555 1714 2848 1770 secundum
2888 1732 3069 1771 veram
3116 1716 3261 1770 Pauli
3295 1718 3492 1771 doctrie

1924 1816 2068 1867 nam,
2114 1800 2405 1858 Dirisiones
2454 1805 2709 1859 donorum
2756 1818 2906 1873 sunt,
2940 1811 3072 1861 idem
3101 1821 3271 1861 autem
3310 1807 3487 1877 Spiri-

1922 1903 2046 1957 tus;
2097 1903 2143 1945 et
2189 1896 2470 1949 divisiones
2500 1899 2913 1949 ministeriorum
2937 1911 3077 1963 sunt,
3109 1910 3157 1952 et
3194 1899 3330 1952 idem
3380 1901 3491 1953 Do-

1925 1986 2127 2049 minus;
2164 1993 2213 2039 et
2262 1988 2541 2042 divisiones
2591 1992 2951 2057 Operatiomtnt
3005 2003 3149 2059 sunt,
3200 1995 3335 2046 idem
3368 2010 3489 2049 vero

1924 2077 2083 2140 Deus,
2108 2080 2196 2147 qui
2227 2091 2474 2147 aperatur
2501 2083 2677 2134 omnia
2697 2084 2749 2134 in
2778 2082 3015 2136 omnibus
3048 2085 3111 2138 ".
3138 2088 3313 2155 Atque
3336 2100 3485 2155 post-

1922 2185 2149 2239 eaquam
2177 2185 2361 2226 omnes
2380 2175 2586 2227 divinas
2600 2176 2942 2244 operationes
2967 2181 3268 2234 recensuit:
3292 2180 3487 2233 Omnia

1922 2274 2096 2315 autem
2127 2263 2259 2328 lites,
2290 2264 2482 2331 inquit,
2525 2279 2772 2330 operatur
2794 2286 2929 2321 unus
2954 2280 3000 2322 et
3059 2270 3196 2323 idem
3228 2271 3483 2341 Spiritus,

1922 2354 2157 2408 dividens
2180 2355 2426 2423 privatim
2461 2357 2741 2428 unicuique
2782 2362 2937 2414 sicuti
2974 2368 3074 2415 ruit
3100 2363 3164 2418 “.

1928 2613 2078 2677 Quod
2108 2614 2359 2680 Spiritus.
2379 2634 2492 2669 cum
2517 2620 3069 2686 conglori/ireturcum
3100 2624 3223 2685 Deo,
3246 2630 3489 2682 ostenda-

2083 2696 2169 2736 tur
2192 2702 2293 2738 non
2324 2703 2433 2740 esse
2456 2699 2717 2753 creatura,
2750 2692 2839 2743 sed
2871 2694 3061 2746 divina?
3087 2708 3312 2751 naturw.

1995 2775 2110 2832 Non
2153 2780 2338 2849 utique
2377 2790 2700 2848 potestatem
2749 2784 2909 2838 habet
2968 2787 3019 2839 in
3075 2788 3163 2841 Dei
3204 2800 3486 2848 creaturas

1923 2885 2194 2938 creatura,
2236 2888 2410 2941 neque
2458 2874 2605 2929 circa
2658 2891 2748 2930 eas
2786 2890 3084 2944 oneratur:
3137 2883 3229 2937 sed
3267 2884 3369 2937 alia
3406 2898 3489 2939 est

1923 2964 2213 3028 Creatoris,
2246 2964 2347 3017 alia
2380 2974 2745 3019 creaturarum
2776 2968 2935 3020 actio.
2968 2970 3151 3037 Angeli
3174 2973 3341 3025 vident
3374 2971 3487 3026 Pa-

1924 3058 2015 3110 tris
2053 3061 2140 3125 qui
2171 3059 2224 3109 in
2260 3058 2397 3111 caelis
2437 3066 2512 3109 est
2564 3058 2750 3125 [aciem
2779 3060 2844 3124 ⁸³,
2915 3064 3365 3128 quemadmodum
3413 3070 3489 3121 ait

1925 3148 2193 3215 Salvator,
2219 3159 2271 3203 et
2295 3151 2406 3203 haec
2440 3150 2673 3219 ipsorum
2704 3169 2892 3219 inagna
2924 3153 3089 3220 gloria
3123 3170 3185 3209 ac
3212 3159 3487 3213 beatitudo

1924 3252 2027 3296 est.
2061 3240 2197 3294 Sunt
2223 3252 2401 3295 autem
2440 3243 2528 3295 Dei
2566 3258 2727 3310 opera
2754 3283 2766 3301 ,
2794 3244 2945 3311 juxta
2996 3246 3163 3300 illud:
3206 3248 3309 3311 Qui
3357 3249 3485 3316 facit

1924 3333 2135 3401 angelos
2169 3350 2292 3387 suos
2341 3334 2596 3400 spiritus,
2637 3344 2683 3386 et
2730 3336 2996 3389 ministras
3045 3354 3165 3391 suos
3216 3341 3488 3407 ﬂammam

1921 3427 2056 3495 ignis
2079 3426 2144 3478 ⁸⁸.
2185 3426 2328 3481 Deus
2357 3427 2501 3494 ipsos
2535 3428 2736 3489 condit,
2765 3444 2869 3480 non
2905 3444 2999 3496 per
3028 3431 3171 3497 ipsos
3198 3443 3486 3500 operatur:

1922 3518 2051 3587 quin
2094 3526 2150 3571 et
2180 3534 2274 3573 eos
2308 3517 2633 3579 sanctificat,
2666 3528 2719 3570 ct
2758 3518 2807 3570 in
2856 3519 2984 3585 ipsis
3025 3529 3276 3588 operatur
3301 3562 3316 3585 ,
3349 3524 3491 3578 sicut

1922 3609 1975 3663 in
2009 3610 2211 3665 sanctis
2253 3610 2582 3664 hominibus.
2610 3610 2687 3663 Illi
2718 3625 2928 3679 Quoque
2961 3628 3080 3679 qua:
3110 3611 3205 3667 Dei
3233 3626 3359 3667 sunt
3388 3632 3486 3669 an-

1921 3704 2170 3757 nuntiant
2214 3705 2662 3771 quemadmodum
2709 3704 2972 3757 homines.
3007 3705 3346 3774 Quapropter
3387 3724 3485 3763 ne-

1921 3811 2023 3864 que
2051 3796 2269 3866 angelos
2301 3813 2403 3851 una
2430 3813 2548 3851 cum
2574 3796 2682 3851 Deo
2710 3798 3092 3863 gloriﬁcamus,
3136 3802 3273 3855 sicut
3307 3817 3485 3871 neque

1919 3889 2184 3945 homines.
2217 3888 2329 3943 Non
2372 3889 2514 3941 enim
2545 3890 2760 3959 propria
2792 3892 3027 3959 ipsorum
3078 3904 3392 3962 reputamus
3420 3909 3484 3949 ea

1917 3998 2036 4052 quae
2062 3983 2129 4036 ab
2181 3982 2312 4051 ipsis
2367 3982 2721 4036 conteruntur
2754 3982 3039 4045 beneﬁcia,
3076 3986 3168 4039 sed
3208 3988 3487 4051 operantis

1920 4075 1971 4126 in
2006 4074 2135 4143 ipsis
2164 4074 2281 4125 Dei.
2338 4071 2575 4140 Spiritus
2605 4084 2734 4126 vero
2766 4088 2885 4127 cum
2920 4074 3028 4128 Deo
3059 4086 3109 4128 et
3146 4074 3279 4130 Filio
3320 4076 3487 4131 atiici-

1922 4175 2007 4217 tur
2029 4164 2222 4233 gloria,
2254 4165 2450 4232 quippe
2475 4163 2597 4232 quia
2628 4172 2683 4216 et
2716 4163 2894 4217 divina
2921 4167 3164 4233 operatio
3186 4182 3281 4235 per
3304 4168 3482 4235 ipsum

1918 4258 2237 4326 completur.
2285 4254 2472 4310 Gratia
2522 4258 2662 4311 enim
2703 4256 2909 4311 Domini
2965 4260 3129 4312 nostri
3163 4259 3292 4313 Jesu
3325 4261 3487 4314 Chri-

1916 4349 2005 4410 sti,
2049 4348 2221 4416 inquit
2244 4346 2441 4400 Paulus
2471 4345 2539 4412 ⁸⁷,
2578 4361 2622 4399 et
2659 4348 2893 4401 Charitas
2940 4347 3062 4411 Dei,
3097 4358 3143 4401 et
3190 4352 3483 4402 communi-

1915 4441 2055 4493 catio
2084 4440 2251 4493 sancti
2285 4437 2514 4505 Spiritus
2547 4455 2663 4491 cum
2705 4438 2945 4490 omnibus
2981 4439 3141 4492 vobis.
3183 4439 3359 4507 Atque
3391 4456 3483 4494 εει-

233 4520 408 4589 ἁγσίου
428 4524 767 4591 Πνεὺματος
784 4524 933 4593 μετὰ
955 4524 1193 4578 πάντων
1214 4525 1396 4595 ὑμῶν.
1424 4526 1533 4579 Καὶ
1560 4526 1617 4577 τὺ
1644 4526 1814 4594 κεφά-

1922 4531 2047 4583 lutis
2073 4542 2271 4583 nostrm
2299 4536 2479 4595 caput,
2518 4527 2860 4597 perfectaque
2894 4530 2958 4581 de
2985 4529 3188 4583 deitate
3215 4531 3432 4584 traditio
3466 4572 3482 4595 ,

232 4612 385 4665 λαιον
412 4615 509 4684 τῆς
543 4616 813 4686 σωτηρίας
839 4617 1014 4686 ἡμῶν,
1066 4619 1158 4669 καὶ
1186 4619 1216 4686 ἡ
1249 4618 1425 4669 τελεία
1458 4618 1582 4687 περὶ
1627 4616 1817 4687 θεότη-

233 4723 326 4769 τος
366 4707 677 4777 παράδοσις,
716 4712 793 4771 εἰς
820 4710 907 4761 τὸν
940 4711 1046 4763 τῶν
1081 4710 1491 4780 βαπτιζομένων
1518 4709 1815 4779 ἁγιασμδν,

232 4799 297 4851 τὸ
334 4798 610 4867 βαπτίζειν
641 4803 721 4862 είς
768 4801 827 4852 τὸ
864 4800 1031 4870 ὄνομα
1062 4802 1153 4855 τοῦ
1184 4803 1394 4872 Πατρὸς
1423 4803 1517 4854 καὶ
1551 4800 1644 4853 τοῦ
1685 4802 1815 4853 Υἱοῦ

234 4890 331 4942 καὶ
363 4891 454 4943 τοῦ
485 4892 639 4959 ἁγίου
671 4892 1003 4962 Πνεῦματος.
1038 4895 1110 4947 Τὸ
1136 4894 1191 4947 δὲ
1220 4896 1312 4947 ἐπὶ
1346 4894 1453 4947 τῶν
1490 4895 1671 4949 αὐτῶν
1701 4893 1812 4947 Θεῖ-

309 5064 354 5093 "
380 5064 534 5117 Joan.
594 5081 682 5129 xx,
714 5063 801 5119 22.

233 5149 357 5200 xm,
391 5135 475 5188 15.

903 5064 947 5095 ⁸³
977 5065 1139 5120 ICor.
1190 5083 1285 5131 su,
1329 5068 1446 5121 4-6.

311 5344 417 5415 (39)
449 5344 597 5411 Regii
624 5354 729 5397 tres
761 5359 889 5415 mss.
915 5354 966 5397 et
996 5343 1119 5415 editi
1152 5343 1463 5412 διδαχθέντα
1486 5342 1674 5415 τύπον.
1703 5342 1804 5395 Alii

235 5413 341 5469 duo
373 5434 490 5470 cum
526 5417 678 5470 Cu”).
721 5414 998 5484 δειχθέντα
1025 5413 1214 5480 τύπον,
1245 5416 1526 5467 secundum
1576 5414 1801 5482 formam

234 5503 268 5538 a
296 5486 400 5537 Deo
434 5498 712 5538 ostensam.

307 5556 415 5625 (40)
465 5556 593 5623 Itcg.
632 5555 895 5608 secundus
936 5558 999 5626 τῇ
1030 5553 1305 5626 καταρχὰς
1335 5554 1631 5625 καινότητι.
1693 5554 1803 5609 Nec

236 5624 501 5678 ila’mnlto
536 5635 651 5692 post
681 5627 816 5678 idem
850 5624 1013 5677 codex
1043 5624 1172 5687 Θεὸς
1202 5626 1369 5676 ἔδωκε
1392 5628 1512 5694 τήν.

308 5694 416 5765 (Η)
457 5696 593 5748 Editi
624 5696 829 5763 φλόγα·
864 5695 997 5747 ἀλλὰ
1030 5696 1122 5746 καὶ
1147 5695 1360 5757 αὐτούς,
1396 5706 1499 5748 etc.
1545 5696 1615 5748 At
1642 5694 1793 5748 Coll).

233 5775 286 5817 et
328 5766 474 5836 Regii
546 5775 656 5820 tres
713 5778 770 5820 ut
836 5765 887 5819 in
947 5774 1220 5829 contextu,
1277 5766 1483 5834 integre
1514 5777 1566 5819 et
1614 5780 1796 5821 cmen-

232 5838 293 5889 da
306 5850 370 5887 te.

1541 5067 1585 5098 ⁸⁵
1626 5066 1753 5123 ibid.
1791 5068 1875 5125 il.

1917 4622 1981 4674 ad
2011 4636 2197 4674 eorum
2220 4619 2311 4688 qui
2344 4619 2684 4688 baptizantur
2710 4618 3218 4683 sanctiﬁcationem,
3250 4631 3351 4686 est,
3387 4622 3484 4675 ba-

1914 4714 2121 4777 ptizare
2151 4714 2202 4765 in
2258 4726 2449 4764 nomen
2482 4711 2654 4764 Patris
2685 4719 2737 4763 ct
2782 4710 2907 4764 Filii
2942 4723 2995 4765 et
3027 4711 3260 4777 Spiritus
3287 4714 3482 4768 sancti.

1912 4803 2063 4869 Quod
2090 4818 2217 4856 vero
2248 4802 2297 4854 ia
2330 4802 2515 4855 iisdem
2549 4802 2744 4855 divinis
2790 4803 3044 4872 Operilius
3079 4803 3316 4857 Trinitas
3355 4820 3484 4859 san-

1910 4902 1997 4947 cta
2030 4893 2385 4963 gloriﬁcatur,
2438 4891 2655 4946 deitatis
2691 4894 2848 4947 unius
2906 4894 3279 4948 testimonium
3341 4906 3424 4950 est
3466 4914 3482 4954 :

1975 5069 2019 5100 ⁸³
2044 5066 2233 5124 Matth.
2276 5085 2428 5132 thn,
2467 5070 2549 5124 I0.
2658 5070 2701 5100 “
2731 5071 2870 5126 Psal.
2907 5088 3023 5138 cm,
3074 5074 3127 5128 4.
3206 5078 3250 5107 ⁸⁷
3278 5074 3321 5130 ll
3349 5077 3473 5133 Cor.

1986 5340 2095 5410 (4'2)
2116 5342 2251 5394 Editi
2276 5343 2341 5395 τὰ
2370 5342 2460 5395 τοῦ
2485 5343 2639 5397 Θεοῦ.
2666 5344 2892 5401 Codices
2927 5364 3018 5403 sex
3051 5349 3120 5403 τὰ
3142 5349 3297 5407 Θεοῦ.

1975 5413 2264 5493 (45)_Editi
2321 5414 2662 5484 ἀνθρώπους.
2697 5418 2894 5493 Διὸττερ
2928 5421 2986 5471 οῦ
3015 5422 3141 5493 γάρ.
3181 5422 3330 5488 Illud,
3368 5421 3477 5478 διό-

1904 5500 2028 5552 περ,
2058 5484 2398 5558 deiet/imus,
2445 5496 2681 5539 veterum
2741 5484 2982 5558 quinque
3017 5484 3275 5547 libroruin
3312 5484 3471 5548 Iidem

1901 5554 2090 5605 secuti.
2143 5553 2363 5633 contra,
2418 5571 2601 5633 vocem
2659 5553 3072 5631 εὐεργετῆματα
3119 5579 3185 5617 ex
3242 5575 3476 5633 quatuor

1899 5638 2031 5675 mss.
2062 5638 2166 5694 no_n
2203 5623 2359 5694 longe
2387 5627 2710 5679 addidimus.

1968 5692 2473 5772 (iw-quex'CoII).
2504 5698 2638 5767 μετὰ
2665 5699 2879 5771 Πατρδς
2903 5703 2994 5755 καὶ
3020 5703 3174 5772 Υίοῦ,
3206 5721 3322 5759 cum
3359 5700 3475 5761 Pa-

1896 5771 1975 5816 tre
1998 5774 2042 5818 et
2080 5761 2242 5815 Filio.
