4008 6444
557 368 654 426 751

1860 371 1917 425 S.
1959 366 2203 423 BASILII
2240 361 2452 420 MAGNI

3695 373 3799 428 752

556 500 682 539 nam
713 500 881 556 neque
906 487 1019 539 sine
1050 482 1186 539 Filio
1227 483 1386 542 Pater
1425 486 1551 554 agit,
1608 503 1781 559 neque
1809 488 1972 543 Filius
1993 488 2107 542 sine

2216 485 2316 539 ’,ὧν
2350 484 2524 554 ἔργων
2565 486 2660 556 τὴν
2710 482 2868 552 ἁγίαν
2899 481 3102 554 Τριάδα
3145 486 3464 553 δοξάζεσθαι
3508 491 3615 561 τῆς
3669 493 3798 563 μιᾶς

561 576 782 644 Spiritu.

597 749 747 813 Quod
769 751 1201 817 quemadmodum
1249 754 1420 807 Filius
1463 755 1530 806 ad
1566 753 1782 811 Patrem
1816 773 1868 810 se
1902 756 2075 821 habet,

997 825 1068 874 ita
1095 821 1329 888 Spiritus
1353 824 1420 876 ad
1447 823 1672 882 Fit’ium.

631 910 918 981 Propterea
953 924 1006 966 et
1039 914 1132 968 Dei
1162 918 1374 986 quidem
1403 919 1622 970 verbum
1651 919 1816 972 Filius
1853 929 1956 983 cst,
1997 918 2112 973 Filii

559 1013 739 1058 autem
801 1007 1024 1059 verbum
1088 1008 1338 1077 Spiritus.
1406 1008 1633 1064 Portam
1687 1014 1863 1074 enim,
1900 1011 2111 1078 inquit,

558 1096 733 1147 omnia
761 1096 909 1150 verbo
939 1099 1145 1175 virtutis
1184 1116 1293 1153 sua:
1328 1099 1394 1152 ⁵³.
1434 1100 1639 1155 Etcum
1673 1104 1892 1156 verbum
1930 1103 2001 1156 sit
2029 1103 2117 1156 Fi-

559 1184 635 1248 lii,
661 1189 884 1255 proinde
907 1189 999 1244 Dei
1023 1201 1104 1243 est
1136 1210 1148 1244 :
1187 1189 1457 1255 Gladium,
1500 1193 1694 1263 inquit,
1738 1195 1968 1261 Spiritus
1987 1235 2004 1259 ,
2028 1199 2115 1265 qui

558 1286 632 1328 est
660 1278 866 1331 verbum
907 1279 1003 1332 Dei
1050 1279 1115 1336 ".
1160 1280 1394 1334 Verbum
1447 1296 1626 1339 autem
1688 1286 1775 1338 Dei
1811 1294 1863 1338 et
1891 1291 2114 1341 verbum

557 1367 742 1420 vivens
769 1379 924 1422 estet
955 1384 1206 1437 operans.
1239 1371 1379 1426 Cave
1415 1378 1558 1428 enim
1590 1374 1717 1427 mibi
1754 1375 1820 1426 ad
1853 1375 2116 1430 humanas

559 1457 824 1510 delabaris
859 1458 1239 1514 similitudines
1266 1479 1277 1513 :
1307 1463 1398 1515 sed
1426 1462 1618 1530 ubique
1653 1461 1823 1528 majus
1853 1463 2109 1529 quiddam

559 1547 624 1599 de
655 1545 762 1600 Deo
792 1550 1081 1618 intelligas,
1110 1553 1412 1622 exemplum
1447 1555 1590 1607 verbi
1627 1555 1692 1608 ad
1735 1555 1893 1609 unius
1925 1571 2118 1624 opera-

557 1639 719 1694 tionis
768 1643 1280 1699 demonstrationem
1340 1646 1498 1715 305
1546 1647 1837 1715 accipiens.
1890 1647 2024 1703 Nam
2064 1659 2117 1702 et

559 1746 708 1784 mens
737 1742 822 1784 tua
853 1734 1032 1786 omnia
1058 1750 1152 1802 per
1182 1738 1406 1790 verbum
1446 1737 1772 1794 considerat.

747 1822 854 1875 Cur
889 1835 935 1876 et
971 1823 1200 1892 Spiritus
1247 1829 1389 1896 filius
1420 1827 1556 1880 Filii
1583 1846 1684 1882 non
1709 1831 1938 1886 dicatur.

627 1910 738 1966 Non
762 1916 908 1983 quod
934 1932 999 1969 ex
1033 1919 1140 1972 Deo
1177 1935 1278 1972 non
1311 1921 1378 1973 sit
1407 1934 1500 1987 per
1533 1919 1748 1984 Filium,
1780 1924 1871 1976 sed
1903 1938 1967 1975 ne
1996 1920 2115 1974 Tri-

555 2005 694 2058 nitas
724 2017 938 2075 putetur
985 2026 1103 2064 esse
1153 2010 1358 2064 inﬁnita
1392 2011 1696 2073 multitudo.
1745 2014 1787 2067 si
1825 2014 1944 2082 quis
1994 2027 2112 2066 eam

555 2098 945 2166 suspicaretur,
973 2109 1030 2154 ut
1075 2101 1132 2153 lit
1164 2102 1216 2153 in
1244 2101 1574 2168 hominibus,
1607 2104 1745 2157 ﬁlios
1776 2119 1838 2156 ex
1877 2103 2113 2157 liliisha-

555 2189 703 2245 bere.
738 2194 807 2246 At
861 2194 995 2246 dicis
1025 2210 1038 2244 :
1099 2192 1153 2244 Si
1212 2191 1304 2246 Dei
1343 2195 1556 2262 quidem
1590 2196 1764 2263 imago
1796 2204 1880 2248 est
1904 2194 2072 2250 Filius
2096 2237 2112 2264 ,

562 2280 683 2336 Filii
717 2298 846 2336 vero
887 2267 1151 2350 Spiritus;
1193 2283 1316 2336 item
1354 2285 1395 2335 si
1445 2283 1610 2338 Filius
1644 2300 1821 2338 sermo
1869 2287 1958 2340 Dei
1990 2298 2112 2352 est,

555 2372 791 2438 Spiritus
813 2387 938 2425 vero
968 2385 1050 2426 εει
1075 2375 1296 2425 verbum
1341 2373 1481 2434 Filii,
1516 2390 1613 2427 cur
1647 2374 1884 2441 Spiritus
1937 2378 2113 2434 dictus

553 2479 659 2517 non
687 2474 771 2518 est
799 2463 917 2518 Filii
949 2464 1130 2519 ﬁlius?
1165 2463 1296 2518 Nam
1340 2467 1439 2521 hoc
1462 2478 1776 2536 argumento
1805 2470 2116 2525 ﬁrmissimo

557 2556 623 2607 ad
656 2555 983 2624 impietatem
1039 2572 1166 2612 usus
1193 2572 1272 2611 es.
1319 2555 1453 2610 Nam
1494 2561 1570 2612 vel
1606 2559 1803 2612 Filium
1840 2563 1924 2616 vel
1961 2579 2117 2617 crea-

558 2657 736 2701 turam
771 2649 924 2715 jnltcs
948 2651 1267 2721 intelligere.
1301 2653 1366 2704 Et
1398 2659 1650 2720 quoniam
1692 2657 1833 2709 ﬁlius
1869 2660 2115 2712 nomina-

556 2749 642 2793 tus
671 2755 776 2793 non
810 2751 910 2804 est,
943 2757 1036 2795 ore
1083 2742 1399 2809 blasphemo
1442 2756 1745 2799 creaturam
1781 2748 1935 2813 dicis,
1969 2763 2112 2812 eum,

552 2832 643 2902 qui
675 2841 937 2886 creaturae
965 2849 1127 2888 causa
1156 2845 1259 2898 est,
1294 2836 1385 2904 qui
1431 2837 1736 2891 sanctiﬁcat
1787 2849 2111 2905 creaturam,

553 2938 780 2991 eamque
839 2924 999 2977 Deum
1052 2923 1235 2988 eliicit,
1287 2926 1377 2994 qui
1430 2923 1641 2980 Domini
1677 2943 1738 2981 ac
1770 2928 1860 2983 Dei
1898 2931 2114 2984 nomine

554 3015 909 3084 glorilicatur,
965 3015 1056 3084 qui
1109 3017 1322 3070 divinas
1357 3018 1536 3086 explet
1583 3020 1947 3088 operationes.
1979 3022 2112 3076 Cum

555 3108 718 3178 igitur
753 3109 844 3162 lilii
874 3109 1227 3177 appellatione
1256 3110 1351 3163 tibi
1390 3111 1637 3166 videatur
1668 3128 1788 3167 esse
1828 3116 2099 3184 indignus,

558 3214 816 3274 tanquam
849 3221 876 3257 a
913 3204 1048 3258 Filio
1089 3215 1143 3259 et
1169 3205 1326 3259 Patre
1368 3205 1613 3270 alienus;
1665 3209 1948 3261 considera
1980 3226 2111 3277 quo-
2140 3184 2181 3239 ο

556 3300 715 3351 modo
748 3310 841 3350 eos
870 3295 961 3361 qui
1002 3295 1431 3357 sanctiﬁcantur,
1465 3297 1602 3350 lilios
1636 3298 1848 3351 cliiciat.
1877 3299 2028 3364 Quod
2066 3302 2110 3354 si

558 3397 614 3441 tu
643 3402 737 3454 per
788 3386 1045 3454 Spiritum
1104 3386 1246 3438 ﬁlius
1278 3385 1369 3438 Dei
1419 3399 1477 3439 es
1504 3428 1516 3448 ,
1553 3389 1822 3454 quomodo
1877 3389 2113 3457 Spiritus

555 3480 762 3534 alienus
786 3493 813 3530 a
844 3477 1098 3531 ﬁliatione
1128 3476 1322 3530 est?Si
1345 3489 1396 3530 tu
1422 3479 1781 3547 perSpiritum
1807 3480 1966 3543 Deus.
1987 3497 2114 3550 quo-

553 3574 711 3626 modo
757 3571 987 3640 Spiritus
1018 3571 1229 3624 alienus
1274 3570 1438 3623 fuerit
1471 3587 1498 3623 a
1529 3572 1769 3625 deitate?
1803 3571 2112 3641 Interroga-

553 3664 637 3716 bis
661 3677 790 3716 Sane
817 3661 1052 3714 vicissim
1087 3677 1100 3713 :
1143 3661 1250 3714 Cur
1279 3662 1438 3730 igitur
1478 3661 1570 3714 ﬁlii
1608 3678 1711 3715 non
1746 3664 1984 3731 suscepit
2014 3679 2112 3716 no—

555 3754 715 3808 men?
739 3753 870 3806 Nam
899 3753 965 3807 iis
988 3769 1105 3822 quae
1135 3753 1272 3806 dicta
1305 3763 1430 3806 sunt
1476 3753 1780 3822 dedignaris
1810 3757 2108 3822 attendere,

553 3848 671 3915 eius
709 3863 832 3900 vero
872 3847 1012 3915 quod
1044 3846 1242 3899 dictum
1294 3861 1398 3898 non
1447 3854 1527 3898 est
1572 3861 1789 3900 oausam
1834 3848 2062 3914 inquiris
2094 3889 2109 3913 ,

555 3939 1004 4007 quemadmodum
1035 3936 1358 3991 Sadducreus
1393 3953 1496 3992 non
1532 3939 1818 3992 admittens
1868 3952 2111 3993 resurre-

553 4029 808 4088 ctionem,
842 4028 933 4079 sed
967 4027 1378 4080 resurrectionis
1396 4027 1608 4081 modum
1639 4029 1852 4083 curiose
1888 4029 2110 4084 investi-

553 4134 706 4188 gans,
748 4126 800 4168 et
847 4117 990 4183 quod
1025 4117 1225 4169 dictum
1255 4127 1338 4170 est
1378 4119 1446 4171 ob
1497 4119 1548 4171 id
1605 4120 1744 4187 quod
1780 4121 1979 4174 dictum
2007 4137 2111 4174 non

553 4220 637 4263 est
667 4209 976 4277 reprobatis.
1010 4205 1160 4272 Quod
1196 4207 1238 4258 si
1273 4208 1619 4270 tacueritnus,
1658 4219 1716 4262 ut
1768 4212 1859 4277 qui
1899 4228 1960 4265 ea
1993 4226 2111 4279 quae

556 4300 650 4354 Dei
680 4309 803 4354 sunt
826 4298 1037 4354 curiose
1076 4298 1347 4366 inquirere
1389 4297 1638 4360 nolimus,
1674 4299 1838 4351 divini
1878 4300 2112 4369 Spiritus

553 4395 778 4464 gloriam
805 4394 996 4445 victam
1025 4390 1328 4454 arbitraris,
1376 4397 1655 4458 propterea
1709 4393 1852 4458 quod
1893 4392 1986 4446 ﬁlii
2015 4411 2110 4461 ap-

553 4485 770 4555 pellatio
802 4485 866 4536 de
917 4483 1033 4551 ipso
1065 4481 1302 4534 adhibita
1340 4495 1443 4533 non
1490 4489 1594 4543 est,
1642 4482 1795 4548 quasi
1828 4496 1933 4535 non
1968 4483 2109 4535 idem
2146 4519 2189 4571 Β

552 4585 713 4644 queat
750 4590 812 4628 ex
843 4585 894 4626 te
926 4575 1112 4641 quaeri.
1149 4569 1283 4624 Nam
1311 4572 1356 4624 si
1383 4571 1672 4626 conﬁteare
1703 4571 1840 4626 ﬁlios
1868 4587 1963 4639 per
1989 4573 2110 4640 Spi-

555 4671 715 4720 ritum
745 4665 1030 4731 ad0ptione
1065 4661 1180 4715 ﬁeri
1231 4661 1559 4726 innumeros,
1609 4676 1707 4716 cur
1752 4656 1988 4729 Spiritus
2041 4677 2108 4717 ne

631 4779 671 4812 ⁸⁸
700 4779 858 4833 llebr.
891 4796 927 4845 1,
951 4781 1006 4835 5.
1083 4776 1125 4808 "
1159 4775 1351 4846 Eplies.
1373 4780 1540 4843 vr,l7.

625 4939 732 5009 (45)
766 4939 903 4992 Ε‹Ιίιί
934 4949 985 4991 et
1012 4950 1122 5009 tres
1174 4953 1300 5009 mss.
1327 4936 1414 5009 εἷιᾲ
1442 4937 1534 5009 τοῦ
1567 4936 1721 4997 Θεοῦ,
1773 4952 1862 5009 per
1907 4934 2093 5009 Deum.

548 5006 651 5063 Alii
684 5006 910 5078 quatuor
939 5024 1064 5062 mss.
1086 5008 1171 5060 διὰ
1202 5006 1356 5059 τοῦτο
1376 5006 1531 5068 Θεοῦ,
1567 5009 1784 5076 proinde
1825 5007 1936 5078 Dei,
1960 5007 2097 5072 opti-

550 5096 654 5132 Ine.
707 5077 882 5138 ’lttfra.
921 5079 1008 5131 ubi
1067 5079 1258 5145 legitur
1315 5080 1366 5130 in
1407 5079 1566 5130 editis
1596 5087 1648 5131 et
1694 5078 1745 5129 in
1776 5077 2094 5142 quibusdam

549 5166 678 5204 mss.
713 5148 1001 5213 ὑπόδειξιν,
1049 5152 1306 5214 scriptum
1357 5146 1657 5199 invenimus
1692 5148 1742 5197 in
1771 5147 1890 5198 aliis
1928 5147 2095 5199 tribus

550 5222 820 5274 codicibus
846 5216 1135 5280 ἀπόδειξιν,
1164 5218 1375 5270 melius.
1408 5216 1462 5268 ln
1492 5216 1732 5282 sequenti
1779 5217 1930 5268 titulo
1965 5231 2092 5266 mss.

549 5290 745 5344 habent
769 5291 860 5342 καὶ
890 5289 950 5341 τὸ
983 5288 1221 5358 Πνεῦμα.
1250 5288 1455 5340 Aberat
1489 5286 1675 5338 vocula
1713 5285 1806 5336 καί
1833 5304 1861 5338 a
1916 5285 2096 5351 vulga-

551 5368 639 5412 ιιε.

620 5430 729 5497 (46)
763 5430 910 5499 Regii
938 5445 1030 5482 sex
1073 5443 1199 5481 mss.
1235 5427 1293 5479 οὐ
1340 5425 1429 5499 sit;
1458 5425 1517 5499 τὸ
1557 5419 1742 5499 εἷναι-ε
1785 5424 1925 5491 quod
1949 5424 2103 5499 quin

549 5494 866 5552 mendusuui
896 5499 986 5561 :it,
1013 5514 1114 5551 non
1156 5501 1358 5550 dubito.
1394 5498 1574 5551 (Iudex
1603 5494 1750 5547 Colb.
1792 5507 1845 5548 et
1875 5495 2005 5546 eliti
2048 5504 2106 5546 ut

549 5585 601 5622 ltt
633 5581 901 5621 contextu.

621 5637 732 5708 (Η)
761 5641 891 5691 eum
914 5636 1040 5689 Υἰοῦ
1076 5637 1130 5689 δὲ
1156 5638 1216 5689 τὸ
1245 5636 1494 5706 Πνεῦμαο
1525 5634 1614 5688 διὰ
1646 5634 1717 5695 τί,
1747 5634 1952 5708 mutile.
1991 5633 2101 5686 Co-

546 5708 649 5762 dex
684 5707 829 5762 Coll).
863 5719 914 5761 et
941 5709 1025 5760 alii
1061 5720 1288 5777 quatuor
1329 5710 1476 5776 Regii
1514 5710 1584 5777 ita
1619 5707 1993 5777 utueilidimus.

620 5778 732 5841 (48)
769 5779 907 5834 Etliti
939 5789 993 5833 et
1056 5774 1184 5844 licg.
1227 5774 1494 5834 Secundus
1535 5776 1593 5830 τὸ
1648 5774 1723 5844 τῷ
1771 5774 1972 5844 Κυρίου
2007 5774 2101 5826 καὶ

2214 577 2459 644 θεότητος
2492 577 2806 648 μαρτύριον,
2848 576 2926 628 ὃτι
2960 578 3093 646 μήτε
3123 581 3286 652 χωρὶς
3316 576 3448 630 Υἰοῦ
3494 585 3646 634 ποιεῖ
3684 583 3795 634 Πα-

2213 673 2332 741 τὴρ,
2373 671 2506 738 μήτε
2546 671 2670 733 Υἱὸς
2699 671 2860 740 χωρὶς
2892 669 3223 739 Πνεύματος.

2217 763 2330 813 Ὀτι
2363 760 2440 825 ὡς
2484 763 2612 826 Υἱὸς
2661 761 2806 829 πρές
2842 760 3068 827 Πατέρα
3129 762 3291 828 ἔχει,
3337 764 3490 818 οὕτω
3545 763 3796 831 Πνεῦμα

2825 832 2971 899 πρὸς
3005 832 3154 882 Υἰόν.

2282 922 2380 974 Διά
2407 920 2562 973 τοῦτο
2591 923 2682 973 καὶ
2706 923 2838 975 Θεοῦ
2870 925 2967 993 μὲν
2994 922 3147 988 λόγος
3179 925 3208 974 ό
3231 923 3378 986 Υἰδς,
3407 929 3560 997 ρἦα
3583 926 3639 978 δὲ
3667 925 3795 977 Tia-3

2214 1012 2272 1065 τὸ
2291 1010 2532 1080 Πνεῦμα.
2561 1010 2757 1078 Φέρων
2781 1013 2912 1080 γὰρ,
2945 1015 3095 1084 φησι,
3132 1012 3202 1064 τὰ
3232 1011 3427 1065 πάντα
3466 1017 3550 1082 τῷ
3567 1018 3798 1086 ῥήματι

2216 1103 2324 1170 τῆς
2359 1103 2663 1171 δυνάμεως
2705 1106 2911 1158 αὐτοῦ.
2954 1108 3062 1159 Καὶ
3092 1105 3274 1175 ἐπειδὴ
3323 1106 3474 1175 ῥῆμα
3505 1111 3664 1174 Υἱου,
3710 1110 3797 1163 διὰ

2214 1198 2368 1250 τοῦτο
2379 1195 2510 1249 Θεοῦ
2528 1198 2656 1267 (45)⁶
2684 1201 2798 1263 Τὴν
2803 1197 3119 1267 μάχαιραν,
3139 1199 3286 1268 φησι,
3302 1199 3405 1252 τοῦ
3424 1203 3796 1269 Πνεῦματος,

2216 1292 2248 1344 ὅ
2267 1292 2395 1344 ἐστι
2418 1290 2584 1359 ῥῆμα
2602 1291 2768 1346 Θεοῦ.
2805 1291 2972 1356 Λόγος
3003 1292 3059 1344 δὲ
3084 1290 3215 1344 Θεοῦ
3247 1292 3340 1343 καὶ
3373 1293 3523 1362 ῥῆμα
3555 1294 3666 1356 ζῶν
3705 1298 3798 1349 καὶ

2217 1382 2454 1452 ἐνεργόν.
2487 1385 2575 1454 Μὴ
2610 1385 2715 1452 γάρ
2751 1399 2840 1451 μοι
2872 1383 3003 1452 πρὸς
3028 1385 3096 1437 τὰ
3132 1381 3444 1450 ἀνθρώπινα
3474 1388 3796 1459 καταπέσῃς

2215 1472 2552 1543 ὁμοιώματα,
2582 1474 2715 1528 ἀλλά
2760 1475 3034 1544 πανταχοῦ
3076 1475 3182 1527 νόει
3214 1474 3272 1526 τὸ
3309 1475 3490 1542 μεῖζον
3534 1478 3629 1528 ἐπὶ
3659 1479 3792 1530 Θεοῦ

2216 1566 2350 1635 πρὸς
2376 1567 2474 1638 τὴν
2503 1570 2602 1638 τῆς
2639 1568 2764 1638 μιᾶς
2794 1565 3062 1633 ἀπόδειξιν
3094 1565 3370 1637 ἐνεργείας
3406 1565 3704 1635 λαμϐάνων
3737 1570 3796 1620 τὸ

2213 1656 2309 1709 τοῦ
2352 1658 2507 1726 λόγου
2557 1657 2924 1728 παράδειγμα·
2962 1657 3041 1711 ὅτι
3075 1657 3167 1711 καὶ
3192 1655 3310 1718 νοῦς
3337 1658 3364 1707 ὁ
3393 1656 3483 1719 σὺς
3510 1657 3602 1709 διὰ
3628 1657 3791 1725 λόγου

2217 1748 2392 1802 πάντα
2426 1769 2491 1802 πε
2498 1769 2576 1821 ριε
2586 1747 2860 1820 ργάζεται.

2362 1838 2463 1890 Διὰ
2490 1840 2543 1889 τι
2576 1835 2659 1905 μὴ
2691 1835 2789 1886 καὶ
2821 1843 2885 1886 τι)
2915 1836 3155 1905 Πνεῦμα
3177 1835 3304 1900 υἱὸς
3331 1837 3438 1889 τοῦ
3481 1838 3638 1892 Υἰοῦ.

2290 1927 2410 1980 Ὀτι
2440 1928 2499 1980 οῦ
2527 1926 2612 1978 διὰ
2642 1925 2702 1977 τὸ
2737 1925 2810 1995 μὴ
2839 1921 2977 1978 εἶναι
3007 1928 3119 1998 (46)
3144 1932 3207 1982 ἐκ
3245 1927 3378 1980 Θεοῦ
3400 1929 3465 1980 δι’
3492 1931 3646 1995 Υἰοῦ,
3677 1932 3790 1984 ἀλλ’

2217 2017 2302 2070 ἵνα
2353 2021 2385 2089 ἡ
2436 2018 2602 2088 Τριάς
2643 2016 2716 2087 μὴ
2760 2016 2984 2087 νομισθῇ
3038 2020 3236 2090 πλῆθος
3273 2019 3514 2090 ἄπειρον,
3551 2024 3704 2084 υἱοὺς
3736 2022 3794 2087 ἐξ

2217 2109 2346 2162 υἱῶν
2376 2110 2449 2172 ὡς
2478 2108 2570 2160 καὶ
2601 2108 2656 2158 ὲν
2684 2106 2988 2178 ἀνθρώποις
3010 2108 3151 2177 ἔχειν
3182 2111 3601 2166 ὑποπτευθείσα.
3632 2115 3795 2166 Ἀλλὰ

2215 2203 2390 2272 λέγεις
2409 2221 2422 2234 ο
2451 2204 2511 2255 Εἰ
2532 2201 2664 2254 Θεοῦ
2689 2203 2785 2272 μὲν
2808 2202 2967 2255 είκὼν
2996 2204 3184 2268 ὁΥἰὸς,
3211 2207 3338 2260 Υἱοῦ
3374 2207 3428 2259 δὲ
3454 2208 3515 2259 τὺ
3540 2210 3790 2279 Πνεῦμα,

2217 2298 2308 2348 καί
2328 2298 2374 2347 εἰ
2401 2293 2532 2346 Θεοῦ
2559 2294 2655 2363 μὲν
2680 2293 2834 2360 λόγος
2861 2295 2888 2345 ό
2907 2294 3050 2355 Υἱὸς,
3070 2297 3217 2366 ῥῆμα
3238 2283 3436 2351 amo;
3467 2299 3526 2351 τὸ
3543 2299 3788 2369 Πνεῦμα·

2215 2387 2302 2440 διά
2343 2387 2394 2438 τί
2426 2385 2535 2454 (47)
2568 2385 2640 2454 μὴ
2688 2386 2800 2447 υἱὸς
2849 2385 2939 2438 τοῦ
2987 2387 3113 2440 Υἱοῦ
3165 2391 3225 2442 τὸ
3259 2390 3480 2460 Πνεῦμα
3536 2391 3791 2463 εἴρηται;

2218 2475 2398 2542 Τούτῳ
2426 2472 2531 2541 γὰρ
2585 2475 2914 2543 ἰσχυροτάτῳ
2963 2476 3096 2544 πρὸς
3126 2479 3221 2548 τὴν
3263 2482 3514 2534 ἀσέϐειαν
3548 2485 3790 2554 ἐχρήσω.

2219 2567 2287 2618 Ἦ
2329 2565 2434 2634 γάρ
2467 2565 2652 2635 Υἰδνῆ
2688 2566 2888 2634 κτίσμα
2937 2567 3173 2633 κελεύεις
3219 2575 3376 2625 νοεῖν.
3425 2575 3534 2625 Καὶ
3585 2577 3668 2628 ὅτι
3720 2579 3793 2646 μὴ

2216 2657 2326 2718 υἱὸς
2355 2655 2684 2725 ὠνόμασται,
2730 2655 2815 2708 διὰ
2845 2656 3000 2710 τοῦτο
3053 2661 3255 2728 κτίσμα
3282 2657 3417 2713 εἶναι
3448 2663 3794 2738 βλασφημεῖς

2213 2745 2273 2798 τὸ
2305 2748 2401 2816 τῆς
2449 2748 2675 2810 κτίσεως
2715 2748 2904 2808 αἴτιον,
2949 2749 3008 2801 τὸ
3040 2750 3139 2818 τῆς
3193 2750 3424 2813 κτίσεως
3475 2753 3796 2818 άγιαστικδν

2215 2837 2307 2888 καὶ
2345 2837 2605 2898 θεοποιὸν,
2649 2838 2708 2891 τὸ
2754 2840 2954 2908 Κυρίου
2985 2840 3077 2892 καὶ
3105 2839 3237 2892 Θεοῦ
3275 2840 3384 2906 (48)
3431 2840 3795 2914 δοξαζόμενον

2213 2927 2454 2997 ὀνόματι,
2488 2928 2548 2980 τὸ
2578 2929 2684 2981 τῶν
2723 2930 2879 2981 θείων
2908 2931 3193 3001 ἐνεργειῶν
3234 2932 3596 3002 πληρωτικόν.
3642 2938 3795 2989 Ἐπεὶ

2214 3014 2303 3071 οὖν
2332 3018 2542 3082 ἀνάξιον
2559 3015 2695 3070 εἷναί
2722 3037 2798 3071 σοι
2825 3021 2933 3086 (49)
2966 3023 3207 3088 φαίνεται
3234 3025 3332 3092 τῆς
3361 3025 3452 3076 τοῦ
3484 3026 3599 3078 υἱοῦ
3629 3046 3801 3098 προσο

2221 3109 2465 3181 ηγορίας,
2498 3109 2571 3171 ὼς
2603 3108 2876 3178 ἀλλότριον
2905 3111 3030 3162 Υἰοῦ
3055 3114 3146 3163 καὶ
3193 3114 3421 3182 Πατρὸς,
3453 3117 3649 3182 σκέψαι
3677 3120 3796 3182 πῶς

2217 3205 2362 3264 υἱοὺς
2392 3199 2757 3271 ἀπεργάζεται
2792 3201 2917 3262 τοὺς
2961 3201 3368 3271 ἁγιαζομένους.
3407 3204 3468 3255 Εἰ
3498 3203 3553 3256 δὲ
3583 3208 3646 3259 σὺ
3682 3207 3794 3276 (50)

2214 3294 2300 3346 διὰ
2333 3293 2425 3345 τοῦ
2463 3293 2777 3362 Πνεῦμα-ξος
2809 3294 2920 3355 υἱὸς
2946 3293 3100 3355 Θεοῦ,
3162 3293 3276 3356 πῶς
3304 3294 3363 3346 τὸ
3389 3294 3614 3366 Πνεῦμα
3643 3299 3799 3362 ξένον

2214 3384 2490 3451 υίότητος;
2535 3385 2596 3434 Εἰ
2631 3386 2692 3435 σὺ
2725 3384 2811 3435 διὰ
2853 3384 2945 3435 τοῦ
2981 3385 3290 3453 Πνεύματος
3322 3385 3432 3456 (51)
3472 3388 3625 3452 Θεὸς,
3675 3392 3794 3455 πῶς

2211 3475 2272 3525 τὸ
2305 3473 2525 3544 Πνεῦμα
2578 3474 2828 3545 θεότητος
2886 3476 3192 3547 ἀλλότριονς
3258 3479 3681 3550 Ἀντερωτήσεις
3727 3483 3793 3551 δὴ

2214 3564 2372 3616 πάλιν
2398 3579 2409 3591 ·
2445 3563 2541 3614 Διά
2566 3563 2620 3614 τί
2646 3563 2701 3615 δὲ
2728 3564 2786 3615 τὸ
2815 3562 2908 3615 τοῦ
2939 3565 3054 3616 υἱοῦ
3089 3566 3160 3635 μὴ
3190 3565 3408 3637 εῑληφεν
3439 3569 3640 3636 ὄνομας
3667 3569 3797 3630 Τοῖς

2217 3655 2312 3723 μὲν
2346 3654 2452 3725 γὰρ
2491 3654 2796 3724 εἰρημένοις
2823 3657 3107 3726 προσέχειν
3136 3658 3234 3709 οῦκ
3274 3659 3460 3722 ἀξιοῖς,
3494 3657 3584 3708 τοῦ
3625 3656 3681 3707 δὲ
3716 3661 3793 3726 μὴ

2213 3751 2499 3821 εἰρημένου
2531 3750 2627 3821 τὴν
2657 3753 2834 3806 αἰτίαν
2867 3754 3133 3814 ἀπαιτεῖς,
3166 3752 3350 3821 ὥσπερ
3379 3754 3406 3802 ὁ
3435 3750 3793 3813 Σαδδουκαίος

2212 3843 2309 3912 τὴν
2335 3843 2625 3896 ἀνάστασιν
2675 3845 2734 3897 οῦ
2781 3845 3084 3914 δεχόμενος,
3131 3842 3266 3894 ἀλλά
3298 3841 3395 3910 τῆς
3438 3841 3791 3906 ἀναστάσεως

2212 3933 2302 3984 τὸν
2341 3934 2538 4004 τρόπον
2579 3934 3091 4005 περιεργαζόμενος,
3136 3933 3229 3983 καὶ
3271 3930 3331 3981 τὸ
3383 3929 3544 3998 ῥηθὲν
3581 3931 3669 3984 διὰ
3728 3934 3788 3985 τὸ

2217 4026 2290 4096 μὴ
2328 4026 2487 4095 ῥηθὲν
2531 4027 2752 4078 ἀθετῶν.
2799 4024 2912 4077 Κᾶν
2955 4023 3337 4091 σιωπήσωμεν,
3374 4023 3434 4073 οὺ
3477 4021 3791 4094 βουλόμενοι

2212 4117 2280 4170 τὰ
2327 4118 2421 4169 τοῦ
2468 4117 2600 4169 Θεοῦ
2656 4113 3142 4186 περιεργάζεσθαι,
3196 4114 3504 4184 νενικῆσθαι
3557 4118 3656 4187 τὴν
3697 4119 3790 4170 τοῦ

2215 4208 2356 4261 θείου
2392 4208 2698 4278 Πνεύματος
2720 4206 2872 4270 δόξαν
2897 4205 3293 4275 ὑπολαμὸάνεις
3312 4244 3326 4266 ,
3355 4205 3442 4258 διὰ
3468 4205 3529 4257 τὸ
3560 4207 3636 4278 μὴ
3674 4210 3792 4259 κεῖα

2218 4301 2339 4352 σθαι
2374 4300 2469 4370 τὴν
2510 4299 2600 4352 τοῦ
2653 4297 2766 4350 υἱοῦ
2811 4297 3176 4368 προσηγορίαν
3233 4296 3318 4347 ἐπ’
3369 4296 3552 4362 αὑτοῦ,
3601 4298 3796 4369 ὥσπερ

2215 4391 2332 4459 οὐχὶ
2363 4389 2553 4442 ταυτὸν
2595 4388 2887 4456 δυνάμενος
2922 4384 3288 4439 ἀπαιτεῖσθαι.
3344 4385 3406 4438 Εἰ
3448 4385 3556 4456 γὰρ
3597 4388 3795 4455 ὁμολο-

2217 4485 2329 4548 γεῖς
2355 4482 2501 4542 υξοὺς
2531 4480 2616 4532 διὰ
2642 4480 2700 4530 τὸ
2725 4477 2946 4545 Πνεῦμα
2973 4475 3118 4527 θέσει
3143 4475 3385 4541 γίνεσθαι
3406 4476 3514 4544 (59.)
3540 4480 3790 4546 μυρίους,

2216 4573 2300 4624 διὰ
2332 4573 2382 4624 τί
2431 4573 2490 4624 τὸ
2520 4571 2741 4640 Πνεῦμα
2793 4569 2925 4640 μηδὲ
2969 4568 3112 4620 θέσει
3159 4569 3619 4637 προσαγορεύεται
3654 4569 3794 4632 υἱὸς,

2215 4664 2427 4717 κάλλιον
2473 4663 2740 4734 δήπουθεν
2787 4661 2846 4713 ὃν
2883 4659 2991 4712 τῶν
3036 4656 3456 4727 υἰοθετουμὲνων
3505 4661 3690 4730 χάριτι
3723 4659 3792 4714 δι’

2193 4929 2489 5002 Θεοῦ.-Α1ἰι
2516 4933 2752 5002 quinque
2795 4947 2922 4985 mss.
2958 4932 3019 4984 τὸ
3043 4932 3247 5002 Κυρίου
3273 4934 3364 5002 καὶ
3397 4931 3558 4987 Θεοῦ.

2268 5000 2382 5072 (ιθ)
2419 5004 2636 5069 Antiqui
2667 5000 2794 5055 'duo
2847 5004 2964 5056 libri
3010 5000 3224 5072 ἀνάξιον
3266 5001 3407 5056 εἰναί
3467 5019 3574 5056 σοι.
3626 5003 3786 5066 Illud,

2195 5067 2434 5140 suam.)
2464 5067 2620 5125 editis
2649 5071 3072 5125 desiderabatur.
3109 5071 3309 5125 lttidetn
3348 5073 3475 5125 editi
3529 5074 3785 5140 φαίνεται

2193 5141 2287 5194 τοῦ
2317 5139 2468 5195 Υἱοῦ.
2507 5141 2652 5212 Libri
2688 5143 2893 5208 antiqui
2919 5152 3010 5195 aut
3043 5142 3287 5210 φαίνεται
3329 5142 3431 5212 τῆς
3481 5139 3574 5195 τοῦ
3627 5144 3782 5206 Υἱοῦ,

2196 5223 2286 5265 aut
2315 5211 2566 5280 φαίνεται
2598 5211 2696 5279 τῆς
2722 5213 2874 5264 Υίοῦ.

2273 5284 2383 5351 (50)
2420 5282 2644 5335 Codices
2668 5298 2773 5334 non
2830 5281 2980 5351 pauci
3018 5282 3080 5334 Εἰ
3132 5281 3188 5333 δὲ
3233 5281 3318 5337 σύ.
3356 5282 3549 5335 Deerat
3582 5284 3774 5335 vocula

2202 5351 2256 5403 δέ
2295 5355 2344 5405 in
2403 5351 2642 5405 excusis.
2693 5351 2896 5406 ibidem
2935 5367 3064 5405 mss.
3115 5353 3359 5406 nonnulli
3397 5351 3480 5404 διὰ
3514 5353 3576 5404 τὸ
3614 5353 3789 5404 Ilva?»

2247 5438 2301 5474 α.

2204 5440 2381 5559 μαᾴςι)
2434 5491 2537 5562 Hic
2598 5506 2726 5562 mss.
2775 5505 2963 5562 omnes
3012 5491 3293 5562 υἱότητοςς
3356 5493 3441 5562 Et
3481 5493 3544 5544 σὺ
3593 5492 3682 5543 διὰ
3726 5492 3792 5544 τὺ

2201 5562 2446 5630 Πνεῦμα,
2485 5559 2546 5613 ob
2578 5561 2857 5631 Spiritum.
2891 5561 3031 5614 Editi
3063 5559 3161 5614 διὰ
3186 5563 3276 5615 τοῦ
3309 5560 3648 5630 Πνεύματος,
3693 5577 3790 5630 per

2200 5634 2474 5686 Spiritum.

2243 5654 2636 5773 I’iiigi‘goiliccs
2693 5718 2796 5757 non
2847 5701 3004 5772 pauci
3047 5703 3312 5772 γίνεσθαι.
3369 5701 3518 5758 Editi
3549 5713 3603 5758 et
3646 5702 3784 5773 Pii-'5.

2203 5775 2391 5826 tertius
2421 5771 2691 5836 γενέσΟαι.
