  <div class='ocr_page' id='page_1' title='image "/cluster/home/n/w/nwhite01/storage/ocr_20150623/29/ien.35556001660547/775.png"; bbox 0 0 4008 6470; ppageno 0'>
   <div class='ocr_carea' id='block_1_1' title="bbox 252 424 355 477">
    <p class='ocr_par' dir='ltr' id='par_1_1' title="bbox 252 424 355 477">
     <span class='ocr_line' id='line_1_1' title="bbox 252 424 355 477; baseline -0.058 1"><span class='ocrx_word' id='word_1_1' title='bbox 252 424 355 477; x_wconf 68' lang='lat'><strong>733</strong></span> 
     </span>
    </p>
   </div>
   <div class='ocr_carea' id='block_1_2' title="bbox 1340 408 2391 465">
    <p class='ocr_par' dir='ltr' id='par_1_2' title="bbox 1340 408 2391 465">
     <span class='ocr_line' id='line_1_2' title="bbox 1340 408 2391 465; baseline -0.003 -3"><span class='ocrx_word' id='word_1_2' title='bbox 1340 409 1710 465; x_wconf 79' lang='lat' dir='ltr'><strong>ADVERSUS</strong></span> <span class='ocrx_word' id='word_1_3' title='bbox 1751 409 2113 465; x_wconf 76' lang='lat' dir='ltr'><strong>EUNOMIUM</strong></span> <span class='ocrx_word' id='word_1_4' title='bbox 2151 408 2281 462; x_wconf 86' lang='lat' dir='ltr'><strong>LIB.</strong></span> <span class='ocrx_word' id='word_1_5' title='bbox 2328 408 2391 460; x_wconf 86' lang='lat' dir='ltr'><strong>V.</strong></span> 
     </span>
    </p>
   </div>
   <div class='ocr_carea' id='block_1_3' title="bbox 3383 410 3482 465">
    <p class='ocr_par' dir='ltr' id='par_1_3' title="bbox 3383 410 3482 465">
     <span class='ocr_line' id='line_1_3' title="bbox 3383 410 3482 465; baseline 0.02 -2"><span class='ocrx_word' id='word_1_6' title='bbox 3383 410 3482 465; x_wconf 67' lang='lat'><strong>7&#39;54</strong></span> 
     </span>
    </p>
   </div>
   <div class='ocr_carea' id='block_1_4' title="bbox 251 524 1838 600">
    <p class='ocr_par' dir='ltr' id='par_1_4' title="bbox 251 527 1818 600">
     <span class='ocr_line' id='line_1_4' title="bbox 251 527 1818 600; baseline -0.008 -8"><span class='ocrx_word' id='word_1_7' title='bbox 251 536 440 598; x_wconf 72' lang='grc' dir='ltr'>αὐτοῦ,</span> <span class='ocrx_word' id='word_1_8' title='bbox 478 536 571 588; x_wconf 77' lang='grc' dir='ltr'>καὶ</span> <span class='ocrx_word' id='word_1_9' title='bbox 606 534 691 586; x_wconf 71' lang='grc' dir='ltr'><strong>διὰ</strong></span> <span class='ocrx_word' id='word_1_10' title='bbox 734 531 891 584; x_wconf 87' lang='grc' dir='ltr'>τοῦτο</span> <span class='ocrx_word' id='word_1_11' title='bbox 941 529 1136 600; x_wconf 75' lang='grc' dir='ltr'>μᾶλλον</span> <span class='ocrx_word' id='word_1_12' title='bbox 1180 528 1279 580; x_wconf 75' lang='grc' dir='ltr'><strong>οῦκ</strong></span> <span class='ocrx_word' id='word_1_13' title='bbox 1322 528 1533 597; x_wconf 79' lang='grc' dir='ltr'>ὀφεῖλον</span> <span class='ocrx_word' id='word_1_14' title='bbox 1567 527 1818 581; x_wconf 74' lang='grc' dir='ltr'>ἐλαττοῦ-</span> 
     </span>
    </p>
   </div>
   <div class='ocr_carea' id='block_1_5' title="bbox 1941 524 3486 600">
    <p class='ocr_par' dir='ltr' id='par_1_5' title="bbox 1941 524 3486 599">
     <span class='ocr_line' id='line_1_5' title="bbox 1941 524 3486 599; baseline -0.001 -18"><span class='ocrx_word' id='word_1_15' title='bbox 1941 529 2212 599; x_wconf 80' lang='lat' dir='ltr'><strong>td0ptione</strong></span> <span class='ocrx_word' id='word_1_16' title='bbox 2235 527 2450 596; x_wconf 84' lang='lat' dir='ltr'><strong>quidem</strong></span> <span class='ocrx_word' id='word_1_17' title='bbox 2482 526 2780 595; x_wconf 79' lang='lat' dir='ltr'><strong>appellatur</strong></span> <span class='ocrx_word' id='word_1_18' title='bbox 2824 526 2985 592; x_wconf 80' lang='lat' dir='ltr'><strong>ﬁlius,</strong></span> <span class='ocrx_word' id='word_1_19' title='bbox 3031 524 3334 596; x_wconf 69' lang='lat' dir='ltr'><strong>praesertim</strong></span> <span class='ocrx_word' id='word_1_20' title='bbox 3364 541 3486 580; x_wconf 91' lang='lat' dir='ltr'><strong>cum</strong></span> 
     </span>
    </p>
   </div>
   <div class='ocr_carea' id='block_1_6' title="bbox 254 619 1820 696">
    <p class='ocr_par' dir='ltr' id='par_1_6' title="bbox 254 619 1820 696">
     <span class='ocr_line' id='line_1_6' title="bbox 254 619 1820 696; baseline -0.006 -15"><span class='ocrx_word' id='word_1_21' title='bbox 254 630 377 682; x_wconf 88' lang='grc' dir='ltr'>σθαι</span> <span class='ocrx_word' id='word_1_22' title='bbox 402 627 489 680; x_wconf 82' lang='grc' dir='ltr'>διὰ</span> <span class='ocrx_word' id='word_1_23' title='bbox 520 626 617 696; x_wconf 81' lang='grc' dir='ltr'>τὴν</span> <span class='ocrx_word' id='word_1_24' title='bbox 646 624 1045 695; x_wconf 84' lang='grc' dir='ltr'>προσηγορίαν;</span> <span class='ocrx_word' id='word_1_25' title='bbox 1086 622 1273 691; x_wconf 82' lang='grc' dir='ltr'>Ἡμεῖς</span> <span class='ocrx_word' id='word_1_26' title='bbox 1312 621 1369 673; x_wconf 84' lang='grc' dir='ltr'>δὲ</span> <span class='ocrx_word' id='word_1_27' title='bbox 1415 622 1507 674; x_wconf 77' lang='grc' dir='ltr'><strong>καὶ</strong></span> <span class='ocrx_word' id='word_1_28' title='bbox 1546 622 1673 686; x_wconf 76' lang='grc' dir='ltr'>περὶ</span> <span class='ocrx_word' id='word_1_29' title='bbox 1698 619 1820 672; x_wconf 84' lang='grc' dir='ltr'>τοῦ-</span> 
     </span>
    </p>
   </div>
   <div class='ocr_carea' id='block_1_7' title="bbox 252 711 1822 781">
    <p class='ocr_par' dir='ltr' id='par_1_7' title="bbox 252 711 1822 781">
     <span class='ocr_line' id='line_1_7' title="bbox 252 711 1822 781; baseline -0.004 -11"><span class='ocrx_word' id='word_1_30' title='bbox 252 736 348 770; x_wconf 87' lang='grc' dir='ltr'><strong>του</strong></span> <span class='ocrx_word' id='word_1_31' title='bbox 375 716 513 769; x_wconf 77' lang='grc' dir='ltr'>κατὰ</span> <span class='ocrx_word' id='word_1_32' title='bbox 554 716 615 767; x_wconf 84' lang='grc' dir='ltr'>τὸ</span> <span class='ocrx_word' id='word_1_33' title='bbox 645 715 864 767; x_wconf 82' lang='grc' dir='ltr'>δυνατὸν</span> <span class='ocrx_word' id='word_1_34' title='bbox 898 711 1334 781; x_wconf 78' lang='grc' dir='ltr'><strong>ἀποκρινούμεθα</strong></span> <span class='ocrx_word' id='word_1_35' title='bbox 1374 712 1510 781; x_wconf 83' lang='grc' dir='ltr'>πρὸς</span> <span class='ocrx_word' id='word_1_36' title='bbox 1546 712 1692 781; x_wconf 72' lang='grc' dir='ltr'>ἡμᾶς</span> <span class='ocrx_word' id='word_1_37' title='bbox 1726 712 1822 764; x_wconf 84' lang='grc' dir='ltr'>αῦ-</span> 
     </span>
    </p>
   </div>
   <div class='ocr_carea' id='block_1_8' title="bbox 255 804 1822 876">
    <p class='ocr_par' dir='ltr' id='par_1_8' title="bbox 255 804 1822 876">
     <span class='ocr_line' id='line_1_8' title="bbox 255 804 1822 876; baseline -0.004 -13"><span class='ocrx_word' id='word_1_38' title='bbox 255 811 403 873; x_wconf 75' lang='grc' dir='ltr'>τούς.</span> <span class='ocrx_word' id='word_1_39' title='bbox 452 810 601 861; x_wconf 72' lang='grc' dir='ltr'>Ἐπεὶ</span> <span class='ocrx_word' id='word_1_40' title='bbox 626 807 761 876; x_wconf 82' lang='grc' dir='ltr'>πρός</span> <span class='ocrx_word' id='word_1_41' title='bbox 789 807 852 874; x_wconf 88' lang='grc' dir='ltr'><strong>γέ</strong></span> <span class='ocrx_word' id='word_1_42' title='bbox 881 822 935 857; x_wconf 91' lang='grc' dir='ltr'><strong>σε</strong></span> <span class='ocrx_word' id='word_1_43' title='bbox 963 804 1055 856; x_wconf 70' lang='grc' dir='ltr'><strong>καὶ</strong></span> <span class='ocrx_word' id='word_1_44' title='bbox 1084 806 1291 874; x_wconf 79' lang='grc' dir='ltr'>σιωπᾷν</span> <span class='ocrx_word' id='word_1_45' title='bbox 1326 804 1561 875; x_wconf 80' lang='grc' dir='ltr'><strong>ἐξήρκει,</strong></span> <span class='ocrx_word' id='word_1_46' title='bbox 1594 804 1694 873; x_wconf 83' lang='grc' dir='ltr'>τῆς</span> <span class='ocrx_word' id='word_1_47' title='bbox 1723 804 1822 856; x_wconf 86' lang='grc' dir='ltr'>αὑ-</span> 
     </span>
    </p>
   </div>
   <div class='ocr_carea' id='block_1_9' title="bbox 254 892 1825 973">
    <p class='ocr_par' dir='ltr' id='par_1_9' title="bbox 254 892 1825 973">
     <span class='ocr_line' id='line_1_9' title="bbox 254 892 1825 973; baseline -0.003 -19"><span class='ocrx_word' id='word_1_48' title='bbox 254 904 355 970; x_wconf 80' lang='grc' dir='ltr'>τῆς</span> <span class='ocrx_word' id='word_1_49' title='bbox 399 902 717 973; x_wconf 72' lang='grc' dir='ltr'><strong>ἐρωτήσεως</strong></span> <span class='ocrx_word' id='word_1_50' title='bbox 765 896 1114 966; x_wconf 78' lang='grc' dir='ltr'><strong>ἐπικειμένης</strong></span> <span class='ocrx_word' id='word_1_51' title='bbox 1161 896 1254 947; x_wconf 83' lang='grc' dir='ltr'><strong>καὶ</strong></span> <span class='ocrx_word' id='word_1_52' title='bbox 1293 895 1391 949; x_wconf 89' lang='grc' dir='ltr'>σοί.</span> <span class='ocrx_word' id='word_1_53' title='bbox 1440 895 1684 966; x_wconf 87' lang='grc' dir='ltr'>Λέγομεν</span> <span class='ocrx_word' id='word_1_54' title='bbox 1732 892 1825 949; x_wconf 83' lang='grc' dir='ltr'><strong>οῦν</strong></span> 
     </span>
    </p>
   </div>
   <div class='ocr_carea' id='block_1_10' title="bbox 261 984 1827 1063">
    <p class='ocr_par' dir='ltr' id='par_1_10' title="bbox 261 984 1827 1063">
     <span class='ocr_line' id='line_1_10' title="bbox 261 984 1827 1063; baseline -0.006 -14"><span class='ocrx_word' id='word_1_55' title='bbox 261 996 396 1063; x_wconf 78' lang='grc'>(55),</span> <span class='ocrx_word' id='word_1_56' title='bbox 433 995 512 1046; x_wconf 82' lang='grc' dir='ltr'>ὅτι</span> <span class='ocrx_word' id='word_1_57' title='bbox 540 993 599 1045; x_wconf 77' lang='grc' dir='ltr'>τὸ</span> <span class='ocrx_word' id='word_1_58' title='bbox 628 992 801 1043; x_wconf 78' lang='grc' dir='ltr'>εἰπεῖν</span> <span class='ocrx_word' id='word_1_59' title='bbox 827 989 937 1040; x_wconf 73' lang='grc' dir='ltr'>υἱὸν</span> <span class='ocrx_word' id='word_1_60' title='bbox 967 987 1023 1053; x_wconf 79' lang='grc' dir='ltr'>ἐξ</span> <span class='ocrx_word' id='word_1_61' title='bbox 1051 986 1178 1038; x_wconf 84' lang='grc' dir='ltr'>Υἰοῦ</span> <span class='ocrx_word' id='word_1_62' title='bbox 1210 984 1307 1055; x_wconf 84' lang='grc' dir='ltr'>τὴν</span> <span class='ocrx_word' id='word_1_63' title='bbox 1338 987 1539 1057; x_wconf 77' lang='grc' dir='ltr'>Τριάδα</span> <span class='ocrx_word' id='word_1_64' title='bbox 1581 990 1677 1057; x_wconf 86' lang='grc' dir='ltr'>τῆς</span> <span class='ocrx_word' id='word_1_65' title='bbox 1712 986 1827 1039; x_wconf 84' lang='grc' dir='ltr'>θεό-</span> 
     </span>
    </p>
   </div>
   <div class='ocr_carea' id='block_1_11' title="bbox 259 1078 1826 1156">
    <p class='ocr_par' dir='ltr' id='par_1_11' title="bbox 259 1078 1826 1156">
     <span class='ocr_line' id='line_1_11' title="bbox 259 1078 1826 1156; baseline -0.007 -17"><span class='ocrx_word' id='word_1_66' title='bbox 259 1104 420 1156; x_wconf 82' lang='grc' dir='ltr'>τητος</span> <span class='ocrx_word' id='word_1_67' title='bbox 482 1088 559 1147; x_wconf 85' lang='grc' dir='ltr'>εἰς</span> <span class='ocrx_word' id='word_1_68' title='bbox 615 1082 852 1152; x_wconf 77' lang='grc' dir='ltr'><strong>πλήθους</strong></span> <span class='ocrx_word' id='word_1_69' title='bbox 914 1079 1149 1147; x_wconf 71' lang='grc' dir='ltr'>ὑποψίαν</span> <span class='ocrx_word' id='word_1_70' title='bbox 1201 1079 1470 1150; x_wconf 79' lang='grc' dir='ltr'>προσῆγεν</span> <span class='ocrx_word' id='word_1_71' title='bbox 1524 1078 1826 1148; x_wconf 84' lang='grc' dir='ltr'>ἀνθρώποις</span> 
     </span>
    </p>
   </div>
   <div class='ocr_carea' id='block_1_12' title="bbox 260 1167 1827 1242">
    <p class='ocr_par' dir='ltr' id='par_1_12' title="bbox 260 1167 1827 1242">
     <span class='ocr_line' id='line_1_12' title="bbox 260 1167 1827 1242; baseline -0.007 -10"><span class='ocrx_word' id='word_1_72' title='bbox 260 1178 575 1232; x_wconf 75' lang='grc' dir='ltr'>ἀκούσασιν.</span> <span class='ocrx_word' id='word_1_73' title='bbox 614 1175 864 1241; x_wconf 85' lang='grc' dir='ltr'>’Έτοιμον</span> <span class='ocrx_word' id='word_1_74' title='bbox 913 1172 1020 1242; x_wconf 80' lang='grc' dir='ltr'>γὰρ</span> <span class='ocrx_word' id='word_1_75' title='bbox 1062 1167 1131 1241; x_wconf 78' lang='grc' dir='ltr'>ἦν</span> <span class='ocrx_word' id='word_1_76' title='bbox 1177 1171 1485 1233; x_wconf 79' lang='grc' dir='ltr'>ὑπολαϐεῖν,</span> <span class='ocrx_word' id='word_1_77' title='bbox 1533 1172 1628 1235; x_wconf 87' lang='grc' dir='ltr'><strong>ὼς,</strong></span> <span class='ocrx_word' id='word_1_78' title='bbox 1672 1171 1827 1241; x_wconf 80' lang='grc' dir='ltr'>εἴπερ</span> 
     </span>
    </p>
   </div>
   <div class='ocr_carea' id='block_1_13' title="bbox 265 1262 1830 1335">
    <p class='ocr_par' dir='ltr' id='par_1_13' title="bbox 265 1262 1830 1335">
     <span class='ocr_line' id='line_1_13' title="bbox 265 1262 1830 1335; baseline -0.008 -10"><span class='ocrx_word' id='word_1_79' title='bbox 265 1274 380 1335; x_wconf 76' lang='grc' dir='ltr'>υἱὸς</span> <span class='ocrx_word' id='word_1_80' title='bbox 412 1269 468 1334; x_wconf 79' lang='grc' dir='ltr'><strong>ἐξ</strong></span> <span class='ocrx_word' id='word_1_81' title='bbox 498 1267 625 1321; x_wconf 88' lang='grc' dir='ltr'>Υἱοῦ</span> <span class='ocrx_word' id='word_1_82' title='bbox 656 1266 992 1334; x_wconf 80' lang='grc' dir='ltr'>γεγέννηται,</span> <span class='ocrx_word' id='word_1_83' title='bbox 1024 1264 1117 1317; x_wconf 75' lang='grc' dir='ltr'><strong>καὶ</strong></span> <span class='ocrx_word' id='word_1_84' title='bbox 1154 1265 1217 1315; x_wconf 85' lang='grc' dir='ltr'><strong>ὲκ</strong></span> <span class='ocrx_word' id='word_1_85' title='bbox 1244 1262 1430 1315; x_wconf 85' lang='grc' dir='ltr'>τούτου</span> <span class='ocrx_word' id='word_1_86' title='bbox 1468 1262 1625 1316; x_wconf 79' lang='grc' dir='ltr'>πάλιν</span> <span class='ocrx_word' id='word_1_87' title='bbox 1648 1263 1830 1331; x_wconf 75' lang='grc' dir='ltr'>ἕτερος</span> 
     </span>
    </p>
   </div>
   <div class='ocr_carea' id='block_1_14' title="bbox 263 1353 1830 1429">
    <p class='ocr_par' dir='ltr' id='par_1_14' title="bbox 263 1353 1830 1429">
     <span class='ocr_line' id='line_1_14' title="bbox 263 1353 1830 1429; baseline -0.009 -12"><span class='ocrx_word' id='word_1_88' title='bbox 263 1365 329 1417; x_wconf 86' lang='grc' dir='ltr'>ἃν</span> <span class='ocrx_word' id='word_1_89' title='bbox 359 1363 443 1429; x_wconf 82' lang='grc' dir='ltr'><strong>εἴη</strong></span> <span class='ocrx_word' id='word_1_90' title='bbox 474 1357 883 1427; x_wconf 79' lang='grc' dir='ltr'>γεγεννημένος,</span> <span class='ocrx_word' id='word_1_91' title='bbox 925 1356 1018 1408; x_wconf 74' lang='grc' dir='ltr'><strong>καὶ</strong></span> <span class='ocrx_word' id='word_1_92' title='bbox 1045 1356 1204 1407; x_wconf 75' lang='grc' dir='ltr'>πάλιν</span> <span class='ocrx_word' id='word_1_93' title='bbox 1232 1354 1409 1417; x_wconf 84' lang='grc' dir='ltr'>ἄλλος,</span> <span class='ocrx_word' id='word_1_94' title='bbox 1442 1356 1537 1407; x_wconf 80' lang='grc' dir='ltr'><strong>καὶ</strong></span> <span class='ocrx_word' id='word_1_95' title='bbox 1578 1356 1668 1408; x_wconf 68' lang='grc' dir='ltr'><strong>ἐπὶ</strong></span> <span class='ocrx_word' id='word_1_96' title='bbox 1695 1353 1830 1421; x_wconf 79' lang='grc' dir='ltr'><strong>πλῆ-</strong></span> 
     </span>
    </p>
   </div>
   <div class='ocr_carea' id='block_1_15' title="bbox 264 1446 1833 1523">
    <p class='ocr_par' dir='ltr' id='par_1_15' title="bbox 264 1446 1833 1523">
     <span class='ocr_line' id='line_1_15' title="bbox 264 1446 1833 1523; baseline -0.005 -16"><span class='ocrx_word' id='word_1_97' title='bbox 264 1460 355 1517; x_wconf 82' lang='grc' dir='ltr'><strong>θος</strong></span> <span class='ocrx_word' id='word_1_98' title='bbox 383 1453 526 1523; x_wconf 78' lang='grc' dir='ltr'>ἑξῆς.</span> <span class='ocrx_word' id='word_1_99' title='bbox 567 1451 664 1503; x_wconf 81' lang='grc' dir='ltr'><strong>Διά</strong></span> <span class='ocrx_word' id='word_1_100' title='bbox 693 1451 756 1522; x_wconf 83' lang='grc' dir='ltr'>δὴ</span> <span class='ocrx_word' id='word_1_101' title='bbox 802 1450 955 1501; x_wconf 86' lang='grc' dir='ltr'>τοῦτο</span> <span class='ocrx_word' id='word_1_102' title='bbox 1002 1448 1063 1499; x_wconf 83' lang='grc' dir='ltr'><strong>τὸ</strong></span> <span class='ocrx_word' id='word_1_103' title='bbox 1107 1448 1203 1517; x_wconf 86' lang='grc' dir='ltr'><strong>μὲν</strong></span> <span class='ocrx_word' id='word_1_104' title='bbox 1257 1449 1321 1500; x_wconf 83' lang='grc' dir='ltr'>ἐκ</span> <span class='ocrx_word' id='word_1_105' title='bbox 1364 1447 1495 1499; x_wconf 88' lang='grc' dir='ltr'>Θεοῦ</span> <span class='ocrx_word' id='word_1_106' title='bbox 1526 1448 1587 1499; x_wconf 86' lang='grc' dir='ltr'><strong>τὸ</strong></span> <span class='ocrx_word' id='word_1_107' title='bbox 1610 1446 1833 1515; x_wconf 90' lang='grc' dir='ltr'>Πνεῦμα</span> 
     </span>
    </p>
   </div>
   <div class='ocr_carea' id='block_1_16' title="bbox 263 1538 1830 1615">
    <p class='ocr_par' dir='ltr' id='par_1_16' title="bbox 263 1538 1830 1615">
     <span class='ocr_line' id='line_1_16' title="bbox 263 1538 1830 1615; baseline -0.011 -17"><span class='ocrx_word' id='word_1_108' title='bbox 263 1543 403 1598; x_wconf 81' lang='grc' dir='ltr'>εἶναι</span> <span class='ocrx_word' id='word_1_109' title='bbox 446 1543 655 1615; x_wconf 81' lang='grc' dir='ltr'>τρανῶς</span> <span class='ocrx_word' id='word_1_110' title='bbox 696 1540 1027 1612; x_wconf 80' lang='grc' dir='ltr'>ἁνεκὴρυξεν</span> <span class='ocrx_word' id='word_1_111' title='bbox 1070 1539 1099 1590; x_wconf 85' lang='grc' dir='ltr'>ὁ</span> <span class='ocrx_word' id='word_1_112' title='bbox 1138 1539 1474 1601; x_wconf 72' lang='grc' dir='ltr'>Ἀπόστολος,</span> <span class='ocrx_word' id='word_1_113' title='bbox 1500 1538 1697 1605; x_wconf 70' lang='grc' dir='ltr'>λέγων,</span> <span class='ocrx_word' id='word_1_114' title='bbox 1727 1538 1830 1597; x_wconf 74' lang='grc' dir='ltr'>ὅτι,</span> 
     </span>
    </p>
   </div>
   <div class='ocr_carea' id='block_1_17' title="bbox 272 1630 1833 1704">
    <p class='ocr_par' dir='ltr' id='par_1_17' title="bbox 272 1630 1833 1704">
     <span class='ocr_line' id='line_1_17' title="bbox 272 1630 1833 1704; baseline -0.006 -13"><span class='ocrx_word' id='word_1_115' title='bbox 272 1638 344 1691; x_wconf 84' lang='grc' dir='ltr'><strong>Τὸ</strong></span> <span class='ocrx_word' id='word_1_116' title='bbox 399 1637 637 1704; x_wconf 76' lang='grc' dir='ltr'>Πνεῦμα</span> <span class='ocrx_word' id='word_1_117' title='bbox 694 1634 759 1687; x_wconf 84' lang='grc' dir='ltr'>τὸ</span> <span class='ocrx_word' id='word_1_118' title='bbox 814 1635 883 1686; x_wconf 72' lang='grc' dir='ltr'><em>ἐκ</em></span> <span class='ocrx_word' id='word_1_119' title='bbox 934 1632 1037 1686; x_wconf 86' lang='grc' dir='ltr'><strong>τοῦ</strong></span> <span class='ocrx_word' id='word_1_120' title='bbox 1082 1631 1228 1684; x_wconf 84' lang='grc' dir='ltr'>Θεοῦ</span> <span class='ocrx_word' id='word_1_121' title='bbox 1282 1631 1590 1698; x_wconf 73' lang='grc' dir='ltr'>ἐλάϐομεν.</span> <span class='ocrx_word' id='word_1_122' title='bbox 1635 1630 1743 1682; x_wconf 75' lang='grc' dir='ltr'><strong>Καὶ</strong></span> <span class='ocrx_word' id='word_1_123' title='bbox 1773 1630 1833 1682; x_wconf 74' lang='grc' dir='ltr'>τὸ</span> 
     </span>
    </p>
   </div>
   <div class='ocr_carea' id='block_1_18' title="bbox 264 1720 1831 1797">
    <p class='ocr_par' dir='ltr' id='par_1_18' title="bbox 264 1720 1831 1797">
     <span class='ocr_line' id='line_1_18' title="bbox 264 1720 1831 1797; baseline -0.006 -15"><span class='ocrx_word' id='word_1_124' title='bbox 264 1730 353 1782; x_wconf 71' lang='grc' dir='ltr'>διὰ</span> <span class='ocrx_word' id='word_1_125' title='bbox 404 1728 534 1781; x_wconf 86' lang='grc' dir='ltr'>Υἰοῦ</span> <span class='ocrx_word' id='word_1_126' title='bbox 587 1726 885 1797; x_wconf 71' lang='grc' dir='ltr'>πεφηνέναι</span> <span class='ocrx_word' id='word_1_127' title='bbox 947 1723 1114 1791; x_wconf 79' lang='grc' dir='ltr'>σαφὲς</span> <span class='ocrx_word' id='word_1_128' title='bbox 1164 1723 1456 1791; x_wconf 86' lang='grc' dir='ltr'>πεποίηκεν</span> <span class='ocrx_word' id='word_1_129' title='bbox 1500 1720 1645 1789; x_wconf 70' lang='grc'>(54),</span> <span class='ocrx_word' id='word_1_130' title='bbox 1707 1721 1831 1773; x_wconf 85' lang='grc' dir='ltr'>Υἱοῦ</span> 
     </span>
    </p>
   </div>
   <div class='ocr_carea' id='block_1_19' title="bbox 266 1811 1835 1891">
    <p class='ocr_par' dir='ltr' id='par_1_19' title="bbox 266 1811 1835 1891">
     <span class='ocr_line' id='line_1_19' title="bbox 266 1811 1835 1891; baseline -0.006 -18"><span class='ocrx_word' id='word_1_131' title='bbox 266 1820 489 1891; x_wconf 82' lang='grc' dir='ltr'>Πνεῦμα</span> <span class='ocrx_word' id='word_1_132' title='bbox 530 1821 795 1889; x_wconf 78' lang='grc' dir='ltr'>ὀνομάσας</span> <span class='ocrx_word' id='word_1_133' title='bbox 822 1816 952 1870; x_wconf 75' lang='grc' dir='ltr'>αὐτὸ</span> <span class='ocrx_word' id='word_1_134' title='bbox 978 1815 1221 1884; x_wconf 81' lang='grc' dir='ltr'>καθάπερ</span> <span class='ocrx_word' id='word_1_135' title='bbox 1251 1812 1406 1873; x_wconf 80' lang='grc' dir='ltr'>Θεοῦ,</span> <span class='ocrx_word' id='word_1_136' title='bbox 1437 1814 1529 1865; x_wconf 74' lang='grc' dir='ltr'><strong>καὶ</strong></span> <span class='ocrx_word' id='word_1_137' title='bbox 1560 1811 1681 1864; x_wconf 92' lang='grc' dir='ltr'>νοῦν</span> <span class='ocrx_word' id='word_1_138' title='bbox 1705 1812 1835 1880; x_wconf 72' lang='grc' dir='ltr'>Χρι-</span> 
     </span>
    </p>
   </div>
   <div class='ocr_carea' id='block_1_20' title="bbox 1930 617 3483 688">
    <p class='ocr_par' dir='ltr' id='par_1_20' title="bbox 1930 617 3483 688">
     <span class='ocr_line' id='line_1_20' title="bbox 1930 617 3483 688; baseline -0.002 -15"><span class='ocrx_word' id='word_1_139' title='bbox 1930 622 2015 684; x_wconf 89' lang='lat' dir='ltr'><strong>iis,</strong></span> <span class='ocrx_word' id='word_1_140' title='bbox 2061 634 2197 688; x_wconf 91' lang='lat' dir='ltr'><strong>quos</strong></span> <span class='ocrx_word' id='word_1_141' title='bbox 2256 619 2398 671; x_wconf 91' lang='lat' dir='ltr'><strong>dono</strong></span> <span class='ocrx_word' id='word_1_142' title='bbox 2430 632 2526 684; x_wconf 90' lang='lat' dir='ltr'><strong>pro</strong></span> <span class='ocrx_word' id='word_1_143' title='bbox 2568 617 2689 671; x_wconf 90' lang='lat' dir='ltr'><strong>liliis</strong></span> <span class='ocrx_word' id='word_1_144' title='bbox 2726 620 2963 686; x_wconf 84' lang='lat' dir='ltr'><strong>adoptat,</strong></span> <span class='ocrx_word' id='word_1_145' title='bbox 3005 620 3345 686; x_wconf 66' lang='lat' dir='ltr'><strong>praestantior</strong></span> <span class='ocrx_word' id='word_1_146' title='bbox 3391 619 3483 681; x_wconf 88' lang='lat' dir='ltr'><strong>sit,</strong></span> 
     </span>
    </p>
   </div>
   <div class='ocr_carea' id='block_1_21' title="bbox 1932 706 3488 777">
    <p class='ocr_par' dir='ltr' id='par_1_21' title="bbox 1932 706 3488 777">
     <span class='ocr_line' id='line_1_21' title="bbox 1932 706 3488 777; baseline -0.001 -16"><span class='ocrx_word' id='word_1_147' title='bbox 1932 709 2157 775; x_wconf 84' lang='lat' dir='ltr'><strong>ideoque</strong></span> <span class='ocrx_word' id='word_1_148' title='bbox 2184 709 2359 777; x_wconf 91' lang='lat' dir='ltr'><strong>potius</strong></span> <span class='ocrx_word' id='word_1_149' title='bbox 2390 724 2494 761; x_wconf 90' lang='lat' dir='ltr'><strong>non</strong></span> <span class='ocrx_word' id='word_1_150' title='bbox 2524 709 2715 761; x_wconf 80' lang='lat' dir='ltr'><strong>debeat</strong></span> <span class='ocrx_word' id='word_1_151' title='bbox 2746 723 2839 777; x_wconf 89' lang='lat' dir='ltr'><strong>per</strong></span> <span class='ocrx_word' id='word_1_152' title='bbox 2871 706 3277 777; x_wconf 78' lang='lat' dir='ltr'><strong>appellationem</strong></span> <span class='ocrx_word' id='word_1_153' title='bbox 3311 708 3488 761; x_wconf 87' lang='lat' dir='ltr'><strong>immi-</strong></span> 
     </span>
    </p>
   </div>
   <div class='ocr_carea' id='block_1_22' title="bbox 1932 799 3488 868">
    <p class='ocr_par' dir='ltr' id='par_1_22' title="bbox 1932 799 3488 868">
     <span class='ocr_line' id='line_1_22' title="bbox 1932 799 3488 868; baseline 0.001 -15"><span class='ocrx_word' id='word_1_154' title='bbox 1932 800 2063 853; x_wconf 85' lang='lat' dir='ltr'><strong>nui?</strong></span> <span class='ocrx_word' id='word_1_155' title='bbox 2092 799 2199 853; x_wconf 79' lang='lat' dir='ltr'><strong>Nos</strong></span> <span class='ocrx_word' id='word_1_156' title='bbox 2232 813 2390 866; x_wconf 90' lang='lat' dir='ltr'><strong>porro</strong></span> <span class='ocrx_word' id='word_1_157' title='bbox 2412 800 2575 851; x_wconf 89' lang='lat' dir='ltr'><strong>etiam</strong></span> <span class='ocrx_word' id='word_1_158' title='bbox 2614 801 2678 852; x_wconf 91' lang='lat' dir='ltr'><strong>de</strong></span> <span class='ocrx_word' id='word_1_159' title='bbox 2703 800 2803 852; x_wconf 91' lang='lat' dir='ltr'><strong>hoc</strong></span> <span class='ocrx_word' id='word_1_160' title='bbox 2845 802 2999 854; x_wconf 89' lang='lat' dir='ltr'><strong>nobis</strong></span> <span class='ocrx_word' id='word_1_161' title='bbox 3041 801 3169 868; x_wconf 88' lang='lat' dir='ltr'><strong>ipsis</strong></span> <span class='ocrx_word' id='word_1_162' title='bbox 3220 815 3317 868; x_wconf 93' lang='lat' dir='ltr'><strong>pro</strong></span> <span class='ocrx_word' id='word_1_163' title='bbox 3347 800 3488 854; x_wconf 86' lang='lat' dir='ltr'><strong>virili</strong></span> 
     </span>
    </p>
   </div>
   <div class='ocr_carea' id='block_1_23' title="bbox 1934 888 3489 967">
    <p class='ocr_par' dir='ltr' id='par_1_23' title="bbox 1934 888 3489 967">
     <span class='ocr_line' id='line_1_23' title="bbox 1934 888 3489 967; baseline 0.001 -23"><span class='ocrx_word' id='word_1_164' title='bbox 1934 890 2391 957; x_wconf 89' lang='lat' dir='ltr'><strong>respondebimus.</strong></span> <span class='ocrx_word' id='word_1_165' title='bbox 2422 888 2553 941; x_wconf 80' lang='lat' dir='ltr'><strong>Nam</strong></span> <span class='ocrx_word' id='word_1_166' title='bbox 2582 892 2722 958; x_wconf 89' lang='lat' dir='ltr'><strong>quod</strong></span> <span class='ocrx_word' id='word_1_167' title='bbox 2750 892 2814 944; x_wconf 89' lang='lat' dir='ltr'><strong>ad</strong></span> <span class='ocrx_word' id='word_1_168' title='bbox 2844 901 2894 944; x_wconf 89' lang='lat' dir='ltr'><strong>te</strong></span> <span class='ocrx_word' id='word_1_169' title='bbox 2925 893 3136 956; x_wconf 82' lang='lat' dir='ltr'><strong>attinet,</strong></span> <span class='ocrx_word' id='word_1_170' title='bbox 3172 906 3292 944; x_wconf 91' lang='lat' dir='ltr'><strong>cum</strong></span> <span class='ocrx_word' id='word_1_171' title='bbox 3322 891 3489 967; x_wconf 77' lang='lat' dir='ltr'><strong>inter-</strong></span> 
     </span>
    </p>
   </div>
   <div class='ocr_carea' id='block_1_24' title="bbox 1936 982 3493 1052">
    <p class='ocr_par' dir='ltr' id='par_1_24' title="bbox 1936 982 3493 1052">
     <span class='ocr_line' id='line_1_24' title="bbox 1936 982 3493 1052; baseline 0 -16"><span class='ocrx_word' id='word_1_172' title='bbox 1936 983 2139 1052; x_wconf 81' lang='lat' dir='ltr'><strong>rogatio</strong></span> <span class='ocrx_word' id='word_1_173' title='bbox 2167 982 2354 1035; x_wconf 87' lang='lat' dir='ltr'><strong>eadem</strong></span> <span class='ocrx_word' id='word_1_174' title='bbox 2396 982 2487 1034; x_wconf 89' lang='lat' dir='ltr'><strong>tibi</strong></span> <span class='ocrx_word' id='word_1_175' title='bbox 2516 982 2679 1034; x_wconf 89' lang='lat' dir='ltr'><strong>etiam</strong></span> <span class='ocrx_word' id='word_1_176' title='bbox 2710 982 3004 1046; x_wconf 87' lang='lat' dir='ltr'><strong>incumbat,</strong></span> <span class='ocrx_word' id='word_1_177' title='bbox 3049 982 3208 1036; x_wconf 90' lang='lat' dir='ltr'><strong>silere</strong></span> <span class='ocrx_word' id='word_1_178' title='bbox 3240 986 3370 1036; x_wconf 84' lang='lat' dir='ltr'><strong>satis</strong></span> <span class='ocrx_word' id='word_1_179' title='bbox 3402 997 3493 1036; x_wconf 82' lang='lat' dir='ltr'><strong>es-</strong></span> 
     </span>
    </p>
   </div>
   <div class='ocr_carea' id='block_1_25' title="bbox 1934 1072 3483 1142">
    <p class='ocr_par' dir='ltr' id='par_1_25' title="bbox 1934 1072 3483 1142">
     <span class='ocr_line' id='line_1_25' title="bbox 1934 1072 3483 1142; baseline 0.001 -17"><span class='ocrx_word' id='word_1_180' title='bbox 1934 1088 2033 1126; x_wconf 79' lang='lat' dir='ltr'><strong>set.</strong></span> <span class='ocrx_word' id='word_1_181' title='bbox 2066 1073 2300 1125; x_wconf 86' lang='lat' dir='ltr'><strong>Dicimus</strong></span> <span class='ocrx_word' id='word_1_182' title='bbox 2326 1086 2473 1139; x_wconf 84' lang='lat' dir='ltr'><strong>ergo,</strong></span> <span class='ocrx_word' id='word_1_183' title='bbox 2502 1075 2645 1141; x_wconf 89' lang='lat' dir='ltr'><strong>quod</strong></span> <span class='ocrx_word' id='word_1_184' title='bbox 2696 1072 2739 1126; x_wconf 90' lang='lat' dir='ltr'><strong>si</strong></span> <span class='ocrx_word' id='word_1_185' title='bbox 2788 1074 2910 1142; x_wconf 85' lang='lat' dir='ltr'><strong>quis</strong></span> <span class='ocrx_word' id='word_1_186' title='bbox 2941 1074 3162 1127; x_wconf 78' lang='lat' dir='ltr'><strong>dixisset</strong></span> <span class='ocrx_word' id='word_1_187' title='bbox 3201 1073 3364 1126; x_wconf 86' lang='lat' dir='ltr'><strong>lilium</strong></span> <span class='ocrx_word' id='word_1_188' title='bbox 3417 1088 3483 1127; x_wconf 80' lang='lat' dir='ltr'><strong>ex</strong></span> 
     </span>
    </p>
   </div>
   <div class='ocr_carea' id='block_1_26' title="bbox 1935 1162 3491 1235">
    <p class='ocr_par' dir='ltr' id='par_1_26' title="bbox 1935 1162 3491 1235">
     <span class='ocr_line' id='line_1_26' title="bbox 1935 1162 3491 1235; baseline -0.001 -16"><span class='ocrx_word' id='word_1_189' title='bbox 1935 1164 2096 1227; x_wconf 87' lang='lat' dir='ltr'><strong>Filio,</strong></span> <span class='ocrx_word' id='word_1_190' title='bbox 2130 1162 2450 1218; x_wconf 83' lang='lat' dir='ltr'><strong>Trinitatem</strong></span> <span class='ocrx_word' id='word_1_191' title='bbox 2477 1164 2693 1217; x_wconf 87' lang='lat' dir='ltr'><strong>deitatis</strong></span> <span class='ocrx_word' id='word_1_192' title='bbox 2733 1164 2785 1217; x_wconf 90' lang='lat' dir='ltr'><strong>in</strong></span> <span class='ocrx_word' id='word_1_193' title='bbox 2827 1166 3183 1219; x_wconf 84' lang='lat' dir='ltr'><strong>multitudinis</strong></span> <span class='ocrx_word' id='word_1_194' title='bbox 3222 1166 3491 1235; x_wconf 90' lang='lat' dir='ltr'><strong>suspicio-</strong></span> 
     </span>
    </p>
   </div>
   <div class='ocr_carea' id='block_1_27' title="bbox 1938 1255 3491 1325">
    <p class='ocr_par' dir='ltr' id='par_1_27' title="bbox 1938 1255 3491 1325">
     <span class='ocr_line' id='line_1_27' title="bbox 1938 1255 3491 1325; baseline 0 -15"><span class='ocrx_word' id='word_1_195' title='bbox 1938 1272 2057 1310; x_wconf 89' lang='lat' dir='ltr'><strong>nem</strong></span> <span class='ocrx_word' id='word_1_196' title='bbox 2082 1256 2218 1325; x_wconf 91' lang='lat' dir='ltr'><strong>apud</strong></span> <span class='ocrx_word' id='word_1_197' title='bbox 2244 1255 2487 1309; x_wconf 88' lang='lat' dir='ltr'><strong>homines</strong></span> <span class='ocrx_word' id='word_1_198' title='bbox 2505 1256 2590 1324; x_wconf 91' lang='lat' dir='ltr'><strong>qui</strong></span> <span class='ocrx_word' id='word_1_199' title='bbox 2619 1257 2719 1309; x_wconf 91' lang='lat' dir='ltr'><strong>hoc</strong></span> <span class='ocrx_word' id='word_1_200' title='bbox 2740 1257 3071 1311; x_wconf 73' lang='lat' dir='ltr'><strong>audivissent</strong></span> <span class='ocrx_word' id='word_1_201' title='bbox 3097 1298 3111 1323; x_wconf 87' lang='lat'><strong>,</strong></span> <span class='ocrx_word' id='word_1_202' title='bbox 3160 1257 3491 1311; x_wconf 81' lang='lat' dir='ltr'><strong>adduxisset.</strong></span> 
     </span>
    </p>
   </div>
   <div class='ocr_carea' id='block_1_28' title="bbox 1941 1347 3494 1416">
    <p class='ocr_par' dir='ltr' id='par_1_28' title="bbox 1941 1347 3494 1416">
     <span class='ocr_line' id='line_1_28' title="bbox 1941 1347 3494 1416; baseline 0.001 -15"><span class='ocrx_word' id='word_1_203' title='bbox 1941 1349 2249 1416; x_wconf 88' lang='lat' dir='ltr'><strong>Promptum</strong></span> <span class='ocrx_word' id='word_1_204' title='bbox 2281 1363 2510 1416; x_wconf 82' lang='lat' dir='ltr'><strong>namque</strong></span> <span class='ocrx_word' id='word_1_205' title='bbox 2557 1357 2672 1401; x_wconf 92' lang='lat' dir='ltr'><strong>erat</strong></span> <span class='ocrx_word' id='word_1_206' title='bbox 2702 1347 2988 1415; x_wconf 86' lang='lat' dir='ltr'><strong>suspicari,</strong></span> <span class='ocrx_word' id='word_1_207' title='bbox 3019 1350 3062 1402; x_wconf 91' lang='lat' dir='ltr'><strong>si</strong></span> <span class='ocrx_word' id='word_1_208' title='bbox 3096 1350 3237 1403; x_wconf 89' lang='lat' dir='ltr'><strong>lilius</strong></span> <span class='ocrx_word' id='word_1_209' title='bbox 3268 1364 3333 1402; x_wconf 78' lang='lat' dir='ltr'><strong>ex</strong></span> <span class='ocrx_word' id='word_1_210' title='bbox 3357 1349 3494 1402; x_wconf 83' lang='lat' dir='ltr'><strong>Filio</strong></span> 
     </span>
    </p>
   </div>
   <div class='ocr_carea' id='block_1_29' title="bbox 1940 1440 3498 1511">
    <p class='ocr_par' dir='ltr' id='par_1_29' title="bbox 1940 1440 3498 1511">
     <span class='ocr_line' id='line_1_29' title="bbox 1940 1440 3498 1511; baseline -0.001 -17"><span class='ocrx_word' id='word_1_211' title='bbox 1940 1442 2148 1511; x_wconf 82' lang='lat' dir='ltr'><strong>genitus</strong></span> <span class='ocrx_word' id='word_1_212' title='bbox 2182 1440 2392 1505; x_wconf 82' lang='lat' dir='ltr'><strong>fuisset,</strong></span> <span class='ocrx_word' id='word_1_213' title='bbox 2433 1440 2591 1494; x_wconf 89' lang='lat' dir='ltr'><strong>etiam</strong></span> <span class='ocrx_word' id='word_1_214' title='bbox 2622 1454 2684 1493; x_wconf 81' lang='lat' dir='ltr'><strong>ex</strong></span> <span class='ocrx_word' id='word_1_215' title='bbox 2723 1441 2822 1493; x_wconf 87' lang='lat' dir='ltr'><strong>hoc</strong></span> <span class='ocrx_word' id='word_1_216' title='bbox 2855 1440 3016 1493; x_wconf 90' lang='lat' dir='ltr'><strong>alium</strong></span> <span class='ocrx_word' id='word_1_217' title='bbox 3050 1456 3239 1494; x_wconf 85' lang='lat' dir='ltr'><strong>rursus</strong></span> <span class='ocrx_word' id='word_1_218' title='bbox 3261 1441 3498 1510; x_wconf 78' lang='lat' dir='ltr'><strong>genitum</strong></span> 
     </span>
    </p>
   </div>
   <div class='ocr_carea' id='block_1_30' title="bbox 1939 1530 3498 1599">
    <p class='ocr_par' dir='ltr' id='par_1_30' title="bbox 1939 1530 3498 1599">
     <span class='ocr_line' id='line_1_30' title="bbox 1939 1530 3498 1599; baseline -0.001 -14"><span class='ocrx_word' id='word_1_219' title='bbox 1939 1532 2124 1594; x_wconf 79' lang='lat' dir='ltr'><strong>fuisse,</strong></span> <span class='ocrx_word' id='word_1_220' title='bbox 2156 1542 2208 1585; x_wconf 92' lang='lat' dir='ltr'><strong>et</strong></span> <span class='ocrx_word' id='word_1_221' title='bbox 2238 1547 2424 1584; x_wconf 83' lang='lat' dir='ltr'><strong>rursus</strong></span> <span class='ocrx_word' id='word_1_222' title='bbox 2455 1531 2640 1595; x_wconf 85' lang='lat' dir='ltr'><strong>altum,</strong></span> <span class='ocrx_word' id='word_1_223' title='bbox 2669 1540 2719 1583; x_wconf 88' lang='lat' dir='ltr'><strong>et</strong></span> <span class='ocrx_word' id='word_1_224' title='bbox 2749 1531 2827 1583; x_wconf 88' lang='lat' dir='ltr'><strong>sic</strong></span> <span class='ocrx_word' id='word_1_225' title='bbox 2855 1541 3039 1599; x_wconf 87' lang='lat' dir='ltr'><strong>postea</strong></span> <span class='ocrx_word' id='word_1_226' title='bbox 3079 1530 3222 1585; x_wconf 80' lang='lat' dir='ltr'><strong>facto</strong></span> <span class='ocrx_word' id='word_1_227' title='bbox 3254 1532 3323 1586; x_wconf 91' lang='lat' dir='ltr'><strong>ad</strong></span> <span class='ocrx_word' id='word_1_228' title='bbox 3360 1532 3498 1585; x_wconf 87' lang='lat' dir='ltr'><strong>mul-</strong></span> 
     </span>
    </p>
   </div>
   <div class='ocr_carea' id='block_1_31' title="bbox 1944 1625 3498 1695">
    <p class='ocr_par' dir='ltr' id='par_1_31' title="bbox 1944 1625 3498 1695">
     <span class='ocr_line' id='line_1_31' title="bbox 1944 1625 3498 1695; baseline 0.001 -18"><span class='ocrx_word' id='word_1_229' title='bbox 1944 1626 2219 1678; x_wconf 88' lang='lat' dir='ltr'><strong>titudinem</strong></span> <span class='ocrx_word' id='word_1_230' title='bbox 2257 1640 2563 1691; x_wconf 69' lang='lat' dir='ltr'><strong>progressu.</strong></span> <span class='ocrx_word' id='word_1_231' title='bbox 2588 1625 2731 1677; x_wconf 90' lang='lat' dir='ltr'><strong>Sane</strong></span> <span class='ocrx_word' id='word_1_232' title='bbox 2756 1638 2871 1677; x_wconf 88' lang='lat' dir='ltr'><strong>eam</strong></span> <span class='ocrx_word' id='word_1_233' title='bbox 2900 1625 2969 1677; x_wconf 91' lang='lat' dir='ltr'><strong>ob</strong></span> <span class='ocrx_word' id='word_1_234' title='bbox 3000 1640 3216 1679; x_wconf 89' lang='lat' dir='ltr'><strong>causam</strong></span> <span class='ocrx_word' id='word_1_235' title='bbox 3241 1626 3498 1695; x_wconf 90' lang='lat' dir='ltr'><strong>Spiritum</strong></span> 
     </span>
    </p>
   </div>
   <div class='ocr_carea' id='block_1_32' title="bbox 1940 1716 3500 1785">
    <p class='ocr_par' dir='ltr' id='par_1_32' title="bbox 1940 1716 3500 1785">
     <span class='ocr_line' id='line_1_32' title="bbox 1940 1716 3500 1785; baseline -0.001 -15"><span class='ocrx_word' id='word_1_236' title='bbox 1940 1732 2003 1770; x_wconf 78' lang='lat' dir='ltr'><strong>ex</strong></span> <span class='ocrx_word' id='word_1_237' title='bbox 2046 1716 2152 1768; x_wconf 89' lang='lat' dir='ltr'><strong>Deo</strong></span> <span class='ocrx_word' id='word_1_238' title='bbox 2186 1730 2305 1769; x_wconf 76' lang='lat' dir='ltr'><strong>esse</strong></span> <span class='ocrx_word' id='word_1_239' title='bbox 2334 1716 2645 1785; x_wconf 82' lang='lat' dir='ltr'><strong>praedicavit</strong></span> <span class='ocrx_word' id='word_1_240' title='bbox 2698 1724 2879 1785; x_wconf 90' lang='lat' dir='ltr'><strong>aperte</strong></span> <span class='ocrx_word' id='word_1_241' title='bbox 2924 1716 3231 1783; x_wconf 83' lang='lat' dir='ltr'><strong>Apostolus,</strong></span> <span class='ocrx_word' id='word_1_242' title='bbox 3264 1718 3388 1769; x_wconf 87' lang='lat' dir='ltr'><strong>dum</strong></span> <span class='ocrx_word' id='word_1_243' title='bbox 3420 1716 3500 1769; x_wconf 86' lang='lat' dir='ltr'><strong>di-</strong></span> 
     </span>
    </p>
   </div>
   <div class='ocr_carea' id='block_1_33' title="bbox 1941 1803 3501 1874">
    <p class='ocr_par' dir='ltr' id='par_1_33' title="bbox 1941 1803 3501 1874">
     <span class='ocr_line' id='line_1_33' title="bbox 1941 1803 3501 1874; baseline 0.001 -15"><span class='ocrx_word' id='word_1_244' title='bbox 1941 1806 2048 1859; x_wconf 90' lang='lat' dir='ltr'><strong>cit:</strong></span> <span class='ocrx_word' id='word_1_245' title='bbox 2084 1805 2339 1873; x_wconf 86' lang='lat' dir='ltr'><strong>Spiritum</strong></span> <span class='ocrx_word' id='word_1_246' title='bbox 2375 1806 2461 1873; x_wconf 89' lang='lat' dir='ltr'><strong>qui</strong></span> <span class='ocrx_word' id='word_1_247' title='bbox 2489 1821 2552 1858; x_wconf 77' lang='lat' dir='ltr'><strong>ex</strong></span> <span class='ocrx_word' id='word_1_248' title='bbox 2583 1803 2692 1857; x_wconf 83' lang='lat' dir='ltr'><strong>Deo</strong></span> <span class='ocrx_word' id='word_1_249' title='bbox 2715 1815 2812 1867; x_wconf 86' lang='lat' dir='ltr'><strong>est,</strong></span> <span class='ocrx_word' id='word_1_250' title='bbox 2851 1808 3143 1874; x_wconf 83' lang='lat' dir='ltr'><strong>occepimus</strong></span> <span class='ocrx_word' id='word_1_251' title='bbox 3177 1808 3243 1860; x_wconf 81' lang='grc' dir='ltr'>⁸ο.</span> <span class='ocrx_word' id='word_1_252' title='bbox 3282 1808 3418 1873; x_wconf 86' lang='lat' dir='ltr'><strong>Quin</strong></span> <span class='ocrx_word' id='word_1_253' title='bbox 3448 1816 3501 1862; x_wconf 84' lang='lat' dir='ltr'><strong>et</strong></span> 
     </span>
    </p>
   </div>
   <div class='ocr_carea' id='block_1_34' title="bbox 268 1887 1838 1983">
    <p class='ocr_par' dir='ltr' id='par_1_34' title="bbox 268 1902 1838 1983">
     <span class='ocr_line' id='line_1_34' title="bbox 268 1902 1838 1983; baseline -0.008 -16"><span class='ocrx_word' id='word_1_254' title='bbox 268 1913 397 1966; x_wconf 86' lang='grc' dir='ltr'>στοῦ</span> <span class='ocrx_word' id='word_1_255' title='bbox 438 1910 764 1983; x_wconf 82' lang='grc' dir='ltr'>προσειπὼν,</span> <span class='ocrx_word' id='word_1_256' title='bbox 802 1908 1048 1977; x_wconf 87' lang='grc' dir='ltr'>καθάπερ</span> <span class='ocrx_word' id='word_1_257' title='bbox 1077 1908 1171 1960; x_wconf 71' lang='grc' dir='ltr'><strong>καὶ</strong></span> <span class='ocrx_word' id='word_1_258' title='bbox 1194 1904 1327 1958; x_wconf 88' lang='grc' dir='ltr'>Θεοῦ</span> <span class='ocrx_word' id='word_1_259' title='bbox 1360 1903 1599 1973; x_wconf 82' lang='grc' dir='ltr'>Πνεῦμα,</span> <span class='ocrx_word' id='word_1_260' title='bbox 1638 1902 1712 1965; x_wconf 83' lang='grc' dir='ltr'>ὡς</span> <span class='ocrx_word' id='word_1_261' title='bbox 1746 1902 1838 1954; x_wconf 87' lang='grc' dir='ltr'><strong>τοῦ</strong></span> 
     </span>
    </p>
   </div>
   <div class='ocr_carea' id='block_1_35' title="bbox 1941 1887 3500 1983">
    <p class='ocr_par' dir='ltr' id='par_1_35' title="bbox 1942 1896 3500 1971">
     <span class='ocr_line' id='line_1_35' title="bbox 1942 1896 3500 1971; baseline 0.002 -20"><span class='ocrx_word' id='word_1_262' title='bbox 1942 1898 2083 1952; x_wconf 87' lang='lat' dir='ltr'><strong>clare</strong></span> <span class='ocrx_word' id='word_1_263' title='bbox 2096 1898 2326 1950; x_wconf 86' lang='lat' dir='ltr'><strong>ostendit</strong></span> <span class='ocrx_word' id='word_1_264' title='bbox 2346 1896 2608 1951; x_wconf 79' lang='lat' dir='ltr'><strong>eﬂ&#39;ulsisse</strong></span> <span class='ocrx_word' id='word_1_265' title='bbox 2622 1913 2741 1950; x_wconf 89' lang='lat' dir='ltr'><strong>eum</strong></span> <span class='ocrx_word' id='word_1_266' title='bbox 2767 1915 2860 1965; x_wconf 75' lang='lat' dir='ltr'><strong>per</strong></span> <span class='ocrx_word' id='word_1_267' title='bbox 2882 1899 3071 1952; x_wconf 85' lang='lat' dir='ltr'><strong>Filium</strong></span> <span class='ocrx_word' id='word_1_268' title='bbox 3094 1916 3107 1950; x_wconf 91' lang='lat'>:</span> <span class='ocrx_word' id='word_1_269' title='bbox 3126 1900 3319 1967; x_wconf 90' lang='lat' dir='ltr'><strong>quippe</strong></span> <span class='ocrx_word' id='word_1_270' title='bbox 3336 1901 3500 1971; x_wconf 76' lang='lat'><strong>303</strong></span> 
     </span>
    </p>
   </div>
   <div class='ocr_carea' id='block_1_36' title="bbox 266 1994 1838 2078">
    <p class='ocr_par' dir='ltr' id='par_1_36' title="bbox 266 1994 1838 2078">
     <span class='ocr_line' id='line_1_36' title="bbox 266 1994 1838 2078; baseline -0.006 -21"><span class='ocrx_word' id='word_1_271' title='bbox 266 2002 555 2078; x_wconf 76' lang='grc' dir='ltr'>ἀνθρώπου</span> <span class='ocrx_word' id='word_1_272' title='bbox 593 2001 723 2072; x_wconf 78' lang='grc'>(55).</span> <span class='ocrx_word' id='word_1_273' title='bbox 760 2000 884 2051; x_wconf 84' lang='grc' dir='ltr'>Υἱὺν</span> <span class='ocrx_word' id='word_1_274' title='bbox 914 1999 970 2051; x_wconf 80' lang='grc' dir='ltr'>δὲ</span> <span class='ocrx_word' id='word_1_275' title='bbox 1009 1998 1101 2051; x_wconf 85' lang='grc' dir='ltr'><strong>τοῦ</strong></span> <span class='ocrx_word' id='word_1_276' title='bbox 1138 1996 1268 2050; x_wconf 88' lang='grc' dir='ltr'>Υἱοῦ</span> <span class='ocrx_word' id='word_1_277' title='bbox 1300 1999 1610 2069; x_wconf 86' lang='grc' dir='ltr'>προσειπεῖν</span> <span class='ocrx_word' id='word_1_278' title='bbox 1640 1994 1838 2063; x_wconf 75' lang='grc' dir='ltr'><strong>ἐφυλά-</strong></span> 
     </span>
    </p>
   </div>
   <div class='ocr_carea' id='block_1_37' title="bbox 268 2089 1842 2163">
    <p class='ocr_par' dir='ltr' id='par_1_37' title="bbox 268 2089 1842 2163">
     <span class='ocr_line' id='line_1_37' title="bbox 268 2089 1842 2163; baseline -0.005 -13"><span class='ocrx_word' id='word_1_279' title='bbox 268 2097 418 2161; x_wconf 75' lang='grc' dir='ltr'>ξατο,</span> <span class='ocrx_word' id='word_1_280' title='bbox 457 2098 524 2147; x_wconf 85' lang='grc' dir='ltr'><strong>ἶν’</strong></span> <span class='ocrx_word' id='word_1_281' title='bbox 555 2089 634 2157; x_wconf 75' lang='grc' dir='ltr'>εἷς</span> <span class='ocrx_word' id='word_1_282' title='bbox 675 2093 772 2162; x_wconf 83' lang='grc' dir='ltr'><strong>μὲν</strong></span> <span class='ocrx_word' id='word_1_283' title='bbox 810 2091 996 2163; x_wconf 83' lang='grc' dir='ltr'>Πατὴρ</span> <span class='ocrx_word' id='word_1_284' title='bbox 1030 2095 1057 2145; x_wconf 91' lang='grc' dir='ltr'>ὁ</span> <span class='ocrx_word' id='word_1_285' title='bbox 1104 2092 1269 2155; x_wconf 67' lang='grc' dir='ltr'>Θεὸς,</span> <span class='ocrx_word' id='word_1_286' title='bbox 1307 2091 1394 2143; x_wconf 80' lang='grc' dir='ltr'><strong>ἀεὶ</strong></span> <span class='ocrx_word' id='word_1_287' title='bbox 1426 2090 1615 2159; x_wconf 79' lang='grc' dir='ltr'>Πατὴρ</span> <span class='ocrx_word' id='word_1_288' title='bbox 1655 2090 1842 2159; x_wconf 84' lang='grc' dir='ltr'>διαμέ-</span> 
     </span>
    </p>
   </div>
   <div class='ocr_carea' id='block_1_38' title="bbox 266 2174 1842 2247">
    <p class='ocr_par' dir='ltr' id='par_1_38' title="bbox 266 2174 1842 2247">
     <span class='ocr_line' id='line_1_38' title="bbox 266 2174 1842 2247; baseline -0.003 -12"><span class='ocrx_word' id='word_1_289' title='bbox 266 2202 395 2246; x_wconf 88' lang='grc' dir='ltr'>νων,</span> <span class='ocrx_word' id='word_1_290' title='bbox 435 2183 526 2235; x_wconf 61' lang='lat' dir='ltr'><strong>acati.</strong></span> <span class='ocrx_word' id='word_1_291' title='bbox 550 2179 622 2232; x_wconf 86' lang='grc' dir='ltr'>ὢν</span> <span class='ocrx_word' id='word_1_292' title='bbox 656 2181 834 2244; x_wconf 80' lang='grc' dir='ltr'>ἀῖδίως</span> <span class='ocrx_word' id='word_1_293' title='bbox 882 2182 909 2233; x_wconf 85' lang='grc' dir='ltr'>ὃ</span> <span class='ocrx_word' id='word_1_294' title='bbox 944 2183 1110 2243; x_wconf 77' lang='grc' dir='ltr'>ἐστιν,</span> <span class='ocrx_word' id='word_1_295' title='bbox 1140 2174 1220 2243; x_wconf 77' lang='grc' dir='ltr'>εἷς</span> <span class='ocrx_word' id='word_1_296' title='bbox 1265 2180 1321 2232; x_wconf 84' lang='grc' dir='ltr'><strong>δὲ</strong></span> <span class='ocrx_word' id='word_1_297' title='bbox 1360 2180 1507 2241; x_wconf 81' lang='grc' dir='ltr'>Υἱὸς,</span> <span class='ocrx_word' id='word_1_298' title='bbox 1541 2179 1693 2247; x_wconf 83' lang='grc' dir='ltr'>ἀϊδίῳ</span> <span class='ocrx_word' id='word_1_299' title='bbox 1720 2195 1842 2246; x_wconf 88' lang='grc' dir='ltr'>γεν-</span> 
     </span>
    </p>
   </div>
   <div class='ocr_carea' id='block_1_39' title="bbox 266 2269 1843 2346">
    <p class='ocr_par' dir='ltr' id='par_1_39' title="bbox 266 2269 1843 2346">
     <span class='ocr_line' id='line_1_39' title="bbox 266 2269 1843 2346; baseline -0.006 -16"><span class='ocrx_word' id='word_1_300' title='bbox 266 2277 420 2346; x_wconf 81' lang='grc' dir='ltr'>νήσει</span> <span class='ocrx_word' id='word_1_301' title='bbox 460 2272 869 2341; x_wconf 83' lang='grc' dir='ltr'>γεγεννημένος,</span> <span class='ocrx_word' id='word_1_302' title='bbox 920 2275 948 2326; x_wconf 85' lang='grc' dir='ltr'>ὁ</span> <span class='ocrx_word' id='word_1_303' title='bbox 986 2272 1233 2343; x_wconf 84' lang='grc' dir='ltr'>ἀνάρχως</span> <span class='ocrx_word' id='word_1_304' title='bbox 1264 2270 1374 2340; x_wconf 69' lang='grc'>(56)</span> <span class='ocrx_word' id='word_1_305' title='bbox 1433 2270 1529 2323; x_wconf 79' lang='grc' dir='ltr'><strong>σὺν</strong></span> <span class='ocrx_word' id='word_1_306' title='bbox 1566 2269 1643 2340; x_wconf 81' lang='grc' dir='ltr'>τῷ</span> <span class='ocrx_word' id='word_1_307' title='bbox 1670 2270 1843 2340; x_wconf 76' lang='grc' dir='ltr'>Πατρὶ</span> 
     </span>
    </p>
   </div>
   <div class='ocr_carea' id='block_1_40' title="bbox 266 2362 1843 2434">
    <p class='ocr_par' dir='ltr' id='par_1_40' title="bbox 266 2362 1843 2434">
     <span class='ocr_line' id='line_1_40' title="bbox 266 2362 1843 2434; baseline -0.003 -17"><span class='ocrx_word' id='word_1_308' title='bbox 266 2364 344 2417; x_wconf 81' lang='grc' dir='ltr'>ὣν</span> <span class='ocrx_word' id='word_1_309' title='bbox 374 2364 499 2426; x_wconf 79' lang='grc' dir='ltr'>Υἱὸς</span> <span class='ocrx_word' id='word_1_310' title='bbox 533 2363 785 2434; x_wconf 80' lang='grc' dir='ltr'>ἀληθινὸς</span> <span class='ocrx_word' id='word_1_311' title='bbox 807 2364 964 2428; x_wconf 92' lang='grc' dir='ltr'>Θεοῦ,</span> <span class='ocrx_word' id='word_1_312' title='bbox 1013 2364 1101 2417; x_wconf 76' lang='grc' dir='ltr'>ἀεὶ</span> <span class='ocrx_word' id='word_1_313' title='bbox 1148 2363 1221 2415; x_wconf 78' lang='grc' dir='ltr'><strong>ὢν</strong></span> <span class='ocrx_word' id='word_1_314' title='bbox 1270 2364 1298 2415; x_wconf 83' lang='grc' dir='ltr'>ὅ</span> <span class='ocrx_word' id='word_1_315' title='bbox 1326 2366 1469 2424; x_wconf 86' lang='grc' dir='ltr'>ὲστι,</span> <span class='ocrx_word' id='word_1_316' title='bbox 1518 2362 1647 2424; x_wconf 85' lang='grc' dir='ltr'>Θεὸς</span> <span class='ocrx_word' id='word_1_317' title='bbox 1674 2363 1843 2429; x_wconf 80' lang='grc' dir='ltr'>Λόγος</span> 
     </span>
    </p>
   </div>
   <div class='ocr_carea' id='block_1_41' title="bbox 268 2449 1843 2523">
    <p class='ocr_par' dir='ltr' id='par_1_41' title="bbox 268 2449 1843 2523">
     <span class='ocr_line' id='line_1_41' title="bbox 268 2449 1843 2523; baseline -0.003 -16"><span class='ocrx_word' id='word_1_318' title='bbox 268 2456 365 2507; x_wconf 75' lang='grc' dir='ltr'>καὶ</span> <span class='ocrx_word' id='word_1_319' title='bbox 399 2453 597 2523; x_wconf 82' lang='grc' dir='ltr'>Κύριος</span> <span class='ocrx_word' id='word_1_320' title='bbox 619 2472 632 2484; x_wconf 86' lang='grc'><strong>·</strong></span> <span class='ocrx_word' id='word_1_321' title='bbox 683 2453 740 2505; x_wconf 81' lang='grc' dir='ltr'>ἓν</span> <span class='ocrx_word' id='word_1_322' title='bbox 768 2453 824 2505; x_wconf 81' lang='grc' dir='ltr'><strong>δὲ</strong></span> <span class='ocrx_word' id='word_1_323' title='bbox 870 2454 962 2506; x_wconf 74' lang='grc' dir='ltr'>καὶ</span> <span class='ocrx_word' id='word_1_324' title='bbox 991 2453 1051 2505; x_wconf 87' lang='grc' dir='ltr'><strong>τὸ</strong></span> <span class='ocrx_word' id='word_1_325' title='bbox 1081 2452 1305 2521; x_wconf 88' lang='grc' dir='ltr'>Πνεῦμα</span> <span class='ocrx_word' id='word_1_326' title='bbox 1335 2451 1393 2502; x_wconf 85' lang='grc' dir='ltr'><strong>τὸ</strong></span> <span class='ocrx_word' id='word_1_327' title='bbox 1428 2452 1601 2517; x_wconf 70' lang='grc' dir='ltr'>ἅγιον,</span> <span class='ocrx_word' id='word_1_328' title='bbox 1630 2449 1843 2519; x_wconf 84' lang='grc' dir='ltr'>ἀληθῶς</span> 
     </span>
    </p>
   </div>
   <div class='ocr_carea' id='block_1_42' title="bbox 269 2541 1843 2615">
    <p class='ocr_par' dir='ltr' id='par_1_42' title="bbox 269 2541 1843 2615">
     <span class='ocr_line' id='line_1_42' title="bbox 269 2541 1843 2615; baseline -0.004 -16"><span class='ocrx_word' id='word_1_329' title='bbox 269 2548 424 2614; x_wconf 82' lang='grc' dir='ltr'>ἆγιον</span> <span class='ocrx_word' id='word_1_330' title='bbox 454 2546 693 2615; x_wconf 79' lang='grc' dir='ltr'>Πνεῦμα,</span> <span class='ocrx_word' id='word_1_331' title='bbox 726 2544 863 2598; x_wconf 79' lang='grc' dir='ltr'>κατὰ</span> <span class='ocrx_word' id='word_1_332' title='bbox 912 2545 971 2596; x_wconf 82' lang='grc' dir='ltr'><strong>τὸ</strong></span> <span class='ocrx_word' id='word_1_333' title='bbox 1020 2543 1419 2613; x_wconf 82' lang='grc' dir='ltr'>γεγραμμένον,</span> <span class='ocrx_word' id='word_1_334' title='bbox 1458 2541 1517 2593; x_wconf 87' lang='grc' dir='ltr'><strong>τὸ</strong></span> <span class='ocrx_word' id='word_1_335' title='bbox 1565 2541 1702 2611; x_wconf 82' lang='grc' dir='ltr'>μετὰ</span> <span class='ocrx_word' id='word_1_336' title='bbox 1731 2542 1843 2593; x_wconf 86' lang='grc' dir='ltr'>Πα-</span> 
     </span>
    </p>
   </div>
   <div class='ocr_carea' id='block_1_43' title="bbox 267 2632 1845 2709">
    <p class='ocr_par' dir='ltr' id='par_1_43' title="bbox 267 2632 1845 2709">
     <span class='ocr_line' id='line_1_43' title="bbox 267 2632 1845 2709; baseline -0.005 -18"><span class='ocrx_word' id='word_1_337' title='bbox 267 2638 399 2709; x_wconf 73' lang='grc' dir='ltr'>τρδς</span> <span class='ocrx_word' id='word_1_338' title='bbox 428 2638 519 2690; x_wconf 79' lang='grc' dir='ltr'><strong>καὶ</strong></span> <span class='ocrx_word' id='word_1_339' title='bbox 550 2637 674 2688; x_wconf 85' lang='grc' dir='ltr'>Υἱοῦ</span> <span class='ocrx_word' id='word_1_340' title='bbox 706 2635 1170 2704; x_wconf 77' lang='grc' dir='ltr'>συνδοξαζόμενον,</span> <span class='ocrx_word' id='word_1_341' title='bbox 1201 2634 1229 2685; x_wconf 80' lang='grc' dir='ltr'><strong>ὃ</strong></span> <span class='ocrx_word' id='word_1_342' title='bbox 1262 2633 1325 2704; x_wconf 81' lang='grc' dir='ltr'>δὴ</span> <span class='ocrx_word' id='word_1_343' title='bbox 1353 2634 1443 2686; x_wconf 68' lang='grc' dir='ltr'><strong>καὶ</strong></span> <span class='ocrx_word' id='word_1_344' title='bbox 1472 2632 1695 2703; x_wconf 88' lang='grc' dir='ltr'>Πνεῦμα</span> <span class='ocrx_word' id='word_1_345' title='bbox 1728 2632 1845 2684; x_wconf 75' lang='grc' dir='ltr'>στό-</span> 
     </span>
    </p>
   </div>
   <div class='ocr_carea' id='block_1_44' title="bbox 273 2724 1846 2801">
    <p class='ocr_par' dir='ltr' id='par_1_44' title="bbox 273 2724 1846 2801">
     <span class='ocr_line' id='line_1_44' title="bbox 273 2724 1846 2801; baseline -0.003 -19"><span class='ocrx_word' id='word_1_346' title='bbox 273 2747 444 2801; x_wconf 85' lang='grc' dir='ltr'>ματος</span> <span class='ocrx_word' id='word_1_347' title='bbox 487 2728 804 2797; x_wconf 75' lang='grc' dir='ltr'>ὀνομάζεται</span> <span class='ocrx_word' id='word_1_348' title='bbox 842 2726 990 2795; x_wconf 74' lang='grc' dir='ltr'>παρὰ</span> <span class='ocrx_word' id='word_1_349' title='bbox 1037 2726 1112 2796; x_wconf 84' lang='grc' dir='ltr'><strong>τῷ</strong></span> <span class='ocrx_word' id='word_1_350' title='bbox 1165 2726 1417 2796; x_wconf 68' lang='grc' dir='ltr'>προφήτῃ</span> <span class='ocrx_word' id='word_1_351' title='bbox 1447 2724 1605 2778; x_wconf 77' lang='grc' dir='ltr'>Δαϐίδ</span> <span class='ocrx_word' id='word_1_352' title='bbox 1631 2743 1643 2755; x_wconf 76' lang='grc'><strong><em>⁸</em></strong></span> <span class='ocrx_word' id='word_1_353' title='bbox 1680 2724 1707 2777; x_wconf 86' lang='grc' dir='ltr'>ὃ</span> <span class='ocrx_word' id='word_1_354' title='bbox 1754 2726 1846 2777; x_wconf 75' lang='grc' dir='ltr'><strong>καὶ</strong></span> 
     </span>
    </p>
   </div>
   <div class='ocr_carea' id='block_1_45' title="bbox 269 2815 1844 2887">
    <p class='ocr_par' dir='ltr' id='par_1_45' title="bbox 269 2815 1844 2887">
     <span class='ocr_line' id='line_1_45' title="bbox 269 2815 1844 2887; baseline -0.003 -14"><span class='ocrx_word' id='word_1_355' title='bbox 269 2820 530 2873; x_wconf 83' lang='grc' dir='ltr'>δάκτυλον</span> <span class='ocrx_word' id='word_1_356' title='bbox 560 2818 691 2870; x_wconf 81' lang='grc' dir='ltr'>Θεοῦ</span> <span class='ocrx_word' id='word_1_357' title='bbox 738 2815 875 2869; x_wconf 83' lang='grc' dir='ltr'>εἶναι</span> <span class='ocrx_word' id='word_1_358' title='bbox 909 2818 1018 2887; x_wconf 79' lang='grc'>(57)</span> <span class='ocrx_word' id='word_1_359' title='bbox 1055 2816 1431 2887; x_wconf 78' lang='grc' dir='ltr'>διδασκόμεθα,</span> <span class='ocrx_word' id='word_1_360' title='bbox 1464 2818 1523 2869; x_wconf 87' lang='grc' dir='ltr'><strong>ἐν</strong></span> <span class='ocrx_word' id='word_1_361' title='bbox 1558 2816 1635 2886; x_wconf 84' lang='grc' dir='ltr'>τῷ</span> <span class='ocrx_word' id='word_1_362' title='bbox 1664 2815 1844 2883; x_wconf 51' lang='lat' dir='ltr'><strong>Euar-</strong></span> 
     </span>
    </p>
   </div>
   <div class='ocr_carea' id='block_1_46' title="bbox 269 2907 1846 2982">
    <p class='ocr_par' dir='ltr' id='par_1_46' title="bbox 269 2907 1846 2982">
     <span class='ocr_line' id='line_1_46' title="bbox 269 2907 1846 2982; baseline -0.003 -18"><span class='ocrx_word' id='word_1_363' title='bbox 269 2912 436 2981; x_wconf 80' lang='grc' dir='ltr'>γελίῳ</span> <span class='ocrx_word' id='word_1_364' title='bbox 464 2910 555 2964; x_wconf 85' lang='grc' dir='ltr'><strong>τοῦ</strong></span> <span class='ocrx_word' id='word_1_365' title='bbox 581 2911 784 2982; x_wconf 82' lang='grc' dir='ltr'>Κυρίου</span> <span class='ocrx_word' id='word_1_366' title='bbox 809 2911 1055 2978; x_wconf 83' lang='grc' dir='ltr'>λέγοντος</span> <span class='ocrx_word' id='word_1_367' title='bbox 1072 2926 1083 2937; x_wconf 91' lang='grc'><strong>·</strong></span> <span class='ocrx_word' id='word_1_368' title='bbox 1112 2912 1179 2963; x_wconf 82' lang='lat' dir='ltr'><strong>Ei</strong></span> <span class='ocrx_word' id='word_1_369' title='bbox 1208 2910 1275 2962; x_wconf 85' lang='grc' dir='ltr'>δὲ</span> <span class='ocrx_word' id='word_1_370' title='bbox 1300 2911 1372 2963; x_wconf 78' lang='grc' dir='ltr'><strong>ἐν</strong></span> <span class='ocrx_word' id='word_1_371' title='bbox 1401 2911 1674 2971; x_wconf 71' lang='grc' dir='ltr'>δακτύλῳ</span> <span class='ocrx_word' id='word_1_372' title='bbox 1700 2907 1846 2960; x_wconf 86' lang='grc' dir='ltr'>Θεοῦ</span> 
     </span>
    </p>
   </div>
   <div class='ocr_carea' id='block_1_47' title="bbox 268 2996 1845 3069">
    <p class='ocr_par' dir='ltr' id='par_1_47' title="bbox 268 2996 1845 3069">
     <span class='ocr_line' id='line_1_47' title="bbox 268 2996 1845 3069; baseline -0.001 -18"><span class='ocrx_word' id='word_1_373' title='bbox 268 2997 387 3069; x_wconf 72' lang='grc' dir='ltr'><strong>ἐγὼ</strong></span> <span class='ocrx_word' id='word_1_374' title='bbox 414 2997 683 3051; x_wconf 59' lang='grc' dir='ltr'><strong>ἐκϐάλλω</strong></span> <span class='ocrx_word' id='word_1_375' title='bbox 711 2998 779 3051; x_wconf 83' lang='grc' dir='ltr'>τὰ</span> <span class='ocrx_word' id='word_1_376' title='bbox 801 2998 1091 3065; x_wconf 76' lang='grc' dir='ltr'>δαιμόνια.</span> <span class='ocrx_word' id='word_1_377' title='bbox 1131 2998 1357 3068; x_wconf 80' lang='grc' dir='ltr'>Εἴρηται</span> <span class='ocrx_word' id='word_1_378' title='bbox 1388 2998 1579 3059; x_wconf 87' lang='grc' dir='ltr'>ταῦτα,</span> <span class='ocrx_word' id='word_1_379' title='bbox 1609 2997 1702 3049; x_wconf 78' lang='grc' dir='ltr'>καὶ</span> <span class='ocrx_word' id='word_1_380' title='bbox 1729 2996 1845 3049; x_wconf 78' lang='grc' dir='ltr'>ἔστι</span> 
     </span>
    </p>
   </div>
   <div class='ocr_carea' id='block_1_48' title="bbox 273 3088 1847 3159">
    <p class='ocr_par' dir='ltr' id='par_1_48' title="bbox 273 3088 1847 3159">
     <span class='ocr_line' id='line_1_48' title="bbox 273 3088 1847 3159; baseline 0.001 -18"><span class='ocrx_word' id='word_1_381' title='bbox 273 3091 474 3152; x_wconf 81' lang='grc' dir='ltr'>καλῶς,</span> <span class='ocrx_word' id='word_1_382' title='bbox 525 3088 598 3152; x_wconf 86' lang='grc' dir='ltr'>ὦς</span> <span class='ocrx_word' id='word_1_383' title='bbox 652 3091 766 3142; x_wconf 77' lang='grc' dir='ltr'>ἐστι</span> <span class='ocrx_word' id='word_1_384' title='bbox 821 3093 931 3151; x_wconf 86' lang='grc' dir='ltr'>τοῖς</span> <span class='ocrx_word' id='word_1_385' title='bbox 977 3089 1320 3159; x_wconf 72' lang='grc' dir='ltr'>ἀπεριέργως</span> <span class='ocrx_word' id='word_1_386' title='bbox 1386 3089 1729 3141; x_wconf 78' lang='grc' dir='ltr'>πιστεύουσιν</span> <span class='ocrx_word' id='word_1_387' title='bbox 1768 3092 1847 3152; x_wconf 84' lang='grc' dir='ltr'>εἰς</span> 
     </span>
    </p>
   </div>
   <div class='ocr_carea' id='block_1_49' title="bbox 271 3176 1750 3253">
    <p class='ocr_par' dir='ltr' id='par_1_49' title="bbox 271 3176 1750 3253">
     <span class='ocr_line' id='line_1_49' title="bbox 271 3176 1750 3253; baseline 0.001 -21"><span class='ocrx_word' id='word_1_388' title='bbox 271 3181 410 3232; x_wconf 77' lang='grc' dir='ltr'>Θεὸν</span> <span class='ocrx_word' id='word_1_389' title='bbox 458 3182 549 3232; x_wconf 79' lang='grc' dir='ltr'><strong>καὶ</strong></span> <span class='ocrx_word' id='word_1_390' title='bbox 580 3181 750 3247; x_wconf 87' lang='grc' dir='ltr'>Λόγον</span> <span class='ocrx_word' id='word_1_391' title='bbox 784 3181 875 3232; x_wconf 74' lang='grc' dir='ltr'><strong>καὶ</strong></span> <span class='ocrx_word' id='word_1_392' title='bbox 921 3180 1176 3249; x_wconf 85' lang='grc' dir='ltr'>Πνεῦμα,</span> <span class='ocrx_word' id='word_1_393' title='bbox 1225 3181 1352 3248; x_wconf 80' lang='grc' dir='ltr'>μίαν</span> <span class='ocrx_word' id='word_1_394' title='bbox 1387 3176 1551 3232; x_wconf 75' lang='grc' dir='ltr'>οὖσαν</span> <span class='ocrx_word' id='word_1_395' title='bbox 1594 3181 1750 3253; x_wconf 86' lang='grc' dir='ltr'>θεότη</span> 
     </span>
    </p>
   </div>
   <div class='ocr_carea' id='block_1_50' title="bbox 270 3268 1842 3343">
    <p class='ocr_par' dir='ltr' id='par_1_50' title="bbox 270 3268 1842 3343">
     <span class='ocr_line' id='line_1_50' title="bbox 270 3268 1842 3343; baseline 0 -19"><span class='ocrx_word' id='word_1_396' title='bbox 270 3273 373 3343; x_wconf 77' lang='grc' dir='ltr'><strong>τὴν</strong></span> <span class='ocrx_word' id='word_1_397' title='bbox 403 3271 495 3323; x_wconf 74' lang='grc' dir='ltr'><strong>καὶ</strong></span> <span class='ocrx_word' id='word_1_398' title='bbox 534 3271 699 3341; x_wconf 81' lang='grc' dir='ltr'>μόνην</span> <span class='ocrx_word' id='word_1_399' title='bbox 740 3271 1133 3340; x_wconf 79' lang='grc' dir='ltr'>προσκυνητήν.</span> <span class='ocrx_word' id='word_1_400' title='bbox 1188 3271 1306 3322; x_wconf 67' lang='grc' dir='ltr'><strong>Καὶν</strong></span> <span class='ocrx_word' id='word_1_401' title='bbox 1329 3268 1577 3340; x_wconf 85' lang='grc' dir='ltr'>μηδαμοῦ</span> <span class='ocrx_word' id='word_1_402' title='bbox 1614 3272 1842 3341; x_wconf 81' lang='grc' dir='ltr'>παρείσ-</span> 
     </span>
    </p>
   </div>
   <div class='ocr_carea' id='block_1_51' title="bbox 270 3360 1843 3434">
    <p class='ocr_par' dir='ltr' id='par_1_51' title="bbox 270 3360 1843 3434">
     <span class='ocr_line' id='line_1_51' title="bbox 270 3360 1843 3434; baseline -0.001 -17"><span class='ocrx_word' id='word_1_403' title='bbox 270 3366 424 3426; x_wconf 83' lang='grc' dir='ltr'>δυσις</span> <span class='ocrx_word' id='word_1_404' title='bbox 449 3363 669 3434; x_wconf 69' lang='grc' dir='ltr'>γένηται</span> <span class='ocrx_word' id='word_1_405' title='bbox 699 3362 953 3432; x_wconf 73' lang='grc' dir='ltr'>πλήθους,</span> <span class='ocrx_word' id='word_1_406' title='bbox 983 3360 1094 3415; x_wconf 78' lang='grc' dir='ltr'><strong>ἀλλ’</strong></span> <span class='ocrx_word' id='word_1_407' title='bbox 1125 3363 1354 3416; x_wconf 70' lang='grc' dir='ltr'>ἕκαστον</span> <span class='ocrx_word' id='word_1_408' title='bbox 1383 3364 1474 3415; x_wconf 77' lang='grc' dir='ltr'><strong>ἐπὶ</strong></span> <span class='ocrx_word' id='word_1_409' title='bbox 1502 3364 1602 3434; x_wconf 82' lang='grc' dir='ltr'>τῆς</span> <span class='ocrx_word' id='word_1_410' title='bbox 1616 3364 1843 3434; x_wconf 87' lang='grc' dir='ltr'>Τριάδος</span> 
     </span>
    </p>
   </div>
   <div class='ocr_carea' id='block_1_52' title="bbox 272 3450 1843 3526">
    <p class='ocr_par' dir='ltr' id='par_1_52' title="bbox 272 3450 1843 3526">
     <span class='ocr_line' id='line_1_52' title="bbox 272 3450 1843 3526; baseline 0.001 -19"><span class='ocrx_word' id='word_1_411' title='bbox 272 3456 333 3507; x_wconf 81' lang='grc' dir='ltr'>ἓν</span> <span class='ocrx_word' id='word_1_412' title='bbox 359 3456 415 3508; x_wconf 82' lang='grc' dir='ltr'>ὃν</span> <span class='ocrx_word' id='word_1_413' title='bbox 442 3454 882 3525; x_wconf 75' lang='grc' dir='ltr'>ἐπιγινώσκηται,</span> <span class='ocrx_word' id='word_1_414' title='bbox 919 3451 997 3518; x_wconf 76' lang='grc' dir='ltr'>εἷς</span> <span class='ocrx_word' id='word_1_415' title='bbox 1028 3455 1234 3526; x_wconf 78' lang='grc' dir='ltr'>Πατὴρ,</span> <span class='ocrx_word' id='word_1_416' title='bbox 1267 3450 1345 3517; x_wconf 74' lang='grc' dir='ltr'>εἷς</span> <span class='ocrx_word' id='word_1_417' title='bbox 1369 3454 1513 3519; x_wconf 81' lang='grc' dir='ltr'>Υἱὸς,</span> <span class='ocrx_word' id='word_1_418' title='bbox 1544 3455 1599 3507; x_wconf 80' lang='grc' dir='ltr'>ἓν</span> <span class='ocrx_word' id='word_1_419' title='bbox 1620 3456 1843 3525; x_wconf 82' lang='grc' dir='ltr'>Πνεῦμα</span> 
     </span>
    </p>
   </div>
   <div class='ocr_carea' id='block_1_53' title="bbox 273 3546 450 3615">
    <p class='ocr_par' dir='ltr' id='par_1_53' title="bbox 273 3546 450 3615">
     <span class='ocr_line' id='line_1_53' title="bbox 273 3546 450 3615; baseline 0.006 -15"><span class='ocrx_word' id='word_1_420' title='bbox 273 3546 450 3615; x_wconf 73' lang='grc' dir='ltr'>ἅγιον.</span> 
     </span>
    </p>
   </div>
   <div class='ocr_carea' id='block_1_54' title="bbox 1754 3199 1913 3283">
    <p class='ocr_par' dir='ltr' id='par_1_54' title="bbox 1754 3199 1913 3283">
     <span class='ocr_line' id='line_1_54' title="bbox 1754 3199 1913 3283; baseline 0 0"><span class='ocrx_word' id='word_1_421' title='bbox 1754 3199 1842 3283; x_wconf 69' lang='grc' dir='ltr'><strong>ῗα’</strong></span> <span class='ocrx_word' id='word_1_422' title='bbox 1873 3227 1913 3283; x_wconf 88' lang='lat' dir='ltr'><strong>c</strong></span> 
     </span>
    </p>
   </div>
   <div class='ocr_carea' id='block_1_55' title="bbox 1943 1988 3501 2057">
    <p class='ocr_par' dir='ltr' id='par_1_55' title="bbox 1943 1988 3501 2057">
     <span class='ocr_line' id='line_1_55' title="bbox 1943 1988 3501 2057; baseline 0.001 -15"><span class='ocrx_word' id='word_1_423' title='bbox 1943 1990 2113 2057; x_wconf 91' lang='lat' dir='ltr'><strong>ipsum</strong></span> <span class='ocrx_word' id='word_1_424' title='bbox 2139 1998 2194 2042; x_wconf 84' lang='lat' dir='ltr'><strong>ut</strong></span> <span class='ocrx_word' id='word_1_425' title='bbox 2229 1988 2368 2051; x_wconf 88' lang='lat' dir='ltr'><strong>Filii,</strong></span> <span class='ocrx_word' id='word_1_426' title='bbox 2405 1990 2476 2041; x_wconf 87' lang='lat' dir='ltr'><strong>ita</strong></span> <span class='ocrx_word' id='word_1_427' title='bbox 2520 1991 2607 2042; x_wconf 86' lang='lat' dir='ltr'><strong>Dei</strong></span> <span class='ocrx_word' id='word_1_428' title='bbox 2650 1989 2906 2057; x_wconf 87' lang='lat' dir='ltr'><strong>Spiritum</strong></span> <span class='ocrx_word' id='word_1_429' title='bbox 2965 1990 3293 2052; x_wconf 82' lang='lat' dir='ltr'><strong>nominavit;</strong></span> <span class='ocrx_word' id='word_1_430' title='bbox 3350 2006 3501 2043; x_wconf 92' lang='lat' dir='ltr'><strong>eum-</strong></span> 
     </span>
    </p>
   </div>
   <div class='ocr_carea' id='block_1_56' title="bbox 1942 2080 3499 2151">
    <p class='ocr_par' dir='ltr' id='par_1_56' title="bbox 1942 2080 3499 2151">
     <span class='ocr_line' id='line_1_56' title="bbox 1942 2080 3499 2151; baseline -0.001 -16"><span class='ocrx_word' id='word_1_431' title='bbox 1942 2082 2172 2151; x_wconf 89' lang='lat' dir='ltr'><strong>demque</strong></span> <span class='ocrx_word' id='word_1_432' title='bbox 2209 2081 2494 2149; x_wconf 87' lang='lat' dir='ltr'><strong>appellavit</strong></span> <span class='ocrx_word' id='word_1_433' title='bbox 2524 2080 2726 2134; x_wconf 87' lang='lat' dir='ltr'><strong>Christi</strong></span> <span class='ocrx_word' id='word_1_434' title='bbox 2769 2092 3023 2146; x_wconf 90' lang='lat' dir='ltr'><strong>mentem,</strong></span> <span class='ocrx_word' id='word_1_435' title='bbox 3052 2082 3499 2149; x_wconf 83' lang='lat' dir='ltr'><strong>quemadmodum</strong></span> 
     </span>
    </p>
   </div>
   <div class='ocr_carea' id='block_1_57' title="bbox 1942 2170 3497 2239">
    <p class='ocr_par' dir='ltr' id='par_1_57' title="bbox 1942 2170 3497 2239">
     <span class='ocr_line' id='line_1_57' title="bbox 1942 2170 3497 2239; baseline -0.002 -14"><span class='ocrx_word' id='word_1_436' title='bbox 1942 2173 2102 2226; x_wconf 89' lang='lat' dir='ltr'><strong>etiam</strong></span> <span class='ocrx_word' id='word_1_437' title='bbox 2138 2181 2196 2225; x_wconf 88' lang='lat' dir='ltr'><strong>ut</strong></span> <span class='ocrx_word' id='word_1_438' title='bbox 2218 2173 2333 2235; x_wconf 90' lang='lat' dir='ltr'><strong>Dei,</strong></span> <span class='ocrx_word' id='word_1_439' title='bbox 2363 2172 2435 2224; x_wconf 89' lang='lat' dir='ltr'><strong>ita</strong></span> <span class='ocrx_word' id='word_1_440' title='bbox 2463 2172 2692 2225; x_wconf 86' lang='lat' dir='ltr'><strong>hominis</strong></span> <span class='ocrx_word' id='word_1_441' title='bbox 2716 2171 2961 2239; x_wconf 84' lang='lat' dir='ltr'><strong>spiritum</strong></span> <span class='ocrx_word' id='word_1_442' title='bbox 2995 2170 3305 2224; x_wconf 79' lang='lat' dir='ltr'><strong>dixerat.At</strong></span> <span class='ocrx_word' id='word_1_443' title='bbox 3333 2170 3497 2223; x_wconf 88' lang='lat' dir='ltr'><strong>lilium</strong></span> 
     </span>
    </p>
   </div>
   <div class='ocr_carea' id='block_1_58' title="bbox 1942 2261 3502 2332">
    <p class='ocr_par' dir='ltr' id='par_1_58' title="bbox 1942 2261 3502 2332">
     <span class='ocr_line' id='line_1_58' title="bbox 1942 2261 3502 2332; baseline -0.001 -14"><span class='ocrx_word' id='word_1_444' title='bbox 1942 2263 2060 2318; x_wconf 86' lang='lat' dir='ltr'><strong>Filii</strong></span> <span class='ocrx_word' id='word_1_445' title='bbox 2085 2262 2356 2332; x_wconf 89' lang='lat' dir='ltr'><strong>appellare</strong></span> <span class='ocrx_word' id='word_1_446' title='bbox 2383 2264 2542 2326; x_wconf 88' lang='lat' dir='ltr'><strong>cavit,</strong></span> <span class='ocrx_word' id='word_1_447' title='bbox 2573 2272 2630 2313; x_wconf 89' lang='lat' dir='ltr'><strong>ut</strong></span> <span class='ocrx_word' id='word_1_448' title='bbox 2656 2277 2791 2314; x_wconf 91' lang='lat' dir='ltr'><strong>unus</strong></span> <span class='ocrx_word' id='word_1_449' title='bbox 2820 2262 2890 2313; x_wconf 93' lang='lat' dir='ltr'><strong>sit</strong></span> <span class='ocrx_word' id='word_1_450' title='bbox 2915 2262 3129 2329; x_wconf 88' lang='lat' dir='ltr'><strong>quidem</strong></span> <span class='ocrx_word' id='word_1_451' title='bbox 3157 2261 3314 2316; x_wconf 86' lang='lat' dir='ltr'><strong>Pater</strong></span> <span class='ocrx_word' id='word_1_452' title='bbox 3343 2261 3502 2326; x_wconf 90' lang='lat' dir='ltr'><strong>Deus,</strong></span> 
     </span>
    </p>
   </div>
   <div class='ocr_carea' id='block_1_59' title="bbox 1944 2355 3503 2426">
    <p class='ocr_par' dir='ltr' id='par_1_59' title="bbox 1944 2355 3503 2426">
     <span class='ocr_line' id='line_1_59' title="bbox 1944 2355 3503 2426; baseline -0.001 -16"><span class='ocrx_word' id='word_1_453' title='bbox 1944 2372 2156 2426; x_wconf 87' lang='lat' dir='ltr'><strong>semper</strong></span> <span class='ocrx_word' id='word_1_454' title='bbox 2192 2356 2352 2409; x_wconf 87' lang='lat' dir='ltr'><strong>Pater</strong></span> <span class='ocrx_word' id='word_1_455' title='bbox 2383 2370 2726 2423; x_wconf 82' lang='lat' dir='ltr'><strong>permanens,</strong></span> <span class='ocrx_word' id='word_1_456' title='bbox 2761 2364 2815 2408; x_wconf 91' lang='lat' dir='ltr'><strong>et</strong></span> <span class='ocrx_word' id='word_1_457' title='bbox 2844 2355 2933 2423; x_wconf 91' lang='lat' dir='ltr'><strong>qui</strong></span> <span class='ocrx_word' id='word_1_458' title='bbox 2961 2364 3221 2408; x_wconf 67' lang='lat' dir='ltr'><strong>aeternum</strong></span> <span class='ocrx_word' id='word_1_459' title='bbox 3248 2364 3333 2410; x_wconf 82' lang='lat' dir='ltr'><strong>est</strong></span> <span class='ocrx_word' id='word_1_460' title='bbox 3360 2356 3503 2425; x_wconf 91' lang='lat' dir='ltr'><strong>quod</strong></span> 
     </span>
    </p>
   </div>
   <div class='ocr_carea' id='block_1_60' title="bbox 1943 2446 3504 2517">
    <p class='ocr_par' dir='ltr' id='par_1_60' title="bbox 1943 2446 3504 2517">
     <span class='ocr_line' id='line_1_60' title="bbox 1943 2446 3504 2517; baseline -0.001 -15"><span class='ocrx_word' id='word_1_461' title='bbox 1943 2459 2025 2502; x_wconf 90' lang='lat' dir='ltr'><strong>est</strong></span> <span class='ocrx_word' id='word_1_462' title='bbox 2060 2467 2073 2502; x_wconf 86' lang='lat'>:</span> <span class='ocrx_word' id='word_1_463' title='bbox 2108 2464 2246 2501; x_wconf 88' lang='lat' dir='ltr'><strong>unus</strong></span> <span class='ocrx_word' id='word_1_464' title='bbox 2272 2463 2399 2501; x_wconf 81' lang='lat' dir='ltr'><strong>vero</strong></span> <span class='ocrx_word' id='word_1_465' title='bbox 2433 2447 2623 2510; x_wconf 88' lang='lat' dir='ltr'><strong>Filius,</strong></span> <span class='ocrx_word' id='word_1_466' title='bbox 2658 2458 2857 2500; x_wconf 68' lang='lat' dir='ltr'><strong>azterna</strong></span> <span class='ocrx_word' id='word_1_467' title='bbox 2896 2446 3241 2517; x_wconf 80' lang='lat' dir='ltr'><strong>generatione</strong></span> <span class='ocrx_word' id='word_1_468' title='bbox 3281 2462 3504 2515; x_wconf 82' lang='lat' dir='ltr'><strong>genera-</strong></span> 
     </span>
    </p>
   </div>
   <div class='ocr_carea' id='block_1_61' title="bbox 1945 2537 3504 2609">
    <p class='ocr_par' dir='ltr' id='par_1_61' title="bbox 1945 2537 3504 2609">
     <span class='ocr_line' id='line_1_61' title="bbox 1945 2537 3504 2609; baseline -0.001 -16"><span class='ocrx_word' id='word_1_469' title='bbox 1945 2550 2052 2605; x_wconf 91' lang='lat' dir='ltr'><strong>tus,</strong></span> <span class='ocrx_word' id='word_1_470' title='bbox 2098 2540 2186 2607; x_wconf 90' lang='lat' dir='ltr'><strong>qui</strong></span> <span class='ocrx_word' id='word_1_471' title='bbox 2245 2541 2363 2593; x_wconf 87' lang='lat' dir='ltr'><strong>sine</strong></span> <span class='ocrx_word' id='word_1_472' title='bbox 2396 2539 2660 2609; x_wconf 89' lang='lat' dir='ltr'><strong>principio</strong></span> <span class='ocrx_word' id='word_1_473' title='bbox 2707 2554 2809 2592; x_wconf 90' lang='lat' dir='ltr'><strong>una</strong></span> <span class='ocrx_word' id='word_1_474' title='bbox 2864 2554 2981 2592; x_wconf 91' lang='lat' dir='ltr'><strong>cum</strong></span> <span class='ocrx_word' id='word_1_475' title='bbox 3030 2538 3190 2592; x_wconf 81' lang='lat' dir='ltr'><strong>Putre</strong></span> <span class='ocrx_word' id='word_1_476' title='bbox 3226 2547 3309 2591; x_wconf 85' lang='lat' dir='ltr'><strong>est.</strong></span> <span class='ocrx_word' id='word_1_477' title='bbox 3335 2537 3504 2592; x_wconf 80' lang='lat' dir='ltr'><strong>Filius</strong></span> 
     </span>
    </p>
   </div>
   <div class='ocr_carea' id='block_1_62' title="bbox 1946 2629 3499 2700">
    <p class='ocr_par' dir='ltr' id='par_1_62' title="bbox 1946 2629 3499 2700">
     <span class='ocr_line' id='line_1_62' title="bbox 1946 2629 3499 2700; baseline -0.002 -15"><span class='ocrx_word' id='word_1_478' title='bbox 1946 2632 2085 2686; x_wconf 90' lang='lat' dir='ltr'><strong>Deus</strong></span> <span class='ocrx_word' id='word_1_479' title='bbox 2119 2646 2297 2697; x_wconf 85' lang='lat' dir='ltr'><strong>verus,</strong></span> <span class='ocrx_word' id='word_1_480' title='bbox 2330 2632 2418 2699; x_wconf 91' lang='lat' dir='ltr'><strong>qui</strong></span> <span class='ocrx_word' id='word_1_481' title='bbox 2448 2647 2659 2699; x_wconf 84' lang='lat' dir='ltr'><strong>semper</strong></span> <span class='ocrx_word' id='word_1_482' title='bbox 2685 2640 2768 2683; x_wconf 86' lang='lat' dir='ltr'><strong>est</strong></span> <span class='ocrx_word' id='word_1_483' title='bbox 2798 2635 2936 2700; x_wconf 86' lang='lat' dir='ltr'><strong>quod</strong></span> <span class='ocrx_word' id='word_1_484' title='bbox 2964 2639 3065 2693; x_wconf 69' lang='lat' dir='ltr'><strong>est,</strong></span> <span class='ocrx_word' id='word_1_485' title='bbox 3097 2629 3233 2683; x_wconf 88' lang='lat' dir='ltr'><strong>Deus</strong></span> <span class='ocrx_word' id='word_1_486' title='bbox 3271 2629 3499 2683; x_wconf 82' lang='lat' dir='ltr'><strong>Verbum</strong></span> 
     </span>
    </p>
   </div>
   <div class='ocr_carea' id='block_1_63' title="bbox 1947 2723 3505 2789">
    <p class='ocr_par' dir='ltr' id='par_1_63' title="bbox 1947 2723 3505 2789">
     <span class='ocr_line' id='line_1_63' title="bbox 1947 2723 3505 2789; baseline -0.003 -10"><span class='ocrx_word' id='word_1_487' title='bbox 1947 2735 2001 2779; x_wconf 85' lang='lat' dir='ltr'><strong>et</strong></span> <span class='ocrx_word' id='word_1_488' title='bbox 2027 2725 2321 2788; x_wconf 85' lang='lat' dir='ltr'><strong>Dominus;</strong></span> <span class='ocrx_word' id='word_1_489' title='bbox 2358 2733 2412 2775; x_wconf 90' lang='lat' dir='ltr'><strong>et</strong></span> <span class='ocrx_word' id='word_1_490' title='bbox 2446 2739 2579 2775; x_wconf 87' lang='lat' dir='ltr'><strong>unus</strong></span> <span class='ocrx_word' id='word_1_491' title='bbox 2613 2723 2846 2789; x_wconf 87' lang='lat' dir='ltr'><strong>Spiritus</strong></span> <span class='ocrx_word' id='word_1_492' title='bbox 2877 2732 3117 2787; x_wconf 82' lang='lat' dir='ltr'><strong>sanctus,</strong></span> <span class='ocrx_word' id='word_1_493' title='bbox 3138 2737 3265 2777; x_wconf 88' lang='lat' dir='ltr'><strong>vere</strong></span> <span class='ocrx_word' id='word_1_494' title='bbox 3291 2733 3505 2776; x_wconf 79' lang='lat' dir='ltr'><strong>sanctus</strong></span> 
     </span>
    </p>
   </div>
   <div class='ocr_carea' id='block_1_64' title="bbox 1949 2814 3507 2884">
    <p class='ocr_par' dir='ltr' id='par_1_64' title="bbox 1949 2814 3507 2884">
     <span class='ocr_line' id='line_1_64' title="bbox 1949 2814 3507 2884; baseline -0.003 -14"><span class='ocrx_word' id='word_1_495' title='bbox 1949 2816 2197 2883; x_wconf 81' lang='lat' dir='ltr'><strong>Spiritus,</strong></span> <span class='ocrx_word' id='word_1_496' title='bbox 2232 2815 2521 2867; x_wconf 81' lang='lat' dir='ltr'><strong>secundum</strong></span> <span class='ocrx_word' id='word_1_497' title='bbox 2556 2814 2607 2868; x_wconf 89' lang='lat' dir='ltr'><strong>id</strong></span> <span class='ocrx_word' id='word_1_498' title='bbox 2640 2816 2781 2884; x_wconf 88' lang='lat' dir='ltr'><strong>quod</strong></span> <span class='ocrx_word' id='word_1_499' title='bbox 2814 2816 3071 2884; x_wconf 87' lang='lat' dir='ltr'><strong>scriptum</strong></span> <span class='ocrx_word' id='word_1_500' title='bbox 3103 2823 3223 2878; x_wconf 84' lang='lat' dir='ltr'><strong>est;</strong></span> <span class='ocrx_word' id='word_1_501' title='bbox 3264 2816 3354 2883; x_wconf 88' lang='lat' dir='ltr'><strong>qui</strong></span> <span class='ocrx_word' id='word_1_502' title='bbox 3383 2830 3507 2868; x_wconf 91' lang='lat' dir='ltr'><strong>cum</strong></span> 
     </span>
    </p>
   </div>
   <div class='ocr_carea' id='block_1_65' title="bbox 1948 2903 3507 2972">
    <p class='ocr_par' dir='ltr' id='par_1_65' title="bbox 1948 2903 3507 2972">
     <span class='ocr_line' id='line_1_65' title="bbox 1948 2903 3507 2972; baseline -0.001 -13"><span class='ocrx_word' id='word_1_503' title='bbox 1948 2905 2107 2959; x_wconf 86' lang='lat' dir='ltr'><strong>Patre</strong></span> <span class='ocrx_word' id='word_1_504' title='bbox 2136 2915 2189 2957; x_wconf 92' lang='lat' dir='ltr'><strong>et</strong></span> <span class='ocrx_word' id='word_1_505' title='bbox 2220 2903 2357 2957; x_wconf 80' lang='lat' dir='ltr'><strong>Filio</strong></span> <span class='ocrx_word' id='word_1_506' title='bbox 2396 2905 2870 2971; x_wconf 73' lang='lat' dir='ltr'><strong>cOnglorilicatur;</strong></span> <span class='ocrx_word' id='word_1_507' title='bbox 2918 2906 3003 2971; x_wconf 91' lang='lat' dir='ltr'><strong>qui</strong></span> <span class='ocrx_word' id='word_1_508' title='bbox 3040 2914 3091 2958; x_wconf 87' lang='lat' dir='ltr'><strong>et</strong></span> <span class='ocrx_word' id='word_1_509' title='bbox 3136 2904 3371 2972; x_wconf 88' lang='lat' dir='ltr'><strong>Spiritus</strong></span> <span class='ocrx_word' id='word_1_510' title='bbox 3398 2905 3507 2965; x_wconf 81' lang='lat' dir='ltr'><strong>oris</strong></span> 
     </span>
    </p>
   </div>
   <div class='ocr_carea' id='block_1_66' title="bbox 1949 2995 3508 3066">
    <p class='ocr_par' dir='ltr' id='par_1_66' title="bbox 1949 2995 3508 3066">
     <span class='ocr_line' id='line_1_66' title="bbox 1949 2995 3508 3066; baseline 0 -17"><span class='ocrx_word' id='word_1_511' title='bbox 1949 3012 1978 3049; x_wconf 90' lang='lat' dir='ltr'><strong>a</strong></span> <span class='ocrx_word' id='word_1_512' title='bbox 2021 2997 2279 3066; x_wconf 83' lang='lat' dir='ltr'><strong>propheta</strong></span> <span class='ocrx_word' id='word_1_513' title='bbox 2335 2996 2500 3048; x_wconf 85' lang='lat' dir='ltr'><strong>David</strong></span> <span class='ocrx_word' id='word_1_514' title='bbox 2558 2997 2866 3049; x_wconf 87' lang='lat' dir='ltr'><strong>nominatur</strong></span> <span class='ocrx_word' id='word_1_515' title='bbox 2893 2996 2959 3059; x_wconf 78' lang='lat'><strong>“,</strong></span> <span class='ocrx_word' id='word_1_516' title='bbox 3001 3012 3159 3065; x_wconf 91' lang='lat' dir='ltr'><strong>quem</strong></span> <span class='ocrx_word' id='word_1_517' title='bbox 3193 3007 3248 3050; x_wconf 88' lang='lat' dir='ltr'><strong>et</strong></span> <span class='ocrx_word' id='word_1_518' title='bbox 3284 2995 3508 3066; x_wconf 77' lang='lat' dir='ltr'><strong>digitum</strong></span> 
     </span>
    </p>
   </div>
   <div class='ocr_carea' id='block_1_67' title="bbox 1948 3087 3508 3158">
    <p class='ocr_par' dir='ltr' id='par_1_67' title="bbox 1948 3087 3508 3158">
     <span class='ocr_line' id='line_1_67' title="bbox 1948 3087 3508 3158; baseline 0.001 -17"><span class='ocrx_word' id='word_1_519' title='bbox 1948 3088 2041 3143; x_wconf 89' lang='lat' dir='ltr'><strong>Dei</strong></span> <span class='ocrx_word' id='word_1_520' title='bbox 2082 3102 2200 3141; x_wconf 88' lang='lat' dir='ltr'><strong>esse</strong></span> <span class='ocrx_word' id='word_1_521' title='bbox 2245 3088 2523 3152; x_wconf 83' lang='lat' dir='ltr'><strong>docemur,</strong></span> <span class='ocrx_word' id='word_1_522' title='bbox 2563 3103 2682 3140; x_wconf 90' lang='lat' dir='ltr'><strong>cum</strong></span> <span class='ocrx_word' id='word_1_523' title='bbox 2738 3089 2993 3142; x_wconf 88' lang='lat' dir='ltr'><strong>Dominus</strong></span> <span class='ocrx_word' id='word_1_524' title='bbox 3026 3089 3077 3141; x_wconf 92' lang='lat' dir='ltr'><strong>in</strong></span> <span class='ocrx_word' id='word_1_525' title='bbox 3120 3087 3406 3158; x_wconf 84' lang='lat' dir='ltr'><strong>Evangelio</strong></span> <span class='ocrx_word' id='word_1_526' title='bbox 3430 3090 3508 3142; x_wconf 88' lang='lat' dir='ltr'><strong>di-</strong></span> 
     </span>
    </p>
   </div>
   <div class='ocr_carea' id='block_1_68' title="bbox 1951 3178 3507 3251">
    <p class='ocr_par' dir='ltr' id='par_1_68' title="bbox 1951 3178 3507 3251">
     <span class='ocr_line' id='line_1_68' title="bbox 1951 3178 3507 3251; baseline -0.001 -16"><span class='ocrx_word' id='word_1_527' title='bbox 1951 3190 2036 3235; x_wconf 81' lang='lat' dir='ltr'><strong>c:tt</strong></span> <span class='ocrx_word' id='word_1_528' title='bbox 2064 3181 2107 3212; x_wconf 81' lang='grc'>⁸¹</span> <span class='ocrx_word' id='word_1_529' title='bbox 2142 3198 2155 3231; x_wconf 92' lang='lat'><strong>:</strong></span> <span class='ocrx_word' id='word_1_530' title='bbox 2217 3178 2277 3234; x_wconf 90' lang='lat' dir='ltr'><strong>Si</strong></span> <span class='ocrx_word' id='word_1_531' title='bbox 2310 3197 2425 3233; x_wconf 86' lang='lat' dir='ltr'><strong>vero</strong></span> <span class='ocrx_word' id='word_1_532' title='bbox 2454 3182 2505 3233; x_wconf 88' lang='lat' dir='ltr'><strong>in</strong></span> <span class='ocrx_word' id='word_1_533' title='bbox 2550 3182 2712 3249; x_wconf 83' lang='lat' dir='ltr'><strong>digito</strong></span> <span class='ocrx_word' id='word_1_534' title='bbox 2754 3181 2845 3233; x_wconf 87' lang='lat' dir='ltr'><strong>Dei</strong></span> <span class='ocrx_word' id='word_1_535' title='bbox 2894 3198 2984 3251; x_wconf 72' lang='lat' dir='ltr'><strong>ego</strong></span> <span class='ocrx_word' id='word_1_536' title='bbox 3019 3180 3172 3249; x_wconf 84' lang='lat' dir='ltr'><strong>ejicio</strong></span> <span class='ocrx_word' id='word_1_537' title='bbox 3220 3181 3507 3235; x_wconf 67' lang='lat' dir='ltr'><strong>daemonia.</strong></span> 
     </span>
    </p>
   </div>
   <div class='ocr_carea' id='block_1_69' title="bbox 1951 3272 3509 3336">
    <p class='ocr_par' dir='ltr' id='par_1_69' title="bbox 1951 3272 3509 3336">
     <span class='ocr_line' id='line_1_69' title="bbox 1951 3272 3509 3336; baseline 0 -11"><span class='ocrx_word' id='word_1_538' title='bbox 1951 3272 2074 3327; x_wconf 66' lang='lat' dir='ltr'><strong>llaec</strong></span> <span class='ocrx_word' id='word_1_539' title='bbox 2134 3273 2274 3325; x_wconf 89' lang='lat' dir='ltr'><strong>dicta</strong></span> <span class='ocrx_word' id='word_1_540' title='bbox 2317 3281 2461 3334; x_wconf 87' lang='lat' dir='ltr'><strong>sunt,</strong></span> <span class='ocrx_word' id='word_1_541' title='bbox 2496 3282 2549 3325; x_wconf 89' lang='lat' dir='ltr'><strong>et</strong></span> <span class='ocrx_word' id='word_1_542' title='bbox 2598 3280 2722 3325; x_wconf 91' lang='lat' dir='ltr'><strong>sunt</strong></span> <span class='ocrx_word' id='word_1_543' title='bbox 2768 3283 2914 3325; x_wconf 85' lang='lat' dir='ltr'><strong>reete</strong></span> <span class='ocrx_word' id='word_1_544' title='bbox 2952 3272 3111 3333; x_wconf 84' lang='lat' dir='ltr'><strong>dicta,</strong></span> <span class='ocrx_word' id='word_1_545' title='bbox 3153 3272 3315 3325; x_wconf 88' lang='lat' dir='ltr'><strong>sicuti</strong></span> <span class='ocrx_word' id='word_1_546' title='bbox 3361 3284 3509 3336; x_wconf 89' lang='lat' dir='ltr'><strong>sunt,</strong></span> 
     </span>
    </p>
   </div>
   <div class='ocr_carea' id='block_1_70' title="bbox 1951 3366 3507 3436">
    <p class='ocr_par' dir='ltr' id='par_1_70' title="bbox 1951 3366 3507 3436">
     <span class='ocr_line' id='line_1_70' title="bbox 1951 3366 3507 3436; baseline 0.001 -17"><span class='ocrx_word' id='word_1_547' title='bbox 1951 3366 2017 3419; x_wconf 90' lang='lat' dir='ltr'><strong>iis</strong></span> <span class='ocrx_word' id='word_1_548' title='bbox 2037 3367 2149 3435; x_wconf 91' lang='lat' dir='ltr'><strong>qui,</strong></span> <span class='ocrx_word' id='word_1_549' title='bbox 2177 3368 2293 3421; x_wconf 87' lang='lat' dir='ltr'><strong>sine</strong></span> <span class='ocrx_word' id='word_1_550' title='bbox 2318 3368 2530 3421; x_wconf 82' lang='lat' dir='ltr'><strong>curiosa</strong></span> <span class='ocrx_word' id='word_1_551' title='bbox 2552 3367 2978 3436; x_wconf 73' lang='lat' dir='ltr'><strong>investigatione,</strong></span> <span class='ocrx_word' id='word_1_552' title='bbox 3001 3368 3226 3421; x_wconf 89' lang='lat' dir='ltr'><strong>credunt</strong></span> <span class='ocrx_word' id='word_1_553' title='bbox 3256 3367 3308 3421; x_wconf 91' lang='lat' dir='ltr'><strong>in</strong></span> <span class='ocrx_word' id='word_1_554' title='bbox 3341 3368 3507 3421; x_wconf 86' lang='lat' dir='ltr'><strong>Deum</strong></span> 
     </span>
    </p>
   </div>
   <div class='ocr_carea' id='block_1_71' title="bbox 1950 3456 3509 3529">
    <p class='ocr_par' dir='ltr' id='par_1_71' title="bbox 1950 3456 3509 3529">
     <span class='ocr_line' id='line_1_71' title="bbox 1950 3456 3509 3529; baseline 0.001 -18"><span class='ocrx_word' id='word_1_555' title='bbox 1950 3468 2004 3511; x_wconf 89' lang='lat' dir='ltr'><strong>et</strong></span> <span class='ocrx_word' id='word_1_556' title='bbox 2028 3456 2264 3512; x_wconf 78' lang='lat' dir='ltr'><strong>Verbum</strong></span> <span class='ocrx_word' id='word_1_557' title='bbox 2283 3468 2337 3513; x_wconf 90' lang='lat' dir='ltr'><strong>et</strong></span> <span class='ocrx_word' id='word_1_558' title='bbox 2366 3457 2649 3525; x_wconf 86' lang='lat' dir='ltr'><strong>Spiritum,</strong></span> <span class='ocrx_word' id='word_1_559' title='bbox 2681 3474 2842 3513; x_wconf 87' lang='lat' dir='ltr'><strong>uuam</strong></span> <span class='ocrx_word' id='word_1_560' title='bbox 2870 3460 3147 3523; x_wconf 72' lang='lat' dir='ltr'><strong>deitatem,</strong></span> <span class='ocrx_word' id='word_1_561' title='bbox 3181 3474 3299 3529; x_wconf 68' lang='lat' dir='ltr'><strong>quae</strong></span> <span class='ocrx_word' id='word_1_562' title='bbox 3320 3471 3373 3513; x_wconf 89' lang='lat' dir='ltr'><strong>ct</strong></span> <span class='ocrx_word' id='word_1_563' title='bbox 3400 3460 3509 3514; x_wconf 85' lang='lat' dir='ltr'><strong>sola</strong></span> 
     </span>
    </p>
   </div>
   <div class='ocr_carea' id='block_1_72' title="bbox 1952 3550 3510 3621">
    <p class='ocr_par' dir='ltr' id='par_1_72' title="bbox 1952 3550 3510 3621">
     <span class='ocr_line' id='line_1_72' title="bbox 1952 3550 3510 3621; baseline 0.002 -19"><span class='ocrx_word' id='word_1_564' title='bbox 1952 3550 2222 3604; x_wconf 82' lang='lat' dir='ltr'><strong>adoranda</strong></span> <span class='ocrx_word' id='word_1_565' title='bbox 2264 3562 2370 3605; x_wconf 87' lang='lat' dir='ltr'><strong>est.</strong></span> <span class='ocrx_word' id='word_1_566' title='bbox 2404 3550 2469 3603; x_wconf 83' lang='lat' dir='ltr'><strong>Et</strong></span> <span class='ocrx_word' id='word_1_567' title='bbox 2516 3560 2575 3605; x_wconf 84' lang='lat' dir='ltr'><strong>ut</strong></span> <span class='ocrx_word' id='word_1_568' title='bbox 2614 3567 2877 3621; x_wconf 88' lang='lat' dir='ltr'><strong>nusquam</strong></span> <span class='ocrx_word' id='word_1_569' title='bbox 2912 3552 3281 3605; x_wconf 82' lang='lat' dir='ltr'><strong>iutroducatur</strong></span> <span class='ocrx_word' id='word_1_570' title='bbox 3328 3551 3510 3605; x_wconf 91' lang='lat' dir='ltr'><strong>multi-</strong></span> 
     </span>
    </p>
   </div>
   <div class='ocr_carea' id='block_1_73' title="bbox 276 3638 3511 3714">
    <p class='ocr_par' dir='ltr' id='par_1_73' title="bbox 276 3638 3511 3714">
     <span class='ocr_line' id='line_1_73' title="bbox 276 3638 3511 3714; baseline 0.004 -27"><span class='ocrx_word' id='word_1_571' title='bbox 276 3640 428 3701; x_wconf 89' lang='lat' dir='ltr'><strong>tudo,</strong></span> <span class='ocrx_word' id='word_1_572' title='bbox 451 3640 542 3692; x_wconf 93' lang='lat' dir='ltr'><strong>sed</strong></span> <span class='ocrx_word' id='word_1_573' title='bbox 567 3638 978 3706; x_wconf 85' lang='lat' dir='ltr'><strong>unumquodque</strong></span> <span class='ocrx_word' id='word_1_574' title='bbox 1021 3639 1070 3691; x_wconf 93' lang='lat' dir='ltr'><strong>in</strong></span> <span class='ocrx_word' id='word_1_575' title='bbox 1099 3638 1361 3693; x_wconf 85' lang='lat' dir='ltr'><strong>Trinitate</strong></span> <span class='ocrx_word' id='word_1_576' title='bbox 1426 3654 1587 3692; x_wconf 91' lang='lat' dir='ltr'><strong>unum</strong></span> <span class='ocrx_word' id='word_1_577' title='bbox 1655 3655 1776 3696; x_wconf 84' lang='lat' dir='ltr'><strong>esse</strong></span> <span class='ocrx_word' id='word_1_578' title='bbox 1839 3652 2218 3710; x_wconf 84' lang='lat' dir='ltr'><strong>cognoscatur,</strong></span> <span class='ocrx_word' id='word_1_579' title='bbox 2290 3658 2427 3698; x_wconf 90' lang='lat' dir='ltr'><strong>unus</strong></span> <span class='ocrx_word' id='word_1_580' title='bbox 2458 3643 2617 3697; x_wconf 87' lang='lat' dir='ltr'><strong>Pater</strong></span> <span class='ocrx_word' id='word_1_581' title='bbox 2644 3682 2659 3705; x_wconf 88' lang='lat'><strong>,</strong></span> <span class='ocrx_word' id='word_1_582' title='bbox 2684 3658 2823 3698; x_wconf 88' lang='lat' dir='ltr'><strong>unus</strong></span> <span class='ocrx_word' id='word_1_583' title='bbox 2849 3642 3016 3698; x_wconf 86' lang='lat' dir='ltr'><strong>Filius</strong></span> <span class='ocrx_word' id='word_1_584' title='bbox 3037 3684 3051 3709; x_wconf 88' lang='lat'><strong>,</strong></span> <span class='ocrx_word' id='word_1_585' title='bbox 3082 3659 3220 3699; x_wconf 88' lang='lat' dir='ltr'><strong>unus</strong></span> <span class='ocrx_word' id='word_1_586' title='bbox 3275 3645 3511 3714; x_wconf 88' lang='lat' dir='ltr'><strong>Spiritus</strong></span> 
     </span>
    </p>
   </div>
   <div class='ocr_carea' id='block_1_74' title="bbox 274 3741 517 3788">
    <p class='ocr_par' dir='ltr' id='par_1_74' title="bbox 274 3741 517 3788">
     <span class='ocr_line' id='line_1_74' title="bbox 274 3741 517 3788; baseline 0.012 -5"><span class='ocrx_word' id='word_1_587' title='bbox 274 3741 517 3788; x_wconf 77' lang='lat' dir='ltr'><strong>Sanctus.</strong></span> 
     </span>
    </p>
   </div>
   <div class='ocr_carea' id='block_1_75' title="bbox 274 3822 1851 3895">
    <p class='ocr_par' dir='ltr' id='par_1_75' title="bbox 274 3822 1851 3895">
     <span class='ocr_line' id='line_1_75' title="bbox 274 3822 1851 3895; baseline 0.003 -20"><span class='ocrx_word' id='word_1_588' title='bbox 274 3826 413 3895; x_wconf 24' lang='grc' dir='ltr'><strong>Ὅτι,</strong></span> <span class='ocrx_word' id='word_1_589' title='bbox 445 3824 543 3876; x_wconf 79' lang='grc' dir='ltr'>καὶ</span> <span class='ocrx_word' id='word_1_590' title='bbox 595 3822 740 3877; x_wconf 73' lang='grc' dir='ltr'><strong>ἄνευ</strong></span> <span class='ocrx_word' id='word_1_591' title='bbox 797 3824 901 3877; x_wconf 82' lang='grc' dir='ltr'><strong>τοῦ</strong></span> <span class='ocrx_word' id='word_1_592' title='bbox 943 3823 1253 3895; x_wconf 71' lang='grc' dir='ltr'>καλεῖσθαι</span> <span class='ocrx_word' id='word_1_593' title='bbox 1314 3824 1445 3878; x_wconf 79' lang='grc' dir='ltr'><strong>υἱὸν</strong></span> <span class='ocrx_word' id='word_1_594' title='bbox 1499 3827 1851 3895; x_wconf 14' lang='grc' dir='ltr'>τὸνΠνεῦμα</span> 
     </span>
    </p>
   </div>
   <div class='ocr_carea' id='block_1_76' title="bbox 352 3893 1851 3963">
    <p class='ocr_par' dir='ltr' id='par_1_76' title="bbox 352 3893 1851 3963">
     <span class='ocr_line' id='line_1_76' title="bbox 352 3893 1851 3963; baseline -0.001 -14"><span class='ocrx_word' id='word_1_595' title='bbox 352 3893 541 3961; x_wconf 78' lang='grc' dir='ltr'>δῆλόν</span> <span class='ocrx_word' id='word_1_596' title='bbox 580 3896 749 3947; x_wconf 83' lang='grc' dir='ltr'>ἐστιν</span> <span class='ocrx_word' id='word_1_597' title='bbox 781 3894 849 3947; x_wconf 84' lang='grc' dir='ltr'>ἐκ</span> <span class='ocrx_word' id='word_1_598' title='bbox 890 3895 1035 3949; x_wconf 83' lang='grc' dir='ltr'>Θεοῦ</span> <span class='ocrx_word' id='word_1_599' title='bbox 1080 3893 1385 3961; x_wconf 78' lang='grc' dir='ltr'>ὑπάρχον·</span> <span class='ocrx_word' id='word_1_600' title='bbox 1443 3895 1539 3947; x_wconf 77' lang='grc' dir='ltr'>καὶ</span> <span class='ocrx_word' id='word_1_601' title='bbox 1571 3894 1685 3963; x_wconf 77' lang='grc'>(58)</span> <span class='ocrx_word' id='word_1_602' title='bbox 1726 3893 1851 3963; x_wconf 73' lang='grc' dir='ltr'>πῶς</span> 
     </span>
    </p>
   </div>
   <div class='ocr_carea' id='block_1_77' title="bbox 347 3962 1849 4033">
    <p class='ocr_par' dir='ltr' id='par_1_77' title="bbox 347 3962 1849 4033">
     <span class='ocr_line' id='line_1_77' title="bbox 347 3962 1849 4033; baseline 0.001 -15"><span class='ocrx_word' id='word_1_603' title='bbox 347 3966 419 4018; x_wconf 85' lang='grc' dir='ltr'>τὰ</span> <span class='ocrx_word' id='word_1_604' title='bbox 470 3963 805 4032; x_wconf 78' lang='grc' dir='ltr'>ἀνθρώπινα</span> <span class='ocrx_word' id='word_1_605' title='bbox 862 3962 1303 4032; x_wconf 77' lang='grc' dir='ltr'>παραδείγματα</span> <span class='ocrx_word' id='word_1_606' title='bbox 1356 3962 1849 4033; x_wconf 73' lang='grc' dir='ltr'>προσαρμοστέον</span> 
     </span>
    </p>
   </div>
   <div class='ocr_carea' id='block_1_78' title="bbox 345 4034 1247 4101">
    <p class='ocr_par' dir='ltr' id='par_1_78' title="bbox 345 4034 1247 4101">
     <span class='ocr_line' id='line_1_78' title="bbox 345 4034 1247 4101; baseline -0.003 -12"><span class='ocrx_word' id='word_1_607' title='bbox 345 4036 593 4101; x_wconf 82' lang='grc' dir='ltr'>θεότητι,</span> <span class='ocrx_word' id='word_1_608' title='bbox 630 4035 726 4088; x_wconf 81' lang='grc' dir='ltr'>καὶ</span> <span class='ocrx_word' id='word_1_609' title='bbox 751 4038 822 4088; x_wconf 84' lang='grc' dir='ltr'>οὺ</span> <span class='ocrx_word' id='word_1_610' title='bbox 848 4034 1247 4101; x_wconf 69' lang='grc' dir='ltr'>καθαιρετέον.</span> 
     </span>
    </p>
   </div>
   <div class='ocr_carea' id='block_1_79' title="bbox 345 4125 1847 4196">
    <p class='ocr_par' dir='ltr' id='par_1_79' title="bbox 345 4125 1847 4196">
     <span class='ocr_line' id='line_1_79' title="bbox 345 4125 1847 4196; baseline 0.001 -17"><span class='ocrx_word' id='word_1_611' title='bbox 345 4126 479 4179; x_wconf 82' lang='grc' dir='ltr'><strong>Οὐδὲ</strong></span> <span class='ocrx_word' id='word_1_612' title='bbox 507 4125 615 4195; x_wconf 79' lang='grc' dir='ltr'>γὰρ</span> <span class='ocrx_word' id='word_1_613' title='bbox 650 4126 868 4179; x_wconf 81' lang='grc' dir='ltr'>ἔλαττόν</span> <span class='ocrx_word' id='word_1_614' title='bbox 910 4144 962 4178; x_wconf 88' lang='grc' dir='ltr'><strong>τι</strong></span> <span class='ocrx_word' id='word_1_615' title='bbox 1007 4125 1146 4188; x_wconf 75' lang='grc' dir='ltr'>ἕξειν</span> <span class='ocrx_word' id='word_1_616' title='bbox 1186 4126 1295 4195; x_wconf 85' lang='grc'>(59)</span> <span class='ocrx_word' id='word_1_617' title='bbox 1350 4126 1613 4196; x_wconf 85' lang='grc' dir='ltr'>μέλλομεν</span> <span class='ocrx_word' id='word_1_618' title='bbox 1662 4130 1741 4191; x_wconf 78' lang='grc' dir='ltr'>εἰς</span> <span class='ocrx_word' id='word_1_619' title='bbox 1788 4129 1847 4181; x_wconf 84' lang='grc' dir='ltr'><strong>τὸ</strong></span> 
     </span>
    </p>
   </div>
   <div class='ocr_carea' id='block_1_80' title="bbox 274 4215 1843 4289">
    <p class='ocr_par' dir='ltr' id='par_1_80' title="bbox 274 4215 1843 4289">
     <span class='ocr_line' id='line_1_80' title="bbox 274 4215 1843 4289; baseline -0.001 -17"><span class='ocrx_word' id='word_1_620' title='bbox 274 4217 561 4289; x_wconf 81' lang='grc' dir='ltr'>γινώσκειν</span> <span class='ocrx_word' id='word_1_621' title='bbox 584 4215 644 4268; x_wconf 78' lang='grc' dir='ltr'>τὸ</span> <span class='ocrx_word' id='word_1_622' title='bbox 675 4217 897 4287; x_wconf 88' lang='grc' dir='ltr'>Πνεῦμα</span> <span class='ocrx_word' id='word_1_623' title='bbox 924 4217 1166 4287; x_wconf 86' lang='grc' dir='ltr'>ὑπάρχον</span> <span class='ocrx_word' id='word_1_624' title='bbox 1209 4220 1271 4269; x_wconf 84' lang='grc' dir='ltr'><strong>ὲκ</strong></span> <span class='ocrx_word' id='word_1_625' title='bbox 1299 4217 1453 4283; x_wconf 84' lang='grc' dir='ltr'>Θεοῦ,</span> <span class='ocrx_word' id='word_1_626' title='bbox 1497 4218 1718 4287; x_wconf 84' lang='grc' dir='ltr'>Πνεῦμα</span> <span class='ocrx_word' id='word_1_627' title='bbox 1751 4220 1843 4271; x_wconf 86' lang='grc' dir='ltr'><strong>τοῦ</strong></span> 
     </span>
    </p>
   </div>
   <div class='ocr_carea' id='block_1_81' title="bbox 276 4307 1833 4377">
    <p class='ocr_par' dir='ltr' id='par_1_81' title="bbox 276 4307 1833 4377">
     <span class='ocr_line' id='line_1_81' title="bbox 276 4307 1833 4377; baseline 0.001 -16"><span class='ocrx_word' id='word_1_628' title='bbox 276 4309 543 4377; x_wconf 75' lang='grc' dir='ltr'>στόματος</span> <span class='ocrx_word' id='word_1_629' title='bbox 583 4307 745 4360; x_wconf 86' lang='grc' dir='ltr'>αὑτοῦ</span> <span class='ocrx_word' id='word_1_630' title='bbox 789 4308 1073 4370; x_wconf 76' lang='grc' dir='ltr'>ἀκούοντες</span> <span class='ocrx_word' id='word_1_631' title='bbox 1120 4308 1268 4361; x_wconf 76' lang='grc' dir='ltr'>αὑτό.</span> <span class='ocrx_word' id='word_1_632' title='bbox 1332 4308 1469 4360; x_wconf 79' lang='grc' dir='ltr'>Ἀλλ’</span> <span class='ocrx_word' id='word_1_633' title='bbox 1513 4309 1693 4361; x_wconf 73' lang='grc' dir='ltr'>ἱκανὸν</span> <span class='ocrx_word' id='word_1_634' title='bbox 1738 4311 1833 4362; x_wconf 74' lang='grc' dir='ltr'>καὶ</span> 
     </span>
    </p>
   </div>
   <div class='ocr_carea' id='block_1_82' title="bbox 273 4398 1843 4473">
    <p class='ocr_par' dir='ltr' id='par_1_82' title="bbox 273 4398 1843 4473">
     <span class='ocr_line' id='line_1_82' title="bbox 273 4398 1843 4473; baseline 0.003 -23"><span class='ocrx_word' id='word_1_635' title='bbox 273 4398 432 4451; x_wconf 86' lang='grc' dir='ltr'>τοῦτο</span> <span class='ocrx_word' id='word_1_636' title='bbox 464 4400 524 4451; x_wconf 75' lang='grc' dir='ltr'>τὸ</span> <span class='ocrx_word' id='word_1_637' title='bbox 551 4399 718 4469; x_wconf 77' lang='grc' dir='ltr'>ὄνομα</span> <span class='ocrx_word' id='word_1_638' title='bbox 751 4401 848 4469; x_wconf 83' lang='grc' dir='ltr'>τὴν</span> <span class='ocrx_word' id='word_1_639' title='bbox 880 4399 989 4469; x_wconf 85' lang='grc'>(60)</span> <span class='ocrx_word' id='word_1_640' title='bbox 1021 4400 1251 4469; x_wconf 77' lang='grc' dir='ltr'>ὓπαρξιν</span> <span class='ocrx_word' id='word_1_641' title='bbox 1285 4400 1445 4452; x_wconf 81' lang='grc' dir='ltr'>αὑτοῦ</span> <span class='ocrx_word' id='word_1_642' title='bbox 1473 4401 1707 4471; x_wconf 84' lang='grc' dir='ltr'>δηλῶσαι</span> <span class='ocrx_word' id='word_1_643' title='bbox 1747 4402 1843 4473; x_wconf 79' lang='grc' dir='ltr'>τὴν</span> 
     </span>
    </p>
   </div>
   <div class='ocr_carea' id='block_1_83' title="bbox 276 4488 1840 4559">
    <p class='ocr_par' dir='ltr' id='par_1_83' title="bbox 276 4488 1840 4559">
     <span class='ocr_line' id='line_1_83' title="bbox 276 4488 1840 4559; baseline 0.003 -21"><span class='ocrx_word' id='word_1_644' title='bbox 276 4489 342 4539; x_wconf 86' lang='grc' dir='ltr'><strong>ἐκ</strong></span> <span class='ocrx_word' id='word_1_645' title='bbox 371 4488 526 4541; x_wconf 79' lang='grc' dir='ltr'>Θεοῦ.</span> <span class='ocrx_word' id='word_1_646' title='bbox 554 4490 689 4541; x_wconf 79' lang='grc' dir='ltr'>Οὐδὲ</span> <span class='ocrx_word' id='word_1_647' title='bbox 722 4489 830 4559; x_wconf 81' lang='grc' dir='ltr'>γὰρ</span> <span class='ocrx_word' id='word_1_648' title='bbox 858 4490 1001 4550; x_wconf 75' lang='grc' dir='ltr'>υἱὸς,</span> <span class='ocrx_word' id='word_1_649' title='bbox 1049 4489 1156 4541; x_wconf 76' lang='grc' dir='ltr'>οὐδ’</span> <span class='ocrx_word' id='word_1_650' title='bbox 1191 4490 1223 4558; x_wconf 81' lang='grc' dir='ltr'>ἡ</span> <span class='ocrx_word' id='word_1_651' title='bbox 1256 4490 1511 4558; x_wconf 80' lang='grc' dir='ltr'>γέννησις</span> <span class='ocrx_word' id='word_1_652' title='bbox 1560 4490 1689 4543; x_wconf 78' lang='grc' dir='ltr'>ἰδιον</span> <span class='ocrx_word' id='word_1_653' title='bbox 1723 4491 1840 4543; x_wconf 86' lang='grc' dir='ltr'>θεό-</span> 
     </span>
    </p>
   </div>
   <div class='ocr_carea' id='block_1_84' title="bbox 273 4578 1838 4651">
    <p class='ocr_par' dir='ltr' id='par_1_84' title="bbox 273 4578 1838 4651">
     <span class='ocr_line' id='line_1_84' title="bbox 273 4578 1838 4651; baseline 0.002 -21"><span class='ocrx_word' id='word_1_654' title='bbox 273 4593 456 4649; x_wconf 80' lang='grc' dir='ltr'>τητος,</span> <span class='ocrx_word' id='word_1_655' title='bbox 490 4579 600 4632; x_wconf 83' lang='grc' dir='ltr'>ἀλλ’</span> <span class='ocrx_word' id='word_1_656' title='bbox 633 4580 689 4645; x_wconf 79' lang='grc' dir='ltr'><strong>ἐξ</strong></span> <span class='ocrx_word' id='word_1_657' title='bbox 724 4578 1067 4649; x_wconf 86' lang='grc' dir='ltr'>ἀνθρωπίνης</span> <span class='ocrx_word' id='word_1_658' title='bbox 1095 4579 1409 4647; x_wconf 84' lang='grc' dir='ltr'>ὁμοιότητος</span> <span class='ocrx_word' id='word_1_659' title='bbox 1448 4578 1560 4646; x_wconf 75' lang='grc'>(61)</span> <span class='ocrx_word' id='word_1_660' title='bbox 1589 4581 1838 4651; x_wconf 78' lang='grc' dir='ltr'>ἀνῆκται.</span> 
     </span>
    </p>
   </div>
   <div class='ocr_carea' id='block_1_85' title="bbox 349 4690 1448 4756">
    <p class='ocr_par' dir='ltr' id='par_1_85' title="bbox 349 4690 1448 4756">
     <span class='ocr_line' id='line_1_85' title="bbox 349 4690 1448 4756; baseline -0.002 -10"><span class='ocrx_word' id='word_1_661' title='bbox 349 4690 395 4723; x_wconf 83' lang='grc'><strong>⁸⁰</strong></span> <span class='ocrx_word' id='word_1_662' title='bbox 423 4693 441 4746; x_wconf 90' lang='grc'><strong>1</strong></span> <span class='ocrx_word' id='word_1_663' title='bbox 473 4693 595 4748; x_wconf 81' lang='lat' dir='ltr'><strong>Cor.</strong></span> <span class='ocrx_word' id='word_1_664' title='bbox 632 4708 698 4756; x_wconf 94' lang='lat' dir='ltr'><strong>ll,</strong></span> <span class='ocrx_word' id='word_1_665' title='bbox 735 4690 818 4744; x_wconf 71' lang='lat' dir='ltr'><strong>l2.</strong></span> <span class='ocrx_word' id='word_1_666' title='bbox 898 4691 941 4723; x_wconf 70' lang='grc'>⁸³</span> <span class='ocrx_word' id='word_1_667' title='bbox 987 4691 1125 4744; x_wconf 84' lang='lat' dir='ltr'><strong>Psal.</strong></span> <span class='ocrx_word' id='word_1_668' title='bbox 1170 4706 1344 4756; x_wconf 67' lang='lat' dir='ltr'><strong>xxxii,</strong></span> <span class='ocrx_word' id='word_1_669' title='bbox 1396 4690 1448 4744; x_wconf 85' lang='lat'><strong>6.</strong></span> 
     </span>
    </p>
   </div>
   <div class='ocr_carea' id='block_1_86' title="bbox 351 4825 1914 4911">
    <p class='ocr_par' dir='ltr' id='par_1_86' title="bbox 351 4825 1914 4911">
     <span class='ocr_line' id='line_1_86' title="bbox 351 4825 1914 4911; baseline 0.001 -28"><span class='ocrx_word' id='word_1_670' title='bbox 351 4829 463 4911; x_wconf 65' lang='grc' dir='ltr'>(ξὸ)</span> <span class='ocrx_word' id='word_1_671' title='bbox 494 4825 723 4911; x_wconf 46' lang='lat' dir='ltr'><strong>Prono-3x;</strong></span> <span class='ocrx_word' id='word_1_672' title='bbox 767 4830 1354 4911; x_wconf 37' lang='lat' dir='ltr'><strong>legit-irruit!“quatuor</strong></span> <span class='ocrx_word' id='word_1_673' title='bbox 1378 4833 1655 4911; x_wconf 79' lang='lat' dir='ltr'><strong>codicibus</strong></span> <span class='ocrx_word' id='word_1_674' title='bbox 1680 4833 1831 4900; x_wconf 87' lang='grc' dir='ltr'>γοῦν.</span> <span class='ocrx_word' id='word_1_675' title='bbox 1870 4843 1914 4900; x_wconf 84' lang='grc' dir='ltr'>ι)</span> 
     </span>
    </p>
   </div>
   <div class='ocr_carea' id='block_1_87' title="bbox 280 4899 1833 4972">
    <p class='ocr_par' dir='ltr' id='par_1_87' title="bbox 280 4899 1833 4972">
     <span class='ocr_line' id='line_1_87' title="bbox 280 4899 1833 4972; baseline 0.005 -19"><span class='ocrx_word' id='word_1_676' title='bbox 280 4899 495 4972; x_wconf 70' lang='lat' dir='ltr'><strong>lhitlenr</strong></span> <span class='ocrx_word' id='word_1_677' title='bbox 530 4904 665 4972; x_wconf 83' lang='lat' dir='ltr'><strong>editi</strong></span> <span class='ocrx_word' id='word_1_678' title='bbox 729 4899 846 4953; x_wconf 79' lang='grc' dir='ltr'>υἱοῦ</span> <span class='ocrx_word' id='word_1_679' title='bbox 870 4901 951 4972; x_wconf 2' lang='grc' dir='ltr'>’,ἐξ</span> <span class='ocrx_word' id='word_1_680' title='bbox 985 4899 1154 4968; x_wconf 56' lang='grc' dir='ltr'>Υἱοῦί</span> <span class='ocrx_word' id='word_1_681' title='bbox 1181 4903 1502 4972; x_wconf 69' lang='lat' dir='ltr'><strong>negligentia</strong></span> <span class='ocrx_word' id='word_1_682' title='bbox 1527 4899 1833 4972; x_wconf 86' lang='lat' dir='ltr'><strong>operarum.</strong></span> 
     </span>
    </p>
   </div>
   <div class='ocr_carea' id='block_1_88' title="bbox 278 4969 1066 5038">
    <p class='ocr_par' dir='ltr' id='par_1_88' title="bbox 278 4969 1066 5038">
     <span class='ocr_line' id='line_1_88' title="bbox 278 4969 1066 5038; baseline 0 -13"><span class='ocrx_word' id='word_1_683' title='bbox 278 4969 496 5038; x_wconf 82' lang='lat' dir='ltr'><strong>Antiqui</strong></span> <span class='ocrx_word' id='word_1_684' title='bbox 529 4971 647 5025; x_wconf 59' lang='lat' dir='ltr'><strong>libri</strong></span> <span class='ocrx_word' id='word_1_685' title='bbox 689 4973 801 5025; x_wconf 84' lang='grc' dir='ltr'>υἱὸν</span> <span class='ocrx_word' id='word_1_686' title='bbox 832 4969 891 5034; x_wconf 76' lang='grc' dir='ltr'>ἐξ</span> <span class='ocrx_word' id='word_1_687' title='bbox 922 4972 1066 5025; x_wconf 84' lang='grc' dir='ltr'>Υἱοῦ.</span> 
     </span>
    </p>
   </div>
   <div class='ocr_carea' id='block_1_89' title="bbox 351 5040 1833 5114">
    <p class='ocr_par' dir='ltr' id='par_1_89' title="bbox 351 5040 1833 5114">
     <span class='ocr_line' id='line_1_89' title="bbox 351 5040 1833 5114; baseline 0.003 -21"><span class='ocrx_word' id='word_1_688' title='bbox 351 5040 620 5110; x_wconf 67' lang='lat' dir='ltr'><strong>(5i)Ecliti</strong></span> <span class='ocrx_word' id='word_1_689' title='bbox 677 5054 730 5094; x_wconf 90' lang='lat' dir='ltr'><strong>et</strong></span> <span class='ocrx_word' id='word_1_690' title='bbox 777 5058 901 5094; x_wconf 85' lang='lat' dir='ltr'><strong>mss.</strong></span> <span class='ocrx_word' id='word_1_691' title='bbox 959 5043 1194 5095; x_wconf 90' lang='lat' dir='ltr'><strong>nonnulli</strong></span> <span class='ocrx_word' id='word_1_692' title='bbox 1258 5041 1445 5111; x_wconf 70' lang='grc' dir='ltr'>σαφῶς</span> <span class='ocrx_word' id='word_1_693' title='bbox 1510 5043 1833 5114; x_wconf 83' lang='grc' dir='ltr'>πεποίηκεν.</span> 
     </span>
    </p>
   </div>
   <div class='ocr_carea' id='block_1_90' title="bbox 276 5113 1038 5178">
    <p class='ocr_par' dir='ltr' id='par_1_90' title="bbox 276 5113 1038 5178">
     <span class='ocr_line' id='line_1_90' title="bbox 276 5113 1038 5178; baseline -0.004 -14"><span class='ocrx_word' id='word_1_694' title='bbox 276 5113 381 5164; x_wconf 80' lang='lat' dir='ltr'><strong>Alii</strong></span> <span class='ocrx_word' id='word_1_695' title='bbox 419 5123 525 5163; x_wconf 77' lang='lat' dir='ltr'><strong>tres</strong></span> <span class='ocrx_word' id='word_1_696' title='bbox 557 5125 680 5161; x_wconf 89' lang='lat' dir='ltr'><strong>mss.</strong></span> <span class='ocrx_word' id='word_1_697' title='bbox 714 5114 876 5178; x_wconf 73' lang='grc' dir='ltr'>σαφὲς</span> <span class='ocrx_word' id='word_1_698' title='bbox 909 5127 1038 5163; x_wconf 86' lang='grc' dir='ltr'>πεπ.</span> 
     </span>
    </p>
   </div>
   <div class='ocr_carea' id='block_1_91' title="bbox 348 5179 1838 5251">
    <p class='ocr_par' dir='ltr' id='par_1_91' title="bbox 348 5179 1838 5251">
     <span class='ocr_line' id='line_1_91' title="bbox 348 5179 1838 5251; baseline 0.002 -18"><span class='ocrx_word' id='word_1_699' title='bbox 348 5180 460 5250; x_wconf 79' lang='grc'>(55)</span> <span class='ocrx_word' id='word_1_700' title='bbox 486 5179 704 5234; x_wconf 83' lang='lat' dir='ltr'><strong>Veteres</strong></span> <span class='ocrx_word' id='word_1_701' title='bbox 728 5184 926 5247; x_wconf 80' lang='lat' dir='ltr'><strong>aliquot</strong></span> <span class='ocrx_word' id='word_1_702' title='bbox 958 5179 1075 5234; x_wconf 88' lang='lat' dir='ltr'><strong>libri</strong></span> <span class='ocrx_word' id='word_1_703' title='bbox 1098 5180 1172 5243; x_wconf 85' lang='grc' dir='ltr'>ὠς</span> <span class='ocrx_word' id='word_1_704' title='bbox 1199 5181 1257 5233; x_wconf 76' lang='grc' dir='ltr'>τὸ</span> <span class='ocrx_word' id='word_1_705' title='bbox 1278 5181 1586 5251; x_wconf 78' lang='grc' dir='ltr'>ἀνθρώπου.</span> <span class='ocrx_word' id='word_1_706' title='bbox 1612 5183 1838 5237; x_wconf 89' lang='lat' dir='ltr'><strong>Dubium</strong></span> 
     </span>
    </p>
   </div>
   <div class='ocr_carea' id='block_1_92' title="bbox 277 5251 1837 5320">
    <p class='ocr_par' dir='ltr' id='par_1_92' title="bbox 277 5251 1837 5320">
     <span class='ocr_line' id='line_1_92' title="bbox 277 5251 1837 5320; baseline 0.002 -18"><span class='ocrx_word' id='word_1_707' title='bbox 277 5266 384 5303; x_wconf 87' lang='lat' dir='ltr'><strong>non</strong></span> <span class='ocrx_word' id='word_1_708' title='bbox 416 5260 518 5313; x_wconf 80' lang='lat' dir='ltr'><strong>est,</strong></span> <span class='ocrx_word' id='word_1_709' title='bbox 545 5252 671 5320; x_wconf 84' lang='lat' dir='ltr'><strong>quin</strong></span> <span class='ocrx_word' id='word_1_710' title='bbox 709 5254 941 5314; x_wconf 80' lang='lat' dir='ltr'><strong>scriptor</strong></span> <span class='ocrx_word' id='word_1_711' title='bbox 994 5251 1242 5315; x_wconf 82' lang='lat' dir='ltr'><strong>respiciat</strong></span> <span class='ocrx_word' id='word_1_712' title='bbox 1276 5254 1340 5306; x_wconf 88' lang='lat' dir='ltr'><strong>ad</strong></span> <span class='ocrx_word' id='word_1_713' title='bbox 1369 5255 1479 5305; x_wconf 69' lang='lat' dir='ltr'><strong>haec</strong></span> <span class='ocrx_word' id='word_1_714' title='bbox 1521 5254 1679 5305; x_wconf 81' lang='lat' dir='ltr'><strong>verba</strong></span> <span class='ocrx_word' id='word_1_715' title='bbox 1714 5255 1837 5319; x_wconf 76' lang='lat' dir='ltr'><strong>Epi-</strong></span> 
     </span>
    </p>
   </div>
   <div class='ocr_carea' id='block_1_93' title="bbox 277 5320 1839 5387">
    <p class='ocr_par' dir='ltr' id='par_1_93' title="bbox 277 5320 1839 5387">
     <span class='ocr_line' id='line_1_93' title="bbox 277 5320 1839 5387; baseline 0.004 -18"><span class='ocrx_word' id='word_1_716' title='bbox 277 5320 429 5372; x_wconf 69' lang='lat' dir='ltr'><strong>stulae</strong></span> <span class='ocrx_word' id='word_1_717' title='bbox 469 5324 652 5387; x_wconf 63' lang='lat' dir='ltr'><strong>prima:</strong></span> <span class='ocrx_word' id='word_1_718' title='bbox 703 5322 769 5371; x_wconf 84' lang='lat' dir='ltr'><strong>ad</strong></span> <span class='ocrx_word' id='word_1_719' title='bbox 809 5321 1050 5377; x_wconf 79' lang='lat' dir='ltr'><strong>Curinth.</strong></span> <span class='ocrx_word' id='word_1_720' title='bbox 1080 5336 1138 5381; x_wconf 87' lang='lat' dir='ltr'><strong>lt,</strong></span> <span class='ocrx_word' id='word_1_721' title='bbox 1170 5320 1225 5371; x_wconf 83' lang='grc' dir='ltr'>Η</span> <span class='ocrx_word' id='word_1_722' title='bbox 1267 5340 1279 5372; x_wconf 91' lang='lat'><strong>:</strong></span> <span class='ocrx_word' id='word_1_723' title='bbox 1332 5323 1461 5385; x_wconf 82' lang='lat' dir='ltr'><strong>Quis</strong></span> <span class='ocrx_word' id='word_1_724' title='bbox 1500 5326 1634 5375; x_wconf 84' lang='lat' dir='ltr'><strong>enim</strong></span> <span class='ocrx_word' id='word_1_725' title='bbox 1666 5326 1839 5375; x_wconf 82' lang='lat' dir='ltr'><strong>homi-</strong></span> 
     </span>
    </p>
   </div>
   <div class='ocr_carea' id='block_1_94' title="bbox 278 5389 1838 5459">
    <p class='ocr_par' dir='ltr' id='par_1_94' title="bbox 278 5389 1838 5459">
     <span class='ocr_line' id='line_1_94' title="bbox 278 5389 1838 5459; baseline 0.006 -22"><span class='ocrx_word' id='word_1_726' title='bbox 278 5403 400 5439; x_wconf 87' lang='lat' dir='ltr'><strong>num</strong></span> <span class='ocrx_word' id='word_1_727' title='bbox 439 5393 530 5441; x_wconf 89' lang='lat' dir='ltr'><strong>scit</strong></span> <span class='ocrx_word' id='word_1_728' title='bbox 554 5407 669 5459; x_wconf 70' lang='grc' dir='ltr'>(μιαν</span> <span class='ocrx_word' id='word_1_729' title='bbox 701 5400 822 5442; x_wconf 85' lang='lat' dir='ltr'><strong>sunt</strong></span> <span class='ocrx_word' id='word_1_730' title='bbox 862 5392 1112 5448; x_wconf 78' lang='lat' dir='ltr'><strong>hominis.</strong></span> <span class='ocrx_word' id='word_1_731' title='bbox 1139 5389 1239 5441; x_wconf 83' lang='lat' dir='ltr'><strong>nisi</strong></span> <span class='ocrx_word' id='word_1_732' title='bbox 1271 5394 1488 5449; x_wconf 77' lang='lat' dir='ltr'><strong>spiritus</strong></span> <span class='ocrx_word' id='word_1_733' title='bbox 1520 5393 1838 5446; x_wconf 84' lang='lat' dir='ltr'><strong>Itomiuis....</strong></span> 
     </span>
    </p>
   </div>
   <div class='ocr_carea' id='block_1_95' title="bbox 276 5459 1836 5528">
    <p class='ocr_par' dir='ltr' id='par_1_95' title="bbox 276 5459 1836 5528">
     <span class='ocr_line' id='line_1_95' title="bbox 276 5459 1836 5528; baseline 0.006 -21"><span class='ocrx_word' id='word_1_734' title='bbox 276 5459 352 5528; x_wconf 71' lang='lat' dir='ltr'><strong>ita</strong></span> <span class='ocrx_word' id='word_1_735' title='bbox 378 5468 422 5509; x_wconf 82' lang='lat' dir='ltr'><strong>et</strong></span> <span class='ocrx_word' id='word_1_736' title='bbox 453 5476 569 5519; x_wconf 75' lang='lat' dir='ltr'><strong>quw</strong></span> <span class='ocrx_word' id='word_1_737' title='bbox 598 5461 688 5511; x_wconf 84' lang='lat' dir='ltr'><strong>Dei</strong></span> <span class='ocrx_word' id='word_1_738' title='bbox 717 5472 856 5519; x_wconf 79' lang='lat' dir='ltr'><strong>sum,</strong></span> <span class='ocrx_word' id='word_1_739' title='bbox 890 5475 1036 5511; x_wconf 87' lang='lat' dir='ltr'><strong>nemo</strong></span> <span class='ocrx_word' id='word_1_740' title='bbox 1068 5464 1301 5526; x_wconf 76' lang='lat' dir='ltr'><strong>cognovit</strong></span> <span class='ocrx_word' id='word_1_741' title='bbox 1335 5464 1434 5513; x_wconf 80' lang='lat' dir='ltr'><strong>nisi</strong></span> <span class='ocrx_word' id='word_1_742' title='bbox 1460 5462 1687 5528; x_wconf 48' lang='lat' dir='ltr'><strong>Spiritus</strong></span> <span class='ocrx_word' id='word_1_743' title='bbox 1721 5462 1836 5516; x_wconf 80' lang='lat' dir='ltr'><strong>Dei.</strong></span> 
     </span>
    </p>
   </div>
   <div class='ocr_carea' id='block_1_96' title="bbox 278 5526 1840 5601">
    <p class='ocr_par' dir='ltr' id='par_1_96' title="bbox 278 5526 1840 5601">
     <span class='ocr_line' id='line_1_96' title="bbox 278 5526 1840 5601; baseline 0.003 -22"><span class='ocrx_word' id='word_1_744' title='bbox 278 5526 393 5601; x_wconf 80' lang='lat' dir='ltr'><strong>Hoc</strong></span> <span class='ocrx_word' id='word_1_745' title='bbox 418 5528 586 5601; x_wconf 69' lang='lat' dir='ltr'><strong>igitur</strong></span> <span class='ocrx_word' id='word_1_746' title='bbox 617 5531 764 5595; x_wconf 87' lang='lat' dir='ltr'><strong>dicit,</strong></span> <span class='ocrx_word' id='word_1_747' title='bbox 800 5528 1025 5601; x_wconf 83' lang='lat' dir='ltr'><strong>Paulum</strong></span> <span class='ocrx_word' id='word_1_748' title='bbox 1066 5546 1166 5581; x_wconf 87' lang='lat' dir='ltr'><strong>non</strong></span> <span class='ocrx_word' id='word_1_749' title='bbox 1212 5530 1375 5601; x_wconf 10' lang='lat' dir='ltr'><strong>raliter</strong></span> <span class='ocrx_word' id='word_1_750' title='bbox 1424 5526 1563 5601; x_wconf 77' lang='lat' dir='ltr'><strong>loqui</strong></span> <span class='ocrx_word' id='word_1_751' title='bbox 1603 5535 1668 5585; x_wconf 88' lang='lat' dir='ltr'><strong>de</strong></span> <span class='ocrx_word' id='word_1_752' title='bbox 1719 5532 1840 5598; x_wconf 85' lang='lat' dir='ltr'><strong>Spi-</strong></span> 
     </span>
    </p>
   </div>
   <div class='ocr_carea' id='block_1_97' title="bbox 278 5596 1335 5666">
    <p class='ocr_par' dir='ltr' id='par_1_97' title="bbox 278 5596 1335 5666">
     <span class='ocr_line' id='line_1_97' title="bbox 278 5596 1335 5666; baseline -0.001 -16"><span class='ocrx_word' id='word_1_753' title='bbox 278 5599 384 5650; x_wconf 82' lang='lat' dir='ltr'><strong>ritu</strong></span> <span class='ocrx_word' id='word_1_754' title='bbox 414 5596 529 5657; x_wconf 86' lang='lat' dir='ltr'><strong>Dei,</strong></span> <span class='ocrx_word' id='word_1_755' title='bbox 567 5616 725 5665; x_wconf 83' lang='lat' dir='ltr'><strong>quam</strong></span> <span class='ocrx_word' id='word_1_756' title='bbox 755 5603 818 5654; x_wconf 85' lang='lat' dir='ltr'><strong>de</strong></span> <span class='ocrx_word' id='word_1_757' title='bbox 855 5599 1045 5666; x_wconf 89' lang='lat' dir='ltr'><strong>spiritu</strong></span> <span class='ocrx_word' id='word_1_758' title='bbox 1081 5600 1335 5653; x_wconf 76' lang='lat' dir='ltr'><strong>hominis.</strong></span> 
     </span>
    </p>
   </div>
   <div class='ocr_carea' id='block_1_98' title="bbox 350 5666 1837 5737">
    <p class='ocr_par' dir='ltr' id='par_1_98' title="bbox 350 5666 1837 5737">
     <span class='ocr_line' id='line_1_98' title="bbox 350 5666 1837 5737; baseline 0.005 -17"><span class='ocrx_word' id='word_1_759' title='bbox 350 5666 461 5736; x_wconf 85' lang='lat'><strong>(56)</strong></span> <span class='ocrx_word' id='word_1_760' title='bbox 525 5666 740 5720; x_wconf 81' lang='lat' dir='ltr'><strong>Veteres</strong></span> <span class='ocrx_word' id='word_1_761' title='bbox 798 5672 1002 5737; x_wconf 84' lang='lat' dir='ltr'><strong>aliquot</strong></span> <span class='ocrx_word' id='word_1_762' title='bbox 1052 5669 1168 5723; x_wconf 85' lang='lat' dir='ltr'><strong>libri</strong></span> <span class='ocrx_word' id='word_1_763' title='bbox 1226 5668 1479 5737; x_wconf 84' lang='grc' dir='ltr'>ἄναρχος,</span> <span class='ocrx_word' id='word_1_764' title='bbox 1536 5671 1643 5727; x_wconf 76' lang='lat' dir='ltr'><strong>Vox</strong></span> <span class='ocrx_word' id='word_1_765' title='bbox 1676 5675 1749 5727; x_wconf 85' lang='grc' dir='ltr'>ὦν</span> <span class='ocrx_word' id='word_1_766' title='bbox 1782 5674 1837 5728; x_wconf 92' lang='lat' dir='ltr'><strong>in</strong></span> 
     </span>
    </p>
   </div>
   <div class='ocr_carea' id='block_1_99' title="bbox 278 5740 1079 5793">
    <p class='ocr_par' dir='ltr' id='par_1_99' title="bbox 278 5740 1079 5793">
     <span class='ocr_line' id='line_1_99' title="bbox 278 5740 1079 5793; baseline 0.001 -5"><span class='ocrx_word' id='word_1_767' title='bbox 278 5742 457 5790; x_wconf 86' lang='lat' dir='ltr'><strong>multis</strong></span> <span class='ocrx_word' id='word_1_768' title='bbox 482 5754 610 5790; x_wconf 86' lang='lat' dir='ltr'><strong>mss.</strong></span> <span class='ocrx_word' id='word_1_769' title='bbox 654 5753 756 5788; x_wconf 86' lang='lat' dir='ltr'><strong>non</strong></span> <span class='ocrx_word' id='word_1_770' title='bbox 794 5740 1079 5793; x_wconf 88' lang='lat' dir='ltr'><strong>invenitur.</strong></span> 
     </span>
    </p>
   </div>
   <div class='ocr_carea' id='block_1_100' title="bbox 276 5802 1835 5933">
    <p class='ocr_par' dir='ltr' id='par_1_100' title="bbox 276 5802 1835 5933">
     <span class='ocr_line' id='line_1_100' title="bbox 276 5802 1835 5933; baseline 0.003 -67"><span class='ocrx_word' id='word_1_771' title='bbox 276 5807 460 5933; x_wconf 57' lang='lat' dir='ltr'>MS”)</span> <span class='ocrx_word' id='word_1_772' title='bbox 497 5807 643 5873; x_wconf 90' lang='lat' dir='ltr'><strong>Illud,</strong></span> <span class='ocrx_word' id='word_1_773' title='bbox 680 5802 854 5875; x_wconf 79' lang='grc' dir='ltr'>εἶναι,</span> <span class='ocrx_word' id='word_1_774' title='bbox 916 5826 981 5865; x_wconf 79' lang='lat' dir='ltr'><strong>ex</strong></span> <span class='ocrx_word' id='word_1_775' title='bbox 1023 5808 1205 5863; x_wconf 87' lang='lat' dir='ltr'><strong>codice</strong></span> <span class='ocrx_word' id='word_1_776' title='bbox 1265 5808 1573 5865; x_wconf 84' lang='lat' dir='ltr'><strong>Colhcrtino</strong></span> <span class='ocrx_word' id='word_1_777' title='bbox 1624 5811 1835 5870; x_wconf 90' lang='lat' dir='ltr'><strong>addidi-</strong></span> 
     </span>
    </p>
   </div>
   <div class='ocr_carea' id='block_1_101' title="bbox 1527 4692 1964 4757">
    <p class='ocr_par' dir='ltr' id='par_1_101' title="bbox 1527 4692 1964 4757">
     <span class='ocr_line' id='line_1_101' title="bbox 1527 4692 1964 4757; baseline 0.011 -13"><span class='ocrx_word' id='word_1_778' title='bbox 1527 4693 1571 4723; x_wconf 81' lang='grc'>⁶²</span> <span class='ocrx_word' id='word_1_779' title='bbox 1607 4692 1733 4746; x_wconf 88' lang='lat' dir='ltr'><strong>Luc.</strong></span> <span class='ocrx_word' id='word_1_780' title='bbox 1774 4709 1849 4757; x_wconf 70' lang='lat' dir='ltr'><strong>xl,</strong></span> <span class='ocrx_word' id='word_1_781' title='bbox 1873 4695 1964 4749; x_wconf 74' lang='lat'><strong>20.</strong></span> 
     </span>
    </p>
   </div>
   <div class='ocr_carea' id='block_1_102' title="bbox 1951 3826 3510 3893">
    <p class='ocr_par' dir='ltr' id='par_1_102' title="bbox 1951 3826 3510 3893">
     <span class='ocr_line' id='line_1_102' title="bbox 1951 3826 3510 3893; baseline 0 -14"><span class='ocrx_word' id='word_1_782' title='bbox 1951 3826 2103 3892; x_wconf 82' lang='lat' dir='ltr'><strong>Quod</strong></span> <span class='ocrx_word' id='word_1_783' title='bbox 2126 3828 2331 3879; x_wconf 85' lang='lat' dir='ltr'><strong>etiamsi</strong></span> <span class='ocrx_word' id='word_1_784' title='bbox 2370 3827 2605 3891; x_wconf 83' lang='lat' dir='ltr'><strong>Spiritus</strong></span> <span class='ocrx_word' id='word_1_785' title='bbox 2638 3844 2740 3880; x_wconf 88' lang='lat' dir='ltr'><strong>non</strong></span> <span class='ocrx_word' id='word_1_786' title='bbox 2772 3840 2979 3880; x_wconf 80' lang='lat' dir='ltr'><strong>vocetur</strong></span> <span class='ocrx_word' id='word_1_787' title='bbox 3003 3827 3510 3893; x_wconf 81' lang='lat' dir='ltr'><strong>ﬁlius.perspicuum</strong></span> 
     </span>
    </p>
   </div>
   <div class='ocr_carea' id='block_1_103' title="bbox 2019 3897 3511 3965">
    <p class='ocr_par' dir='ltr' id='par_1_103' title="bbox 2019 3897 3511 3965">
     <span class='ocr_line' id='line_1_103' title="bbox 2019 3897 3511 3965; baseline 0.001 -18"><span class='ocrx_word' id='word_1_788' title='bbox 2019 3908 2188 3949; x_wconf 84' lang='lat' dir='ltr'><strong>tamen</strong></span> <span class='ocrx_word' id='word_1_789' title='bbox 2217 3910 2289 3948; x_wconf 80' lang='lat' dir='ltr'><strong>est</strong></span> <span class='ocrx_word' id='word_1_790' title='bbox 2316 3914 2431 3948; x_wconf 80' lang='lat' dir='ltr'><strong>cum</strong></span> <span class='ocrx_word' id='word_1_791' title='bbox 2464 3913 2526 3948; x_wconf 69' lang='lat' dir='ltr'><strong>ea:</strong></span> <span class='ocrx_word' id='word_1_792' title='bbox 2568 3897 2676 3948; x_wconf 84' lang='lat' dir='ltr'><strong>Deo</strong></span> <span class='ocrx_word' id='word_1_793' title='bbox 2709 3912 2862 3949; x_wconf 79' lang='lat' dir='ltr'><strong>esse:</strong></span> <span class='ocrx_word' id='word_1_794' title='bbox 2894 3909 2941 3950; x_wconf 86' lang='lat' dir='ltr'><strong>et</strong></span> <span class='ocrx_word' id='word_1_795' title='bbox 2982 3902 3239 3963; x_wconf 88' lang='lat' dir='ltr'><strong>quomodo</strong></span> <span class='ocrx_word' id='word_1_796' title='bbox 3275 3900 3511 3965; x_wconf 74' lang='lat' dir='ltr'><strong>exempla</strong></span> 
     </span>
    </p>
   </div>
   <div class='ocr_carea' id='block_1_104' title="bbox 2014 3966 3511 4037">
    <p class='ocr_par' dir='ltr' id='par_1_104' title="bbox 2014 3966 3511 4037">
     <span class='ocr_line' id='line_1_104' title="bbox 2014 3966 3511 4037; baseline 0.002 -21"><span class='ocrx_word' id='word_1_797' title='bbox 2014 3966 2242 4018; x_wconf 80' lang='lat' dir='ltr'><strong>humana</strong></span> <span class='ocrx_word' id='word_1_798' title='bbox 2262 3967 2363 4019; x_wconf 84' lang='lat' dir='ltr'><strong>sint</strong></span> <span class='ocrx_word' id='word_1_799' title='bbox 2396 3967 2665 4019; x_wconf 79' lang='lat' dir='ltr'><strong>divinitati</strong></span> <span class='ocrx_word' id='word_1_800' title='bbox 2685 3969 3156 4032; x_wconf 82' lang='lat' dir='ltr'><strong>accommodanda,</strong></span> <span class='ocrx_word' id='word_1_801' title='bbox 3179 3979 3225 4020; x_wconf 84' lang='lat' dir='ltr'><strong>et</strong></span> <span class='ocrx_word' id='word_1_802' title='bbox 3252 3985 3351 4022; x_wconf 86' lang='lat' dir='ltr'><strong>non</strong></span> <span class='ocrx_word' id='word_1_803' title='bbox 3384 3969 3511 4037; x_wconf 81' lang='lat' dir='ltr'><strong>reji-</strong></span> 
     </span>
    </p>
   </div>
   <div class='ocr_carea' id='block_1_105' title="bbox 2014 4040 2217 4088">
    <p class='ocr_par' dir='ltr' id='par_1_105' title="bbox 2014 4040 2217 4088">
     <span class='ocr_line' id='line_1_105' title="bbox 2014 4040 2217 4088; baseline 0 0"><span class='ocrx_word' id='word_1_804' title='bbox 2014 4040 2123 4088; x_wconf 87' lang='lat' dir='ltr'><strong>cieu</strong></span> <span class='ocrx_word' id='word_1_805' title='bbox 2146 4043 2217 4088; x_wconf 81' lang='lat' dir='ltr'><strong>ta.</strong></span> 
     </span>
    </p>
   </div>
   <div class='ocr_carea' id='block_1_106' title="bbox 2013 4127 3509 4197">
    <p class='ocr_par' dir='ltr' id='par_1_106' title="bbox 2013 4127 3509 4197">
     <span class='ocr_line' id='line_1_106' title="bbox 2013 4127 3509 4197; baseline -0.001 -16"><span class='ocrx_word' id='word_1_806' title='bbox 2013 4127 2196 4196; x_wconf 84' lang='lat' dir='ltr'><strong>Neque</strong></span> <span class='ocrx_word' id='word_1_807' title='bbox 2234 4127 2377 4181; x_wconf 90' lang='lat' dir='ltr'><strong>enim</strong></span> <span class='ocrx_word' id='word_1_808' title='bbox 2434 4127 2614 4181; x_wconf 90' lang='lat' dir='ltr'><strong>minus</strong></span> <span class='ocrx_word' id='word_1_809' title='bbox 2670 4128 2946 4197; x_wconf 87' lang='lat' dir='ltr'><strong>quidpiam</strong></span> <span class='ocrx_word' id='word_1_810' title='bbox 2992 4142 3178 4182; x_wconf 92' lang='lat' dir='ltr'><strong>sumus</strong></span> <span class='ocrx_word' id='word_1_811' title='bbox 3233 4127 3509 4189; x_wconf 88' lang='lat' dir='ltr'><strong>habituri,</strong></span> 
     </span>
    </p>
   </div>
   <div class='ocr_carea' id='block_1_107' title="bbox 1941 4218 3500 4287">
    <p class='ocr_par' dir='ltr' id='par_1_107' title="bbox 1941 4218 3500 4287">
     <span class='ocr_line' id='line_1_107' title="bbox 1941 4218 3500 4287; baseline 0 -15"><span class='ocrx_word' id='word_1_812' title='bbox 1941 4222 2082 4273; x_wconf 90' lang='lat' dir='ltr'><strong>unde</strong></span> <span class='ocrx_word' id='word_1_813' title='bbox 2112 4222 2372 4287; x_wconf 85' lang='lat' dir='ltr'><strong>Spiritum</strong></span> <span class='ocrx_word' id='word_1_814' title='bbox 2403 4235 2794 4287; x_wconf 80' lang='lat' dir='ltr'><strong>cognoscamus</strong></span> <span class='ocrx_word' id='word_1_815' title='bbox 2836 4236 2901 4273; x_wconf 82' lang='lat' dir='ltr'><strong>ex</strong></span> <span class='ocrx_word' id='word_1_816' title='bbox 2943 4220 3048 4272; x_wconf 84' lang='lat' dir='ltr'><strong>Deo</strong></span> <span class='ocrx_word' id='word_1_817' title='bbox 3076 4233 3215 4281; x_wconf 88' lang='lat' dir='ltr'><strong>esse,</strong></span> <span class='ocrx_word' id='word_1_818' title='bbox 3247 4218 3333 4271; x_wconf 91' lang='lat' dir='ltr'><strong>ubi</strong></span> <span class='ocrx_word' id='word_1_819' title='bbox 3374 4232 3500 4272; x_wconf 78' lang='lat' dir='ltr'><strong>etim</strong></span> 
     </span>
    </p>
   </div>
   <div class='ocr_carea' id='block_1_108' title="bbox 1942 4310 3513 4378">
    <p class='ocr_par' dir='ltr' id='par_1_108' title="bbox 1942 4310 3513 4378">
     <span class='ocr_line' id='line_1_108' title="bbox 1942 4310 3513 4378; baseline -0.001 -13"><span class='ocrx_word' id='word_1_820' title='bbox 1942 4313 2052 4366; x_wconf 89' lang='lat' dir='ltr'><strong>oris</strong></span> <span class='ocrx_word' id='word_1_821' title='bbox 2114 4313 2252 4364; x_wconf 91' lang='lat' dir='ltr'><strong>illius</strong></span> <span class='ocrx_word' id='word_1_822' title='bbox 2300 4310 2561 4378; x_wconf 87' lang='lat' dir='ltr'><strong>Spiritum</strong></span> <span class='ocrx_word' id='word_1_823' title='bbox 2600 4312 2929 4366; x_wconf 86' lang='lat' dir='ltr'><strong>audierimus</strong></span> <span class='ocrx_word' id='word_1_824' title='bbox 2947 4311 3013 4362; x_wconf 82' lang='grc'>⁵³.</span> <span class='ocrx_word' id='word_1_825' title='bbox 3054 4310 3262 4363; x_wconf 87' lang='lat' dir='ltr'><strong>Etenim</strong></span> <span class='ocrx_word' id='word_1_826' title='bbox 3297 4311 3376 4364; x_wconf 83' lang='lat' dir='ltr'><strong>vel</strong></span> <span class='ocrx_word' id='word_1_827' title='bbox 3411 4311 3513 4364; x_wconf 89' lang='lat' dir='ltr'><strong>hoc</strong></span> 
     </span>
    </p>
   </div>
   <div class='ocr_carea' id='block_1_109' title="bbox 1942 4401 3507 4471">
    <p class='ocr_par' dir='ltr' id='par_1_109' title="bbox 1942 4401 3507 4471">
     <span class='ocr_line' id='line_1_109' title="bbox 1942 4401 3507 4471; baseline 0 -15"><span class='ocrx_word' id='word_1_828' title='bbox 1942 4419 2138 4457; x_wconf 79' lang='lat' dir='ltr'><strong>nomen</strong></span> <span class='ocrx_word' id='word_1_829' title='bbox 2175 4401 2372 4456; x_wconf 71' lang='lat' dir='ltr'><strong>sufﬁcit</strong></span> <span class='ocrx_word' id='word_1_830' title='bbox 2396 4402 2460 4456; x_wconf 82' lang='lat' dir='ltr'><strong>ad</strong></span> <span class='ocrx_word' id='word_1_831' title='bbox 2500 4403 2615 4471; x_wconf 81' lang='lat' dir='ltr'><strong>ejus</strong></span> <span class='ocrx_word' id='word_1_832' title='bbox 2640 4404 3015 4459; x_wconf 76' lang='lat' dir='ltr'><strong>exsistentiam</strong></span> <span class='ocrx_word' id='word_1_833' title='bbox 3040 4418 3159 4471; x_wconf 63' lang='lat' dir='ltr'><strong>qua?</strong></span> <span class='ocrx_word' id='word_1_834' title='bbox 3190 4418 3252 4455; x_wconf 84' lang='lat' dir='ltr'><strong>ex</strong></span> <span class='ocrx_word' id='word_1_835' title='bbox 3289 4404 3393 4456; x_wconf 90' lang='lat' dir='ltr'><strong>Deo</strong></span> <span class='ocrx_word' id='word_1_836' title='bbox 3423 4412 3507 4456; x_wconf 85' lang='lat' dir='ltr'><strong>est.</strong></span> 
     </span>
    </p>
   </div>
   <div class='ocr_carea' id='block_1_110' title="bbox 1939 4492 3507 4562">
    <p class='ocr_par' dir='ltr' id='par_1_110' title="bbox 1939 4492 3507 4562">
     <span class='ocr_line' id='line_1_110' title="bbox 1939 4492 3507 4562; baseline 0 -19"><span class='ocrx_word' id='word_1_837' title='bbox 1939 4493 2343 4546; x_wconf 85' lang='lat' dir='ltr'><strong>declarandam.</strong></span> <span class='ocrx_word' id='word_1_838' title='bbox 2381 4492 2562 4562; x_wconf 84' lang='lat' dir='ltr'><strong>Neque</strong></span> <span class='ocrx_word' id='word_1_839' title='bbox 2597 4495 2740 4549; x_wconf 90' lang='lat' dir='ltr'><strong>enim</strong></span> <span class='ocrx_word' id='word_1_840' title='bbox 2784 4494 2947 4559; x_wconf 88' lang='lat' dir='ltr'><strong>lilius,</strong></span> <span class='ocrx_word' id='word_1_841' title='bbox 2994 4508 3168 4559; x_wconf 89' lang='lat' dir='ltr'><strong>neque</strong></span> <span class='ocrx_word' id='word_1_842' title='bbox 3212 4493 3507 4561; x_wconf 75' lang='lat' dir='ltr'><strong>generatio,</strong></span> 
     </span>
    </p>
   </div>
   <div class='ocr_carea' id='block_1_111' title="bbox 1940 4583 3510 4654">
    <p class='ocr_par' dir='ltr' id='par_1_111' title="bbox 1940 4583 3510 4654">
     <span class='ocr_line' id='line_1_111' title="bbox 1940 4583 3510 4654; baseline 0.001 -20"><span class='ocrx_word' id='word_1_843' title='bbox 1940 4585 2223 4652; x_wconf 89' lang='lat' dir='ltr'><strong>proprium</strong></span> <span class='ocrx_word' id='word_1_844' title='bbox 2264 4584 2487 4638; x_wconf 88' lang='lat' dir='ltr'><strong>deitatis</strong></span> <span class='ocrx_word' id='word_1_845' title='bbox 2515 4594 2618 4650; x_wconf 91' lang='lat' dir='ltr'><strong>est,</strong></span> <span class='ocrx_word' id='word_1_846' title='bbox 2652 4586 2742 4640; x_wconf 87' lang='lat' dir='ltr'><strong>sed</strong></span> <span class='ocrx_word' id='word_1_847' title='bbox 2776 4585 3027 4654; x_wconf 83' lang='lat' dir='ltr'><strong>quiddam</strong></span> <span class='ocrx_word' id='word_1_848' title='bbox 3060 4592 3142 4637; x_wconf 88' lang='lat' dir='ltr'><strong>est</strong></span> <span class='ocrx_word' id='word_1_849' title='bbox 3171 4583 3404 4637; x_wconf 87' lang='lat' dir='ltr'><strong>humana</strong></span> <span class='ocrx_word' id='word_1_850' title='bbox 3438 4583 3510 4637; x_wconf 90' lang='lat' dir='ltr'><strong>si-</strong></span> 
     </span>
    </p>
   </div>
   <div class='ocr_carea' id='block_1_112' title="bbox 2046 4698 2566 4761">
    <p class='ocr_par' dir='ltr' id='par_1_112' title="bbox 2046 4698 2566 4761">
     <span class='ocr_line' id='line_1_112' title="bbox 2046 4698 2566 4761; baseline -0.002 -8"><span class='ocrx_word' id='word_1_851' title='bbox 2046 4698 2093 4728; x_wconf 76' lang='grc'><strong>⁵³</strong></span> <span class='ocrx_word' id='word_1_852' title='bbox 2128 4699 2271 4753; x_wconf 84' lang='lat' dir='ltr'><strong>Psal.</strong></span> <span class='ocrx_word' id='word_1_853' title='bbox 2310 4715 2483 4761; x_wconf 76' lang='lat' dir='ltr'><strong>xxx&quot;,</strong></span> <span class='ocrx_word' id='word_1_854' title='bbox 2513 4698 2566 4752; x_wconf 89' lang='lat'><strong>6.</strong></span> 
     </span>
    </p>
   </div>
   <div class='ocr_carea' id='block_1_113' title="bbox 2013 4833 3333 4902">
    <p class='ocr_par' dir='ltr' id='par_1_113' title="bbox 2013 4833 3333 4902">
     <span class='ocr_line' id='line_1_113' title="bbox 2013 4833 3333 4902; baseline 0.002 -15"><span class='ocrx_word' id='word_1_855' title='bbox 2013 4834 2124 4899; x_wconf 74' lang='lat'><strong>(58)</strong></span> <span class='ocrx_word' id='word_1_856' title='bbox 2160 4833 2359 4885; x_wconf 85' lang='lat' dir='ltr'><strong>Vocula</strong></span> <span class='ocrx_word' id='word_1_857' title='bbox 2382 4834 2483 4886; x_wconf 81' lang='grc' dir='ltr'>καί</span> <span class='ocrx_word' id='word_1_858' title='bbox 2510 4835 2559 4885; x_wconf 92' lang='lat' dir='ltr'><strong>in</strong></span> <span class='ocrx_word' id='word_1_859' title='bbox 2594 4850 2721 4887; x_wconf 85' lang='lat' dir='ltr'><strong>mss.</strong></span> <span class='ocrx_word' id='word_1_860' title='bbox 2756 4836 2952 4888; x_wconf 83' lang='lat' dir='ltr'><strong>nostris</strong></span> <span class='ocrx_word' id='word_1_861' title='bbox 2988 4851 3088 4887; x_wconf 88' lang='lat' dir='ltr'><strong>non</strong></span> <span class='ocrx_word' id='word_1_862' title='bbox 3117 4834 3333 4902; x_wconf 72' lang='lat' dir='ltr'><strong>legitur.</strong></span> 
     </span>
    </p>
   </div>
   <div class='ocr_carea' id='block_1_114' title="bbox 2012 4904 3511 4975">
    <p class='ocr_par' dir='ltr' id='par_1_114' title="bbox 2012 4904 3511 4975">
     <span class='ocr_line' id='line_1_114' title="bbox 2012 4904 3511 4975; baseline 0.001 -17"><span class='ocrx_word' id='word_1_863' title='bbox 2012 4904 2123 4975; x_wconf 74' lang='grc'>(59)</span> <span class='ocrx_word' id='word_1_864' title='bbox 2156 4904 2287 4975; x_wconf 66' lang='lat' dir='ltr'><strong>Reg.</strong></span> <span class='ocrx_word' id='word_1_865' title='bbox 2316 4908 2585 4958; x_wconf 86' lang='lat' dir='ltr'><strong>secundus</strong></span> <span class='ocrx_word' id='word_1_866' title='bbox 2618 4906 2832 4957; x_wconf 77' lang='grc' dir='ltr'>ἔλαττόν</span> <span class='ocrx_word' id='word_1_867' title='bbox 2858 4922 2910 4956; x_wconf 85' lang='grc' dir='ltr'><strong>τι</strong></span> <span class='ocrx_word' id='word_1_868' title='bbox 2940 4905 3210 4969; x_wconf 79' lang='grc' dir='ltr'>διεξιέναι.</span> <span class='ocrx_word' id='word_1_869' title='bbox 3246 4906 3373 4974; x_wconf 71' lang='lat' dir='ltr'><strong>Heg.</strong></span> <span class='ocrx_word' id='word_1_870' title='bbox 3405 4918 3511 4960; x_wconf 89' lang='lat' dir='ltr'><strong>ter-</strong></span> 
     </span>
    </p>
   </div>
   <div class='ocr_carea' id='block_1_115' title="bbox 1939 4972 3510 5043">
    <p class='ocr_par' dir='ltr' id='par_1_115' title="bbox 1939 4972 3510 5043">
     <span class='ocr_line' id='line_1_115' title="bbox 1939 4972 3510 5043; baseline 0 -16"><span class='ocrx_word' id='word_1_871' title='bbox 1939 4972 2041 5027; x_wconf 83' lang='lat' dir='ltr'><strong>tius</strong></span> <span class='ocrx_word' id='word_1_872' title='bbox 2070 4972 2288 5024; x_wconf 77' lang='grc' dir='ltr'>ἕλαττόν</span> <span class='ocrx_word' id='word_1_873' title='bbox 2318 4990 2370 5024; x_wconf 88' lang='grc' dir='ltr'><strong>τι</strong></span> <span class='ocrx_word' id='word_1_874' title='bbox 2409 4975 2631 5040; x_wconf 76' lang='grc' dir='ltr'>ἐξιέναι.</span> <span class='ocrx_word' id='word_1_875' title='bbox 2670 4975 2847 5043; x_wconf 55' lang='lat' dir='ltr'><strong>Neque</strong></span> <span class='ocrx_word' id='word_1_876' title='bbox 2868 4975 3000 5026; x_wconf 87' lang='lat' dir='ltr'><strong>enim</strong></span> <span class='ocrx_word' id='word_1_877' title='bbox 3023 4976 3304 5043; x_wconf 84' lang='lat' dir='ltr'><strong>quidquam</strong></span> <span class='ocrx_word' id='word_1_878' title='bbox 3330 4972 3510 5027; x_wconf 43' lang='lat' dir='ltr'><strong>&#39;mino-</strong></span> 
     </span>
    </p>
   </div>
   <div class='ocr_carea' id='block_1_116' title="bbox 1936 5043 3507 5115">
    <p class='ocr_par' dir='ltr' id='par_1_116' title="bbox 1936 5043 3507 5115">
     <span class='ocr_line' id='line_1_116' title="bbox 1936 5043 3507 5115; baseline 0.001 -19"><span class='ocrx_word' id='word_1_879' title='bbox 1936 5046 2008 5096; x_wconf 88' lang='lat' dir='ltr'><strong>ris</strong></span> <span class='ocrx_word' id='word_1_880' title='bbox 2040 5043 2286 5115; x_wconf 77' lang='lat' dir='ltr'><strong>momenti</strong></span> <span class='ocrx_word' id='word_1_881' title='bbox 2340 5048 2613 5115; x_wconf 81' lang='lat' dir='ltr'><strong>narrumri</strong></span> <span class='ocrx_word' id='word_1_882' title='bbox 2656 5045 3093 5115; x_wconf 67' lang='lat' dir='ltr'><strong>sumus._lbitlem_</strong></span> <span class='ocrx_word' id='word_1_883' title='bbox 3120 5048 3246 5097; x_wconf 87' lang='lat' dir='ltr'><strong>editi</strong></span> <span class='ocrx_word' id='word_1_884' title='bbox 3280 5046 3507 5115; x_wconf 82' lang='grc' dir='ltr'>ἐμέλλο-</span> 
     </span>
    </p>
   </div>
   <div class='ocr_carea' id='block_1_117' title="bbox 1940 5109 3493 5232">
    <p class='ocr_par' dir='ltr' id='par_1_117' title="bbox 1940 5109 3493 5232">
     <span class='ocr_line' id='line_1_117' title="bbox 1940 5109 3493 5232; baseline 0.003 -67"><span class='ocrx_word' id='word_1_885' title='bbox 1940 5112 2248 5232; x_wconf 57' lang='grc' dir='ltr'>μεν.ἑΙλιι)ι·ι</span> <span class='ocrx_word' id='word_1_886' title='bbox 2298 5117 2503 5184; x_wconf 81' lang='lat' dir='ltr'><strong>antiqui</strong></span> <span class='ocrx_word' id='word_1_887' title='bbox 2538 5114 2820 5185; x_wconf 84' lang='grc' dir='ltr'>μέλλομεν.</span> <span class='ocrx_word' id='word_1_888' title='bbox 2853 5109 3093 5168; x_wconf 67' lang='lat' dir='ltr'><strong>Subinde</strong></span> <span class='ocrx_word' id='word_1_889' title='bbox 3120 5115 3272 5169; x_wconf 76' lang='lat' dir='ltr'><strong>Coll).</strong></span> <span class='ocrx_word' id='word_1_890' title='bbox 3310 5109 3493 5186; x_wconf 81' lang='grc' dir='ltr'>ὖπάρ-</span> 
     </span>
     <span class='ocr_line' id='line_1_118' title="bbox 1940 5199 2155 5232; baseline 0 0"><span class='ocrx_word' id='word_1_891' title='bbox 1940 5202 2048 5232; x_wconf 81' lang='grc' dir='ltr'>νειν</span> <span class='ocrx_word' id='word_1_892' title='bbox 2102 5199 2155 5232; x_wconf 88' lang='grc' dir='ltr'><strong>κ.</strong></span> 
     </span>
    </p>
   </div>
   <div class='ocr_carea' id='block_1_118' title="bbox 1972 5199 2155 5236">
    <p class='ocr_par' dir='ltr' id='par_1_118' title="bbox 1972 5199 2155 5236">
     <span class='ocr_line' id='line_1_119' title="bbox 1972 5199 2155 5236; baseline -0.005 0"><span class='ocrx_word' id='word_1_893' title='bbox 1972 5202 2048 5236; x_wconf 88' lang='grc' dir='ltr'><strong>ειν</strong></span> <span class='ocrx_word' id='word_1_894' title='bbox 2071 5199 2155 5235; x_wconf 89' lang='grc' dir='ltr'><strong>εκ.</strong></span> 
     </span>
    </p>
   </div>
   <div class='ocr_carea' id='block_1_119' title="bbox 1936 5203 3506 5323">
    <p class='ocr_par' dir='ltr' id='par_1_119' title="bbox 1936 5203 3506 5323">
     <span class='ocr_line' id='line_1_120' title="bbox 1936 5203 3506 5323; baseline 0.003 -20"><span class='ocrx_word' id='word_1_895' title='bbox 1936 5203 2301 5321; x_wconf 33' lang='grc' dir='ltr'>χυέῦῦῗειιίιί</span> <span class='ocrx_word' id='word_1_896' title='bbox 2347 5256 2411 5306; x_wconf 82' lang='grc' dir='ltr'>ὲκ</span> <span class='ocrx_word' id='word_1_897' title='bbox 2448 5254 2603 5318; x_wconf 88' lang='grc' dir='ltr'>Θεοῦ,</span> <span class='ocrx_word' id='word_1_898' title='bbox 2644 5253 2705 5305; x_wconf 87' lang='grc' dir='ltr'><strong>τὸ</strong></span> <span class='ocrx_word' id='word_1_899' title='bbox 2737 5251 2959 5321; x_wconf 82' lang='grc' dir='ltr'>Πνεῦμα</span> <span class='ocrx_word' id='word_1_900' title='bbox 2988 5251 3082 5305; x_wconf 87' lang='grc' dir='ltr'><strong>τοῦ</strong></span> <span class='ocrx_word' id='word_1_901' title='bbox 3126 5254 3393 5323; x_wconf 77' lang='grc' dir='ltr'>στόματος</span> <span class='ocrx_word' id='word_1_902' title='bbox 3411 5254 3506 5308; x_wconf 84' lang='grc' dir='ltr'><strong>τοῦ</strong></span> 
     </span>
    </p>
   </div>
   <div class='ocr_carea' id='block_1_120' title="bbox 1936 5322 3504 5393">
    <p class='ocr_par' dir='ltr' id='par_1_120' title="bbox 1936 5322 3504 5393">
     <span class='ocr_line' id='line_1_121' title="bbox 1936 5322 3504 5393; baseline 0.002 -19"><span class='ocrx_word' id='word_1_903' title='bbox 1936 5322 2069 5375; x_wconf 87' lang='grc' dir='ltr'>Θεοῦ</span> <span class='ocrx_word' id='word_1_904' title='bbox 2104 5322 2407 5387; x_wconf 79' lang='grc' dir='ltr'>ἀκούοντες.</span> <span class='ocrx_word' id='word_1_905' title='bbox 2444 5323 2644 5377; x_wconf 85' lang='grc' dir='ltr'>Ἱκανὸν</span> <span class='ocrx_word' id='word_1_906' title='bbox 2666 5324 2772 5393; x_wconf 79' lang='grc' dir='ltr'>γὰρ</span> <span class='ocrx_word' id='word_1_907' title='bbox 2798 5323 2929 5393; x_wconf 64' lang='grc' dir='ltr'>αὐτὸ</span> <span class='ocrx_word' id='word_1_908' title='bbox 2956 5324 3015 5375; x_wconf 85' lang='grc' dir='ltr'>τὸ</span> <span class='ocrx_word' id='word_1_909' title='bbox 3035 5324 3201 5392; x_wconf 83' lang='grc' dir='ltr'>ὄνομα</span> <span class='ocrx_word' id='word_1_910' title='bbox 3225 5322 3339 5393; x_wconf 79' lang='grc' dir='ltr'>τήν.</span> <span class='ocrx_word' id='word_1_911' title='bbox 3372 5322 3504 5393; x_wconf 58' lang='lat' dir='ltr'><strong>Reg.</strong></span> 
     </span>
    </p>
   </div>
   <div class='ocr_carea' id='block_1_121' title="bbox 1940 5392 3507 5464">
    <p class='ocr_par' dir='ltr' id='par_1_121' title="bbox 1940 5392 3507 5464">
     <span class='ocr_line' id='line_1_122' title="bbox 1940 5392 3507 5464; baseline 0.003 -21"><span class='ocrx_word' id='word_1_912' title='bbox 1940 5404 2166 5464; x_wconf 83' lang='lat' dir='ltr'><strong>quartus</strong></span> <span class='ocrx_word' id='word_1_913' title='bbox 2211 5395 2273 5445; x_wconf 80' lang='grc' dir='ltr'><strong>ὲκ</strong></span> <span class='ocrx_word' id='word_1_914' title='bbox 2315 5393 2471 5458; x_wconf 82' lang='grc' dir='ltr'>Θεοῦ,</span> <span class='ocrx_word' id='word_1_915' title='bbox 2518 5392 2749 5464; x_wconf 79' lang='grc' dir='ltr'>Πνεῦμα</span> <span class='ocrx_word' id='word_1_916' title='bbox 2779 5392 2871 5464; x_wconf 81' lang='grc' dir='ltr'><strong>τοῦ</strong></span> <span class='ocrx_word' id='word_1_917' title='bbox 2912 5394 3174 5464; x_wconf 84' lang='grc' dir='ltr'>στόματος</span> <span class='ocrx_word' id='word_1_918' title='bbox 3237 5392 3507 5464; x_wconf 84' lang='grc' dir='ltr'>τοῦΘεοῦ</span> 
     </span>
    </p>
   </div>
   <div class='ocr_carea' id='block_1_122' title="bbox 1938 5462 3508 5535">
    <p class='ocr_par' dir='ltr' id='par_1_122' title="bbox 1938 5462 3508 5535">
     <span class='ocr_line' id='line_1_123' title="bbox 1938 5462 3508 5535; baseline 0.002 -19"><span class='ocrx_word' id='word_1_919' title='bbox 1938 5462 2226 5535; x_wconf 72' lang='grc' dir='ltr'>ἀκούοντες</span> <span class='ocrx_word' id='word_1_920' title='bbox 2278 5464 2426 5516; x_wconf 79' lang='grc' dir='ltr'>αὑτό.</span> <span class='ocrx_word' id='word_1_921' title='bbox 2470 5464 2606 5517; x_wconf 84' lang='grc' dir='ltr'><strong>Ἀλλ’</strong></span> <span class='ocrx_word' id='word_1_922' title='bbox 2646 5462 2825 5517; x_wconf 78' lang='grc' dir='ltr'>ἱκανὸν</span> <span class='ocrx_word' id='word_1_923' title='bbox 2873 5466 2967 5516; x_wconf 78' lang='grc' dir='ltr'><strong>καὶ</strong></span> <span class='ocrx_word' id='word_1_924' title='bbox 3011 5462 3179 5516; x_wconf 76' lang='grc' dir='ltr'>τοῦτο</span> <span class='ocrx_word' id='word_1_925' title='bbox 3231 5464 3292 5515; x_wconf 85' lang='grc' dir='ltr'><strong>τὸ</strong></span> <span class='ocrx_word' id='word_1_926' title='bbox 3334 5463 3508 5535; x_wconf 77' lang='grc' dir='ltr'>ὄνομα</span> 
     </span>
    </p>
   </div>
   <div class='ocr_carea' id='block_1_123' title="bbox 1936 5534 3500 5604">
    <p class='ocr_par' dir='ltr' id='par_1_123' title="bbox 1936 5534 3500 5604">
     <span class='ocr_line' id='line_1_124' title="bbox 1936 5534 3500 5604; baseline 0.002 -18"><span class='ocrx_word' id='word_1_927' title='bbox 1936 5535 2057 5603; x_wconf 83' lang='grc' dir='ltr'>τήν.</span> <span class='ocrx_word' id='word_1_928' title='bbox 2100 5534 2230 5600; x_wconf 76' lang='lat' dir='ltr'><strong>Reg.</strong></span> <span class='ocrx_word' id='word_1_929' title='bbox 2258 5536 2478 5604; x_wconf 80' lang='lat' dir='ltr'><strong>quintus</strong></span> <span class='ocrx_word' id='word_1_930' title='bbox 2515 5547 2565 5586; x_wconf 92' lang='lat' dir='ltr'><strong>ut</strong></span> <span class='ocrx_word' id='word_1_931' title='bbox 2603 5536 2699 5604; x_wconf 84' lang='lat' dir='ltr'><strong>legi</strong></span> <span class='ocrx_word' id='word_1_932' title='bbox 2740 5537 2788 5586; x_wconf 92' lang='lat' dir='ltr'><strong>iu</strong></span> <span class='ocrx_word' id='word_1_933' title='bbox 2807 5547 3067 5604; x_wconf 73' lang='lat' dir='ltr'><strong>contextu</strong></span> <span class='ocrx_word' id='word_1_934' title='bbox 3105 5534 3500 5601; x_wconf 69' lang='lat' dir='ltr'><strong>potest.(louex</strong></span> 
     </span>
    </p>
   </div>
   <div class='ocr_carea' id='block_1_124' title="bbox 1936 5601 3502 5675">
    <p class='ocr_par' dir='ltr' id='par_1_124' title="bbox 1936 5601 3502 5675">
     <span class='ocr_line' id='line_1_125' title="bbox 1936 5601 3502 5675; baseline 0.004 -22"><span class='ocrx_word' id='word_1_935' title='bbox 1936 5601 2087 5657; x_wconf 71' lang='lat' dir='ltr'><strong>(lolii.</strong></span> <span class='ocrx_word' id='word_1_936' title='bbox 2110 5606 2172 5656; x_wconf 81' lang='grc' dir='ltr'><strong>ὲκ</strong></span> <span class='ocrx_word' id='word_1_937' title='bbox 2199 5601 2356 5675; x_wconf 62' lang='grc' dir='ltr'>Θεοῦ,</span> <span class='ocrx_word' id='word_1_938' title='bbox 2389 5605 2448 5657; x_wconf 80' lang='grc' dir='ltr'>τὸ</span> <span class='ocrx_word' id='word_1_939' title='bbox 2481 5601 2702 5675; x_wconf 59' lang='grc' dir='ltr'>Πνεῦμα</span> <span class='ocrx_word' id='word_1_940' title='bbox 2735 5603 2827 5657; x_wconf 86' lang='grc' dir='ltr'><strong>τοῦ</strong></span> <span class='ocrx_word' id='word_1_941' title='bbox 2868 5606 3127 5674; x_wconf 82' lang='grc' dir='ltr'>στόματος</span> <span class='ocrx_word' id='word_1_942' title='bbox 3160 5618 3173 5630; x_wconf 82' lang='grc'><em>’</em></span> <span class='ocrx_word' id='word_1_943' title='bbox 3207 5604 3258 5656; x_wconf 89' lang='lat' dir='ltr'><strong>in</strong></span> <span class='ocrx_word' id='word_1_944' title='bbox 3284 5604 3502 5674; x_wconf 83' lang='lat' dir='ltr'><strong>reliquis</strong></span> 
     </span>
    </p>
   </div>
   <div class='ocr_carea' id='block_1_125' title="bbox 1937 5671 2929 5743">
    <p class='ocr_par' dir='ltr' id='par_1_125' title="bbox 1937 5671 2929 5743">
     <span class='ocr_line' id='line_1_126' title="bbox 1937 5671 2929 5743; baseline 0 -18"><span class='ocrx_word' id='word_1_945' title='bbox 1937 5689 2063 5727; x_wconf 84' lang='lat' dir='ltr'><strong>vero</strong></span> <span class='ocrx_word' id='word_1_946' title='bbox 2101 5690 2221 5727; x_wconf 90' lang='lat' dir='ltr'><strong>cum</strong></span> <span class='ocrx_word' id='word_1_947' title='bbox 2254 5671 2385 5741; x_wconf 68' lang='lat' dir='ltr'><strong>Reg.</strong></span> <span class='ocrx_word' id='word_1_948' title='bbox 2425 5671 2929 5743; x_wconf 36' lang='lat' dir='ltr'><strong>quinto—consentit.</strong></span> 
     </span>
    </p>
   </div>
   <div class='ocr_carea' id='block_1_126' title="bbox 2007 5742 3501 5817">
    <p class='ocr_par' dir='ltr' id='par_1_126' title="bbox 2007 5742 3501 5817">
     <span class='ocr_line' id='line_1_127' title="bbox 2007 5742 3501 5817; baseline 0.001 -22"><span class='ocrx_word' id='word_1_949' title='bbox 2007 5743 2131 5817; x_wconf 1' lang='lat'><strong>(6|),</strong></span> <span class='ocrx_word' id='word_1_950' title='bbox 2167 5744 2295 5812; x_wconf 78' lang='lat' dir='ltr'><strong>heg.</strong></span> <span class='ocrx_word' id='word_1_951' title='bbox 2337 5742 2604 5799; x_wconf 83' lang='lat' dir='ltr'><strong>secundus</strong></span> <span class='ocrx_word' id='word_1_952' title='bbox 2655 5756 2709 5817; x_wconf 86' lang='lat' dir='ltr'><strong>et</strong></span> <span class='ocrx_word' id='word_1_953' title='bbox 2746 5746 2874 5797; x_wconf 88' lang='lat' dir='ltr'><strong>editi</strong></span> <span class='ocrx_word' id='word_1_954' title='bbox 2910 5743 3261 5817; x_wconf 70' lang='grc' dir='ltr'>ἀνθρωπίνης</span> <span class='ocrx_word' id='word_1_955' title='bbox 3302 5742 3501 5815; x_wconf 84' lang='grc' dir='ltr'>ὁμοιώ-</span> 
     </span>
    </p>
   </div>
   <div class='ocr_carea' id='block_1_127' title="bbox 1938 5815 3500 5877">
    <p class='ocr_par' dir='ltr' id='par_1_127' title="bbox 1938 5815 3500 5877">
     <span class='ocr_line' id='line_1_128' title="bbox 1938 5815 3500 5877; baseline 0.003 -12"><span class='ocrx_word' id='word_1_956' title='bbox 1938 5831 2091 5877; x_wconf 86' lang='grc' dir='ltr'>σεως.</span> <span class='ocrx_word' id='word_1_957' title='bbox 2114 5816 2179 5866; x_wconf 78' lang='lat' dir='ltr'><strong>At</strong></span> <span class='ocrx_word' id='word_1_958' title='bbox 2208 5830 2335 5866; x_wconf 87' lang='lat' dir='ltr'><strong>mss.</strong></span> <span class='ocrx_word' id='word_1_959' title='bbox 2362 5817 2513 5868; x_wconf 90' lang='lat' dir='ltr'><strong>multi</strong></span> <span class='ocrx_word' id='word_1_960' title='bbox 2543 5816 2875 5877; x_wconf 76' lang='grc' dir='ltr'>ὁμοιότητος,</span> <span class='ocrx_word' id='word_1_961' title='bbox 2908 5815 3103 5867; x_wconf 83' lang='lat' dir='ltr'><strong>Ibidem</strong></span> <span class='ocrx_word' id='word_1_962' title='bbox 3130 5815 3255 5869; x_wconf 80' lang='lat' dir='ltr'><strong>editi</strong></span> <span class='ocrx_word' id='word_1_963' title='bbox 3288 5829 3341 5868; x_wconf 84' lang='lat' dir='ltr'><strong>et</strong></span> <span class='ocrx_word' id='word_1_964' title='bbox 3370 5833 3500 5870; x_wconf 84' lang='lat' dir='ltr'><strong>mss.</strong></span> 
     </span>
    </p>
   </div>
   <div class='ocr_carea' id='block_1_128' title="bbox 1934 5866 3504 5957">
    <p class='ocr_par' dir='ltr' id='par_1_128' title="bbox 1934 5866 3504 5957">
     <span class='ocr_line' id='line_1_129' title="bbox 1934 5866 3504 5957; baseline 0.001 -19"><span class='ocrx_word' id='word_1_965' title='bbox 1934 5902 2035 5939; x_wconf 89' lang='lat' dir='ltr'><strong>non</strong></span> <span class='ocrx_word' id='word_1_966' title='bbox 2054 5866 2230 5953; x_wconf 62' lang='grc' dir='ltr'>’ρειυοὶ</span> <span class='ocrx_word' id='word_1_967' title='bbox 2266 5866 2559 5954; x_wconf 65' lang='grc' dir='ltr'>Ὀμοῖωσις</span> <span class='ocrx_word' id='word_1_968' title='bbox 2574 5866 2635 5939; x_wconf 63' lang='grc' dir='ltr'>δέ</span> <span class='ocrx_word' id='word_1_969' title='bbox 2656 5866 2762 5939; x_wconf 62' lang='grc' dir='ltr'><strong>και</strong></span> <span class='ocrx_word' id='word_1_970' title='bbox 2781 5866 2959 5954; x_wconf 71' lang='grc' dir='ltr'>ή,Ἐει</span> <span class='ocrx_word' id='word_1_971' title='bbox 2989 5866 3504 5957; x_wconf 59' lang='lat' dir='ltr'><strong>quoque</strong></span> 
     </span>
    </p>
   </div>
  </div>
