4008 6454
543 366 648 419 759

1854 361 1909 416 S.
1955 362 2193 418 BASILII
2236 363 2448 419 MAGle

3692 363 3790 420 740

549 486 798 549 exiguum
831 487 930 532 est.
964 475 1044 530 Tu
1087 491 1238 539 vero,
1270 491 1332 529 ex
1377 490 1444 529 co
1480 477 1620 544 quod
1644 475 1879 532 Joannes
1921 481 2104 533 dicat:

2216 483 2338 551 περὶ
2355 482 2454 551 τῆς
2482 482 2702 552 γεέννης
2724 482 2784 535 τὸ
2804 482 3024 552 Πνεῦμα
3049 483 3110 534 τὸ
3139 482 3280 534 Οεῖον
3300 481 3790 549 συγκατατάττεις,

554 571 672 641 Ipse
697 587 779 624 vos
812 571 1091 638 baptizabit
1123 573 1175 623 iu
1206 569 1407 638 Spiritu
1449 578 1627 622 sancto
1663 579 1708 622 et
1757 571 1874 638 igne
1894 570 1961 634 ⁸⁸,
1993 571 2112 639 Spi-

553 671 711 724 ritum
737 669 973 723 divinum
1007 669 1166 722 etiam
1198 682 1304 720 una
1345 681 1464 719 cum
1504 668 1624 734 igne
1655 669 1916 734 gehennae
1949 669 2112 722 collo-

549 775 662 815 cas.
692 759 816 814 Haec
843 773 1000 829 quem
1030 757 1323 826 impietatis
1358 757 1572 810 modum
1601 773 1707 811 non
1758 769 2035 827 superant,
2068 761 2111 814 si

548 854 670 907 ideo
699 868 851 921 aqua:
869 851 1181 921 dignitatem
1208 849 1431 918 Spiritui
1460 860 1646 904 sancto
1668 853 1944 913 attribuis,
1969 852 2112 919 quod

547 945 784 1012 Spiritus
825 943 1010 1013 illapsu
1058 958 1199 1012 aqua
1251 941 1657 996 sanctiﬁcatur?
1705 943 2110 1011 Adzequandutn

546 1036 690 1089 enim
722 1034 921 1089 duxisti
958 1033 1102 1103 quod
1133 1018 1620 1098 sanctilicatur,°ei,
1647 1035 1738 1102 qui
1780 1034 2109 1099 sanctiﬁcat,

547 1127 902 1196 emndemque
931 1141 1035 1181 una
1069 1141 1187 1180 cum
1215 1125 1324 1180 Deo
1352 1124 1491 1180 Filio
1525 1125 1577 1179 in
1608 1127 1794 1180 eadem
1839 1126 2113 1194 operatio-

548 1232 616 1270 ne
648 1231 710 1270 ac
742 1216 912 1286 gloria
943 1228 1284 1274 numeratum
1333 1232 1439 1270 non
1474 1214 1756 1279 formidas,
1797 1220 1888 1284 qui
1919 1231 2112 1286 opera-

547 1310 749 1361 tionem
778 1321 937 1359 uuam
969 1320 1032 1359 ac
1076 1304 1302 1375 gloriam
1343 1304 1596 1374 privatim
1648 1304 1890 1359 disseces
1925 1305 2110 1374 :quod

545 1408 725 1452 autem
778 1398 944 1452 utitur
994 1412 1130 1466 aqua
1171 1399 1237 1451 ad
1290 1410 1580 1464 corporum
1647 1396 2106 1465 puriﬁcationem,

543 1501 827 1562 propterea
853 1489 1112 1559 Spiritum
1159 1487 1362 1557 putasti
1396 1488 1582 1541 eodem
1620 1488 1833 1542 honore
1863 1488 2106 1558 dignum,

545 1599 652 1652 quo
689 1597 905 1652 aquam.
937 1581 1004 1635 Et
1051 1579 1372 1634 medicinam
1405 1579 1644 1647 quidem,
1695 1581 1908 1633 tametsi
1941 1590 2110 1635 mate-

545 1674 644 1728 riis
670 1674 856 1738 utitur,
893 1687 998 1726 non
1034 1672 1171 1726 dicis
1216 1671 1459 1724 materiis
1488 1671 1751 1740 dignitate
1785 1685 1987 1738 parem,
2015 1672 2108 1725 sed

545 1765 896 1820 materiarum
928 1765 1198 1819 dominam
1236 1780 1252 1817 :
1286 1764 1524 1817 divinum
1549 1779 1678 1816 vero
1705 1763 1989 1830 Spiritum,
2019 1765 2106 1831 qui

545 1873 682 1926 aqua
713 1856 778 1911 ad
811 1857 1018 1925 peccati
1043 1855 1228 1910 sordes
1251 1856 1628 1925 expurgandas
1654 1855 1844 1919 utitur,
1869 1857 1934 1906 ad
1961 1870 2111 1922 aqua:

546 1949 778 2003 dedecus
808 1957 970 2017 atque
995 1946 1350 2001 humilitatem
1380 1947 1570 2015 dejicis
1604 1963 1618 1998 :
1648 1960 1820 2014 aquze,
1864 1947 2106 2013 inquam,

544 2055 664 2110 quae
699 2039 879 2109 impiis
935 2039 1100 2093 etiam
1153 2039 1220 2092 ad
1268 2052 1606 2092 communem
1651 2052 1804 2090 usum
1857 2050 2112 2089 concessa

543 2140 628 2186 est
656 2149 671 2186 :
701 2145 874 2200 aquae,
903 2145 1010 2200 qua
1037 2131 1216 2186 omnia
1240 2143 1524 2200 corporum
1557 2127 1959 2196 inquinamenta
1990 2128 2112 2182 abs-

543 2231 845 2289 terguntur.
888 2221 1040 2288 Quod
1070 2223 1116 2277 si
1184 2221 1324 2290 ignis
1350 2220 1513 2274 etiam
1557 2217 1910 2274 considerasti
1948 2227 2107 2271 natu-

543 2329 684 2380 ram,
720 2313 1065 2383 qualemnam
1107 2327 1217 2367 rem
1261 2327 1426 2368 ausus
1461 2327 1518 2368 es
1549 2312 1898 2382 excogitare?
1925 2311 2108 2365 Demi-

543 2418 636 2458 ror
664 2403 1023 2470 dementiam,
1051 2405 1096 2458 si
1120 2419 1246 2458 vere
1273 2404 1446 2473 ignem
1481 2417 1584 2456 non
1611 2401 1927 2456 extimuisti.
1953 2401 2110 2454 Chri-

544 2506 667 2548 stus
688 2495 743 2548 in
776 2495 981 2562 Spiritu
1004 2495 1243 2562 baptizat
1273 2495 1702 2547 sanctiﬁcatione
1726 2494 1914 2561 dignos
1938 2510 1953 2545 :
1974 2492 2110 2545 indi-

544 2599 680 2657 gnos
723 2601 853 2640 vero
891 2587 944 2639 in
984 2586 1162 2654 ignem
1204 2585 1394 2649 mittit;
1444 2583 1646 2638 alienos
1688 2600 1719 2636 a
1770 2585 1934 2649 bono,
1971 2583 2110 2636 malo

543 2679 783 2733 tradens.
835 2677 1124 2747 Propterea
1171 2679 1332 2747 igitur
1364 2677 1616 2731 videntur
1649 2677 1742 2730 tibi
1798 2677 1996 2730 bonum
2053 2685 2108 2730 et

542 2770 742 2825 malum
785 2771 928 2825 inter
960 2785 1019 2824 se
1048 2784 1168 2824 esse
1197 2768 1394 2832 alIinia,
1431 2769 1696 2837 simulque
1725 2777 1903 2822 creata
1930 2777 1984 2822 et
2019 2782 2108 2822 so-

542 2862 652 2915 cia.
691 2859 756 2914 Et
776 2875 1082 2928 quanquam
1113 2875 1210 2914 nos
1231 2861 1445 2913 easdem
1473 2859 1646 2913 Patris
1678 2869 1733 2914 et
1761 2859 1884 2914 Filii
1912 2870 1967 2915 et
1990 2860 2108 2930 Spi-

540 2955 682 3010 ritus
721 2953 897 3008 sancti
939 2953 1284 3022 operationes
1330 2963 1842 3016 commonstramus,
1890 2961 1947 3005 tu
2000 2968 2106 3006 non

539 3047 697 3101 vides
725 3046 1154 3116 conjunctionem
1178 3063 1192 3112 ;
1227 3059 1326 3100 nec
1350 3060 1471 3099 cum
1507 3044 1834 3112 praedicatur
1861 3057 2106 3097 seorsum

2213 573 2298 624 διὰ
2331 573 2391 624 τὸ
2423 574 2601 641 λέγειν
2648 575 2737 626 τὸν
2775 573 3029 643 Ἰωάννην
3051 591 3063 602 ο
3085 574 3278 639 Αὐτὸς
3306 572 3462 642 ὑμᾶς
3497 575 3792 638 βαπτίσει

2210 666 2280 716 ἐν
2301 666 2594 733 Πνεύματι
2622 667 2768 735 ἁγίῳ
2795 666 2892 718 καὶ
2923 665 3066 733 πυρί
3096 665 3233 734 (81).
3266 665 3453 718 Ταῦτα
3479 666 3640 718 ποίαν
3664 666 3791 716 ἀσε-

2213 754 2362 818 ϐείας
2385 756 2685 827 ὑπερϐολὴν
2718 757 3026 818 κατέλιπεν,
3052 758 3101 808 εἰ
3133 757 3231 826 τὴν
3262 756 3450 818 ῦόατος
3485 757 3598 825 (82)
3635 757 3791 820 ἀξίαν

2211 847 2287 916 τῷ
2324 848 2601 918 Πνεύματι
2627 848 2702 918 τῷ
2724 849 2862 917 ἁγίῳ
2889 848 3231 918 περιάπτεις,
3257 847 3442 916 ἐπειδὴ
3471 849 3790 917 Πνεῦματος

2213 940 2489 1007 κατεφόδῳ
2515 940 2576 991 τὸ
2611 939 2751 1010 ὕδωρ
2773 938 3095 1007 ἀγιὰζεται;
3135 940 3358 1002 ’ἰσάζειν
3388 939 3496 1008 γάρ
3533 957 3617 990 σοι
3646 941 3789 1006 ἔδοξε

2212 1031 2289 1100 τῷ
2319 1031 2593 1098 ἀγιάζοντι
2623 1034 2681 1086 τὸ
2714 1033 3072 1103 ἀγιαζόμενον
3105 1032 3236 1100 (85),
3269 1033 3362 1084 καὶ
3389 1031 3508 1101 Θεῷ
3551 1032 3651 1101 μὲν
3679 1034 3792 1102 Υἱῷ

2215 1124 2712 1195 συναριθμούμενον
2741 1128 2820 1188 είς
2846 1127 2944 1196 τὴν
2978 1126 3146 1196 αὐτὴν
3179 1125 3461 1195 ἐνέργειαν
3499 1125 3598 1176 καὶ
3631 1126 3787 1189 δόξαν

2210 1216 2270 1266 οὐ
2311 1217 2571 1285 φρίττεις,
2616 1218 2723 1289 ἰδίᾳ
2746 1218 2846 1288 τὴν
2878 1218 3006 1288 μίαν
3037 1218 3314 1289 ἐνέργειαν
3341 1217 3433 1269 καὶ
3470 1216 3631 1280 δόξαν
3658 1219 3788 1270 ἀνα-

2212 1308 2427 1362 κόπτων
2455 1308 2593 1380 (84)⁶
2639 1312 2720 1364 ὅτι
2755 1311 2811 1362 δέ
2845 1309 2995 1363 ῦδατι
3039 1311 3234 1380 χρῆται
3268 1309 3404 1380 πρὸς
3430 1310 3523 1362 τὸν
3549 1310 3661 1362 τῶν
3690 1327 3789 1362 σω-

2214 1401 2398 1472 μάτων
2432 1403 2732 1473 καθαρμὸν,
2758 1403 2848 1456 διὰ
2873 1403 3030 1456 τοῦτο
3055 1405 3152 1473 τῆς
3176 1402 3270 1455 τοῦ
3294 1403 3482 1464 ὓδατος
3516 1403 3792 1471 ἰσοτιμίας

2212 1490 2358 1554 ἄξιον
2385 1491 2613 1558 ἐλογίσω
2642 1491 2752 1561 (85)
2779 1493 2840 1544 τὸ
2864 1492 3108 1560 Πνεῦμα.
3142 1493 3249 1544 Καὶ
3266 1493 3362 1561 τὴν
3388 1497 3486 1562 μὲν
3513 1493 3789 1561 ἰατρικὴν,

2213 1581 2365 1644 ῦλαις
2396 1580 2705 1652 χριομένην,
2733 1583 2829 1634 οὐκ
2860 1583 3060 1647 ἱσάξιον
3091 1586 3212 1645 ταῖς
3238 1583 3388 1646 ὕλαις
3418 1583 3622 1651 λέγεις,
3655 1585 3792 1636 ἀλλὰ

2212 1674 2563 1745 κυριευτικὴν
2611 1672 2722 1726 τῶν
2753 1674 2921 1727 ὑλῶν·
2973 1676 3033 1727 τὸ
3066 1675 3122 1727 δὲ
3152 1675 3292 1727 Θεῖον
3334 1675 3594 1744 Πνεῦμα,
3640 1675 3790 1745 χρώ-

2217 1785 2373 1838 μενον
2403 1767 2554 1820 ὕδατι
2586 1766 2723 1837 πρὸς
2754 1765 2849 1836 τὴν
2875 1768 2980 1818 τῶν
3007 1767 3284 1837 ἁμαρτίας
3324 1766 3511 1837 ρύπων
3574 1767 3787 1819 ἀπεκά-

2213 1861 2425 1932 Θαρσιν,
2466 1861 2547 1923 εἰς
2579 1859 2680 1928 τὴν
2711 1857 2804 1910 τοῦ
2853 1857 3042 1921 ὓδατος
3069 1859 3282 1924 ἀδοξίαν
3307 1858 3401 1910 καὶ
3424 1859 3792 1928 ταπεινότητα

2212 1951 2656 2022 καταϐέϐληκαςο
2695 1948 2904 2012 ὓδατος,
2940 1948 2967 2000 ὃ
3011 1951 3145 2021 πρὸς
3197 1950 3381 2021 κοινὴν
3413 1951 3610 2020 χρῆσιν
3646 1951 3792 2002 ἀνεῖ-

2212 2061 2298 2096 ται
2357 2044 2450 2096 καὶ
2482 2042 2789 2096 δυσσεϐῶψ
2846 2042 3056 2104 ὓδατος,
3199 2044 3466 2114 μολυσμοὶ
3516 2043 3791 2112 σωμάτων

2213 2134 2412 2197 πάντες
2444 2133 2930 2206 ἀποκαθαίρονται.
2989 2133 3110 2184 Ἐὰν
3145 2134 3202 2186 δὲ
3234 2135 3327 2186 καὶ
3371 2135 3431 2188 τὸ
3471 2135 3566 2186 τοῦ
3616 2137 3792 2206 πυρὸς

2211 2226 2542 2296 ἐνθυμηθῇς,
2565 2222 2674 2280 οἷον
2704 2228 2953 2296 ἐννοῆσαι
2978 2225 3353 2295 τετόλμηκας;
3387 2228 3667 2298 Θαυμάζω
3690 2231 3790 2298 τὴν

2210 2317 2498 2380 ἀπόνοιαν,
2542 2318 2589 2368 εἰ
2639 2319 2712 2388 μὴ
2753 2318 2996 2378 δέδοικας
3031 2315 3140 2386 (86)
3186 2317 3352 2378 ὗντως
3399 2318 3460 2369 τὸ
3493 2318 3625 2389 πῦρ.
3685 2317 3792 2370 Βα-

2210 2409 2388 2471 πτίζει
2412 2408 2644 2479 Χριστὸς
2673 2411 2730 2461 ἐν
2773 2408 3051 2479 Πνεύματι
3087 2408 3213 2467 τοὺς
3248 2405 3431 2470 ἀξίους
3465 2409 3743 2477 ἀγιασμοῦ
3771 2425 3786 2438 ·

2208 2504 2334 2566 τοὺς
2362 2503 2418 2554 δὲ
2443 2500 2694 2565 ἀναξίους
2724 2503 2815 2554 ἐπὶ
2839 2501 2900 2553 τὸ
2930 2499 3038 2570 πῦρ
3065 2498 3446 2568 παραπέμπει,
3472 2498 3598 2559 τοὺς
3634 2499 3791 2550 ἀλλο-

2209 2593 2391 2659 τρίους
2427 2591 2519 2643 τοῦ
2561 2590 2768 2658 ἀγαθοῦ
2812 2591 2891 2660 τῷ
2924 2588 3079 2659 κακῷ
3114 2587 3458 2658 παραδιδούς.
3496 2588 3594 2639 Διά
3630 2589 3790 2641 τοῦτό

2214 2700 2293 2734 σοι
2313 2683 2418 2751 ἀρα
2442 2682 2502 2734 τὸ
2519 2683 2722 2749 ἀγαθὸν
2750 2683 2847 2734 κα)⁵
2865 2685 2925 2734 τὸ
2953 2681 3122 2735 κακὸν
3143 2681 3346 2748 ἀδελφά
3368 2681 3462 2733 καὶ
3486 2681 3792 2749 όμόκτιστα

2214 2776 2304 2828 καὶ
2329 2773 2559 2827 κοινωνά
2587 2773 2696 2843 (87)
2731 2775 3295 2844 φαίνεται.Καὶὴμιῖ›ν
3329 2777 3427 2844 μὲν
3448 2774 3792 2826 ἐπιδεικνύν-

2209 2886 2316 2921 των
2344 2865 2624 2938 ἐνεργείας
2651 2865 2750 2926 τάς
2787 2864 2955 2926 αὑτὰς
2985 2867 3200 2934 Πατρός
3226 2868 3317 2917 καὶ
3348 2866 3476 2918 Υίοῦ
3509 2868 3603 2918 καὶ
3631 2867 3790 2933 ἁγίου

2211 2960 2544 3030 Πνεύματος,
2577 2958 2673 3027 οὑχ
2702 2958 2833 3027 ὁρᾷς
2858 2957 2956 3027 τὴν
2988 2957 3200 3019 ἕνωσιν,
3225 2957 3333 3008 οὐδ’
3365 2959 3451 3008 ὅτε
3477 2961 3792 3028 καταμόνας

2213 3055 2269 3105 ἐν
2319 3052 2452 3105 Θεοῦ
2507 3051 2630 3121 δόξῃ
2664 3050 2723 3103 τὸ
2756 3048 2980 3119 Πνεῦμα
3011 3048 3373 3119 κηρύσσεται,
3433 3047 3632 3110 συνίεις
3693 3050 3793 3118 τὴν

543 3139 781 3208 Spiritus
812 3140 863 3193 in
894 3136 990 3192 Dei
1023 3137 1215 3207 gloria,
1249 3136 1301 3190 in
1333 3150 1396 3189 eo
1420 3135 1657 3188 divinam
1689 3133 1916 3204 gloriam
1945 3133 2108 3186 intel-

2216 3142 2396 3213 θεῖκὴν
2432 3140 2588 3207 δόξαν
2628 3145 2714 3195 ἐπ’
2744 3142 2911 3195 αὑτοῦ
2932 3183 2947 3208 ,
2992 3141 3258 3210 λεγόντων
3285 3140 3394 3193 τῶν
3429 3140 3750 3193 ἀποστόλων
3776 3181 3792 3202 ,

542 3231 698 3300 ligis;
733 3231 930 3299 quippe
972 3229 1196 3298 apostoli
1239 3229 1422 3282 dicunt
1443 3228 1484 3257 ⁶¹
1518 3245 1533 3280 :
1567 3225 1697 3281 Haec
1729 3227 1854 3280 dicit
1883 3224 2112 3294 Spiritus

546 3327 795 3380 sanctus;
837 3317 1285 3384 quemadmodum
1334 3317 1549 3372 aiebant
1605 3315 1914 3386 prophetas,
1979 3314 2110 3369 Hau:

2213 3230 2356 3286 Τάδε
2378 3231 2636 3300 λέγειντί)
2669 3232 2911 3300 Πνεῦμα
2951 3231 3017 3284 τὸ
3051 3232 3255 3300 ἅγιον,
3286 3231 3361 3292 ὡς
3393 3233 3441 3282 οἰ
3470 3232 3790 3300 προφῆται,

2214 3321 2358 3376 Τάδε
2381 3321 2541 3390 λέγει
2564 3323 2794 3388 Κύριος.
2819 3323 2928 3374 Καὶ
2945 3322 3148 3391 Κυρίου
3175 3321 3370 3388 πεῖραν
3395 3319 3667 3384 λεγόντων
3692 3321 3793 3389 τὴν

545 3410 673 3462 dicit
698 3407 977 3461 Dominus.
1013 3404 1153 3470 Quin
1200 3414 1255 3459 et
1290 3406 1498 3459 Domini
1541 3407 1892 3460 tentationem
1925 3406 2110 3460 dicunt

2216 3413 2300 3467 τοῦ
2324 3413 2463 3465 Πνεύ
2473 3429 2638 3482 ματος
2671 3418 2884 3484 πεῖραν,
2909 3415 2997 3465 ὅτε
3027 3411 3161 3482 φησὶ
3182 3410 3318 3480 πρὸς
3339 3411 3464 3472 τοὺς
3490 3411 3793 3480 πειράσαν-

546 3502 786 3571 Spiritus
810 3500 1191 3563 tentationem,
1229 3498 1321 3551 ubi
1346 3497 1594 3552 videlicet
1613 3499 1677 3550 ad
1704 3507 1974 3552 tentantes
2001 3498 2106 3552 Pe-

2216 3505 2345 3567 ιαςὸ
2369 3503 2599 3574 Πέτρος*
2637 3505 2697 3556 Τί
2729 3504 2814 3558 ὅτι
2843 3501 3242 3573 συνεφωνήθη
3274 3502 3401 3570 ὑμῖν
3432 3503 3694 3573 πειρᾶσαι
3720 3505 3781 3556 τὸ

530 3606 663 3650 trus
693 3597 769 3648 ait
800 3613 814 3647 ε
845 3594 951 3647 Cur
985 3592 1221 3646 convenit
1253 3590 1391 3642 inter
1421 3605 1510 3642 vos
1558 3599 1612 3640 ut
1651 3592 1915 3642 tentaretis
1939 3587 2111 3658 Spiri-

547 3697 658 3740 tum
683 3686 887 3739 Domini
906 3685 984 3751 “;
1019 3695 1075 3739 et
1100 3685 1168 3738 ad
1203 3684 1418 3739 eosdem
1455 3698 1470 3736 :
1505 3679 1628 3734 Non
1652 3697 1704 3734 es
1734 3682 1978 3734 mentitus
2010 3683 2105 3734 Iw-

545 3780 794 3842 miuibus,
828 3777 914 3830 sed
945 3777 1131 3830 Deo".

622 3869 678 3921 2.
723 3869 870 3934 Quod
914 3869 961 3921 si
1011 3869 1239 3936 apostoli
1293 3867 1479 3920 dicunt
1502 3865 1584 3917 οδε
1628 3864 1806 3920 Visum
1840 3875 2011 3920 autem
2040 3873 2115 3918 est

556 3962 780 4030 Spiritui
831 3970 1011 4014 sancto
1041 3969 1088 4014 et
1145 3961 1312 4025 nobis,
1348 3971 1452 4012 non
1495 3970 1874 4025 componentes
1911 3959 2118 4029 seipsos

549 4071 670 4108 cum
702 4062 965 4123 potestate
1001 4052 1262 4122 Spiritus,
1299 4050 1396 4105 sed
1448 4047 1818 4115 subjicientes,
1854 4060 2114 4118 tanquam

548 4147 617 4199 ab
642 4146 754 4213 ipso
783 4158 910 4199 tunc
934 4143 1132 4208 edocti,
1161 4151 1215 4196 ct
1243 4140 1398 4211 quasi
1424 4155 1586 4195 unam
1610 4139 1969 4210 cognitionem
1994 4153 2116 4192 sen-

621 4346 669 4378 ⁶⁶
702 4346 887 4401 Matth.
912 4362 1009 4407 ιιι,
1040 4345 1125 4399 ιι.
1211 4344 1256 4376 ⁶¹
1289 4343 1409 4398 Act.
1449 4357 1559 4406 ut,
1593 4341 1676 4395 ll.

1758 4341 1802 4373 “
1827 4342 1946 4397 Act.
1978 4357 2030 4408 ν,
2057 4340 2108 4396 9.
2185 4341 2228 4372 ⁸³
2259 4340 2386 4396 ibid.
2418 4341 2474 4396 4.

2207 3594 2431 3666 Πνεῦμα
2448 3593 2685 3664 Κυρίου;
2724 3597 2815 3647 καὶ
2841 3596 2975 3666 πρὸς
2995 3596 3122 3659 τοὺς
3150 3594 3345 3657 αὐτούς
3365 3608 3378 3622 ·
3396 3595 3519 3646 Οὐκ
3545 3595 3792 3662 ἐψεύσω

2206 3689 2556 3759 ἀνθρώποις,
2579 3687 2739 3740 ἀλλὰ
2760 3685 2897 3751 Θεῷ.

2280 3872 2334 3924 2.
2378 3872 2503 3926 Ἐὰν
2529 3872 2583 3925 δὲ
2613 3874 2662 3924 οἱ
2696 3871 2982 3924 ἀπόστολοι
3010 3870 3241 3938 λέγωσιν
3263 3889 3276 3902 ’
3324 3869 3539 3932 Ἔδοξε
3573 3869 3641 3922 δὲ
3678 3871 3790 3942 (88)

2213 3961 2290 4026 τῷ
2327 3963 2472 4032 ἁγίῳ
2498 3963 2794 4030 Πνεύματι
2823 3961 2919 4014 καὶ
2946 3960 3112 4029 ἡμῖν,
3146 3960 3205 4012 οὐ
3241 3961 3632 4022 συντάσσοντες
3663 3963 3794 4013 ἐαυ-

2212 4055 2336 4115 τοὺς
2364 4056 2429 4124 τῇ
2457 4051 2551 4104 τοῦ
2585 4052 2898 4122 Πνεύματος
2935 4051 3174 4122 ἐξουσίᾳ,
3222 4050 3338 4104 ἀλλ’
3365 4052 3789 4115 ὑποτάσσοντες,

2214 4142 2288 4202 ὡς
2319 4143 2410 4192 ὑπ’
2443 4143 2604 4194 αὑτοῦ
2631 4142 3023 4212 χορηγούμενοι
3054 4142 3164 4213 (89)
3198 4142 3340 4209 τότε,
3376 4143 3630 4196 καθάπεο
3660 4145 3793 4214 μίαν

2552 4341 2596 4370 ⁸⁸
2619 4342 2741 4396 Act.
2768 4355 2856 4406 xv,
2878 4340 2970 4396 28:

618 4499 728 4567 (31)
758 4499 907 4562 Illud,
942 4500 1110 4562 Αὐτὸς
1143 4499 1286 4570 ὑμᾶς
1321 4497 1565 4570 βαπτίσει
1592 4500 1650 4552 ἐν
1676 4499 1952 4568 Πνεῦματι
1975 4497 2110 4567 ἁγίῳ

2219 4497 2418 4570 ibidem
2467 4512 2598 4570 mss.
2647 4496 2887 4552 nonnulli
2933 4499 3330 4566 καταφαίνεται
3384 4499 3626 4570 Subinde
3663 4504 3794 4556 editi

546 4573 642 4624 καὶ
675 4570 827 4639 πυρί,
861 4573 1076 4635 quidem
1113 4571 1270 4624 hodie
1304 4584 1407 4621 non
1440 4569 1631 4635 legitur
1661 4571 1798 4637 apud
1825 4571 2109 4632 Joannem,

544 4643 639 4693 sed
681 4641 817 4707 apud
847 4639 1151 4693 Mattbaeum
1185 4655 1267 4702 Ill,
1293 4639 1380 4703 Η,
1411 4648 1465 4690 et
1494 4639 1633 4704 apud
1658 4639 1856 4692 Lucam
1890 4656 1971 4703 ιιι,
2009 4639 2108 4692 ‘l‘i:

549 4710 768 4763 dubium
805 4718 981 4763 tamen
1016 4725 1118 4761 non
1154 4721 1236 4762 cst
1266 4709 1393 4778 quin
1427 4707 1638 4778 olimiin
1684 4710 1951 4777 aliquibus
2002 4707 2112 4761 sal-

552 4791 657 4834 tem
695 4795 824 4832 mss.
875 4781 1066 4832 lectum
1116 4777 1350 4833 fuerit’et
1383 4778 1524 4845 apud
1559 4777 1815 4832 .luannem
1849 4795 1887 4838 ι,
1927 4780 2018 4843 27,
2056 4785 2112 4829 ut

550 4865 614 4902 ex
653 4849 798 4902 Novo
837 4849 1178 4902 Testamento
1208 4847 1502 4903 Oxoniensi
1539 4851 1768 4916 perspici
1805 4859 2000 4914 potest.

623 4918 734 4990 (8‘2)
772 4917 993 4990 Veteres
1039 4919 1246 4990 aliquot
1266 4918 1387 4990 libri
1419 4918 1627 4990 etnediti
1670 4920 1766 4988 τὴν
1798 4917 1857 4980 ἐξ
1899 4917 2108 4990 ὓδατος.

549 4985 656 5042 Alii
681 4985 898 5057 quidam
933 5002 1062 5058 mss.
1094 4991 1191 5058 τὴν
1226 4989 1437 5050 ὓδατος.
1476 4985 1669 5041 Statim
1701 4985 1832 5041 mss.
1874 4987 2112 5041 nonnulli

553 5059 870 5129 simpliciter
901 5057 1206 5129 πνεύματος
1230 5058 1420 5129 ἐφόδῳ.

766 5109 941 5197 Codex
968 5109 1118 5182 Colb.
1166 5109 1306 5192 ἔδοξε
1338 5109 1397 5179 τό
1431 5123 1653 5194 ἁγιάζον
1678 5129 1769 5180 καὶ
1797 5130 1856 5181 τὸ
1895 5127 2114 5195 ἁγιαζό-

557 5196 738 5269 μενον.
773 5196 974 5269 Ibidem
1010 5197 1136 5251 editi
1172 5197 1415 5269 καιθεῷ
1446 5197 1684 5269 ,μὲν-καὶ
1714 5197 1948 5269 Ϊίῷμιίι
2008 5198 2114 5251 Deo

555 5265 616 5321 ac
643 5267 806 5336 Filio.
840 5267 982 5322 Libri
1023 5269 1225 5334 antiqui
1250 5267 1367 5336 Θεῷ
1391 5265 1500 5335 μέν
1541 5265 1666 5336 Υιῷ,
1697 5265 1812 5321 Οεο
1842 5267 2003 5320 Filio.

628 5339 739 5407 (84)
778 5335 930 5407 Regii
968 5338 1078 5407 duo
1117 5337 1238 5391 libri
1285 5335 1440 5403 δόξαν
1480 5335 1804 5392 διακόπτων.
1841 5337 1954 5393 Hoc
2001 5340 2116 5405 ipso

555 5422 608 5460 In
640 5411 757 5478 loco
783 5406 933 5478 Colb.
975 5406 1128 5460 ὕδασι
1158 5410 1373 5478 χρῆται.

628 5476 742 5545 (85)
775 5476 912 5530 Editi
948 5487 1001 5528 et
1055 5475 1469 5532 mss.“|i0ttnulli
1517 5475 1681 5540 ἀξίως
1726 5479 1975 5546 ἐλογίσω.
2009 5479 2114 5532 Alii

554 5547 660 5602 duo
690 5562 815 5598 mss.
857 5547 1006 5611 Regii
1034 5546 1200 5611 ἀξιον,
1231 5558 1396 5605 recte.

628 5615 738 5696 (86)
759 5615 894 5669 Editi
932 5618 978 5668 εἰ
1009 5617 1082 5696 μὴ
1109 5618 1360 5696 ᾷέδρικεν.
1384 5618 1532 5672 Colb.
1559 5618 1606 5668 εί
1633 5619 1725 5670 καὶ
1755 5618 1828 5689 μὴ
1857 5619 2115 5671 δέδοικεν.

552 5687 663 5757 Alii
697 5699 811 5757 tres~
834 5701 959 5739 mss.
995 5689 1042 5737 εί
1081 5688 1153 5757 μὴ
1191 5688 1449 5750 δέδοικας.

624 5756 734 5828 (87)
776 5755 992 5813 Veteres
1034 5755 1234 5826 aliquot
1283 5759 1403 5815 libri
1449 5758 1746 5828 ὁμόκτιστα
1795 5761 1887 5813 καὶ
1937 5762 2110 5814 κοινά.

2219 4568 2469 4640 Υἱοῦίκαὶ
2500 4569 2834 4640 Πνεῦματος.
2872 4570 2940 4621 At
2968 4586 3096 4622 mss.
3135 4572 3227 4622 καὶ
3258 4570 3412 4638 ἁγίου
3448 4569 3794 4640 ῐῙνεύματος.

2287 4639 2399 4705 (88)
2442 4640 2542 4692 Pro
2576 4639 2630 4690 δέ
2671 4640 2720 4690 in
2750 4640 2952 4704 aliquot
2984 4655 3112 4692 mss.
3151 4641 3343 4707 legitur
3373 4642 3500 4707 γάρ.

2288 4710 2400 4778 (89)
2442 4709 2618 4762 Monet
2663 4709 2743 4760 vir
2776 4709 3122 4778 doctissimus
3165 4707 3410 4770 Ducazus,
3438 4711 3540 4777 legi
3580 4712 3632 4763 in
3680 4715 3796 4766 edi-

2217 4777 2359 4833 tione
2385 4779 2545 4832 Basil.
2580 4777 2987 4849 χωρηγούμενοι
3017 4779 3202 4849 {quod
3234 4795 3354 4831 cum
3387 4780 3640 4833 vitiosum
3673 4799 3798 4836 esse

2215 4851 2440 4908 videret.
2472 4847 2758 4902 emendare
2784 4849 2984 4909 voluit;
3013 4847 3194 4916 aitque
3220 4864 3285 4901 ex
3314 4850 3480 4901 veteri
3515 4865 3616 4905 suo
3652 4853 3798 4904 libro

2218 4920 2560 4992 scribendum
2599 4918 3113 4992 χειραγωγούμενοι.
3153 4918 3259 4970 Sed
3307 4935 3427 4992 curn
3453 4934 3797 4992 vorxecpa-

2215 4989 2550 5059 γωγούμενοι
2588 5003 2693 5041 non
2726 4989 3022 5056 reperiatur
3051 5003 3224 5056 neque
3255 4992 3306 5059 in
3345 4988 3496 5041 libris
3525 4988 3652 5043 olim
3685 4988 3798 5043 im-

2219 5058 2438 5126 pressis,
2492 5073 2664 5128 neque
2715 5059 2766 5128 in
2817 5060 3016 5114 nostris
3064 5073 3218 5123 mss.,
3271 5058 3376 5110 imo
3420 5074 3596 5128 neque
3634 5063 3685 5112 in
3731 5077 3799 5112 eo

2218 5130 2335 5196 ipso
2366 5143 2524 5196 quem
2563 5127 2789 5181 contulit
2831 5128 2968 5182 libro
3010 5128 3197 5196 Regio,
3230 5142 3347 5180 eam
3400 5127 3547 5193 rejici
3597 5132 3799 5182 merito

2219 5214 2375 5266 posse
2402 5209 2547 5265 putu.
2569 5198 2720 5250 Satis
2745 5197 2919 5250 fuerat
2940 5200 3057 5254 viro
3079 5198 3468 5266 eruditissimo,
3492 5196 3795 5252 litterulam

2221 5265 2383 5320 uuam
2432 5277 2661 5329 mutare,
2697 5269 2798 5320 hoc
2825 5279 2931 5330 est,
2963 5284 3059 5336 pro
3087 5265 3494 5336 χωρηγούμενοι
3546 5271 3799 5322 scribere

2218 5337 2608 5408 χορηγούμενοι
2631 5355 2649 5390 ς
2676 5353 2779 5406 qua
2809 5339 3000 5408 exigua
3030 5337 3607 5403 faciliquegmutatione
3640 5341 3798 5391 ulcus

2220 5406 2391 5462 totum
2427 5416 2783 5474 persanasset.
2829 5406 2914 5459 lta
2955 5408 3098 5460 enim
3137 5417 3345 5458 veteres
3380 5408 3620 5474 quinque
3667 5410 3796 5460 libri

2219 5479 2374 5546 plane
2407 5477 2624 5541 habent,
2655 5477 3070 5547 χορηγούμενοι,
3102 5476 3164 5526 ab
3198 5476 3534 5547 ipso_edocti,
3563 5478 3792 5540 eruditi,

2217 5543 2367 5614 quasi
2397 5548 2458 5598 ab
2505 5549 2616 5615 ipso
2656 5543 3258 5613 suntptus‘accipientes.
3301 5543 3449 5615 Regii
3486 5547 3702 5614 primus
3739 5561 3794 5600 et

2220 5629 2402 5670 sextus
2435 5614 2653 5684 perinde
2698 5627 2755 5668 ut
2781 5617 2946 5669 editio
2977 5616 3137 5668 Basil.
3171 5614 3585 5684 χωρηγούμενοι
3606 5632 3620 5646 ·
3642 5618 3791 5684 quod

2219 5703 2429 5748 omnes,
2458 5689 2666 5754 Opinor,
2706 5688 2885 5740 vident
2921 5687 3106 5738 vitium
3133 5700 3252 5737 esse
3292 5686 3660 5752 librariorum,
3696 5688 3793 5756 qui

2223 5759 2434 5812 incaute
2462 5758 2930 5827 imprudenterque
2965 5777 3010 5810 ω
3042 5771 3138 5827 pro
3169 5773 3196 5808 ο
3229 5758 3591 5824 scripserunt.
