4008 6454
538 381 642 438 743
1845 381 1901 432 S.
1943 379 2187 433 BASILII
2228 378 2441 433 MAGNI
3695 387 3803 440 ιιι

532 511 630 546 nus
659 491 722 544 ".
749 488 914 547 Video
937 500 992 544 et
1017 490 1110 544 Dei
1139 500 1193 544 et
1221 489 1462 560 Spiritus
1485 493 1828 559 prasentiam
1854 492 1908 544 in
1935 507 2100 546 unum

2219 489 2551 557 Πνεύματός
2591 505 2706 544 σου
2726 530 2740 552 ,
2770 491 2865 542 καὶ
2892 493 3053 546 πάλιν
3080 513 3091 525 ·
3131 498 3240 548 Tm-
3268 495 3528 560 οἰιρανὸν
3555 499 3661 552 καὶ
3688 492 3802 565 τὴν

529 593 586 637 ει
616 582 756 638 idem
790 588 1203 636 concurrentem
1228 622 1244 646 ,
1273 594 1395 636 cum
1444 579 1766 636 universalis
1808 580 2022 635 dicatur
2047 582 2100 635 in

2217 581 2322 652 γῆν
2360 582 2476 651 ἐγὼ
2517 582 2747 652 πληρῶ,
2777 583 2940 653 λέγει
2990 590 3225 655 Κύριος.
3255 589 3346 651 Εἰς
3375 586 3432 640 ἓν
3475 591 3572 643 καὶ
3604 583 3800 647 ταάτὸν

529 676 804 730 omnibus.
835 674 904 726 At
933 681 986 726 tu
1023 672 1075 726 in
1102 672 1303 727 talibus
1332 686 1454 725 cum
1491 689 1597 727 non
1635 684 1803 740 queas
1837 670 2100 741 Spiritum

2217 674 2612 745 συντρέχουσαν
2643 674 2753 745 όρῶ
2781 677 2881 744 τήν
2915 693 2973 728 τε
3005 676 3139 730 Θεοῦ
3176 682 3268 734 καὶ
3296 678 3616 749 Πνεῦματος
3645 681 3800 751 λεγο-

527 780 635 819 non
667 765 969 818 increatum
1009 761 1341 828 intelligere,
1374 773 1467 816 aut
1499 765 1697 825 dicere,
1726 761 1892 816 Deum
1926 764 2101 832 ipsum

2215 768 2381 838 μένην
2412 767 2704 840 καθολικὴν
2729 769 2820 820 ἐπὶ
2853 769 3031 822 πάντα
3063 771 3384 839 παρουσίαν.
3416 771 3487 823 Σὺ
3512 768 3572 821 δὲ
3601 770 3664 822 ὲν
3687 777 3798 836 τοίς

529 857 610 909 ais
636 855 802 926 310
820 855 1070 924 spiritum
1113 853 1313 908 vocari.
1346 852 1547 908 Verum
1586 867 1685 908 nec
1712 853 1983 908 inhabitat
2007 870 2102 923 per

2212 860 2470 924 τοιούτοις
2492 862 2592 915 οὐκ
2619 862 2873 916 ἄκτιστον
2901 861 2960 914 τὸ
3000 859 3222 930 Πνεῦμα
3253 867 3392 917 νοεῖν
3423 863 3456 934 ἦ
3491 862 3675 929 λέγειν
3722 867 3795 934 μὴ

528 950 766 1017 seipsum
793 949 846 1000 in
865 957 1112 1002 creatura
1133 947 1270 999 Deus
1289 964 1306 1012 ;
1329 963 1426 1001 nec
1444 946 1724 1015 quisquam
1749 948 1917 1015 possit
1935 947 2099 1001 Demn

2212 951 2502 1020 δυνάμενος
2527 952 2661 1023 (96),
2687 951 2850 1005 αὑτὸν
2865 951 2958 1002 τὸν
2989 951 3120 1005 Θεὸν
3155 950 3372 1020 πνεῦμα
3397 950 3683 1004 καλεῖσθαι
3709 951 3795 1003 λέ-

529 1055 628 1107 pro
676 1037 769 1092 Dei
817 1039 1012 1108 spiritu
1061 1037 1353 1104 accipere.
1408 1051 1530 1091 cum
1583 1037 1729 1091 clare
1784 1038 2098 1104 Apostolum

2208 1060 2342 1110 γεις.
2364 1043 2500 1095 Ἀλλ’
2531 1047 2650 1098 οὐδὲ
2673 1046 2985 1112 ἐγκατοικεί
3020 1044 3086 1096 δι’
3119 1039 3310 1096 ἑαυτοῦ
3336 1044 3403 1111 τῇ
3439 1045 3614 1096 κτίσει
3634 1040 3791 1104 Θεὸς,

528 1130 736 1196 audiat,
760 1130 890 1184 talia
916 1131 982 1182 de
1007 1143 1073 1182 eo
1103 1131 1194 1198 qui
1226 1131 1278 1183 in
1311 1130 1465 1183 nobis
1488 1127 1698 1182 habitat
1720 1131 2051 1183 scribentem
2078 1148 2092 1184 :

2207 1133 2327 1187 οὔτε
2379 1136 2472 1188 τὸν
2505 1136 2636 1189 Θεὸν
2678 1135 2738 1188 τὸ
2772 1132 2866 1186 τοῦ
2902 1134 3040 1188 Θεοῦ
3084 1133 3307 1204 Πνεῦμα
3341 1133 3557 1185 δύναιτο
3598 1138 3665 1190 ἄν
3711 1151 3790 1198 τις

531 1219 698 1275 Nobis
737 1223 870 1275 enim
902 1221 1141 1274 reuelauit
1179 1221 1316 1274 Deus
1351 1236 1441 1286 per
1471 1219 1727 1290 Spiritum
1767 1238 1918 1274 suum
1976 1222 2102 1291 Spi-

2210 1229 2632 1299 παραδέχεσθαι,
2683 1228 2868 1298 σαφῶς
2901 1229 3114 1283 ἀκούων
3157 1229 3250 1282 τοῦ
3291 1227 3614 1280 Ἀποστόλου
3665 1232 3793 1301 περὶ

528 1313 660 1365 ritus
691 1313 825 1365 enim
858 1312 1032 1364 omnia
1067 1321 1351 1375 scrutatur,
1384 1313 1543 1364 etiam
1565 1312 1948 1380 profunditates
1979 1313 2097 1370 Dei.

2210 1322 2294 1376 τοῦ
2329 1327 2386 1374 ὲν
2407 1326 2540 1393 ἡμῖν
2565 1323 2838 1385 οἰκοῦντος
2867 1321 2978 1392 (97)
3006 1325 3232 1379 τοιαῦτα
3253 1321 3583 1392 γράφοντος·
3625 1323 3793 1392 Ἡμῖν

530 1403 660 1470 Quis
684 1406 818 1458 enim
843 1406 1112 1459 hominum
1144 1404 1281 1457 novit
1312 1419 1393 1468 ea,
1425 1422 1542 1472 qua:
1570 1415 1689 1458 sunt
1719 1406 1970 1472 hominis,
2000 1408 2101 1460 nisi

2204 1415 2308 1482 γὰρ
2331 1415 2727 1483 ἀπεκάλυψεν
2749 1418 2782 1468 ό
2804 1413 2947 1478 Θεὸς
2963 1413 3057 1467 διὰ
3078 1417 3182 1471 τοῦ
3201 1415 3546 1482 ΙΙνεύματος
3576 1415 3787 1470 αὑτοῦ.

528 1501 744 1566 spiritus
784 1499 1026 1561 hominis,
1058 1497 1144 1563 qui
1174 1505 1247 1549 est
1276 1496 1332 1550 in
1370 1497 1469 1550 eo?
1517 1495 1604 1550 Sic
1645 1507 1692 1548 et
1737 1512 1798 1550 ea
1833 1514 1952 1566 qua:
1978 1507 2100 1552 sunt

2209 1504 2279 1555 Τὸ
2305 1506 2413 1572 γὰρ
2449 1506 2688 1574 Πνεῦμα
2714 1503 2910 1557 πάντα
2945 1504 3183 1574 ἐρευνᾷ,
3233 1505 3329 1560 καὶ
3373 1506 3445 1559 τὰ
3481 1506 3644 1572 ,βάθη
3682 1506 3789 1558 τοῦ

525 1591 647 1656 Dei,
691 1607 837 1644 nemo
864 1591 1024 1655 novit,
1053 1589 1154 1641 nisi
1191 1588 1426 1656 Spiritus
1473 1587 1590 1640 Dei.
1635 1585 1749 1641 Nos
1786 1599 2095 1643 autemnon

2204 1595 2366 1648 Θεοῦ.
2409 1599 2501 1662 Τίς
2545 1599 2652 1667 γὰρ
2680 1592 2842 1649 οἶδεν
2865 1595 3189 1662 ἀνθρώπων
3225 1599 3296 1652 τὰ
3324 1596 3429 1650 τοῦ
3464 1596 3787 1668 ἀνθρώπου

528 1680 768 1743 spiritum
809 1679 990 1730 mundi
1029 1677 1342 1743 accepimus,
1378 1678 1468 1730 sed
1500 1675 1754 1743 Spiritum
1791 1682 1878 1746 qui
1915 1692 1992 1733 est
2031 1695 2094 1732 ex

2202 1688 2244 1737 εὶ
2285 1685 2371 1756 μὴ
2433 1688 2497 1740 τὸ
2549 1687 2784 1755 πνεῦμα
2831 1686 2935 1740 τοῦ
2994 1688 3307 1754 ἀνθρώπου
3361 1686 3427 1740 τὸ
3475 1689 3543 1742 ἐν
3579 1686 3785 1752 αὐτῷ;

525 1770 657 1833 Deo,
688 1783 741 1823 ut
769 1772 993 1824 sciamus
1022 1785 1137 1838 qua:
1166 1785 1199 1822 a
1229 1769 1333 1822 Deo
1362 1768 1556 1820 donata
1583 1780 1703 1820 sunt
1739 1773 1886 1823 nobis
1923 1771 1988 1822 ⁷⁵.

2197 1775 2361 1827 Οὕτω
2403 1776 2498 1828 καὶ
2537 1775 2608 1828 τὰ
2651 1777 2758 1832 τοῦ
2791 1777 2937 1832 Θεοῦ
2988 1776 3190 1845 οὐδεὶς
3219 1781 3482 1850 ἔγνωκεν
3505 1782 3669 1850 εἰμὴ
3706 1777 3775 1832 τὸ

523 1864 767 1933 Πνεῦμα
809 1863 914 1916 τοῦ
969 1861 1138 1915 Θεοῦ.
1178 1859 1365 1929 Ἡμεῖς
1392 1858 1459 1910 δὲ
1501 1861 1573 1911 οὐ
1609 1857 1674 1911 τὸ
1726 1862 1958 1928 πνεῦμα
2024 1861 2129 1913 τοῦ
2167 1865 2398 1933 κόσμου
2447 1865 2556 1926 (98)
2599 1867 2920 1938 ἐλάϐομεν,
2957 1867 3119 1920 ἀλλὰ
3192 1871 3259 1924 τὸ
3315 1869 3560 1939 Πνεῦμα
3603 1873 3672 1926 τὸ
3715 1871 3784 1924 ὲκ

523 1962 629 2016 τοῦ
649 1959 816 2022 Θεοῦ,
840 1960 939 2012 ἵνα
968 1954 1214 2026 εἰδῶμεν
1236 1956 1307 2008 τὰ
1339 1951 1457 2007 ὑπὸ
1480 1952 1585 2006 τοῦ
1612 1954 1760 2007 Θεοῦ
1780 1953 2138 2023 χαρισθέντα
2165 1957 2323 2024 ἡμῖν.

596 2055 649 2108 ⁵5.
696 2053 878 2120 Itaque
921 2050 968 2105 si
1003 2050 1054 2104 in
1091 2049 1174 2104 bis
1203 2061 1362 2101 nemo
1388 2047 1586 2114 poterit
1617 2062 1712 2115 pro
1744 2046 1948 2114 Spiritu
1993 2046 2084 2101 Dei

2258 2051 2311 2103 5.
2349 2051 2412 2102 Εἰ
2443 2051 2622 2105 τοίνυν
2656 2055 2713 2105 ὲν
2743 2052 2950 2114 τούτοις
2985 2052 3158 2116 οὐδεὶς
3189 2054 3255 2108 ἂν
3286 2053 3500 2107 δύναιτο
3523 2053 3586 2107 τὸ
3609 2053 3757 2108 Πνεῦ

523 2149 696 2202 Deum
729 2145 980 2216 accipere
1009 2144 1027 2213 (
1057 2150 1112 2196 et
1141 2139 1360 2210 quidem
1391 2153 1516 2193 eum
1545 2140 1619 2191 ita
1649 2154 1771 2192 cum
1809 2137 1898 2190 Dei
1928 2138 2096 2208 gloria

2199 2159 2272 2212 μα
2304 2143 2399 2194 τοῦ
2435 2141 2570 2195 Θεοῦ
2601 2145 2693 2196 τὸν
2725 2142 2856 2195 Θεὸν
2878 2143 3095 2197 ἀκούειν
3124 2146 3388 2215 (καίτοιγε
3416 2143 3590 2207 οὕτως
3638 2149 3782 2214 ἡνω-

524 2241 874 2308 conjunctum
913 2235 1131 2296 videat,
1175 2231 1253 2286 uti
1295 2241 1380 2286 est
1425 2245 1548 2286 cum
1597 2231 1814 2284 homine
1856 2231 2094 2286 hominis

2199 2232 2354 2303 μένον
2393 2233 2525 2286 αὐτὸ
2562 2236 2626 2302 τῇ
2659 2230 2750 2283 τοῦ
2784 2231 2917 2284 Θεοῦ
2969 2231 3094 2303 δόξῃ
3134 2231 3356 2304 θεωρῶν
3384 2233 3459 2295 ὠς
3502 2231 3782 2302 ἀνθρώπῳ

524 2330 808 2403 spiritus),
842 2342 908 2382 ne
939 2327 1116 2388 dicat,
1158 2325 1336 2378 verbis
1383 2324 1432 2376 in
1482 2323 1812 2376 contrarium
1868 2337 2089 2377 sensum

2199 2323 2250 2376 τὸ
2285 2323 2572 2393 ἀνθρώπου
2624 2321 2884 2391 πνεῦμα),
2923 2322 2996 2392 μὴ
3025 2322 3294 2392 βιαξέσθω
3325 2323 3435 2395 (99)
3467 2321 3527 2375 τὸ
3555 2321 3782 2391 Πνεῦμα

525 2423 781 2486 detortis,
821 2421 984 2474 Deum
1019 2419 1191 2488 ipsum
1226 2430 1347 2470 esse
1392 2414 1483 2469 Dei
1531 2413 1819 2483 Spiritum.
1852 2414 2089 2482 Spiritus

2196 2413 2283 2467 τοῦ
2325 2413 2462 2466 Θεοῦ
2507 2412 2684 2480 λέγειν
2731 2413 2892 2466 αὑτὸν
2920 2409 3055 2465 εἶναι
3093 2413 3182 2466 τὸν
3214 2414 3368 2468 Θεόν.
3411 2413 3479 2466 Τὸ
3509 2411 3779 2480 Πνεῦμα,

515 2530 690 2580 ancus,
733 2513 926 2580 inquit,
964 2510 1053 2580 qui
1093 2517 1168 2561 est
1216 2521 1372 2575 super
1419 2515 1465 2559 te
1489 2505 1567 2558 ⁷⁷;
1613 2519 1716 2557 non
1765 2504 1952 2570 Deum,
2000 2507 2094 2559 sed

2197 2506 2343 2577 φησι,
2376 2507 2439 2558 τὸ
2462 2504 2607 2573 ἐμὸν
2631 2506 2663 2557 ὅ
2688 2505 2857 2558 ἐστιν
2883 2505 2956 2574 (1)
2981 2505 3080 2558 ἐπὶ
3119 2507 3219 2560 σοί
3240 2523 3252 2537 ο
3282 2506 3342 2557 οὐ
3375 2506 3466 2558 τὸν
3491 2506 3646 2568 Θεὸν,
3683 2505 3780 2558 ἀλ-

521 2606 784 2673 Spiritum
807 2604 896 2671 qui
921 2612 1001 2656 est
1030 2617 1058 2653 a
1085 2601 1211 2661 Deo,
1235 2581 1576 2666 significavit.
1625 2596 1857 2664 Spiritus
1883 2596 2092 2649 Domini

2194 2603 2255 2657 λὰ
2282 2602 2340 2655 τὸ
2375 2600 2525 2672 παρὰ
2546 2600 2678 2653 Θεοῦ
2707 2600 2929 2670 Πνεῦμα
2961 2598 3250 2669 δεδήλωκε.
3275 2597 3517 2665 Πνεῦμα
3550 2601 3777 2665 Kvpiov

521 2711 676 2764 super
698 2711 778 2747 me
805 2710 823 2747 :
846 2702 1113 2760 propterea
1140 2690 1287 2740 unin
1320 2703 1400 2739 me
1421 2687 1488 2740 ⁷⁸.
1521 2687 1782 2756 Spiritum
1819 2689 2090 2741 unctionis

2196 2695 2282 2748 ἐπ’
2311 2694 2436 2764 ἐμὲ,
2465 2688 2536 2748 οὗ
2563 2693 2794 2745 εἵνεκεν
2821 2689 3028 2760 ἐχρισέ
3051 2709 3146 2759 με.
3173 2691 3245 2742 Τὸ
3275 2689 3499 2758 Πνεῦμα
3524 2690 3625 2757 τῆς
3659 2691 3779 2758 χρί-

524 2791 782 2862 Spiritum
833 2785 1041 2841 Domini
1093 2787 1322 2838 vocavit.
1388 2779 1626 2849 Spiritus
1677 2781 1891 2833 divinus
1951 2794 2088 2834 unus

2197 2801 2324 2848 εεως
2359 2784 2580 2854 Πνεῦμα
2633 2783 2836 2854 Κυρίου
2880 2781 3165 2851 κέκληκεν.
3201 2780 3299 2832 Ἐν
3347 2777 3407 2831 τὸ
3443 2776 3673 2846 Πνεῦμα
3719 2779 3780 2830 τὸ

522 2892 638 2945 est;
667 2895 732 2933 ne
766 2863 885 2945 quis
919 2864 1098 2945 plures
1127 2887 1232 2928 uno
1272 2872 1451 2935 dicat,
1486 2871 1698 2924 tametsi
1739 2871 1878 2924 Dcus
1913 2886 1941 2922 a
1979 2871 2086 2924 Do-

2194 2873 2361 2926 θεῖον·
2409 2875 2484 2945 μὴ
2539 2874 2711 2928 πλείω
2743 2873 2836 2926 τοῦ
2878 2873 2996 2936 ἑνὸς
3034 2871 3237 2940 λεγέτω
3261 2887 3371 2933 τις,
3402 2868 3506 2922 κᾶν
3556 2867 3777 2940 πνεῦμα

522 2969 669 3022 mino
693 2968 888 3020 dicitur
917 2964 1156 3033 spiritus.
1193 2960 1406 3014 Patrem
1431 2959 1570 3028 quod
1603 2959 1952 3029 incorporeus
1989 2962 2082 3026 sit,

2195 2965 2372 3028 ὑΘεὸς
2402 2967 2504 3018 ὑπὸ
2543 2967 2636 3019 τοῦ
2679 2966 2883 3036 Κυρίου
2937 2965 3183 3035 λέγηται.
3214 2965 3291 3033 Τῇ
3326 2962 3418 3016 τοῦ
3462 2962 3778 3030 πνεύματος

520 3059 739 3113 nomine
759 3057 978 3122 spiritus
1007 3053 1324 3122 signiﬁcavit
1347 3052 1412 3105 ⁷⁸.
1439 3053 1904 3116 Quemadmodum
1936 3053 2083 3107 enim

2192 3057 2475 3126 ἐπωνυμίᾳ
2535 3056 2623 3108 τὸν
2683 3056 2904 3125 Πατέρα
2957 3056 3287 3124 δεδήλωκεν,
3325 3056 3406 3106 ὅτι
3457 3055 3775 3124 ἀσώματος.

521 3151 755 3220 Spiritus
796 3148 936 3202 Deus
965 3147 1242 3212 est,juxta
1294 3145 1444 3205 illud,
1486 3143 1754 3209 Templum
1805 3145 1903 3197 Dei
1938 3148 2086 3210 estis,

2195 3150 2401 3220 Ὥσπερ
2424 3147 2532 3218 γὰρ
2555 3147 2614 3199 τὸ
2643 3145 2865 3215 Πνεῦμα
2897 3147 2924 3196 ὁ
2954 3146 3104 3208 Θεὸς,
3139 3146 3279 3198 κατὰ
3302 3145 3391 3206 τὸ,
3423 3145 3583 3210 Ναὸς
3625 3145 3778 3200 Θεοῦ

518 3253 568 3296 et
583 3239 806 3307 Spiritus
833 3237 926 3291 Dei
949 3237 1150 3290 habitat
1175 3237 1230 3288 in
1253 3236 1394 3287 vobis
1409 3235 1487 3290 ⁸ος
1517 3235 1591 3287 ita
1614 3243 1668 3287 et
1691 3235 1829 3288 Deus
1851 3235 2087 3302 Spiritus

2191 3239 2350 3304 ἐστε,
2406 3238 2505 3290 καὶ
2553 3237 2620 3290 τὸ
2671 3235 2912 3304 Πνεῦμα
2959 3234 3064 3288 τοῦ
3114 3235 3260 3288 Θεοῦ
3308 3233 3459 3287 οἰκεῖ
3486 3235 3557 3287 ἐν
3598 3235 3774 3304 ὑμῖν·

519 3345 633 3400 est,
665 3349 768 3388 non
800 3333 1028 3387 dissecta
1060 3329 1322 3384 Trinitate
1344 3370 1357 3389 ,
1389 3342 1564 3396 neque
1594 3327 1885 3381 secundum
1928 3338 2088 3381 natu-

2195 3330 2328 3384 οὕτω
2355 3330 2450 3382 καὶ
2485 3332 2511 3382 ὁ
2543 3329 2673 3391 Θεὸς
2707 3329 2766 3381 τὸ
2800 3326 3044 3397 Πνεῦμα,
3077 3327 3174 3396 τῆς
3211 3327 3439 3397 Τριὰδος
3477 3326 3551 3397 μὴ
3593 3327 3778 3380 διακο-

522 3443 636 3484 ram
660 3435 904 3497 separata
930 3441 945 3478 :
981 3425 1060 3478 sic
1082 3433 1136 3477 ut
1171 3422 1385 3477 nomina
1411 3423 1572 3476 etiam
1607 3436 1713 3474 non
1741 3429 2081 3488 separentur.

2193 3423 2461 3493 πτομένης
2483 3421 2616 3491 μηδὲ
2651 3420 3021 3490 χωριζομένης
3044 3419 3142 3488 τὴν
3182 3418 3340 3486 φύσιν
3371 3419 3470 3487 (2),
3501 3418 3647 3472 ὥστε
3682 3422 3776 3472 καὶ

521 3522 863 3589 QuaprOpter
883 3531 1005 3570 cum
1026 3531 1162 3568 unus
1182 3515 1254 3568 sit
1281 3515 1440 3578 Deus,
1469 3514 1606 3566 Deus
1631 3515 1792 3568 etiam
1814 3523 1896 3566 est
1915 3511 2085 3566 Filius

2191 3515 2253 3566 τὰ
2281 3514 2518 3583 ὀνόματα
2542 3513 2616 3582 μὴ
2635 3511 2981 3581 χωρίζεσθαι.
3001 3509 3200 3580 Διόπερ
3225 3509 3316 3561 καὶ
3348 3511 3465 3574 ἑνὸς
3491 3511 3649 3574 ὄντος
3681 3511 3774 3562 τοῦ

520 3624 740 3680 paterna
791 3619 1000 3671 natura,
1044 3616 1099 3659 et
1137 3618 1359 3672 paterno
1400 3606 1642 3668 nomine;
1676 3619 1875 3658 etcum
1915 3604 2083 3659 Filius

2191 3605 2341 3670 Θεοῦ,
2376 3605 2509 3666 Θεὸς
2541 3606 2569 3656 ὀ
2603 3604 2729 3664 Υίὸς
2766 3605 3005 3672 πατρικῇ
3042 3600 3202 3669 φύσει
3244 3601 3338 3653 καὶ
3371 3602 3627 3673 πατρικῷ
3659 3602 3774 3654 όνό-

518 3715 658 3755 unus
681 3698 936 3751 Dominus
955 3696 1043 3757 sit,
1071 3695 1232 3748 Pater
1255 3695 1510 3747 Dominus
1527 3702 1630 3756 est,
1657 3695 1873 3747 nomine
1897 3693 2083 3762 imagi-

2190 3714 2351 3766 ματι·
2390 3697 2484 3750 καὶ
2539 3696 2656 3758 ἑνὸς
2701 3695 2850 3758 ὄντος
2899 3693 3102 3765 Κυρίου
3153 3693 3247 3748 τοῦ
3290 3694 3441 3757 Υἱοῦ,
3503 3693 3711 3764 Κύριος
3743 3694 3773 3745 ὁ

517 3792 604 3846 nis
627 3800 849 3844 vocatus
873 3827 888 3850 ,
926 3787 1064 3842 sicut
1104 3787 1220 3855 ejus
1248 3785 1520 3854 exemplar
1541 3801 1604 3838 ac
1627 3787 1840 3853 genitor
1869 3803 1880 3838 :
1923 3785 2002 3839 sic
2028 3794 2083 3839 et

2188 3787 2374 3860 Πατὴρ
2402 3787 2479 3856 τῷ
2512 3787 2611 3856 τῆς
2634 3787 2840 3848 εἰκόνος
2862 3785 3084 3855 ὀνόματι
3125 3785 3452 3856 καλούμενος
3471 3824 3484 3844 ,
3520 3783 3598 3846 ὡς
3619 3801 3771 3854 πρω-

518 3881 753 3950 Spiritus
795 3877 1082 3942 Dominus,
1113 3893 1140 3930 a
1175 3875 1401 3931 Domino
1428 3891 1620 3930 nomen
1652 3876 1878 3940 habens,
1911 3891 1941 3929 a
1974 3889 2081 3944 quo

2187 3880 2409 3942 τότυπος
2451 3879 2620 3948 αὐτῆς
2651 3879 2745 3931 καὶ
2792 3893 3072 3948 γεννητωρ
3095 3895 3107 3907 ·
3146 3877 3288 3930 οὓτω
3320 3878 3413 3928 καὶ
3454 3876 3514 3927 τὸ
3541 3875 3770 3945 Πνεῦμα

515 3974 681 4026 etiam
708 3971 892 4033 datur,
929 3982 983 4025 et
1029 3970 1286 4024 Dominus
1313 3969 1533 4038 spiritus
1561 3969 1626 4022 ab
1654 3968 1888 4037 imagine
1935 3977 2063 4022 est:

2186 3969 2405 4040 Κύριος,
2450 3970 2557 4022 ἀπὸ
2597 3969 2690 4022 τοῦ
2740 3969 2945 4041 Κυρίου
2983 3971 3081 4037 τὴν
3127 3969 3442 4037 ἐπωνυμίαν
3479 3968 3639 4036 ἕχον,
3675 3968 3769 4035 ἀφ’

515 4059 948 4126 uitandoqttidem
975 4069 1028 4112 et
1060 4060 1197 4114 Deus
1222 4061 1444 4126 spiritus
1474 4061 1541 4114 ab
1576 4061 1690 4128 ipso
1721 4071 1940 4114 vocatus
1973 4068 2076 4113 est.

2189 4051 2240 4110 οῦ
2277 4060 2368 4112 καὶ
2411 4059 2788 4128 μεταδίδοται,
2841 4059 2931 4109 καὶ
2962 4059 2990 4110 ὁ
3031 4057 3232 4129 Κύριος
3278 4055 3384 4110 ἀπὸ
3428 4057 3529 4126 τῆς
3560 4057 3772 4120 εἰκόνος

516 4151 625 4204 Nec
651 4162 827 4203 tamen
851 4157 1132 4215 propterea
1153 4151 1281 4201 deos
1301 4160 1432 4212 tres,
1463 4167 1636 4218 neque
1667 4153 1913 4205 dominos
1949 4164 2080 4215 tres,

2188 4151 2401 4221 πνεῦμα
2425 4169 2437 4180 ⁸
2467 4152 2588 4204 ἐπεὶ
2615 4152 2708 4204 καὶ
2737 4153 2764 4204 ὁ
2797 4151 2928 4214 Θεὸς
2975 4149 3192 4221 πνεῦμα
3231 4151 3324 4203 ἀπ’
3379 4149 3548 4202 αὑτοῦ
3605 4167 3771 4221 προσ-

515 4256 692 4310 ιιειιιιε
722 4240 943 4310 spiritus
992 4250 1099 4294 tres
1128 4250 1341 4309 oportet
1373 4241 1552 4293 facere
1589 4257 1600 4291 :
1657 4247 1749 4294 sed
1795 4243 2079 4298 Trinitatis

2183 4246 2496 4316 ηγόρευται.
2515 4245 2588 4298 Οὐ
2615 4243 2679 4314 δὴ
2703 4247 2850 4312 τρεῖς
2880 4245 2956 4314 t3)
2988 4243 3166 4309 θεοὺς,
3194 4242 3314 4296 οὐδὲ
3343 4244 3490 4314 τρεῖς
3518 4242 3765 4312 κυρίους,

515 4332 956 4402 conjunctionem
988 4331 1040 4385 in
1078 4329 1352 4384 nominum
1383 4328 1875 4382 communicatione
1910 4346 2078 4397 agno-

2186 4337 2298 4388 οὐδὲ
2335 4337 2460 4407 τρία
2493 4337 2775 4405 πνεύματα
2830 4335 2916 4388 διὰ
2963 4336 3119 4389 τοῦτο
3165 4335 3437 4406 ποιητέον,
3483 4334 3621 4387 ἀλλὰ
3667 4334 3769 4400 τῆς

515 4440 687 4479 scere.
720 4425 1040 4493 Quanquam
1080 4434 1135 4477 tu
1175 4438 1238 4476 eo
1268 4421 1551 4476 dementia:
1585 4421 1875 4486 devenisti,
1907 4430 1964 4474 ut
1997 4435 2077 4474 se.

2179 4423 2406 4490 Τριάδος
2436 4423 2533 4491 τὴν
2589 4423 2779 4474 ἓνωοιν
2832 4427 2888 4476 ὲν
2943 4427 3006 4493 τῇ
3037 4426 3289 4492 κοινωνίᾳ
3338 4424 3444 4476 τῶν
3473 4424 3762 4493 ὀνομάτων

514 4528 706 4587 parato
738 4533 801 4572 ac
837 4516 1106 4584 disjuncto
1139 4514 1344 4583 Spiritu
1377 4528 1407 4566 a
1449 4511 1613 4568 Patre
1650 4524 1704 4567 et
1738 4512 1898 4576 Filio,
1927 4511 2075 4565 dicas

2182 4513 2556 4580 ὲπιγνωστέον.
2604 4515 2863 4582 Καίτοιγε
2916 4517 2978 4568 σὺ
3024 4516 3160 4586 πρὸς
3200 4516 3454 4569 τοσοῦτον
3497 4517 3765 4577 ἀπονοίας

583 4667 853 4792 "igerem.
881 4684 1032 4733 χχιιι,
1057 4667 1146 4721 2i.
1223 4668 1268 4701 ⁷⁸
1306 4667 1322 4722 l
1356 4667 1479 4723 Cor.
1512 4684 1573 4725 tt.
1619 4669 1826 4724 10-12.!
1899 4670 1942 4700 '”
1980 4669 2081 4724 lsa.
2125 4686 2232 4726 th.
2265 4670 2352 4723 ει.
2466 4671 2511 4701 ⁷⁸
2543 4671 2644 4724 lsa.
2680 4687 2790 4736 ut,
2835 4671 2884 4723 l.
2961 4669 3182 4727 "Joan.
3215 4688 3287 4727 tv.
3314 4671 3402 4726 9.4.
3502 4673 3549 4704 '°
3582 4671 3602 4725 l
3632 4673 3763 4728 Cor.

511 4754 593 4805 ιιι,
627 4754 708 4792 ιο.

579 4895 688 4961 (96)
723 4895 860 4966 Eiliti
906 4905 958 4947 et
1000 4911 1127 4948 mss.
1179 4895 1327 4947 multi
1361 4895 1539 4961 λέγειν
1585 4895 2061 4966 δυνάμενοςηκεε.

2180 4965 2183 4966 ν
2257 4896 2333 4963 (1)
2373 4896 2512 4950 Editi
2572 4896 2703 4966 ἐμόν
2735 4899 2899 4950 ἐστιν.
2937 4898 3157 4966 Antiqui
3202 4907 3310 4950 tres
3359 4896 3481 4950 libri
3545 4899 3683 4966 ἐμὸν
3733 4901 3762 4952 ὅ

507 4968 699 5020 tertius
731 4965 904 5034 λέγειν
935 4967 1009 5036 μὴ
1042 4965 1356 5034 δυνάμενος,
1403 4981 1524 5036 cum
1563 4983 1663 5018 non
1695 4964 1857 5030 possis
1889 4964 2060 5030 Spiri-

2173 4965 2342 5036 ξετιν,
2373 4978 2425 5020 ει
2477 4967 2546 5018 ita
2581 4964 2792 5034 quoque
2837 4968 3038 5020 editum
3087 4964 3360 5036 invenitur
3395 4967 3534 5034 apud
3581 4964 3755 5023 LXX.

505 5048 616 5109 tum
642 5034 1055 5109 intelligerent—in
1089 5037 1376 5109 inereatum
1400 5051 1425 5109 :_
1446 5034 1547 5088 hoc
1579 5044 1681 5098 est,
1709 5052 1825 5088 cum
1856 5038 1956 5109 tibi
1982 5035 2056 5089 vel

2177 5034 2423 5109 linc‘ipso
2449 5037 2641 5109 in_loep
2668 5038 2800 5109 editi
2819 5037 2952 5109 ἀλλὰ
2981 5038 3131 5108 παρὰ
3159 5035 3249 5109 τοῦ
3277 5036 3411 5109 Θεοῦ
3439 5037 3500 5088 τὸ
3528 5039 3760 5109 Πνεῦμα

503 5107 664 5158 incito
703 5101 973 5184 fatendum
1004 5107 1068 5158 sit
1105 5104 1366 5184 Spiritum
1408 5104 1696 5184 increatum
1734 5122 1871 5184 esse.
1928 5106 2060 5174 Reg.

2177 5101 2464 5184 istiiﬂths,
2487 5106 2714 5184 Πνεῦμα
2757 5108 2964 5184 Κυρίου
2996 5101 3098 5184 ἐπὶ
3271 5105 3558 5184 ξίέκληκεν
3593 5101 3760 5184 ἒν-ξτὸ

504 5188 689 5254 sextus
729 5175 918 5254 habuit
953 5190 1167 5254 quoque
1207 5176 1378 5241 prima
1425 5189 1586 5253 manu
1621 5173 1694 5254 μῂ
1719 5173 2062 5254 ⁸δυναμενος’

2176 5173 2388 5254 Πνεῦμα
2419 5173 2672 5254 τὸλθείον,
2711 5177 2784 5254 μὴ
2815 5173 2985 5229 πλείω
3007 5176 3101 5254 τοῦ
3133 5173 3248 5254 ἑνὸς
3271 5173 3476 5244 λεγέτω
3505 5196 3609 5240 τις.
3647 5181 3759 5231 Καὶ

503 5246 817 5316 sed_tjoc_ula
838 5245 927 5314 ’μή
955 5246 1021 5296 ab
1053 5243 1270 5316 indocto
1300 5243 1820 5316 nescioﬂquo’deleta
1851 5243 1958 5300 est.

2173 5243 2390 5316 Πνεῦμα
2417 5249 2444 5298 ὁ
2476 5246 2606 5308 Θεὸς
2639 5243 2926 5310 ὑπό,“ειε.,
2957 5248 3098 5314 quod
3142 5243 3515 5300 detrimentum
3543 5264 3666 5301 esse
3704 5262 3756 5301 et

576 5314 684 5385 197)
702 5313 877 5368 Codex
911 5313 1044 5370 unus
1071 5315 1128 5366 ὲν
1151 5315 1282 5384 ἡμῖν
1308 5314 1639 5378 ἐνοικοῦντος
1666 5315 2063 5385 πνεύματος....

2169 5313 2505 5370 decurtatum
2541 5333 2604 5368 ex
2654 5317 2891 5382 antiquis
2947 5313 3118 5369 tribus
3172 5316 3325 5369 libris
3372 5319 3750 5385 cognovimus,

503 5381 752 5456 ἡμῖνᾼδέ.Δ
818 5455 821 5456 ν
947 5453 971 5456 Α
1013 5453 1043 5456 Α
1439 5453 1447 5456 Α
1807 5381 1818 5385 “

2168 5399 2401 5456 quorum
2435 5402 2538 5452 ope
2572 5387 2695 5456 huic
2728 5381 2868 5456 malo
2898 5381 3462 5456 allatum‘remedium'
3477 5399 3578 5439 εει.

573 5454 682 5526 (98)
717 5454 893 5526 Codex
934 5453 1082 5526 Coll).
1122 5455 1329 5526 κόσμου
1361 5453 1571 5507 τούτου.
1750 5524 1787 5526 Α

2241 5455 2312 5524 (2)
2355 5457 2490 5510 Etliti
2541 5455 2682 5508 κατὰ
2734 5455 2849 5526 τὴν
2885 5455 3065 5522 φύσιν.
3128 5454 3441 5526 Prmpositio
3491 5457 3637 5508 κατα
3694 5457 3747 5509 in

570 5524 680 5591 (99)
720 5525 867 5585 lilud,
898 5524 1322 5595 μὴβιαζέσθω,
1361 5526 1720 5591 interpretans
1748 5524 2062 5591 Trapezun-
2162 5527 2412 5579 Ottlttilms
2444 5543 2570 5581 mss.
2626 5524 2798 5579 deest.
2837 5525 2967 5578 Item
2999 5525 3186 5578 vocula
3239 5526 3336 5594 μή,
3389 5541 3507 5595 qua:
3559 5528 3748 5580 statim

499 5597 603 5648 tius
655 5596 731 5647 sic
758 5595 1003 5662 seripsit:
1029 5594 1106 5648 Ne
1129 5596 1407 5647 contendat
1439 5611 1670 5647 asserere
1691 5596 1932 5654 spiritum
1960 5595 2062 5648 Dei
2163 5597 2424 5660 sequitur,
2460 5599 2612 5651 abest
2640 5612 2668 5648 a
2700 5606 2933 5660 quatuor
2975 5597 3276 5648 codicibus.

495 5681 664 5727 ipsum
689 5681 796 5717 esse
818 5663 998 5718 Deum.
1031 5666 1109 5717 Ad
1138 5665 1456 5736 verbumita
1491 5667 1828 5736 interpretari
1855 5665 2057 5736 licebit.
2230 5666 2308 5730 (3)
2351 5667 2487 5723 Editi
2538 5665 2656 5718 οὐδὲ
2689 5669 2854 5736 τρεῖς.
2898 5664 3119 5721 Veteres
3163 5665 3362 5733 aliquot
3409 5663 3530 5720 libri
3576 5665 3639 5718 οὐ
3681 5665 3745 5736 δὴ

497 5752 557 5785 ne
582 5750 678 5785 vim
713 5736 870 5788 verbis
899 5736 1112 5804 inferat,
1145 5736 1218 5788 sic
1251 5745 1303 5786 ut
1337 5735 1475 5786 dicat
1512 5735 1603 5788 Dei
1636 5735 1871 5802 spiritum
1893 5733 2054 5789 Deum
2158 5738 2323 5803 τρεῖς.

494 5819 660 5865 ipsum
686 5821 812 5859 esse.
