4008 6456
224 416 335 468 739

1315 409 1685 465 ADVERSUS
1727 407 2094 465 EUNOMIUM
2139 407 2263 463 LIB.
2309 408 2372 461 ν.

3355 407 3462 461 750

225 533 378 604 εὖροι
402 550 483 598 τις
532 531 613 583 ἄν.
665 530 802 583 Ἀλλ’
847 529 1146 602 ὀρθοτέρως
1179 529 1243 581 ἂν
1295 529 1576 581 ἀκούσειεν
1627 531 1654 580 ὁ
1686 529 1794 596 (9.0)

1905 529 2096 582 Vin-nm
2144 530 2343 582 rectius
2387 528 2498 580 lucc
2545 525 2893 589 intellexerit,
2923 522 3012 592 qui
3048 522 3340 577 sententias
3381 523 3465 578 di-

225 624 468 686 εὐσεϐῶς
496 624 562 676 τὰ
587 623 704 675 θεῖα
735 624 976 692 νοήματα
992 622 1439 692 τεκμαιρόμενος,
1468 621 1638 688 λέγων
1664 623 1799 691 πρὸς

221 716 454 784 τὴντῶν
486 715 740 768 ἐναντίων
771 715 1058 776 ἀντίθεσιν,
1093 715 1194 774 ὃτι,
1231 715 1278 765 ει
1311 714 1551 783 νομίσειὲ
1577 732 1657 777 τις
1677 732 1798 766 ταυ-

223 808 426 877 τότητα
468 807 710 873 είσάγειν
754 805 861 857 ἀπὸ
900 805 1006 855 τῶν
1054 806 1378 874 ὁμωνύμων,
1415 806 1464 856 τί
1503 808 1795 873 ποιήσειεν,

226 899 309 950 ὅτι
352 897 496 950 ὄντα
529 895 695 948 πολλά
748 896 961 961 λέγεται
1007 895 1039 964 ἢ
1078 895 1356 959 καλεῖται;
1405 896 1552 958 Ἐνδς
1601 895 1655 947 δέ
1685 896 1797 948 ἐστι

225 986 407 1050 τοῦτο,
438 987 683 1053 λέγοντος
713 984 913 1054 Κυρίου
954 986 1046 1036 καὶ
1074 985 1286 1050 ἀληθῶς
1311 985 1443 1038 Θεοῦ
1463 1002 1476 1015 ·
1521 987 1574 1036 Ἐ
1580 985 1659 1054 τό)
1684 990 1798 1054 εἰμι

228 1083 263 1132 ὁ
294 1079 399 1132 ὢν.
431 1080 686 1145 Λέγονται
708 1077 764 1128 δὲ
790 1077 882 1130 καὶ
903 1080 1136 1147 πατέρες
1174 1079 1373 1140 πολλοὶ,
1413 1079 1505 1131 καὶ
1543 1079 1674 1144 θεοὶ,
1709 1079 1800 1131 καὶ⁴

228 1171 572 1239 γεννήτορες,
607 1167 701 1220 καὶ
740 1169 912 1235 σοφοὶ,
949 1168 1042 1220 καὶ
1069 1169 1302 1232 δυνατοὶ,
1341 1170 1432 1223 καὶ
1458 1170 1797 1243 δημιουργοὶ,

226 1264 264 1316 ὃ,
287 1263 365 1332 τῷ
398 1260 514 1330 Θεῷ
552 1261 696 1331 μόνῳ
730 1262 888 1329 φύσει
926 1270 1212 1332 πρόσεστιν
1245 1264 1350 1316 ἀεί.
1390 1265 1499 1317 Καὶ
1532 1266 1800 1336 ἀγέννητα

225 1353 490 1414 ὡσαύτως
516 1352 763 1419 λέγονται
793 1353 861 1405 τά
897 1354 1118 1423 μηδέπω
1159 1355 1508 1424 γεννηθέντα,
1541 1358 1801 1427 μέλλοντα

226 1445 284 1496 δὲ
312 1443 594 1510 γεννᾶσθαι
679 1445 920 1513 γίνεσθαι
944 1463 956 1477 ·
997 1447 1070 1510 ὡς
1091 1448 1183 1498 καὶ
1219 1449 1250 1517 ἡ
1292 1452 1400 1501 τῶν
1436 1451 1642 1521 νεκρῶν
1672 1453 1801 1504 ἀνά-

229 1554 436 1602 στασις,
463 1538 612 1590 οὔπω
643 1541 916 1606 γεγονυῖα,
958 1538 1248 1607 ἀγέννητος
1278 1540 1410 1609 (ΞΗ),
1453 1543 1717 1612 μέλλουσα
1747 1545 1802 1595 δὲ

226 1623 392 1680 εἶναι·
425 1629 456 1699 ἧ
482 1629 560 1691 ὡς
579 1632 683 1682 ἀπὸ
713 1631 928 1701 σιδήρου
959 1631 1237 1691 δακτύλιος
1269 1629 1376 1703 (9:2)
1411 1635 1617 1703 μέλλων
1661 1636 1802 1700 γίνε-

227 1720 374 1784 σθαι,
423 1722 714 1790 ἀγὲννητος
755 1721 829 1776 ὢν
861 1724 918 1774 ἐν
958 1725 1022 1791 τῇ
1054 1723 1148 1776 τοῦ
1184 1726 1402 1795 σιδήρου
1435 1725 1621 1793 φύσει·
1663 1726 1694 1795 ἦ
1728 1727 1802 1788 ὡς

224 1813 357 1865 ὅταν
397 1813 502 1865 ἀπὸ
528 1813 715 1876 ὓδατος
747 1815 778 1882 ἧ
828 1814 973 1866 λίθου
1008 1814 1138 1886 πῦρ,
1171 1817 1202 1886 ἦ
1247 1817 1410 1886 ἄλλης
1459 1817 1600 1879 τινὸς
1646 1817 1796 1888 ὕλης,

226 1903 490 1968 ὡσαύτως
511 1905 571 1958 τὸ
609 1906 845 1958 τοιοῦτον
881 1906 1104 1976 γένηται
1133 1907 1241 1977 πῦρ
1276 1909 1408 1977 (25).
1445 1909 1609 1962 Πάλιν
1637 1911 1801 1977 ἀγέν-

225 2014 387 2066 νητον
414 1998 657 2050 ἀνοῦσιον
679 1997 905 2065 νοοῦμεν
923 1998 983 2050 τὸ
1010 1999 1232 2068 μηδαμῆ
1257 2002 1520 2070 μηδαμῶς
1555 2002 1633 2054 ὅν.
1666 1998 1799 2055 Εἷπέ

225 2105 313 2151 τις
357 2089 623 2151 ἀνούσιον,
655 2089 950 2140 ὑπόστασιν
992 2091 1169 2143 ἀνεῖλε
1198 2093 1292 2143 καὶ
1333 2094 1518 2156 οὐσίας
1548 2094 1797 2165 ὓπαρξιν.

237 2180 530 2242 Ἀνοῶσιον,
583 2182 676 2232 καὶ
731 2181 1118 2245 ἀνυπόστατον,
1163 2186 1262 2254 τὴν
1316 2184 1804 2261 μὴβπάρχουσαν

227 2276 368 2342 μήτε
393 2268 553 2325 οὖσαν
589 2273 721 2336 ὅλως
759 2274 1010 2344 σημαίνει
1039 2274 1217 2343 φύσιν.
1259 2276 1332 2328 Τὸ
1367 2277 1423 2329 δὲ
1450 2278 1686 2331 ἐνούσιον
1713 2281 1802 2332 καὶ

223 2365 594 2418 ἀνυπόστατον
642 2366 814 2434 λέγων
873 2385 974 2432 τις,
1017 2369 1113 2440 τὴν
1161 2370 1568 2440 ἐνυπάρχουσαν
1615 2372 1803 2425 οὐσίαν

223 2456 482 2526 ἐδήλωσε.
530 2457 602 2510 Τὸ
630 2459 685 2511 δὲ
716 2459 893 2526 λέγειν
927 2461 1215 2531 ἀγέννητον
1264 2463 1353 2513 τὸν
1383 2462 1532 2526 Θεὸν,
1578 2463 1610 2533 ἣ
1646 2463 1804 2530 ἀγέν-

224 2564 386 2615 νητον
417 2548 556 2619 μετά
575 2550 668 2600 τοῦ
699 2550 920 2618 ἄρθρου,
949 2551 1220 2617 προτάξας
1247 2549 1412 2615 Θεὸν,
1442 2551 1473 2620 ἢ
1504 2552 1803 2618 ἐπενέγκας

223 2637 390 2692 πάλιν
422 2639 480 2690 τὸ
515 2639 644 2691 αὐτὸ
672 2639 863 2707 ὄνομα,
896 2640 993 2691 οὐκ
1025 2640 1208 2692 οὐσίαν
1239 2641 1464 2704 ἀνεῖλεν,
1486 2642 1606 2696 οὐδὲ
1638 2643 1698 2694 τὸ
1727 2639 1802 2695 εἷ-

223 2744 317 2777 ναι
347 2726 438 2779 τοῦ
469 2726 623 2790 Θεοῦ,
658 2728 862 2797 ταύτην
890 2728 945 2779 δὲ
986 2729 1078 2780 καὶ
1131 2729 1240 2800 (9.4)
1295 2731 1369 2801 μὴ
1402 2733 1805 2804 γεγεννημένην

222 2815 368 2871 εἶναι
399 2819 575 2887 λέγει·
609 2820 742 2873 ἀλλὰ
768 2821 873 2891 μὴν
906 2822 1023 2874 οὐδὲ
1046 2823 1356 2879 κτισθεῖσαν
1385 2825 1535 2896 δηλοῖ
1553 2826 1647 2878 τοῦ
1670 2826 1804 2879 Θεοῦ

609 2913 746 2933 ΊΔΧΣΊ
795 2914 880 2933 _,‘,,
918 2915 928 2933 ἓ

224 3004 460 3068 ἀνεῖλεν,
489 3005 588 3076 ἥδη
620 3005 680 3058 τὸ
704 3007 758 3058 τί
797 3008 934 3059 εἶναι
967 3007 1060 3059 τοῦ
1095 3007 1229 3060 Θεοῦ
1265 3010 1366 3077 τὴν
1395 3008 1580 3060 οὐσίαν
1607 3010 1806 3079 ἐδήλω-

228 3115 340 3150 σεν.
368 3098 442 3150 Οὐ
466 3097 606 3165 λέγω
630 3098 884 3164 ποιότητα
920 3099 951 3166 ἢ
986 3099 1277 3168 ποσότητα,
1314 3100 1387 3162 ὡς
1413 3102 1610 3152 ἐκεῖνοι
1637 3104 1806 3167 ἐπαγ-

1899 627 2052 674 vinas
2097 624 2181 687 pie
2225 618 2604 682 considerarit,
2641 618 2888 672 videlicet
2936 616 2980 670 si
3027 617 3092 669 ad
3130 629 3194 671 ea
3230 630 3350 681 quae
3399 616 3466 671 ab

1899 714 2224 766 adversariis
2251 711 2577 779 objiciuntur
2607 711 2775 774 dicat,
2809 709 2950 778 quod
2977 709 3020 762 si
3044 707 3164 777 quis
3195 723 3259 763 ex
3293 710 3467 778 aequi-

1903 807 2047 858 vocis
2098 805 2436 858 identitatem
2488 802 2664 855 induci
2726 811 2897 870 putat,
2937 801 3064 870 quid
3120 800 3300 861 faciet.
3345 816 3470 855 cum

1901 895 2067 950 multa
2123 896 2375 949 dicantur
2424 907 2517 951 aut
2566 907 2832 950 vocentur
2876 893 3202 948 entia?‘lloc
3240 907 3471 961 namque

1900 986 2058 1039 unius
2095 985 2303 1038 Domini
2352 1000 2416 1040 ac
2460 1001 2588 1039 vere
2639 985 2730 1038 Dei
2775 994 2860 1038 est
2907 985 3181 1038 dicentis:
3214 981 3323 1052 Ego
3352 999 3472 1036 sum

1899 1079 1987 1144 qui
2014 1095 2130 1130 sum
2167 1079 2236 1133 ³⁵.
2273 1079 2533 1132 Dicuntur
2563 1087 2745 1131 autem
2773 1087 2828 1132 et
2856 1087 3036 1146 patres
3077 1077 3255 1140 multi,
3283 1086 3339 1130 et
3376 1076 3470 1139 dii,

1902 1178 1956 1223 et
1987 1171 2278 1238 genitores,
2313 1180 2366 1223 et
2402 1171 2694 1237 sapientes,
2727 1179 2782 1223 ct
2829 1179 3096 1238 potentes,
3129 1178 3182 1220 et
3229 1168 3472 1237 Opifices,

1902 1276 2022 1328 qme
2056 1269 2248 1314 natura
2280 1261 2390 1315 Deo
2431 1261 2530 1313 soli
2573 1275 2785 1328 semper
2817 1261 3016 1312 insunt.
3058 1259 3196 1324 Quin
3231 1268 3288 1312 ct
3329 1260 3476 1327 inge-

1909 1352 2019 1404 nita
2073 1352 2323 1405 similiter
2367 1353 2617 1405 dicuntur
2664 1366 2782 1418 quae
2829 1352 3062 1404 nondum
3114 1352 3290 1418 genita
3325 1360 3474 1413 sunt,

1908 1442 2002 1492 scd
2055 1442 2296 1508 generari
2348 1450 2442 1494 aut
2490 1439 2605 1493 ﬁeri
2659 1440 2906 1496 debent:
2939 1443 3080 1497 sicut
3138 1453 3476 1496 mortuorum

1905 1532 2234 1585 resurrectio
2280 1547 2400 1601 qua}
2433 1531 2668 1585 nondum
2712 1529 2850 1585 facta
2896 1542 3000 1600 cat,
3031 1533 3262 1602 ingenita
3301 1543 3387 1587 est
3421 1546 3479 1589 et

1909 1621 2114 1686 futura,
2147 1631 2241 1676 aut
2294 1622 2433 1676 sicut
2486 1621 2765 1678 faciendus
2812 1636 2877 1675 ex
2926 1621 3074 1677 ferro
3133 1623 3385 1687 annulus,
3421 1623 3475 1677 in

1903 1713 2032 1766 ferri
2086 1725 2275 1768 natura
2331 1715 2603 1784 ingenitus
2632 1726 2737 1781 est,
2771 1723 2861 1769 aut
2893 1716 3032 1771 sicut
3066 1731 3190 1769 cum
3230 1731 3295 1770 ex
3337 1730 3476 1787 aqua

1905 1802 1988 1856 vel
2022 1802 2199 1870 lapide
2237 1804 2396 1873 ignis,
2433 1803 2516 1857 vel
2566 1804 2669 1856 alia
2711 1805 2904 1872 quavis
2950 1805 3198 1870 materia,
3228 1805 3473 1861 similiter

1905 1893 2042 1963 ignis
2067 1894 2239 1946 lieret.
2271 1893 2478 1948 Rursus
2507 1908 2602 1962 per
2626 1894 2922 1963 ingenitum
2944 1896 3083 1966 quod
3107 1912 3214 1951 non
3242 1900 3477 1963 exsistit,

1905 1985 2255 2055 intelligimus
2286 1985 2337 2038 id
2369 1987 2510 2054 quod
2544 1987 2767 2042 minime
2803 2003 2866 2042 ac
2897 2004 3156 2058 nusquam
3189 2001 3290 2045 est.
3337 1991 3482 2046 Dixit

1905 2078 2103 2146 aliquis
2149 2091 2261 2131 rem
2308 2093 2414 2131 non
2466 2091 2703 2144 exstare,
2733 2081 3088 2137 substantiam
3132 2098 3193 2137 ac
3230 2084 3480 2139 essentia:

1903 2169 2250 2223 existentiam
2278 2168 2514 2224 sustulit.
2549 2169 2655 2226 Res
2688 2186 2807 2241 quae
2846 2186 2947 2225 nec
2979 2173 3192 2227 exsistit
3220 2187 3326 2228 nec
3346 2175 3478 2229 sub-

1905 2260 2072 2324 sistit,
2107 2270 2354 2314 naturam
2392 2262 2661 2330 signiﬁcat
2709 2279 2816 2317 non
2867 2263 3218 2317 exsistentem
3264 2275 3320 2319 et
3358 2280 3481 2335 qua:

1904 2353 2123 2405 omnino
2160 2368 2264 2404 non
2296 2362 2396 2406 est.
2432 2354 2537 2407 Sed
2568 2356 2612 2408 si
2645 2356 2766 2424 quis
2817 2357 2962 2410 dicat
2997 2359 3291 2426 quidquam
3334 2361 3480 2415 exsi-

1906 2451 2048 2494 stere
2080 2456 2144 2495 ac
2177 2441 2491 2501 subsistere.
2529 2443 2574 2496 is
2621 2447 2968 2500 exsistentem
2998 2448 3357 2502 substantiam
3401 2451 3481 2504 si-

1906 2533 2202 2601 gniﬁcavit.
2228 2533 2327 2600 Qui
2359 2549 2488 2588 vero
2517 2536 2648 2590 dicit
2676 2538 2971 2608 ingenitum
2999 2539 3190 2604 Deum,
3216 2549 3308 2594 aut
3337 2541 3481 2596 liunc

1907 2624 2203 2691 ingenitum
2255 2640 2378 2678 cum
2435 2627 2686 2693 articulo,
2721 2630 2833 2684 sive
2874 2645 3068 2685 nomen
3095 2629 3236 2685 Deus
3271 2648 3483 2702 ιιι-ωρο-

1906 2723 2020 2780 nat,
2055 2715 2170 2768 sive
2205 2726 2512 2785 postponat,
2552 2732 2652 2772 nec
2698 2721 3062 2776 substantiam
3109 2723 3351 2790 abstulit,
3383 2738 3482 2780 nec

1907 2806 2078 2873 ipsum
2128 2821 2238 2858 esse
2279 2807 2393 2870 Dei,
2428 2809 2521 2862 sed
2577 2810 2718 2865 hanc
2772 2812 3004 2874 genitam
3047 2828 3155 2867 non
3195 2829 3316 2870 esse
3364 2820 3478 2879 ait;

1906 2897 2016 2952 imo
2064 2913 2191 2953 vero
2226 2915 2402 2968 neque
2451 2909 2692 2956 creatam
2748 2905 2914 2959 inisse
2971 2904 3062 2960 Dei
3119 2905 3484 2962 substantiam

1909 2991 2129 3044 indicat.
2165 2993 2270 3045 Sed
2299 3009 2422 3060 quia
2463 2995 2633 3062 ipsum
2670 3011 2780 3049 esse
2809 2997 2898 3050 Dei
2950 3013 3054 3050 non
3087 2999 3332 3064 sustulit,
3374 3014 3483 3053 non

1906 3082 2155 3150 protinus
2185 3084 2312 3151 quid
2345 3083 2438 3137 Dei
2483 3086 2786 3140 substantia
2819 3090 2889 3141 sit
2919 3089 3177 3144 ostendit.
3211 3089 3327 3144 Non
3362 3092 3488 3146 dico

225 3188 508 3254 γέλλονται
552 3187 826 3250 ἀποδεῖξαι
865 3187 1376 3257 ματαιολογοῦντες·
1436 3190 1571 3243 ἀλλὰ
1627 3192 1799 3248 τοῦτο.

1909 3173 2220 3241 qualitatem
2251 3185 2340 3226 aut
2367 3177 2752 3242 quantitatem,
2783 3179 2859 3230 uti
2899 3179 2972 3233 illi
3009 3195 3144 3233 vana
3177 3180 3484 3238 eiiuticntes

223 3278 348 3340 πῶς
382 3277 492 3348 ('25)
521 3274 658 3331 εἶναι
702 3280 940 3333 δείκνυσι
971 3281 1066 3334 τοῦ
1102 3282 1236 3335 Θεοῦ
1271 3282 1368 3354 τὴν
1413 3285 1596 3336 οὐσίαν
1641 3286 1673 3354 ἡ
1710 3287 1805 3353 τῆς

224 3369 560 3438 ἁγεννήτου
598 3379 780 3444 φωνῆς
818 3375 1097 3446 ὀνομασία.
1133 3377 1205 3428 Τὸ
1229 3376 1285 3428 δὲ
1309 3376 1425 3440 πῶς
1446 3373 1583 3430 εἷναί
1607 3395 1678 3442 τι,
1714 3379 1806 3430 καὶ

223 3465 361 3517 αὐτὸ
393 3467 566 3517 ἐκεῖνο
599 3467 625 3517 ὅ
657 3468 823 3530 ἐστιν,
859 3470 1038 3521 ὁποῖον
1068 3464 1206 3521 εἶναι
1254 3469 1286 3535 ἢ
1345 3469 1397 3520 τί
1452 3466 1612 3532 εἶναι,
1669 3470 1803 3522 πολὺ

228 3556 431 3625 μᾶλλον
461 3557 651 3627 ἄδηλον
676 3561 932 3631 τυγχάνει
966 3559 1076 3629 (26)
1112 3560 1186 3623 ὡς
1219 3561 1619 3630 ἀνεξιχνίαστον
1657 3565 1804 3634 πασῃ

226 3651 420 3719 κτιστῇ
467 3649 627 3718 φύσει
685 3653 948 3722 ὑπάρχον.
999 3651 1062 3704 El
1092 3653 1198 3723 γὰρ
1245 3652 1312 3703 τὰ
1352 3654 1592 3723 κρίματα
1641 3656 1803 3708 αὑτοῦ

226 3740 463 3804 ἄϐυσσος
508 3743 696 3813 πολλὴ,
758 3755 832 3807 ως
865 3761 1028 3814 φησιν
1061 3747 1088 3797 ὁ
1117 3745 1428 3816 Προφήτης,
1469 3749 1562 3800 καὶ
1596 3751 1651 3800 αἱ
1698 3750 1806 3801 ὁδοὶ

225 3829 392 3884 αὑτοῦ
421 3833 830 3904 ἀνεξιχνίαστοι,
879 3832 1076 3886 οὐκοῦν
1115 3834 1331 3895 πάντως
1387 3836 1478 3887 καὶ
1524 3837 1806 3906 ἀνεξερεύ-

225 3939 404 3993 νητοι,
438 3925 576 3978 κατά
603 3925 694 3977 τὸν
739 3924 1061 3976 Ἀπόστολον
1082 3943 1095 3955 ·
1122 3924 1271 3993 πόσῳ
1300 3926 1497 3993 μᾶλλον
1532 3928 1706 3988 αὐτὸς.
1742 3921 1801 3979 οὗ

225 4018 284 4068 αἱ
306 4016 515 4084 κρίσεις
541 4017 635 4067 καὶ
660 4017 716 4066 αἱ
748 4016 855 4068 ὁδοὶ
895 4015 1141 4068 τοιαῦται
1169 4034 1182 4078 ;
1212 4017 1320 4068 Καὶ
1347 4019 1406 4071 οὐ
1431 4018 1612 4088 θαῦμα
1637 4022 1683 4070 εἰ
1707 4022 1803 4072 αὺ-

226 4107 318 4169 τός
340 4107 367 4157 ὁ
398 4106 528 4168 Θεὸς
557 4108 816 4170 τοιοῦτος,
865 4108 996 4160 ὅπου
1024 4125 1087 4175 γε
1117 4109 1183 4161 τὰ
1219 4109 1326 4179 (27)
1367 4110 1529 4162 αὐτοῦ
1559 4113 1800 4166 τοιαῦτα.

228 4199 291 4250 Εἰ
325 4198 433 4269 γὰρ
453 4197 487 4250 ἃ
519 4199 812 4268 ἡτοίμασεν
841 4200 869 4250 ὁ
897 4199 1028 4261 Θεὸς
1059 4203 1172 4263 τοῖς
1205 4201 1490 4267 ἀγαπῶσιν
1514 4205 1672 4257 αὑτὸν
1704 4207 1802 4274 ὀφ-

229 4291 434 4361 θαλμὸς
459 4290 557 4343 οὐκ
585 4287 740 4347 εἶδεν.
762 4292 882 4344 οὐδὲ
908 4287 1000 4355 οῦς
1028 4294 1277 4360 ἤκουσεν,
1315 4296 1433 4348 οὐδὲ
1464 4297 1552 4349 ἐπὶ
1579 4299 1803 4369 καρδίαν

228 4382 517 4452 ἀνθρώπου
548 4384 736 4453 ἀνέϐη,
773 4385 914 4437 κατά
956 4386 1017 4436 τὸ
1048 4390 1427 4456 γεγραμμένον
1446 4405 1460 4420 ο
1495 4390 1642 4458 πόσῳ
1671 4392 1803 4458 μᾶλ-

229 4473 320 4524 λον
366 4473 529 4524 αὐτοῦ
568 4473 661 4524 τοῦ
707 4475 775 4526 τὰ
823 4476 1046 4528 τοιαῦτα
1103 4479 1619 4548 παρασκευάσαντος
1665 4482 1801 4534 Θεοῦ

1909 3266 2374 3320 demonstraturus
2411 3282 2476 3321 se
2500 3283 2633 3324 esse
2684 3270 3004 3340 pollicentur
3037 3293 3048 3328 :
3081 3275 3174 3328 sed
3212 3279 3487 3344 quomodo

1910 3360 1980 3411 sit
2018 3359 2318 3413 substantia
2377 3362 2494 3428 Dei,
2546 3364 2662 3419 haec
2721 3367 2871 3423 vocis
2924 3369 3143 3434 ingeniti
3195 3373 3484 3441 appeilatio

1908 3460 2318 3506 commonstrat.
2371 3455 2440 3508 At
2470 3470 2600 3511 vero
2655 3461 2924 3526 quomodo
2971 3463 3247 3530 quidpiam
3304 3466 3396 3529 sit,
3431 3476 3484 3519 et

1910 3543 2036 3596 illud
2065 3543 2238 3613 ipsum
2287 3549 2427 3616 quod
2468 3558 2572 3612 est,
2613 3551 2772 3617 quale
2803 3552 2895 3618 sit,
2925 3563 3018 3606 aut
3047 3557 3174 3623 quid
3204 3557 3292 3622 sit,
3324 3557 3486 3628 longe

1910 3637 2079 3704 magis
2106 3637 2258 3702 latet,
2299 3649 2358 3692 ut
2385 3655 2503 3707 qua:
2537 3657 2600 3696 ex
2632 3658 2726 3696 sua
2761 3655 2950 3699 natura
2984 3662 3010 3699 a
3046 3649 3191 3701 nulla
3230 3661 3482 3706 creatura

1907 3739 2108 3795 queant
2159 3732 2493 3799 investigari.
2545 3733 2678 3787 Nam
2735 3735 2780 3790 si
2829 3736 3034 3802 judicia
3085 3740 3201 3806 ejus
3255 3742 3482 3810 abyssus

1908 3819 2096 3880 multa,
2125 3829 2183 3871 ut
2218 3819 2291 3872 ait
2323 3820 2591 3888 Propheta
2620 3823 2686 3888 9“,
2723 3833 2778 3877 et
2807 3827 2905 3880 via:
2935 3826 3052 3895 ejus
3077 3829 3238 3900 313
3284 3831 3485 3903 imper-

1907 3909 2247 3978 vestigabiles
2277 3915 2500 3968 omnino
2532 3923 2587 3968 et
2624 3916 3142 3986 imperscrutatiiles,
3186 3929 3483 3979 secundum

1908 4000 2223 4070 Apostolum
2256 4003 2324 4067 θτ,
2365 4013 2571 4074 quanto
2613 4007 2784 4074 magis
2833 4010 2946 4078 ipse
2984 4010 3136 4077 cujus
3185 4014 3310 4067 talia
3357 4025 3485 4070 sunt

1901 4095 2125 4164 judicia,
2145 4097 2354 4167 viaeque
2398 4099 2574 4153 tales?
2598 4098 2707 4153 Nec
2736 4101 2933 4154 mirum
2964 4106 3006 4156 si
3042 4104 3181 4157 Deus
3213 4105 3326 4169 ipse
3361 4108 3484 4163 talis

1904 4186 1995 4253 sit,
2031 4203 2152 4241 cum
2195 4203 2256 4242 ea
2300 4203 2417 4256 quae
2435 4189 2550 4258 ejus
2591 4197 2737 4255 sunt,
2773 4190 2896 4242 talia
2930 4199 3212 4244 exsistant.
3251 4191 3307 4246 Si
3336 4193 3484 4247 enim

1905 4292 2025 4346 qua:
2072 4292 2129 4332 se
2175 4278 2515 4346 diligentibus
2562 4279 2887 4348 praeparavit
2939 4281 3100 4344 Deus,
3139 4298 3240 4338 nec
3294 4286 3486 4340 oculus

1906 4369 2062 4433 vidit,
2097 4382 2198 4422 nec
2229 4369 2375 4423 auris
2411 4370 2637 4435 audivit,
2671 4387 2770 4426 nec
2802 4373 2854 4426 in
2891 4388 2986 4428 cor
3014 4375 3246 4429 hominis
3289 4391 3481 4431 ascen-

1907 4459 2120 4519 derunt,
2153 4469 2212 4511 ut
2261 4462 2520 4529 scriptum
2552 4473 2634 4517 est
2667 4462 2733 4529 οδ,
2767 4475 2969 4535 quanto
3017 4470 3190 4535 magis
3232 4477 3502 4523 naturam.

229 4567 331 4634 τὴν
388 4565 547 4633 φύσιν
576 4567 949 4638 ἀρῤητοτέραν
995 4569 1059 4622 ἄν
1105 4588 1188 4633 τις
1219 4573 1360 4625 εἴποι
1405 4573 1514 4624 τῶν
1564 4573 1801 4638 εὐσεϐῶς

1909 4549 2001 4603 Dei
2053 4549 2242 4619 ipsius,
2288 4554 2380 4622 qui
2437 4555 2560 4608 talia
2616 4559 2962 4626 praeparavit,
3014 4572 3269 4614 arcanam
3319 4570 3483 4631 atque

232 4659 347 4728 (28)
377 4657 469 4710 καὶ
501 4658 844 4730 ἀπεριέργως
876 4662 955 4724 είς
986 4662 1147 4716 αὑτὸν
1176 4664 1568 4730 πιστευόντων;

300 4921 345 4951 ’³
378 4921 544 4976 Exod.
593 4937 676 4988 Ill,
715 4921 799 4975 l4.
874 4923 920 4954 ’⁸
953 4922 1096 4978 Psal.
1138 4940 1308 4991 xxxv,
1336 4925 1390 4979 7.

312 5088 578 5161 (20)Ed_iti
608 5090 908 5161 ὀρθοτέρως
932 5086 1318 5161 ἀνακρορσειεν
1363 5089 1411 5152 ὁ,
1452 5095 1582 5161 clc.,
1622 5089 1814 5161 rectius

237 5155 347 5211 Itch
384 5155 651 5222 repulerit,
682 5165 766 5229 qui
791 5155 1088 5214 sententias
1112 5155 1316 5229 divinas
1357 5160 1679 5229 considerat.
1713 5159 1816 5212 Co-

237 5234 337 5282 dex
367 5229 527 5302 Colb.
551 5242 604 5282 et
637 5228 789 5302 Regii
837 5233 940 5284 duo
986 5228 1289 5302 ὀρθοτέρως
1345 5229 1408 5281 ἂν
1443 5228 1726 5281 ἀκούσειεν
1762 5230 1810 5295 ὁ,

237 5301 381 5365 quod
411 5301 600 5354 melius
629 5301 840 5353 videtur
859 5312 910 5354 et
939 5301 1140 5354 verius.

313 5370 423 5438 (2|)
455 5372 559 5424 Alii
592 5371 832 5428 Codices.
869 5380 926 5423 ut
976 5372 1054 5435 ﬁt,
1095 5369 1380 5438 ἀγένητος,
1438 5367 1530 5422 alii
1580 5368 1811 5438 ἀγέννη-

236 5455 347 5499 τος.
380 5453 434 5492 et
466 5444 536 5493 ita
573 5443 623 5493 in
654 5441 879 5505 vulgatis
912 5442 1125 5508 legitur.

308 5509 421 5571 (ὶὲ)
459 5512 594 5563 Editi
620 5510 895 5571 δάκτυλος.
926 5514 991 5562 At
1024 5528 1151 5564 mss.
1180 5511 1484 5575 δακτύλιος.

312 5580 418 5654 (9})
446 5580 623 5654 Codex
658 5583 806 5635 Colb.
833 5583 892 5634 τὸ
926 5582 1165 5633 τοιοῦτον
1213 5583 1524 5654 γεγένηται.
1566 5580 1709 5635 Editi
1744 5582 1803 5634 τὸ

237 5649 447 5703 τοιοῦτο
473 5651 715 5721 γένηται.

310 5722 420 5788 (24)
448 5721 535 5773 Sic
575 5739 700 5774 is.
729 5725 917 5777 nostri.
962 5721 1158 5776 Vocula
1184 5724 1274 5776 καί
1312 5725 1379 5778 ab
1405 5722 1565 5777 editis
1590 5724 1799 5779 aberat.

311 5793 421 5858 ωδ)
467 5791 604 5844 Editi
641 5792 701 5844 τὸ
737 5793 871 5855 πῶς.
922 5796 984 5845 At
1040 5809 1168 5846 mss.
1219 5810 1309 5848 sex
1361 5795 1450 5847 τοῦ
1491 5793 1629 5855 πῶς.
1669 5796 1799 5861 Reg.

237 5872 458 5927 quintus
482 5861 639 5913 τοῦτο
686 5865 811 5914 ττιῑίς.
875 5865 1067 5918 Statim
1106 5865 1230 5917 editi
1283 5873 1332 5917 et
1381 5866 1617 5931 quinque
1667 5881 1792 5918 mss.

1466 4926 1508 4956 ⁸⁷
1537 4927 1694 4983 Rom.
1723 4945 1800 4998 XI,
1845 4929 1932 4983 35.

1913 4641 2232 4695 inelfaliilem
2285 4659 2404 4699 esse
2447 4647 2712 4716 quispiam
2763 4648 2979 4715 dixerit,
3029 4663 3238 4720 eorum,
3287 4652 3379 4721 qui
3430 4655 3481 4708 iu

1913 4733 2084 4802 ipsum
2113 4734 2201 4801 pie
2236 4749 2297 4788 ac
2326 4738 2642 4808 Simpliciter
2665 4738 2931 4793 credunt?

2011 4929 2055 4960 ³⁸
2089 4928 2261 4987 lCor.
2296 4948 2359 4999 ι-ι,
2386 4935 2438 4990 9.

1914 5089 1986 5142 Τὸ
2015 5091 2070 5144 δὲ
2096 5091 2191 5145 τοῦ
2226 5089 2363 5152 πῶς.
2399 5089 2501 5144 Alii
2529 5091 2654 5153 duo,
2687 5089 2761 5142 Τδ
2780 5088 2836 5142 δὲ
2871 5091 2989 5152 πῶς
3022 5085 3161 5143 εἷναί
3192 5109 3266 5146 τι.

1986 5162 2098 5231 (26)
2130 5162 2350 5227 Antiqui
2383 5171 2492 5215 tres
2513 5161 2634 5231 libri
2667 5171 2720 5215 et
2755 5161 2883 5214 editi
2918 5161 3051 5216 πολὺ
3087 5163 3285 5231 μᾶλλον
3314 5159 3479 5229 ἀλλήο

1911 5230 2017 5302 λων
2048 5232 2304 5302 τυγχάνει
2339 5246 2352 5258 ο
2385 5247 2543 5298 quam
2597 5230 2786 5285 falsam
2839 5230 3159 5302 scripturam
3193 5234 3261 5284 ob
3295 5233 3482 5283 oculos

1909 5300 2115 5356 habens
2155 5299 2451 5366 interpres,
2489 5302 2567 5356 sic
2610 5304 2790 5365 vertit,
2822 5299 2986 5353 multo
3028 5306 3191 5368 magis
3216 5311 3392 5352 mutuo
3427 5319 3482 5353 se

1908 5375 2216 5438 contingunt
2248 5387 2265 5423 .'
2306 5386 2412 5438 quo
2451 5374 2577 5440 quid
2607 5373 2773 5440 possit
2823 5371 2924 5423 dici
2963 5372 3208 5429 alienius.
3261 5386 3365 5423 nan
3398 5374 3481 5423 vi-

1909 5443 2030 5496 deo.
2082 5443 2261 5498 Codex
2319 5441 2471 5496 Colb.
2525 5455 2580 5497 et
2613 5443 2699 5495 alii
2755 5443 2858 5494 duo
2902 5441 3051 5511 Regii
3097 5442 3229 5493 πολὺ
3278 5441 3482 5510 μᾶλλον

1907 5512 2101 5584 ἄδηλον
2141 5511 2419 5582 τυγχάνει,
2471 5515 2634 5566 multo
2675 5515 2842 5581 magis
2898 5514 3044 5576 latet,
3096 5511 3258 5564 multo
3307 5515 3480 5567 minus

1907 5595 2225 5650 compertum
2251 5595 2349 5645 est,
2387 5586 2606 5652 optime.

1977 5656 2090 5724 (9.7)
2122 5655 2259 5708 Editi
2292 5657 2426 5707 ὅπου
2455 5656 2540 5707 τά.
2595 5657 2810 5722 Antiqui
2843 5658 2947 5707 duo
2991 5653 3106 5706 libri
3138 5655 3269 5724 ὅπου
3300 5671 3363 5721 γε
3389 5655 3478 5706 τά.

1905 5721 2080 5778 Ιιοιιίί
2101 5726 2252 5796 longe
2283 5725 2414 5793 Reg.
2445 5728 2710 5780 secundus
2741 5721 3015 5794 οφθαλμὸς
3056 5724 3156 5776 οὐκ
3181 5721 3340 5785 οἶδεν,
3372 5740 3476 5776 mm

1903 5807 2066 5850 recte.

1975 5866 2087 5933 (28)
2121 5866 2261 5921 Editi
2295 5865 2401 5917 τῶν
2429 5865 2684 5922 εὐσεϐῶν.
2717 5866 2778 5918 At
2813 5882 2937 5919 mss.
2975 5875 3078 5919 tres
3111 5866 3364 5921 εὐσεϐῶς.
