4008 6446
505 360 602 421 751

1816 365 1874 423 S.
1917 365 2157 422 BASlLll
2193 363 2413 422 liAGNl

3676 368 3779 425 732

574 482 630 536 2.
669 481 812 548 Quin
852 481 1014 537 etiam
1063 481 1228 537 verba
1278 480 1447 536 multa
1496 481 1766 546 dicuntur,
1817 493 1871 535 at
1914 498 2078 535 unum

2243 482 2299 535 2.
2347 479 2507 532 Ἀλλὰ
2536 481 2649 551 μὴν
2669 475 2763 533 οὖν
2804 481 2898 533 καὶ
2931 478 3077 550 λόγοι
3109 480 3292 535 πολλοὶ
3333 480 3780 553 προσαγορεύον-

505 583 587 628 est
627 571 722 627 Dei
761 569 997 629 Verbum
1031 581 1319 638 mternum,
1354 572 1498 642 quod
1548 581 1603 626 et
1643 571 1787 626 Deus
1818 572 1871 625 in
1908 569 2086 624 Evan-

505 664 646 735 gelia
683 665 1029 734 praedicatur.
1069 679 1167 734 per
1214 664 1358 734 quod
1391 664 1531 718 facta
1565 673 1690 718 sunt
1717 663 1898 718 omnia
1926 662 1993 720 ”.
2025 663 2090 718 Et

508 757 606 811 tilii
631 758 722 812 Dei
753 758 1013 812 dicuntur
1035 757 1192 810 multi
1214 756 1270 811 in
1289 756 1568 826 Scriptura
1594 757 1886 811 secundum
1916 755 2046 810 illud
2074 778 2087 813 :

506 845 681 901 Filias
726 849 882 918 genui
933 857 988 901 et
1033 846 1260 903 exaltari
1283 849 1338 914 ¹;
1381 858 1435 904 et
1467 864 1656 904 rursus
1693 865 1707 903 :
1740 845 1788 900 F
1792 849 1914 903 ilius
1948 866 2092 905 meus

501 938 1058 1010 primogenituslsrael
1089 943 1129 995 ⁸.
1150 941 1406 996 Attamen
1439 942 1736 1012 ad0ptione
1770 953 1930 1011 atque
1954 944 2088 997 cha-

506 1042 720 1088 ractere
757 1035 993 1102 quodam
1037 1049 1066 1088 a
1098 1049 1230 1089 vero
1257 1033 1367 1089 Deo
1396 1036 1661 1106 adoptati,
1693 1035 1787 1089 lilii
1854 1035 2091 1106 σάοι)ιίνί

504 1139 613 1178 non
659 1133 790 1180 sunt
819 1125 954 1180 veri.
992 1123 1132 1179 Nam
1167 1140 1196 1179 a
1228 1134 1420 1180 natura
1452 1135 1508 1180 et
1533 1125 1768 1180 veritate
1807 1141 1892 1180 res
1924 1126 2092 1195 proli-

509 1217 808 1270 ciscuntur.
850 1215 1004 1282 Quod
1053 1217 1098 1271 si
1152 1217 1198 1271 is
1244 1217 1337 1286 qui
1389 1228 1582 1272 natura
1635 1217 1994 1273 essentiaiiter
2021 1234 2090 1274 ex

502 1307 625 1377 ipso
664 1307 880 1377 genitus
910 1317 1016 1375 est,
1053 1308 1197 1363 Illius
1239 1323 1348 1363 non
1393 1319 1478 1364 est
1526 1309 1818 1363 secundum
1859 1310 2089 1362 istorum

503 1401 965 1469 reprobationem,
997 1402 1088 1470 qui
1123 1401 1440 1458 dissimilem
1487 1401 1842 1456 substantiam
1885 1401 2093 1481 dicunt.

507 1496 597 1548 ubi
643 1496 738 1564 qui
791 1495 1080 1566 adoptione
1124 1494 1220 1549 ﬁlii
1265 1503 1392 1549 sunt
1445 1492 1832 1548 invenientur?
1875 1491 1984 1547 Sed
2030 1506 2095 1546 ea

507 1602 630 1652 quae
663 1589 904 1642 humano
944 1602 1094 1644 more
1127 1589 1406 1653 dicuntur,
1438 1587 1831 1655 imperitissimi
1868 1586 1944 1641 illi
1985 1587 2090 1641 im-

506 1680 595 1746 pie
619 1678 812 1734 deitati
835 1679 1152 1744 ascribunt;
1191 1679 1427 1748 dumque
1462 1678 1776 1749 Scripturas
1806 1695 1926 1749 quae
1952 1679 2094 1734 mul-

506 1772 576 1824 tis
611 1771 889 1840 variisque
933 1771 1110 1826 modis
1144 1781 1506 1840 exponuntur,
1539 1787 1702 1828 sensu
1743 1774 1902 1828 unico
1941 1773 2088 1827 acci-

2188 590 2298 635 ται,
2334 568 2414 635 εἷς
2442 572 2499 624 δὲ
2519 575 2547 625 ὀ
2571 571 2666 624 τοῦ
2695 571 2828 625 Θεοῦ
2868 573 3056 636 ἀΐδιος,
3089 575 3119 626 ὁ
3155 573 3246 626 καὶ⁸
3277 573 3409 636 Θεὸς
3435 575 3494 626 ἐν
3526 575 3777 643 Εὐαγγε-

2189 663 2286 734 λίῳ
2313 663 2743 735 κηρυσσόμενος,
2771 663 2837 717 δι’
2868 658 2929 718 οῦ
2955 663 3025 717 τὰ
3057 664 3234 718 πάντα
3259 666 3491 734 ἐγένετο.
3531 667 3645 719 Καὶ
3674 669 3781 721 υἱοὶ

2189 755 2324 808 Θεοῦ
2367 755 2610 824 λέγονται
2634 755 2818 808 πολλοὶ
2851 756 2910 810 ἐν
2939 759 3006 827 τῇ
3042 756 3252 828 Γραφῇ,
3288 757 3428 810 κατὰ
3461 758 3546 822 τὸ,
3603 759 3652 811 Υ
3650 759 3781 825 ἰοὺς

2190 847 2490 916 ἐγέννησα
2537 847 2635 901 καὶ
2660 849 2878 916 iiii-ma
2899 863 2912 878 '
2945 849 3039 901 καὶ
3083 848 3244 901 πάλιν
3267 863 3282 878 °
3321 848 3453 914 Υἱὸς
3484 851 3782 917 πρωτότο-

2191 941 2299 1004 κός
2329 957 2448 1007 μου
2486 939 2742 1007 Ἰσραήλ.
2787 939 2946 992 Θέσει
2985 939 3166 1009 μέντοι
3206 940 3300 992 καὶ
3332 942 3644 1010 χαρακτῆρί
3671 959 3776 994 τινι

2193 1029 2585 1102 υίοθετούμενοι
2619 1033 2726 1086 ἀπὸ
2752 1033 2844 1086 τοῦ
2875 1031 3129 1101 ἀληθινοῦ
3165 1031 3322 1097 Θεοῦ,
3358 1032 3464 1083 υἱοὶ
3490 1030 3644 1083 θετοὶ
3667 1032 3780 1101 (29)

2195 1122 2288 1173 καὶ
2323 1121 2396 1192 μὴ
2446 1122 2708 1192 ἀληθινοί.
2753 1123 2886 1175 Ἀπὸ
2916 1125 3024 1194 γὰρ
3054 1123 3268 1191 φύσεως
3297 1123 3390 1175 καὶ
3411 1122 3676 1191 ἀληθείας
3697 1125 3782 1192 ὀρ-

2197 1215 2361 1284 μᾶται
2392 1214 2459 1266 τὰ
2495 1216 2814 1286 πράγματα.
2847 1217 2909 1268 Εἰ
2937 1217 2992 1269 δὲ
3037 1217 3064 1268 ὁ
3096 1214 3254 1284 φύσει
3297 1215 3574 1279 οὐσιωδῶς
3606 1216 3667 1282 ἐξ
3689 1217 3781 1268 a5-

2192 1304 2286 1358 τοῦ
2333 1305 2613 1374 γεννηθεὶς
2660 1308 2760 1360 οὐκ
2795 1307 2909 1360 ἔστι
2946 1308 3086 1361 κατά
3126 1307 3226 1379 τὴν
3253 1308 3360 1360 τῶν
3403 1308 3781 1378 ἀνομοιουσια-

2196 1393 2335 1447 στῶν
2363 1393 2640 1464 ἀθέτησιν,
2674 1395 2777 1450 ποῦ
2803 1399 2852 1450 oi
2878 1396 3023 1450 θέσει
3055 1396 3478 1469 εὑρεθήσονται;
3520 1396 3685 1450 ama
3712 1397 3780 1450 τὰ

2192 1487 2750 1558 ἀνθρωπολογούμενα
2800 1491 2848 1542 οἱ
2878 1490 3245 1560 ἀμαθέστατοι
3296 1492 3363 1560 τῇ
3394 1489 3610 1558 θεότητι
3654 1491 3780 1542 ἀσε-

2193 1578 2301 1642 ϐῶς
2330 1578 2724 1650 προσάπτουσι,
2756 1582 2849 1633 καὶ
2880 1581 2980 1644 τὰς
3013 1580 3339 1652 πολυμερῶς
3380 1581 3475 1634 καὶ
3507 1581 3779 1652 πολυτρόο

2192 1671 2311 1733 πῶς
2340 1670 2596 1742 ῥηθείσας
2621 1671 2840 1742 Γραφάς
2874 1673 3187 1744 μονομερῶς
3225 1673 3663 1743 ἐκλαμϐάνοντες
3688 1674 3778 1726 πί·-

2193 1779 2439 1822 πτουσιν,
2463 1762 2772 1832 ὁδηγεὼθαι
2807 1763 2987 1827 καλῶς
3015 1766 3115 1819 οὐκ
3146 1767 3487 1837 ἀνεχόμενοι.
3537 1768 3780 1821 Εὐθεῖαι

507 1862 681 1927 piunt,
726 1861 1005 1924 labuntur,
1053 1864 1198 1932 quod
1244 1863 1364 1919 duci
1419 1878 1480 1920 se
1526 1875 1675 1920 recte
1722 1882 1828 1920 non
1877 1867 2078 1921 sinant.

2189 1855 2297 1922 γὰρ
2332 1857 2390 1907 αἱ
2415 1831 2553 1907 ὁδοί
2576 1855 2680 1907 τοῦ
2709 1856 2955 1922 Κυρίου,
2997 1857 3098 1909 καὶ
3123 1831 3341 1912 δίκιιιοι
3374 1863 3780 1929 πορεύσονται

503 1950 674 2006 P.3ch
703 1969 926 2021 namque
957 1963 1078 2006 sunt
1126 1954 1222 2008 vita
1265 1953 1499 2019 Domini,
1525 1965 1576 2010 et
1609 1957 1748 2025 justi
1780 1958 1834 2010 in
1862 1959 1936 2011 eis
1968 1977 2084 2013 am-

503 2043 759 2096 bulabunt
797 2058 816 2097 :
849 2045 999 2112 impii
1033 2061 1151 2098 vero
1195 2047 1250 2099 in
1297 2049 1394 2101 uiis
1424 2047 1599 2115 planis
1647 2047 1916 2116 oﬂ'eudunt
1942 2050 1982 2104 ³.
2016 2051 2084 2105 Ει

502 2136 648 2204 quod
682 2135 884 2190 mirum
915 2144 1023 2204 est,
1059 2151 1124 2191 ex
1169 2139 1366 2206 quibus
1414 2138 1706 2194 utilitatem
1744 2142 1964 2206 capiunt
1990 2143 2082 2212 qui

504 2223 610 2279 [ide
652 2226 770 2280 sani
807 2235 954 2292 sunt,
984 2241 1044 2281 ea
1078 2229 1146 2282 iis
1189 2237 1407 2293 nocent,
1435 2228 1548 2299 qui,
1581 2241 1639 2283 ut
1679 2229 1814 2285 dixit
1847 2233 2082 2301 Aposto-

504 2322 589 2374 lus
614 2319 658 2385 ⁵,
714 2321 859 2376 circa
909 2324 1239 2393 quaestiones
1286 2324 1614 2395 inutilesque
1662 2327 2080 2395 disputationum

505 2426 714 2482 pugnas
754 2412 1120 2469 inlirmautur.
1153 2414 1346 2468 Malam
1377 2426 1556 2470 autem
1600 2432 1664 2470 ac
1706 2419 1974 2471 curiosam
2015 2422 2082 2476 de

509 2504 619 2558 Deo
647 2507 1000 2574 quastionem
1043 2507 1293 2562 morbum
1337 2507 1532 2560 anima:
1575 2522 1695 2562 esse
1735 2512 1933 2562 nemini
1971 2527 2080 2565 non

507 2607 849 2665 perspectum
877 2606 982 2659 est,
1011 2605 1066 2650 et
1107 2598 1344 2651 maxime
1384 2599 1430 2651 si
1475 2597 1527 2651 id
1563 2596 1654 2651 liat
1686 2600 1869 2653 animo
1898 2599 2080 2653 incre-

505 2683 653 2739 dulo.
685 2683 901 2740 Etenim
939 2684 983 2738 si
1014 2685 1123 2740 Deo
1160 2686 1260 2756 ipsi
1298 2687 1665 2750 sanctissimo,
1703 2703 1826 2741 cum
1860 2703 1919 2743 ea
1963 2703 2084 2758 quae

507 2779 575 2832 ad
631 2793 691 2834 se
743 2787 1015 2848 spectant,
1066 2788 1276 2846 narrat,
1336 2795 1442 2834 non
1499 2784 1764 2844 credunt;
1814 2784 2082 2851 quomodo

507 2870 677 2937 ipsius
722 2871 1015 2940 prophetas
1064 2879 1158 2924 aut
1206 2871 1477 2940 apostolos
1525 2874 1926 2942 auscultabunt,
1958 2891 2079 2931 cum

510 2960 563 3012 iu
607 2960 804 3015 divinis
844 2961 1145 3028 Scripturis
1191 2961 1259 3014 de
1301 2961 1437 3030 ipso,
1465 2963 1638 3029 deque
1681 2963 1989 3019 hominibus
2025 2966 2080 3020 in

507 3067 573 3106 eo
608 3063 760 3121 spem
798 3050 1056 3119 posituris
1107 3049 1439 3116 loquuntur?
1475 3049 1614 3104 Nam
1663 3054 1751 3121 qui
1802 3056 1868 3106 ad
1917 3055 2082 3110 Deum

2181 1946 2251 2000 ἐν
2269 1946 2480 2012 αὑταῖς
2500 1963 2514 1977 °
2543 1950 2597 2000 cl
2630 1946 2696 1998 δὲ
2725 1947 2964 2011 ἀσεϐεῖς
2980 1947 3048 1999 ἐν
3067 1950 3198 2016 ταῖς
3226 1953 3484 2018 εὐθείαις
3513 1955 3783 2020 προσκό·

2182 2053 2422 2091 πτουσι.
2464 2039 2572 2090 Καὶ
2606 2037 2666 2090 τὸ
2703 2037 2908 2107 θαῦμα,
2961 2038 3053 2107 ἀφ’
3101 2032 3176 2093 ὧν
3228 2043 3563 2110 ὠφελοῦνται
3598 2045 3651 2096 oi
3707 2047 3776 2115 τῇ

2184 2129 2361 2183 πίστει
2399 2130 2753 2198 ὑγιαίνοντες,
2813 2130 2922 2183 ἀπὸ
2978 2131 3182 2183 τούτων
3237 2132 3646 2201 βλάπτονταιοὶ
3689 2153 3776 2188 νο-

2186 2220 2404 2285 σοῦντες
2428 2221 2555 2292 περὶ
2589 2219 2845 2292 ζητήσεις
2887 2221 2977 2273 καὶ
3013 2220 3345 2292 λογομαχίας
3370 2225 3568 2295 ἀργὰς,
3592 2225 3672 2289 ὡς
3695 2221 3777 2278 εἷ-

2184 2329 2284 2364 πεν
2311 2315 2338 2366 ὁ
2377 2311 2717 2374 Ἀπόστολος.
2753 2313 2874 2364 Ὂτι
2903 2312 2959 2364 δὲ
2983 2311 3161 2383 ψυχῆς
3189 2314 3402 2383 νόσημά
3425 2317 3544 2368 ἐστι
3573 2318 3637 2370 τὸ
3664 2337 3774 2372 κα-

2183 2403 2293 2467 κῶς
2317 2404 2409 2456 καὶ
2433 2403 2742 2476 περιέργως
2788 2403 2970 2472 ζητεῖν
3027 2403 3157 2475 περὶ
3203 2403 3362 2466 Θεοῦ,
3393 2409 3488 2457 καὶ
3535 2408 3778 2475 μάλιστα

2186 2497 2321 2563 μετὰ
2360 2496 2638 2558 ἀπιστίας,
2670 2497 2802 2548 πᾶσι
2838 2495 3072 2566 φανερόν
3103 2495 3238 2565 (50).
3273 2496 3335 2549 Ei
3367 2497 3477 2568 γὰρ
3509 2498 3664 2567 αὐτῷ
3696 2500 3774 2568 τῷ

2185 2588 2433 2657 παναγίῳ
2468 2587 2588 2657 Θεῷ
2634 2588 2701 2640 τὰ
2747 2590 2875 2659 περὶ
2931 2588 3096 2642 αὐτοῦ
3131 2588 3462 2643 ἀπιστοῦσι·
3512 2591 3633 2654 πῶς
3664 2592 3780 2645 τῶν

2187 2680 2478 2748 προφητῶν
2509 2682 2670 2732 αὑτοῦ
2705 2681 2814 2752 (5-1)
2852 2683 3223 2752 ἦάποστόλων
3253 2684 3554 2748 ἀκούσωσι,
3595 2684 3781 2754 λεγόν.

2183 2785 2290 2821 των
2321 2771 2377 2820 ἐν
2427 2769 2597 2831 θείαις
2645 2773 2887 2841 Γραφαῖς
2935 2773 3003 2825 τὰ
3044 2775 3172 2842 περὶ
3221 2775 3387 2828 αὐτοῦ
3419 2776 3512 2828 καὶ
3552 2776 3664 2828 τῶν
3699 2780 3781 2840 είς

2183 2861 2343 2914 αὑτὸν
2375 2860 2675 2931 μελλόντων
2712 2860 2983 2924 ﬁniit-:9);
3027 2866 3360 2918 Πιστεῦσαι
3397 2866 3508 2934 γὰρ
3545 2867 3640 2920 δεῖ
3675 2869 3780 2920 τὸν

2183 2956 2671 3023 προσερχόμενον
2705 2952 2783 3020 τῷ
2814 2953 2954 3018 Θεῷ,
2995 2955 3083 3008 ὅτι
3130 2955 3284 3008 ἔστι.
3323 2957 3657 3010 Πιστεῦσαισ
3703 2961 3779 3030 μὴ

2183 3046 2290 3116 γὰρ
2315 3047 2560 3100 ἀπίστως
2583 3045 3042 3119 περιεργάζεσθαι
3076 3049 3105 3100 ὃ
3137 3048 3188 3099 τί
3218 3049 3366 3100 ἐστιν
3385 3063 3398 3076 ⁶
3434 3048 3509 3119 μὴ
3532 3049 3644 3121 γὰρ
3671 3051 3698 3102 ὃ
3724 3067 3778 3103 τι

506 3144 729 3210 accedit,
765 3143 904 3197 Itttnr
940 3141 1150 3196 credere
1188 3152 1385 3210 oportet
1414 3141 1579 3196 Deum
1610 3160 1720 3197 esse
1754 3145 1794 3194 ⁵.
1827 3143 2078 3212 Credere,

2189 3140 2284 3190 οὐκ
2308 3139 2472 3194 ἔστιν.
2513 3143 2578 3191 Ὃ
2602 3141 2706 3210 γάρ
2733 3141 2901 3203 ἐστιν,
2933 3137 3021 3212 ἦν,
3047 3143 3140 3194 καὶ
3164 3142 3300 3206 ἔστι,
3341 3145 3435 3196 καὶ
3464 3141 3619 3196 ἔσται
3646 3145 3733 3198 ἀεί
3761 3162 3774 3174 ·

506 3236 705 3304 inquit,
732 3251 836 3291 non
859 3234 1132 3290 incredula
1169 3235 1483 3290 curiositate
1506 3235 1763 3306 indagare
1794 3237 1935 3306 quod
1978 3251 2086 3315 est,

507 3340 576 3378 ne
595 3326 774 3380 dicam
799 3326 946 3396 quod
974 3341 1080 3381 non
1107 3335 1210 3381 est.
1239 3327 1394 3394 Quod
1426 3328 1570 3381 enim
1599 3339 1702 3392 est,
1734 3340 1876 3393 erat,
1905 3339 1958 3383 et
1983 3344 2088 3397 est,

510 3427 568 3472 et
611 3418 717 3472 erit
767 3432 1018 3485 semper;
1060 3427 1224 3488 atque
1279 3419 1504 3490 largitur
1550 3421 1800 3474 omnibus
1853 3432 1910 3474 ut
1957 3424 2088 3490 sint,

510 3518 768 3574 tanquam
791 3507 883 3575 qui
916 3517 1105 3560 natura
1141 3509 1210 3562 sit
1249 3506 1412 3562 Deus.
1444 3507 1554 3562 Cur
1587 3510 1749 3577 igitur
1780 3511 2089 3568 incredulus

509 3613 592 3660 es,
610 3612 642 3651 o
660 3599 820 3652 homo
841 3597 864 3649 ’ἒ
887 3596 1001 3650 Non
1025 3599 1200 3652 credis
1225 3601 1366 3665 quod
1385 3602 1656 3668 proprium
1682 3603 1870 3656 habeat
1889 3603 2086 3659 Filium

511 3684 672 3753 Deus,
697 3695 754 3742 et
778 3685 976 3756 quaeris
1004 3687 1272 3757 quomodo
1293 3690 1538 3754 genuerit
1570 3687 1751 3743 Deus?
1777 3692 1988 3757 Quodsi
2006 3697 2088 3749 in-

509 3781 752 3850 superde
795 3779 902 3834 Deo
921 3780 1223 3851 interroges
1247 3782 1534 3850 quomodo,
1564 3781 1723 3850 plane
1753 3783 1838 3836 ubi
1875 3801 2089 3854 quiaque

511 3883 767 3942 tanquam
798 3873 850 3924 in
866 3873 1062 3938 loco,et
1076 3876 1289 3943 quando
1314 3886 1569 3945 tanquam
1587 3877 1640 3930 in
1672 3885 1912 3946 temporc
1927 3879 2088 3933 simul

513 3962 963 4032 interrogaveris.
1002 3960 1107 4017 Sed
1145 3965 1188 4016 si
1242 3965 1534 4018 absurdum
1568 3977 1653 4020 est
1679 3966 1745 4020 de
1763 3967 1870 4021 Deo
1885 3968 2088 4038 aliquid

511 4053 618 4108 tale
641 4051 1232 4122 inquirere,absurdius
1263 4053 1450 4122 utique
1477 4052 1638 4107 fuerit
1665 4055 1938 4126 non314
1965 4072 2089 4111 cre-

510 4145 663 4202 dere.
684 4144 927 4202 Necdum
956 4146 1096 4201 forte
1119 4155 1173 4201 te
1197 4147 1249 4201 in
1275 4145 1651 4201 incredulitate
1675 4149 1881 4200 versari
1904 4149 2086 4216 pudet.

512 4235 722 4303 Qucris
751 4239 895 4292 enim
927 4253 1034 4294 non
1067 4247 1124 4294 ut
1153 4239 1337 4305 tidem,
1368 4239 1460 4294 sed
1493 4248 1552 4294 ut
1593 4237 1960 4294 inﬁdelitatem
2003 4240 2086 4293 in-

510 4329 720 4384 venias.
749 4328 863 4384 Hoc
903 4345 1092 4386 verum
1121 4341 1204 4386 est
1241 4333 1535 4387 secundum
1572 4332 1625 4385 id
1655 4331 1797 4401 quod
1825 4331 2086 4400 scriptum

509 4431 593 4477 est
625 4439 639 4475 :
669 4419 738 4474 In
768 4424 1056 4490 malignam
1086 4425 1319 4477 animant
1347 4439 1453 4478 non
1482 4424 1722 4476 introibit
1749 4423 2009 4490 sapientia
2042 4422 2082 4475 ⁸.

511 4513 747 4569 Credidit
792 4525 969 4568 autem
1016 4515 1283 4569 Abraham
1314 4513 1449 4582 Deo,
1487 4526 1537 4570 et
1586 4523 1882 4584 reputatum
1919 4526 1992 4568 est
2037 4515 2086 4568 ei

508 4611 578 4662 ad
591 4609 883 4679 justitiam,
909 4627 972 4664 ac
1003 4609 1098 4664 Dei
1128 4612 1328 4664 amicus
1359 4611 1651 4678 appellatus
1687 4620 1761 4663 est
1782 4610 1823 4663 ".
1864 4609 2082 4662 Amicus

509 4700 606 4756 Dei
645 4701 837 4756 beatus
865 4703 1139 4758 Abraham
1183 4713 1240 4757 et
1283 4703 1461 4757 dictus
1490 4713 1594 4766 est,
1626 4711 1680 4758 et
1707 4711 1812 4757 est.
1863 4700 2081 4754 Amicus

579 4817 625 4850 ”
650 4817 806 4872 Joan.
841 4836 882 4878 I.
920 4820 971 4875 5.
1054 4821 1198 4874 'lsa.
1231 4836 1269 4883 l,
1299 4821 1354 4874 2.
1422 4821 1443 4851 ’
1474 4819 1640 4873 Exod.
1676 4834 1747 4877 tv.
1796 4817 1884 4871 9.2.
1965 4815 1985 4846 ⁸
2013 4814 2138 4870 Ose.
2175 4831 2282 4880 xw,
2316 4813 2398 4868 i0.
2477 4813 2496 4842 ⁸
2523 4810 2788 4872 lTim.vn,
2825 4809 2877 4864 ιί.

507 4889 528 4920 '
556 4886 671 4942 Jac.
707 4907 766 4955 tt,
798 4890 886 4943 23.

583 5068 696 5140 (297)
720 5069 781 5140 In
826 5070 985 5140 editis
1011 5080 1067 5140 et
1117 5071 1168 5125 in
1201 5071 1470 5140 aliquibus
1519 5084 1648 5122 mss.
1674 5081 1927 5138 corrupte
1951 5070 2083 5139 legi-

510 5148 613 5198 tur.
650 5139 785 5192 Θεοῦ
810 5140 860 5192 οί
891 5138 1034 5192 θετοί
1066 5157 1080 5171 ⁸
1146 5153 1200 5193 at
1231 5138 1303 5195 ini
1333 5141 1481 5196 Colb.
1519 5149 1572 5193 et
1620 5141 1669 5192 in
1723 5142 1842 5194 aliis
1873 5138 2082 5194 duobus

507 5207 690 5292 Regiis
716 5212 1002 5266 emendate
1033 5211 1296 5280 scriptum
1334 5211 1638 5266 invenimus
1665 5210 1820 5275 Θεοῦ,
1859 5210 1964 5263 υἱοὶ
1995 5209 2082 5264 θε-

506 5295 608 5331 τοι.

584 5347 863 5422 l30)__Edili
901 5358 956 5422 et
993 5348 1100 5404 dtto
1132 5367 1258 5422 mss.
1293 5352 1374 5405 ὅτι
1415 5347 1596 5422 ψυχῆς
1635 5389 1648 5402 .
1673 5391 1684 5403 .
1707 5395 1718 5406 .
1751 5352 1881 5422 περὶ
1921 5351 2077 5422 Θεοῦ,

507 5419 602 5492 καὶ
626 5418 857 5487 μάλιστα
885 5421 982 5490 μὲν
1003 5422 1070 5475 τά
1091 5421 1227 5492 μετά
1247 5418 1503 5486 ἀπιστίας
1516 5418 1665 5473 πᾶσι
1700 5418 1925 5492 φανερά.
1947 5421 2081 5477 Hinc

507 5487 800 5560 Carnarius
839 5508 851 5544 :
887 5487 1310 5545 iAnimi'morbus
1347 5507 1442 5558 est,
1478 5493 1612 5545 male
1644 5504 1688 5544 et
1713 5487 1913 5548 curiose
1937 5510 2079 5560 qua--

507 5572 623 5629 rere
653 5559 715 5610 de
742 5559 870 5621 Deo,
901 5573 946 5613 et
975 5564 1202 5617 maxime
1225 5565 1433 5629 quidem
1467 5580 1525 5616 ea
1549 5580 1666 5628 qua:
1703 5582 1817 5616 cum
1839 5559 2080 5616 incredu-

508 5627 658 5682 litate
687 5632 919 5698 ornnibus
954 5645 1071 5684 sunt
1121 5627 1420 5698 manifesta.
1485 5627 1897 5698 Trapezuutius,
1957 5652 2076 5687 cum

510 5699 676 5771 verba
697 5696 880 5753 ϐιαιο.)
921 5705 1057 5755 male
1084 5696 1277 5757 sonare
1309 5706 1538 5766 videret,
1579 5696 1746 5771 usque
1777 5719 1840 5756 eo
1865 5696 1960 5757 sibi
1996 5707 2076 5758 in-

509 5767 697 5845 dulsit,
723 5780 780 5821 ut
810 5772 1042 5845 πίστεως
1064 5788 1160 5840 pro
1185 5775 1440 5837 ἀπιστίας
1461 5767 1674 5842 legerit:
1709 5775 1833 5842 Ejus
1862 5777 1970 5827 inm:
1999 5785 2082 5828 rst

510 5841 882 5912 interpretatio
929 5861 938 5895 :
989 5843 1134 5899 Sicut
1181 5845 1457 5915 Apostolus
1498 5845 1652 5910 dixit,
1696 5841 1928 5900 marbmn
1970 5863 2078 5899 εεοε

2113 4556 2162 4614 D

2190 3231 2280 3283 καὶ
2317 3235 2426 3294 τοῖς
2460 3234 2592 3284 πᾶσι
2632 3231 2691 3283 τὸ
2732 3227 2869 3285 εἶναι
2893 3233 3164 3303 δωρεῖται,
3204 3234 3279 3296 ὡς
3308 3234 3468 3302 φύσει
3504 3233 3584 3288 ὢν
3620 3235 3777 3298 Θεός.

2187 3319 2251 3369 Τί
2275 3317 2364 3372 οὖν
2394 3322 2663 3383 ἀπιστεῖς,
2689 3313 2732 3372 ὦ
2760 3319 3013 3390 ἄνθρωπε
3035 3338 3048 3384 ;
3092 3323 3382 3388 Ἀπία-εἰς,
3407 3325 3487 3377 ὅτι
3509 3325 3642 3377 ἴδιον
3664 3325 3778 3397 ἔχει

2189 3409 2314 3462 Υἰον
2341 3414 2368 3463 ὁ
2387 3413 2536 3475 Θεὸς,
2563 3413 2657 3464 καὶ
2682 3411 2864 3482 ζητεῖς
2902 3411 3018 3474 πῶς
3054 3413 3311 3482 ἐγέννησε
3339 3416 3503 3480 Θεὸςς
3539 3417 3602 3469 Εἰ
3623 3417 3681 3470 δὲ
3717 3417 3779 3470 τὸ

2188 3501 2312 3564 πῶς
2334 3505 2424 3554 ἐπὶ
2445 3505 2578 3556 Θεοῦ
2613 3505 2726 3572 (59.)
2749 3505 3052 3574 ὲπερωτᾷς,
3085 3505 3300 3567 πάντως
3331 3509 3424 3560 καὶ
3452 3507 3513 3559 τὸ
3542 3507 3670 3573 ποῦ,
3699 3508 3775 3571 ὡς

2189 3592 2246 3643 ὲν
2292 3591 2461 3660 τόπῳ,
2511 3595 2600 3647 καὶ
2632 3594 2782 3660 πότε,
2827 3595 2904 3656 ὡς
2932 3595 2990 3645 ὲν
3031 3595 3208 3663 χρόνῳ
3240 3599 3770 3668 συνεπερωτήσειας.

2187 3689 2249 3742 ΕΞ
2273 3687 2328 3740 δὲ
2359 3687 2555 3740 ἄτοπον
2587 3690 2677 3742 ἐπὶ
2708 3690 2841 3743 Θεοῦ
2869 3691 2927 3743 τὸ
2957 3689 3196 3742 τοιοῦτον
3220 3691 3522 3760 ἐπερωτᾷν,
3553 3695 3772 3747 atomi»-

2185 3799 2343 3852 τερον
2379 3781 2443 3834 ἂν
2480 3783 2562 3850 εἴη
2600 3783 2660 3834 τὸ
2695 3782 2768 3853 μὴ
2800 3783 3096 3836 πιστεύειν.
3135 3781 3289 3850 Τάχα
3331 3780 3482 3833 οῦπω
3511 3783 3774 3855 ἐρυθριᾷς

2187 3876 2242 3927 ὲν
2268 3873 2492 3943 ἀπιστίᾳ
2527 3875 2805 3945 ὑπάρχων.
2855 3877 3044 3944 Ζητείς
3084 3875 3192 3946 γάρ
3229 3875 3313 3926 ἵνα
3361 3872 3532 3944 εῦρῃς
3573 3875 3635 3926 οὐ
3678 3879 3772 3928 πί-

2187 3983 2321 4022 στιν.
2352 3965 2466 4018 ἀλλ’
2495 3966 2766 4018 ἀπιστίαν.
2812 3965 2980 4017 Τοῦτο
3022 3965 3218 4035 ἀληθὲς
3252 3963 3394 4019 κατὰ
3424 3965 3485 4018 τὸ
3514 3982 3773 4037 γεγραμ-

2190 4061 2383 4130 μένον
2425 4060 2526 4123 Εἰς
2566 4060 2936 4126 κακότεχνον
2973 4058 3082 4129 (55)
3113 4058 3326 4127 ψυχὴν
3353 4061 3462 4113 οὐκ
3498 4061 3775 4113 8108.1615-

2186 4168 2355 4204 σεται
2379 4152 2582 4218 σοφία.
2629 4151 2978 4201 Ἐπίστευσε
3005 4149 3072 4201 δὲ
3113 4150 3357 4218 Ἀϐραὰμ
3395 4148 3474 4215 τῷ
3500 4149 3646 4216 Θεῷ,
3671 4152 3773 4206 καί

2186 4242 2471 4308 ἐλογίσθη
2515 4239 2672 4302 αὑτῴ
2705 4241 2791 4303 εὶς
2823 4237 3236 4306 δικαιοσύνην,
3275 4243 3372 4293 καὶ
3402 4245 3583 4308 φίλος
3618 4244 3772 4296 Θεοῦ

2185 4329 2435 4396 ἐκλήθη.
2474 4329 2629 4389 Φίλος
2665 4326 2799 4379 Θεοῦ
2831 4329 2858 4380 ὁ
2896 4329 3162 4396 μακάριος
3203 4329 3449 4399 Ἀϐραὰμ.
3481 4332 3573 4382 καὶ
3612 4331 3772 4403 είρη-

2187 4442 2296 4485 ται,
2335 4423 2428 4476 καὶ
2462 4420 2594 4473 ἐστι.
2625 4419 2780 4482 Φίλος
2836 4420 2924 4473 διὰ
2976 4420 3179 4486 πίστιν,
3228 4421 3376 4492 φίλος
3421 4423 3490 4476 δι’
3518 4424 3771 4494 ὑπακοὴν

2188 4515 2318 4567 Θεοῦ
2349 4531 2360 4544 ο
2396 4515 2458 4565 σὺ
2480 4513 2534 4567 δὲ
2567 4511 2756 4582 ἐχθρὸς
2786 4511 2875 4564 διὰ
2902 4513 3158 4567 ἀπιστίαν
3187 4516 3279 4567 καὶ
3308 4517 3589 4586 παρακοήν
3605 4517 3765 4569 Θεοῦ.

2201 4608 2514 4660 Ἐπίστευσε
2547 4605 2602 4657 δὲ
2638 4605 2885 4676 Ἀεραὰμ
2929 4607 3006 4675 τῷ
3042 4607 3180 4676 Θεῷ,
3208 4607 3522 4660 ἐπίστευσεν
3561 4610 3637 4672 ὡς
3671 4611 3770 4662 αῦ-

2186 4699 2297 4761 τδς,
2327 4700 2419 4751 καὶ
2446 4698 2544 4748 οὐκ
2575 4696 2872 4763 ἠπίστησεν
2907 4695 2995 4760 ,ὡς
3037 4699 3212 4766 ὑμεῖς.
3249 4695 3347 4747 Διὰ
3396 4697 3552 4749 τοῦτο
3603 4699 3768 4759 αὐτὸς

2954 4813 2973 4842 ⁵
3006 4811 3165 4864 llebr.
3201 4826 3276 4873 xi,
3304 4812 3356 4862 6.
3434 4812 3454 4841 ⁶
3487 4810 3615 4878 Sap.
3643 4827 3684 4874 ι,
3715 4813 3762 4866 δ.

2182 5085 2392 5133 animm,
2419 5071 2552 5122 male
2582 5079 2629 5122 et
2657 5070 2861 5124 curiose
2904 5071 2965 5123 de
2997 5069 3100 5121 Deo
3150 5083 3400 5128 qumrrre,
3431 5087 3491 5122 ea
3531 5073 3765 5122 maxime

2181 5157 2294 5204 (ματ
2318 5158 2433 5193 cum
2457 5143 2558 5204 ﬁde
2607 5143 2804 5193 cunctis
2826 5142 3098 5206 perspicua
3123 5148 3261 5189 sunt.
3310 5140 3487 5194 Codex
3521 5140 3676 5193 Cnlh.
3711 5152 3766 5192 et

2181 5207 2329 5276 Regii
2358 5223 2582 5276 quartus
2613 5221 2664 5259 et
2691 5214 2907 5276 quintus
2930 5211 3052 5263 Ὀτι
3073 5209 3127 5260 δὲ
3151 5208 3328 5278 ψυχῆς
3445 5210 3573 5278 περὶ
3600 5207 3762 5270 Θεοῦ,

2180 5282 2274 5332 καὶ
2313 5284 2543 5350 μάλιστα
2591 5282 2727 5348 μετὰ
2780 5281 3057 5342 ἀπιστίας,
3119 5281 3250 5330 πᾶσι
3306 5281 3611 5350 φανερόν
3642 5298 3764 5346 qua:

2181 5348 2445 5418 scriptura
2482 5353 2607 5416 quin
2648 5369 2770 5406 vera
2805 5353 2874 5403 sit
2904 5363 2959 5404 et
2986 5366 3264 5419 germana,
3294 5366 3455 5401 nemo
3490 5348 3762 5402 dubitabit

2180 5423 2267 5492 qui
2306 5424 2445 5476 hunc
2473 5423 2642 5472 locum
2683 5423 2839 5492 paulo,
2873 5423 3127 5492 attentius
3155 5419 3602 5492 consideraverit.

2252 5493 2361 5562 451)
2395 5493 2557 5552 Eilili,
2594 5491 2886 5561 προφητῶν
2911 5491 3002 5543 καὶ
3029 5491 3340 5562 ἀποστόλων
3364 5487 3567 5562 Δαὐτοῦἶ
3607 5489 3760 5541 Auti-

2179 5563 2269 5631 qui
2307 5556 2411 5616 duo
2440 5564 2556 5615 libri
2588 5556 2884 5632 προῴητῶν
2910 5560 3074 5614 αὐτοῦ
3109 5561 3141 5630 ἢ
3173 5556 3506 5612 ἀποστόλων.
3554 5559 3759 5612 Ibidem

2179 5637 2376 5696 aliquot
2414 5648 2540 5685 mss.
2573 5633 2705 5685 ἀκού
2717 5649 2886 5684 σουσι.

2246 5704 2355 5773 (52)
2385 5704 2562 5756 Codex
2588 5703 2737 5756 Colb.
2767 5703 2896 5772 περὶ
2924 5703 3077 5756 Θεοῦ.

2248 5769 2359 5836 (55)
2391 5773 2552 5834 Εάίιί,
2577 5774 2668 5836 Ei;
2698 5769 3023 5842 κακότεχνον
3062 5775 3188 5843 γάρ.
3222 5771 3476 5843 Voculam
3514 5769 3626 5840 γὰρ
3661 5771 3759 5824 de—

2184 5847 2408 5900 lcvimus
2451 5846 2706 5898 libtorutu
2744 5854 2981 5898 veterum
3015 5842 3334 5898 auclOritate
3366 5842 3559 5894 innixu.
