4008 6450
253 407 358 462 7Ξῦ

1319 403 1719 468 ,ADV’ERSUS
1757 401 2128 460 EUNOMIUM
2170 401 2297 456 LIB.
2340 401 2407 458 ι’.

3411 402 3520 461 756

245 499 426 570 φίλος,
455 499 611 567 ὑμεῖς
635 499 691 553 δὲ
714 500 917 571 ἐχθροί.
943 501 1007 554 Οἱ
1029 498 1226 570 ἐχθροὶ
1250 499 1469 568 Κυρίου
1487 499 1830 567 ἐψεύσαντο

1939 507 2157 566 propter
2189 496 2350 550 ﬁdem
2377 513 2391 547 :
2418 493 2649 558 amicus,
2683 492 2826 562 quod
2855 493 3091 548 obedivit
3126 491 3267 562 Deo;
3301 502 3356 549 tu
3389 512 3520 553 vero

245 589 430 656 αὐτῷ,
469 592 608 644 κατὰ
653 591 714 645 τὸ
757 593 1140 664 γεγραμμένον
1167 608 1180 621 ·
1221 592 1303 644 ὃτι
1348 591 1441 643 τὸν
1491 589 1651 659 φύσει
1703 589 1830 641 Υἰὸν

246 683 384 736 Θεοῦ
414 675 560 736 θέσει
592 685 683 737 καὶ
719 685 900 756 χάριτι
932 682 1310 753 υἱοποιηθέντα
1351 681 1590 750 λέγουσι,
1620 679 1713 734 καὶ
1741 680 1830 733 τὸν

245 775 473 844 κτίστην
503 776 728 846 κτίσμα,
762 778 855 830 καὶ
888 777 976 828 τὸν
1035 774 1263 846 ποιητὴν
1319 773 1553 844 ποίημα,
1589 774 1684 826 καὶ
1740 771 1831 824 τὸν

247 868 336 919 ἀεὶ
361 866 486 919 ὄντα
523 869 580 919 ἐν
625 867 798 938 Πατρί
837 885 965 920 ποτε
1009 867 1082 938 μὴ
1131 868 1280 932 ὄντα,
1325 868 1417 920 καὶ
1463 867 1552 918 τὸν
1583 866 1642 932 ἐξ
1682 865 1830 927 δντος

246 956 387 1009 Θεοῦ
416 956 545 1008 Υἱὸν
578 957 687 1025 (54)
717 957 963 1026 λέγοντες
997 957 1061 1009 ὲκ
1110 957 1183 1029 μὴ
1219 958 1388 1010 ὄντων
1419 956 1721 1024 γεγονέναι.
1756 956 1831 1007 Οῦ

249 1048 413 1119 μόνον
439 1049 496 1102 δὲ
539 1049 676 1101 κατὰ
717 1048 812 1100 τοῦ
852 1049 986 1102 Θεοῦ
1027 1050 1120 1103 καὶ
1149 1049 1276 1102 Υἰοῦ
1322 1047 1605 1118 ψεύδονται
1636 1047 1833 1116 Θεομα-

244 1141 472 1210 χοῦντες
502 1142 594 1193 καὶ
638 1141 1154 1212 χριστομαχοῦντες,
1206 1141 1342 1194 ἀλλὰ
1387 1141 1480 1193 καὶ
1527 1156 1834 1209 πνευματο-

251 1233 556 1305 μαχοῦντες
586 1234 645 1284 οὑ
687 1233 969 1298 παύονται,
1008 1234 1067 1286 τὸ
1095 1233 1316 1304 Πνεῦμα
1351 1232 1446 1285 τοῦ
1485 1231 1618 1284 Θεοῦ
1655 1247 1834 1300 κυριο-

244 1324 429 1389 λογεῖν
457 1323 532 1393 μὴ
561 1323 892 1394 βουλόμενοι,
947 1324 1167 1396 σκληρῷ
1207 1324 1465 1394 τραχήλῳ
1499 1324 1592 1375 καὶ⁸
1638 1324 1835 1394 ἀπερι-

241 1419 438 1486 τμήτῳ
464 1416 660 1488 καρδίᾳ
687 1421 808 1480 ταῖς
845 1417 1015 1482 Θείαις
1039 1419 1283 1490 Γραφαίς
1322 1416 1742 1487 ἐναντιούμενοι.
1768 1415 1833 1467 Τί

241 1511 300 1563 δὲ
330 1509 664 1563 ἐναντιοῦται
707 1514 773 1582 τῇ
811 1512 948 1581 καλῇ
991 1511 1162 1582 ταύτῃ
1215 1511 1399 1563 πίστει
1454 1511 1550 1564 καὶ
1585 1508 1834 1581 σωζοῦσῃ

241 1601 534 1672 ὁμολογίᾳ*
564 1603 718 1666 Θεὸς,
751 1606 945 1672 Λόγος,
996 1605 1253 1674 Πνεῦμα·
1291 1603 1503 1674 Πατὴρ,
1551 1603 1697 1665 Υἱὸς,
1741 1601 1831 1653 καὶ

242 1692 502 1762 ΙΙνεῦμα;
544 1695 618 1747 Οὐ
648 1694 794 1758 ξένος
820 1697 847 1747 ὀ
876 1697 1021 1758 Υἱὸς,
1050 1695 1169 1748 οὐδὲ
1203 1696 1484 1767 ἀλλότριον
1513 1697 1573 1747 τὸ
1607 1693 1830 1762 Πνεῦμα

240 1781 340 1833 τοῦ
393 1782 525 1835 Θεοῦ
581 1785 674 1837 καὶ
712 1785 874 1850 Υἱοῦ,
911 1788 971 1838 οὐ
1021 1786 1206 1849 τόποις
1274 1785 1677 1856 μεμερισμένοι.
1730 1783 1831 1835 οὐκ

1938 587 2210 647 inimicus,
2242 585 2388 654 quod
2440 583 2750 640 incredulus
2794 600 2858 640 ac
2900 586 3264 656 inobsequens
3290 605 3350 643 es
3387 589 3516 646 Deo.

1947 680 2186 734 Credidit
2218 692 2398 734 autem
2431 679 2706 735 Abraham
2739 681 2871 745 Deo,
2904 681 3133 735 credidit
3158 690 3217 735 ut
3249 681 3384 750 ipse,
3421 698 3522 739 nec

1939 770 2253 825 incredulus
2288 770 2386 824 fuit
2414 782 2473 825 ut
2514 787 2630 826 vos.
2665 770 2959 840 Propterea
3005 773 3120 841 ipse
3164 774 3392 838 amicus,
3425 790 3522 830 vos

1937 877 2068 916 vero
2117 863 2239 916 ideo
2274 863 2497 917 inimici.
2535 863 2749 918 Inimici
2779 864 2994 918 Domini
3029 867 3232 920 mentiti
3259 879 3376 919 sunt
3399 870 3446 920 ei
3474 869 3517 932 ⁸,

1937 959 1994 1003 ιιι
2020 951 2286 1020 scriptum
2316 964 2425 1019 est,
2454 955 2596 1022 quod
2621 970 2745 1009 eum
2774 957 2862 1023 qui
2895 966 3084 1009 natura
3110 955 3276 1011 Filius
3300 956 3387 1010 Dei
3413 968 3517 1024 est,

1934 1045 2226 1112 ad0ptione
2265 1055 2425 1116 atque
2455 1047 2628 1116 gratia
2661 1049 2828 1101 tilium
2874 1048 3077 1103 factum
3110 1049 3277 1104 fuisse
3306 1051 3518 1118 dicunt,

1934 1146 1990 1191 et
2029 1148 2339 1192 creatorem
2377 1147 2706 1201 creaturam,
2739 1153 2794 1195 et
2833 1142 3094 1196 faetorem
3147 1142 3432 1210 facturam,
3465 1155 3522 1199 et

1935 1242 2058 1282 eum
2079 1230 2181 1297 qui
2215 1244 2432 1298 semper
2459 1239 2540 1284 est
2575 1230 2628 1284 in
2660 1230 2842 1295 Patre,
2873 1233 3162 1301 aliquando
3190 1251 3294 1289 non
3330 1233 3519 1300 fuisse,

1936 1330 1989 1374 et
2021 1319 2216 1375 Filium
2259 1323 2348 1391 qui
2380 1332 2544 1377 estex
2571 1321 2678 1376 Deo
2705 1325 2793 1390 qui
2825 1337 2928 1390 est,
2963 1308 3176 1382 factum
3230 1343 3296 1382 ex
3355 1329 3523 1383 nihilo

1935 1411 2108 1466 fuisse
2132 1413 2486 1469 afﬁrmantes.
2515 1414 2629 1469 Non
2657 1416 3041 1474 solumautem
3066 1422 3325 1475 adversus
3352 1421 3520 1476 Deum

1937 1521 2002 1558 ac
2033 1504 2229 1559 Filium
2267 1508 2628 1571 mentiuntur,
2661 1509 2768 1563 Deo
2801 1522 3165 1580 repugnantes
3194 1523 3246 1566 et
3279 1513 3516 1578 Cbristo,

1938 1597 2032 1650 sed
2065 1599 2234 1652 etiam
2266 1601 2529 1655 adversus
2566 1602 2829 1670 Spiritum
2858 1620 3098 1673 pugnare
3124 1621 3228 1660 non
3259 1607 3519 1662 intermit-

1938 1697 2060 1742 tunt
2110 1707 2123 1743 :
2179 1689 2377 1759 quippe
2413 1690 2505 1744 Dei
2549 1692 2809 1760 Spiritum
2852 1693 3134 1747 Dominum
3190 1710 3384 1750 vocare
3425 1711 3521 1749 no-

1936 1779 2072 1844 lunt,
2103 1783 2316 1836 cervice
2346 1783 2479 1836 tlnra
2511 1794 2563 1837 et
2586 1786 2967 1840 incircumciso
2996 1789 3156 1841 corde
3176 1789 3196 1819 ’
3227 1786 3522 1857 Scripturis

239 1871 407 1926 αἰῶσι
446 1876 1010 1948 παραλαμϐανόμενα,
1042 1879 1102 1930 οὺ
1117 1879 1444 1946 διαστήμασι
1469 1875 1830 1946 μετρούμενα.

1942 1873 2143 1927 divinis
2195 1875 2570 1930 adversantes.
2620 1877 2728 1930 Cur
2785 1891 2964 1933 autem
3015 1879 3322 1935 adversaris
3369 1882 3523 1934 bona

241 1964 360 2016 Οὐκ
386 1965 629 2018 ἐνέλιπεν
656 1967 784 2029 Υἱός
817 1985 944 2020 ποτε
999 1968 1192 2038 Πατρὶ,
1239 1967 1361 2020 οῦδὲ
1419 1966 1531 2036 Υἰῷ
1573 1966 1828 2036 Πνεῦμα·

239 2054 358 2106 ἀλλ’
389 2057 655 2129 ἄτρεπτος
705 2059 798 2111 καὶ
851 2058 1210 2121 ἀναλλοίωτος
1265 2059 1298 2127 ἡ
1330 2057 1468 2128 αὑτὴ
1501 2059 1670 2128 Τριὰς
1723 2058 1828 2111 ἀεί.

243 2146 322 2197 Οὐ
353 2147 542 2220 Πατὴρ
589 2151 616 2201 6
663 2150 811 2212 Υἱὸς,
847 2149 982 2201 ἀλλὰ
1027 2150 1216 2221 Πατὴρ
1246 2151 1377 2203 Υἱοῦ
1433 2153 1733 2221 γεννήτωρ,
1763 2153 1837 2212 ὡς

238 2238 368 2301 νοῦς
392 2239 550 2308 λόγου
591 2241 792 2310 πατὴρ,
827 2240 902 2302 ως
927 2239 1155 2310 δύναμις
1179 2241 1429 2304 δυνατοῦ,
1468 2242 1542 2303 ὡς
1570 2242 1727 2308 σοιρὸς
1754 2257 1839 2291 σο-

241 2330 374 2399 φίαν
419 2329 791 2400 γεγεννηκὼς,
849 2331 925 2393 ὡς
981 2332 1276 2394 ὑπόστασις
1319 2333 1431 2401 (55)
1493 2332 1621 2383 ἴδιον
1668 2349 1837 2400 χαρα-

238 2426 442 2493 κτῆρα.
483 2424 538 2475 Ὀ
570 2422 626 2474 δὲ
659 2422 784 2485 Υἱὸς
811 2424 898 2475 ἀεὶ
928 2424 1071 2488 Υἱὸς,
1102 2425 1178 2487 ὡς
1205 2425 1386 2495 μορφὴ
1415 2423 1548 2475 Θεοῦ
1578 2424 1836 2493 ὑπάρχων

235 2515 347 2578 ἀεὶ,
379 2515 452 2579 ὡς
483 2514 646 2568 εἰκὼν
671 2515 805 2568 Θεοῦ
846 2518 1048 2586 φυσικὴ
1084 2519 1112 2568 6
1143 2516 1291 2578 Υἱός.

1942 1963 2068 2019 huic
2112 1966 2258 2030 fidei,
2296 1978 2351 2020 et
2398 1968 2624 2022 salvanti
2669 1971 2999 2026 confessioni
3033 1989 3047 2024 :
3078 1973 3236 2037 Deus,
3264 1973 3522 2038 Verbum,

1942 2055 2178 2124 Spiritus
2217 2076 2231 2112 :
2273 2057 2453 2124 Pater,
2488 2058 2679 2125 Filius,
2710 2071 2766 2114 et
2814 2059 3095 2132 Spiritus?
3142 2063 3257 2117 Non
3313 2064 3524 2118 alienus

1939 2157 2022 2199 est
2063 2145 2254 2211 Filius,
2288 2162 2463 2211 neque
2521 2150 2735 2205 alienus
2786 2151 3020 2221 Spiritus
3047 2169 3076 2206 a
3109 2155 3218 2209 Deo
3244 2163 3297 2210 et
3329 2154 3463 2208 Filio
3504 2173 3520 2210 :

1943 2253 2051 2290 non
2110 2238 2242 2293 locis
2300 2241 2480 2307 divisi,
2525 2257 2628 2296 non
2689 2245 2903 2299 saeculis
2953 2247 3372 2316 circumscripti,
3414 2263 3523 2302 non

1940 2328 2241 2382 intervallis
2271 2331 2520 2389 dimensi.
2553 2333 2668 2386 Non
2696 2335 2863 2389 defuit
2895 2351 3131 2404 unquam
3158 2337 3327 2391 Filius
3352 2337 3522 2403 Patri,

1942 2437 2042 2474 nec
2085 2419 2223 2475 Filio
2260 2422 2497 2489 Spiritus
2527 2441 2538 2476 :
2575 2426 2668 2477 sed
2716 2426 3068 2480 immutabilis
3090 2437 3143 2480 et
3171 2429 3525 2486 inaltcrabilis

1941 2523 2025 2566 est
2050 2515 2238 2567 eadem
2260 2515 2500 2570 Trinitas
2527 2532 2760 2583 semper.
2785 2517 2898 2572 Non
2924 2518 3084 2572 Pater
3101 2529 3187 2574 est
3210 2519 3397 2585 Filius,
3428 2524 3522 2578 sed

239 2611 406 2664 Pater
462 2612 580 2665 Filii
641 2615 898 2682 genitor:
945 2623 1001 2662 ut
1051 2627 1202 2662 meus
1240 2613 1389 2666 verbi
1425 2622 1596 2679 pater.
1663 2621 1724 2663 ut
1777 2611 2020 2680 putentia
2069 2611 2332 2679 potentis,
2373 2623 2431 2664 ut
2469 2613 2684 2680 sapiens
2721 2616 2810 2682 qui
2858 2616 3179 2685 sapientiam
3215 2616 3420 2685 genuit,
3467 2626 3526 2672 ut

236 2709 551 2776 bypostasis
605 2708 884 2776 proprium
935 2709 1279 2762 cbaractera.
1341 2708 1511 2763 Filius
1561 2720 1743 2764 autem
1773 2723 1987 2776 semper
2028 2718 2112 2760 est
2175 2708 2366 2772 Filius,
2420 2720 2476 2762 ut
2524 2711 2693 2763 forma
2745 2711 2840 2766 Dei
2891 2728 3107 2783 semper
3144 2715 3432 2778 exsistens,
3465 2725 3520 2769 ut

235 2802 504 2856 naturalis
539 2802 631 2857 Dei
665 2804 841 2872 imago
868 2804 1054 2857 Filius.

312 2895 366 2948 3.
421 2895 582 2949 Ἀλλὰ
634 2897 812 2950 καὶτὸ
849 2897 1074 2968 Πνεῦμα
1114 2899 1277 2953 εἰκὼν
1321 2899 1415 2953 τοῦ
1457 2898 1586 2952 Υἱοῦ
1619 2899 1832 2969 εἴρηται

237 2986 376 3056 (36),
403 2989 494 3040 καὶ
526 2988 785 3052 δάκτυλος
814 2989 970 3051 Θεοῦ,
1000 2992 1090 3042 καὶ
1116 2990 1252 3042 Θεοῦ
1288 2991 1527 3059 πνεῦμα,
1561 2991 1654 3042 καὶ
1678 2990 1829 3059 ῥῆμα

235 3080 334 3132 καὶ
373 3079 590 3148 πνεῦμα
623 3080 908 3149 στόματος,
959 3082 1050 3131 καὶ
1083 3079 1287 3147 ἀγαθὸν
1321 3080 1563 3150 πνεῦμα,
1605 3080 1701 3132 καὶ
1736 3082 1827 3132 εῦο

237 3170 352 3232 Οὲς,
381 3171 470 3222 καὶ
499 3172 844 3240 ἡγεμονικὸν,
879 3172 969 3224 καὶ
998 3171 1216 3242 πνεῦμα
1249 3173 1554 3243 δυνάμεως,
1591 3176 1685 3227 καὶ
1720 3173 1826 3227 Κύ-

238 3278 357 3334 ριος
387 3262 481 3312 καὶ
513 3261 647 3323 Θεὸς
671 3262 887 3332 εἴρηται
915 3263 975 3315 τὸ
1015 3262 1109 3316 τοῦ
1133 3263 1270 3316 Θεοῦ
1300 3263 1538 3334 πνεῦμα,
1572 3265 1646 3327 ὡς
1677 3265 1770 3316 καὶ
1799 3263 1828 3314 6

235 3356 434 3420 Λόγος.
466 3355 527 3406 Εἰ
557 3355 666 3426 γὰρ
695 3356 832 3425 μετὰ
878 3355 971 3408 τοῦ
1000 3356 1134 3410 Θεοῦ
1163 3358 1255 3412 καὶ
1281 3359 1455 3426 Λόγου
1496 3361 1702 3428 στερεοῖ
1732 3357 1830 3421 τὰς

235 3447 497 3516 δυνάμεις
537 3447 644 3499 τῶν
674 3448 918 3518 οὐρανῶν
958 3450 1017 3502 τὸ
1058 3449 1305 3520 Πνεῦμα,
1349 3451 1465 3512 πῶς
1507 3449 1826 3520 ἀλλότριον;

240 3542 420 3608 Ὅπερ
456 3542 505 3592 οἱ
544 3540 796 3604 λαϐόντες
818 3543 944 3605 ναὸς
975 3541 1109 3594 Θεοῦ
1145 3543 1302 3604 εἰσιν,
1336 3541 1364 3593 ὃ
1388 3541 1452 3611 δὴ
1481 3542 1575 3594 καὶ
1608 3541 1828 3612 πνεῦμα

241 3633 510 3701 στὸματος
539 3631 672 3684 Θεοῦ
699 3633 1186 3705 προσαγορεύεται,
1224 3635 1317 3686 καὶ
1343 3635 1442 3704 τῆς
1470 3633 1829 3706 δημιουργίας

237 3725 412 3780 αἴτιον
440 3723 576 3793 μετὰ
594 3726 686 3777 τοῦ
709 3727 880 3794 Λόγου
903 3725 1195 3789 δείκνυται,
1213 3726 1272 3778 τὸ
1294 3725 1548 3796 ἐνεργοῦν
1567 3726 1634 3779 τὰ
1653 3728 1830 3780 πάντα

236 3817 315 3878 ὡς
346 3815 498 3881 Θεὸς,
523 3817 704 3880 καθὼς
737 3817 1004 3887 βούλεται,
1028 3817 1102 3882 ὥς
1138 3836 1301 3890 φησιν
1331 3821 1358 3872 6
1397 3818 1741 3884 Ἀπόστολος,
1771 3822 1830 3873 τὸ

237 3900 339 3982 τῆς
369 3911 642 3975 υἱοθεσίας
676 3911 920 3982 Πνεῦμα,
952 3911 1011 3964 τὸ
1056 3913 1156 3981 τῆς
1185 3913 1495 3984 ἐλευθερίας
1529 3917 1720 3978 αἴτιον,
1773 3917 1831 3968 τὸ

237 4006 376 4059 ὅπου
409 4005 550 4058 ϐέλει
575 4008 733 4059 πνέον
758 4008 1026 4076 Οειότητα,
1059 4009 1086 4060 ὃ
1115 4009 1178 4079 δὴ
1209 4011 1304 4062 καὶ
1334 4011 1557 4080 πνεῦμα
1580 4011 1675 4073 τῆς
1706 4011 1833 4079 ἁληο

240 4097 391 4160 Θείας
415 4099 443 4149 6
468 4099 575 4150 τῶν
597 4099 732 4149 ὅλων
763 4099 964 4167 Κύριος
993 4101 1179 4170 σαφῶς
1207 4103 1494 4172 ὀνομάζει·
1525 4105 1585 4156 τὸ
1613 4106 1668 4156 ἐν
1703 4105 1830 4157 ειόει

238 4191 573 4261 περιστερᾶς
599 4191 685 4242 ἐπ’
705 4189 866 4243 αὑτὸν
890 4191 947 4255 ἐξ
971 4194 1200 4264 οὐρανοῦ
1232 4196 1497 4259 καταϐὰν,
1522 4198 1582 4250 τὸ
1610 4197 1831 4266 ἁγιάζον

240 4284 343 4356 τὴν
372 4283 658 4354 Κυριακὴν
685 4285 864 4357 σάρκα
891 4287 1027 4355 μετὰ
1050 4289 1146 4358 τῆς
1161 4289 1460 4356 δυνάμεως,
1475 4290 1533 4343 τὸ
1548 4293 1645 4361 τὴν
1664 4293 1833 4343 οἰκου-

247 4373 416 4443 μένην
432 4374 694 4446 πληροῦν,
718 4378 776 4428 τὸ
801 4381 962 4430 παντὶ
982 4379 1158 4451 παρὸν
1174 4381 1248 4442 ὡς
1262 4382 1413 4444 Θεὸς,
1438 4384 1530 4436 καὶ
1549 4384 1685 4453 μετὰ
1697 4383 1830 4435 Θεοῦ

2011 2896 2066 2950 5.
2108 2895 2214 2949 Sed
2245 2905 2299 2948 et
2327 2896 2562 2964 Spiritus
2605 2897 2780 2968 imago
2807 2898 2983 2954 dictus
3011 2909 3095 2954 est
3129 2897 3272 2963 Filii,
3305 2911 3362 2954 et
3385 2902 3523 2972 digi—

1942 2997 2026 3042 tus
2054 2987 2171 3049 Dei,
2204 2999 2259 3042 et
2288 2987 2379 3041 Dei
2416 2988 2663 3058 spiritus,
2693 3001 2742 3042 et
2773 2991 2994 3044 verbum
3041 3003 3095 3046 et
3134 2991 3358 3060 spiritus
3390 2996 3519 3056 oris,

1935 3089 1989 3134 et
2023 3080 2249 3148 spiritus
2285 3082 2488 3143 bonus,
2520 3091 2573 3133 et
2615 3091 2818 3145 rectus,
2849 3091 2902 3135 et
2937 3082 3276 3150 principalis,
3311 3091 3366 3137 et
3413 3086 3525 3153 spi-

1883 3167 1896 3181 ¹
1933 3173 2070 3225 ritus
2117 3172 2394 3238 potenlize,
2423 3181 2477 3225 et
2513 3172 2774 3226 Dominus
2833 3187 2887 3226 et
2924 3176 3062 3229 Deus
3093 3177 3269 3230 dictus
3305 3185 3387 3230 est
3427 3176 3522 3231 Dei

1935 3265 2178 3332 spiritus,
2213 3263 2356 3316 sicut
2382 3273 2436 3315 et
2481 3263 2741 3319 Verbum.
2777 3265 2908 3319 Nam
2943 3268 2986 3321 si
3018 3283 3125 3320 una
3164 3282 3286 3322 cum
3331 3267 3441 3324 Deo
3469 3280 3524 3326 et

1939 3355 2112 3410 Verbo
2146 3356 2372 3410 virtutes
2407 3357 2671 3413 cmlorum
2709 3358 2892 3415 firmat
2941 3361 3198 3431 Spiritus,
3251 3365 3522 3432 quomodo

1933 3450 2179 3503 alienus?
2201 3449 2370 3515 Quem
2394 3453 2486 3520 qui
2510 3465 2855 3522 acceperunt,
2885 3456 3141 3524 templum
3169 3469 3293 3510 sunt
3315 3457 3406 3512 Dei
3441 3457 3520 3524 “;

1932 3544 2023 3610 qui
2051 3553 2103 3594 et
2128 3544 2354 3609 spiritus
2374 3545 2485 3598 oris
2517 3545 2610 3598 Dei
2642 3547 2943 3615 appellatur
2971 3549 3035 3610 ",
3066 3559 3119 3602 et
3150 3565 3314 3605 causa
3339 3559 3522 3606 osten-

1934 3636 2081 3687 ditur
2111 3651 2231 3690 esse
2263 3638 2559 3692 creatiouis
2603 3655 2735 3692 cum
2766 3638 2962 3704 Verbo,
2995 3640 3086 3710 qui
3117 3653 3374 3712 operatur
3400 3660 3520 3698 om-

1934 3729 2027 3782 nia
2076 3728 2217 3782 sicut
2266 3727 2431 3791 Deus,
2468 3739 2627 3798 prout
2667 3731 2811 3794 vult,
2866 3733 2939 3784 uti
2985 3733 3062 3785 ait
3112 3733 3404 3800 Apostolus
3436 3733 3518 3800 ης

1935 3821 2240 3888 adoptionis
2290 3821 2538 3889 spiritus,
2579 3824 2850 3877 libertatis
2890 3839 3093 3888 causa;
3129 3825 3219 3891 qui
3271 3825 3360 3878 ubi
3411 3827 3525 3881 vult

1933 3913 2105 3977 Spirat
2139 3911 2183 3941 ¹³
2233 3913 2572 3966 divinitatem
2612 3933 2624 3967 :
2665 3930 2826 3983 quem
2876 3926 2929 3971 et
2976 3918 3226 3986 spiritum
3275 3919 3523 3974 veritatis

1938 4002 2196 4056 Dominus
2243 4004 2628 4061 universorum
2683 4007 2861 4076 palam
2916 4011 3160 4064 nominat
3203 4009 3297 4063 “:
3344 4011 3436 4078 qui
3493 4026 3524 4064 e

1935 4095 2074 4150 ccelo
2141 4097 2194 4150 in
2268 4097 2441 4168 ipsum
2507 4101 2558 4154 in
2617 4102 2882 4157 culumst
2947 4105 3128 4172 specie
3197 4104 3522 4170 descendit,

1934 4188 2027 4257 qui
2101 4192 2404 4245 sanctificat
2486 4193 2820 4246 Dominicam
2912 4211 3134 4249 carnem
3214 4212 3335 4250 cum
3429 4213 3522 4264 po-

1938 4290 2174 4345 testate,
2234 4284 2324 4350 qui
2373 4285 2561 4338 orbem
2631 4295 2903 4342 terrarum
2973 4291 3145 4358 replet
3199 4310 3212 4345 :
3257 4290 3349 4359 qui
3407 4307 3526 4345 om-

1936 4376 2097 4429 nibus
2147 4376 2302 4430 adest
2345 4386 2403 4428 ut
2446 4377 2608 4442 Deus,
2638 4391 2691 4435 et
2727 4396 2848 4433 cum
2898 4381 3007 4436 Deo
3050 4399 3266 4450 semper
3312 4392 3394 4437 est
3444 4385 3524 4435 in-

241 4466 564 4536 ἀχωρίστως
590 4468 646 4518 ὃν
691 4469 806 4520 ἀεί’
836 4471 896 4520 τὸ
934 4471 1200 4537 γινῶσκον
1233 4472 1300 4524 τὰ
1333 4473 1424 4526 τοῦ
1451 4474 1586 4525 Θεοῦ
1630 4476 1824 4537 πάντα,

1939 4468 2343 4536 separabiliter;
2413 4472 2504 4539 qui
2583 4474 2858 4541 cognoscit
2914 4489 3036 4543 qua:
3085 4475 3178 4528 Dei
3226 4485 3345 4527 sunt
3404 4489 3525 4527 om-

244 4553 320 4616 ὡς
360 4555 420 4606 τὸ
460 4555 674 4626 πνεῦμα
706 4558 764 4610 τὸ
791 4561 849 4611 ἐν
880 4561 1010 4629 ἡμῖν
1045 4560 1112 4612 τὰ
1144 4561 1333 4630 ἡμῶν,
1381 4565 1440 4616 τὸ
1484 4563 1826 4635 ἀνθρώπινον

246 4640 394 4712 λέγω
421 4645 636 4716 πνεῦμα
672 4647 732 4700 τὸ
754 4651 809 4703 ὲν
842 4650 993 4721 ἡμῖν.
1029 4649 1186 4702 Οῦτω
1218 4651 1326 4722 γάρ
1364 4653 1475 4722 (57)
1517 4669 1679 4721 φησι·
1714 4655 1824 4708 Ital

242 4735 320 4785 τὰ
351 4735 458 4789 τοῦ
499 4737 649 4790 Θεοῦ
691 4738 890 4804 οὐδεὶς
937 4740 1088 4807 ἔγνω
1121 4739 1228 4806 (58)
1263 4742 1313 4792 εἰ
1353 4739 1439 4807 μὴ
1485 4738 1827 4808 τὸῊνεῖιμα

246 4826 416 4878 Θεοῦ.
438 4830 546 4882 Καὶ
566 4830 722 4883 πάλιν
740 4832 903 4901 φησὶν
931 4833 958 4883 6
982 4832 1192 4900 Σωτήρ·
1216 4831 1426 4896 Οὐδεὶς
1450 4829 1826 4899 ἐπιγινώσκει

245 4916 336 4981 τίς
366 4917 536 4972 ἐστιν
566 4925 597 4974 ό
623 4920 750 4987 Υἱὸς
785 4923 835 4973 εὶ
856 4921 941 4989 μὴ
977 4924 1008 4974 ό
1044 4921 1266 4987 Πατὴρ,
1302 4922 1443 4975 οὐδὲ
1462 4921 1570 4977 τόν
1597 4924 1826 4990 Πατέρα

244 5025 335 5075 τις
359 5009 736 5076 ἐπιγινώσκει
763 5013 921 5081 εἰμὴ
960 5017 992 5066 ὀ
1023 5012 1171 5076 Υἱὸς,
1209 5017 1307 5068 καὶ
1337 5008 1383 5080 ᾧ
1417 5014 1493 5067 ἂν
1515 5016 1820 5083 βούληται

317 5197 338 5228 ⁸
365 5195 503 5251 Psal.
537 5211 700 5251 uxr.
739 5197 816 5248 iii.

248 5267 294 5297 “
319 5266 476 5323 Joan.
511 5283 620 5332 xiv,
656 5266 739 5320 17.

893 5196 913 5226 ⁹
949 5198 1069 5252 Act.
1102 5210 1199 5261 vn,
1229 5194 1319 5250 5i.
1369 5197 1412 5227 ¹⁰
1444 5196 1460 5248 1
1489 5198 1615 5251 Cor.
1650 5212 1730 5257 ιιι,
1760 5197 1842 5251 l6.

841 5269 883 5297 ¹⁶
912 5265 929 5318 Ι
957 5269 1082 5322 Cor.
1117 5284 1174 5333 It,
1201 5267 1288 5321 11.

341 5428 430 5499 Si)
469 5429 604 5499 Reg.
660 5439 884 5496 quartus
933 5430 1086 5496 ὄντος
1135 5430 1270 5485 Θεοῦ
1319 5431 1447 5483 ὄντα
1500 5431 1650 5484 Υῑὸν.
1713 5429 1835 5486 Mn!

246 5501 376 5555 editi
396 5499 812 5572 θεομαχοῦντες,
849 5499 1006 5553 ἀλλὰ.
1035 5502 1258 5557 Veli-res
1291 5507 1529 5572 quinque
1567 5503 1685 5556 libri
1719 5503 1836 5555 Θεο-

249 5569 692 5642 μαχοῦντεςίκαὶ
724 5572 1245 5644 χριστομαχοῦντες,
1295 5569 1350 5629 et
1384 5569 1455 5626 ita
1495 5573 1624 5638 legit
1669 5575 1835 5627 inter-

291 5659 394 5694 τες.

291 5659 394 5694 res.

246 5657 281 5710 Ρ
320 5713 430 5782 (55)
465 5713 598 5767 Edili
621 5714 698 5777 ὡς
725 5715 1045 5769 ὑπόστασιν.
1077 5713 1224 5768 Libri
1260 5715 1464 5782 antiqui
1498 5714 1574 5776 ὡς
1600 5715 1836 5767 ὑπόστα-

250 5798 352 5842 σις.
393 5784 507 5857 Mox
538 5787 664 5837 editi
696 5789 1040 5857 χαρακτῆρα.
1083 5788 1142 5838 Ὀ
1184 5784 1241 5838 δὲ
1277 5786 1400 5849 Υἱὸς
1449 5787 1536 5839 ἀεὶ
1571 5785 1714 5848 Υἱός.
1765 5792 1836 5838 At

252 5855 424 5908 nostri
455 5865 656 5922 septem
714 5855 840 5912 urSs.
879 5855 1226 5927 χαρακτῆρα,
1271 5857 1346 5919 ὡς
1387 5859 1589 5925 μοοεῦ.
1625 5857 1832 5912 inutile.

1931 4558 2062 4619 nia,
2114 4563 2336 4626 perinde
2390 4572 2448 4614 ut
2497 4563 2722 4630 spiritus
2777 4565 2869 4632 qui
2945 4565 2996 4618 in
3058 4567 3213 4618 nobis
3264 4574 3348 4618 est
3418 4582 3518 4620 no-

1918 4660 2071 4704 stra:
2105 4651 2352 4718 Spiritum
2393 4657 2688 4708 humanum
2736 4658 2829 4725 qui
2867 4659 2918 4711 in
2951 4657 3104 4710 nobis
3128 4665 3232 4719 est,
3259 4657 3402 4712 dico.
3429 4660 3520 4713 Sic

1921 4745 2062 4796 enim
2086 4746 2208 4794 aih:
2247 4745 2315 4798 Et
2347 4764 2464 4816 qua:
2495 4747 2588 4800 Dei
2615 4762 2734 4803 sunt
2768 4767 2918 4804 nemo
2961 4751 3125 4812 norit,
3152 4751 3255 4802 nisi
3289 4748 3520 4820 Spiritus

1922 4835 2021 4887 Dei
2059 4834 2122 4887 ".
2151 4835 2215 4889 Et
2251 4854 2437 4893 rursus
2462 4840 2716 4895 Salvator
2738 4843 2872 4897 dicit
2908 4855 2921 4894 :
2966 4840 3138 4895 Nemo
3174 4843 3280 4895 scit
3309 4843 3426 4910 quis
3453 4844 3519 4895 sit

1925 4922 2125 4989 Filius,
2168 4929 2269 4980 nisi
2321 4926 2506 4986 Pater,
2545 4947 2635 4983 nec
2683 4930 2895 4982 Patrem
2922 4931 3200 4999 quisquam
3236 4932 3519 4999 cognoscit,

1926 5016 2025 5068 nisi
2052 5015 2332 5082 Filius;et
2365 5023 2448 5072 cui
2482 5023 2699 5074 coluerit
2733 5019 2902 5073 Filius
2939 5022 3172 5074 revelare
3204 5022 3266 5072 ".
3305 5019 3415 5074 Hoc
3446 5020 3516 5072 illi

2501 5207 2540 5238 η
2581 5205 2755 5262 lCor.
2789 5223 2885 5271 xu,
2925 5207 3013 5260 ll.
3090 5206 3132 5236 ¹³
3158 5204 3315 5260 Joan.
3349 5218 3428 5263 ιιι,
3462 5201 3514 5254 8.

1924 5203 1961 5232 ¹¹
1993 5203 2132 5260 Psal.
2163 5222 2336 5271 xxxu,
2366 5206 2419 5260 6.

1369 5269 1409 5298 ³⁸
1435 5268 1567 5322 Luc.
1598 5285 1651 5332 ι,
1686 5269 1790 5334 22,
1835 5270 2022 5329 Matth.
2065 5293 2144 5341 ιι,
2178 5279 2268 5331 27.
2313 5309 2321 5316 -

2015 5433 2129 5507 (56)
2155 5432 2532 5507 Editinetmss
2562 5428 2857 5507 nonhpauci
2894 5425 3059 5507 εἰὲὼν
3087 5425 3189 5506 τοῦ.
3210 5425 3339 5477 Υἱοῦ
3366 5427 3518 5507 εἴρῃ-

1938 5497 2048 5571 ταί,
2083 5497 2252 5570 imago
2289 5501 2441 5556 Filii.
2469 5503 2647 5557 Cortex
2673 5500 2827 5554 Colb.
2863 5510 2916 5553 et
2941 5498 3074 5568 Reg.
3102 5497 3322 5566 quintus
3352 5497 3518 5552 εἰιιὼν

1937 5577 2031 5630 τοῦ
2064 5574 2197 5629 Θεοῦ
2230 5573 2467 5652 εἴρηται,
2501 5571 2816 5652 ιιιιιιέιοριξὶἶ
2944 5639 2955 5652 ι
3054 5637 3066 5652 ⁸

2009 5649 2122 5716 (57)
2159 5639 2299 5699 Editi
2336 5639 2493 5699 Οὕτω
2522 5639 2660 5718 γάρ.⁸
2689 5641 2853 5718 illud,
2891 5639 3020 5709 γάρ,
3054 5639 3262 5718 ἰιιιιιεε.
3309 5639 3481 5694 deest.

2012 5709 2119 5789 (58)
2149 5718 2280 5787 Reg.
2315 5709 2543 5785 quartus
2577 5709 3034 5793 06631;.éyvmxay.
3070 5709 3360 5793 Aliquanto
3397 5718 3519 5781 post

1941 5780 2044 5847 hoc
2074 5780 2187 5860 ipso
2213 5780 2266 5846 ἰῖι
2307 5780 2443 5845 libro
2472 5788 2667 5857 legitur
2696 5783 2850 5836 τοῦτο
2885 5780 3076 5849 ἐκείνῳ
3101 5781 3305 5850 ὅμοιον.
