4008 6524
422 363 532 421 755

1748 366 1805 420 S.
1852 362 2104 417 BASlLll‘
2137 364 2357 421 )IAGNI”

3595 369 3706 424 756

425 484 605 541 simile
638 497 656 537 :
692 492 746 541 et
781 483 909 539 illud
953 483 1092 538 idem
1122 483 1264 537 valet
1294 482 1438 552 quod
1480 483 1600 539 hoc.
1639 481 1807 537 Nobis
1837 486 1997 550 enim,

2133 492 2134 495 “
2176 486 2307 547 nec
2333 488 2744 555 ἀποκαλύψαι.
2776 486 2949 540 Τοῦτο
2983 487 3188 540 ἐκείνου
3225 489 3434 558 ὅμοιον,
3471 489 3707 542 κάκεῖνο

428 577 637 646 inquit,
666 578 904 631 reuelauit
957 576 1097 629 Deus
1142 592 1236 644 per
1276 574 1536 645 Spiritum
1577 593 1734 630 suum
1761 577 1827 631 ⁸⁷.
1878 575 2010 631 Vide

428 669 592 739 igitur
620 668 1073 736 quemadmodum
1116 667 1405 736 aliquando
1443 668 1657 738 quidem
1706 667 1867 722 Pater
1912 666 2007 722 Fi-

428 760 582 825 lium,
604 759 892 830 aliquando
916 773 1041 813 vero
1060 759 1229 814 Filius
1250 759 1459 816 Patrem
1481 760 1701 827 revelet,
1722 759 2009 830 aliquando

427 852 589 924 315
636 862 817 906 autem
863 850 1099 921 Spiritus
1149 851 1339 907 Filium
1378 862 1431 907 et
1474 852 1691 907 Patrem
1736 852 2006 907 similiter.

429 943 611 1009 Quare
650 950 760 996 tota
794 941 968 996 deitas
1009 941 1101 995 tibi
1133 942 1418 997 manifesta
1460 952 1583 1010 est;
1620 958 1761 997 nunc
1790 943 2007 1011 quidem

430 1032 487 1087 in
518 1031 697 1096 Patre,
725 1048 865 1087 nunc
903 1047 1032 1087 vero
1064 1033 1117 1086 in
1146 1032 1280 1087 Filio
1310 1042 1363 1087 et
1378 1032 1584 1104 Spiritu
1614 1033 1673 1087 [it
1700 1033 2005 1103 appellatio.

431 1122 500 1177 Et
535 1125 627 1179 tibi
662 1125 1021 1194 quaestionem
1057 1126 1432 1195 propheticam
1462 1126 1623 1180 solvit
1650 1137 1834 1195 aperte
1861 1126 2006 1196 Apo-

432 1215 620 1281 stolus,
645 1232 749 1271 nec
783 1217 913 1271 sinit
940 1225 997 1270 ut
1034 1232 1137 1269 una
1177 1230 1411 1285 persona
1444 1216 1784 1271 existimetur
1809 1218 2005 1284 deitas,

431 1316 648 1378 propter
666 1321 757 1361 eas
778 1321 941 1360 voces
973 1320 1092 1374 quae
1130 1306 1181 1360 id
1223 1306 1531 1376 signiﬁcare
1566 1316 1838 1376 putantur.
1870 1306 2006 1362 Nam

431 1411 485 1455 rt
511 1401 642 1469 ipse,
676 1399 885 1453 etiamsi
912 1397 1031 1452 Filii
1070 1412 1359 1467 personam
1404 1399 1599 1467 ubique
1635 1399 1779 1454 clare
1808 1400 2007 1467 praedi-

433 1501 520 1545 cet
546 1502 802 1559 tanquam
826 1491 1167 1554 creatricem,
1199 1499 1379 1544 tamen
1414 1492 1478 1543 ad
1514 1490 1688 1545 Patris
1716 1506 2005 1561 personam

435 1583 769 1639 creationem
802 1596 1013 1636 omnem
1048 1581 1282 1638 reduxit.
1317 1582 1398 1635 An
1424 1596 1529 1636 non
1562 1583 1674 1651 ipse
1702 1593 1783 1637 est
1808 1585 1900 1653 qui
1930 1584 2010 1636 di-

433 1674 511 1729 cit
540 1690 553 1725 :
593 1670 738 1726 Unus
768 1671 923 1737 Deus,
956 1671 1121 1724 Pater
1141 1709 1155 1734 ,
1188 1686 1251 1724 ex
1297 1688 1396 1739 quo
1438 1674 1635 1735 omnia,
1666 1684 1711 1724 et
1746 1691 1838 1725 nos
1869 1674 1927 1726 in
1950 1674 2010 1727 il-

436 1764 589 1826 lum;
622 1773 669 1815 et
726 1780 860 1816 unus
907 1762 1167 1815 Dominus
1214 1761 1366 1815 Iesus
1427 1760 1692 1825 Christus,
1715 1780 1806 1831 per
1856 1781 2007 1832 quem

436 1853 634 1918 omnia,
680 1864 728 1907 et
764 1870 855 1907 nos
890 1869 983 1919 per
1024 1854 1189 1920 ipsum
1213 1853 1308 1905 t3?
1353 1854 1422 1906 Et
1457 1869 1582 1907 cum
1644 1831 1899 1908 similiter
1925 1856 2011 1911 hic
2041 1831 2084 1885 Β

437 1962 603 2000 unum
651 1955 706 2001 et
752 1962 918 1999 unum
976 1945 1179 2012 liquido
1229 1946 1450 2010 dixerit,
1481 1956 1644 2013 atque
1682 1962 1775 2013 per
1815 1948 2008 2003 Filium

439 2035 555 2087 ﬁeri
585 2036 763 2088 omnia
793 2044 1022 2089 testatus
1050 2036 1138 2098 sit,
1174 2051 1339 2089 unum
1377 2050 1497 2089 esse
1527 2036 1593 2089 ad
1632 2035 1900 2092 Romanos
1925 2038 2009 2092 di-

439 2125 542 2188 xit,
573 2137 626 2179 et
655 2141 750 2192 per
788 2126 958 2192 ipsum
986 2128 1166 2179 omnia
1194 2127 1307 2180 lieri
1347 2124 1569 2184 addidit.
1612 2142 1719 2180 non
1743 2129 1913 2182 solum
1942 2145 2011 2184 ex

440 2216 577 2284 ipso.
606 2216 783 2281 Quare
812 2217 1043 2271 indicata
1080 2219 1132 2270 in
1163 2218 1420 2271 dualitate
1444 2216 1697 2284 dualitas,
1731 2230 1823 2273 aut
1848 2222 2009 2275 etiam

439 2307 656 2359 trinitas
698 2305 751 2360 in
786 2307 1044 2371 trinitate,
1071 2308 1291 2377 perinde
1340 2308 1395 2361 in
1433 2308 1624 2361 eodem
1651 2310 1910 2377 Apostolo
1929 2322 2013 2366 at-

439 2415 546 2471 que
579 2399 630 2454 in
659 2400 933 2468 prophetis
966 2411 1151 2467 aperte
1180 2401 1578 2466 testiﬁcabitur,
1620 2415 1714 2454 eos
1746 2417 1854 2455 non
1883 2404 2017 2459 dua-

441 2498 679 2562 litatem,
705 2498 812 2549 imo
850 2512 950 2550 nec
997 2496 1314 2549 Trinitatem
1357 2495 1567 2557 tollere,
1593 2510 1718 2549 cum
1756 2497 2015 2552 unitatem

442 2590 735 2658 praedicant
763 2604 775 2639 :
810 2588 902 2642 sed
936 2602 1048 2653 eos,
1081 2588 1295 2643 deitatis
1316 2586 1531 2657 cOgnita
1558 2587 1787 2655 unitate,
1819 2599 1929 2643 tres
1962 2590 2016 2643 in

443 2697 547 2736 una
572 2695 800 2751 persona
822 2681 1134 2751 praedicare.

517 2949 573 3003 4.
614 2946 682 3001 Et
708 2948 775 3001 ab
802 2947 952 3001 initio
981 2947 1195 3016 quidem
1237 2945 1290 3001 in
1324 2946 1508 3002 mundi
1542 2947 1817 3003 creatione
1847 2948 2017 3004 Deum

448 3042 518 3096 ad
535 3040 729 3096 Filium
762 3049 816 3095 et
840 3039 1101 3109 Spiritum
1139 3040 1375 3093 locutum
1404 3039 1573 3095 fuisse
1595 3048 1826 3105 constat,
1849 3056 2021 3111 quan-

451 3133 739 3199 doquidem
773 3132 920 3185 illum
956 3131 1131 3185 Moses
1176 3130 1387 3184 induxit
1426 3131 1583 3199 quasi
1624 3131 1797 3201 magis
1839 3132 2018 3186 homi—

452 3240 581 3277 num
628 3239 779 3278 more
827 3224 1217 3291 colloquentem
1269 3236 1333 3276 ac
1392 3221 1655 3278 dicentem
1690 3220 2022 3278 :Faciamus

454 3314 713 3367 hominem
739 3312 809 3365 ad
856 3311 1132 3379 imaginem
1160 3320 1208 3361 et
1255 3310 1654 3363 similitudinem
1687 3321 1918 3364 nostram
1957 3310 2021 3364 ³³.

452 3405 533 3460 Ad
560 3419 717 3473 quem
756 3403 897 3458 enim
935 3401 1085 3467 dicit,
1111 3400 1430 3464 Faciamus,
1473 3401 1576 3454 nisi
1608 3400 1677 3454 ad
1715 3402 1947 3455 Verbum
1973 3411 2027 3457 et.

456 3497 788 3566 unigenitum
818 3493 1044 3558 Filium,
1074 3508 1165 3561 per
1200 3508 1351 3564 quem
1405 3492 1582 3544 omnia
1634 3492 1775 3560 facta
1813 3503 1929 3545 sunt
1950 3494 2020 3559 ³ο,

457 3589 752 3642 secundum
775 3587 1181 3655 evangelistam,
1209 3594 1264 3639 et
1292 3584 1358 3638 ad
1387 3583 1667 3652 Spiritum,
1694 3586 1759 3637 de
1777 3599 1883 3651 quo
1901 3585 2034 3637 seri.

459 3690 609 3750 ptum
633 3690 738 3746 est,
769 3679 999 3748 Spiritus
1031 3679 1237 3732 divinus
1260 3717 1274 3741 ,
1299 3678 1390 3746 qui
1419 3676 1541 3744 fecit
1577 3692 1658 3729 me
1686 3677 1730 3706 ²¹
1759 3676 1781 3728 ?
1812 3675 1963 3743 Quod
1989 3675 2035 3731 si

463 3788 569 3825 non
608 3787 860 3839 expresse
889 3771 1020 3826 dicit
1061 3771 1126 3823 de
1170 3770 1368 3838 quibus
1392 3778 1486 3821 aut
1516 3768 1831 3836 quibuscum
1856 3769 2039 3839 loque-

464 3872 636 3926 retur,
668 3871 845 3913 tamcn
879 3875 998 3912 eum
1039 3876 1141 3913 non
1176 3862 1242 3913 de
1271 3876 1330 3915 se
1365 3858 1480 3913 solo
1522 3860 1665 3931 loqui
1702 3871 2035 3929 compertum

463 3956 555 4021 sit,
588 3969 708 4010 cum
739 3951 870 4007 dicit
899 3967 912 4004 :
940 3951 1074 4004 Ecce
1104 3952 1271 4003 Adam
1308 3952 1478 4018 factus
1510 3964 1582 4004 est
1620 3962 1676 4005 ut
1706 3970 1842 4007 unus
1876 3970 1902 4006 e
1943 3970 2037 4006 no—

467 4051 543 4102 bis
573 4050 639 4103 ³³.
676 4047 741 4100 Et
774 4060 984 4099 rursum
1013 4059 1025 4095 :
1060 4040 1252 4107 Venite,
1275 4044 1637 4097 descendentes
1659 4046 2040 4113 confundantur

465 4157 645 4194 eorum
674 4139 878 4207 linguas
906 4137 974 4201 ²³,
995 4137 1232 4191 utetiam
1266 4135 1427 4191 simul
1459 4134 1732 4190 numerari
1765 4150 1858 4189 eos
1885 4135 2045 4188 intel-

541 4234 581 4265 ¹¹¹
615 4232 633 4285 ι
662 4232 786 4286 Cor.
823 4246 881 4293 ιι,
912 4230 998 4285 10.
1105 4230 1148 4261 ³⁸
1175 4229 1337 4285 lCor.
1367 4247 1485 4299 vni,
1514 4233 1569 4287 6.

471 4304 515 4334 ’³
541 4303 675 4358 Gen.
708 4318 785 4364 χι,
819 4303 871 4355 7.

541 4393 654 4460 (59)
710 4392 847 4446 Editi
876 4393 1037 4444 Ὥστε
1088 4393 1121 4462 ἡ
1180 4390 1442 4462 σύμπασα
1476 4390 1668 4462 θεότης
1716 4392 1873 4461 δῆλός
1920 4412 2031 4448 σοι·

477 4465 604 4516 ποτὲ
645 4462 808 4533 μέν...

478 4531 758 4600 scriptum.
801 4531 1027 4587 Veteres
1071 4531 1303 4597 quatuor
1363 4532 1485 4586 libri
1520 4531 1683 4583 Ὥστε
1712 4533 1744 4599 ἡ
1779 4534 2041 4601 σύμπασα

478 4603 666 4673 θεότης
695 4602 987 4671 δηλώσει...
1024 4603 1151 4655 ποτὲ
1184 4602 1301 4673 μέν,
1329 4615 1430 4656 etc.
1466 4601 1566 4655 Alii
1599 4612 1704 4654 tres
1731 4604 2051 4673 ιιιεδηὭστε

479 4676 513 4741 ἠ
539 4672 797 4743 σύμπασα
820 4673 1007 4743 θεότης
1041 4675 1170 4725 ποτὲ
1203 4672 1320 4743 μέν,
1353 4685 1457 4725 etc.
1490 4672 1844 4726 Combclisius
1875 4672 2052 4740 legen-

480 4742 617 4797 dum
635 4753 786 4812 putat
814 4742 1063 4813 δηλώσει,
1103 4742 1484 4807 manifestabit.
1514 4743 1619 4797 Sed
1666 4759 1770 4796 non
1804 4743 2052 4813 animari-

482 4815 647 4869 vertit
698 4815 781 4867 vir
838 4812 1205 4874 (lectissimus,
1257 4813 1412 4874 fore,
1476 4822 1532 4865 ut
1598 4816 1822 4867 vcrbum
1875 4812 2048 4883 δηλώ-

488 4901 569 4937 σει
620 4900 747 4938 casu
778 4899 876 4939 suo
919 4894 1121 4938 careat.
1154 4884 1445 4949 Antiquam
1483 4884 1644 4951 igitur
1677 4893 2055 4951 receptamque

487 4955 799 5016 lectionem,
830 4969 948 5021 qum
972 4954 1224 5006 omnibus
1248 4954 1360 5005 suis
1403 4954 1641 5007 numeris
1672 4955 1913 5007 absMnta
1948 4964 2052 5016 est,

489 5027 722 5075 retinere
746 5025 927 5076 malui.
956 5023 1231 5085 Attamen,
1263 5033 1318 5075 ut
1356 5037 1540 5074 verum
1568 5024 1761 5079 falcar.
1792 5025 1959 5076 locavi
1991 5026 2055 5075 de

488 5108 608 5146 meo
635 5093 892 5160 virgulam
951 5106 1071 5160 post
1107 5110 1289 5147 vocem
1327 5092 1431 5155 σοί,
1471 5104 1844 5159 prasterenque
1870 5110 2053 5148 vocem

489 5162 831 5232 προσηγορία
884 5162 1001 5216 sine
1049 5165 1153 5217 iota
1191 5165 1499 5229 subscripto
1546 5165 1810 5217 edendam
1848 5166 2052 5217 curavi.

492 5236 668 5300 Atque
735 5243 967 5285 veterem
1023 5235 1342 5302 scripturam
1390 5234 1467 5286 sic
1509 5234 1825 5302 castigatam
1890 5235 2055 5301 recipi

494 5317 651 5371 posse
684 5311 835 5371 puto.
868 5301 939 5353 Ex
976 5301 1143 5357 libris
1160 5320 1319 5357 manu
1355 5304 1616 5368 exaratis,
1648 5301 1788 5372 quod
1828 5304 1880 5356 in
1925 5307 2056 5374 ipsis

494 5373 600 5453 iota
635 5374 995 5454 subscriptum
1026 5374 1197 5428 notari
1227 5390 1330 5429 non
1350 5373 1504 5438 solet,
1532 5374 1665 5429 lucis
1685 5376 1819 5428 nihil
1844 5373 2059 5428 mutua-

495 5457 540 5495 τι
564 5455 728 5509 ροιιιι.

570 5512 959 5587 (40)-νείετθςί
989 5515 1192 5587 aliquot
1240 5516 1359 5570 libri
1402 5514 1607 5583 Ἰησοῦς
1654 5515 1908 5587 Χριστός.
1943 5513 2060 5569 Vox

500 5582 735 5651 Χριστός
762 5586 815 5636 in
835 5586 992 5639 editis
1015 5586 1442 5640 desiderabatur.

572 5652 682 5727 (4i)
714 5655 851 5727 [illiti
884 5658 977 5709 καὶ
1005 5655 1097 5709 τὸν
1140 5656 1205 5709 δι’
1238 5654 1298 5710 οὗ
1326 5654 1504 5709 πάντα
1544 5654 1749 5727 γίνεται
1780 5672 2060 5727 μεμαρτυ-

502 5722 705 5795 ρηκιξις.
728 5724 946 5779 Veteres
968 5737 1197 5795 quatuor
1225 5728 1345 5781 libri
1376 5726 1471 5779 καὶ
1508 5722 1569 5779 τό
1590 5728 1655 5782 δι’
1684 5723 1742 5781 οὗ
1766 5722 1948 5779 πάντα
1979 5724 2062 5792 γί-

507 5791 689 5849 νεσθαι
724 5813 924 5857 uenae.
950 5791 1126 5854 Codex
1169 5799 1322 5855 Coll).
1367 5809 1423 5855 et
1454 5797 1539 5853 alii
1569 5800 1671 5856 duo
1702 5799 1849 5856 Rezii
1873 5799 1964 5852 καὶ
2000 5791 2065 5847 τὸ

2052 3184 2095 3242 C

1671 4231 1713 4264 ¹⁹
1749 4229 1882 4285 Gen.
1915 4247 1952 4298 ι,
1982 4230 2072 4289 26.

848 4462 1191 4533 προσηγορίᾳ
1217 4479 1229 4493 ο
1265 4464 1373 4533 ubi,
1394 4464 1734 4533 nolesivelim
1766 4468 1869 4515 iota
1905 4469 2037 4518 sub-
2065 4471 2115 4529 ι)

2107 576 2294 629 τούτου
2331 578 2670 645 ισοδύναμον.
2719 577 2892 645 Ἡμῖν
2924 577 3054 647 γὰρ,
3088 578 3271 639 φησὶν,
3309 582 3343 632 ὃ
3405 577 3559 643 Θεὸς
3586 577 3706 631 ἀσττ

2107 670 2377 732 εκάζίυῖέκς
2403 669 2499 722 διὰ
2520 669 2625 723 τοῦ
2648 670 2990 737 Πνεύματος
3014 670 3219 721 αὑτοῦ.
3236 672 3377 739 Ὅρα
3399 668 3703 740 τοιγαροῦν

2108 761 2224 823 πῶς
2268 761 2399 813 ποτὲ
2446 760 2543 829 μὲν
2584 759 2774 831 Πατὴρ
2810 759 2936 813 Υἱδν
2993 759 3401 821 ἀποκαλύπτει,
3462 760 3597 812 ποτὲ
3639 758 3705 812 δὲ

2107 851 2234 915 Υἱὸς
2264 853 2501 925 Πατέρα,
2534 853 2663 905 ποτὲ
2705 850 2763 903 δὲ
2813 851 2871 903 τὸ
2916 851 3142 920 Πνεῦμα
3169 850 3298 903 Υἱδν
3332 851 3428 903 καὶ
3468 850 3703 921 Πατέρα

2108 942 2384 1006 ὡσαύτως.
2419 943 2579 994 Ὥστε
2612 945 2645 1013 ὴ
2678 942 2940 1012 σύμπασα
2982 941 3171 1011 θεότης
3209 940 3369 1010 δῆλός
3417 957 3503 993 σοι
3552 942 3698 1007 (39),

2110 1031 2239 1082 ποτὲ
2286 1031 2382 1099 μὲν
2423 1032 2480 1082 ἐν
2528 1031 2735 1101 Ila-cpi,
2773 1030 2903 1082 ποτὲ
2940 1029 2997 1081 δὲ
3036 1030 3094 1082 ὲν
3138 1027 3251 1099 ne.
3282 1028 3376 1082 καὶ
3411 1030 3701 1097 Πνεύματι

2111 1121 2449 1193 προσηγορία
2496 1122 2729 1190 γίνεται.
2788 1121 2900 1174 Καὶ
2952 1121 3035 1172 σοὶ
3083 1120 3199 1173 λύει
3242 1121 3302 1174 τὸ
3352 1120 3702 1190 προφητικὸν

2111 1214 2325 1284 ζήτημα
2362 1214 2543 1283 σαφῶς
2577 1216 2605 1267 ὁ
2644 1212 2989 1275 Ἀπόστολος,
3020 1212 3114 1265 καὶ
3152 1213 3251 1265 οὐκ
3290 1214 3358 1283 ἐᾷ
3385 1213 3700 1283 πρόσωπον

2110 1305 2167 1358 ἓν
2197 1305 2483 1358 ὑπολαϐεῖν
2522 1306 2622 1376 τὴν
2652 1306 2881 1377 θεότητα
2915 1304 3004 1357 διὰ
3039 1304 3135 1367 τὰς
3177 1305 3333 1357 τοῦτο
3373 1304 3574 1375 δηλοῦν
3608 1321 3701 1355 νο-

2114 1396 2410 1467 μιζομένας
2450 1399 2651 1465 φωνάς.
2698 1397 2853 1449 Ἐπεὶ
2897 1398 2987 1448 καὶ
3025 1396 3217 1459 αὐτὸς,
3270 1396 3450 1449 καίτοι
3492 1394 3557 1448 τὸ
3602 1396 3699 1447 τοῦ

2113 1488 2246 1540 Υἰοῦ
2290 1490 2578 1558 πρόσωπον
2618 1489 2806 1558 σαφῶς
2848 1488 3121 1557 πανταχοῦ
3153 1492 3438 1557 κηρύττων
3480 1488 3557 1546 ὡς
3598 1488 3699 1554 δη-

2116 1580 2456 1648 μιουργικὸν,
2509 1581 2658 1650 ὅμως
2702 1582 2781 1643 εἰς
2816 1580 2875 1632 τὸ
2905 1579 2998 1632 τοῦ
3038 1579 3251 1649 Πατρὸς
3285 1584 3579 1649 πρόσωπον
3612 1597 3701 1632 α’·-

2110 1682 2284 1741 ηγαγε
2342 1672 2440 1742 τὴν
2493 1673 2672 1725 πᾶσαν
2725 1671 3104 1742 δημιουργίαν.
3146 1673 3217 1724 Ἢ
3245 1670 3351 1740 γὰρ
3378 1674 3479 1725 οὐκ
3532 1673 3703 1735 αύτὸς

2110 1767 2255 1818 ἐστιν
2286 1767 2313 1815 ὁ
2345 1764 2517 1831 λέγων
2541 1782 2554 1794 ο
2592 1760 2695 1830 Εἷς
2733 1765 2897 1831 Θεὸς,
2943 1768 2975 1817 ὁ
3004 1762 3226 1829 Πατὴρ,
3256 1763 3325 1826 ἐξ
3354 1760 3425 1819 οὗ
3453 1764 3525 1817 τὰ
3546 1764 3703 1815 πάν-

2118 1874 2209 1921 τα,
2241 1857 2339 1910 καὶ
2374 1858 2543 1927 ἡμεῖς
2581 1862 2669 1925 εὶς
2694 1859 2880 1913 αὐτόν
2904 1877 2918 1890 ·
2965 1857 3065 1911 καὶ
3093 1852 3181 1921 εἷς
3209 1857 3419 1924 Κύριος
3463 1855 3703 1924 Ἰησοῦς

2117 1949 2370 2019 Χριστὸς
2395 1948 2528 2016 (40),
2568 1949 2639 2001 δι’
2666 1944 2737 2005 οὗ
2776 1950 2848 2003 τὰ
2876 1948 3090 2014 πάντα,
3125 1944 3225 1999 καὶ
3274 1946 3446 2013 ἡμεῖς
3479 1945 3554 1998 δι’
3593 1950 3705 1999 αὑ-

2118 2041 2261 2103 τοῦ;
2286 2041 2396 2093 Καὶ
2419 2039 2618 2109 ὁμοίως
2640 2040 2873 2094 ἐνταῦθα
2896 2040 2987 2094 τδν
3014 2040 3109 2113 ’ένα
3142 2036 3235 2091 καὶ
3266 2036 3355 2089 τὸν
3385 2036 3481 2089 ἕνα
3511 2038 3705 2105 σαφῶς

2119 2132 2373 2205 εἰρηκὼς,
2424 2133 2517 2185 καὶ
2549 2133 2611 2184 τὸ
2649 2133 2713 2184 δι’
2748 2132 2877 2185 Υἰοῦ
2910 2132 3091 2185 πάντα
3132 2129 3377 2200 γίνεσθαι
3412 2147 3706 2201 μεμαρτυ-

2121 2224 2303 2296 ρηκὼς
2350 2224 2483 2295 (41),
2537 2223 2634 2275 ἕνα
2662 2223 2797 2295 πρὸς
2831 2224 3138 2294 Ῥωμαίους
3170 2222 3381 2295 εἴρηκε,
3409 2225 3505 2276 καὶ
3530 2224 3593 2276 τὸ
3633 2221 3706 2277 δι’

2119 2316 2283 2369 αὐτοῦ
2314 2316 2559 2383 γίνεσθαι
2592 2316 2769 2368 πάντα
2822 2316 3229 2387 προστέθεικεν,
3260 2315 3320 2368 ού
3365 2314 3527 2386 μῶθον
3553 2314 3619 2367 τὸ
3642 2314 3707 2379 ἐξ

2120 2408 2305 2462 αὐτοῦ.
2325 2409 2489 2460 Ὥστε
2516 2414 2547 2478 η
2571 2406 2702 2468 δυὰς
2733 2408 2788 2459 ὲν
2815 2407 2963 2461 δυάδι
2980 2406 3343 2475 δεδηλωμένη,
3372 2404 3404 2475 ἢ
3430 2405 3708 2474 καὶτριὰς

2122 2501 2179 2553 ἐν
2226 2500 2426 2570 τριάδι,
2471 2496 2733 2561 ὡσαύτως
2772 2498 2829 2549 ὲν
2862 2497 2940 2569 τῷ
2980 2498 3129 2567 αὐτῷ
3167 2495 3473 2558 Ἀποστόλῳ
3514 2494 3709 2561 σαφῶς

2128 2592 2460 2663 μαρτυρήσει
2476 2592 2568 2645 καὶ
2596 2593 2707 2654 τοῖς
2730 2593 3056 2663 προφήταις,
3073 2591 3155 2644 ὅτι
3174 2590 3248 2661 μὴ
3271 2588 3385 2662 (42)
3411 2588 3508 2660 τὴν
3534 2588 3712 2643 δυάδα.

2124 2680 2402 2751 ἀναιροῦσι
2422 2699 2435 2711 ο
2470 2682 2667 2751 μᾶλλον
2693 2682 2750 2735 δὲ
2783 2682 2988 2754 Τριάδα
3017 2683 3116 2755 τὴν
3136 2682 3340 2752 μονάδα
3393 2679 3710 2751 κηρύσσον-

2124 2792 2237 2839 τες,
2272 2773 2387 2827 ἀλλ’
2426 2774 2653 2842 ἑνότητα
2686 2775 2940 2844 θεότητος
2966 2776 3186 2839 ειδότες,
3221 2777 3278 2827 ὲν
3308 2775 3391 2826 ἐνὶ
3418 2772 3710 2844 προσώπῳ

2123 2867 2192 2922 τὰ
2220 2867 2346 2939 τρία
2374 2864 2728 2937 κηρύσσουσι.

2195 2959 2249 3014 4.
2276 2959 2386 3012 Καὶ
2408 2958 2501 3012 ἀπ’
2532 2956 2706 3029 ἀρχῆς
2746 2955 2848 3023 μὲν
2875 2953 3018 3009 κατὰ
3044 2954 3145 3024 τὴν
3170 2952 3533 3023 κοσμοποιίαν
3565 2952 3711 3023 πρὸς

2126 3048 2217 3101 τὸν
2239 3049 2366 3101 Υἰὸν
2402 3050 2494 3102 καὶ
2548 3049 2609 3101 τὸ
2648 3048 2873 3119 Πνεῦμα
2897 3046 3275 3118 διαλεγόμενος
3308 3044 3464 3116 δῆλός
3494 3046 3645 3097 ἐστιν
3679 3045 3712 3094 ό

2128 3140 2281 3201 Θεὸς,
2314 3139 2390 3201 ὡς
2437 3139 2914 3211 ἁνθρωπικωτέρῳ
2946 3138 3103 3208 τύπῳ
3142 3136 3491 3207 παρέστησεν
3526 3135 3643 3203 (45)
3679 3136 3711 3185 ό

2130 3231 2336 3301 Μωσῆς
2363 3230 2747 3301 διαλεγόμενον
2784 3232 2945 3283 αὐτὸν
2970 3230 3065 3283 καὶ
3099 3230 3402 3298 φάσκοντα·
3434 3226 3714 3295 Ποιήσω-

2121 3343 2238 3397 μεν
2295 3324 2611 3391 ἄνθρωπον
2660 3321 2786 3375 κατ’
2832 3322 3036 3374 εἰκόνα
3086 3319 3379 3389 ἡμετέραν
3429 3317 3530 3372 καὶ
3572 3318 3711 3371 καθ’

2127 3419 2436 3488 ὁμοίωσιν.
2465 3414 2583 3469 Τίνι
2596 3413 2704 3484 γὰρ
2720 3412 2871 3480 λέγει
2904 3412 2984 3475 τὸ,
3017 3411 3409 3483 Ποιήσωμεν,ἢ
3439 3409 3519 3480 τῷ
3548 3410 3713 3479 Λόγῳ

2130 3511 2224 3564 καὶ
2261 3512 2539 3581 μονογενεῖ
2566 3507 2701 3577 Υἱῷ,
2735 3506 2811 3559 δι’
2844 3500 2915 3560 οὗ
2944 3504 3016 3557 τὰ
3061 3505 3256 3559 πάντα
3282 3505 3539 3575 ἐγένετο,
3568 3502 3715 3556 κατὰ

2129 3602 2221 3654 τὸν
2247 3598 2658 3671 εύαγγελιστὴν,
2689 3595 2883 3668 καὶτῷ
2916 3594 3193 3663 Πνεύματι
3210 3635 3225 3660 ,
3261 3597 3389 3665 περὶ
3416 3588 3477 3649 οὗ
3502 3594 3715 3663 γέγρα-

2133 3706 2284 3750 πται,
2319 3691 2562 3761 Πνεῦμα
2577 3689 2742 3744 θεῖον
2761 3687 2829 3742 τὸ
2857 3684 3127 3753 ποιῆσάν
3150 3701 3255 3753 ps;
3289 3686 3352 3737 Εἰ
3393 3685 3450 3737 δὲ
3488 3685 3585 3738 καὶ
3637 3682 3716 3753 μὴ

2134 3779 2315 3851 ῥητῶς
2329 3780 2476 3851 λέγει
2495 3784 2607 3853 (44)
2633 3782 2763 3854 περὶ
2786 3778 3016 3849 τίνων,ἢ
3044 3775 3181 3849 πρὸς
3203 3776 3354 3840 τίνας
3374 3776 3713 3843 διαλέγεται,

2132 3873 2284 3944 ὅμως
2310 3873 2392 3925 ὅτι
2426 3873 2499 3944 μὴ
2520 3876 2647 3946 περὶ
2671 3871 2863 3927 ἑαυτοῦ
2892 3871 3052 3943 μόνου
3080 3867 3227 3937 λέγει
3252 3865 3411 3935 δῆλόν
3438 3867 3610 3928 ἐστιν,
3626 3868 3717 3917 ὅτε

2137 3963 2329 4033 φησιν’
2376 3964 2529 4018 Ἰδοὺ
2568 3964 2741 4033 Ἀδὰμ
2766 3965 3015 4034 γέγονεν
3042 3962 3122 4027 ὡς
3143 3955 3231 4026 εἷς
3261 3956 3328 4022 ἐξ
3366 3954 3538 4026 ἡμῶν
3560 3972 3575 3986 ·
3624 3957 3720 4008 καὶ

2137 4053 2299 4107 πάλιν
2322 4071 2336 4086 ⁸
2370 4058 2569 4119 Δεῦτε,
2604 4054 2968 4121 καταϐάντες
2993 4054 3344 4122 συγχέωμεν
3380 4046 3582 4103 αὐτῶν
3610 4047 3721 4111 τὰς

2142 4143 2422 4213 γλώττας,
2479 4150 2567 4201 ἵνα
2613 4148 2709 4201 καὶ
2743 4146 3277 4216 συναριθμουμένους
3319 4144 3543 4213 νοήσῃς.
3578 4139 3719 4192 Οὔτε

2168 4241 2211 4271 ²⁰
2249 4240 2404 4297 Joan.
2438 4259 2478 4305 ι,
2508 4243 2562 4296 5.
2676 4244 2717 4272 ³³
2745 4238 2844 4294 Job
2873 4257 3071 4304 xxxnt,
3098 4240 3151 4292 ιι.
3255 4241 3298 4269 ²²
3329 4238 3466 4290 Gen.
3512 4252 3593 4297 ιιι,
3625 4234 3720 4297 2‘3,

2146 4398 2211 4450 δι’
2239 4393 2368 4448 Υἱοῦ
2401 4393 2578 4465 πάντα
2610 4392 2853 4465 γίνεσθαι
2879 4388 3347 4465 μεμαρτυρηκώς,Δ
3366 4387 3523 4442 bene.

2214 4466 2324 4537 (42)
2359 4465 2506 4527 Illud,
2532 4461 2749 4537 ὅτιμή.
2794 4461 2925 4519 etei.
2955 4461 3295 4537 sic'vertcrat
3327 4461 3606 4537 interpres
3633 4472 3723 4537 re-

2154 4548 2259 4600 tus,
2295 4528 2431 4606 quod
2484 4551 2585 4587 non
2617 4528 3081 4606 d'unlitatem,‘imo
3112 4549 3202 4606 nec
3238 4530 3561 4606 .Trinitatem
3621 4528 3725 4578 tol-

2154 4600 2316 4669 lunt,'
2339 4608 2462 4659 dum
2499 4607 2755 4658 unitatem
2799 4604 3107 4671 prrrdicant.
3142 4601 3251 4671 Sed
3286 4600 3727 4671 _lia2c_interprc-

2156 4668 2285 4730 latio
2328 4692 2431 4728 non
2455 4675 2650 4744 placuit
2676 4668 3020 4744 Combeiisio,
3063 4670 3150 4744 qui
3191 4669 3368 4744 potius
3395 4668 3475 4719 sic
3505 4677 3725 4744 verten-

2153 4748 2277 4799 dum
2334 4735 2583 4811 puta-vit:
2632 4744 2815 4796 Palam
2864 4735 3162 4814 testimonio
3193 4735 3321 4814 erit.
3362 4752 3483 4787 num
3538 4735 3727 4814 tollere

2152 4834 2237 4870 eos
2294 4809 2626 4872 dualitatem,
2660 4817 2784 4882 quin
2837 4813 3011 4879 potius
3072 4809 3416 4882 Trinitatem,
3457 4809 3729 4882 unitatem

2153 4886 2464 4951 pra'dicare.
2495 4885 2565 4935 At
2604 4877 2734 4952 pace
2759 4877 2856 4938 viri
2881 4878 3179 4937 doctissimi
3204 4878 3429 4932 dixerim
3444 4877 3728 4952 interpre-

2158 4968 2262 5010 ιυιιι
2292 4965 2530 5009 veterem
2563 4949 2847 5009 verbomtn
2882 4953 3191 5009 ΟΓΞΕΟΙἸΙΠ]
3220 4949 3549 5002 sententiam
3612 4962 3726 4998 non

2157 5028 2295 5080 male
2326 5026 2675 5089 expressisse.
2708 5024 2875 5079 Nemo
2909 5026 3052 5078 enim
3092 5034 3194 5074 non
3242 5019 3390 5071 videt
3447 5017 3557 5067 vim
3607 5030 3735 5089 ver-

2157 5098 2345 5169 borum
2378 5085 2428 5146 in
2461 5094 2630 5163 ellipsi
2663 5097 2891 5169 positam
2920 5104 3265 5169 esse_lotunt,
3292 5096 3588 5169 caquet‘ljt
3639 5085 3727 5169 ίιες

2159 5165 2490 5235 telligautur,
2524 5153 2762 5219 consirui
2814 5166 2916 5219 hoc
2946 5165 3103 5217 modo
3142 5163 3338 5235 debere
3371 5153 3392 5213 ἶ
3434 5154 3636 5235 μᾷλλον
3671 5153 3731 5206 δὲ

2161 5226 2524 5307 μίαρὲυρὴςεὶ,
2561 5238 2641 5289 ὅτι
2683 5236 2756 5305 μὴ
2786 5230 3331 5307 νΤριάδα-ἁριαιροῦσιν
3362 5226 3731 5307 κηρύσσοντες

2157 5296 2254 5377 τὴν
2296 5296 2520 5375 μονάδα,
2548 5296 2701 5373 atque
2725 5296 2854 5358 (ideo
2888 5322 2949 5377 ne
2976 5296 3282 5356 Trinitatem
3312 5302 3521 5367 quidem
3547 5296 3731 5349 tollere

2159 5376 2291 5434 tum.
2316 5393 2432 5428 cum
2461 5378 2706 5429 unitatem
2741 5376 3051 5439 prwdicant.

2232 5446 2341 5517 (45)
2378 5446 2512 5499 Editi
2537 5456 2591 5499 et
2614 5438 2818 5513 aliquot
2840 5460 2971 5517 mss.
3000 5444 3157 5517 τύπῳ
3190 5438 3583 5517 παρέσπειρεν,
3623 5448 3730 5517 non

2162 5510 2334 5571 recte'
2373 5532 2388 5569 :
2447 5526 2501 5568 at
2546 5510 2830 5569 emendate
2870 5516 3066 5585 legitur
3112 5510 3164 5567 in
3230 5510 3413 5580 Regiis
3458 5510 3633 5578 primo
3677 5514 3732 5557 et

2163 5599 2354 5658 quarto
2374 5587 2536 5658 τύπῳ
2560 5585 2920 5658 παρέστησενᾷ.

2236 5656 2347 5726 (44)
2374 5655 2429 5711 ln
2454 5648 2650 5727 majori
2676 5648 2829 5725 parte
2856 5656 3110 5727 librorum
3141 5651 3485 5722 antiquorum
3515 5664 3613 5720 pro
3635 5648 3731 5705 λέ-

2166 5723 2253 5793 γει
2279 5723 2551 5797 scriptum
2578 5723 2883 5782 invenimus
2908 5723 3198 5795 δεδήλωκε.
