4008 6458
232 415 344 467 7327

1335 418 1706 473 ADVERSUS
1747 421 2112 481 EUNOMlL'M
2152 428 2279 481 LIB.
2319 428 2384 479 Υ.

230 531 348 596 γὰρ
382 528 461 587 εἰς
515 528 781 596 ἰσοτιμίαν
829 525 1091 592 ἀγγέλους
1119 528 1227 597 (45)
1270 530 1523 594 συντάξαι
1558 535 1810 604 τολμήσει

1921 537 2073 606 ligas.
2133 543 2320 611 Neque
2369 541 2514 594 enim
2567 541 2789 610 angelos
2831 545 3050 598 audebit
3111 545 3412 614 quisquam-
3443 549 3499 600 in

232 634 322 679 τις
347 615 426 687 τῷ
452 615 763 687 δημιουργεῖ)
791 614 884 665 καὶ
910 618 1172 688 Δεσπότῃ,
1208 616 1330 669 οὔτε
1360 620 1478 688 Θεῷ
1512 622 1620 691 (46)
1658 624 1816 677 πάλιν

234 708 298 759 ἓν
338 710 626 780 πρόςωπον
663 702 771 758 οἷόν
800 724 857 758 τε
880 714 1043 773 νοεῖν,
1075 712 1153 779 τῷ
1182 708 1436 777 λέγεσθαι
1457 729 1468 741 ·
1515 714 1607 780 Ὡς
1635 713 1723 783 εἷς
1746 718 1815 782 ἐξ

233 802 441 869 ἡμῶν
468 803 581 861 καὶ,
609 799 805 858 Δεῦτε,
836 802 1198 865 καταϐάντες
1231 803 1601 873 συγχέωμεν.
1637 809 1815 881 Ἐναρ-

233 895 335 960 γὲς
361 894 416 945 δὲ
452 892 544 944 καὶ
575 891 637 943 τὸ
664 894 790 963 περὶ
827 894 926 962 τῆς
966 895 1347 965 καταστροφῆς
1381 894 1631 965 Σοδόμων
1659 898 1812 967 λεγό-

239 1003 402 1055 μενον
425 1000 438 1014 ο
469 985 530 1036 τό
579 1003 635 1038 τε
670 986 805 1054 (47),
842 985 1086 1051 Ἕϐρεξε
1139 985 1353 1056 Κύριος
1380 987 1541 1040 θεῖον
1564 992 1662 1044 καὶ
1696 995 1814 1062 πῦρ

233 1079 398 1145 παρὰ
430 1076 652 1145 Κύριοι)
683 1081 751 1131 ἐκ
780 1080 885 1131 τοῦ
924 1078 1215 1145 οὐρανοῦ·
1248 1081 1340 1133 καὶ
1372 1080 1432 1132 τὸ
1458 1081 1515 1134 ἐν
1540 1085 1652 1145 τοῖς
1682 1102 1813 1155 προ-

233 1173 436 1241 φήταις
474 1171 872 1241 παραπλησίως
938 1170 1147 1236 τούτοις
1200 1172 1489 1244 εἰρημένον
1532 1176 1596 1227 ἐκ
1644 1192 1814 1246 προσ-

231 1263 387 1316 ώπου
402 1265 495 1317 τοῦ
517 1262 669 1316 Θεοῦ·
691 1262 1076 1330 Καί-ἐστρεψα
1099 1267 1337 1328 αὐτους,
1371 1265 1552 1333 φησὶν,
1578 1266 1657 1332 ὠς
1678 1284 1813 1320 κατ-

230 1350 532 1423 έστρεψεν
559 1356 590 1404 ό
617 1352 761 1417 Θεὸς
796 1354 1028 1422 Σόδομα
1089 1354 1189 1407 καὶ
1222 1354 1517 1422 Γόμορῤα.
1548 1356 1658 1409 Καὶ
1701 1358 1815 1409 ἐτέ-

234 1464 348 1515 pm;
365 1443 939 1516 φιλανθρωπευόμενος
970 1446 1116 1515 λέγει
1153 1449 1181 1500 6
1204 1446 1357 1509 Θεὸς
1386 1444 1567 1499 Σώσω
1593 1450 1804 1515 αὐτοὺς

228 1539 304 1591 ἐν
335 1536 528 1601 Κυρίῳ
557 1535 635 1599 τῷ
670 1535 791 1600 Θεῷ
821 1535 1050 1588 αὐτῶν·
1092 1538 1227 1609 ὅπερ
1284 1537 1385 1590 οὐκ
1438 1537 1659 1590 ἀπέοικε
1714 1541 1814 1610 τῆς

230 1624 595 1692 ἀποπολικῆς
623 1624 822 1687 λέξεως
851 1624 949 1691 τῆς
979 1624 1271 1695 λεγούσης·
1301 1625 1427 1691 Δὼιι
1448 1623 1606 1689 αὐτῷ
1637 1630 1669 1677 '5
1695 1629 1812 1681 ὧδ’·

224 1738 359 1787 ριος
385 1717 495 1788 (48)
515 1716 712 1783 εὑρεῖν
735 1716 905 1779 ἕλεος
947 1716 1106 1781 παρὰ
1134 1719 1355 1785 Κυρίου
1397 1717 1467 1767 ἐν
1495 1716 1697 1787 ἐκείνῃ
1734 1720 1812 1789 τῇ

229 1812 448 1882 ἡμέρᾳ,
492 1812 556 1865 Τί
591 1811 648 1863 δὲ
686 1814 715 1863 6
744 1808 1047 1879 Ζοροϐάϐελ.
1071 1809 1164 1862 καὶ
1198 1808 1350 1881 ἡτοῦ
1392 1809 1692 1878 Ζοροϐάϐελ
1727 1830 1812 1865 σο-

1918 632 2107 698 aequali
2140 635 2341 689 honore
2382 648 2502 686 cum
2561 644 2811 689 creatore
2844 644 2897 688 et
2930 636 3155 691 Domino
3190 636 3493 693 collocare:

1918 736 2091 788 neque
2122 739 2305 781 rursus
2337 726 2449 780 tieri
2497 736 2673 793 potest
2703 735 2761 779 ut
2790 726 2841 780 in
2874 726 2985 780 Deo
3008 742 3111 781 una
3147 743 3374 797 persona
3412 729 3496 781 in-

1918 813 2207 882 telligatur,
2234 831 2351 872 eum
2380 819 2593 873 dicatur
2628 835 2641 869 :
2679 816 2749 872 Ut
2770 834 2907 871 unus
2935 835 2962 870 e
2992 819 3157 885 nobis,
3188 827 3262 883 et,
3293 820 3495 885 Venite,

1916 908 2280 964 descendentes
2342 911 2746 981 confundumns.
2798 910 3103 977 Quinetiam
3160 911 3364 964 clarum
3414 920 3498 966 est

1916 999 2058 1067 quod
2093 999 2159 1050 de
2192 997 2545 1055 Sodomorum
2572 998 2854 1056 eversione
2888 1001 3109 1064 dicitur,
3136 1000 3264 1054 illud
3301 1002 3492 1055 videli-

1916 1102 2039 1145 cet:
2074 1076 2223 1141 t‘luit
2266 1088 2519 1145 Dominus
2566 1090 2789 1159 sulphur
2814 1101 2861 1145 et
2907 1092 3077 1161 ignem
3109 1108 3139 1143 a
3173 1089 3397 1143 Domino
3430 1093 3492 1144 de

1916 1182 2040 1235 caelo
2066 1182 2135 1246 “,
2166 1190 2220 1235 et
2261 1179 2383 1242 hoc,
2422 1183 2560 1246 quod
2614 1184 2665 1235 in
2718 1182 2992 1252 prophetis
3043 1180 3292 1234 similiter
3344 1180 3429 1233 his
3463 1195 3495 1233 e

1915 1286 2141 1339 persona
2199 1272 2290 1325 Dei
2333 1270 2533 1324 dictum
2572 1284 2693 1327 est:
2737 1273 2911 1325 Everti
2954 1289 3078 1332 eos,
3127 1271 3325 1338 inquit,
3360 1272 3493 1322 sicut

1915 1364 2058 1418 Deus
2084 1368 2260 1419 evertit
2296 1363 2586 1419 Sodomam
2612 1377 2657 1416 et
2683 1364 3030 1420 Gomorrltam
3048 1368 3113 1420 ³⁸.
3147 1365 3213 1419 Ει
3240 1363 3365 1416 alibi
3387 1362 3494 1416 cle-

1916 1455 2151 1510 manlius
2179 1458 2309 1511 dicit
2333 1458 2471 1511 Deus
2497 1471 2511 1509 :
2534 1454 2753 1509 Salvabo
2771 1476 2855 1511 eos
2877 1458 2931 1510 in
2954 1455 3170 1511 Domino
3197 1458 3303 1512 Deo
3323 1459 3487 1521 suo“;

1920 1546 1974 1599 id
2003 1547 2144 1614 quod
2198 1553 2264 1601 ab
2298 1548 2591 1617 apostolica
2629 1548 2861 1602 dictione
2895 1548 3036 1602 haud
3082 1546 3352 1617 dissentit,
3381 1567 3490 1622 qua

1917 1636 2111 1689 dicitur
2141 1652 2151 1684 :
2195 1636 2356 1708 316
2394 1639 2487 1691 Det
2515 1638 2563 1690 ei
2607 1637 2891 1699 Dominus,
2926 1647 2984 1690 ut
3024 1638 3250 1690 inveniat
3282 1642 3489 1694 miseri—

1916 1731 2148 1781 cordiam
2186 1730 2242 1780 in
2277 1732 2359 1782 die
2390 1730 2479 1782 illo
2526 1730 2592 1782 ⁸⁷.
2625 1728 2764 1793 Quid
2797 1742 2923 1780 vero
2946 1727 3264 1791 Zorobabel,
3293 1741 3346 1780 et
3392 1748 3482 1784 sa-

1914 1821 2118 1889 pientia
2166 1820 2333 1888 ipsius
2364 1820 2386 1872 τ
2417 1821 2551 1874 Num
2604 1819 2934 1873 subobscure
2973 1830 3026 1873 et
3073 1834 3179 1872 non
3207 1818 3351 1873 clare
3385 1822 3483 1877 tibi

231 1906 332 1975 φέα
358 1920 372 1967 ;
401 1901 545 1975 τΑρά
575 1922 657 1957 σοι
688 1904 921 1973 μετρίως
942 1902 1035 1954 καὶ
1058 1904 1116 1955 οὐ
1144 1902 1331 1971 σαφῶς
1356 1901 1466 1971 (49)
1485 1904 1810 1973 παριστάναι

1915 1914 2126 1968 videtur
2154 1911 2481 1981 hypostasim
2510 1927 2572 1965 ac
2599 1912 2759 1965 vitam
2787 1909 3025 1963 veritatis
3058 1910 3317 1974 iudicare,
3351 1927 3472 1965 cum

227 1998 382 2051 δοκεί
411 1996 508 2066 τὴν
545 1997 842 2049 ὑπόστασιν
891 1994 984 2046 καὶ
1036 1992 1179 2066 ζωὴν
1231 1994 1331 2064 τῆς
1376 1993 1664 2064 ἀληθείας,
1723 1997 1812 2050 ὅτε

227 2085 367 2157 φησί
391 2103 404 2115 ·
441 2085 615 2140 Πᾶσα
634 2086 670 2151 ἡ
694 2081 767 2151 γῆ
792 2082 904 2151 τὴν
927 2085 1218 2153 ἀλήθειαν
1243 2086 1433 2149 καλεῖ,
1465 2085 1564 2138 καὶ
1589 2089 1621 2138 ὁ
1641 2088 1812 2153 οὐρα-

225 2178 341 2242 νὸς
362 2176 557 2245 αὐτὴν
576 2175 831 2243 εὐλογεῖ,
856 2177 951 2228 καὶ
979 2174 1175 2228 πάντα
1206 2176 1277 2228 τὰ
1306 2178 1448 2244 ἔργα
1470 2179 1695 2231 σείεται
1714 2178 1811 2232 καὶ

226 2271 463 2340 τρέμεις
504 2272 600 2334 Τίς
632 2270 746 2339 est;
780 2268 1027 2338 ἀλήθεια,
1074 2267 1107 2335 ἢ
1150 2268 1179 2317 ὁ
1225 2267 1319 2319 τοῦ
1350 2268 1482 2321 Θεοῦ
1516 2272 1686 2341 Λόγος
1717 2275 1811 2325 καὶ

226 2365 381 2427 Υἱδς,
402 2363 467 2415 δι’
495 2358 555 2415 οῦ
578 2363 647 2415 τὰ
676 2362 879 2425 trima;
908 2360 1055 2427 Ἐγὼ
1082 2360 1191 2430 γάρ
1212 2364 1349 2430 εἰμι,
1370 2362 1555 2431 φησὶν,
1586 2366 1622 2431 ή
1649 2365 1807 2431 ὁδὸς,

227 2456 334 2508 καὶ
364 2458 402 2523 ἡ
442 2454 712 2523 ἀλήθεια,
756 2453 854 2505 καὶ
894 2453 931 2521 ἡ
962 2452 1093 2520 ζωή.
1142 2454 1392 2525 Ἀλήθεια
1427 2454 1485 2506 δὲ
1514 2456 1614 2508 οῦκ
1640 2456 1806 2521 ἔστιν,

225 2549 279 2599 εἰ
317 2548 389 2618 μὴ
426 2548 459 2616 ἡ
491 2548 555 2598 ἐκ
584 2548 695 2615 (50)
728 2545 823 2598 τοῦ
864 2544 1118 2616 ἀληθινοῦ
1154 2547 1396 2615 φυσικῶς
1426 2548 1517 2600 καὶ
1543 2548 1726 2612 ἁῖδίως
1752 2550 1810 2615 ἐξ

226 2639 399 2692 αὑτοῦ
430 2640 773 2709 γεννηθεῖσα.
804 2638 895 2690 Διὸ
933 2639 1181 2709 ἐπιφέρει
1220 2638 1425 2708 λέγων’
1468 2641 1811 2712 Εὐλογητὸς

228 2734 264 2783 ὁ
298 2731 444 2797 Θεὸς
470 2728 575 2797 τῆς
618 2731 918 2796 ἀληθείας,
968 2732 1026 2792 ὃς
1061 2732 1178 2783 ἐστι
1207 2735 1393 2807 Πατὴρ
1431 2738 1529 2806 τῆς
1555 2738 1811 2807 ἀληθείας

226 2820 490 2889 Χριστοῦ.
522 2821 752 2891 Χριστὸς
784 2824 814 2891 ἡ
841 2821 1085 2889 ἀλήθεια,
1114 2820 1172 2873 ὃν
1206 2825 1355 2876 πᾶσα
1403 2827 1540 2897 πνοὴ
1593 2828 1808 2881 σέϐεται

226 2911 327 2964 καὶ
363 2912 575 2981 τρέμει.
605 2913 765 2964 ’Ὠστε
808 2914 889 2963 ὅτι
938 2913 1036 2980 μὲν
1068 2912 1175 2977 ζῶν
1214 2916 1241 2968 6
1280 2916 1473 2984 Λόγος,
1512 2920 1604 2971 καὶ
1644 2920 1811 2990 πρόσ-

225 3018 381 3054 ωπον
404 2999 627 3064 τέλειον,
645 3003 737 3053 καὶ
757 3002 817 3053 τὸ
842 3004 1064 3073 Πνεῦμα
1082 3005 1363 3071 ὡσαύτως,
1389 3009 1546 3063 ἱκανὰ
1576 3012 1669 3064 καὶ
1696 3011 1808 3081 (51)

227 3094 301 3145 τὰ
322 3092 416 3145 νῦν
449 3093 714 3164 εἰρημένα
752 3093 981 3161 διδάξαι·
1016 3096 1174 3149 τύποι
1215 3098 1271 3151 δὲ
1301 3099 1627 3170 ἀνθρώπινοι
1660 3101 1811 3173 παρὰ

229 3186 354 3255 Θεῷ
387 3186 570 3238 πολλοὶ
593 3187 685 3238 καὶ
705 3187 873 3251 ἄλλοι,
905 3187 999 3238 καὶ
1029 3188 1088 3239 ού
1117 3188 1207 3241 διὰ
1237 3190 1396 3242 τοῦτο
1429 3192 1517 3243 τὸν
1550 3192 1682 3246 Θεὸν
1710 3196 1808 3247 ἅν-

229 3278 449 3348 θρωπον
473 3277 945 3347 ὑπολαμῦάνομεν,
974 3274 1083 3330 οἷον
1107 3281 1153 3330 εἰ
1183 3283 1467 3351 πρόσωπον
1494 3282 1807 3354 ἀκούοιμεν,

229 3368 543 3437 ὀφθαλμούς
574 3388 629 3421 τε
656 3370 746 3422 καὶ
774 3364 889 3422 ὦτα
923 3371 1014 3422 καὶ
1042 3373 1230 3441 χεῖρας
1250 3374 1344 3425 καί
1374 3374 1561 3437 πόδας.
1595 3378 1728 3429 Οὐδὲ
1752 3378 1813 3430 τὸ

230 3460 557 3523 καθέζεσθαι
598 3463 653 3512 ἐν
684 3464 896 3531 ούρανῴ
938 3463 1187 3535 καθάπερ
1234 3468 1291 3518 ἐν
1337 3466 1511 3538 θρόνῳ
1538 3469 1680 3538 (52),
1718 3473 1813 3524 καὶ

228 3550 330 3621 τὴν
379 3553 481 3621 γῆν
540 3553 828 3605 ὑποπόδιον
878 3555 986 3607 τῶν
1026 3556 1201 3608 ποδῶν
1254 3559 1417 3612 αὑτοῦ
1468 3563 1810 3633 πατουμένην

232 3642 560 3713 σωματικῶς
591 3643 731 3695 θέλει
760 3644 937 3712 λέγειν
971 3648 1098 3718 περὶ
1143 3647 1300 3713 Θεοῦ,
1339 3650 1452 3702 ἀλλ’
1485 3652 1561 3714 ὡς
1591 3653 1810 3705 ὑποκει-

233 3737 404 3804 μένην
442 3737 505 3805 τῇ
531 3734 681 3805 θεῖκῇ
712 3735 948 3806 ἐξουσίᾳ.
981 3736 1137 3790 Οῦτω
1164 3740 1219 3791 δὲ
1245 3740 1427 3803 πάλιν,
1449 3744 1545 3795 ἐὰν
1574 3744 1813 3817 ἀκούσῃς

229 3825 475 3896 γαστέρα
507 3826 599 3877 ἐπὶ
641 3826 795 3888 θεοῦ,
847 3828 920 3897 μὴ
961 3833 1170 3899 mutili;
1195 3832 1270 3893 ὡς
1302 3836 1611 3901 σωματικόν
1642 3853 1693 3887 τι
1725 3839 1811 3888 ἐν·

231 3916 571 3988 θυμούμενος
591 3935 602 3945 ·
623 3917 759 3969 ἀλλὰ
782 3920 1151 3988 πνευματικόν
1170 3939 1222 3973 τι
1246 3923 1426 3975 ὲννοού
1436 3942 1612 3993 μενος,
1637 3925 1812 3991 λέξεις

228 4024 285 4059 τι
314 4010 579 4078 κρεῖττον,
607 4007 739 4059 αὺτό
760 4009 817 4060 τὸ
850 4009 959 4078 (55)
996 4013 1310 4078 γεννητικὸν
1337 4013 1430 4065 τοῦ
1472 4014 1603 4068 Θεοῦ
1636 4018 1812 4086 ἐμφα-

205 4098 340 4161 -νῶς
389 4116 470 4152 σοι
519 4098 579 4162 ἐξ
626 4100 787 4151 αὑτοῦ
832 4102 1372 4172 ἁποκαλυπτόμενον.
1427 4105 1583 4159 Οὕτω
1624 4109 1802 4171 πάλιν,

229 4193 421 4261 χεῖρας
468 4190 681 4245 ἀκούων
730 4193 884 4257 Θεοῦ,
935 4194 996 4245 τὸ
1046 4198 1324 4265 ποιητικὸν
1370 4200 1534 4251 αὑτοῦ
1576 4200 1806 4269 γνώριζε

234 4280 424 4347 σαφῶς
447 4296 461 4310 ο
496 4277 589 4342 οῦς
617 4282 691 4345 δὲ,
727 4284 786 4335 τὸ
809 4284 1130 4337 ἀκουστικὸν
1160 4287 1323 4338 αὑτοῦ
1346 4305 1358 4316 ο
1395 4289 1705 4359 ὀφθαλμοὺς
1729 4292 1805 4357 δὲ,

230 4371 295 4423 τὸ
320 4372 626 4443 διορατικὸν
662 4373 772 4444 (5-1)
796 4392 807 4404 ·
850 4375 1147 4447 πτέρυγας,
1190 4378 1251 4430 τὸ
1280 4384 1663 4435 σκεπαστικόν.
1698 4384 1808 4436 Καὶ

302 4511 349 4544 ’⁵
377 4510 511 4565 Gen.
554 4528 663 4570 χιχ.
682 4512 772 4564 24.

852 4514 904 4589 ’,⁸.
927 4515 1089 4589 auios
1126 4532 1196 4579 Iv,
1236 4516 1321 4571 Η.
1378 4521 1421 4550 ’⁸
1449 4520 1571 4577 Ose.
1601 4540 1640 4589 ι,
1668 4524 1717 4577 7,

232 4582 277 4614 ³¹
313 4582 375 4635 ΙΙΙ
407 4580 562 4635 Esdr.
602 4598 671 4644 tv,
698 4584 786 4636 40.

862 4584 905 4614 δ’
937 4585 1037 4638 lsa.
1070 4602 1211 4650 LXVI,
1246 4590 1295 4640 1.

1796 4526 1837 4556 ’⁷
1867 4524 1908 4578 ll
1944 4524 2086 4579 Tim.
2110 4542 2150 4591 ι,
2186 4524 2275 4577 18.

1914 2006 2023 2060 ait:
2059 2003 2241 2057 Omnis
2272 2010 2414 2055 terra
2457 2003 2723 2055 veritatem
2764 2001 2989 2065 invocat,
3020 2012 3067 2053 et
3098 1999 3284 2053 caelum
3314 2000 3482 2067 ipsam

1915 2096 2189 2157 benedicit,
2223 2104 2269 2147 et
2292 2093 2467 2145 omnia
2487 2108 2641 2161 opera
2672 2092 3040 2145 concutiuntur
3071 2102 3119 2143 et
3152 2100 3380 2145 tremunt
3402 2092 3488 2144 ³⁸2

1915 2188 2170 2254 Quaenam
2200 2200 2329 2241 vero
2383 2194 2467 2239 est
2511 2183 2731 2248 veritas,
2764 2185 2864 2238 nisi
2907 2182 2999 2238 Dei
3034 2181 3265 2237 Verbum
3314 2193 3368 2236 et
3397 2182 3485 2236 Fi-

1912 2276 2035 2345 lius,
2071 2292 2165 2348 per
2212 2292 2368 2346 quem
2400 2275 2632 2331 omnia?
2665 2273 2776 2343 Ego
2822 2277 2977 2340 enim,
3004 2275 3199 2345 inquit,
3234 2291 3347 2328 sum
3377 2277 3484 2338 via,

1912 2380 1957 2422 et
2000 2374 2223 2433 veritas,
2257 2378 2304 2422 et
2347 2371 2451 2422 vita
2484 2365 2846 2437 "-’°..Veritas
2862 2375 3037 2423 autem
3079 2384 3185 2422 non
3240 2375 3325 2422 est
3382 2368 3482 2420 nisi

1912 2473 1977 2515 ex
2007 2476 2157 2524 vero,
2199 2462 2518 2515 naturaliter
2555 2471 2609 2515 et
2651 2460 2978 2531 sempiterna
3008 2476 3073 2513 ex
3119 2462 3234 2529 ipso
3284 2459 3487 2530 genita.

1911 2549 2201 2621 Propterea
2221 2551 2405 2612 infert,
2422 2551 2639 2605 dicens:
2661 2551 2969 2604 Benedictus
3006 2549 3143 2603 Deus
3172 2552 3404 2603 veritatis
3419 2549 3485 2613 “,

1911 2644 2004 2712 qui
2051 2652 2134 2698 est
2177 2642 2336 2699 Pater
2373 2644 2615 2699 veritatis
2662 2642 2887 2699 Christi.
2940 2641 3148 2697 Veritas
3199 2640 3486 2706 Christus,

1912 2751 2068 2807 quem
2110 2739 2287 2792 omnis
2315 2735 2511 2790 halitus
2539 2737 2668 2790 colit
2692 2752 2755 2791 ac
2779 2735 2982 2791 tre-mit.
3011 2733 3188 2801 Quare
3219 2731 3365 2802 quod
3400 2732 3488 2786 vi-

1911 2845 2045 2885 vens
2074 2831 2143 2884 sit
2168 2829 2429 2893 Verbum,
2472 2838 2527 2882 et
2562 2844 2784 2896 persona
2838 2827 3097 2896 perfecta,
3128 2826 3488 2893 similiterque

1915 2917 2168 2988 Spiritus,
2210 2937 2274 2976 ea
2327 2935 2448 2991 quae
2491 2920 2649 2973 modo
2677 2919 2815 2972 dicta
2859 2927 3007 2981 sunt,
3041 2918 3251 2971 abunde
3288 2919 3490 2971 docere

1910 3020 2154 3080 possunt.
2191 3012 2329 3065 Sunt
2390 3021 2571 3066 autem
2627 3011 2872 3065 humana:
2925 3008 3113 3063 formae
3140 3008 3279 3077 apud
3320 3008 3487 3062 Deum

1910 3103 2117 3166 multae,
2138 3111 2194 3157 et
2226 3104 2383 3168 aliae;
2418 3118 2520 3157 nec
2554 3110 2834 3172 pr0pterea
2874 3101 3039 3155 Deum
3070 3100 3340 3155 hominem
3367 3114 3489 3155 esse

1914 3195 2325 3260 existimamus,
2375 3194 2605 3264 exempli
2645 3208 2808 3248 causa
2858 3192 2901 3247 si
2941 3192 3135 3247 faciem
3195 3190 3486 3254 audimus,

1915 3285 2212 3356 oculosque
2240 3297 2293 3341 et
2325 3301 2503 3353 aures,
2544 3297 2597 3341 et
2626 3301 2839 3340 manus.
2867 3293 2922 3337 et
2976 3285 3157 3353 pedes.
3195 3284 3381 3352 Neque
3423 3283 3489 3335 de

1915 3379 2024 3433 Deo
2058 3379 2239 3433 dicere
2267 3378 2399 3443 vult,
2435 3378 2575 3447 quod
2611 3379 2662 3431 in
2695 3375 2832 3429 ccelo
2871 3374 3015 3428 velut
3045 3375 3095 3427 in
3127 3374 3255 3429 sede
3278 3372 3486 3437 sedeat,

1914 3484 2089 3539 neque
2119 3472 2261 3539 quod
2292 3482 2433 3523 terra
2461 3483 2558 3522 ceu
2598 3467 2792 3537 pedum
2820 3467 2987 3535 ipsius
3013 3465 3301 3521 seabcllum
3330 3463 3488 3517 modo

1913 3576 2172 3629 corporeo
2223 3560 2555 3625 calcetur",
2612 3560 2704 3613 sed
2775 3557 2918 3626 quod
2976 3556 3169 3610 divina:
3229 3554 3485 3624 potestati

1916 3653 2155 3720 subjecta
2181 3652 2269 3705 sit.
2310 3650 2399 3705 Sic
2440 3666 2646 3714 rursus,
2670 3649 2716 3702 si
2748 3656 2960 3702 uterum
2992 3646 3059 3701 de
3088 3645 3197 3699 Deo
3227 3644 3486 3708 audieris,

1920 3760 1988 3799 ne
2020 3746 2363 3799 eouturberis
2394 3752 2645 3809 tanquam
2684 3755 2998 3808 corporeum
3037 3738 3167 3808 quid
3194 3738 3439 3806 cogitans
3468 3753 3483 3789 :

1918 3838 2010 3891 sed
2054 3836 2332 3904 spirituale
2376 3835 2628 3904 quiddam
2682 3834 3025 3903 intelligens,
3062 3829 3262 3899 aliquid
3298 3828 3489 3884 melius

1915 3927 2151 3981 dicturus
2200 3942 2279 3991 es,
2313 3928 2563 3980 nimirum
2610 3925 2779 3993 ipsam
2833 3924 2939 3977 vim
2978 3922 3073 3975 Dei
3120 3920 3484 3988 generativam

1915 4019 2010 4072 tibi
2050 4035 2116 4071 ex
2148 4020 2262 4086 ipso
2296 4018 2472 4086 palam
2504 4017 2795 4070 revelatam
2845 4028 2985 4067 esse.
3014 4012 3105 4066 Sic
3136 4012 3331 4066 iterum
3362 4025 3485 4063 cum

1913 4126 2105 4163 manus
2156 4109 2310 4162 audis
2359 4110 2477 4173 Dei,
2516 4124 2635 4163 eam
2668 4122 2828 4177 quam
2884 4105 3045 4160 habet
3097 4104 3204 4156 vim
3255 4101 3487 4154 faciendi

1912 4211 2096 4269 aperte
2129 4216 2429 4271 cognosce:
2465 4215 2648 4255 aurem
2687 4213 2834 4260 vero,
2858 4213 2976 4251 eam
2995 4211 3099 4265 qua
3121 4194 3376 4263 praeditus
3405 4204 3491 4247 εει

1911 4293 2161 4347 audiendi
2188 4293 2494 4348 facultatem
2530 4308 2541 4342 :
2576 4290 2780 4353 oculos,
2807 4288 2913 4341 vim
2938 4286 3151 4341 videndi
3175 4302 3188 4337 :
3210 4284 3344 4343 alas,
3365 4300 3490 4352 pro-

1910 4385 2119 4454 tegendi
2179 4394 2525 4453 potestatem.
2559 4383 2736 4451 Atque
2796 4379 2899 4433 alia
2949 4376 3130 4431 omnia
3180 4374 3485 4442 singulatim

2350 4523 2393 4554 ’⁸
2422 4522 2487 4577 lll
2512 4523 2667 4577 Esdr.
2690 4536 2763 4586 tv,
2794 4520 2881 4574 56.
2957 4514 3070 4556 ²⁹-³⁰
3100 4513 3256 4571 Joan.
3290 4529 3401 4583 xxv,
3430 4513 3485 4567 6.

469 4719 609 4773 Editi
642 4728 700 4794 et
736 4734 871 4794 ipss.
912 4722 1175 4784 nonnulli,
1213 4722 1350 4794 Οῦτε
1396 4723 1505 4792 γὰρ
1540 4725 1810 4794 ἰσοτιμίαν

1917 4726 2165 4789 ambigue
2193 4736 2240 4780 et
2270 4728 2504 4781 obscure.

232 4790 518 4863 ἀγγέλους,
550 4790 707 4842 male.
736 4790 871 4863 lieg.
908 4795 1197 4863 set-titulus,
1221 4793 1356 4845 Οῦτε
1398 4790 1505 4861 γὰρ
1546 4790 1814 4863 ὶσοτιμὶαν

233 4861 504 4935 ἀγγέλοις,
542 4876 646 4935 non
681 4859 889 4935 melius.
922 4862 1101 4916 Codex
1131 4862 1282 4916 Coll).
1303 4859 1439 4917 Οὔτε
1459 4859 1566 4935 γὰρ
1592 4859 1813 4928 εἰς’ἰσο-

232 4932 419 4997 τιμίαν
456 4930 738 4998 ἀγγέλους,
773 4929 927 4983 bene.

309 5001 417 5068 (46)
445 5002 623 5053 Codex
650 5017 786 5051 unus
818 5000 941 5052 οῦτε
976 5002 1130 5058 Θεοῦ.
1161 5004 1265 5057 Alii
1294 5021 1424 5059 mss.
1453 5014 1506 5059 et
1532 5004 1659 5058 editi
1689 5005 1813 5058 οὔτε

233 5068 373 5139 Θεῷ.
400 5070 575 5123 Malim
622 5072 679 5122 ἐν
715 5070 854 5137 Θεῷ,
891 5074 971 5124 vel
998 5074 1150 5126 Θεόν.
1201 5075 1394 5127 Statim
1426 5076 1557 5129 editi
1602 5085 1809 5130 etrnss.

235 5142 477 5216 nonnulli
529 5140 606 5211 τῷ
646 5141 920 5209 λέγεσθαι.
971 5142 1191 5215 Antiqui
1227 5156 1334 5199 tres
1360 5146 1486 5200 libri
1516 5147 1572 5197 ἐν
1617 5144 1694 5216 τῷ
1724 5147 1811 5200 λέ.

234 5209 449 5279 γεσθαι.

309 5280 419 5356 (Π)
454 5280 609 5341 Illud,
636 5282 775 5348 τότε,
817 5283 888 5335 ita
931 5283 1190 5356 scriptum
1224 5295 1558 5356 oportuerat,
1588 5297 1644 5340 ut
1692 5289 1807 5341 vir-

237 5353 356 5425 gula
389 5364 680 5425 poneretur
708 5364 828 5418 post
860 5355 1087 5425 primam
1113 5353 1391 5425 syllabam.
1420 5360 1628 5412 Etenim
1652 5358 1804 5421 illud,

233 5422 297 5473 τό
325 5440 383 5473 τε
412 5424 475 5472 ad
524 5423 651 5475 illud
684 5426 776 5475 καὶ
808 5424 870 5475 τό
916 5425 1102 5479 referri
1135 5422 1331 5479 debere
1361 5439 1569 5481 constat
1610 5448 1622 5482 :
1665 5432 1807 5496 quod

237 5508 359 5543 cum
392 5498 657 5561 interpres
688 5510 795 5548 non
828 5500 1155 5559 atlendcret,
1184 5498 1401 5553 incaute
1427 5500 1587 5553 vertit
1613 5517 1628 5553 :
1661 5499 1806 5553 Tunc

235 5562 455 5631 placuit.

308 5633 421 5710 (liii)
453 5634 802 5710 Editietduo
834 5652 960 5710 mss.
990 5636 1150 5710 δώσει
1176 5636 1399 5710 Κύριος,
1448 5639 1588 5690 dabit
1626 5641 1807 5710 Domi-

238 5721 356 5778 nus.
384 5704 565 5758 Codex
596 5705 749 5778 Colh.
781 5716 834 5760 et
860 5708 947 5760 alii
982 5709 1090 5763 duo
1114 5704 1278 5777 Regii
1305 5709 1444 5778 δώῃ,
1486 5710 1569 5762 det
1597 5709 1673 5762 illi
1697 5709 1800 5763 Do-

236 5775 438 5845 minus;
476 5790 584 5845 nec
631 5777 788 5830 aliter
840 5779 891 5829 in
928 5790 1071 5832 textu
1099 5775 1255 5833 sacro
1293 5775 1507 5845 legitur.

312 5844 420 5913 (l9)
468 5843 629 5900 Vetus
660 5847 793 5902 liber
822 5848 952 5903 Coll)
1008 5849 1239 5917 μετρίως
1274 5843 1370 5903 καῖ
1395 5849 1618 5916 ἀσαφῶς
1639 5892 1651 5914 ,
1682 5868 1803 5905 num

1998 4796 2107 4867 (5'0)
2143 4797 2279 4867 Editi
2309 4800 2356 4848 et
2386 4797 2459 4867 μὴ
2493 4799 2577 4850 ἐκ.
2608 4796 2829 4866 Antiqui
2866 4808 2972 4851 tres
3000 4796 3123 4850 libri
3158 4795 3207 4867 εἰ
3238 4795 3311 4863 μὴ
3340 4795 3372 4863 ἡ
3402 4795 3485 4867 ἐκ.

1995 4866 2105 4935 (51)
2160 4865 2297 4919 Ειιὶιί
2332 4865 2396 4920 et
2432 4865 2539 4921 duo
2593 4884 2723 4921 mss.
2756 4865 2859 4921 non
2896 4869 3047 4920 valde
3083 4865 3283 4933 antiqui
3330 4865 3488 4919 ἱκανὰ

1922 4937 2035 4990 καί.
2065 4941 2133 4990 At
2158 4938 2306 5005 liegii
2331 4941 2618 5001 secundus,
2650 4939 2840 4993 tertius
2866 4947 2920 4990 et
2959 4949 3143 4991 sextus
3180 4952 3301 4989 cum
3334 4935 3485 4989 Colb.

1924 5009 2099 5059 ἱκανεῖ
2126 5007 2237 5059 καί.
2266 5008 2522 5075 Suspicor
2544 5019 2721 5060 autem
2757 5010 2827 5060 ita
2879 5019 3150 5061 auctorem
3184 5007 3486 5072 scripsisse,

1922 5094 2042 5129 cum
2084 5079 2155 5130 ita
2192 5078 2400 5141 legatur
2435 5080 2486 5130 in
2524 5094 2652 5131 mss.
2688 5079 3085 5147 antiquioribus
3124 5095 3135 5129 :
3182 5078 3274 5129 sed
3304 5092 3485 5129 vocem

1921 5148 2117 5209 ἱκανεῖ,
2150 5148 2404 5217 quoniam
2460 5148 2699 5202 insolens
2731 5160 2845 5202 erat
2872 5160 2926 5203 et
2958 5149 3193 5212 insolita,
3228 5147 3427 5201 idcirco
3456 5160 3484 5199 a

1917 5218 2158 5272 librariis
2187 5228 2443 5271 mutatam
2471 5232 2611 5273 esse.

1989 5288 2101 5364 (532)
2155 5288 2871 5364 Editixﬂarzapslﬂpdwp.
2925 5287 3300 5364 Auliqui‘duo
3343 5285 3483 5364 _libri

1917 5356 2168 5430 καθάπερ
2195 5358 2480 5430 ἐνλορόνῳ.
2533 5356 2724 5415 Statini
2761 5356 2887 5415 mss.
2929 5370 3038 5413 tres
3075 5356 3262 5412 ’ποδῶν
3296 5356 3483 5430 αὐτοῦ.

1918 5428 2035 5500 Vox
2068 5427 2231 5482 αὐτοῦ
2269 5427 2331 5483 ἰιι
2365 5427 2525 5485 editis
2560 5433 2922 5486 desideratur.
2972 5430 3103 5500 Reg.
3139 5441 3365 5484 auartus
3390 5427 3481 5483 θέο

1912 5498 2047 5562 λεις,
2071 5502 2225 5553 male.

1986 5570 2264 5642 (53)Ει1ἰιὶ
2290 5581 2344 5623 et
2379 5587 2471 5626 sex
2509 5586 2639 5625 mss.
2669 5574 2918 5641 κρεῖττον
2967 5570 3151 5635 αὐτοῦ,
3181 5569 3243 5642 τό
3282 5586 3296 5599 ·
3336 5568 3482 5637 Quod

1914 5640 2040 5709 quin
2077 5643 2391 5695 utendosum
2422 5644 2510 5706 sit,
2534 5658 2638 5695 non
2675 5640 2880 5697 dubito.
2913 5643 3088 5697 Codex
3112 5640 3261 5694 Coll).
3300 5642 3483 5708 κρεῖτ-

1912 5726 2035 5783 τον,
2055 5711 2186 5783 αὐτὸ
2216 5712 2297 5774 τό,
2322 5714 2484 5776 ipsam
2518 5716 2758 5783 gignendi
2800 5714 3127 5781 facultatem,
3155 5711 3377 5783 optime.

1984 5782 2097 5853 (54)
2129 5782 2260 5857 Reg.
2296 5780 2528 5857 quartus
2549 5782 2609 5836 τὸ
2640 5780 2910 5857 ὁρατικόν.
2970 5783 3169 5837 Ibidem
3224 5780 3365 5835 idem
3394 5793 3479 5833 co-

1912 5854 2012 5911 dex
2043 5852 2317 5923 πτέρυγας
2347 5854 2422 5908 δέ.
