  <div class='ocr_page' id='page_1' title='image "/cluster/home/n/w/nwhite01/storage/ocr_20150623/29/ien.35556001660547/788.png"; bbox 0 0 4008 6444; ppageno 0'>
   <div class='ocr_carea' id='block_1_1' title="bbox 533 388 633 442">
    <p class='ocr_par' dir='ltr' id='par_1_1' title="bbox 533 388 633 442">
     <span class='ocr_line' id='line_1_1' title="bbox 533 388 633 442; baseline 0.02 -2"><span class='ocrx_word' id='word_1_1' title='bbox 533 388 633 442; x_wconf 78' lang='lat'><strong>759</strong></span> 
     </span>
    </p>
   </div>
   <div class='ocr_carea' id='block_1_2' title="bbox 1898 388 2486 443">
    <p class='ocr_par' dir='ltr' id='par_1_2' title="bbox 1898 388 2486 443">
     <span class='ocr_line' id='line_1_2' title="bbox 1898 388 2486 443; baseline -0.007 -1"><span class='ocrx_word' id='word_1_2' title='bbox 1898 391 1952 442; x_wconf 88' lang='lat' dir='ltr'><strong>S.</strong></span> <span class='ocrx_word' id='word_1_3' title='bbox 1996 389 2078 441; x_wconf 77' lang='lat' dir='ltr'><strong>BA</strong></span> <span class='ocrx_word' id='word_1_4' title='bbox 2089 388 2238 443; x_wconf 79' lang='lat' dir='ltr'><strong>SILI!</strong></span> <span class='ocrx_word' id='word_1_5' title='bbox 2275 388 2486 442; x_wconf 69' lang='lat' dir='ltr'><strong>MAGNI</strong></span> 
     </span>
    </p>
   </div>
   <div class='ocr_carea' id='block_1_3' title="bbox 3694 399 3799 452">
    <p class='ocr_par' dir='ltr' id='par_1_3' title="bbox 3694 399 3799 452">
     <span class='ocr_line' id='line_1_3' title="bbox 3694 399 3799 452; baseline 0 0"><span class='ocrx_word' id='word_1_6' title='bbox 3694 399 3799 452; x_wconf 81' lang='lat'><strong>760</strong></span> 
     </span>
    </p>
   </div>
   <div class='ocr_carea' id='block_1_4' title="bbox 521 506 2096 576">
    <p class='ocr_par' dir='ltr' id='par_1_4' title="bbox 521 506 2095 575">
     <span class='ocr_line' id='line_1_4' title="bbox 521 506 2095 575; baseline 0.002 -15"><span class='ocrx_word' id='word_1_7' title='bbox 521 515 740 560; x_wconf 87' lang='lat' dir='ltr'><strong>servant</strong></span> <span class='ocrx_word' id='word_1_8' title='bbox 764 506 968 574; x_wconf 88' lang='lat' dir='ltr'><strong>pariter</strong></span> <span class='ocrx_word' id='word_1_9' title='bbox 991 507 1261 575; x_wconf 83' lang='lat' dir='ltr'><strong>propriam</strong></span> <span class='ocrx_word' id='word_1_10' title='bbox 1293 521 1356 560; x_wconf 90' lang='lat' dir='ltr'><strong>ac</strong></span> <span class='ocrx_word' id='word_1_11' title='bbox 1384 508 1739 562; x_wconf 79' lang='lat' dir='ltr'><strong>recnssimam</strong></span> <span class='ocrx_word' id='word_1_12' title='bbox 1773 507 1838 560; x_wconf 82' lang='lat' dir='ltr'><strong>de</strong></span> <span class='ocrx_word' id='word_1_13' title='bbox 1869 507 1978 561; x_wconf 88' lang='lat' dir='ltr'><strong>Deo</strong></span> <span class='ocrx_word' id='word_1_14' title='bbox 2013 509 2095 563; x_wconf 86' lang='lat' dir='ltr'><strong>in-</strong></span> 
     </span>
    </p>
   </div>
   <div class='ocr_carea' id='block_1_5' title="bbox 2200 506 3797 576">
    <p class='ocr_par' dir='ltr' id='par_1_5' title="bbox 2200 507 3797 576">
     <span class='ocr_line' id='line_1_5' title="bbox 2200 507 3797 576; baseline 0.004 -16"><span class='ocrx_word' id='word_1_15' title='bbox 2200 509 2264 560; x_wconf 86' lang='grc' dir='ltr'>τὰ</span> <span class='ocrx_word' id='word_1_16' title='bbox 2295 510 2429 562; x_wconf 75' lang='grc' dir='ltr'>ἄλλα</span> <span class='ocrx_word' id='word_1_17' title='bbox 2454 507 2630 559; x_wconf 84' lang='grc' dir='ltr'>πάντα</span> <span class='ocrx_word' id='word_1_18' title='bbox 2657 508 2939 568; x_wconf 71' lang='grc' dir='ltr'>ὡσαύτως.</span> <span class='ocrx_word' id='word_1_19' title='bbox 2971 507 3200 562; x_wconf 75' lang='grc' dir='ltr'>ἕκαστον</span> <span class='ocrx_word' id='word_1_20' title='bbox 3234 509 3372 562; x_wconf 87' lang='grc' dir='ltr'>ίδίαν</span> <span class='ocrx_word' id='word_1_21' title='bbox 3395 511 3562 576; x_wconf 80' lang='grc' dir='ltr'><strong>σώζει</strong></span> <span class='ocrx_word' id='word_1_22' title='bbox 3583 516 3797 571; x_wconf 72' lang='grc' dir='ltr'>ἔννοιαν</span> 
     </span>
    </p>
   </div>
   <div class='ocr_carea' id='block_1_6' title="bbox 521 596 2096 668">
    <p class='ocr_par' dir='ltr' id='par_1_6' title="bbox 521 596 2096 668">
     <span class='ocr_line' id='line_1_6' title="bbox 521 596 2096 668; baseline 0.003 -19"><span class='ocrx_word' id='word_1_23' title='bbox 521 596 890 667; x_wconf 86' lang='lat' dir='ltr'><strong>telligentiam,</strong></span> <span class='ocrx_word' id='word_1_24' title='bbox 943 598 1178 651; x_wconf 79' lang='lat' dir='ltr'><strong>maxime</strong></span> <span class='ocrx_word' id='word_1_25' title='bbox 1210 598 1349 667; x_wconf 88' lang='lat' dir='ltr'><strong>apud</strong></span> <span class='ocrx_word' id='word_1_26' title='bbox 1377 611 1471 652; x_wconf 77' lang='lat' dir='ltr'><strong>eos</strong></span> <span class='ocrx_word' id='word_1_27' title='bbox 1503 599 1593 668; x_wconf 89' lang='lat' dir='ltr'><strong>qui</strong></span> <span class='ocrx_word' id='word_1_28' title='bbox 1651 607 1795 653; x_wconf 85' lang='lat' dir='ltr'><strong>recte</strong></span> <span class='ocrx_word' id='word_1_29' title='bbox 1849 603 2096 654; x_wconf 88' lang='lat' dir='ltr'><strong>credunt.</strong></span> 
     </span>
    </p>
   </div>
   <div class='ocr_carea' id='block_1_7' title="bbox 519 687 2101 760">
    <p class='ocr_par' dir='ltr' id='par_1_7' title="bbox 519 687 2101 760">
     <span class='ocr_line' id='line_1_7' title="bbox 519 687 2101 760; baseline 0.003 -18"><span class='ocrx_word' id='word_1_30' title='bbox 519 687 748 742; x_wconf 83' lang='lat' dir='ltr'><strong>Nomina</strong></span> <span class='ocrx_word' id='word_1_31' title='bbox 785 689 948 758; x_wconf 97' lang='lat' dir='ltr'><strong>igitur</strong></span> <span class='ocrx_word' id='word_1_32' title='bbox 975 688 1030 742; x_wconf 91' lang='lat' dir='ltr'><strong>in</strong></span> <span class='ocrx_word' id='word_1_33' title='bbox 1064 703 1165 743; x_wconf 90' lang='lat' dir='ltr'><strong>usu</strong></span> <span class='ocrx_word' id='word_1_34' title='bbox 1212 697 1338 744; x_wconf 91' lang='lat' dir='ltr'><strong>sunt</strong></span> <span class='ocrx_word' id='word_1_35' title='bbox 1385 690 1692 745; x_wconf 88' lang='lat' dir='ltr'><strong>hominibus</strong></span> <span class='ocrx_word' id='word_1_36' title='bbox 1728 690 1796 745; x_wconf 86' lang='lat' dir='ltr'><strong>ad</strong></span> <span class='ocrx_word' id='word_1_37' title='bbox 1832 693 2101 760; x_wconf 78' lang='lat' dir='ltr'><strong>cognitio-</strong></span> 
     </span>
    </p>
   </div>
   <div class='ocr_carea' id='block_1_8' title="bbox 518 778 2101 846">
    <p class='ocr_par' dir='ltr' id='par_1_8' title="bbox 518 778 2101 846">
     <span class='ocr_line' id='line_1_8' title="bbox 518 778 2101 846; baseline 0.003 -12"><span class='ocrx_word' id='word_1_38' title='bbox 518 794 642 834; x_wconf 88' lang='lat' dir='ltr'><strong>nem</strong></span> <span class='ocrx_word' id='word_1_39' title='bbox 673 793 738 833; x_wconf 85' lang='lat' dir='ltr'><strong>ae</strong></span> <span class='ocrx_word' id='word_1_40' title='bbox 760 778 1160 835; x_wconf 73' lang='lat' dir='ltr'><strong>distinctionem</strong></span> <span class='ocrx_word' id='word_1_41' title='bbox 1191 779 1636 846; x_wconf 86' lang='lat' dir='ltr'><strong>substantiarnm,</strong></span> <span class='ocrx_word' id='word_1_42' title='bbox 1678 792 1772 836; x_wconf 85' lang='lat' dir='ltr'><strong>aut</strong></span> <span class='ocrx_word' id='word_1_43' title='bbox 1807 784 1969 837; x_wconf 89' lang='lat' dir='ltr'><strong>etiam</strong></span> <span class='ocrx_word' id='word_1_44' title='bbox 2014 798 2101 838; x_wconf 88' lang='lat' dir='ltr'><strong>re-</strong></span> 
     </span>
    </p>
   </div>
   <div class='ocr_carea' id='block_1_9' title="bbox 519 872 2093 941">
    <p class='ocr_par' dir='ltr' id='par_1_9' title="bbox 519 872 2093 941">
     <span class='ocr_line' id='line_1_9' title="bbox 519 872 2093 941; baseline 0.002 -16"><span class='ocrx_word' id='word_1_45' title='bbox 519 886 658 934; x_wconf 89' lang='lat' dir='ltr'><strong>rum,</strong></span> <span class='ocrx_word' id='word_1_46' title='bbox 700 885 764 924; x_wconf 87' lang='lat' dir='ltr'><strong>ac</strong></span> <span class='ocrx_word' id='word_1_47' title='bbox 809 884 997 926; x_wconf 90' lang='lat' dir='ltr'><strong>eorum</strong></span> <span class='ocrx_word' id='word_1_48' title='bbox 1040 887 1157 941; x_wconf 80' lang='lat' dir='ltr'><strong>qua:</strong></span> <span class='ocrx_word' id='word_1_49' title='bbox 1202 872 1350 930; x_wconf 86' lang='lat' dir='ltr'><strong>circa</strong></span> <span class='ocrx_word' id='word_1_50' title='bbox 1395 873 1727 930; x_wconf 81' lang='lat' dir='ltr'><strong>substantias</strong></span> <span class='ocrx_word' id='word_1_51' title='bbox 1777 875 2093 940; x_wconf 77' lang='lat' dir='ltr'><strong>excogitan-</strong></span> 
     </span>
    </p>
   </div>
   <div class='ocr_carea' id='block_1_10' title="bbox 520 959 2102 1037">
    <p class='ocr_par' dir='ltr' id='par_1_10' title="bbox 520 959 2102 1037">
     <span class='ocr_line' id='line_1_10' title="bbox 520 959 2102 1037; baseline 0.004 -21"><span class='ocrx_word' id='word_1_52' title='bbox 520 971 626 1017; x_wconf 94' lang='lat' dir='ltr'><strong>tur.</strong></span> <span class='ocrx_word' id='word_1_53' title='bbox 650 960 837 1034; x_wconf 82' lang='lat' dir='ltr'><strong>itaque</strong></span> <span class='ocrx_word' id='word_1_54' title='bbox 890 971 1080 1018; x_wconf 81' lang='lat' dir='ltr'><strong>venter</strong></span> <span class='ocrx_word' id='word_1_55' title='bbox 1108 962 1162 1016; x_wconf 93' lang='lat' dir='ltr'><strong>in</strong></span> <span class='ocrx_word' id='word_1_56' title='bbox 1198 962 1306 1020; x_wconf 92' lang='lat' dir='ltr'><strong>Deo</strong></span> <span class='ocrx_word' id='word_1_57' title='bbox 1339 983 1406 1022; x_wconf 92' lang='lat' dir='ltr'><strong>ne</strong></span> <span class='ocrx_word' id='word_1_58' title='bbox 1422 959 1482 1019; x_wconf 83' lang='lat' dir='ltr'><strong>&#39;te</strong></span> <span class='ocrx_word' id='word_1_59' title='bbox 1514 967 1591 1018; x_wconf 89' lang='lat' dir='ltr'><strong>rei</strong></span> <span class='ocrx_word' id='word_1_60' title='bbox 1636 968 1876 1021; x_wconf 83' lang='lat' dir='ltr'><strong>novitate</strong></span> <span class='ocrx_word' id='word_1_61' title='bbox 1908 974 2102 1037; x_wconf 87' lang='lat' dir='ltr'><strong>&#39;stupe-</strong></span> 
     </span>
    </p>
   </div>
   <div class='ocr_carea' id='block_1_11' title="bbox 522 1052 2100 1126">
    <p class='ocr_par' dir='ltr' id='par_1_11' title="bbox 522 1052 2100 1126">
     <span class='ocr_line' id='line_1_11' title="bbox 522 1052 2100 1126; baseline 0.002 -18"><span class='ocrx_word' id='word_1_62' title='bbox 522 1052 702 1120; x_wconf 88' lang='lat' dir='ltr'><strong>faciat,</strong></span> <span class='ocrx_word' id='word_1_63' title='bbox 731 1068 853 1108; x_wconf 89' lang='lat' dir='ltr'><strong>cum</strong></span> <span class='ocrx_word' id='word_1_64' title='bbox 887 1068 986 1108; x_wconf 92' lang='lat' dir='ltr'><strong>nec</strong></span> <span class='ocrx_word' id='word_1_65' title='bbox 1009 1069 1201 1111; x_wconf 87' lang='lat' dir='ltr'><strong>manus</strong></span> <span class='ocrx_word' id='word_1_66' title='bbox 1231 1071 1330 1111; x_wconf 92' lang='lat' dir='ltr'><strong>nec</strong></span> <span class='ocrx_word' id='word_1_67' title='bbox 1367 1055 1470 1108; x_wconf 86' lang='lat' dir='ltr'><strong>alia</strong></span> <span class='ocrx_word' id='word_1_68' title='bbox 1503 1070 1623 1125; x_wconf 71' lang='lat' dir='ltr'><strong>qua:</strong></span> <span class='ocrx_word' id='word_1_69' title='bbox 1654 1057 1907 1126; x_wconf 87' lang='lat' dir='ltr'><strong>superius</strong></span> <span class='ocrx_word' id='word_1_70' title='bbox 1937 1057 2100 1111; x_wconf 88' lang='lat' dir='ltr'><strong>relata</strong></span> 
     </span>
    </p>
   </div>
   <div class='ocr_carea' id='block_1_12' title="bbox 521 1148 2099 1220">
    <p class='ocr_par' dir='ltr' id='par_1_12' title="bbox 521 1148 2099 1220">
     <span class='ocr_line' id='line_1_12' title="bbox 521 1148 2099 1220; baseline 0.001 -19"><span class='ocrx_word' id='word_1_71' title='bbox 521 1155 665 1214; x_wconf 90' lang='lat' dir='ltr'><strong>sunt,</strong></span> <span class='ocrx_word' id='word_1_72' title='bbox 725 1155 779 1201; x_wconf 90' lang='lat' dir='ltr'><strong>te</strong></span> <span class='ocrx_word' id='word_1_73' title='bbox 823 1155 1186 1215; x_wconf 83' lang='lat' dir='ltr'><strong>perterreant.</strong></span> <span class='ocrx_word' id='word_1_74' title='bbox 1224 1148 1454 1202; x_wconf 88' lang='lat' dir='ltr'><strong>Proinde</strong></span> <span class='ocrx_word' id='word_1_75' title='bbox 1496 1165 1671 1220; x_wconf 90' lang='lat' dir='ltr'><strong>neque</strong></span> <span class='ocrx_word' id='word_1_76' title='bbox 1721 1149 2003 1219; x_wconf 76' lang='lat' dir='ltr'><strong>generatio</strong></span> <span class='ocrx_word' id='word_1_77' title='bbox 2047 1151 2099 1202; x_wconf 90' lang='lat' dir='ltr'><strong>iu</strong></span> 
     </span>
    </p>
   </div>
   <div class='ocr_carea' id='block_1_13' title="bbox 518 1234 2103 1309">
    <p class='ocr_par' dir='ltr' id='par_1_13' title="bbox 518 1234 2103 1309">
     <span class='ocr_line' id='line_1_13' title="bbox 518 1234 2103 1309; baseline 0.003 -19"><span class='ocrx_word' id='word_1_78' title='bbox 518 1234 628 1290; x_wconf 84' lang='lat' dir='ltr'><strong>Deo</strong></span> <span class='ocrx_word' id='word_1_79' title='bbox 657 1237 946 1292; x_wconf 87' lang='lat' dir='ltr'><strong>attonitum</strong></span> <span class='ocrx_word' id='word_1_80' title='bbox 972 1249 1025 1294; x_wconf 92' lang='lat' dir='ltr'><strong>te</strong></span> <span class='ocrx_word' id='word_1_81' title='bbox 1050 1237 1260 1302; x_wconf 81' lang='lat' dir='ltr'><strong>reddat,</strong></span> <span class='ocrx_word' id='word_1_82' title='bbox 1292 1251 1468 1307; x_wconf 90' lang='lat' dir='ltr'><strong>neque</strong></span> <span class='ocrx_word' id='word_1_83' title='bbox 1515 1254 1703 1295; x_wconf 91' lang='lat' dir='ltr'><strong>eorum</strong></span> <span class='ocrx_word' id='word_1_84' title='bbox 1743 1238 1834 1309; x_wconf 90' lang='lat' dir='ltr'><strong>qui</strong></span> <span class='ocrx_word' id='word_1_85' title='bbox 1875 1239 2103 1294; x_wconf 86' lang='lat' dir='ltr'><strong>audiunt</strong></span> 
     </span>
    </p>
   </div>
   <div class='ocr_carea' id='block_1_14' title="bbox 517 1342 862 1398">
    <p class='ocr_par' dir='ltr' id='par_1_14' title="bbox 517 1342 862 1398">
     <span class='ocr_line' id='line_1_14' title="bbox 517 1342 862 1398; baseline 0.009 -17"><span class='ocrx_word' id='word_1_86' title='bbox 517 1342 862 1398; x_wconf 87' lang='lat' dir='ltr'><strong>quemquam.</strong></span> 
     </span>
    </p>
   </div>
   <div class='ocr_carea' id='block_1_15' title="bbox 587 1419 2099 1491">
    <p class='ocr_par' dir='ltr' id='par_1_15' title="bbox 587 1419 2099 1491">
     <span class='ocr_line' id='line_1_15' title="bbox 587 1419 2099 1491; baseline 0.001 -15"><span class='ocrx_word' id='word_1_87' title='bbox 587 1420 642 1476; x_wconf 82' lang='lat'><strong>5.</strong></span> <span class='ocrx_word' id='word_1_88' title='bbox 673 1421 824 1487; x_wconf 86' lang='lat' dir='ltr'><strong>Quod</strong></span> <span class='ocrx_word' id='word_1_89' title='bbox 857 1420 904 1473; x_wconf 88' lang='lat' dir='ltr'><strong>si</strong></span> <span class='ocrx_word' id='word_1_90' title='bbox 955 1420 1078 1488; x_wconf 90' lang='lat' dir='ltr'><strong>quis</strong></span> <span class='ocrx_word' id='word_1_91' title='bbox 1131 1419 1289 1475; x_wconf 90' lang='lat' dir='ltr'><strong>timet</strong></span> <span class='ocrx_word' id='word_1_92' title='bbox 1330 1435 1400 1478; x_wconf 89' lang='lat' dir='ltr'><strong>ne</strong></span> <span class='ocrx_word' id='word_1_93' title='bbox 1442 1423 1513 1479; x_wconf 92' lang='lat' dir='ltr'><strong>sit</strong></span> <span class='ocrx_word' id='word_1_94' title='bbox 1552 1422 1605 1476; x_wconf 90' lang='lat' dir='ltr'><strong>in</strong></span> <span class='ocrx_word' id='word_1_95' title='bbox 1643 1421 1754 1476; x_wconf 88' lang='lat' dir='ltr'><strong>Deo</strong></span> <span class='ocrx_word' id='word_1_96' title='bbox 1803 1431 2099 1491; x_wconf 72' lang='lat' dir='ltr'><strong>generante</strong></span> 
     </span>
    </p>
   </div>
   <div class='ocr_carea' id='block_1_16' title="bbox 517 1510 2099 1580">
    <p class='ocr_par' dir='ltr' id='par_1_16' title="bbox 517 1510 2099 1580">
     <span class='ocr_line' id='line_1_16' title="bbox 517 1510 2099 1580; baseline 0.001 -13"><span class='ocrx_word' id='word_1_97' title='bbox 517 1510 748 1576; x_wconf 74' lang='lat' dir='ltr'><strong>affectio,</strong></span> <span class='ocrx_word' id='word_1_98' title='bbox 778 1521 956 1580; x_wconf 86' lang='lat' dir='ltr'><strong>potest</strong></span> <span class='ocrx_word' id='word_1_99' title='bbox 985 1522 1039 1567; x_wconf 92' lang='lat' dir='ltr'><strong>et</strong></span> <span class='ocrx_word' id='word_1_100' title='bbox 1081 1513 1316 1569; x_wconf 88' lang='lat' dir='ltr'><strong>creantis</strong></span> <span class='ocrx_word' id='word_1_101' title='bbox 1358 1516 1545 1570; x_wconf 89' lang='lat' dir='ltr'><strong>timere</strong></span> <span class='ocrx_word' id='word_1_102' title='bbox 1587 1524 1815 1578; x_wconf 91' lang='lat' dir='ltr'><strong>motum,</strong></span> <span class='ocrx_word' id='word_1_103' title='bbox 1843 1522 1897 1566; x_wconf 91' lang='lat' dir='ltr'><strong>et</strong></span> <span class='ocrx_word' id='word_1_104' title='bbox 1949 1513 2099 1569; x_wconf 82' lang='lat' dir='ltr'><strong>labo-</strong></span> 
     </span>
    </p>
   </div>
   <div class='ocr_carea' id='block_1_17' title="bbox 519 1605 2096 1674">
    <p class='ocr_par' dir='ltr' id='par_1_17' title="bbox 519 1605 2096 1674">
     <span class='ocr_line' id='line_1_17' title="bbox 519 1605 2096 1674; baseline 0.002 -18"><span class='ocrx_word' id='word_1_105' title='bbox 519 1617 654 1668; x_wconf 87' lang='lat' dir='ltr'><strong>rem,</strong></span> <span class='ocrx_word' id='word_1_106' title='bbox 688 1612 743 1657; x_wconf 90' lang='lat' dir='ltr'><strong>et</strong></span> <span class='ocrx_word' id='word_1_107' title='bbox 801 1605 1041 1659; x_wconf 68' lang='lat' dir='ltr'><strong>materiae</strong></span> <span class='ocrx_word' id='word_1_108' title='bbox 1079 1607 1540 1674; x_wconf 83' lang='lat' dir='ltr'><strong>assumptionem,</strong></span> <span class='ocrx_word' id='word_1_109' title='bbox 1580 1619 1635 1658; x_wconf 90' lang='lat' dir='ltr'><strong>et</strong></span> <span class='ocrx_word' id='word_1_110' title='bbox 1684 1620 1839 1658; x_wconf 81' lang='lat' dir='ltr'><strong>usum</strong></span> <span class='ocrx_word' id='word_1_111' title='bbox 1894 1606 2096 1659; x_wconf 86' lang='lat' dir='ltr'><strong>instru-</strong></span> 
     </span>
    </p>
   </div>
   <div class='ocr_carea' id='block_1_18' title="bbox 517 1689 2098 1767">
    <p class='ocr_par' dir='ltr' id='par_1_18' title="bbox 517 1689 2098 1767">
     <span class='ocr_line' id='line_1_18' title="bbox 517 1689 2098 1767; baseline 0.001 -18"><span class='ocrx_word' id='word_1_112' title='bbox 517 1689 847 1752; x_wconf 75' lang='lat' dir='ltr'><strong>mentorum.</strong></span> <span class='ocrx_word' id='word_1_113' title='bbox 885 1697 1008 1751; x_wconf 69' lang='lat' dir='ltr'><strong>Haec</strong></span> <span class='ocrx_word' id='word_1_114' title='bbox 1064 1698 1208 1751; x_wconf 92' lang='lat' dir='ltr'><strong>enim</strong></span> <span class='ocrx_word' id='word_1_115' title='bbox 1267 1700 1461 1753; x_wconf 89' lang='lat' dir='ltr'><strong>adsunt</strong></span> <span class='ocrx_word' id='word_1_116' title='bbox 1487 1699 1834 1767; x_wconf 86' lang='lat' dir='ltr'><strong>operantibus</strong></span> <span class='ocrx_word' id='word_1_117' title='bbox 1858 1698 2098 1752; x_wconf 88' lang='lat' dir='ltr'><strong>homini-</strong></span> 
     </span>
    </p>
   </div>
   <div class='ocr_carea' id='block_1_19' title="bbox 516 1786 2093 1856">
    <p class='ocr_par' dir='ltr' id='par_1_19' title="bbox 516 1786 2093 1856">
     <span class='ocr_line' id='line_1_19' title="bbox 516 1786 2093 1856; baseline -0.001 -14"><span class='ocrx_word' id='word_1_118' title='bbox 516 1786 638 1843; x_wconf 85' lang='lat' dir='ltr'><strong>bus.</strong></span> <span class='ocrx_word' id='word_1_119' title='bbox 670 1787 725 1844; x_wconf 90' lang='lat' dir='ltr'><strong>Si</strong></span> <span class='ocrx_word' id='word_1_120' title='bbox 785 1803 911 1843; x_wconf 85' lang='lat' dir='ltr'><strong>vero</strong></span> <span class='ocrx_word' id='word_1_121' title='bbox 952 1788 1138 1843; x_wconf 80' lang='lat' dir='ltr'><strong>isthaec</strong></span> <span class='ocrx_word' id='word_1_122' title='bbox 1169 1789 1279 1843; x_wconf 85' lang='lat' dir='ltr'><strong>Deo</strong></span> <span class='ocrx_word' id='word_1_123' title='bbox 1321 1803 1424 1842; x_wconf 94' lang='lat' dir='ltr'><strong>non</strong></span> <span class='ocrx_word' id='word_1_124' title='bbox 1473 1790 1693 1853; x_wconf 88' lang='lat' dir='ltr'><strong>adsunt,</strong></span> <span class='ocrx_word' id='word_1_125' title='bbox 1741 1804 1913 1856; x_wconf 81' lang='lat' dir='ltr'><strong>neque</strong></span> <span class='ocrx_word' id='word_1_126' title='bbox 1944 1791 2093 1843; x_wconf 84' lang='lat' dir='ltr'><strong>adest</strong></span> 
     </span>
    </p>
   </div>
   <div class='ocr_carea' id='block_1_20' title="bbox 2202 594 3792 673">
    <p class='ocr_par' dir='ltr' id='par_1_20' title="bbox 2202 594 3792 673">
     <span class='ocr_line' id='line_1_20' title="bbox 2202 594 3792 673; baseline 0.011 -28"><span class='ocrx_word' id='word_1_127' title='bbox 2202 594 2498 668; x_wconf 80' lang='grc' dir='ltr'><strong>ὀρθοτάτην</strong></span> <span class='ocrx_word' id='word_1_128' title='bbox 2530 596 2656 665; x_wconf 79' lang='grc' dir='ltr'>περὶ</span> <span class='ocrx_word' id='word_1_129' title='bbox 2682 594 2842 658; x_wconf 81' lang='grc' dir='ltr'>Θεοῦ,</span> <span class='ocrx_word' id='word_1_130' title='bbox 2861 595 3091 665; x_wconf 85' lang='grc' dir='ltr'>μάλιστα</span> <span class='ocrx_word' id='word_1_131' title='bbox 3111 603 3223 665; x_wconf 82' lang='grc' dir='ltr'>τοῖς</span> <span class='ocrx_word' id='word_1_132' title='bbox 3250 599 3428 673; x_wconf 83' lang='grc' dir='ltr'><strong>ὀρθῶς</strong></span> <span class='ocrx_word' id='word_1_133' title='bbox 3447 606 3792 663; x_wconf 83' lang='grc' dir='ltr'>πιστεύουσι.</span> 
     </span>
    </p>
   </div>
   <div class='ocr_carea' id='block_1_21' title="bbox 2203 685 3797 767">
    <p class='ocr_par' dir='ltr' id='par_1_21' title="bbox 2203 685 3797 767">
     <span class='ocr_line' id='line_1_21' title="bbox 2203 685 3797 767; baseline 0.009 -29"><span class='ocrx_word' id='word_1_134' title='bbox 2203 687 2285 739; x_wconf 75' lang='grc' dir='ltr'>Τὰ</span> <span class='ocrx_word' id='word_1_135' title='bbox 2314 685 2408 742; x_wconf 79' lang='grc' dir='ltr'><strong>οῦν</strong></span> <span class='ocrx_word' id='word_1_136' title='bbox 2436 689 2673 758; x_wconf 78' lang='grc' dir='ltr'>ὀνόματα</span> <span class='ocrx_word' id='word_1_137' title='bbox 2697 690 2887 760; x_wconf 73' lang='grc' dir='ltr'>χρῆσίς</span> <span class='ocrx_word' id='word_1_138' title='bbox 2916 691 3063 742; x_wconf 78' lang='grc' dir='ltr'>ἐστιν</span> <span class='ocrx_word' id='word_1_139' title='bbox 3094 694 3401 765; x_wconf 83' lang='grc' dir='ltr'>ἀνθρώποις</span> <span class='ocrx_word' id='word_1_140' title='bbox 3429 695 3568 767; x_wconf 80' lang='grc' dir='ltr'>πρὸς</span> <span class='ocrx_word' id='word_1_141' title='bbox 3589 701 3797 764; x_wconf 77' lang='grc' dir='ltr'>γνῶσιν</span> 
     </span>
    </p>
   </div>
   <div class='ocr_carea' id='block_1_22' title="bbox 2207 778 3795 857">
    <p class='ocr_par' dir='ltr' id='par_1_22' title="bbox 2207 778 3795 857">
     <span class='ocr_line' id='line_1_22' title="bbox 2207 778 3795 857; baseline 0.008 -28"><span class='ocrx_word' id='word_1_142' title='bbox 2207 779 2298 829; x_wconf 72' lang='grc' dir='ltr'><strong>καὶ</strong></span> <span class='ocrx_word' id='word_1_143' title='bbox 2321 779 2591 850; x_wconf 75' lang='grc' dir='ltr'>διάκρισιν</span> <span class='ocrx_word' id='word_1_144' title='bbox 2621 778 2733 845; x_wconf 76' lang='grc'><strong>(55)</strong></span> <span class='ocrx_word' id='word_1_145' title='bbox 2769 781 2982 843; x_wconf 80' lang='grc' dir='ltr'>οὐσιῶν,</span> <span class='ocrx_word' id='word_1_146' title='bbox 3013 779 3046 851; x_wconf 81' lang='grc' dir='ltr'>ἢ</span> <span class='ocrx_word' id='word_1_147' title='bbox 3077 785 3172 834; x_wconf 83' lang='grc' dir='ltr'><strong>καὶ</strong></span> <span class='ocrx_word' id='word_1_148' title='bbox 3197 787 3540 857; x_wconf 82' lang='grc' dir='ltr'><strong>πραγμάτων</strong></span> <span class='ocrx_word' id='word_1_149' title='bbox 3565 788 3664 839; x_wconf 84' lang='grc' dir='ltr'><strong>καί</strong></span> <span class='ocrx_word' id='word_1_150' title='bbox 3686 791 3795 841; x_wconf 80' lang='grc' dir='ltr'><strong>τῶν</strong></span> 
     </span>
    </p>
   </div>
   <div class='ocr_carea' id='block_1_23' title="bbox 2203 871 3796 948">
    <p class='ocr_par' dir='ltr' id='par_1_23' title="bbox 2203 871 3796 948">
     <span class='ocr_line' id='line_1_23' title="bbox 2203 871 3796 948; baseline 0.008 -28"><span class='ocrx_word' id='word_1_151' title='bbox 2203 871 2332 941; x_wconf 73' lang='grc' dir='ltr'>περ).</span> <span class='ocrx_word' id='word_1_152' title='bbox 2370 872 2469 935; x_wconf 83' lang='grc' dir='ltr'><strong>τὰς</strong></span> <span class='ocrx_word' id='word_1_153' title='bbox 2508 871 2692 935; x_wconf 79' lang='grc' dir='ltr'>οὐσίας</span> <span class='ocrx_word' id='word_1_154' title='bbox 2739 872 3151 946; x_wconf 81' lang='grc' dir='ltr'>ὲπινοηθὲντων.</span> <span class='ocrx_word' id='word_1_155' title='bbox 3190 877 3281 946; x_wconf 81' lang='grc' dir='ltr'><strong>Μὴ</strong></span> <span class='ocrx_word' id='word_1_156' title='bbox 3307 877 3400 932; x_wconf 78' lang='grc' dir='ltr'>οὖν</span> <span class='ocrx_word' id='word_1_157' title='bbox 3433 899 3490 934; x_wconf 89' lang='grc' dir='ltr'><strong>σε</strong></span> <span class='ocrx_word' id='word_1_158' title='bbox 3535 879 3796 948; x_wconf 81' lang='grc' dir='ltr'>ξενιζέτω</span> 
     </span>
    </p>
   </div>
   <div class='ocr_carea' id='block_1_24' title="bbox 2203 961 3792 1038">
    <p class='ocr_par' dir='ltr' id='par_1_24' title="bbox 2203 961 3792 1038">
     <span class='ocr_line' id='line_1_24' title="bbox 2203 961 3792 1038; baseline 0.006 -26"><span class='ocrx_word' id='word_1_159' title='bbox 2203 963 2415 1034; x_wconf 81' lang='grc' dir='ltr'>γαστὴρ</span> <span class='ocrx_word' id='word_1_160' title='bbox 2466 962 2555 1014; x_wconf 79' lang='grc' dir='ltr'><strong>ἐπὶ</strong></span> <span class='ocrx_word' id='word_1_161' title='bbox 2599 961 2764 1014; x_wconf 92' lang='grc' dir='ltr'>Θεοῦ·</span> <span class='ocrx_word' id='word_1_162' title='bbox 2799 963 2921 1018; x_wconf 71' lang='grc' dir='ltr'>ἐπεὶ</span> <span class='ocrx_word' id='word_1_163' title='bbox 2970 965 3105 1038; x_wconf 74' lang='grc' dir='ltr'>μηδὲ</span> <span class='ocrx_word' id='word_1_164' title='bbox 3145 965 3288 1036; x_wconf 75' lang='grc' dir='ltr'>χεὶρ,</span> <span class='ocrx_word' id='word_1_165' title='bbox 3345 968 3377 1037; x_wconf 84' lang='grc' dir='ltr'>ἦ</span> <span class='ocrx_word' id='word_1_166' title='bbox 3424 973 3492 1023; x_wconf 74' lang='grc' dir='ltr'>τὰ</span> <span class='ocrx_word' id='word_1_167' title='bbox 3541 971 3680 1026; x_wconf 75' lang='grc' dir='ltr'>ἄλλα</span> <span class='ocrx_word' id='word_1_168' title='bbox 3722 969 3792 1022; x_wconf 80' lang='grc' dir='ltr'><strong>τά</strong></span> 
     </span>
    </p>
   </div>
   <div class='ocr_carea' id='block_1_25' title="bbox 2203 1053 3793 1129">
    <p class='ocr_par' dir='ltr' id='par_1_25' title="bbox 2203 1053 3793 1129">
     <span class='ocr_line' id='line_1_25' title="bbox 2203 1053 3793 1129; baseline 0.008 -24"><span class='ocrx_word' id='word_1_169' title='bbox 2203 1055 2596 1126; x_wconf 78' lang='grc' dir='ltr'><strong>προειρημένα.</strong></span> <span class='ocrx_word' id='word_1_170' title='bbox 2621 1053 2829 1106; x_wconf 77' lang='grc' dir='ltr'>Οὐκοῦν</span> <span class='ocrx_word' id='word_1_171' title='bbox 2850 1056 2969 1108; x_wconf 75' lang='grc' dir='ltr'>οὐδὲ</span> <span class='ocrx_word' id='word_1_172' title='bbox 2995 1058 3244 1129; x_wconf 77' lang='grc' dir='ltr'>γέννησις</span> <span class='ocrx_word' id='word_1_173' title='bbox 3273 1058 3364 1109; x_wconf 74' lang='grc' dir='ltr'>ἐπὶ</span> <span class='ocrx_word' id='word_1_174' title='bbox 3391 1059 3527 1113; x_wconf 89' lang='grc' dir='ltr'>Θεοῦ</span> <span class='ocrx_word' id='word_1_175' title='bbox 3558 1063 3793 1129; x_wconf 74' lang='grc' dir='ltr'>ξενίσειέ</span> 
     </span>
    </p>
   </div>
   <div class='ocr_carea' id='block_1_26' title="bbox 2206 1145 2992 1215">
    <p class='ocr_par' dir='ltr' id='par_1_26' title="bbox 2206 1145 2992 1215">
     <span class='ocr_line' id='line_1_26' title="bbox 2206 1145 2992 1215; baseline 0.003 -17"><span class='ocrx_word' id='word_1_176' title='bbox 2206 1163 2285 1207; x_wconf 87' lang='grc' dir='ltr'><strong>σε,</strong></span> <span class='ocrx_word' id='word_1_177' title='bbox 2320 1147 2350 1215; x_wconf 69' lang='grc' dir='ltr'>ἦ</span> <span class='ocrx_word' id='word_1_178' title='bbox 2385 1164 2508 1201; x_wconf 86' lang='grc' dir='ltr'>τινα</span> <span class='ocrx_word' id='word_1_179' title='bbox 2531 1145 2639 1198; x_wconf 86' lang='grc' dir='ltr'>τῶν</span> <span class='ocrx_word' id='word_1_180' title='bbox 2668 1146 2992 1200; x_wconf 80' lang='grc' dir='ltr'>ἀκουόντων.</span> 
     </span>
    </p>
   </div>
   <div class='ocr_carea' id='block_1_27' title="bbox 2270 1404 3791 1478">
    <p class='ocr_par' dir='ltr' id='par_1_27' title="bbox 2270 1404 3791 1478">
     <span class='ocr_line' id='line_1_27' title="bbox 2270 1404 3791 1478; baseline 0.007 -21"><span class='ocrx_word' id='word_1_181' title='bbox 2270 1405 2322 1458; x_wconf 82' lang='lat'><strong>5.</strong></span> <span class='ocrx_word' id='word_1_182' title='bbox 2357 1407 2420 1459; x_wconf 82' lang='lat' dir='ltr'><strong>El</strong></span> <span class='ocrx_word' id='word_1_183' title='bbox 2445 1407 2501 1460; x_wconf 89' lang='grc' dir='ltr'>δὲ</span> <span class='ocrx_word' id='word_1_184' title='bbox 2532 1404 2702 1469; x_wconf 86' lang='grc' dir='ltr'>πάθος</span> <span class='ocrx_word' id='word_1_185' title='bbox 2731 1407 2790 1458; x_wconf 82' lang='grc' dir='ltr'>ὲν</span> <span class='ocrx_word' id='word_1_186' title='bbox 2819 1406 2936 1477; x_wconf 81' lang='grc' dir='ltr'>Θεῷ</span> <span class='ocrx_word' id='word_1_187' title='bbox 2965 1411 3221 1476; x_wconf 76' lang='grc' dir='ltr'>γεννῶντι</span> <span class='ocrx_word' id='word_1_188' title='bbox 3255 1409 3501 1477; x_wconf 73' lang='grc' dir='ltr'>φοϐεῖταί</span> <span class='ocrx_word' id='word_1_189' title='bbox 3530 1415 3791 1478; x_wconf 75' lang='grc' dir='ltr'>τις,οεστι</span> 
     </span>
    </p>
   </div>
   <div class='ocr_carea' id='block_1_28' title="bbox 2201 1497 3789 1574">
    <p class='ocr_par' dir='ltr' id='par_1_28' title="bbox 2201 1497 3789 1574">
     <span class='ocr_line' id='line_1_28' title="bbox 2201 1497 3789 1574; baseline 0.006 -24"><span class='ocrx_word' id='word_1_190' title='bbox 2201 1498 2295 1550; x_wconf 74' lang='grc' dir='ltr'><strong>καὶ</strong></span> <span class='ocrx_word' id='word_1_191' title='bbox 2325 1499 2596 1563; x_wconf 76' lang='grc' dir='ltr'>κτίζοντος</span> <span class='ocrx_word' id='word_1_192' title='bbox 2631 1497 2934 1570; x_wconf 76' lang='grc' dir='ltr'>φοϐηθῆναι</span> <span class='ocrx_word' id='word_1_193' title='bbox 2976 1501 3209 1574; x_wconf 82' lang='grc' dir='ltr'>κίνησιν,</span> <span class='ocrx_word' id='word_1_194' title='bbox 3252 1502 3346 1553; x_wconf 76' lang='grc' dir='ltr'>καὶ</span> <span class='ocrx_word' id='word_1_195' title='bbox 3381 1505 3654 1571; x_wconf 85' lang='grc' dir='ltr'>κάματον,</span> <span class='ocrx_word' id='word_1_196' title='bbox 3691 1509 3789 1559; x_wconf 74' lang='grc' dir='ltr'><strong>καὶ</strong></span> 
     </span>
    </p>
   </div>
   <div class='ocr_carea' id='block_1_29' title="bbox 2200 1589 3788 1671">
    <p class='ocr_par' dir='ltr' id='par_1_29' title="bbox 2200 1589 3788 1671">
     <span class='ocr_line' id='line_1_29' title="bbox 2200 1589 3788 1671; baseline 0.007 -30"><span class='ocrx_word' id='word_1_197' title='bbox 2200 1589 2502 1661; x_wconf 70' lang='grc' dir='ltr'>πρόσληψιν</span> <span class='ocrx_word' id='word_1_198' title='bbox 2547 1589 2701 1661; x_wconf 78' lang='grc' dir='ltr'>ὕλης,</span> <span class='ocrx_word' id='word_1_199' title='bbox 2742 1593 2837 1644; x_wconf 79' lang='grc' dir='ltr'><strong>καὶ</strong></span> <span class='ocrx_word' id='word_1_200' title='bbox 2889 1593 3079 1664; x_wconf 81' lang='grc' dir='ltr'>χρείαν</span> <span class='ocrx_word' id='word_1_201' title='bbox 3120 1597 3384 1668; x_wconf 77' lang='grc' dir='ltr'>ὀργάνων.</span> <span class='ocrx_word' id='word_1_202' title='bbox 3438 1597 3630 1651; x_wconf 79' lang='grc' dir='ltr'>Ταῦτα</span> <span class='ocrx_word' id='word_1_203' title='bbox 3674 1601 3788 1671; x_wconf 81' lang='grc' dir='ltr'>γὰρ</span> 
     </span>
    </p>
   </div>
   <div class='ocr_carea' id='block_1_30' title="bbox 2199 1682 3787 1754">
    <p class='ocr_par' dir='ltr' id='par_1_30' title="bbox 2199 1682 3787 1754">
     <span class='ocr_line' id='line_1_30' title="bbox 2199 1682 3787 1754; baseline 0.006 -22"><span class='ocrx_word' id='word_1_204' title='bbox 2199 1682 2286 1732; x_wconf 76' lang='grc' dir='ltr'><strong>ἐπ’</strong></span> <span class='ocrx_word' id='word_1_205' title='bbox 2335 1683 2636 1752; x_wconf 84' lang='grc' dir='ltr'>ἀνθρώπων</span> <span class='ocrx_word' id='word_1_206' title='bbox 2701 1683 3194 1754; x_wconf 82' lang='grc' dir='ltr'>δημιουργούντων.</span> <span class='ocrx_word' id='word_1_207' title='bbox 3255 1689 3316 1740; x_wconf 78' lang='lat' dir='ltr'><strong>Et</strong></span> <span class='ocrx_word' id='word_1_208' title='bbox 3371 1687 3428 1740; x_wconf 83' lang='grc' dir='ltr'>δὲ</span> <span class='ocrx_word' id='word_1_209' title='bbox 3492 1688 3668 1741; x_wconf 84' lang='grc' dir='ltr'>ταῦτα</span> <span class='ocrx_word' id='word_1_210' title='bbox 3721 1692 3787 1742; x_wconf 79' lang='grc' dir='ltr'><strong>οὐ</strong></span> 
     </span>
    </p>
   </div>
   <div class='ocr_carea' id='block_1_31' title="bbox 2201 1775 3786 1853">
    <p class='ocr_par' dir='ltr' id='par_1_31' title="bbox 2201 1775 3786 1853">
     <span class='ocr_line' id='line_1_31' title="bbox 2201 1775 3786 1853; baseline 0.007 -27"><span class='ocrx_word' id='word_1_211' title='bbox 2201 1775 2453 1845; x_wconf 81' lang='grc' dir='ltr'>πρόσεστι</span> <span class='ocrx_word' id='word_1_212' title='bbox 2490 1776 2628 1845; x_wconf 85' lang='grc' dir='ltr'>Θεῷ,</span> <span class='ocrx_word' id='word_1_213' title='bbox 2660 1777 2780 1830; x_wconf 70' lang='grc' dir='ltr'>οὐδὲ</span> <span class='ocrx_word' id='word_1_214' title='bbox 2815 1777 2984 1840; x_wconf 85' lang='grc' dir='ltr'>πάθος</span> <span class='ocrx_word' id='word_1_215' title='bbox 3025 1781 3081 1830; x_wconf 72' lang='grc' dir='ltr'>ἐν</span> <span class='ocrx_word' id='word_1_216' title='bbox 3118 1783 3192 1853; x_wconf 79' lang='grc' dir='ltr'>τῷ</span> <span class='ocrx_word' id='word_1_217' title='bbox 3227 1783 3444 1850; x_wconf 79' lang='grc' dir='ltr'>γεννᾷν.</span> <span class='ocrx_word' id='word_1_218' title='bbox 3493 1782 3786 1837; x_wconf 80' lang='grc' dir='ltr'>Ἀδύνατον</span> 
     </span>
    </p>
   </div>
   <div class='ocr_carea' id='block_1_32' title="bbox 518 1863 2096 1948">
    <p class='ocr_par' dir='ltr' id='par_1_32' title="bbox 518 1875 2096 1948">
     <span class='ocr_line' id='line_1_32' title="bbox 518 1875 2096 1948; baseline 0.001 -19"><span class='ocrx_word' id='word_1_219' title='bbox 518 1875 732 1932; x_wconf 73' lang='lat' dir='ltr'><strong>affectio</strong></span> <span class='ocrx_word' id='word_1_220' title='bbox 777 1879 828 1931; x_wconf 91' lang='lat' dir='ltr'><strong>in</strong></span> <span class='ocrx_word' id='word_1_221' title='bbox 879 1879 1206 1948; x_wconf 85' lang='lat' dir='ltr'><strong>generando.</strong></span> <span class='ocrx_word' id='word_1_222' title='bbox 1247 1878 1387 1932; x_wconf 86' lang='lat' dir='ltr'><strong>Fieri</strong></span> <span class='ocrx_word' id='word_1_223' title='bbox 1436 1877 1578 1932; x_wconf 91' lang='lat' dir='ltr'><strong>enim</strong></span> <span class='ocrx_word' id='word_1_224' title='bbox 1634 1895 1739 1933; x_wconf 92' lang='lat' dir='ltr'><strong>non</strong></span> <span class='ocrx_word' id='word_1_225' title='bbox 1781 1889 1988 1947; x_wconf 78' lang='lat' dir='ltr'><strong>potest,</strong></span> <span class='ocrx_word' id='word_1_226' title='bbox 2043 1883 2096 1932; x_wconf 79' lang='lat' dir='ltr'><strong>ut</strong></span> 
     </span>
    </p>
   </div>
   <div class='ocr_carea' id='block_1_33' title="bbox 2200 1863 3794 1948">
    <p class='ocr_par' dir='ltr' id='par_1_33' title="bbox 2202 1863 3794 1945">
     <span class='ocr_line' id='line_1_33' title="bbox 2202 1863 3794 1945; baseline 0.007 -29"><span class='ocrx_word' id='word_1_227' title='bbox 2202 1863 2310 1933; x_wconf 80' lang='grc' dir='ltr'><strong>γάρ</strong></span> <span class='ocrx_word' id='word_1_228' title='bbox 2343 1867 2442 1936; x_wconf 79' lang='grc' dir='ltr'><strong>τὴν</strong></span> <span class='ocrx_word' id='word_1_229' title='bbox 2476 1867 2662 1935; x_wconf 79' lang='grc' dir='ltr'>άπαθῆ</span> <span class='ocrx_word' id='word_1_230' title='bbox 2697 1867 2858 1935; x_wconf 82' lang='grc' dir='ltr'>φύσιν</span> <span class='ocrx_word' id='word_1_231' title='bbox 2901 1867 3065 1920; x_wconf 84' lang='grc' dir='ltr'>πάθει</span> <span class='ocrx_word' id='word_1_232' title='bbox 3095 1874 3431 1945; x_wconf 85' lang='grc' dir='ltr'>περιπεσεῖν.</span> <span class='ocrx_word' id='word_1_233' title='bbox 3461 1872 3525 1924; x_wconf 90' lang='grc' dir='ltr'>Τί</span> <span class='ocrx_word' id='word_1_234' title='bbox 3558 1869 3655 1925; x_wconf 78' lang='grc' dir='ltr'><strong>οὖν</strong></span> <span class='ocrx_word' id='word_1_235' title='bbox 3687 1892 3794 1942; x_wconf 68' lang='grc' dir='ltr'><strong>φοι</strong></span> 
     </span>
    </p>
   </div>
   <div class='ocr_carea' id='block_1_34' title="bbox 520 1967 2094 2038">
    <p class='ocr_par' dir='ltr' id='par_1_34' title="bbox 520 1967 2094 2038">
     <span class='ocr_line' id='line_1_34' title="bbox 520 1967 2094 2038; baseline 0.002 -17"><span class='ocrx_word' id='word_1_236' title='bbox 520 1981 709 2023; x_wconf 85' lang='lat' dir='ltr'><strong>natura</strong></span> <span class='ocrx_word' id='word_1_237' title='bbox 735 1967 1035 2023; x_wconf 72' lang='lat' dir='ltr'><strong>affectionis</strong></span> <span class='ocrx_word' id='word_1_238' title='bbox 1060 1985 1253 2038; x_wconf 82' lang='lat' dir='ltr'><strong>expers</strong></span> <span class='ocrx_word' id='word_1_239' title='bbox 1283 1971 1334 2022; x_wconf 92' lang='lat' dir='ltr'><strong>in</strong></span> <span class='ocrx_word' id='word_1_240' title='bbox 1361 1967 1698 2023; x_wconf 67' lang='lat' dir='ltr'><strong>affectionem</strong></span> <span class='ocrx_word' id='word_1_241' title='bbox 1736 1971 1959 2026; x_wconf 77' lang='lat' dir='ltr'><strong>incidat.</strong></span> <span class='ocrx_word' id='word_1_242' title='bbox 1986 1970 2094 2024; x_wconf 92' lang='lat' dir='ltr'><strong>Cur</strong></span> 
     </span>
    </p>
   </div>
   <div class='ocr_carea' id='block_1_35' title="bbox 519 2059 2095 2129">
    <p class='ocr_par' dir='ltr' id='par_1_35' title="bbox 519 2059 2095 2129">
     <span class='ocr_line' id='line_1_35' title="bbox 519 2059 2095 2129; baseline 0.002 -16"><span class='ocrx_word' id='word_1_243' title='bbox 519 2059 680 2129; x_wconf 79' lang='lat' dir='ltr'><strong>igitur</strong></span> <span class='ocrx_word' id='word_1_244' title='bbox 708 2060 859 2112; x_wconf 88' lang='lat' dir='ltr'><strong>timet</strong></span> <span class='ocrx_word' id='word_1_245' title='bbox 881 2060 1000 2128; x_wconf 90' lang='lat' dir='ltr'><strong>quis</strong></span> <span class='ocrx_word' id='word_1_246' title='bbox 1029 2061 1298 2124; x_wconf 85' lang='lat' dir='ltr'><strong>timorem,</strong></span> <span class='ocrx_word' id='word_1_247' title='bbox 1341 2061 1430 2114; x_wconf 93' lang='lat' dir='ltr'><strong>ubi</strong></span> <span class='ocrx_word' id='word_1_248' title='bbox 1478 2062 1635 2115; x_wconf 87' lang='lat' dir='ltr'><strong>timor</strong></span> <span class='ocrx_word' id='word_1_249' title='bbox 1668 2077 1772 2116; x_wconf 93' lang='lat' dir='ltr'><strong>non</strong></span> <span class='ocrx_word' id='word_1_250' title='bbox 1802 2063 1922 2118; x_wconf 89' lang='lat' dir='ltr'><strong>est?</strong></span> <span class='ocrx_word' id='word_1_251' title='bbox 1953 2064 2095 2116; x_wconf 83' lang='lat' dir='ltr'><strong>Deus</strong></span> 
     </span>
    </p>
   </div>
   <div class='ocr_carea' id='block_1_36' title="bbox 517 2152 2094 2222">
    <p class='ocr_par' dir='ltr' id='par_1_36' title="bbox 517 2152 2094 2222">
     <span class='ocr_line' id='line_1_36' title="bbox 517 2152 2094 2222; baseline 0.001 -18"><span class='ocrx_word' id='word_1_252' title='bbox 517 2165 692 2222; x_wconf 89' lang='lat' dir='ltr'><strong>neque</strong></span> <span class='ocrx_word' id='word_1_253' title='bbox 720 2167 841 2205; x_wconf 92' lang='lat' dir='ltr'><strong>cum</strong></span> <span class='ocrx_word' id='word_1_254' title='bbox 868 2168 931 2206; x_wconf 73' lang='lat' dir='ltr'><strong>ex</strong></span> <span class='ocrx_word' id='word_1_255' title='bbox 967 2167 1024 2206; x_wconf 87' lang='lat' dir='ltr'><strong>se</strong></span> <span class='ocrx_word' id='word_1_256' title='bbox 1057 2161 1245 2205; x_wconf 91' lang='lat' dir='ltr'><strong>natura</strong></span> <span class='ocrx_word' id='word_1_257' title='bbox 1265 2161 1506 2220; x_wconf 85' lang='lat' dir='ltr'><strong>generat,</strong></span> <span class='ocrx_word' id='word_1_258' title='bbox 1535 2152 1804 2208; x_wconf 65' lang='lat' dir='ltr'><strong>aﬂ‘ectioui</strong></span> <span class='ocrx_word' id='word_1_259' title='bbox 1830 2155 2094 2209; x_wconf 75' lang='lat' dir='ltr'><strong>obnoxius</strong></span> 
     </span>
    </p>
   </div>
   <div class='ocr_carea' id='block_1_37' title="bbox 517 2243 2097 2313">
    <p class='ocr_par' dir='ltr' id='par_1_37' title="bbox 517 2243 2097 2313">
     <span class='ocr_line' id='line_1_37' title="bbox 517 2243 2097 2313; baseline 0 -15"><span class='ocrx_word' id='word_1_260' title='bbox 517 2254 632 2309; x_wconf 87' lang='lat' dir='ltr'><strong>est;</strong></span> <span class='ocrx_word' id='word_1_261' title='bbox 664 2244 844 2299; x_wconf 88' lang='lat' dir='ltr'><strong>absit!</strong></span> <span class='ocrx_word' id='word_1_262' title='bbox 881 2258 1054 2311; x_wconf 86' lang='lat' dir='ltr'><strong>neque</strong></span> <span class='ocrx_word' id='word_1_263' title='bbox 1083 2243 1312 2309; x_wconf 85' lang='lat' dir='ltr'><strong>laborat,</strong></span> <span class='ocrx_word' id='word_1_264' title='bbox 1348 2260 1470 2299; x_wconf 89' lang='lat' dir='ltr'><strong>cum</strong></span> <span class='ocrx_word' id='word_1_265' title='bbox 1511 2257 1603 2300; x_wconf 90' lang='lat' dir='ltr'><strong>aut</strong></span> <span class='ocrx_word' id='word_1_266' title='bbox 1635 2246 1858 2313; x_wconf 85' lang='lat' dir='ltr'><strong>aliquid,</strong></span> <span class='ocrx_word' id='word_1_267' title='bbox 1897 2258 1990 2298; x_wconf 89' lang='lat' dir='ltr'><strong>aut</strong></span> <span class='ocrx_word' id='word_1_268' title='bbox 2017 2261 2097 2298; x_wconf 82' lang='lat' dir='ltr'><strong>re-</strong></span> 
     </span>
    </p>
   </div>
   <div class='ocr_carea' id='block_1_38' title="bbox 516 2337 2096 2406">
    <p class='ocr_par' dir='ltr' id='par_1_38' title="bbox 516 2337 2096 2406">
     <span class='ocr_line' id='line_1_38' title="bbox 516 2337 2096 2406; baseline 0.001 -16"><span class='ocrx_word' id='word_1_269' title='bbox 516 2351 636 2390; x_wconf 91' lang='lat' dir='ltr'><strong>rum</strong></span> <span class='ocrx_word' id='word_1_270' title='bbox 667 2337 1072 2391; x_wconf 79' lang='lat' dir='ltr'><strong>universitatem</strong></span> <span class='ocrx_word' id='word_1_271' title='bbox 1107 2352 1138 2391; x_wconf 92' lang='lat' dir='ltr'><strong>e</strong></span> <span class='ocrx_word' id='word_1_272' title='bbox 1181 2338 1350 2391; x_wconf 89' lang='lat' dir='ltr'><strong>nihilo</strong></span> <span class='ocrx_word' id='word_1_273' title='bbox 1386 2345 1568 2390; x_wconf 87' lang='lat' dir='ltr'><strong>creat:</strong></span> <span class='ocrx_word' id='word_1_274' title='bbox 1607 2337 1978 2406; x_wconf 83' lang='lat' dir='ltr'><strong>absit,neque</strong></span> <span class='ocrx_word' id='word_1_275' title='bbox 2015 2339 2096 2392; x_wconf 84' lang='lat' dir='ltr'><strong>di-</strong></span> 
     </span>
    </p>
   </div>
   <div class='ocr_carea' id='block_1_39' title="bbox 516 2427 2094 2501">
    <p class='ocr_par' dir='ltr' id='par_1_39' title="bbox 516 2427 2094 2501">
     <span class='ocr_line' id='line_1_39' title="bbox 516 2427 2094 2501; baseline 0.001 -17"><span class='ocrx_word' id='word_1_276' title='bbox 516 2430 700 2484; x_wconf 82' lang='lat' dir='ltr'><strong>catur!</strong></span> <span class='ocrx_word' id='word_1_277' title='bbox 732 2427 882 2495; x_wconf 86' lang='lat' dir='ltr'><strong>Quod</strong></span> <span class='ocrx_word' id='word_1_278' title='bbox 908 2430 952 2482; x_wconf 93' lang='lat' dir='ltr'><strong>si</strong></span> <span class='ocrx_word' id='word_1_279' title='bbox 976 2445 1139 2483; x_wconf 90' lang='lat' dir='ltr'><strong>unum</strong></span> <span class='ocrx_word' id='word_1_280' title='bbox 1173 2430 1394 2501; x_wconf 82' lang='lat' dir='ltr'><strong>refugis,</strong></span> <span class='ocrx_word' id='word_1_281' title='bbox 1423 2430 1584 2485; x_wconf 82' lang='lat' dir='ltr'><strong>etiam</strong></span> <span class='ocrx_word' id='word_1_282' title='bbox 1614 2439 1783 2484; x_wconf 88' lang='lat' dir='ltr'><strong>totum</strong></span> <span class='ocrx_word' id='word_1_283' title='bbox 1809 2446 1823 2496; x_wconf 90' lang='lat'><strong>;</strong></span> <span class='ocrx_word' id='word_1_284' title='bbox 1857 2432 1899 2484; x_wconf 91' lang='lat' dir='ltr'><strong>si</strong></span> <span class='ocrx_word' id='word_1_285' title='bbox 1925 2438 2094 2485; x_wconf 76' lang='lat' dir='ltr'><strong>totum</strong></span> 
     </span>
    </p>
   </div>
   <div class='ocr_carea' id='block_1_40' title="bbox 515 2521 2097 2594">
    <p class='ocr_par' dir='ltr' id='par_1_40' title="bbox 515 2521 2097 2594">
     <span class='ocr_line' id='line_1_40' title="bbox 515 2521 2097 2594; baseline -0.001 -16"><span class='ocrx_word' id='word_1_286' title='bbox 515 2521 677 2594; x_wconf 77' lang='lat'><strong>317</strong></span> <span class='ocrx_word' id='word_1_287' title='bbox 714 2523 982 2587; x_wconf 83' lang='lat' dir='ltr'><strong>similiter,</strong></span> <span class='ocrx_word' id='word_1_288' title='bbox 1012 2524 1174 2578; x_wconf 88' lang='lat' dir='ltr'><strong>etiam</strong></span> <span class='ocrx_word' id='word_1_289' title='bbox 1207 2539 1401 2589; x_wconf 89' lang='lat' dir='ltr'><strong>unum;</strong></span> <span class='ocrx_word' id='word_1_290' title='bbox 1444 2523 1487 2577; x_wconf 92' lang='lat' dir='ltr'><strong>si</strong></span> <span class='ocrx_word' id='word_1_291' title='bbox 1521 2540 1684 2578; x_wconf 91' lang='lat' dir='ltr'><strong>unum</strong></span> <span class='ocrx_word' id='word_1_292' title='bbox 1718 2523 1953 2577; x_wconf 86' lang='lat' dir='ltr'><strong>humano</strong></span> <span class='ocrx_word' id='word_1_293' title='bbox 1981 2539 2097 2576; x_wconf 77' lang='lat' dir='ltr'><strong>me-</strong></span> 
     </span>
    </p>
   </div>
   <div class='ocr_carea' id='block_1_41' title="bbox 515 2616 2098 2681">
    <p class='ocr_par' dir='ltr' id='par_1_41' title="bbox 515 2616 2098 2681">
     <span class='ocr_line' id='line_1_41' title="bbox 515 2616 2098 2681; baseline 0 -11"><span class='ocrx_word' id='word_1_294' title='bbox 515 2630 600 2681; x_wconf 85' lang='lat' dir='ltr'><strong>re,</strong></span> <span class='ocrx_word' id='word_1_295' title='bbox 631 2616 795 2669; x_wconf 91' lang='lat' dir='ltr'><strong>etiam</strong></span> <span class='ocrx_word' id='word_1_296' title='bbox 826 2625 1030 2680; x_wconf 90' lang='lat' dir='ltr'><strong>totum;</strong></span> <span class='ocrx_word' id='word_1_297' title='bbox 1060 2616 1140 2668; x_wconf 89' lang='lat' dir='ltr'><strong>sin</strong></span> <span class='ocrx_word' id='word_1_298' title='bbox 1173 2626 1350 2668; x_wconf 88' lang='lat' dir='ltr'><strong>autem</strong></span> <span class='ocrx_word' id='word_1_299' title='bbox 1378 2625 1546 2668; x_wconf 91' lang='lat' dir='ltr'><strong>totum</strong></span> <span class='ocrx_word' id='word_1_300' title='bbox 1576 2631 1680 2668; x_wconf 90' lang='lat' dir='ltr'><strong>non</strong></span> <span class='ocrx_word' id='word_1_301' title='bbox 1715 2617 1952 2670; x_wconf 86' lang='lat' dir='ltr'><strong>humano</strong></span> <span class='ocrx_word' id='word_1_302' title='bbox 1984 2632 2098 2671; x_wconf 87' lang='lat' dir='ltr'><strong>mo-</strong></span> 
     </span>
    </p>
   </div>
   <div class='ocr_carea' id='block_1_42' title="bbox 514 2706 2095 2775">
    <p class='ocr_par' dir='ltr' id='par_1_42' title="bbox 514 2706 2095 2775">
     <span class='ocr_line' id='line_1_42' title="bbox 514 2706 2095 2775; baseline -0.001 -14"><span class='ocrx_word' id='word_1_303' title='bbox 514 2720 594 2772; x_wconf 87' lang='lat' dir='ltr'><strong>re,</strong></span> <span class='ocrx_word' id='word_1_304' title='bbox 627 2721 694 2760; x_wconf 93' lang='lat' dir='ltr'><strong>ne</strong></span> <span class='ocrx_word' id='word_1_305' title='bbox 724 2722 889 2760; x_wconf 91' lang='lat' dir='ltr'><strong>unum</strong></span> <span class='ocrx_word' id='word_1_306' title='bbox 946 2706 1184 2775; x_wconf 88' lang='lat' dir='ltr'><strong>quidem.</strong></span> <span class='ocrx_word' id='word_1_307' title='bbox 1213 2706 1424 2759; x_wconf 76' lang='lat' dir='ltr'><strong>Etenim</strong></span> <span class='ocrx_word' id='word_1_308' title='bbox 1454 2707 1496 2760; x_wconf 92' lang='lat' dir='ltr'><strong>si</strong></span> <span class='ocrx_word' id='word_1_309' title='bbox 1531 2706 1671 2759; x_wconf 90' lang='lat' dir='ltr'><strong>Deus</strong></span> <span class='ocrx_word' id='word_1_310' title='bbox 1700 2721 1761 2758; x_wconf 88' lang='lat' dir='ltr'><strong>ea</strong></span> <span class='ocrx_word' id='word_1_311' title='bbox 1803 2721 1921 2773; x_wconf 74' lang='lat' dir='ltr'><strong>qum</strong></span> <span class='ocrx_word' id='word_1_312' title='bbox 1947 2723 1975 2759; x_wconf 92' lang='lat' dir='ltr'><strong>e</strong></span> <span class='ocrx_word' id='word_1_313' title='bbox 2011 2710 2095 2760; x_wconf 84' lang='lat' dir='ltr'><strong>ni-</strong></span> 
     </span>
    </p>
   </div>
   <div class='ocr_carea' id='block_1_43' title="bbox 514 2797 2096 2864">
    <p class='ocr_par' dir='ltr' id='par_1_43' title="bbox 514 2797 2096 2864">
     <span class='ocr_line' id='line_1_43' title="bbox 514 2797 2096 2864; baseline -0.003 -10"><span class='ocrx_word' id='word_1_314' title='bbox 514 2798 628 2854; x_wconf 88' lang='lat' dir='ltr'><strong>hilo</strong></span> <span class='ocrx_word' id='word_1_315' title='bbox 671 2809 947 2864; x_wconf 87' lang='lat' dir='ltr'><strong>creantur,</strong></span> <span class='ocrx_word' id='word_1_316' title='bbox 1003 2799 1134 2853; x_wconf 82' lang='lat' dir='ltr'><strong>facit</strong></span> <span class='ocrx_word' id='word_1_317' title='bbox 1187 2798 1484 2858; x_wconf 80' lang='lat' dir='ltr'><strong>voluntate.</strong></span> <span class='ocrx_word' id='word_1_318' title='bbox 1535 2807 1705 2852; x_wconf 88' lang='lat' dir='ltr'><strong>totum</strong></span> <span class='ocrx_word' id='word_1_319' title='bbox 1761 2797 1879 2851; x_wconf 86' lang='lat' dir='ltr'><strong>sine</strong></span> <span class='ocrx_word' id='word_1_320' title='bbox 1914 2797 2096 2850; x_wconf 85' lang='lat' dir='ltr'><strong>laboro</strong></span> 
     </span>
    </p>
   </div>
   <div class='ocr_carea' id='block_1_44' title="bbox 514 2889 2093 2961">
    <p class='ocr_par' dir='ltr' id='par_1_44' title="bbox 514 2889 2093 2961">
     <span class='ocr_line' id='line_1_44' title="bbox 514 2889 2093 2961; baseline -0.002 -17"><span class='ocrx_word' id='word_1_321' title='bbox 514 2889 715 2959; x_wconf 86' lang='lat' dir='ltr'><strong>efficit;</strong></span> <span class='ocrx_word' id='word_1_322' title='bbox 745 2890 904 2961; x_wconf 88' lang='lat' dir='ltr'><strong>idque</strong></span> <span class='ocrx_word' id='word_1_323' title='bbox 954 2892 1094 2960; x_wconf 87' lang='lat' dir='ltr'><strong>apud</strong></span> <span class='ocrx_word' id='word_1_324' title='bbox 1144 2907 1242 2947; x_wconf 89' lang='lat' dir='ltr'><strong>nos</strong></span> <span class='ocrx_word' id='word_1_325' title='bbox 1278 2908 1380 2946; x_wconf 92' lang='lat' dir='ltr'><strong>non</strong></span> <span class='ocrx_word' id='word_1_326' title='bbox 1416 2902 1497 2947; x_wconf 88' lang='lat' dir='ltr'><strong>est</strong></span> <span class='ocrx_word' id='word_1_327' title='bbox 1524 2890 1862 2946; x_wconf 88' lang='lat' dir='ltr'><strong>incredibile.</strong></span> <span class='ocrx_word' id='word_1_328' title='bbox 1904 2890 2093 2945; x_wconf 86' lang='lat' dir='ltr'><strong>Credi-</strong></span> 
     </span>
    </p>
   </div>
   <div class='ocr_carea' id='block_1_45' title="bbox 513 2981 2093 3050">
    <p class='ocr_par' dir='ltr' id='par_1_45' title="bbox 513 2981 2093 3050">
     <span class='ocr_line' id='line_1_45' title="bbox 513 2981 2093 3050; baseline -0.001 -14"><span class='ocrx_word' id='word_1_329' title='bbox 513 2981 678 3037; x_wconf 82' lang='lat' dir='ltr'><strong>bilius</strong></span> <span class='ocrx_word' id='word_1_330' title='bbox 731 2994 912 3037; x_wconf 88' lang='lat' dir='ltr'><strong>autem</strong></span> <span class='ocrx_word' id='word_1_331' title='bbox 961 2983 1229 3038; x_wconf 78' lang='lat' dir='ltr'><strong>videbitur</strong></span> <span class='ocrx_word' id='word_1_332' title='bbox 1282 2985 1553 3048; x_wconf 87' lang='lat' dir='ltr'><strong>omnibus,</strong></span> <span class='ocrx_word' id='word_1_333' title='bbox 1587 2985 1751 3037; x_wconf 88' lang='lat' dir='ltr'><strong>Deum</strong></span> <span class='ocrx_word' id='word_1_334' title='bbox 1783 2999 1847 3037; x_wconf 80' lang='lat' dir='ltr'><strong>ex</strong></span> <span class='ocrx_word' id='word_1_335' title='bbox 1877 2999 1933 3037; x_wconf 90' lang='lat' dir='ltr'><strong>se</strong></span> <span class='ocrx_word' id='word_1_336' title='bbox 1976 2984 2093 3050; x_wconf 86' lang='lat' dir='ltr'><strong>ipso</strong></span> 
     </span>
    </p>
   </div>
   <div class='ocr_carea' id='block_1_46' title="bbox 515 3071 2091 3142">
    <p class='ocr_par' dir='ltr' id='par_1_46' title="bbox 515 3071 2091 3142">
     <span class='ocr_line' id='line_1_46' title="bbox 515 3071 2091 3142; baseline 0.001 -18"><span class='ocrx_word' id='word_1_337' title='bbox 515 3081 712 3124; x_wconf 83' lang='lat' dir='ltr'><strong>natura</strong></span> <span class='ocrx_word' id='word_1_338' title='bbox 741 3071 922 3126; x_wconf 91' lang='lat' dir='ltr'><strong>divina</strong></span> <span class='ocrx_word' id='word_1_339' title='bbox 962 3075 1227 3141; x_wconf 88' lang='lat' dir='ltr'><strong>modoque</strong></span> <span class='ocrx_word' id='word_1_340' title='bbox 1268 3074 1433 3129; x_wconf 89' lang='lat' dir='ltr'><strong>Deum</strong></span> <span class='ocrx_word' id='word_1_341' title='bbox 1467 3075 1690 3126; x_wconf 88' lang='lat' dir='ltr'><strong>decente</strong></span> <span class='ocrx_word' id='word_1_342' title='bbox 1720 3074 1970 3140; x_wconf 80' lang='lat' dir='ltr'><strong>genuisse</strong></span> <span class='ocrx_word' id='word_1_343' title='bbox 2001 3089 2091 3142; x_wconf 82' lang='lat' dir='ltr'><strong>ge-</strong></span> 
     </span>
    </p>
   </div>
   <div class='ocr_carea' id='block_1_47' title="bbox 517 3162 2085 3232">
    <p class='ocr_par' dir='ltr' id='par_1_47' title="bbox 517 3162 2085 3232">
     <span class='ocr_line' id='line_1_47' title="bbox 517 3162 2085 3232; baseline -0.001 -15"><span class='ocrx_word' id='word_1_344' title='bbox 517 3163 740 3217; x_wconf 86' lang='lat' dir='ltr'><strong>nuinum</strong></span> <span class='ocrx_word' id='word_1_345' title='bbox 794 3162 987 3227; x_wconf 86' lang='lat' dir='ltr'><strong>filium,</strong></span> <span class='ocrx_word' id='word_1_346' title='bbox 1047 3163 1254 3216; x_wconf 81' lang='lat' dir='ltr'><strong>honore</strong></span> <span class='ocrx_word' id='word_1_347' title='bbox 1291 3163 1572 3230; x_wconf 68' lang='lat' dir='ltr'><strong>arqualem,</strong></span> <span class='ocrx_word' id='word_1_348' title='bbox 1602 3164 1862 3229; x_wconf 50' lang='lat' dir='ltr'><strong>aqualem</strong></span> <span class='ocrx_word' id='word_1_349' title='bbox 1896 3164 2085 3232; x_wconf 81' lang='lat' dir='ltr'><strong>gloria.</strong></span> 
     </span>
    </p>
   </div>
   <div class='ocr_carea' id='block_1_48' title="bbox 2196 1952 3789 2032">
    <p class='ocr_par' dir='ltr' id='par_1_48' title="bbox 2196 1952 3789 2032">
     <span class='ocr_line' id='line_1_48' title="bbox 2196 1952 3789 2032; baseline 0.008 -26"><span class='ocrx_word' id='word_1_350' title='bbox 2196 1953 2370 2007; x_wconf 74' lang='grc' dir='ltr'>δεῖταί</span> <span class='ocrx_word' id='word_1_351' title='bbox 2418 1973 2501 2017; x_wconf 85' lang='grc' dir='ltr'><strong>τις</strong></span> <span class='ocrx_word' id='word_1_352' title='bbox 2542 1956 2742 2024; x_wconf 76' lang='grc' dir='ltr'>φόϐον,</span> <span class='ocrx_word' id='word_1_353' title='bbox 2788 1952 2848 2011; x_wconf 73' lang='grc' dir='ltr'>οὗ</span> <span class='ocrx_word' id='word_1_354' title='bbox 2905 1960 3005 2012; x_wconf 85' lang='grc' dir='ltr'><strong>οὐκ</strong></span> <span class='ocrx_word' id='word_1_355' title='bbox 3057 1960 3171 2015; x_wconf 81' lang='grc' dir='ltr'>ἐστι</span> <span class='ocrx_word' id='word_1_356' title='bbox 3220 1963 3414 2032; x_wconf 72' lang='grc' dir='ltr'>φόϐοςς</span> <span class='ocrx_word' id='word_1_357' title='bbox 3472 1962 3607 2027; x_wconf 83' lang='grc' dir='ltr'>Θεὸς</span> <span class='ocrx_word' id='word_1_358' title='bbox 3660 1966 3789 2018; x_wconf 68' lang='grc' dir='ltr'>οὐδὲ</span> 
     </span>
    </p>
   </div>
   <div class='ocr_carea' id='block_1_49' title="bbox 2193 2047 3788 2127">
    <p class='ocr_par' dir='ltr' id='par_1_49' title="bbox 2193 2047 3788 2127">
     <span class='ocr_line' id='line_1_49' title="bbox 2193 2047 3788 2127; baseline 0.007 -28"><span class='ocrx_word' id='word_1_359' title='bbox 2193 2047 2399 2114; x_wconf 82' lang='grc' dir='ltr'>γεννῶν</span> <span class='ocrx_word' id='word_1_360' title='bbox 2445 2048 2506 2112; x_wconf 74' lang='grc' dir='ltr'>ἐξ</span> <span class='ocrx_word' id='word_1_361' title='bbox 2551 2048 2716 2102; x_wconf 79' lang='grc' dir='ltr'>αὑτοῦ</span> <span class='ocrx_word' id='word_1_362' title='bbox 2764 2052 2922 2117; x_wconf 67' lang='grc' dir='ltr'>φύσει</span> <span class='ocrx_word' id='word_1_363' title='bbox 2970 2052 3191 2121; x_wconf 71' lang='grc' dir='ltr'>πάσχει·</span> <span class='ocrx_word' id='word_1_364' title='bbox 3232 2056 3305 2127; x_wconf 78' lang='grc' dir='ltr'>μὴ</span> <span class='ocrx_word' id='word_1_365' title='bbox 3351 2055 3559 2124; x_wconf 87' lang='grc' dir='ltr'>γένοιτο</span> <span class='ocrx_word' id='word_1_366' title='bbox 3586 2072 3602 2087; x_wconf 77' lang='grc' dir='ltr'><strong>ο</strong></span> <span class='ocrx_word' id='word_1_367' title='bbox 3655 2057 3788 2110; x_wconf 72' lang='grc' dir='ltr'>οὗτε</span> 
     </span>
    </p>
   </div>
   <div class='ocr_carea' id='block_1_50' title="bbox 2193 2139 3784 2218">
    <p class='ocr_par' dir='ltr' id='par_1_50' title="bbox 2193 2139 3784 2218">
     <span class='ocr_line' id='line_1_50' title="bbox 2193 2139 3784 2218; baseline 0.006 -27"><span class='ocrx_word' id='word_1_368' title='bbox 2193 2139 2393 2202; x_wconf 78' lang='grc' dir='ltr'>κτίζων</span> <span class='ocrx_word' id='word_1_369' title='bbox 2422 2140 2484 2192; x_wconf 82' lang='grc' dir='ltr'><strong>ὲκ</strong></span> <span class='ocrx_word' id='word_1_370' title='bbox 2516 2140 2610 2194; x_wconf 87' lang='grc' dir='ltr'><strong>τοῦ</strong></span> <span class='ocrx_word' id='word_1_371' title='bbox 2655 2143 2727 2212; x_wconf 78' lang='grc' dir='ltr'>μὴ</span> <span class='ocrx_word' id='word_1_372' title='bbox 2757 2142 2907 2204; x_wconf 77' lang='grc' dir='ltr'>ὄντος</span> <span class='ocrx_word' id='word_1_373' title='bbox 2940 2159 3016 2204; x_wconf 89' lang='grc' dir='ltr'><strong>τι,</strong></span> <span class='ocrx_word' id='word_1_374' title='bbox 3061 2144 3092 2212; x_wconf 83' lang='grc' dir='ltr'>ἦ</span> <span class='ocrx_word' id='word_1_375' title='bbox 3134 2147 3194 2198; x_wconf 92' lang='grc' dir='ltr'><strong>τὸ</strong></span> <span class='ocrx_word' id='word_1_376' title='bbox 3231 2150 3338 2200; x_wconf 75' lang='grc' dir='ltr'>πᾶν</span> <span class='ocrx_word' id='word_1_377' title='bbox 3367 2145 3503 2217; x_wconf 85' lang='grc'><strong>(56),</strong></span> <span class='ocrx_word' id='word_1_378' title='bbox 3535 2147 3741 2218; x_wconf 81' lang='grc' dir='ltr'>κάμνει</span> <span class='ocrx_word' id='word_1_379' title='bbox 3765 2166 3784 2180; x_wconf 78' lang='grc' dir='ltr'><strong>ο</strong></span> 
     </span>
    </p>
   </div>
   <div class='ocr_carea' id='block_1_51' title="bbox 2197 2230 3786 2306">
    <p class='ocr_par' dir='ltr' id='par_1_51' title="bbox 2197 2230 3786 2306">
     <span class='ocr_line' id='line_1_51' title="bbox 2197 2230 3786 2306; baseline 0.009 -26"><span class='ocrx_word' id='word_1_380' title='bbox 2197 2231 2272 2300; x_wconf 82' lang='grc' dir='ltr'><strong>μὴ</strong></span> <span class='ocrx_word' id='word_1_381' title='bbox 2311 2230 2521 2298; x_wconf 87' lang='grc' dir='ltr'>γένοιτο</span> <span class='ocrx_word' id='word_1_382' title='bbox 2543 2272 2557 2295; x_wconf 90' lang='grc'><strong>,</strong></span> <span class='ocrx_word' id='word_1_383' title='bbox 2604 2234 2738 2304; x_wconf 79' lang='grc' dir='ltr'>μηδὲ</span> <span class='ocrx_word' id='word_1_384' title='bbox 2771 2231 2983 2304; x_wconf 82' lang='grc' dir='ltr'>ῥηθείη.</span> <span class='ocrx_word' id='word_1_385' title='bbox 3032 2235 3094 2286; x_wconf 85' lang='grc' dir='ltr'><strong>Εἰ</strong></span> <span class='ocrx_word' id='word_1_386' title='bbox 3120 2236 3175 2289; x_wconf 78' lang='grc' dir='ltr'>δὲ</span> <span class='ocrx_word' id='word_1_387' title='bbox 3201 2238 3263 2291; x_wconf 89' lang='grc' dir='ltr'><strong>τὸ</strong></span> <span class='ocrx_word' id='word_1_388' title='bbox 3293 2241 3352 2292; x_wconf 84' lang='grc' dir='ltr'>ἓν</span> <span class='ocrx_word' id='word_1_389' title='bbox 3379 2237 3634 2306; x_wconf 83' lang='grc' dir='ltr'>φεύγεις,</span> <span class='ocrx_word' id='word_1_390' title='bbox 3685 2241 3786 2295; x_wconf 68' lang='grc' dir='ltr'>καὶ</span> 
     </span>
    </p>
   </div>
   <div class='ocr_carea' id='block_1_52' title="bbox 2193 2323 3785 2397">
    <p class='ocr_par' dir='ltr' id='par_1_52' title="bbox 2193 2323 3785 2397">
     <span class='ocr_line' id='line_1_52' title="bbox 2193 2323 3785 2397; baseline 0.009 -23"><span class='ocrx_word' id='word_1_391' title='bbox 2193 2323 2254 2374; x_wconf 89' lang='grc' dir='ltr'><strong>τὸ</strong></span> <span class='ocrx_word' id='word_1_392' title='bbox 2281 2325 2389 2377; x_wconf 80' lang='grc' dir='ltr'>πᾶν</span> <span class='ocrx_word' id='word_1_393' title='bbox 2420 2325 2532 2395; x_wconf 83' lang='grc'><strong>(57)</strong></span> <span class='ocrx_word' id='word_1_394' title='bbox 2558 2343 2572 2356; x_wconf 89' lang='grc'><strong>·</strong></span> <span class='ocrx_word' id='word_1_395' title='bbox 2608 2329 2657 2378; x_wconf 81' lang='grc' dir='ltr'><strong>εί</strong></span> <span class='ocrx_word' id='word_1_396' title='bbox 2684 2327 2743 2379; x_wconf 87' lang='grc' dir='ltr'><strong>τὸ</strong></span> <span class='ocrx_word' id='word_1_397' title='bbox 2775 2328 2882 2379; x_wconf 76' lang='grc' dir='ltr'>πᾶν</span> <span class='ocrx_word' id='word_1_398' title='bbox 2925 2327 3149 2397; x_wconf 85' lang='grc' dir='ltr'>ὁμοίως,</span> <span class='ocrx_word' id='word_1_399' title='bbox 3181 2334 3274 2385; x_wconf 80' lang='grc' dir='ltr'>καὶ</span> <span class='ocrx_word' id='word_1_400' title='bbox 3308 2332 3368 2385; x_wconf 92' lang='grc' dir='ltr'><strong>τὸ</strong></span> <span class='ocrx_word' id='word_1_401' title='bbox 3408 2330 3466 2382; x_wconf 78' lang='grc' dir='ltr'>ἓν</span> <span class='ocrx_word' id='word_1_402' title='bbox 3489 2348 3503 2361; x_wconf 90' lang='grc'><strong>·</strong></span> <span class='ocrx_word' id='word_1_403' title='bbox 3547 2335 3596 2385; x_wconf 85' lang='grc' dir='ltr'><strong>εί</strong></span> <span class='ocrx_word' id='word_1_404' title='bbox 3626 2333 3690 2385; x_wconf 91' lang='grc' dir='ltr'><strong>τὸ</strong></span> <span class='ocrx_word' id='word_1_405' title='bbox 3720 2333 3785 2388; x_wconf 75' lang='grc' dir='ltr'><strong>έν</strong></span> 
     </span>
    </p>
   </div>
   <div class='ocr_carea' id='block_1_53' title="bbox 2195 2415 3782 2494">
    <p class='ocr_par' dir='ltr' id='par_1_53' title="bbox 2195 2415 3782 2494">
     <span class='ocr_line' id='line_1_53' title="bbox 2195 2415 3782 2494; baseline 0.006 -27"><span class='ocrx_word' id='word_1_406' title='bbox 2195 2415 2570 2488; x_wconf 80' lang='grc' dir='ltr'>ἀνθρωπίνως,</span> <span class='ocrx_word' id='word_1_407' title='bbox 2606 2420 2700 2472; x_wconf 80' lang='grc' dir='ltr'><strong>καὶ</strong></span> <span class='ocrx_word' id='word_1_408' title='bbox 2736 2419 2796 2470; x_wconf 87' lang='grc' dir='ltr'><strong>τὸ</strong></span> <span class='ocrx_word' id='word_1_409' title='bbox 2832 2420 2971 2472; x_wconf 72' lang='grc' dir='ltr'>πάνυ</span> <span class='ocrx_word' id='word_1_410' title='bbox 3014 2422 3061 2471; x_wconf 86' lang='grc' dir='ltr'>εἰ</span> <span class='ocrx_word' id='word_1_411' title='bbox 3097 2420 3154 2473; x_wconf 76' lang='grc' dir='ltr'>δὲ</span> <span class='ocrx_word' id='word_1_412' title='bbox 3187 2425 3248 2477; x_wconf 91' lang='grc' dir='ltr'><strong>τὸ</strong></span> <span class='ocrx_word' id='word_1_413' title='bbox 3282 2426 3388 2477; x_wconf 80' lang='grc' dir='ltr'><strong>πᾶν</strong></span> <span class='ocrx_word' id='word_1_414' title='bbox 3413 2421 3515 2476; x_wconf 82' lang='grc' dir='ltr'><strong>οὑκ</strong></span> <span class='ocrx_word' id='word_1_415' title='bbox 3561 2424 3782 2494; x_wconf 85' lang='grc' dir='ltr'>ἀνθρω-</span> 
     </span>
    </p>
   </div>
   <div class='ocr_carea' id='block_1_54' title="bbox 2196 2508 3793 2586">
    <p class='ocr_par' dir='ltr' id='par_1_54' title="bbox 2196 2508 3793 2586">
     <span class='ocr_line' id='line_1_54' title="bbox 2196 2508 3793 2586; baseline 0.006 -27"><span class='ocrx_word' id='word_1_416' title='bbox 2196 2508 2385 2572; x_wconf 86' lang='grc' dir='ltr'>πίνως,</span> <span class='ocrx_word' id='word_1_417' title='bbox 2418 2510 2538 2562; x_wconf 73' lang='grc' dir='ltr'>οὐδὲ</span> <span class='ocrx_word' id='word_1_418' title='bbox 2566 2512 2626 2562; x_wconf 86' lang='grc' dir='ltr'><strong>τὸ</strong></span> <span class='ocrx_word' id='word_1_419' title='bbox 2642 2510 2720 2564; x_wconf 72' lang='grc' dir='ltr'>ἔν’.</span> <span class='ocrx_word' id='word_1_420' title='bbox 2750 2512 2812 2564; x_wconf 80' lang='grc' dir='ltr'><strong>Εἰ</strong></span> <span class='ocrx_word' id='word_1_421' title='bbox 2839 2512 2949 2582; x_wconf 87' lang='grc' dir='ltr'><strong>γὰρ</strong></span> <span class='ocrx_word' id='word_1_422' title='bbox 2981 2511 3049 2564; x_wconf 86' lang='grc' dir='ltr'>τὰ</span> <span class='ocrx_word' id='word_1_423' title='bbox 3073 2513 3131 2578; x_wconf 77' lang='grc' dir='ltr'>ἐξ</span> <span class='ocrx_word' id='word_1_424' title='bbox 3171 2515 3281 2586; x_wconf 83' lang='grc'><strong>(58)</strong></span> <span class='ocrx_word' id='word_1_425' title='bbox 3311 2516 3409 2568; x_wconf 82' lang='grc' dir='ltr'><strong>οὐκ</strong></span> <span class='ocrx_word' id='word_1_426' title='bbox 3437 2514 3606 2568; x_wconf 77' lang='grc' dir='ltr'>ὄντων</span> <span class='ocrx_word' id='word_1_427' title='bbox 3634 2519 3793 2569; x_wconf 73' lang='grc' dir='ltr'>ποιεῖ</span> 
     </span>
    </p>
   </div>
   <div class='ocr_carea' id='block_1_55' title="bbox 2199 2602 3784 2674">
    <p class='ocr_par' dir='ltr' id='par_1_55' title="bbox 2199 2602 3784 2674">
     <span class='ocr_line' id='line_1_55' title="bbox 2199 2602 3784 2674; baseline 0.003 -18"><span class='ocrx_word' id='word_1_428' title='bbox 2199 2603 2448 2674; x_wconf 78' lang='grc' dir='ltr'>βουλήσει</span> <span class='ocrx_word' id='word_1_429' title='bbox 2477 2602 2631 2665; x_wconf 84' lang='grc' dir='ltr'>Θεὸς,</span> <span class='ocrx_word' id='word_1_430' title='bbox 2659 2603 2720 2655; x_wconf 89' lang='grc' dir='ltr'><strong>τὸ</strong></span> <span class='ocrx_word' id='word_1_431' title='bbox 2745 2605 2852 2657; x_wconf 83' lang='grc' dir='ltr'><strong>πᾶν</strong></span> <span class='ocrx_word' id='word_1_432' title='bbox 2885 2604 3217 2673; x_wconf 78' lang='grc' dir='ltr'>ἀκαμάτως·</span> <span class='ocrx_word' id='word_1_433' title='bbox 3272 2608 3366 2661; x_wconf 72' lang='grc' dir='ltr'><strong>καὶ</strong></span> <span class='ocrx_word' id='word_1_434' title='bbox 3410 2607 3511 2660; x_wconf 80' lang='grc' dir='ltr'><strong>οὐκ</strong></span> <span class='ocrx_word' id='word_1_435' title='bbox 3547 2608 3784 2661; x_wconf 78' lang='grc' dir='ltr'>ἄπιστον</span> 
     </span>
    </p>
   </div>
   <div class='ocr_carea' id='block_1_56' title="bbox 2197 2694 3784 2770">
    <p class='ocr_par' dir='ltr' id='par_1_56' title="bbox 2197 2694 3784 2770">
     <span class='ocr_line' id='line_1_56' title="bbox 2197 2694 3784 2770; baseline 0.003 -22"><span class='ocrx_word' id='word_1_436' title='bbox 2197 2694 2356 2749; x_wconf 87' lang='grc' dir='ltr'>τοῦτο</span> <span class='ocrx_word' id='word_1_437' title='bbox 2383 2697 2510 2766; x_wconf 78' lang='grc' dir='ltr'>παρ’</span> <span class='ocrx_word' id='word_1_438' title='bbox 2540 2697 2695 2765; x_wconf 86' lang='grc' dir='ltr'>ἡμῖν.</span> <span class='ocrx_word' id='word_1_439' title='bbox 2736 2694 3063 2766; x_wconf 86' lang='grc' dir='ltr'>Πιστότερον</span> <span class='ocrx_word' id='word_1_440' title='bbox 3091 2697 3136 2750; x_wconf 87' lang='grc' dir='ltr'>δ’</span> <span class='ocrx_word' id='word_1_441' title='bbox 3163 2699 3228 2752; x_wconf 81' lang='grc' dir='ltr'><strong>ἂν</strong></span> <span class='ocrx_word' id='word_1_442' title='bbox 3265 2703 3399 2754; x_wconf 83' lang='grc' dir='ltr'>πᾶσι</span> <span class='ocrx_word' id='word_1_443' title='bbox 3430 2699 3574 2770; x_wconf 82' lang='lat'><strong>(59),</strong></span> <span class='ocrx_word' id='word_1_444' title='bbox 3618 2700 3684 2752; x_wconf 89' lang='grc' dir='ltr'><strong>τὸ</strong></span> <span class='ocrx_word' id='word_1_445' title='bbox 3719 2701 3784 2764; x_wconf 65' lang='lat' dir='ltr'><strong>se</strong></span> 
     </span>
    </p>
   </div>
   <div class='ocr_carea' id='block_1_57' title="bbox 2195 2787 3784 2864">
    <p class='ocr_par' dir='ltr' id='par_1_57' title="bbox 2195 2787 3784 2864">
     <span class='ocr_line' id='line_1_57' title="bbox 2195 2787 3784 2864; baseline 0.004 -25"><span class='ocrx_word' id='word_1_446' title='bbox 2195 2788 2360 2839; x_wconf 81' lang='grc' dir='ltr'>αὐτοῦ</span> <span class='ocrx_word' id='word_1_447' title='bbox 2393 2788 2552 2855; x_wconf 80' lang='grc' dir='ltr'>φύσει</span> <span class='ocrx_word' id='word_1_448' title='bbox 2581 2787 2700 2860; x_wconf 76' lang='grc' dir='ltr'>θείᾳ</span> <span class='ocrx_word' id='word_1_449' title='bbox 2730 2788 2825 2841; x_wconf 80' lang='grc' dir='ltr'>καὶ</span> <span class='ocrx_word' id='word_1_450' title='bbox 2855 2788 3173 2862; x_wconf 84' lang='grc' dir='ltr'>θεοπρεπῶς</span> <span class='ocrx_word' id='word_1_451' title='bbox 3203 2792 3590 2864; x_wconf 78' lang='grc' dir='ltr'>γεγεννηκέναι</span> <span class='ocrx_word' id='word_1_452' title='bbox 3636 2794 3784 2845; x_wconf 78' lang='grc' dir='ltr'>άπα-</span> 
     </span>
    </p>
   </div>
   <div class='ocr_carea' id='block_1_58' title="bbox 2197 2879 3778 2966">
    <p class='ocr_par' dir='ltr' id='par_1_58' title="bbox 2197 2879 3778 2966">
     <span class='ocr_line' id='line_1_58' title="bbox 2197 2879 3778 2966; baseline 0.004 -33"><span class='ocrx_word' id='word_1_453' title='bbox 2197 2879 2305 2942; x_wconf 83' lang='grc' dir='ltr'><strong>θῶς</strong></span> <span class='ocrx_word' id='word_1_454' title='bbox 2348 2879 2440 2932; x_wconf 81' lang='grc' dir='ltr'><strong>τὸν</strong></span> <span class='ocrx_word' id='word_1_455' title='bbox 2486 2880 2618 2933; x_wconf 85' lang='grc' dir='ltr'>Θεὸν</span> <span class='ocrx_word' id='word_1_456' title='bbox 2669 2881 2797 2934; x_wconf 84' lang='grc' dir='ltr'>Υίὸν</span> <span class='ocrx_word' id='word_1_457' title='bbox 2836 2896 3079 2966; x_wconf 67' lang='grc' dir='ltr'>γνησιον,</span> <span class='ocrx_word' id='word_1_458' title='bbox 3138 2884 3431 2958; x_wconf 72' lang='grc' dir='ltr'>ὁμότιμον,</span> <span class='ocrx_word' id='word_1_459' title='bbox 3484 2885 3778 2957; x_wconf 81' lang='grc' dir='ltr'>ὁμόδοξον,</span> 
     </span>
    </p>
   </div>
   <div class='ocr_carea' id='block_1_59' title="bbox 2195 2970 3787 3050">
    <p class='ocr_par' dir='ltr' id='par_1_59' title="bbox 2195 2970 3787 3050">
     <span class='ocr_line' id='line_1_59' title="bbox 2195 2970 3787 3050; baseline 0.003 -27"><span class='ocrx_word' id='word_1_460' title='bbox 2195 2970 2502 3040; x_wconf 81' lang='grc' dir='ltr'>σύνθρονον,</span> <span class='ocrx_word' id='word_1_461' title='bbox 2541 2971 2842 3041; x_wconf 77' lang='grc' dir='ltr'>σύμϐουλον</span> <span class='ocrx_word' id='word_1_462' title='bbox 2896 2975 2990 3026; x_wconf 75' lang='grc' dir='ltr'>καὶ</span> <span class='ocrx_word' id='word_1_463' title='bbox 3032 2977 3324 3046; x_wconf 86' lang='grc' dir='ltr'>συνεργὸν,</span> <span class='ocrx_word' id='word_1_464' title='bbox 3367 2978 3654 3047; x_wconf 86' lang='grc' dir='ltr'>ὀμοούσιον</span> <span class='ocrx_word' id='word_1_465' title='bbox 3701 2975 3787 3050; x_wconf 74' lang='grc' dir='ltr'>τῷ</span> 
     </span>
    </p>
   </div>
   <div class='ocr_carea' id='block_1_60' title="bbox 2194 3063 3783 3138">
    <p class='ocr_par' dir='ltr' id='par_1_60' title="bbox 2194 3063 3783 3138">
     <span class='ocr_line' id='line_1_60' title="bbox 2194 3063 3783 3138; baseline 0.004 -22"><span class='ocrx_word' id='word_1_466' title='bbox 2194 3066 2370 3134; x_wconf 74' lang='grc' dir='ltr'>Πατρὶ</span> <span class='ocrx_word' id='word_1_467' title='bbox 2405 3065 2497 3117; x_wconf 72' lang='grc' dir='ltr'><strong>καὶ</strong></span> <span class='ocrx_word' id='word_1_468' title='bbox 2531 3063 2668 3133; x_wconf 81' lang='grc' dir='ltr'>Θεῷ,</span> <span class='ocrx_word' id='word_1_469' title='bbox 2697 3064 2792 3116; x_wconf 70' lang='grc' dir='ltr'><strong>καὶ</strong></span> <span class='ocrx_word' id='word_1_470' title='bbox 2822 3065 2919 3133; x_wconf 86' lang='grc' dir='ltr'><strong>οὺχ</strong></span> <span class='ocrx_word' id='word_1_471' title='bbox 2943 3067 3301 3136; x_wconf 81' lang='grc' dir='ltr'>ἐτεροούσιον,</span> <span class='ocrx_word' id='word_1_472' title='bbox 3337 3071 3459 3121; x_wconf 70' lang='grc' dir='ltr'>οὐδὲ</span> <span class='ocrx_word' id='word_1_473' title='bbox 3492 3070 3783 3138; x_wconf 80' lang='grc' dir='ltr'>ἀλλότριον</span> 
     </span>
    </p>
   </div>
   <div class='ocr_carea' id='block_1_61' title="bbox 2191 3156 3774 3232">
    <p class='ocr_par' dir='ltr' id='par_1_61' title="bbox 2191 3156 3774 3232">
     <span class='ocr_line' id='line_1_61' title="bbox 2191 3156 3774 3232; baseline 0.004 -25"><span class='ocrx_word' id='word_1_474' title='bbox 2191 3158 2288 3226; x_wconf 84' lang='grc' dir='ltr'><strong>τῆς</strong></span> <span class='ocrx_word' id='word_1_475' title='bbox 2315 3157 2524 3210; x_wconf 77' lang='grc' dir='ltr'>ἐκείνου</span> <span class='ocrx_word' id='word_1_476' title='bbox 2557 3157 2723 3227; x_wconf 87' lang='grc' dir='ltr'>μόνης</span> <span class='ocrx_word' id='word_1_477' title='bbox 2752 3156 3027 3228; x_wconf 82' lang='grc' dir='ltr'>θεότητος.</span> <span class='ocrx_word' id='word_1_478' title='bbox 3062 3159 3123 3210; x_wconf 76' lang='lat' dir='ltr'><strong>Et</strong></span> <span class='ocrx_word' id='word_1_479' title='bbox 3152 3159 3208 3210; x_wconf 78' lang='grc' dir='ltr'>δὲ</span> <span class='ocrx_word' id='word_1_480' title='bbox 3246 3163 3318 3229; x_wconf 84' lang='grc' dir='ltr'>μή</span> <span class='ocrx_word' id='word_1_481' title='bbox 3344 3161 3569 3226; x_wconf 73' lang='grc' dir='ltr'>γε,οὖδὲ</span> <span class='ocrx_word' id='word_1_482' title='bbox 3594 3179 3774 3232; x_wconf 88' lang='grc' dir='ltr'>προσ-</span> 
     </span>
    </p>
   </div>
   <div class='ocr_carea' id='block_1_62' title="bbox 521 3250 2096 3325">
    <p class='ocr_par' dir='ltr' id='par_1_62' title="bbox 521 3253 2092 3325">
     <span class='ocr_line' id='line_1_62' title="bbox 521 3253 2092 3325; baseline -0.001 -14"><span class='ocrx_word' id='word_1_483' title='bbox 521 3253 700 3311; x_wconf 88' lang='lat' dir='ltr'><strong>throni</strong></span> <span class='ocrx_word' id='word_1_484' title='bbox 730 3253 968 3325; x_wconf 83' lang='lat' dir='ltr'><strong>ejusdem</strong></span> <span class='ocrx_word' id='word_1_485' title='bbox 994 3264 1320 3317; x_wconf 89' lang='lat' dir='ltr'><strong>consortem,</strong></span> <span class='ocrx_word' id='word_1_486' title='bbox 1353 3254 1742 3318; x_wconf 87' lang='lat' dir='ltr'><strong>consiliarium,</strong></span> <span class='ocrx_word' id='word_1_487' title='bbox 1778 3265 2092 3323; x_wconf 64' lang='lat' dir='ltr'><strong>cooperatov</strong></span> 
     </span>
    </p>
   </div>
   <div class='ocr_carea' id='block_1_63' title="bbox 2200 3250 3780 3325">
    <p class='ocr_par' dir='ltr' id='par_1_63' title="bbox 2200 3250 3780 3325">
     <span class='ocr_line' id='line_1_63' title="bbox 2200 3250 3780 3325; baseline 0.003 -23"><span class='ocrx_word' id='word_1_488' title='bbox 2200 3250 2451 3320; x_wconf 80' lang='grc' dir='ltr'>κυνητός.</span> <span class='ocrx_word' id='word_1_489' title='bbox 2517 3250 2650 3302; x_wconf 79' lang='grc' dir='ltr'>Οὐδὲ</span> <span class='ocrx_word' id='word_1_490' title='bbox 2711 3250 2817 3318; x_wconf 79' lang='grc' dir='ltr'><strong>γὰρ</strong></span> <span class='ocrx_word' id='word_1_491' title='bbox 2863 3252 3259 3321; x_wconf 77' lang='grc' dir='ltr'>προσκυνήσεις</span> <span class='ocrx_word' id='word_1_492' title='bbox 3310 3250 3416 3321; x_wconf 85' lang='grc' dir='ltr'>θεῷ</span> <span class='ocrx_word' id='word_1_493' title='bbox 3469 3252 3780 3325; x_wconf 72' lang='grc' dir='ltr'>ἀλλοτρίῳ,</span> 
     </span>
    </p>
   </div>
   <div class='ocr_carea' id='block_1_64' title="bbox 519 3346 2095 3412">
    <p class='ocr_par' dir='ltr' id='par_1_64' title="bbox 519 3346 2095 3412">
     <span class='ocr_line' id='line_1_64' title="bbox 519 3346 2095 3412; baseline 0.001 -10"><span class='ocrx_word' id='word_1_494' title='bbox 519 3362 655 3412; x_wconf 83' lang='lat' dir='ltr'><strong>rem,</strong></span> <span class='ocrx_word' id='word_1_495' title='bbox 690 3347 1196 3402; x_wconf 85' lang='lat' dir='ltr'><strong>consubstantialem</strong></span> <span class='ocrx_word' id='word_1_496' title='bbox 1249 3346 1395 3401; x_wconf 84' lang='lat' dir='ltr'><strong>Patri</strong></span> <span class='ocrx_word' id='word_1_497' title='bbox 1441 3356 1496 3401; x_wconf 89' lang='lat' dir='ltr'><strong>et</strong></span> <span class='ocrx_word' id='word_1_498' title='bbox 1553 3347 1678 3410; x_wconf 87' lang='lat' dir='ltr'><strong>Deo,</strong></span> <span class='ocrx_word' id='word_1_499' title='bbox 1723 3363 1826 3401; x_wconf 91' lang='lat' dir='ltr'><strong>non</strong></span> <span class='ocrx_word' id='word_1_500' title='bbox 1873 3348 2095 3403; x_wconf 72' lang='lat' dir='ltr'><strong>diversa:</strong></span> 
     </span>
    </p>
   </div>
   <div class='ocr_carea' id='block_1_65' title="bbox 516 3436 2095 3506">
    <p class='ocr_par' dir='ltr' id='par_1_65' title="bbox 516 3436 2095 3506">
     <span class='ocr_line' id='line_1_65' title="bbox 516 3436 2095 3506; baseline -0.002 -13"><span class='ocrx_word' id='word_1_501' title='bbox 516 3438 855 3501; x_wconf 70' lang='lat' dir='ltr'><strong>substantiae,</strong></span> <span class='ocrx_word' id='word_1_502' title='bbox 887 3451 1060 3506; x_wconf 90' lang='lat' dir='ltr'><strong>neque</strong></span> <span class='ocrx_word' id='word_1_503' title='bbox 1092 3436 1319 3490; x_wconf 87' lang='lat' dir='ltr'><strong>alienum</strong></span> <span class='ocrx_word' id='word_1_504' title='bbox 1345 3437 1410 3491; x_wconf 87' lang='lat' dir='ltr'><strong>ab</strong></span> <span class='ocrx_word' id='word_1_505' title='bbox 1454 3437 1572 3505; x_wconf 85' lang='lat' dir='ltr'><strong>ejus</strong></span> <span class='ocrx_word' id='word_1_506' title='bbox 1612 3437 1723 3492; x_wconf 88' lang='lat' dir='ltr'><strong>sola</strong></span> <span class='ocrx_word' id='word_1_507' title='bbox 1749 3438 1964 3492; x_wconf 88' lang='lat' dir='ltr'><strong>deitate.</strong></span> <span class='ocrx_word' id='word_1_508' title='bbox 2000 3437 2095 3492; x_wconf 78' lang='lat' dir='ltr'><strong>Sin</strong></span> 
     </span>
    </p>
   </div>
   <div class='ocr_carea' id='block_1_66' title="bbox 517 3527 2098 3599">
    <p class='ocr_par' dir='ltr' id='par_1_66' title="bbox 517 3527 2098 3599">
     <span class='ocr_line' id='line_1_66' title="bbox 517 3527 2098 3599; baseline 0 -17"><span class='ocrx_word' id='word_1_509' title='bbox 517 3529 720 3593; x_wconf 88' lang='lat' dir='ltr'><strong>minus,</strong></span> <span class='ocrx_word' id='word_1_510' title='bbox 751 3543 818 3582; x_wconf 93' lang='lat' dir='ltr'><strong>ne</strong></span> <span class='ocrx_word' id='word_1_511' title='bbox 849 3527 1154 3582; x_wconf 86' lang='lat' dir='ltr'><strong>adorandus</strong></span> <span class='ocrx_word' id='word_1_512' title='bbox 1205 3528 1423 3597; x_wconf 90' lang='lat' dir='ltr'><strong>quidem</strong></span> <span class='ocrx_word' id='word_1_513' title='bbox 1473 3536 1580 3587; x_wconf 86' lang='lat' dir='ltr'><strong>est.</strong></span> <span class='ocrx_word' id='word_1_514' title='bbox 1616 3527 1799 3599; x_wconf 80' lang='lat' dir='ltr'><strong>Neque</strong></span> <span class='ocrx_word' id='word_1_515' title='bbox 1850 3529 2016 3596; x_wconf 90' lang='lat' dir='ltr'><strong>enim,</strong></span> <span class='ocrx_word' id='word_1_516' title='bbox 2040 3537 2098 3583; x_wconf 89' lang='lat' dir='ltr'><strong>ut</strong></span> 
     </span>
    </p>
   </div>
   <div class='ocr_carea' id='block_1_67' title="bbox 517 3619 2097 3692">
    <p class='ocr_par' dir='ltr' id='par_1_67' title="bbox 517 3619 2097 3692">
     <span class='ocr_line' id='line_1_67' title="bbox 517 3619 2097 3692; baseline 0.001 -17"><span class='ocrx_word' id='word_1_517' title='bbox 517 3621 780 3688; x_wconf 86' lang='lat' dir='ltr'><strong>scriptum</strong></span> <span class='ocrx_word' id='word_1_518' title='bbox 815 3627 898 3675; x_wconf 86' lang='lat' dir='ltr'><strong>est</strong></span> <span class='ocrx_word' id='word_1_519' title='bbox 923 3619 988 3685; x_wconf 87' lang='grc'><strong>³³,</strong></span> <span class='ocrx_word' id='word_1_520' title='bbox 1021 3620 1178 3674; x_wconf 91' lang='lat' dir='ltr'><strong>deum</strong></span> <span class='ocrx_word' id='word_1_521' title='bbox 1207 3619 1442 3675; x_wconf 88' lang='lat' dir='ltr'><strong>alienum</strong></span> <span class='ocrx_word' id='word_1_522' title='bbox 1468 3621 1719 3677; x_wconf 84' lang='lat' dir='ltr'><strong>adorabis</strong></span> <span class='ocrx_word' id='word_1_523' title='bbox 1751 3638 1766 3676; x_wconf 94' lang='lat'><strong>:</strong></span> <span class='ocrx_word' id='word_1_524' title='bbox 1803 3637 1978 3692; x_wconf 90' lang='lat' dir='ltr'><strong>neque</strong></span> <span class='ocrx_word' id='word_1_525' title='bbox 2014 3637 2097 3676; x_wconf 91' lang='lat' dir='ltr'><strong>re-</strong></span> 
     </span>
    </p>
   </div>
   <div class='ocr_carea' id='block_1_68' title="bbox 519 3713 2098 3782">
    <p class='ocr_par' dir='ltr' id='par_1_68' title="bbox 519 3713 2098 3782">
     <span class='ocr_line' id='line_1_68' title="bbox 519 3713 2098 3782; baseline -0.001 -15"><span class='ocrx_word' id='word_1_526' title='bbox 519 3724 732 3767; x_wconf 88' lang='lat' dir='ltr'><strong>centem</strong></span> <span class='ocrx_word' id='word_1_527' title='bbox 758 3727 1086 3782; x_wconf 83' lang='lat' dir='ltr'><strong>quemquam</strong></span> <span class='ocrx_word' id='word_1_528' title='bbox 1118 3713 1274 3766; x_wconf 84' lang='lat' dir='ltr'><strong>deum</strong></span> <span class='ocrx_word' id='word_1_529' title='bbox 1303 3713 1581 3782; x_wconf 86' lang='lat' dir='ltr'><strong>suspicere</strong></span> <span class='ocrx_word' id='word_1_530' title='bbox 1599 3715 1876 3782; x_wconf 87' lang='lat' dir='ltr'><strong>jubemur.</strong></span> <span class='ocrx_word' id='word_1_531' title='bbox 1916 3713 1992 3768; x_wconf 81' lang='lat' dir='ltr'><strong>Ne</strong></span> <span class='ocrx_word' id='word_1_532' title='bbox 2014 3715 2098 3768; x_wconf 86' lang='lat' dir='ltr'><strong>di-</strong></span> 
     </span>
    </p>
   </div>
   <div class='ocr_carea' id='block_1_69' title="bbox 521 3804 2098 3875">
    <p class='ocr_par' dir='ltr' id='par_1_69' title="bbox 521 3804 2098 3875">
     <span class='ocr_line' id='line_1_69' title="bbox 521 3804 2098 3875; baseline 0.001 -16"><span class='ocrx_word' id='word_1_533' title='bbox 521 3820 618 3859; x_wconf 88' lang='lat' dir='ltr'><strong>cas</strong></span> <span class='ocrx_word' id='word_1_534' title='bbox 647 3804 811 3875; x_wconf 88' lang='lat' dir='ltr'><strong>igitur</strong></span> <span class='ocrx_word' id='word_1_535' title='bbox 843 3805 1082 3859; x_wconf 89' lang='lat' dir='ltr'><strong>additum</strong></span> <span class='ocrx_word' id='word_1_536' title='bbox 1113 3819 1234 3860; x_wconf 90' lang='lat' dir='ltr'><strong>esse</strong></span> <span class='ocrx_word' id='word_1_537' title='bbox 1264 3819 1485 3869; x_wconf 90' lang='lat' dir='ltr'><strong>numen,</strong></span> <span class='ocrx_word' id='word_1_538' title='bbox 1525 3820 1703 3873; x_wconf 90' lang='lat' dir='ltr'><strong>neque</strong></span> <span class='ocrx_word' id='word_1_539' title='bbox 1730 3805 2000 3858; x_wconf 89' lang='lat' dir='ltr'><strong>silentium</strong></span> <span class='ocrx_word' id='word_1_540' title='bbox 2033 3809 2098 3860; x_wconf 91' lang='lat' dir='ltr'><strong>de</strong></span> 
     </span>
    </p>
   </div>
   <div class='ocr_carea' id='block_1_70' title="bbox 520 3894 2094 3968">
    <p class='ocr_par' dir='ltr' id='par_1_70' title="bbox 520 3894 2094 3968">
     <span class='ocr_line' id='line_1_70' title="bbox 520 3894 2094 3968; baseline -0.004 -15"><span class='ocrx_word' id='word_1_541' title='bbox 520 3898 663 3954; x_wconf 85' lang='lat' dir='ltr'><strong>Filio</strong></span> <span class='ocrx_word' id='word_1_542' title='bbox 703 3898 868 3954; x_wconf 85' lang='lat' dir='ltr'><strong>fuisse</strong></span> <span class='ocrx_word' id='word_1_543' title='bbox 923 3899 1059 3968; x_wconf 87' lang='lat' dir='ltr'><strong>apud</strong></span> <span class='ocrx_word' id='word_1_544' title='bbox 1113 3897 1401 3966; x_wconf 89' lang='lat' dir='ltr'><strong>antiquos,</strong></span> <span class='ocrx_word' id='word_1_545' title='bbox 1432 3896 1586 3950; x_wconf 87' lang='lat' dir='ltr'><strong>nobis</strong></span> <span class='ocrx_word' id='word_1_546' title='bbox 1635 3909 1762 3949; x_wconf 93' lang='lat' dir='ltr'><strong>vero</strong></span> <span class='ocrx_word' id='word_1_547' title='bbox 1799 3894 2094 3949; x_wconf 86' lang='lat' dir='ltr'><strong>revelatum</strong></span> 
     </span>
    </p>
   </div>
   <div class='ocr_carea' id='block_1_71' title="bbox 520 3985 2095 4054">
    <p class='ocr_par' dir='ltr' id='par_1_71' title="bbox 520 3985 2095 4054">
     <span class='ocr_line' id='line_1_71' title="bbox 520 3985 2095 4054; baseline -0.003 -13"><span class='ocrx_word' id='word_1_548' title='bbox 520 4003 663 4052; x_wconf 88' lang='lat' dir='ltr'><strong>esse,</strong></span> <span class='ocrx_word' id='word_1_549' title='bbox 693 3989 739 4042; x_wconf 88' lang='lat' dir='ltr'><strong>si</strong></span> <span class='ocrx_word' id='word_1_550' title='bbox 791 3989 950 4041; x_wconf 89' lang='lat' dir='ltr'><strong>modo</strong></span> <span class='ocrx_word' id='word_1_551' title='bbox 1003 3989 1293 4042; x_wconf 82' lang='lat' dir='ltr'><strong>conﬁteare</strong></span> <span class='ocrx_word' id='word_1_552' title='bbox 1331 3985 1564 4041; x_wconf 84' lang='lat' dir='ltr'><strong>Verbum</strong></span> <span class='ocrx_word' id='word_1_553' title='bbox 1620 4001 1796 4040; x_wconf 88' lang='lat' dir='ltr'><strong>rerum</strong></span> <span class='ocrx_word' id='word_1_554' title='bbox 1847 3985 2095 4054; x_wconf 88' lang='lat' dir='ltr'><strong>opificem</strong></span> 
     </span>
    </p>
   </div>
   <div class='ocr_carea' id='block_1_72' title="bbox 521 4075 2096 4145">
    <p class='ocr_par' dir='ltr' id='par_1_72' title="bbox 521 4075 2096 4145">
     <span class='ocr_line' id='line_1_72' title="bbox 521 4075 2096 4145; baseline -0.003 -11"><span class='ocrx_word' id='word_1_555' title='bbox 521 4077 741 4134; x_wconf 84' lang='lat' dir='ltr'><strong>Filium.</strong></span> <span class='ocrx_word' id='word_1_556' title='bbox 772 4076 906 4130; x_wconf 85' lang='lat' dir='ltr'><strong>Nam</strong></span> <span class='ocrx_word' id='word_1_557' title='bbox 941 4078 1173 4130; x_wconf 82' lang='lat' dir='ltr'><strong>Verbum</strong></span> <span class='ocrx_word' id='word_1_558' title='bbox 1209 4087 1472 4131; x_wconf 88' lang='lat' dir='ltr'><strong>noverant</strong></span> <span class='ocrx_word' id='word_1_559' title='bbox 1497 4087 1699 4145; x_wconf 90' lang='lat' dir='ltr'><strong>patres,</strong></span> <span class='ocrx_word' id='word_1_560' title='bbox 1735 4077 1825 4132; x_wconf 91' lang='lat' dir='ltr'><strong>Dei</strong></span> <span class='ocrx_word' id='word_1_561' title='bbox 1863 4075 2096 4131; x_wconf 80' lang='lat' dir='ltr'><strong>Verbum</strong></span> 
     </span>
    </p>
   </div>
   <div class='ocr_carea' id='block_1_73' title="bbox 521 4165 2101 4235">
    <p class='ocr_par' dir='ltr' id='par_1_73' title="bbox 521 4165 2101 4235">
     <span class='ocr_line' id='line_1_73' title="bbox 521 4165 2101 4235; baseline -0.001 -13"><span class='ocrx_word' id='word_1_562' title='bbox 521 4167 842 4235; x_wconf 85' lang='lat' dir='ltr'><strong>adorabant,</strong></span> <span class='ocrx_word' id='word_1_563' title='bbox 873 4175 925 4221; x_wconf 88' lang='lat' dir='ltr'><strong>et</strong></span> <span class='ocrx_word' id='word_1_564' title='bbox 960 4181 1082 4221; x_wconf 92' lang='lat' dir='ltr'><strong>cum</strong></span> <span class='ocrx_word' id='word_1_565' title='bbox 1121 4165 1300 4220; x_wconf 72' lang='lat' dir='ltr'><strong>Verbo</strong></span> <span class='ocrx_word' id='word_1_566' title='bbox 1344 4165 1628 4235; x_wconf 90' lang='lat' dir='ltr'><strong>Spiritum.</strong></span> <span class='ocrx_word' id='word_1_567' title='bbox 1669 4167 1854 4235; x_wconf 87' lang='lat' dir='ltr'><strong>Neque</strong></span> <span class='ocrx_word' id='word_1_568' title='bbox 1886 4181 2101 4235; x_wconf 84' lang='lat' dir='ltr'><strong>separes</strong></span> 
     </span>
    </p>
   </div>
   <div class='ocr_carea' id='block_1_74' title="bbox 521 4256 2100 4328">
    <p class='ocr_par' dir='ltr' id='par_1_74' title="bbox 521 4256 2100 4328">
     <span class='ocr_line' id='line_1_74' title="bbox 521 4256 2100 4328; baseline -0.004 -12"><span class='ocrx_word' id='word_1_569' title='bbox 521 4277 643 4317; x_wconf 86' lang='lat' dir='ltr'><strong>cum</strong></span> <span class='ocrx_word' id='word_1_570' title='bbox 688 4261 754 4315; x_wconf 84' lang='lat' dir='ltr'><strong>ab</strong></span> <span class='ocrx_word' id='word_1_571' title='bbox 801 4275 866 4314; x_wconf 88' lang='lat' dir='ltr'><strong>eo</strong></span> <span class='ocrx_word' id='word_1_572' title='bbox 904 4259 997 4328; x_wconf 89' lang='lat' dir='ltr'><strong>qui</strong></span> <span class='ocrx_word' id='word_1_573' title='bbox 1042 4256 1219 4313; x_wconf 88' lang='lat' dir='ltr'><strong>dicit:</strong></span> <span class='ocrx_word' id='word_1_574' title='bbox 1264 4256 1374 4326; x_wconf 83' lang='lat' dir='ltr'><strong>Ego</strong></span> <span class='ocrx_word' id='word_1_575' title='bbox 1424 4256 1566 4310; x_wconf 81' lang='lat' dir='ltr'><strong>Deus</strong></span> <span class='ocrx_word' id='word_1_576' title='bbox 1608 4257 1778 4316; x_wconf 81' lang='lat' dir='ltr'><strong>solus.</strong></span> <span class='ocrx_word' id='word_1_577' title='bbox 1814 4268 1994 4310; x_wconf 85' lang='lat' dir='ltr'><strong>etnon</strong></span> <span class='ocrx_word' id='word_1_578' title='bbox 2022 4266 2100 4310; x_wconf 84' lang='lat' dir='ltr'><strong>est</strong></span> 
     </span>
    </p>
   </div>
   <div class='ocr_carea' id='block_1_75' title="bbox 521 4347 2097 4423">
    <p class='ocr_par' dir='ltr' id='par_1_75' title="bbox 521 4347 2097 4423">
     <span class='ocr_line' id='line_1_75' title="bbox 521 4347 2097 4423; baseline -0.003 -18"><span class='ocrx_word' id='word_1_579' title='bbox 521 4361 716 4423; x_wconf 73' lang='lat' dir='ltr'><strong>praeter</strong></span> <span class='ocrx_word' id='word_1_580' title='bbox 746 4368 828 4406; x_wconf 80' lang='lat' dir='ltr'><strong>me</strong></span> <span class='ocrx_word' id='word_1_581' title='bbox 861 4351 944 4418; x_wconf 73' lang='grc'><strong>³⁵;</strong></span> <span class='ocrx_word' id='word_1_582' title='bbox 996 4359 1055 4404; x_wconf 91' lang='lat' dir='ltr'><strong>ut</strong></span> <span class='ocrx_word' id='word_1_583' title='bbox 1105 4365 1173 4404; x_wconf 89' lang='lat' dir='ltr'><strong>ne</strong></span> <span class='ocrx_word' id='word_1_584' title='bbox 1225 4349 1525 4404; x_wconf 87' lang='lat' dir='ltr'><strong>convicium</strong></span> <span class='ocrx_word' id='word_1_585' title='bbox 1566 4348 1617 4401; x_wconf 91' lang='lat' dir='ltr'><strong>in</strong></span> <span class='ocrx_word' id='word_1_586' title='bbox 1673 4347 1910 4412; x_wconf 78' lang='lat' dir='ltr'><strong>Filium,</strong></span> <span class='ocrx_word' id='word_1_587' title='bbox 1944 4349 2097 4415; x_wconf 86' lang='lat' dir='ltr'><strong>quasi</strong></span> 
     </span>
    </p>
   </div>
   <div class='ocr_carea' id='block_1_76' title="bbox 525 4436 2098 4511">
    <p class='ocr_par' dir='ltr' id='par_1_76' title="bbox 525 4436 2098 4511">
     <span class='ocr_line' id='line_1_76' title="bbox 525 4436 2098 4511; baseline -0.004 -13"><span class='ocrx_word' id='word_1_588' title='bbox 525 4444 667 4499; x_wconf 79' lang='lat' dir='ltr'><strong>Deus</strong></span> <span class='ocrx_word' id='word_1_589' title='bbox 725 4459 831 4497; x_wconf 93' lang='lat' dir='ltr'><strong>non</strong></span> <span class='ocrx_word' id='word_1_590' title='bbox 877 4453 1045 4509; x_wconf 86' lang='lat' dir='ltr'><strong>esset,</strong></span> <span class='ocrx_word' id='word_1_591' title='bbox 1089 4441 1300 4511; x_wconf 85' lang='lat' dir='ltr'><strong>cogaris</strong></span> <span class='ocrx_word' id='word_1_592' title='bbox 1358 4441 1778 4507; x_wconf 77' lang='lat' dir='ltr'><strong>dicerezneque</strong></span> <span class='ocrx_word' id='word_1_593' title='bbox 1825 4436 2098 4505; x_wconf 85' lang='lat' dir='ltr'><strong>disjungas</strong></span> 
     </span>
    </p>
   </div>
   <div class='ocr_carea' id='block_1_77' title="bbox 2197 3340 3785 3414">
    <p class='ocr_par' dir='ltr' id='par_1_77' title="bbox 2197 3340 3785 3414">
     <span class='ocr_line' id='line_1_77' title="bbox 2197 3340 3785 3414; baseline 0.004 -22"><span class='ocrx_word' id='word_1_594' title='bbox 2197 3341 2508 3410; x_wconf 81' lang='grc' dir='ltr'>γέγραπται</span> <span class='ocrx_word' id='word_1_595' title='bbox 2528 3359 2542 3371; x_wconf 73' lang='grc' dir='ltr'><strong><em>ο</em></strong></span> <span class='ocrx_word' id='word_1_596' title='bbox 2565 3340 2683 3393; x_wconf 75' lang='grc' dir='ltr'>οὐδὲ</span> <span class='ocrx_word' id='word_1_597' title='bbox 2714 3340 3026 3411; x_wconf 76' lang='grc' dir='ltr'>πρόσφατόν</span> <span class='ocrx_word' id='word_1_598' title='bbox 3058 3359 3178 3394; x_wconf 88' lang='grc' dir='ltr'>τινα</span> <span class='ocrx_word' id='word_1_599' title='bbox 3217 3342 3628 3414; x_wconf 80' lang='grc' dir='ltr'>παραδέξασθαι</span> <span class='ocrx_word' id='word_1_600' title='bbox 3659 3346 3785 3399; x_wconf 82' lang='grc' dir='ltr'>θεὸν</span> 
     </span>
    </p>
   </div>
   <div class='ocr_carea' id='block_1_78' title="bbox 2197 3432 3784 3507">
    <p class='ocr_par' dir='ltr' id='par_1_78' title="bbox 2197 3432 3784 3507">
     <span class='ocr_line' id='line_1_78' title="bbox 2197 3432 3784 3507; baseline 0.003 -23"><span class='ocrx_word' id='word_1_601' title='bbox 2197 3432 2703 3503; x_wconf 84' lang='grc' dir='ltr'>παρακελευόμεθα.</span> <span class='ocrx_word' id='word_1_602' title='bbox 2754 3433 2845 3505; x_wconf 82' lang='grc' dir='ltr'><strong>Μὴ</strong></span> <span class='ocrx_word' id='word_1_603' title='bbox 2880 3434 3057 3487; x_wconf 86' lang='grc' dir='ltr'>τοίνυν</span> <span class='ocrx_word' id='word_1_604' title='bbox 3095 3433 3220 3503; x_wconf 83' lang='grc' dir='ltr'><strong>λέγε</strong></span> <span class='ocrx_word' id='word_1_605' title='bbox 3253 3435 3576 3507; x_wconf 82' lang='grc' dir='ltr'>προσθήκην</span> <span class='ocrx_word' id='word_1_606' title='bbox 3621 3438 3784 3490; x_wconf 77' lang='grc' dir='ltr'>σεϐά-</span> 
     </span>
    </p>
   </div>
   <div class='ocr_carea' id='block_1_79' title="bbox 2200 3522 3784 3596">
    <p class='ocr_par' dir='ltr' id='par_1_79' title="bbox 2200 3522 3784 3596">
     <span class='ocr_line' id='line_1_79' title="bbox 2200 3522 3784 3596; baseline 0.003 -21"><span class='ocrx_word' id='word_1_607' title='bbox 2200 3539 2425 3593; x_wconf 86' lang='grc' dir='ltr'>σματος,</span> <span class='ocrx_word' id='word_1_608' title='bbox 2449 3522 2665 3592; x_wconf 76' lang='grc' dir='ltr'>μηδ’ὄτι</span> <span class='ocrx_word' id='word_1_609' title='bbox 2691 3524 2997 3593; x_wconf 84' lang='grc' dir='ltr'>σεσιώπητο</span> <span class='ocrx_word' id='word_1_610' title='bbox 3025 3528 3140 3589; x_wconf 84' lang='grc' dir='ltr'>τοῖς</span> <span class='ocrx_word' id='word_1_611' title='bbox 3167 3527 3414 3587; x_wconf 84' lang='grc' dir='ltr'>παλαιοῖς</span> <span class='ocrx_word' id='word_1_612' title='bbox 3430 3529 3458 3578; x_wconf 86' lang='grc' dir='ltr'><strong>ό</strong></span> <span class='ocrx_word' id='word_1_613' title='bbox 3478 3525 3628 3588; x_wconf 71' lang='lat' dir='ltr'><strong>mg,</strong></span> <span class='ocrx_word' id='word_1_614' title='bbox 3649 3529 3784 3596; x_wconf 76' lang='grc' dir='ltr'>ἡμῖν</span> 
     </span>
    </p>
   </div>
   <div class='ocr_carea' id='block_1_80' title="bbox 2197 3613 3781 3687">
    <p class='ocr_par' dir='ltr' id='par_1_80' title="bbox 2197 3613 3781 3687">
     <span class='ocr_line' id='line_1_80' title="bbox 2197 3613 3781 3687; baseline 0.002 -19"><span class='ocrx_word' id='word_1_615' title='bbox 2197 3614 2253 3668; x_wconf 83' lang='grc' dir='ltr'>δὲ</span> <span class='ocrx_word' id='word_1_616' title='bbox 2299 3613 2770 3677; x_wconf 85' lang='grc' dir='ltr'>άποκεκάλυπται,</span> <span class='ocrx_word' id='word_1_617' title='bbox 2812 3616 2968 3687; x_wconf 75' lang='grc' dir='ltr'>εἴπερ</span> <span class='ocrx_word' id='word_1_618' title='bbox 3002 3616 3173 3684; x_wconf 84' lang='grc' dir='ltr'>Λόγον</span> <span class='ocrx_word' id='word_1_619' title='bbox 3204 3615 3537 3686; x_wconf 80' lang='grc' dir='ltr'>δημιουργὸν</span> <span class='ocrx_word' id='word_1_620' title='bbox 3588 3617 3781 3687; x_wconf 82' lang='grc' dir='ltr'>ὁμολο-</span> 
     </span>
    </p>
   </div>
   <div class='ocr_carea' id='block_1_81' title="bbox 2197 3706 3784 3780">
    <p class='ocr_par' dir='ltr' id='par_1_81' title="bbox 2197 3706 3784 3780">
     <span class='ocr_line' id='line_1_81' title="bbox 2197 3706 3784 3780; baseline 0.003 -21"><span class='ocrx_word' id='word_1_621' title='bbox 2197 3711 2312 3776; x_wconf 86' lang='grc' dir='ltr'>γεῖς</span> <span class='ocrx_word' id='word_1_622' title='bbox 2338 3707 2427 3760; x_wconf 91' lang='grc' dir='ltr'><strong>τὸν</strong></span> <span class='ocrx_word' id='word_1_623' title='bbox 2456 3706 2600 3759; x_wconf 89' lang='grc' dir='ltr'>Υἱόν.</span> <span class='ocrx_word' id='word_1_624' title='bbox 2631 3707 2802 3776; x_wconf 85' lang='grc' dir='ltr'>Λόγον</span> <span class='ocrx_word' id='word_1_625' title='bbox 2827 3707 2936 3780; x_wconf 85' lang='grc' dir='ltr'>γὰρ</span> <span class='ocrx_word' id='word_1_626' title='bbox 2968 3709 3188 3778; x_wconf 71' lang='grc' dir='ltr'>ᾔδεισαν</span> <span class='ocrx_word' id='word_1_627' title='bbox 3215 3709 3264 3760; x_wconf 83' lang='lat' dir='ltr'><strong>oi</strong></span> <span class='ocrx_word' id='word_1_628' title='bbox 3295 3708 3529 3778; x_wconf 83' lang='grc' dir='ltr'>πατέρες</span> <span class='ocrx_word' id='word_1_629' title='bbox 3551 3747 3566 3771; x_wconf 94' lang='grc'><strong>,</strong></span> <span class='ocrx_word' id='word_1_630' title='bbox 3603 3711 3784 3777; x_wconf 86' lang='grc' dir='ltr'>Λόγον</span> 
     </span>
    </p>
   </div>
   <div class='ocr_carea' id='block_1_82' title="bbox 2197 3796 3782 3870">
    <p class='ocr_par' dir='ltr' id='par_1_82' title="bbox 2197 3796 3782 3870">
     <span class='ocr_line' id='line_1_82' title="bbox 2197 3796 3782 3870; baseline 0.004 -22"><span class='ocrx_word' id='word_1_631' title='bbox 2197 3797 2332 3849; x_wconf 84' lang='grc' dir='ltr'>Θεοῦ</span> <span class='ocrx_word' id='word_1_632' title='bbox 2370 3796 2761 3864; x_wconf 83' lang='grc' dir='ltr'>προσεκύνουν,</span> <span class='ocrx_word' id='word_1_633' title='bbox 2799 3798 2893 3851; x_wconf 74' lang='grc' dir='ltr'>καὶ</span> <span class='ocrx_word' id='word_1_634' title='bbox 2930 3799 3026 3850; x_wconf 83' lang='grc' dir='ltr'><strong>σὺν</strong></span> <span class='ocrx_word' id='word_1_635' title='bbox 3065 3797 3223 3865; x_wconf 83' lang='grc' dir='ltr'>Λόγῳ</span> <span class='ocrx_word' id='word_1_636' title='bbox 3255 3797 3317 3849; x_wconf 87' lang='grc' dir='ltr'><strong>τὸ</strong></span> <span class='ocrx_word' id='word_1_637' title='bbox 3341 3797 3585 3867; x_wconf 80' lang='grc' dir='ltr'>Πνεῦμα.</span> <span class='ocrx_word' id='word_1_638' title='bbox 3624 3801 3782 3870; x_wconf 68' lang='grc' dir='ltr'>Μηδὲ</span> 
     </span>
    </p>
   </div>
   <div class='ocr_carea' id='block_1_83' title="bbox 2198 3888 3779 3960">
    <p class='ocr_par' dir='ltr' id='par_1_83' title="bbox 2198 3888 3779 3960">
     <span class='ocr_line' id='line_1_83' title="bbox 2198 3888 3779 3960; baseline 0.004 -22"><span class='ocrx_word' id='word_1_639' title='bbox 2198 3888 2435 3960; x_wconf 81' lang='grc' dir='ltr'>χωρίσῃς</span> <span class='ocrx_word' id='word_1_640' title='bbox 2463 3890 2623 3942; x_wconf 81' lang='grc' dir='ltr'>αὑτὸν</span> <span class='ocrx_word' id='word_1_641' title='bbox 2653 3889 2760 3942; x_wconf 86' lang='grc' dir='ltr'><strong>ἀπὸ</strong></span> <span class='ocrx_word' id='word_1_642' title='bbox 2787 3889 2880 3940; x_wconf 78' lang='grc' dir='ltr'><strong>τοῦ</strong></span> <span class='ocrx_word' id='word_1_643' title='bbox 2909 3888 3176 3956; x_wconf 84' lang='grc' dir='ltr'>λέγοντος,</span> <span class='ocrx_word' id='word_1_644' title='bbox 3221 3890 3368 3958; x_wconf 71' lang='grc' dir='ltr'><strong>Ἐγὼ</strong></span> <span class='ocrx_word' id='word_1_645' title='bbox 3403 3889 3546 3956; x_wconf 77' lang='grc' dir='ltr'>Θεὸς</span> <span class='ocrx_word' id='word_1_646' title='bbox 3562 3891 3779 3958; x_wconf 82' lang='grc' dir='ltr'>μόνος.</span> 
     </span>
    </p>
   </div>
   <div class='ocr_carea' id='block_1_84' title="bbox 2197 3978 3783 4052">
    <p class='ocr_par' dir='ltr' id='par_1_84' title="bbox 2197 3978 3783 4052">
     <span class='ocr_line' id='line_1_84' title="bbox 2197 3978 3783 4052; baseline 0.003 -22"><span class='ocrx_word' id='word_1_647' title='bbox 2197 3978 2294 4030; x_wconf 77' lang='grc' dir='ltr'>καὶ</span> <span class='ocrx_word' id='word_1_648' title='bbox 2342 3982 2453 4031; x_wconf 80' lang='grc' dir='ltr'>οὐκ</span> <span class='ocrx_word' id='word_1_649' title='bbox 2505 3980 2636 4032; x_wconf 83' lang='grc' dir='ltr'>ἔστι</span> <span class='ocrx_word' id='word_1_650' title='bbox 2695 3979 2864 4046; x_wconf 72' lang='grc' dir='ltr'><strong>πλὴν</strong></span> <span class='ocrx_word' id='word_1_651' title='bbox 2906 3979 3092 4047; x_wconf 84' lang='grc' dir='ltr'><strong>ὲμοῦ’</strong></span> <span class='ocrx_word' id='word_1_652' title='bbox 3151 3980 3237 4032; x_wconf 82' lang='grc' dir='ltr'>ἵνα</span> <span class='ocrx_word' id='word_1_653' title='bbox 3291 3981 3365 4050; x_wconf 79' lang='grc' dir='ltr'>μὴ</span> <span class='ocrx_word' id='word_1_654' title='bbox 3433 3981 3783 4052; x_wconf 77' lang='grc' dir='ltr'>βλασφημεῖν</span> 
     </span>
    </p>
   </div>
   <div class='ocr_carea' id='block_1_85' title="bbox 2197 4067 3785 4142">
    <p class='ocr_par' dir='ltr' id='par_1_85' title="bbox 2197 4067 3785 4142">
     <span class='ocr_line' id='line_1_85' title="bbox 2197 4067 3785 4142; baseline 0.001 -19"><span class='ocrx_word' id='word_1_655' title='bbox 2197 4067 2543 4138; x_wconf 82' lang='grc' dir='ltr'>ἀναγκασθῇς</span> <span class='ocrx_word' id='word_1_656' title='bbox 2587 4069 2676 4120; x_wconf 85' lang='grc' dir='ltr'><strong>τὸν</strong></span> <span class='ocrx_word' id='word_1_657' title='bbox 2713 4069 2839 4122; x_wconf 79' lang='grc' dir='ltr'>Υίὸν</span> <span class='ocrx_word' id='word_1_658' title='bbox 2883 4070 2958 4132; x_wconf 84' lang='grc' dir='ltr'><strong>ὡς</strong></span> <span class='ocrx_word' id='word_1_659' title='bbox 3003 4069 3102 4121; x_wconf 83' lang='grc' dir='ltr'><strong>οὐκ</strong></span> <span class='ocrx_word' id='word_1_660' title='bbox 3131 4069 3258 4122; x_wconf 73' lang='grc' dir='ltr'>ὄντα</span> <span class='ocrx_word' id='word_1_661' title='bbox 3301 4070 3462 4124; x_wconf 76' lang='grc' dir='ltr'>Θεόνο</span> <span class='ocrx_word' id='word_1_662' title='bbox 3499 4071 3636 4141; x_wconf 77' lang='grc' dir='ltr'>μηδὲ</span> <span class='ocrx_word' id='word_1_663' title='bbox 3674 4091 3785 4142; x_wconf 80' lang='grc' dir='ltr'>χω-</span> 
     </span>
    </p>
   </div>
   <div class='ocr_carea' id='block_1_86' title="bbox 2203 4158 3783 4232">
    <p class='ocr_par' dir='ltr' id='par_1_86' title="bbox 2203 4158 3783 4232">
     <span class='ocr_line' id='line_1_86' title="bbox 2203 4158 3783 4232; baseline 0.003 -20"><span class='ocrx_word' id='word_1_664' title='bbox 2203 4159 2357 4232; x_wconf 84' lang='grc' dir='ltr'>ρίσῃς</span> <span class='ocrx_word' id='word_1_665' title='bbox 2389 4159 2552 4213; x_wconf 73' lang='grc' dir='ltr'>αὐτὸν</span> <span class='ocrx_word' id='word_1_666' title='bbox 2585 4158 2693 4212; x_wconf 82' lang='grc' dir='ltr'>ἀπὸ</span> <span class='ocrx_word' id='word_1_667' title='bbox 2721 4159 2814 4213; x_wconf 86' lang='grc' dir='ltr'><strong>τοῦ</strong></span> <span class='ocrx_word' id='word_1_668' title='bbox 2854 4160 3103 4228; x_wconf 77' lang='grc' dir='ltr'>λέγοντος</span> <span class='ocrx_word' id='word_1_669' title='bbox 3122 4178 3134 4190; x_wconf 77' lang='grc' dir='ltr'><strong><em>ο</em></strong></span> <span class='ocrx_word' id='word_1_670' title='bbox 3348 4161 3617 4227; x_wconf 75' lang='grc' dir='ltr'>ἐξέτεινα</span> <span class='ocrx_word' id='word_1_671' title='bbox 3671 4163 3783 4216; x_wconf 77' lang='grc' dir='ltr'>τὸν</span> 
     </span>
    </p>
   </div>
   <div class='ocr_carea' id='block_1_87' title="bbox 2200 4249 3784 4322">
    <p class='ocr_par' dir='ltr' id='par_1_87' title="bbox 2200 4249 3784 4322">
     <span class='ocr_line' id='line_1_87' title="bbox 2200 4249 3784 4322; baseline 0.003 -20"><span class='ocrx_word' id='word_1_672' title='bbox 2200 4249 2458 4317; x_wconf 78' lang='grc' dir='ltr'>οὐρανὸν</span> <span class='ocrx_word' id='word_1_673' title='bbox 2491 4251 2700 4319; x_wconf 75' lang='grc' dir='ltr'>μόνος,</span> <span class='ocrx_word' id='word_1_674' title='bbox 2731 4250 2820 4303; x_wconf 84' lang='grc' dir='ltr'>ἵνα</span> <span class='ocrx_word' id='word_1_675' title='bbox 2868 4252 2943 4321; x_wconf 82' lang='grc' dir='ltr'>μὴ</span> <span class='ocrx_word' id='word_1_676' title='bbox 2977 4250 3192 4304; x_wconf 75' lang='grc' dir='ltr'>καὶτοῦ</span> <span class='ocrx_word' id='word_1_677' title='bbox 3228 4251 3560 4322; x_wconf 85' lang='grc' dir='ltr'>δημιουργὸν</span> <span class='ocrx_word' id='word_1_678' title='bbox 3597 4251 3784 4320; x_wconf 88' lang='grc' dir='ltr'>λέγειν</span> 
     </span>
    </p>
   </div>
   <div class='ocr_carea' id='block_1_88' title="bbox 2199 4340 3783 4413">
    <p class='ocr_par' dir='ltr' id='par_1_88' title="bbox 2199 4340 3783 4413">
     <span class='ocr_line' id='line_1_88' title="bbox 2199 4340 3783 4413; baseline 0.003 -21"><span class='ocrx_word' id='word_1_679' title='bbox 2199 4340 2289 4393; x_wconf 87' lang='grc' dir='ltr'><strong>τὸν</strong></span> <span class='ocrx_word' id='word_1_680' title='bbox 2314 4341 2442 4394; x_wconf 84' lang='grc' dir='ltr'>Υίὸν</span> <span class='ocrx_word' id='word_1_681' title='bbox 2467 4343 2709 4411; x_wconf 85' lang='grc' dir='ltr'>ἀποστῇς</span> <span class='ocrx_word' id='word_1_682' title='bbox 2733 4340 2875 4411; x_wconf 84' lang='grc'><strong>(60)·</strong></span> <span class='ocrx_word' id='word_1_683' title='bbox 2905 4342 2986 4394; x_wconf 86' lang='grc' dir='ltr'><strong>ὃτι</strong></span> <span class='ocrx_word' id='word_1_684' title='bbox 3011 4342 3110 4411; x_wconf 83' lang='grc' dir='ltr'>τῆς</span> <span class='ocrx_word' id='word_1_685' title='bbox 3139 4341 3232 4392; x_wconf 84' lang='grc' dir='ltr'><strong>τοῦ</strong></span> <span class='ocrx_word' id='word_1_686' title='bbox 3270 4343 3430 4411; x_wconf 88' lang='grc' dir='ltr'>μόνου</span> <span class='ocrx_word' id='word_1_687' title='bbox 3447 4342 3583 4396; x_wconf 85' lang='grc' dir='ltr'>Θεοῦ</span> <span class='ocrx_word' id='word_1_688' title='bbox 3617 4344 3783 4413; x_wconf 78' lang='grc' dir='ltr'>δόξης</span> 
     </span>
    </p>
   </div>
   <div class='ocr_carea' id='block_1_89' title="bbox 2199 4431 3782 4502">
    <p class='ocr_par' dir='ltr' id='par_1_89' title="bbox 2199 4431 3782 4502">
     <span class='ocr_line' id='line_1_89' title="bbox 2199 4431 3782 4502; baseline 0.002 -19"><span class='ocrx_word' id='word_1_689' title='bbox 2199 4431 2346 4483; x_wconf 89' lang='grc' dir='ltr'>ὀτὸν</span> <span class='ocrx_word' id='word_1_690' title='bbox 2399 4431 2626 4500; x_wconf 86' lang='grc' dir='ltr'>οὐρανὸν</span> <span class='ocrx_word' id='word_1_691' title='bbox 2673 4431 2918 4494; x_wconf 79' lang='grc' dir='ltr'>ἐκτείνας</span> <span class='ocrx_word' id='word_1_692' title='bbox 2965 4433 3023 4484; x_wconf 83' lang='grc' dir='ltr'><strong>ού</strong></span> <span class='ocrx_word' id='word_1_693' title='bbox 3071 4432 3421 4502; x_wconf 73' lang='grc' dir='ltr'>κεχώρισται.</span> <span class='ocrx_word' id='word_1_694' title='bbox 3473 4433 3686 4486; x_wconf 74' lang='grc' dir='ltr'>Οὐκοῦν</span> <span class='ocrx_word' id='word_1_695' title='bbox 3722 4438 3782 4486; x_wconf 83' lang='grc' dir='ltr'>ἐν</span> 
     </span>
    </p>
   </div>
   <div class='ocr_carea' id='block_1_90' title="bbox 525 4520 2096 4619">
    <p class='ocr_par' dir='ltr' id='par_1_90' title="bbox 525 4527 2096 4611">
     <span class='ocr_line' id='line_1_90' title="bbox 525 4527 2096 4611; baseline -0.008 -21"><span class='ocrx_word' id='word_1_696' title='bbox 525 4535 698 4604; x_wconf 87' lang='lat' dir='ltr'><strong>ipsum</strong></span> <span class='ocrx_word' id='word_1_697' title='bbox 727 4534 794 4588; x_wconf 90' lang='lat' dir='ltr'><strong>ab</strong></span> <span class='ocrx_word' id='word_1_698' title='bbox 817 4548 881 4587; x_wconf 88' lang='lat' dir='ltr'><strong>eo</strong></span> <span class='ocrx_word' id='word_1_699' title='bbox 921 4533 1010 4601; x_wconf 93' lang='lat' dir='ltr'><strong>qui</strong></span> <span class='ocrx_word' id='word_1_700' title='bbox 1031 4532 1197 4586; x_wconf 88' lang='lat' dir='ltr'><strong>dicit:</strong></span> <span class='ocrx_word' id='word_1_701' title='bbox 1234 4530 1347 4600; x_wconf 80' lang='lat' dir='ltr'><strong>Ego</strong></span> <span class='ocrx_word' id='word_1_702' title='bbox 1387 4530 1596 4584; x_wconf 72' lang='lat' dir='ltr'><strong>extendi</strong></span> <span class='ocrx_word' id='word_1_703' title='bbox 1645 4527 1826 4583; x_wconf 70' lang='lat' dir='ltr'><strong>caelum</strong></span> <span class='ocrx_word' id='word_1_704' title='bbox 1857 4528 1999 4581; x_wconf 77' lang='lat' dir='ltr'><strong>solus</strong></span> <span class='ocrx_word' id='word_1_705' title='bbox 2032 4527 2096 4611; x_wconf 55' lang='lat'><strong>&#39;3&#39;</strong></span> 
     </span>
    </p>
   </div>
   <div class='ocr_carea' id='block_1_91' title="bbox 2200 4520 3783 4619">
    <p class='ocr_par' dir='ltr' id='par_1_91' title="bbox 2206 4520 3783 4595">
     <span class='ocr_line' id='line_1_91' title="bbox 2206 4520 3783 4595; baseline 0.002 -22"><span class='ocrx_word' id='word_1_706' title='bbox 2206 4520 2319 4592; x_wconf 87' lang='grc' dir='ltr'>Υἱῴ</span> <span class='ocrx_word' id='word_1_707' title='bbox 2379 4520 2545 4589; x_wconf 83' lang='grc' dir='ltr'>γνῶθι</span> <span class='ocrx_word' id='word_1_708' title='bbox 2587 4520 2836 4592; x_wconf 81' lang='grc' dir='ltr'>Πατέρα,</span> <span class='ocrx_word' id='word_1_709' title='bbox 2893 4524 2950 4573; x_wconf 82' lang='grc' dir='ltr'><strong>ἐν</strong></span> <span class='ocrx_word' id='word_1_710' title='bbox 2998 4521 3172 4591; x_wconf 80' lang='grc' dir='ltr'>Πατρὶ</span> <span class='ocrx_word' id='word_1_711' title='bbox 3225 4521 3445 4587; x_wconf 68' lang='grc' dir='ltr'>δοξάσω</span> <span class='ocrx_word' id='word_1_712' title='bbox 3485 4521 3638 4576; x_wconf 78' lang='grc' dir='ltr'>Υἱόν.</span> <span class='ocrx_word' id='word_1_713' title='bbox 3687 4525 3783 4595; x_wconf 82' lang='grc' dir='ltr'><strong>Μὴ</strong></span> 
     </span>
    </p>
   </div>
   <div class='ocr_carea' id='block_1_92' title="bbox 524 4587 2100 4679">
    <p class='ocr_par' dir='ltr' id='par_1_92' title="bbox 524 4587 2100 4679">
     <span class='ocr_line' id='line_1_92' title="bbox 524 4587 2100 4679; baseline -0.006 0"><span class='ocrx_word' id='word_1_714' title='bbox 524 4587 584 4679; x_wconf 52' lang='lat' dir='ltr'><strong>nrt</strong></span> <span class='ocrx_word' id='word_1_715' title='bbox 617 4639 685 4678; x_wconf 91' lang='lat' dir='ltr'><strong>ne</strong></span> <span class='ocrx_word' id='word_1_716' title='bbox 733 4624 895 4678; x_wconf 89' lang='lat' dir='ltr'><strong>etiam</strong></span> <span class='ocrx_word' id='word_1_717' title='bbox 945 4623 1140 4677; x_wconf 87' lang='lat' dir='ltr'><strong>Filium</strong></span> <span class='ocrx_word' id='word_1_718' title='bbox 1176 4632 1475 4676; x_wconf 84' lang='lat' dir='ltr'><strong>creatorem</strong></span> <span class='ocrx_word' id='word_1_719' title='bbox 1510 4619 1690 4674; x_wconf 90' lang='lat' dir='ltr'><strong>dicere</strong></span> <span class='ocrx_word' id='word_1_720' title='bbox 1739 4619 1972 4673; x_wconf 87' lang='lat' dir='ltr'><strong>desinas.</strong></span> <span class='ocrx_word' id='word_1_721' title='bbox 2007 4587 2100 4670; x_wconf 59' lang='lat' dir='ltr'><strong>Et:</strong></span> 
     </span>
    </p>
   </div>
   <div class='ocr_carea' id='block_1_93' title="bbox 522 4710 2098 4782">
    <p class='ocr_par' dir='ltr' id='par_1_93' title="bbox 522 4710 2098 4782">
     <span class='ocr_line' id='line_1_93' title="bbox 522 4710 2098 4782; baseline -0.006 -11"><span class='ocrx_word' id='word_1_722' title='bbox 522 4716 666 4771; x_wconf 90' lang='lat' dir='ltr'><strong>enim</strong></span> <span class='ocrx_word' id='word_1_723' title='bbox 697 4715 889 4770; x_wconf 69' lang='lat' dir='ltr'><strong>caelum</strong></span> <span class='ocrx_word' id='word_1_724' title='bbox 914 4714 1279 4782; x_wconf 79' lang='lat' dir='ltr'><strong>quiextendit,</strong></span> <span class='ocrx_word' id='word_1_725' title='bbox 1299 4727 1326 4765; x_wconf 92' lang='lat' dir='ltr'><strong>a</strong></span> <span class='ocrx_word' id='word_1_726' title='bbox 1357 4711 1526 4768; x_wconf 89' lang='lat' dir='ltr'><strong>solius</strong></span> <span class='ocrx_word' id='word_1_727' title='bbox 1552 4711 1640 4764; x_wconf 91' lang='lat' dir='ltr'><strong>Dei</strong></span> <span class='ocrx_word' id='word_1_728' title='bbox 1674 4710 1841 4780; x_wconf 88' lang='lat' dir='ltr'><strong>gloria</strong></span> <span class='ocrx_word' id='word_1_729' title='bbox 1880 4725 2098 4778; x_wconf 86' lang='lat' dir='ltr'><strong>separa-</strong></span> 
     </span>
    </p>
   </div>
   <div class='ocr_carea' id='block_1_94' title="bbox 529 4798 2099 4870">
    <p class='ocr_par' dir='ltr' id='par_1_94' title="bbox 529 4798 2099 4870">
     <span class='ocr_line' id='line_1_94' title="bbox 529 4798 2099 4870; baseline -0.005 -11"><span class='ocrx_word' id='word_1_730' title='bbox 529 4814 616 4859; x_wconf 81' lang='lat' dir='ltr'><strong>tus</strong></span> <span class='ocrx_word' id='word_1_731' title='bbox 643 4819 749 4859; x_wconf 90' lang='lat' dir='ltr'><strong>non</strong></span> <span class='ocrx_word' id='word_1_732' title='bbox 782 4813 884 4860; x_wconf 87' lang='lat' dir='ltr'><strong>est.</strong></span> <span class='ocrx_word' id='word_1_733' title='bbox 912 4803 1091 4870; x_wconf 83' lang='lat' dir='ltr'><strong>Quare</strong></span> <span class='ocrx_word' id='word_1_734' title='bbox 1118 4804 1170 4856; x_wconf 90' lang='lat' dir='ltr'><strong>in</strong></span> <span class='ocrx_word' id='word_1_735' title='bbox 1198 4801 1332 4856; x_wconf 85' lang='lat' dir='ltr'><strong>Filio</strong></span> <span class='ocrx_word' id='word_1_736' title='bbox 1369 4801 1582 4854; x_wconf 86' lang='lat' dir='ltr'><strong>Patrem</strong></span> <span class='ocrx_word' id='word_1_737' title='bbox 1613 4814 1845 4868; x_wconf 80' lang='lat' dir='ltr'><strong>agnosce</strong></span> <span class='ocrx_word' id='word_1_738' title='bbox 1871 4816 1886 4851; x_wconf 86' lang='lat'><strong>:</strong></span> <span class='ocrx_word' id='word_1_739' title='bbox 1921 4803 1972 4853; x_wconf 93' lang='lat' dir='ltr'><strong>in</strong></span> <span class='ocrx_word' id='word_1_740' title='bbox 1999 4798 2099 4852; x_wconf 83' lang='lat' dir='ltr'><strong>Pa-</strong></span> 
     </span>
    </p>
   </div>
   <div class='ocr_carea' id='block_1_95' title="bbox 529 4891 2092 4966">
    <p class='ocr_par' dir='ltr' id='par_1_95' title="bbox 529 4891 2092 4966">
     <span class='ocr_line' id='line_1_95' title="bbox 529 4891 2092 4966; baseline -0.004 -14"><span class='ocrx_word' id='word_1_741' title='bbox 529 4907 612 4952; x_wconf 88' lang='lat' dir='ltr'><strong>tre</strong></span> <span class='ocrx_word' id='word_1_742' title='bbox 659 4897 849 4952; x_wconf 78' lang='lat' dir='ltr'><strong>Filium</strong></span> <span class='ocrx_word' id='word_1_743' title='bbox 890 4896 1148 4966; x_wconf 86' lang='lat' dir='ltr'><strong>glorifica.</strong></span> <span class='ocrx_word' id='word_1_744' title='bbox 1184 4895 1324 4949; x_wconf 84' lang='lat' dir='ltr'><strong>Cave</strong></span> <span class='ocrx_word' id='word_1_745' title='bbox 1376 4893 1583 4948; x_wconf 85' lang='lat' dir='ltr'><strong>dividas</strong></span> <span class='ocrx_word' id='word_1_746' title='bbox 1617 4907 1736 4961; x_wconf 69' lang='lat' dir='ltr'><strong>quae</strong></span> <span class='ocrx_word' id='word_1_747' title='bbox 1777 4891 1941 4946; x_wconf 88' lang='lat' dir='ltr'><strong>dividi</strong></span> <span class='ocrx_word' id='word_1_748' title='bbox 1987 4907 2092 4945; x_wconf 85' lang='lat' dir='ltr'><strong>non</strong></span> 
     </span>
    </p>
   </div>
   <div class='ocr_carea' id='block_1_96' title="bbox 524 4983 2092 5058">
    <p class='ocr_par' dir='ltr' id='par_1_96' title="bbox 524 4983 2092 5058">
     <span class='ocr_line' id='line_1_96' title="bbox 524 4983 2092 5058; baseline -0.004 -16"><span class='ocrx_word' id='word_1_749' title='bbox 524 4998 772 5058; x_wconf 88' lang='lat' dir='ltr'><strong>possunt,</strong></span> <span class='ocrx_word' id='word_1_750' title='bbox 813 5001 940 5043; x_wconf 87' lang='lat' dir='ltr'><strong>cave</strong></span> <span class='ocrx_word' id='word_1_751' title='bbox 989 4987 1203 5041; x_wconf 84' lang='lat' dir='ltr'><strong>sciudas</strong></span> <span class='ocrx_word' id='word_1_752' title='bbox 1258 5001 1376 5055; x_wconf 78' lang='lat' dir='ltr'><strong>quae</strong></span> <span class='ocrx_word' id='word_1_753' title='bbox 1416 5000 1521 5039; x_wconf 92' lang='lat' dir='ltr'><strong>non</strong></span> <span class='ocrx_word' id='word_1_754' title='bbox 1576 4983 1914 5038; x_wconf 86' lang='lat' dir='ltr'><strong>scinduntur.</strong></span> <span class='ocrx_word' id='word_1_755' title='bbox 1959 4983 2092 5040; x_wconf 75' lang='lat' dir='ltr'><strong>Nam</strong></span> 
     </span>
    </p>
   </div>
   <div class='ocr_carea' id='block_1_97' title="bbox 521 5079 2095 5147">
    <p class='ocr_par' dir='ltr' id='par_1_97' title="bbox 521 5079 2095 5147">
     <span class='ocr_line' id='line_1_97' title="bbox 521 5079 2095 5147; baseline -0.003 -13"><span class='ocrx_word' id='word_1_756' title='bbox 521 5080 732 5134; x_wconf 88' lang='lat' dir='ltr'><strong>etiamsi</strong></span> <span class='ocrx_word' id='word_1_757' title='bbox 749 5081 899 5147; x_wconf 84' lang='lat' dir='ltr'><strong>velis,</strong></span> <span class='ocrx_word' id='word_1_758' title='bbox 919 5095 1023 5133; x_wconf 91' lang='lat' dir='ltr'><strong>non</strong></span> <span class='ocrx_word' id='word_1_759' title='bbox 1041 5079 1374 5134; x_wconf 86' lang='lat' dir='ltr'><strong>scinduntur.</strong></span> <span class='ocrx_word' id='word_1_760' title='bbox 1392 5079 1705 5145; x_wconf 84' lang='lat' dir='ltr'><strong>Quanquam</strong></span> <span class='ocrx_word' id='word_1_761' title='bbox 1722 5085 1971 5129; x_wconf 88' lang='lat' dir='ltr'><strong>secantur</strong></span> <span class='ocrx_word' id='word_1_762' title='bbox 1990 5079 2095 5130; x_wconf 79' lang='lat' dir='ltr'><strong>hae-</strong></span> 
     </span>
    </p>
   </div>
   <div class='ocr_carea' id='block_1_98' title="bbox 595 5191 1839 5262">
    <p class='ocr_par' dir='ltr' id='par_1_98' title="bbox 595 5191 1839 5262">
     <span class='ocr_line' id='line_1_98' title="bbox 595 5191 1839 5262; baseline -0.005 -14"><span class='ocrx_word' id='word_1_763' title='bbox 595 5195 639 5227; x_wconf 86' lang='grc'><strong><em>³³</em></strong></span> <span class='ocrx_word' id='word_1_764' title='bbox 670 5196 836 5250; x_wconf 83' lang='lat' dir='ltr'><strong>Exod.</strong></span> <span class='ocrx_word' id='word_1_765' title='bbox 889 5212 982 5256; x_wconf 67' lang='lat' dir='ltr'><strong>xx,</strong></span> <span class='ocrx_word' id='word_1_766' title='bbox 1028 5196 1082 5262; x_wconf 79' lang='lat'><strong>3,</strong></span> <span class='ocrx_word' id='word_1_767' title='bbox 1118 5196 1169 5250; x_wconf 84' lang='lat'><strong>5.</strong></span> <span class='ocrx_word' id='word_1_768' title='bbox 1247 5195 1292 5226; x_wconf 73' lang='lat'><em>“</em></span> <span class='ocrx_word' id='word_1_769' title='bbox 1313 5195 1466 5249; x_wconf 90' lang='lat' dir='ltr'><strong>Deut.</strong></span> <span class='ocrx_word' id='word_1_770' title='bbox 1514 5207 1690 5255; x_wconf 78' lang='lat' dir='ltr'><strong>xxxn,</strong></span> <span class='ocrx_word' id='word_1_771' title='bbox 1746 5191 1839 5245; x_wconf 75' lang='lat'><strong>39.</strong></span> 
     </span>
    </p>
   </div>
   <div class='ocr_carea' id='block_1_99' title="bbox 594 5303 2097 5379">
    <p class='ocr_par' dir='ltr' id='par_1_99' title="bbox 594 5303 2097 5379">
     <span class='ocr_line' id='line_1_99' title="bbox 594 5303 2097 5379; baseline -0.002 -20"><span class='ocrx_word' id='word_1_772' title='bbox 594 5306 706 5379; x_wconf 76' lang='grc'><strong>(55)</strong></span> <span class='ocrx_word' id='word_1_773' title='bbox 759 5306 891 5375; x_wconf 77' lang='lat' dir='ltr'><strong>Reg.</strong></span> <span class='ocrx_word' id='word_1_774' title='bbox 924 5317 1149 5373; x_wconf 85' lang='lat' dir='ltr'><strong>quartus</strong></span> <span class='ocrx_word' id='word_1_775' title='bbox 1194 5306 1393 5379; x_wconf 82' lang='grc' dir='ltr'>γνῶσιν</span> <span class='ocrx_word' id='word_1_776' title='bbox 1431 5304 1536 5379; x_wconf 54' lang='lat' dir='ltr'><strong>mi</strong></span> <span class='ocrx_word' id='word_1_777' title='bbox 1567 5303 1853 5374; x_wconf 82' lang='grc' dir='ltr'>διαίρεσιν.</span> <span class='ocrx_word' id='word_1_778' title='bbox 1883 5303 1995 5358; x_wconf 79' lang='lat' dir='ltr'><strong>Nec</strong></span> <span class='ocrx_word' id='word_1_779' title='bbox 2025 5306 2097 5358; x_wconf 87' lang='lat' dir='ltr'><strong>ita</strong></span> 
     </span>
    </p>
   </div>
   <div class='ocr_carea' id='block_1_100' title="bbox 526 5377 1614 5450">
    <p class='ocr_par' dir='ltr' id='par_1_100' title="bbox 526 5377 1614 5450">
     <span class='ocr_line' id='line_1_100' title="bbox 526 5377 1614 5450; baseline -0.006 -15"><span class='ocrx_word' id='word_1_780' title='bbox 526 5377 699 5450; x_wconf 76' lang='lat' dir='ltr'><strong>multo</strong></span> <span class='ocrx_word' id='word_1_781' title='bbox 718 5386 838 5450; x_wconf 71' lang='lat' dir='ltr'><strong>post</strong></span> <span class='ocrx_word' id='word_1_782' title='bbox 862 5379 1014 5450; x_wconf 12' lang='lat' dir='ltr'><strong>Colib.</strong></span> <span class='ocrx_word' id='word_1_783' title='bbox 1050 5379 1190 5450; x_wconf 72' lang='grc' dir='ltr'>χεὶρ,</span> <span class='ocrx_word' id='word_1_784' title='bbox 1226 5377 1356 5450; x_wconf 81' lang='grc' dir='ltr'>μηδὲ</span> <span class='ocrx_word' id='word_1_785' title='bbox 1382 5379 1427 5450; x_wconf 83' lang='grc' dir='ltr'>τ’</span> <span class='ocrx_word' id='word_1_786' title='bbox 1459 5377 1614 5450; x_wconf 71' lang='grc' dir='ltr'>ἄλλα.</span> 
     </span>
    </p>
   </div>
   <div class='ocr_carea' id='block_1_101' title="bbox 599 5445 2101 5518">
    <p class='ocr_par' dir='ltr' id='par_1_101' title="bbox 599 5445 2101 5518">
     <span class='ocr_line' id='line_1_101' title="bbox 599 5445 2101 5518; baseline -0.003 -16"><span class='ocrx_word' id='word_1_787' title='bbox 599 5447 709 5517; x_wconf 77' lang='grc'><strong>(56)</strong></span> <span class='ocrx_word' id='word_1_788' title='bbox 747 5447 886 5500; x_wconf 84' lang='lat' dir='ltr'><strong>Editi</strong></span> <span class='ocrx_word' id='word_1_789' title='bbox 935 5449 968 5518; x_wconf 79' lang='grc' dir='ltr'>ἢ</span> <span class='ocrx_word' id='word_1_790' title='bbox 1023 5445 1115 5501; x_wconf 71' lang='grc' dir='ltr'><strong>καὶ</strong></span> <span class='ocrx_word' id='word_1_791' title='bbox 1143 5445 1360 5501; x_wconf 59' lang='grc' dir='ltr'>πάντα.</span> <span class='ocrx_word' id='word_1_792' title='bbox 1395 5448 1613 5516; x_wconf 80' lang='lat' dir='ltr'><strong>Antiqui</strong></span> <span class='ocrx_word' id='word_1_793' title='bbox 1652 5455 1761 5499; x_wconf 87' lang='lat' dir='ltr'><strong>tres</strong></span> <span class='ocrx_word' id='word_1_794' title='bbox 1803 5445 1923 5500; x_wconf 84' lang='lat' dir='ltr'><strong>libri</strong></span> <span class='ocrx_word' id='word_1_795' title='bbox 1961 5446 1992 5515; x_wconf 84' lang='grc' dir='ltr'>ἢ</span> <span class='ocrx_word' id='word_1_796' title='bbox 2043 5445 2101 5498; x_wconf 81' lang='grc' dir='ltr'><strong>τὸ</strong></span> 
     </span>
    </p>
   </div>
   <div class='ocr_carea' id='block_1_102' title="bbox 530 5522 659 5573">
    <p class='ocr_par' dir='ltr' id='par_1_102' title="bbox 530 5522 659 5573">
     <span class='ocr_line' id='line_1_102' title="bbox 530 5522 659 5573; baseline -0.016 -1"><span class='ocrx_word' id='word_1_797' title='bbox 530 5522 659 5573; x_wconf 78' lang='grc' dir='ltr'>πᾶν.</span> 
     </span>
    </p>
   </div>
   <div class='ocr_carea' id='block_1_103' title="bbox 599 5584 2100 5658">
    <p class='ocr_par' dir='ltr' id='par_1_103' title="bbox 599 5584 2100 5658">
     <span class='ocr_line' id='line_1_103' title="bbox 599 5584 2100 5658; baseline -0.001 -17"><span class='ocrx_word' id='word_1_798' title='bbox 599 5587 712 5657; x_wconf 77' lang='lat'><strong>(57)</strong></span> <span class='ocrx_word' id='word_1_799' title='bbox 739 5587 876 5658; x_wconf 84' lang='lat' dir='ltr'><strong>Editi</strong></span> <span class='ocrx_word' id='word_1_800' title='bbox 907 5588 1148 5655; x_wconf 70' lang='grc' dir='ltr'>φεύγεις,</span> <span class='ocrx_word' id='word_1_801' title='bbox 1185 5588 1315 5658; x_wconf 77' lang='grc' dir='ltr'>μηδὲ</span> <span class='ocrx_word' id='word_1_802' title='bbox 1340 5587 1399 5640; x_wconf 82' lang='grc' dir='ltr'><strong>τὸ</strong></span> <span class='ocrx_word' id='word_1_803' title='bbox 1429 5588 1509 5652; x_wconf 85' lang='grc' dir='ltr'>ἓν,</span> <span class='ocrx_word' id='word_1_804' title='bbox 1538 5602 1694 5658; x_wconf 80' lang='lat' dir='ltr'><strong>neque</strong></span> <span class='ocrx_word' id='word_1_805' title='bbox 1720 5600 1900 5658; x_wconf 69' lang='lat' dir='ltr'><strong>unum.</strong></span> <span class='ocrx_word' id='word_1_806' title='bbox 1919 5584 2100 5658; x_wconf 70' lang='lat' dir='ltr'><strong>codex</strong></span> 
     </span>
    </p>
   </div>
   <div class='ocr_carea' id='block_1_104' title="bbox 527 5653 2098 5729">
    <p class='ocr_par' dir='ltr' id='par_1_104' title="bbox 527 5653 2098 5729">
     <span class='ocr_line' id='line_1_104' title="bbox 527 5653 2098 5729; baseline -0.003 -15"><span class='ocrx_word' id='word_1_807' title='bbox 527 5653 955 5729; x_wconf 74' lang='grc' dir='ltr'>(ἷοιιι.’φεὺγεις,</span> <span class='ocrx_word' id='word_1_808' title='bbox 979 5653 1072 5711; x_wconf 73' lang='grc' dir='ltr'><strong>και</strong></span> <span class='ocrx_word' id='word_1_809' title='bbox 1094 5659 1156 5711; x_wconf 84' lang='grc' dir='ltr'><strong>τὸ</strong></span> <span class='ocrx_word' id='word_1_810' title='bbox 1185 5653 1292 5713; x_wconf 63' lang='grc' dir='ltr'><strong>πᾶν</strong></span> <span class='ocrx_word' id='word_1_811' title='bbox 1320 5675 1332 5687; x_wconf 79' lang='lat'><strong><em>°</em></strong></span> <span class='ocrx_word' id='word_1_812' title='bbox 1370 5661 1509 5722; x_wconf 88' lang='lat' dir='ltr'><strong>quod</strong></span> <span class='ocrx_word' id='word_1_813' title='bbox 1531 5657 1716 5712; x_wconf 82' lang='lat' dir='ltr'><strong>melius</strong></span> <span class='ocrx_word' id='word_1_814' title='bbox 1745 5655 1901 5710; x_wconf 86' lang='lat' dir='ltr'><strong>nobis</strong></span> <span class='ocrx_word' id='word_1_815' title='bbox 1927 5657 2098 5710; x_wconf 84' lang='lat' dir='ltr'><strong>visum</strong></span> 
     </span>
    </p>
   </div>
   <div class='ocr_carea' id='block_1_105' title="bbox 528 5730 929 5786">
    <p class='ocr_par' dir='ltr' id='par_1_105' title="bbox 528 5730 929 5786">
     <span class='ocr_line' id='line_1_105' title="bbox 528 5730 929 5786; baseline -0.01 0"><span class='ocrx_word' id='word_1_816' title='bbox 528 5741 616 5786; x_wconf 86' lang='lat' dir='ltr'><strong>est</strong></span> <span class='ocrx_word' id='word_1_817' title='bbox 640 5730 929 5785; x_wconf 81' lang='lat' dir='ltr'><strong>etsanius.</strong></span> 
     </span>
    </p>
   </div>
   <div class='ocr_carea' id='block_1_106' title="bbox 599 5797 1906 5868">
    <p class='ocr_par' dir='ltr' id='par_1_106' title="bbox 599 5797 1906 5868">
     <span class='ocr_line' id='line_1_106' title="bbox 599 5797 1906 5868; baseline -0.002 -16"><span class='ocrx_word' id='word_1_818' title='bbox 599 5799 710 5868; x_wconf 78' lang='lat'><strong>(58)</strong></span> <span class='ocrx_word' id='word_1_819' title='bbox 737 5799 872 5855; x_wconf 88' lang='lat' dir='ltr'><strong>Editi</strong></span> <span class='ocrx_word' id='word_1_820' title='bbox 907 5801 968 5854; x_wconf 77' lang='lat' dir='ltr'><strong>Ei</strong></span> <span class='ocrx_word' id='word_1_821' title='bbox 1000 5800 1108 5868; x_wconf 79' lang='grc' dir='ltr'><strong>γάρ</strong></span> <span class='ocrx_word' id='word_1_822' title='bbox 1141 5801 1216 5866; x_wconf 76' lang='grc' dir='ltr'>ἐξ.</span> <span class='ocrx_word' id='word_1_823' title='bbox 1253 5801 1319 5856; x_wconf 71' lang='lat' dir='ltr'><strong>At</strong></span> <span class='ocrx_word' id='word_1_824' title='bbox 1355 5816 1482 5856; x_wconf 82' lang='lat' dir='ltr'><strong>mss.</strong></span> <span class='ocrx_word' id='word_1_825' title='bbox 1519 5800 1577 5852; x_wconf 81' lang='lat' dir='ltr'><strong>Ei</strong></span> <span class='ocrx_word' id='word_1_826' title='bbox 1603 5797 1706 5868; x_wconf 75' lang='grc' dir='ltr'>γὰρ</span> <span class='ocrx_word' id='word_1_827' title='bbox 1729 5799 1800 5850; x_wconf 77' lang='grc' dir='ltr'><strong>τά</strong></span> <span class='ocrx_word' id='word_1_828' title='bbox 1829 5797 1906 5862; x_wconf 80' lang='grc' dir='ltr'><strong>ἐξ.</strong></span> 
     </span>
    </p>
   </div>
   <div class='ocr_carea' id='block_1_107' title="bbox 2209 4610 3781 4682">
    <p class='ocr_par' dir='ltr' id='par_1_107' title="bbox 2209 4610 3781 4682">
     <span class='ocr_line' id='line_1_107' title="bbox 2209 4610 3781 4682; baseline -0.001 -19"><span class='ocrx_word' id='word_1_829' title='bbox 2209 4612 2438 4682; x_wconf 79' lang='grc' dir='ltr'>μερίσῃς</span> <span class='ocrx_word' id='word_1_830' title='bbox 2481 4611 2549 4664; x_wconf 83' lang='grc' dir='ltr'>τὰ</span> <span class='ocrx_word' id='word_1_831' title='bbox 2590 4611 2882 4680; x_wconf 85' lang='grc' dir='ltr'>ἀμέριστα,</span> <span class='ocrx_word' id='word_1_832' title='bbox 2941 4610 3015 4680; x_wconf 84' lang='grc' dir='ltr'>μὴ</span> <span class='ocrx_word' id='word_1_833' title='bbox 3051 4611 3199 4680; x_wconf 83' lang='grc' dir='ltr'>σχίζε</span> <span class='ocrx_word' id='word_1_834' title='bbox 3229 4612 3298 4664; x_wconf 83' lang='grc' dir='ltr'>τὰ</span> <span class='ocrx_word' id='word_1_835' title='bbox 3348 4613 3600 4680; x_wconf 74' lang='grc' dir='ltr'>άσχιστα.</span> <span class='ocrx_word' id='word_1_836' title='bbox 3659 4611 3781 4665; x_wconf 74' lang='grc' dir='ltr'><strong>Κᾶν</strong></span> 
     </span>
    </p>
   </div>
   <div class='ocr_carea' id='block_1_108' title="bbox 2199 4701 3779 4776">
    <p class='ocr_par' dir='ltr' id='par_1_108' title="bbox 2199 4701 3779 4776">
     <span class='ocr_line' id='line_1_108' title="bbox 2199 4701 3779 4776; baseline 0 -22"><span class='ocrx_word' id='word_1_837' title='bbox 2199 4703 2309 4774; x_wconf 84' lang='grc' dir='ltr'><strong>γάρ</strong></span> <span class='ocrx_word' id='word_1_838' title='bbox 2343 4702 2525 4776; x_wconf 79' lang='grc' dir='ltr'>θέλῃς,</span> <span class='ocrx_word' id='word_1_839' title='bbox 2565 4702 2626 4754; x_wconf 78' lang='grc' dir='ltr'>οὐ</span> <span class='ocrx_word' id='word_1_840' title='bbox 2671 4701 2931 4771; x_wconf 81' lang='grc' dir='ltr'>σχίζεται.</span> <span class='ocrx_word' id='word_1_841' title='bbox 2975 4702 3092 4756; x_wconf 78' lang='grc' dir='ltr'>Κᾶν</span> <span class='ocrx_word' id='word_1_842' title='bbox 3133 4701 3504 4772; x_wconf 76' lang='grc' dir='ltr'>διαρραγῶσιν</span> <span class='ocrx_word' id='word_1_843' title='bbox 3541 4702 3591 4754; x_wconf 80' lang='lat' dir='ltr'><strong>oi</strong></span> <span class='ocrx_word' id='word_1_844' title='bbox 3625 4704 3779 4774; x_wconf 74' lang='grc' dir='ltr'>αἱρε-</span> 
     </span>
    </p>
   </div>
   <div class='ocr_carea' id='block_1_109' title="bbox 2200 4791 3779 4866">
    <p class='ocr_par' dir='ltr' id='par_1_109' title="bbox 2200 4791 3779 4866">
     <span class='ocr_line' id='line_1_109' title="bbox 2200 4791 3779 4866; baseline -0.001 -18"><span class='ocrx_word' id='word_1_845' title='bbox 2200 4794 2362 4858; x_wconf 72' lang='grc' dir='ltr'>τικοὶ,</span> <span class='ocrx_word' id='word_1_846' title='bbox 2401 4794 2459 4846; x_wconf 79' lang='grc' dir='ltr'><strong>οὑ</strong></span> <span class='ocrx_word' id='word_1_847' title='bbox 2505 4791 2898 4864; x_wconf 75' lang='grc' dir='ltr'>διαρρήγνυται</span> <span class='ocrx_word' id='word_1_848' title='bbox 2943 4795 2975 4864; x_wconf 82' lang='grc' dir='ltr'>ἡ</span> <span class='ocrx_word' id='word_1_849' title='bbox 3021 4794 3190 4866; x_wconf 88' lang='grc' dir='ltr'>Τριάς</span> <span class='ocrx_word' id='word_1_850' title='bbox 3220 4792 3361 4864; x_wconf 86' lang='grc'><strong>(61)’</strong></span> <span class='ocrx_word' id='word_1_851' title='bbox 3400 4793 3514 4846; x_wconf 81' lang='grc' dir='ltr'>ἀλλ’</span> <span class='ocrx_word' id='word_1_852' title='bbox 3551 4792 3703 4846; x_wconf 72' lang='grc' dir='ltr'>ἐστιν</span> <span class='ocrx_word' id='word_1_853' title='bbox 3748 4795 3779 4847; x_wconf 82' lang='grc' dir='ltr'><strong>ὸ</strong></span> 
     </span>
    </p>
   </div>
   <div class='ocr_carea' id='block_1_110' title="bbox 2201 4884 3778 4957">
    <p class='ocr_par' dir='ltr' id='par_1_110' title="bbox 2201 4884 3778 4957">
     <span class='ocr_line' id='line_1_110' title="bbox 2201 4884 3778 4957; baseline -0.001 -19"><span class='ocrx_word' id='word_1_854' title='bbox 2201 4886 2337 4952; x_wconf 75' lang='grc' dir='ltr'>ἐστι,</span> <span class='ocrx_word' id='word_1_855' title='bbox 2370 4884 2474 4939; x_wconf 77' lang='grc' dir='ltr'><strong>κᾶν</strong></span> <span class='ocrx_word' id='word_1_856' title='bbox 2499 4885 2705 4957; x_wconf 77' lang='grc' dir='ltr'>ἑτέροις</span> <span class='ocrx_word' id='word_1_857' title='bbox 2738 4886 2810 4956; x_wconf 79' lang='grc' dir='ltr'><strong>μὴ</strong></span> <span class='ocrx_word' id='word_1_858' title='bbox 2837 4885 2989 4957; x_wconf 84' lang='grc' dir='ltr'>δοκῇ.</span> <span class='ocrx_word' id='word_1_859' title='bbox 3022 4887 3230 4957; x_wconf 82' lang='grc' dir='ltr'>Σπεϊρα</span> <span class='ocrx_word' id='word_1_860' title='bbox 3259 4885 3367 4956; x_wconf 84' lang='grc' dir='ltr'><strong>γάρ</strong></span> <span class='ocrx_word' id='word_1_861' title='bbox 3407 4885 3557 4938; x_wconf 72' lang='grc' dir='ltr'>ἔστιν</span> <span class='ocrx_word' id='word_1_862' title='bbox 3578 4886 3612 4955; x_wconf 77' lang='grc' dir='ltr'><strong>ἡ</strong></span> <span class='ocrx_word' id='word_1_863' title='bbox 3647 4885 3778 4953; x_wconf 79' lang='grc' dir='ltr'>ἁγία</span> 
     </span>
    </p>
   </div>
   <div class='ocr_carea' id='block_1_111' title="bbox 2200 4977 3774 5052">
    <p class='ocr_par' dir='ltr' id='par_1_111' title="bbox 2200 4977 3774 5052">
     <span class='ocr_line' id='line_1_111' title="bbox 2200 4977 3774 5052; baseline -0.004 -18"><span class='ocrx_word' id='word_1_864' title='bbox 2200 4980 2388 5052; x_wconf 82' lang='grc' dir='ltr'>Τριὰς,</span> <span class='ocrx_word' id='word_1_865' title='bbox 2428 4980 2521 5033; x_wconf 78' lang='grc' dir='ltr'>καὶ</span> <span class='ocrx_word' id='word_1_866' title='bbox 2566 4979 2863 5048; x_wconf 76' lang='grc' dir='ltr'>σεδάσμιός</span> <span class='ocrx_word' id='word_1_867' title='bbox 2896 4980 3043 5032; x_wconf 69' lang='grc' dir='ltr'>ἐστιν</span> <span class='ocrx_word' id='word_1_868' title='bbox 3081 4981 3140 5033; x_wconf 78' lang='grc' dir='ltr'>ἐν</span> <span class='ocrx_word' id='word_1_869' title='bbox 3181 4980 3277 5049; x_wconf 80' lang='grc' dir='ltr'>μιᾷ</span> <span class='ocrx_word' id='word_1_870' title='bbox 3305 4978 3398 5032; x_wconf 73' lang='grc' dir='ltr'><strong>καὶ</strong></span> <span class='ocrx_word' id='word_1_871' title='bbox 3423 4977 3580 5046; x_wconf 81' lang='grc' dir='ltr'>ἀϊδίῳ</span> <span class='ocrx_word' id='word_1_872' title='bbox 3623 4977 3774 5050; x_wconf 73' lang='grc' dir='ltr'>δόξῃ,</span> 
     </span>
    </p>
   </div>
   <div class='ocr_carea' id='block_1_112' title="bbox 2200 5071 3780 5144">
    <p class='ocr_par' dir='ltr' id='par_1_112' title="bbox 2200 5071 3780 5144">
     <span class='ocr_line' id='line_1_112' title="bbox 2200 5071 3780 5144; baseline -0.002 -18"><span class='ocrx_word' id='word_1_873' title='bbox 2200 5073 2298 5144; x_wconf 81' lang='grc' dir='ltr'>τὴν</span> <span class='ocrx_word' id='word_1_874' title='bbox 2331 5072 2501 5141; x_wconf 79' lang='grc' dir='ltr'>αὐτὴν</span> <span class='ocrx_word' id='word_1_875' title='bbox 2533 5073 2625 5125; x_wconf 75' lang='grc' dir='ltr'>καὶ</span> <span class='ocrx_word' id='word_1_876' title='bbox 2670 5071 2798 5142; x_wconf 82' lang='grc' dir='ltr'>μίαν</span> <span class='ocrx_word' id='word_1_877' title='bbox 2840 5071 3009 5143; x_wconf 84' lang='grc' dir='ltr'>μόνην</span> <span class='ocrx_word' id='word_1_878' title='bbox 3045 5072 3272 5141; x_wconf 82' lang='grc' dir='ltr'>θεότητα</span> <span class='ocrx_word' id='word_1_879' title='bbox 3307 5071 3587 5141; x_wconf 84' lang='grc' dir='ltr'>πανταχοῦ</span> <span class='ocrx_word' id='word_1_880' title='bbox 3621 5087 3780 5142; x_wconf 85' lang='grc' dir='ltr'>περι-</span> 
     </span>
    </p>
   </div>
   <div class='ocr_carea' id='block_1_113' title="bbox 1935 5189 2310 5256">
    <p class='ocr_par' dir='ltr' id='par_1_113' title="bbox 1935 5189 2310 5256">
     <span class='ocr_line' id='line_1_113' title="bbox 1935 5189 2310 5256; baseline -0.005 -10"><span class='ocrx_word' id='word_1_881' title='bbox 1935 5191 1979 5222; x_wconf 84' lang='grc'>³³</span> <span class='ocrx_word' id='word_1_882' title='bbox 2004 5190 2100 5246; x_wconf 74' lang='lat' dir='ltr'><strong>Job</strong></span> <span class='ocrx_word' id='word_1_883' title='bbox 2140 5206 2216 5256; x_wconf 78' lang='lat' dir='ltr'><strong>Ix,</strong></span> <span class='ocrx_word' id='word_1_884' title='bbox 2256 5189 2310 5244; x_wconf 90' lang='lat'><strong>8.</strong></span> 
     </span>
    </p>
   </div>
   <div class='ocr_carea' id='block_1_114' title="bbox 2277 5302 3777 5374">
    <p class='ocr_par' dir='ltr' id='par_1_114' title="bbox 2277 5302 3777 5374">
     <span class='ocr_line' id='line_1_114' title="bbox 2277 5302 3777 5374; baseline -0.006 -15"><span class='ocrx_word' id='word_1_885' title='bbox 2277 5303 2386 5374; x_wconf 79' lang='lat'><strong>(59)</strong></span> <span class='ocrx_word' id='word_1_886' title='bbox 2444 5304 2668 5359; x_wconf 82' lang='lat' dir='ltr'><strong>Veteres</strong></span> <span class='ocrx_word' id='word_1_887' title='bbox 2716 5305 2917 5374; x_wconf 88' lang='lat' dir='ltr'><strong>aliquot</strong></span> <span class='ocrx_word' id='word_1_888' title='bbox 2982 5303 3125 5366; x_wconf 90' lang='lat' dir='ltr'><strong>libri,</strong></span> <span class='ocrx_word' id='word_1_889' title='bbox 3171 5303 3497 5370; x_wconf 83' lang='grc' dir='ltr'>Πιστότερον</span> <span class='ocrx_word' id='word_1_890' title='bbox 3557 5302 3624 5355; x_wconf 69' lang='grc' dir='ltr'>ἂι</span> <span class='ocrx_word' id='word_1_891' title='bbox 3691 5303 3777 5371; x_wconf 77' lang='grc' dir='ltr'>εἴη</span> 
     </span>
    </p>
   </div>
   <div class='ocr_carea' id='block_1_115' title="bbox 2210 5391 2366 5427">
    <p class='ocr_par' dir='ltr' id='par_1_115' title="bbox 2210 5391 2366 5427">
     <span class='ocr_line' id='line_1_115' title="bbox 2210 5391 2366 5427; baseline -0.013 0"><span class='ocrx_word' id='word_1_892' title='bbox 2210 5391 2366 5427; x_wconf 81' lang='grc' dir='ltr'>πάσι.</span> 
     </span>
    </p>
   </div>
   <div class='ocr_carea' id='block_1_116' title="bbox 2279 5443 3778 5515">
    <p class='ocr_par' dir='ltr' id='par_1_116' title="bbox 2279 5443 3778 5515">
     <span class='ocr_line' id='line_1_116' title="bbox 2279 5443 3778 5515; baseline -0.003 -17"><span class='ocrx_word' id='word_1_893' title='bbox 2279 5445 2390 5515; x_wconf 85' lang='grc'><strong>(60)</strong></span> <span class='ocrx_word' id='word_1_894' title='bbox 2423 5443 2554 5513; x_wconf 80' lang='lat' dir='ltr'><strong>Reg.</strong></span> <span class='ocrx_word' id='word_1_895' title='bbox 2592 5452 2819 5513; x_wconf 89' lang='lat' dir='ltr'><strong>quartus</strong></span> <span class='ocrx_word' id='word_1_896' title='bbox 2857 5443 2950 5496; x_wconf 91' lang='grc' dir='ltr'><strong>τὸν</strong></span> <span class='ocrx_word' id='word_1_897' title='bbox 2977 5443 3105 5496; x_wconf 83' lang='grc' dir='ltr'><strong>Υίόν</strong></span> <span class='ocrx_word' id='word_1_898' title='bbox 3133 5444 3366 5515; x_wconf 82' lang='grc' dir='ltr'>άπιστῇς</span> <span class='ocrx_word' id='word_1_899' title='bbox 3409 5460 3422 5474; x_wconf 84' lang='grc'><em>’</em></span> <span class='ocrx_word' id='word_1_900' title='bbox 3460 5443 3603 5512; x_wconf 87' lang='lat' dir='ltr'><strong>quod</strong></span> <span class='ocrx_word' id='word_1_901' title='bbox 3645 5444 3778 5510; x_wconf 91' lang='lat' dir='ltr'><strong>quin</strong></span> 
     </span>
    </p>
   </div>
   <div class='ocr_carea' id='block_1_117' title="bbox 2207 5515 3006 5580">
    <p class='ocr_par' dir='ltr' id='par_1_117' title="bbox 2207 5515 3006 5580">
     <span class='ocr_line' id='line_1_117' title="bbox 2207 5515 3006 5580; baseline -0.003 -12"><span class='ocrx_word' id='word_1_902' title='bbox 2207 5525 2516 5580; x_wconf 84' lang='lat' dir='ltr'><strong>corruptum</strong></span> <span class='ocrx_word' id='word_1_903' title='bbox 2546 5515 2636 5573; x_wconf 84' lang='lat' dir='ltr'><strong>sit,</strong></span> <span class='ocrx_word' id='word_1_904' title='bbox 2664 5530 2766 5565; x_wconf 91' lang='lat' dir='ltr'><strong>non</strong></span> <span class='ocrx_word' id='word_1_905' title='bbox 2803 5516 3006 5566; x_wconf 87' lang='lat' dir='ltr'><strong>dubito.</strong></span> 
     </span>
    </p>
   </div>
   <div class='ocr_carea' id='block_1_118' title="bbox 2277 5582 3777 5655">
    <p class='ocr_par' dir='ltr' id='par_1_118' title="bbox 2277 5582 3777 5655">
     <span class='ocr_line' id='line_1_118' title="bbox 2277 5582 3777 5655; baseline 0.003 -24"><span class='ocrx_word' id='word_1_906' title='bbox 2277 5586 2390 5648; x_wconf 80' lang='grc'><strong>(61)</strong></span> <span class='ocrx_word' id='word_1_907' title='bbox 2435 5584 2568 5635; x_wconf 83' lang='lat' dir='ltr'><strong>Editi</strong></span> <span class='ocrx_word' id='word_1_908' title='bbox 2595 5583 2714 5635; x_wconf 84' lang='grc' dir='ltr'><strong>Κᾶν</strong></span> <span class='ocrx_word' id='word_1_909' title='bbox 2745 5583 3139 5655; x_wconf 50' lang='grc' dir='ltr'>γάρθέλειᾳού</span> <span class='ocrx_word' id='word_1_910' title='bbox 3175 5584 3452 5655; x_wconf 83' lang='grc' dir='ltr'>σχίζεται·</span> <span class='ocrx_word' id='word_1_911' title='bbox 3494 5582 3604 5655; x_wconf 63' lang='grc' dir='ltr'><strong>κᾶν</strong></span> <span class='ocrx_word' id='word_1_912' title='bbox 3625 5582 3777 5655; x_wconf 73' lang='grc' dir='ltr'>διαρ-</span> 
     </span>
    </p>
   </div>
   <div class='ocr_carea' id='block_1_119' title="bbox 2208 5653 3770 5735">
    <p class='ocr_par' dir='ltr' id='par_1_119' title="bbox 2208 5653 3770 5735">
     <span class='ocr_line' id='line_1_119' title="bbox 2208 5653 3770 5735; baseline -0.006 -29"><span class='ocrx_word' id='word_1_913' title='bbox 2208 5657 2497 5735; x_wconf 55' lang='grc' dir='ltr'>ρήγκιυνξαι</span> <span class='ocrx_word' id='word_1_914' title='bbox 2525 5656 2574 5705; x_wconf 72' lang='lat' dir='ltr'><strong>oi</strong></span> <span class='ocrx_word' id='word_1_915' title='bbox 2607 5653 2893 5724; x_wconf 72' lang='grc' dir='ltr'>αἱρετικοὶ,</span> <span class='ocrx_word' id='word_1_916' title='bbox 2946 5655 3005 5735; x_wconf 70' lang='grc' dir='ltr'><strong>ού</strong></span> <span class='ocrx_word' id='word_1_917' title='bbox 3063 5653 3448 5735; x_wconf 42' lang='grc' dir='ltr'>ᾓαρῤἧγχυτρι</span> <span class='ocrx_word' id='word_1_918' title='bbox 3481 5656 3515 5725; x_wconf 72' lang='grc' dir='ltr'>ἡ</span> <span class='ocrx_word' id='word_1_919' title='bbox 3563 5653 3735 5735; x_wconf 39' lang='lat' dir='ltr'><strong>Teia;</strong></span> <span class='ocrx_word' id='word_1_920' title='bbox 3758 5670 3770 5682; x_wconf 91' lang='lat'><strong><em>-</em></strong></span> 
     </span>
    </p>
   </div>
   <div class='ocr_carea' id='block_1_120' title="bbox 2209 5724 3778 5791">
    <p class='ocr_par' dir='ltr' id='par_1_120' title="bbox 2209 5724 3778 5791">
     <span class='ocr_line' id='line_1_120' title="bbox 2209 5724 3778 5791; baseline 0.001 -15"><span class='ocrx_word' id='word_1_921' title='bbox 2209 5724 2301 5777; x_wconf 71' lang='grc' dir='ltr'><strong>καὶ</strong></span> <span class='ocrx_word' id='word_1_922' title='bbox 2333 5725 2646 5791; x_wconf 80' lang='grc' dir='ltr'>σεὸἀσμιος,</span> <span class='ocrx_word' id='word_1_923' title='bbox 2677 5735 2806 5786; x_wconf 86' lang='lat' dir='ltr'><strong>etc.,</strong></span> <span class='ocrx_word' id='word_1_924' title='bbox 2831 5726 3035 5780; x_wconf 86' lang='lat' dir='ltr'><strong>mutile.</strong></span> <span class='ocrx_word' id='word_1_925' title='bbox 3069 5724 3252 5780; x_wconf 26' lang='lat' dir='ltr'><strong>Codex’</strong></span> <span class='ocrx_word' id='word_1_926' title='bbox 3286 5725 3436 5781; x_wconf 85' lang='lat' dir='ltr'><strong>Colh.</strong></span> <span class='ocrx_word' id='word_1_927' title='bbox 3464 5724 3514 5778; x_wconf 89' lang='lat' dir='ltr'><strong>et</strong></span> <span class='ocrx_word' id='word_1_928' title='bbox 3542 5724 3631 5778; x_wconf 87' lang='lat' dir='ltr'><strong>alii</strong></span> <span class='ocrx_word' id='word_1_929' title='bbox 3670 5727 3778 5778; x_wconf 89' lang='lat' dir='ltr'><strong>duo</strong></span> 
     </span>
    </p>
   </div>
   <div class='ocr_carea' id='block_1_121' title="bbox 2209 5794 2829 5864">
    <p class='ocr_par' dir='ltr' id='par_1_121' title="bbox 2209 5794 2829 5864">
     <span class='ocr_line' id='line_1_121' title="bbox 2209 5794 2829 5864; baseline 0 -16"><span class='ocrx_word' id='word_1_930' title='bbox 2209 5795 2359 5864; x_wconf 77' lang='lat' dir='ltr'><strong>Regii</strong></span> <span class='ocrx_word' id='word_1_931' title='bbox 2396 5804 2452 5848; x_wconf 86' lang='lat' dir='ltr'><strong>ut</strong></span> <span class='ocrx_word' id='word_1_932' title='bbox 2480 5794 2531 5849; x_wconf 89' lang='lat' dir='ltr'><strong>in</strong></span> <span class='ocrx_word' id='word_1_933' title='bbox 2555 5805 2829 5848; x_wconf 79' lang='lat' dir='ltr'><strong>contextu.</strong></span> 
     </span>
    </p>
   </div>
  </div>
