4008 6454
206 416 311 466 τδι

1302 409 1670 465 Αυνειιδῐδ
1712 410 2075 467 EUNOHIUH
2120 414 2249 466 LiB.
2292 412 2355 466 ν.

3366 418 3473 472 ’ίοἱ

206 527 478 591 φέρουσα,
530 519 833 589 ἄρρηκτος,
886 532 1175 586 ασχιστος,
1234 518 1568 588 ἀδιαίρετος,
1618 520 1794 573 πάντα

1899 520 2073 584 retici,
2100 537 2207 577 non
2238 531 2455 578 secatur
2473 518 2740 575 Trinitas:
2758 523 2850 574 sed
2874 532 2956 577 est
2979 524 3122 592 quod
3139 532 3242 587 est,
3260 528 3475 581 etiamsi

206 612 521 683 πληροῦσα,
563 613 739 667 πάντα
786 610 1135 680 περιέχουσα,
1188 613 1244 663 ὲν
1290 612 1455 663 πᾶσιν
1498 605 1650 675 οὖσα,
1694 613 1788 683 δη-

209 704 575 775 μιουργοῦσα,
612 701 951 771 κυῦερνῶσα,
987 703 1287 770 ἁγιάζουσα
1316 704 1405 755 καὶ
1432 701 1787 766 {woman-36a.

203 797 362 864 Αὕτη
411 799 443 868 ὴ
495 797 614 849 Θεία
662 794 756 845 καὶ
806 794 1228 865 θαυμασιωτάτη
1265 795 1435 861 πλοκὴ
1470 797 1530 847 οὺ
1570 796 1793 869 διαρρή-

205 905 428 955 γνυται,
482 888 621 941 κατὰ
668 887 728 938 τὸ
757 888 1173 959 γεγραμμένον,
1212 889 1292 941 ὅτι
1362 887 1430 939 Τὸ
1464 889 1795 958 τρίπλοκον

205 980 512 1051 σπᾳρτίον
531 979 602 1030 οὐ
620 977 1080 1046 διαρραγήσεται
1098 978 1207 1049 (ϋὲ)
1219 1020 1231 1031 .
1258 978 1444 1049 Τούτῳ
1460 979 1539 1048 τῷ
1559 982 1793 1051 νοήματι

208 1047 368 1123 καίό
394 1071 662 1141 μακάριος
688 1070 896 1132 Παῦλος
924 1070 1149 1139 γράφων
1314 1047 1444 1141 πρὸξ
1469 1047 1594 1133 τοὺς
1622 1047 1794 1144 ὀρθῶς

210 1161 570 1227 πιστεύοντας
614 1164 839 1229 ἐλεγενο
890 1165 949 1214 Ἡ
992 1162 1162 1231 χάρις
1215 1164 1319 1218 τοῦ
1360 1165 1579 1233 Κυρίου
1628 1164 1790 1235 ἡμῶν

226 1254 422 1321 Ἰησοῦ
454 1254 733 1323 Χριστοῦ,
765 1255 858 1307 καὶ
878 1254 915 1320 ἡ
940 1254 1137 1325 ἀγάπη
1163 1257 1267 1310 τοῦ
1296 1257 1463 1320 Θεοῦ,
1496 1256 1593 1309 καὶ
1616 1259 1649 1324 ἡ
1678 1275 1793 1310 κοι-

206 1348 399 1400 νωνία
428 1348 535 1401 τοῦ
577 1346 749 1415 ἁγίου
784 1348 1130 1415 Πνεύματος
1154 1348 1303 1419 μετὰ
1339 1349 1579 1403 πάντων
1605 1348 1791 1418 ὑμῶν.

210 1438 384 1493 Ὅταν
412 1440 518 1507 γὰρ
548 1438 617 1491 τὰ
646 1440 823 1493 πάντα
851 1441 1140 1511 ἐνεργῆται
1169 1442 1277 1511 (65)
1307 1442 1409 1496 ὑπὸ
1427 1443 1520 1497 τοῦ
1543 1443 1678 1497 Θεοῦ
1708 1442 1793 1496 διὰ

220 1528 401 1601 Ἰησοῦ
449 1528 685 1599 Χριστοῦ
723 1533 779 1583 ὲν
824 1528 1121 1600 Πνεῦματι,
1168 1530 1471 1599 ἀχώριστον
1521 1534 1630 1605 ὁρῶ
1681 1532 1792 1601 (6.1)

207 1622 309 1693 τὴν
357 1620 635 1695 ἐνέργειαν
664 1620 758 1674 τοῦ
812 1621 1045 1694 Πατρὸς,
1090 1625 1181 1677 καὶ
1216 1623 1309 1675 τοῦ
1358 1626 1505 1691 Υἱοῦ,
1559 1626 1652 1678 καὶ
1698 1624 1792 1676 τοῦ

208 1714 373 1782 ἁγίου
409 1714 744 1786 Πνεύματος.
783 1715 891 1766 Καὶ
920 1716 1005 1769 διὰ
1041 1716 1198 1770 τοῦτο
1234 1718 1349 1769 ναοὶ
1384 1718 1518 1771 Θεοῦ
1545 1720 1638 1772 καὶ
1665 1718 1790 1770 Υἱοῦ

207 1807 307 1861 καὶ
339 1808 651 1879 Πνεύματος
694 1808 849 1874 ἁγίου
900 1811 1006 1863 εἰσὶ
1052 1810 1250 1873 πάντες
1294 1813 1343 1863 0i
1386 1813 1551 1880 ἅγιοι,
1604 1814 1661 1864 ἐν
1711 1806 1793 1874 οἷς

1892 612 2013 665 aliis
2050 626 2157 667 non
2203 615 2467 668 videmur.
2501 612 2661 684 Spira
2691 612 2833 666 enim
2866 628 2953 668 est
2992 629 3180 671 sancta
3215 615 3474 682 Trinitas,

1891 716 2053 774 atque
2082 705 2305 759 colenda
2346 715 2429 760 est
2456 707 2506 761 in
2533 722 2637 762 una
2661 717 2717 762 et
2756 717 2957 761 aeterna
3004 707 3191 777 gloria,
3226 709 3473 765 eamdem

1891 806 1948 848 et
1990 810 2150 848 unam
2180 794 2350 848 solam
2391 794 2647 851 deitatem
2694 796 2894 865 ubique
2932 797 3347 867 circumferens,
3386 801 3474 855 in-

1894 887 2101 950 fracta,
2143 885 2487 951 insecabilis,
2543 887 2837 953 individua,
2904 889 3201 957 adimplens
3252 893 3473 958 omnia,

1894 979 2073 1033 omnia
2094 979 2397 1045 continens,
2418 978 2468 1032 in
2492 981 2739 1036 omnibus
2754 983 3037 1045 exsistens,
3054 997 3263 1048 creans,
3282 985 3475 1054 guber-

1896 1086 2053 1137 nans,
2076 1071 2449 1135 sanctiﬁcans,
2475 1082 2530 1125 et
2550 1072 2849 1130 viviﬁeans.
2875 1074 3103 1130 Divinus
3129 1074 3218 1129 ille
3238 1084 3293 1129 et
3310 1076 3477 1129 maxi-

1896 1179 1980 1218 me
2020 1165 2371 1218 admirandus
2401 1178 2569 1218 nexus
2595 1179 2699 1219 non
2733 1168 3199 1239 rumpitur,juxta
3239 1168 3291 1222 id
3330 1170 3476 1237 quod

1895 1257 2149 1325 scriptum
2191 1266 2273 1312 est
2307 1271 2321 1308 :
2352 1253 2645 1311 Funiculus
2685 1259 2879 1327 triptea:
2910 1275 3010 1313 non
3039 1262 3472 1332 disrumpetur".

1895 1346 2037 1412 Quin
2080 1357 2135 1401 et
2168 1349 2359 1403 beatus
2393 1348 2590 1403 Paulus
2620 1363 2741 1404 cum
2778 1349 2831 1403 in
2874 1349 3015 1404 hanc
3052 1355 3377 1409 sententiam
3406 1353 3476 1409 ad

1894 1452 1989 1491 eos
2011 1438 2100 1506 qui
2131 1450 2278 1494 recte
2302 1440 2618 1506 credebant,
2647 1440 2937 1504 scriberet,
2965 1442 3132 1496 dicit:
3164 1443 3349 1501 Gratia
3376 1449 3477 1502 Do-

1893 1528 2019 1581 mini
2051 1529 2217 1583 nostri
2241 1530 2368 1583 Jesu
2398 1530 2619 1597 Christi,
2657 1542 2703 1586 et
2737 1532 2969 1587 Charitas
2996 1533 3114 1598 Dei,
3156 1544 3205 1587 et
3242 1552 3473 1593 commu-

1895 1624 2088 1674 nicatio
2128 1624 2298 1675 sancti
2332 1623 2563 1691 Spiritus
2612 1639 2728 1677 cum
2776 1625 3017 1679 omnibus
3051 1629 3191 1679 vobis
3222 1627 3287 1682 ³⁷.
3336 1628 3471 1683 Cum

1892 1715 2035 1767 enim
2070 1713 2201 1767 (iant
2240 1716 2421 1767 omnia
2476 1730 2505 1768 a
2553 1716 2664 1769 Deo
2716 1730 2810 1784 per
2853 1718 3038 1772 Jesum
3091 1718 3367 1772 Christum
3415 1720 3467 1773 in

1896 1805 2123 1872 Spiritu,
2151 1806 2567 1874 inseparabilem
2598 1808 2752 1861 video
2783 1808 2955 1862 Patris
2986 1820 3037 1863 et
3068 1808 3188 1862 Filii
3223 1820 3276 1863 et
3300 1815 3469 1866 sancti

206 1901 413 1970 οἱκεῖὴ
452 1901 547 1969 μία
598 1900 807 1969 Θεότης,
841 1904 933 1955 καὶ
972 1902 1071 1971 μία
1113 1904 1385 1973 κυριότης,
1431 1905 1522 1956 καὶ
1568 1906 1788 1975 ἁγιότης

1901 1897 2135 1964 Spiritus
2160 1898 2551 1967 operationem.
2602 1899 2667 1951 Et
2712 1910 2994 1968 propterea
3046 1901 3245 1971 templa
3290 1902 3384 1957 Dei
3418 1914 3475 1959 et

210 1992 313 2061 μία
344 1991 555 2060 [ἰατρὸς
603 1992 696 2043 καὶ
734 1991 860 2044 Υἱοῦ
894 1994 986 2046 καὶ
1023 1992 1177 2058 ἁγίου
1202 1994 1537 2063 Πνεύματος,
1572 1996 1660 2049 διὰ
1701 1996 1791 2048 τὸν

206 2084 306 2135 ἕνα
337 2082 431 2135 τοῦ
466 2083 842 2153 βαπτίσματος
875 2087 1169 2153 ἁγιασμόν.

205 2347 369 2416 Πρὸς
409 2346 551 2409 τοὺς
602 2346 928 2415 λέγοντας,
986 2344 1017 2396 6'
1056 2362 1073 2396 ι
1132 2343 1427 2416 ποιζρίάκις
1475 2348 1791 2416 γέγραπται

282 2418 433 2487 περὶ,
458 2416 588 2469 Υίοῦ
618 2417 715 2469 καὶ
742 2416 991 2487 Πατοικς,
1041 2417 1170 2481 περὶ
1195 2416 1261 2467 δὲ
1306 2415 1412 2468 τοῦ
1450 2420 1791 2487 Πνειῖματος

281 2490 352 2541 ἐν
374 2486 453 2551 τῷ
476 2488 850 2555 βαπτίσματι
875 2486 1086 2553 μόνον.

285 2582 336 2636 1.
384 2579 508 2630 Ἐὰν
563 2579 619 2631 δὲ
671 2578 801 2649 λέγῃ
840 2580 868 2629 6
918 2578 1141 2647 Πατὴρ,
1188 2578 1282 2630 Ἐν
1332 2577 1460 2644 ταῖς
1509 2578 1793 2647 ἐσχάταις

207 2671 461 2741 ἡμέραις
478 2669 666 2739 ἐκχεῶ
686 2670 803 2723 ἀπὸ
828 2669 935 2723 τοῦ
958 2671 1300 2738 Πνεὺματός
1322 2687 1439 2738 μου
1464 2669 1560 2722 ἐπὶ
1590 2668 1794 2723 πᾶσαν

205 2764 429 2832 σάρκα,
469 2764 521 2816 τι
568 2763 809 2833 εἴπωμεν
861 2766 989 2834 περὶ
1040 2762 1132 2815 τοῦ
1174 2763 1333 2827 Υἰοῦ;
1383 2762 1455 2813 O6
1487 2763 1791 2831 γέγραπται

207 2857 321 2924 γὰρ
359 2856 605 2909 tumida.
637 2855 761 2908 Ἐὰν
786 2855 841 2907 δὲ
867 2856 996 2925 λέγῃ
1030 2856 1057 2905 6
1090 2858 1373 2924 προφήτης
1398 2869 1411 2881 ·
1460 2853 1612 2906 Ἐκεῖ
1643 2871 1789 2907 συν-

207 2946 488 3011 ήντησαν
533 2946 765 3013 ἔλαφοι,
832 2945 930 2996 καὶ
976 2942 1139 2996 εἶδον
1178 2944 1249 2996 τὰ
1283 2944 1569 3011 πρόσωπα
1603 2947 1789 3011 ἀλλή-

207 3040 365 3091 λων·
396 3035 615 3105 ἀριθμῷ
639 3035 973 3105 παρῆλθον,
1014 3036 1113 3089 καὶ
1142 3038 1251 3107 μία
1280 3034 1477 3090 αὐτῶν
1522 3042 1635 3107 οὺχ
1680 3042 1792 3092 ὺπ-

208 3129 480 3197 ελείφθη,
530 3126 678 3181 διότι
709 3129 925 3195 Κύριος
950 3128 1283 3182 ἐνετείλατο
1324 3128 1551 3195 αὐταῖς,
1597 3129 1695 3181 καὶ
1727 3129 1791 3181 τὸ

1900 1988 2023 2042 Filii
2050 2001 2104 2046 et
2128 1990 2301 2045 sancti
2329 1988 2562 2059 Spiritus
2597 2002 2722 2045 sunt
2747 2007 2935 2046 omnes
2961 1996 3153 2057 sancti,
3181 1995 3233 2049 in
3271 1996 3473 2065 quibus

1901 2078 2166 2134 inhabitat
2213 2096 2316 2134 una
2371 2082 2563 2145 deitas,
2615 2090 2670 2135 et
2718 2098 2821 2135 una
2867 2083 3185 2149 dominatio,
3236 2094 3292 2139 et
3356 2101 3468 2141 una

1900 2173 2162 2226 sanctitas
2204 2173 2381 2227 Patris
2408 2183 2462 2228 et
2491 2174 2611 2230 Filii
2645 2184 2702 2229 et
2744 2174 2978 2243 Spiritus
3008 2178 3177 2230 sancti
3202 2218 3219 2245 ,
3248 2186 3469 2249 propter

1900 2282 2062 2321 unam
2093 2268 2429 2337 baptismatis
2458 2269 2965 2324 sanetiilcationem.

1897 2359 2161 2429 Aduersus
2202 2376 2287 2412 eos
2326 2358 2417 2429 qui
2472 2360 2652 2412 dicunt
2694 2363 2947 2427 scriptum
2991 2378 3102 2416 esse
3135 2363 3201 2415 de
3245 2360 3384 2414 Filio
3424 2373 3475 2416 et

1970 2428 2136 2551 (Patr:
2181 2428 2345 2499 sape,
2377 2431 2441 2484 de
2468 2429 2675 2500 Spiritu
2715 2446 2837 2485 uero
2878 2433 2932 2485 in
2974 2432 3288 2501 baptismate
3334 2433 3475 2488 dun-

1993 2516 2093 2553 axa
2122 2541 2136 2553 .

1972 2591 2024 2642 1.
2060 2590 2208 2655 Quod
2252 2592 2293 2643 si
2336 2589 2497 2643 Pater
2535 2590 2711 2645 dixit:
2752 2592 2816 2644 In
2852 2593 3052 2646 ultimis
3084 2594 3268 2646 diebus
3300 2595 3472 2662 emtu-

1900 2680 2022 2732 dam
2063 2680 2124 2731 de
2170 2678 2373 2745 Spiritu
2408 2696 2519 2734 meo
2570 2698 2727 2748 super
2759 2698 2958 2735 onmem
3008 2699 3221 2737 carnem
3252 2683 3315 2747 ³⁸,
3346 2685 3479 2753 quid

1900 2771 1967 2825 de
2006 2770 2139 2824 Filio
2175 2786 2357 2825 sumus
2404 2773 2637 2826 dicturi?
2669 2774 2767 2829 Hic
2813 2774 2959 2829 enim
3006 2775 3073 2829 de
3103 2790 3169 2831 eo
3212 2776 3472 2845 scriptum

1900 2878 2005 2917 non
2034 2874 2138 2917 est.
2183 2862 2239 2917 Si
2287 2877 2417 2919 vero
2466 2866 2727 2935 propheta
2776 2867 2937 2920 dicit:
2992 2866 3073 2920 Ibi
3124 2878 3475 2920 convenerunt

1899 2972 2080 3019 cervae,
2114 2965 2161 3009 et
2196 2956 2433 3010 viderunt
2455 2958 2617 3025 facies
2644 2958 2812 3011 altera
2842 2957 3063 3011 alterius
3095 2974 3114 3012 .'
3148 2960 3481 3015 transierunt?

1901 3064 2136 3116 numero,
2167 3060 2215 3101 et
2248 3065 2355 3103 una
2384 3066 2568 3103 earum
2598 3050 2784 3104 relicta
2816 3066 2917 3103 non
2956 3060 3053 3117 est,
3084 3052 3333 3120 quoniam
3366 3050 3477 3105 Do-

1899 3142 2073 3195 minus
2113 3142 2355 3212 pra'cepit
2401 3142 2544 3212 ipsis,
2600 3154 2646 3197 et
2698 3126 2933 3209 Spiritus
2976 3144 3088 3211 ejus
3143 3149 3475 3213 congregavit

208 3221 454 3289 Πνεῦμα
481 3220 664 3274 αὑτοῦ
690 3220 1029 3288 συνήγαγεν
1055 3220 1241 3286 αὑτάς
1274 3220 1408 3289 (65)-
1444 3220 1544 3271 7:06
1574 3222 1601 3273 6
1625 3222 1749 3284 Υἱός
1776 3239 1789 3284 ς

1899 3254 1984 3290 ces
2015 3236 2093 3301 ³⁹;
2126 3237 2212 3290 ubi
2246 3236 2451 3289 Filius?
2490 3235 2547 3289 Si
2588 3236 2772 3288 itidem
2818 3234 2983 3305 διε
3014 3235 3144 3289 dicit
3180 3252 3193 3287 :
3243 3236 3473 3302 Spiritus

222 3313 349 3365 Ἐὰν
371 3312 427 3364 δὲ
453 3312 586 3381 λέγῃ
608 3329 620 3339 ·
657 3311 897 3379 Πνεῦμα
925 3312 1060 3379 παρ’
1083 3311 1226 3379 ἐμοῦ
1255 3312 1655 3374 ἐξελεύσεται,
1698 3313 1791 3365 καὶ

208 3401 413 3469 πνοὴν
453 3400 659 3455 πᾶσαν
690 3400 802 3471 ἐγὼ
834 3401 1124 3469 ἐποίησα·
1177 3400 1278 3454 ποῦ
1319 3402 1346 3452 6
1383 3402 1542 3466 Υἱὸςς
1588 3403 1707 3456 Ἐὰν
1739 3405 1794 3456 δὲ

210 3500 344 3567 λέγῃ
379 3499 406 3550 6
434 3498 629 3549 Δαὸίδσ
674 3496 784 3550 Καὶ
839 3497 905 3550 τὸ
944 3498 1186 3567 Πνεῦμα
1235 3516 1349 3553 σου
1398 3499 1463 3551 τὸ
1496 3499 1662 3568 ἅγιον
1709 3500 1793 3570 μὴ

209 3586 550 3655 ἀντανέλῃς
600 3588 702 3640 ἀπ’
758 3588 940 3656 ἐμοῦ·
993 3589 1096 3640 ποῦ
1132 3591 1159 3639 6
1204 3589 1363 3653 Υἱός;
1414 3589 1537 3641 Ἐὰν
1584 3588 1714 3663 λέγῃ
1767 3592 1795 3643 6

212 3679 407 3741 αὐτός’
442 3676 707 3745 Καρδίαν
755 3680 1018 3747 καθαρὰν
1061 3680 1272 3732 κτίσον
1303 3680 1371 3731 ἐν
1412 3680 1538 3747 ἐμοὶ
1574 3684 1604 3733 d
1632 3681 1791 3749 Θεὸς,

212 3773 312 3826 καὶ
352 3770 593 3841 Πνεῦμα
636 3772 809 3836 εὺθὲς
852 3772 1201 3840 ἐγκαίνισον
1244 3772 1313 3823 ἐν
1357 3770 1479 3837 τοῖς
1527 3772 1795 3841 ὲγκάτοις

212 3884 329 3934 μου
350 3882 362 3893 ·
398 3864 498 3917 1:06
540 3868 567 3917 6
592 3865 753 3928 Υἱόςς
798 3864 922 3917 Ἐὰν
950 3863 1005 3916 δὲ
1042 3864 1173 3936 λέγῃ
1202 3866 1229 3916 6
1255 3864 1416 3927 αὐτὸς
1447 3864 1607 3917 πάλιν
1634 3881 1646 3893 ·
1686 3864 1795 3918 Καὶ

212 3958 281 4010 τὸ
313 3956 555 4017 Πνεῦμα
592 3972 706 4009 σου
760 3957 826 4009 τὸ
878 3957 1103 4025 ἀγαθὸν
1150 3956 1433 4024 ὁδηγήσει
1479 3975 1556 4026 με
1603 3958 1671 4010 ἐν
1719 3956 1795 4027 γῇ

214 4047 457 4111 εὐθείᾳ·
503 4044 603 4097 ποῦ
638 4046 666 4096 6
697 4045 858 4109 Υἱός;
907 4047 1029 4099 Ἐὰν
1075 4047 1131 4099 δὲ
1182 4047 1314 4116 λέγῃ
1366 4050 1393 4101 6
1439 4049 1634 4112 αὐτός·
1685 4052 1791 4103 Καὶ

218 4138 515 4206 Πνεύματι
557 4134 884 4205 ἡγεμονικῷ
935 4136 1222 4204 στήριξόν
1265 4156 1367 4207 με·
1416 4140 1516 4193 ποῦ
1566 4141 1593 4191 6
1630 4142 1791 4209 Υἱός;

229 4227 355 4279 Ἐὰν
407 4227 461 4279 δὲ
511 4226 641 4297 λέγῃ
686 4229 714 4280 6
753 4227 871 4280 ’1ώὸ
895 4242 911 4258 ο
948 4229 1189 4296 Πνεῦμα
1229 4228 1389 4281 θεῖον
1418 4230 1483 4282 τὸ
1533 4231 1797 4298 ποιῆσαν

217 4334 323 4386 με·
357 4317 457 4369 ποῦ
488 4321 514 4371 6
548 4320 704 4383 Υἰό;;
746 4319 871 4371 Ἐὰν
897 4318 953 4371 δὲ
988 4318 1117 4388 λέγῃ
1151 4322 1177 4371 ὀ
1201 4319 1362 4383 αὐτὸς
1392 4318 1531 4371 Ἰώὸ·
1556 4321 1797 4389 Πνεῦμα

216 4412 390 4464 ἐστιν
420 4410 489 4462 ἐν
512 4409 771 4477 βροτοῖς,
804 4409 957 4478 πνοὴ
999 4410 1065 4463 δὲ
1109 4410 1585 4479 παντοκράτορος
1630 4414 1797 4465 ἐστιν

219 4504 258 4567 ὴ
286 4500 661 4555 διδάσκουσά
686 4519 763 4570 με
784 4521 795 4531 ·
835 4501 935 4554 ποῦ
969 4504 996 4553 6
1030 4502 1195 4566 Υἰός;
1241 4503 1364 4556 Ἐὰν
1399 4504 1454 4556 δὲ
1489 4505 1616 4577 λέγῃ
1644 4509 1670 4559 6
1694 4511 1795 4559 A1—

1898 3327 2054 3378 exibit
2084 3343 2114 3377 α
2150 3343 2258 3388 me,
2290 3337 2335 3377 et
2362 3327 2548 3391 ﬂatum
2583 3342 2784 3378 omnem
2816 3342 2906 3394 ego
2934 3327 3033 3393 feci
3050 3323 3096 3355 ⁵ο
3122 3325 3243 3390 ;ubi
3275 3326 3477 3381 Filius?

1900 3418 1954 3471 Si
1989 3432 2115 3470 vero
2156 3416 2319 3469 David
2352 3417 2482 3470 dicit
2514 3432 2526 3467 :
2571 3417 2633 3468 Et
2662 3415 2919 3480 Spiritum
2968 3426 3116 3470 tuum
3146 3430 3381 3472 sanctum
3413 3436 3475 3472 ne

1897 3508 2107 3577 auferas
2140 3527 2171 3561 a
2208 3525 2287 3561 me
2314 3508 2394 3571 ⁸¹;
2425 3510 2511 3562 ubi
2552 3508 2760 3561 Filius?
2788 3508 2915 3561 Item
2948 3509 2990 3562 si
3023 3509 3108 3561 ille
3150 3510 3262 3578 ipse
3293 3511 3423 3563 dicit
3457 3528 3469 3562 :

1898 3596 2003 3651 Cor
2033 3599 2282 3651 mundum
2326 3614 2444 3651 crea
2481 3599 2535 3651 in
2572 3614 2669 3661 me,
2705 3596 2840 3651 Deus
2866 3637 2879 3659 ,
2912 3610 2957 3651 et
2991 3596 3245 3665 Spiritum
3281 3610 3473 3652 rectum

1896 3693 2083 3745 innova
2132 3692 2186 3745 in
2237 3691 2513 3744 visceribus
2564 3692 2690 3743 meis
2719 3692 2811 3756 ";
2860 3691 2948 3743 ubi
3006 3690 3172 3744 Filius
3212 3690 3474 3743 iliursus

1898 3783 1942 3836 si
1986 3764 2124 3837 idem
2167 3782 2352 3835 dicat:
2392 3780 2459 3833 Et
2495 3779 2722 3847 Spiritus
2771 3790 2888 3834 tuus
2938 3789 3097 3833 bonus
3130 3780 3349 3833 deducet
3394 3798 3475 3833 me

1896 3873 1951 3926 in
1982 3885 2117 3927 terra
2150 3885 2284 3925 recta
2315 3872 2394 3936 “;
2426 3872 2512 3925 ubi
2546 3870 2751 3926 Filius?
2779 3870 2832 3925 Si
2877 3872 3016 3926 idem
3048 3872 3177 3926 dicit
3206 3890 3218 3924 :
3258 3870 3324 3923 Et
3350 3872 3474 3940 Spi-

1896 3968 1996 4019 ritu
2050 3966 2329 4035 principali
2379 3966 2630 4032 conﬁrma
2678 3980 2758 4017 me
2785 3963 2866 4030 “;
2920 3966 3010 4019 ubi
3055 3962 3224 4017 Filius
3257 3962 3280 4016 τ
3318 3964 3472 4031 Quod

1896 4060 1939 4113 si
1974 4058 2072 4113 Job
2104 4059 2272 4113 dicit:
2318 4058 2550 4125 Spiritus
2594 4056 2805 4110 divinus
2849 4058 2939 4125 qui
2988 4072 3067 4109 me
3112 4056 3233 4125 fecit
3264 4055 3340 4123 ‘5,
3382 4056 3472 4110 ubi

1896 4151 2063 4204 Filius
2096 4150 2118 4203 ’ἒ
2153 4148 2211 4203 Si
2262 4164 2447 4204 rursus
2491 4149 2629 4202 idem
2676 4147 2777 4202 Job
2819 4148 2986 4202 dicit:
3018 4146 3251 4216 Spiritus
3300 4159 3375 4201 est
3410 4148 3469 4201 in

1897 4244 2215 4310 hominibus,
2262 4245 2421 4315 ﬂatus
2472 4253 2646 4297 autem
2688 4242 3072 4310 Omnipotentis
3125 4253 3198 4295 est
3253 4244 3342 4312 qui
3391 4258 3472 4296 me

1898 4340 2045 4390 ducet
2076 4336 2151 4403 “;
2202 4338 2287 4391 ubi
2320 4337 2523 4391 Filius?
2558 4336 2709 4400 Quod
2740 4335 2783 4387 si
2823 4334 2989 4388 David
3028 4335 3157 4388 dicit
3188 4354 3199 4388 :
3239 4334 3465 4389 Emittes

1898 4430 2151 4498 Spiritum
2186 4440 2332 4480 tuum
2359 4468 2374 4489 ,
2406 4438 2453 4479 et
2498 4427 2813 4479 creabantur
2835 4466 2849 4489 ,
2886 4437 2933 4478 et
2966 4424 3234 4478 renovabis
3277 4424 3470 4493 faciem

1898 4532 2048 4573 terra!
2071 4520 2114 4549 ⁸⁷
2143 4536 2157 4582 ;
2196 4517 2284 4571 ubi
2316 4517 2525 4571 Filius?
2553 4517 2680 4570 Item
2712 4518 2755 4571 si
2791 4517 2918 4571 dicit
2950 4536 2963 4571 :
3006 4517 3121 4581 Quo
3156 4518 3239 4569 ibo
3276 4534 3307 4569 a
3340 4514 3465 4585 Spi-

222 4592 308 4645 ὁίδ
330 4608 345 4623 ⁸
390 4592 849 4659 Ἐξαποστελεῗς
880 4594 944 4647 τὸ
968 4594 1208 4664 Πνεῦμα
1236 4610 1370 4658 σου,
1413 4597 1510 4649 καὶ
1552 4598 1764 4665 moon

1904 4613 2007 4662 ritu
2043 4622 2152 4674 tuo,
2190 4620 2235 4661 et
2281 4625 2382 4679 quo
2415 4628 2444 4662 ο
2490 4610 2623 4678 facie
2656 4618 2746 4661 tua
2790 4609 2993 4678 fugiam
3026 4607 3106 4661 ‘3?
3140 4608 3229 4662 ubi
3265 4607 3472 4662 Filius?

220 4701 453 4746 σονται,
495 4685 589 4737 καὶ
634 4686 996 4752 ἀνακαινιεῒς
1026 4689 1091 4739 τὸ
1126 4688 1450 4753 πρόσωπον
1495 4687 1605 4754 τῆς
1646 4688 1793 4756 τῆς·

223 4774 328 4829 ποῦ
359 4778 386 4827 6
417 4775 571 4839 Υἱός;
614 4776 738 4828 Ἐὰν
778 4776 834 4827 δὲ
875 4777 1009 4849 λέγῃ
1032 4793 1045 4807 ο
1082 4776 1205 4829 Ποῦ
1249 4776 1514 4843 πορευθῶ
1539 4776 1654 4831 ἀπὸ
1689 4776 1793 4829 τοῦ

224 4869 564 4937 Πνεύματός
590 4883 726 4932 σου,
767 4868 864 4921 καὶ
884 4869 999 4922 ἀπὸ
1030 4868 1133 4921 τοῦ
1170 4868 1491 4936 προσώπου
1534 4886 1649 4923 σου
1679 4870 1795 4925 ποῦ

225 4960 393 5029 φύγω
410 4976 427 5022 ;
462 4958 562 5012 ποῦ
593 4962 621 5013 6
648 4960 774 5021 Υἱός
799 4976 812 5024 ;
856 4960 980 5013 Ἐὰν
1009 4960 1063 5012 δέ
1090 4960 1221 5030 λέγῃ
1240 4976 1252 4988 ·
1291 4960 1434 5013 Οὐαὶ
1454 4960 1633 5013 τέκνα
1653 4961 1797 5015 ἀπο-

226 5050 457 5113 στάται,
497 5050 635 5105 τάδε
679 5052 842 5120 λέγει
887 5052 1137 5118 Κύριοςο
1184 5051 1527 5116 Ἐποιήσατε
1560 5053 1804 5121 βουλὴν

228 5144 300 5195 οὐ
332 5141 404 5193 δι’
432 5142 597 5209 ἐμοῦ,
627 5142 726 5195 καὶ
753 5143 1067 5210 συνθήκας
1100 5145 1171 5197 οὺ
1200 5142 1299 5198 διὰ
1325 5145 1431 5197 τοῦ
1466 5147 1803 5215 Πνεῦματός

224 5250 344 5301 μου
364 5251 377 5263 ·
416 5232 517 5286 ποῦ
543 5235 571 5285 6
596 5234 723 5297 Υἱός
751 5250 765 5298 ;
815 5233 940 5287 Ἐὰν
979 5234 1036 5287 δὲ
1068 5234 1200 5307 λέγῃ
1225 5253 1236 5265 ·
1284 5235 1393 5289 Καὶ
1425 5234 1804 5299 ἐξελεύσεται

1902 4702 2053 4768 Quod
2082 4702 2124 4754 si
2158 4701 2288 4754 dicit
2316 4720 2328 4753 :
2376 4700 2465 4754 Via
2508 4701 2604 4767 ﬁlii
2642 4706 2946 4765 desertores,
2976 4699 3087 4753 [nec
3120 4700 3245 4752 dicit
3283 4698 3469 4752 Domi-

1902 4808 1998 4843 nus
2024 4808 2041 4843 :
2074 4788 2291 4843 Fecistis
2328 4790 2597 4841 consilium
2626 4805 2728 4841 non
2758 4804 2849 4856 per
2880 4804 2980 4851 me,
3013 4800 3059 4842 et
3081 4789 3342 4857 pactiones
3368 4804 3469 4841 non

1900 4900 1991 4951 per
2022 4880 2275 4951 Spiritum
2308 4897 2477 4933 meum
2510 4880 2589 4942 “;
2630 4880 2716 4933 ubi
2748 4879 2958 4934 Filius?
2984 4879 3191 4935 Rursus
3216 4880 3263 4934 si
3300 4879 3465 4933 dicit:

1901 4975 1968 5027 Et
2002 4976 2294 5044 egredietur
2318 4974 2462 5042 virga
2494 4974 2555 5025 de
2588 4973 2762 5027 radice
2787 4972 2952 5038 Jesse,
2995 4984 3042 5027 et
3071 4976 3169 5041 ﬂos
3193 4972 3258 5025 de
3289 4972 3468 5025 radice

1900 5070 2162 5131 ascendet,
2189 5077 2237 5119 et
2276 5067 2551 5133 requiescet
2583 5082 2739 5134 super
2772 5081 2889 5119 eum
2927 5064 3161 5133 Spiritus
3195 5065 3467 5133 sapientia

1900 5170 1944 5210 et
1975 5159 2290 5221 intellectus,
2325 5154 2552 5223 Spiritus
2582 5156 2788 5209 consilii
2822 5165 2867 5207 et
2899 5154 3249 5222 fortitudinis,
3297 5154 3472 5221 Spiri-

1902 5258 1983 5300 tus
2013 5248 2321 5317 cognitionis
2358 5256 2404 5300 et
2456 5248 2687 5314 pietatis,
2727 5256 2774 5299 et
2804 5246 3011 5312 replebit
3040 5246 3206 5314 ipsum
3238 5244 3469 5312 Spiritus

224 5325 445 5393 ῥάϐδος
487 5327 554 5380 ἐκ
593 5326 701 5394 τῆς
738 5325 903 5394 ῥίζης
945 5328 1187 5393 Ἰεσσαὶ,
1229 5330 1324 5382 καὶ
1364 5327 1543 5393 ἄνθος
1588 5330 1654 5381 ἐκ
1696 5329 1795 5397 τῆς

1904 5340 2103 5391 timoris
2133 5338 2227 5391 Dei
2250 5337 2296 5369 '°
2322 5356 2334 5391 :
2370 5338 2637 5406 quomodo
2665 5338 2925 5406 separabo
2966 5336 3267 5407 Spiritum?
3294 5335 3349 5389 Si
3383 5336 3471 5389 iti-

304 5444 350 5474 “
389 5444 561 5499 Eccle.
590 5460 665 5508 tv,
700 5443 781 5497 12.
857 5443 900 5475 ³⁷
939 5444 979 5497 ll
1002 5443 1126 5500 Cor.
1166 5462 1297 5511 xm,
1333 5449 1419 5501 15.
1496 5448 1541 5477 ³⁸
1576 5445 1690 5498 Joel
1734 5449 1904 5512 ",28.

2012 5454 2055 5486 ”
2081 5471 2175 5507 tsa.
2206 5453 2503 5517 sumis,
2529 5454 2616 5505 16.
2693 5452 2739 5483 ⁸ο
2768 5452 3019 5515 lsa.t.vn,
3065 5451 3149 5506 i6.
3246 5452 3286 5481 δ’
3327 5449 3468 5503 Psal.

235 5515 438 5587 5,13.”
473 5515 519 5587 ξ’
546 5516 675 5587 ibid.
728 5514 812 5567 12.
891 5514 937 5545 ⁸³
959 5514 1282 5587 ἰξεειμειιιι,
1328 5519 1414 5571 i0.
1482 5518 1527 5547 “
1555 5517 1695 5570 Psal.
1731 5534 1779 5581 L,

1905 5562 1917 5575 .
1994 5525 2040 5556 ⁸³
2079 5524 2177 5579 Job
2203 5514 2395 5587 xxxtn,
2440 5514 2499 5578 ι.
2554 5522 2726 5578 “Job
2768 5540 2937 5587 xxsn,
2975 5514 3026 5577 8.
3102 5523 3145 5554 "
3171 5520 3315 5576 Psal.
3348 5534 3468 5583 cm,

236 5582 324 5638 50.
399 5584 444 5617 ⁵⁸
484 5585 620 5640 Psal.
668 5599 929 5648 cum",
968 5585 1021 5639 7.
1096 5585 1139 5615 ‘°
1181 5588 1283 5639 lsa.
1336 5604 1475 5651 nx,
1528 5588 1574 5640 1.
1654 5588 1698 5617 ⁸ο
1740 5589 1795 5642 15.

1899 5610 1955 5658 tt,
1990 5596 2104 5648 1-5.

307 5674 418 5747 (62)
447 5676 669 5731 Codices
697 5675 933 5728 nonnulli
954 5677 1052 5729 οὐκ
1079 5677 1546 5747 ἁττορῤαγήσεται.

310 5746 422 5818 (66)
452 5747 589 5818 Editi
623 5747 941 5818 ἐνεργεῖται.
976 5748 1042 5818 At
1073 5746 1380 5818 multir'tnss.
1411 5748 1721 5818 ὲνεργῆται.

244 5815 425 5939 α’(θι)
455 5817 585 5887 lleg.
632 5815 854 5888 quartus
896 5815 1195 5887 ἀχώριστον
1221 5816 1329 5887 ἐρῶ
1350 5859 1365 5886 ,
1395 5815 1796 5888 inseparabilem

284 5904 437 5941 tcum.

1977 5686 2087 5753 (65)
2126 5686 2260 5739 Editi
2292 5696 2344 5736 et
2375 5694 2545 5736 nostri
2577 5698 2703 5738 mss.
2757 5683 3061 5751 συνήγαγεν
3092 5681 3291 5753 αὑτάς,
3346 5696 3471 5732 con-

1903 5752 2131 5824 gregavit
2183 5772 2288 5807 eas.
2353 5753 2573 5821 Legitur
2630 5770 2755 5809 vero
2787 5756 2925 5821 apud
2970 5752 3107 5806 LXX
3168 5752 3470 5822 συνήγαγεν

1906 5825 2067 5892 αὐτὰ,
2098 5826 2427 5896 congregavit
2462 5842 2542 5877 ca.
