4008 6454
243 401 351 456 763

1334 399 1710 456 ADVERSUS
1751 398 2120 456 EUNOMIUM
2159 399 2287 454 LIB.
2328 401 2394 457 ν.

3389 404 3490 459 766

316 521 372 570 2.
419 517 545 570 Ἐὰν
589 515 643 568 δὲ
696 516 925 584 λέγωσιν
952 531 966 545 ⁸
1029 517 1110 568 Οὐ
1141 515 1321 568 λαλεῖ
1359 517 1461 584 ἀφ’
1503 515 1722 569 ἑαυτοῦ
1761 532 1803 568 τι

1999 515 2053 568 2.
2090 513 2242 582 Quod
2270 515 2315 570 si
2341 515 2558 569 dicant:
2583 513 2706 568 Non
2735 515 2966 584 loquitur
2988 533 3017 569 a
3041 516 3206 586 seipso
3233 517 3492 587 Spiritus,

242 607 508 677 Πνεῦμα,
545 608 680 661 ἀλλ’
717 607 833 659 ὅσα
880 608 955 661 ἂν
992 607 1223 674 ἀκούσῃ
1258 606 1518 675 λαλήσει
1547 625 1561 638 ο
1597 607 1826 677 λέγομεν

240 702 454 760 αὐτοῖς’
486 699 620 752 Οὐδὲ
660 701 688 750 ὁ
718 700 844 762 Υἱὸς
868 700 960 768 ἀφ’
986 699 1178 750 ἑαυτοῦ
1213 699 1395 750 λαλεῖ·
1428 700 1587 753 Ἀλλ’
1624 704 1655 752 ὀ
1685 700 1825 766 πέμ-

239 795 364 859 ψας
391 806 486 859 με,
522 790 674 860 φησι,
709 791 931 856 Πατὴρ,
975 789 1203 855 ἐκεῖνός
1248 808 1349 859 μοι
1402 787 1532 842 εἷπε
1573 793 1628 842 τί
1672 793 1822 843 εἴπω

241 883 341 935 καὶ
383 882 442 934 τί
479 884 763 950 λαλήσωο
817 883 994 935 πάντα
1046 882 1155 954 γὰρ
1191 884 1290 936 ὅσα
1330 883 1482 936 λαλεῖ
1512 885 1570 936 τὸ
1603 885 1822 954 Πνεῦμα

240 976 336 1026 καὶ
362 977 390 1026 ὁ
417 974 564 1038 Υἱὸς,
596 975 686 1026 τοῦ
716 973 848 1025 Θεοῦ
884 976 988 1025 εἰσι
1021 974 1196 1041 λόγια.
1227 974 1337 1027 Καὶ
1361 975 1448 1026 διὰ.
1477 976 1630 1027 τοῦτο
1651 976 1822 1030 Πᾶσα

239 1067 290 1116 Γ
285 1066 453 1134 pasci;
485 1069 886 1128 θεόπνευστος
914 1067 1010 1118 καὶ
1035 1066 1333 1135 ὠφέλιμός
1365 1068 1534 1120 ἐστιν
1554 1109 1566 1132 ,
1597 1068 1702 1120 ἀπὸ
1726 1069 1819 1121 τοῦ

239 1157 560 1226 Πνεῦματος
608 1155 920 1224 λαληθεῖσα.
964 1158 1070 1209 Καὶ
1111 1157 1219 1227 γὰρ
1253 1158 1468 1229 ἀληθῶς
1506 1159 1661 1212 τοῦτο
1712 1161 1820 1212 δεί-

237 1266 399 1301 κνυσι
438 1249 511 1318 μὴ
544 1244 682 1301 εἶναι
731 1249 791 1301 τὸ
821 1250 1046 1320 Πνεῦμα
1079 1251 1317 1321 κτίσμα,
1370 1250 1555 1322 ἐπειδὴ
1607 1253 1752 1305 πᾶσα
1785 1255 1817 1325 ἡ

236 1341 434 1409 λογικὴ
483 1339 660 1404 κτίσις
701 1343 830 1395 ποτέ
865 1344 957 1411 ἀφ’
990 1343 1189 1412 ἑαυτῆς
1231 1343 1347 1411 (71)
1380 1343 1548 1407 λαλεῖ,
1599 1347 1726 1397 ποτέ
1752 1346 1819 1398 τὰ

232 1432 330 1485 τοῦ
364 1431 521 1496 Θεοῦ,
553 1432 626 1496 ὡς
671 1435 799 1486 ὅταν
832 1434 963 1507 λέγῃ
1000 1434 1239 1498 Παῦλος·
1276 1437 1413 1502 Περὶ
1457 1435 1575 1488 τῶν
1602 1437 1816 1505 παρθέ-

233 1541 359 1577 νων
388 1525 676 1594 ἐπιταγὴν
698 1527 915 1594 Κυρίου
943 1530 1052 1580 οὐκ
1083 1528 1221 1596 ἔχω,
1254 1527 1492 1596 γνώμην
1512 1528 1578 1579 δὲ
1611 1527 1818 1598 δίδωμι

231 1612 317 1675 ὼς
344 1613 675 1681 ἠλεημένος
703 1615 820 1667 ὑπὸ
862 1617 1105 1683 Κυρίου.
1148 1617 1273 1680 Τοῖς
1306 1616 1373 1667 δὲ·
1405 1617 1514 1687 (72)
1562 1635 1812 1687 γεγαμη-

234 1705 378 1757 κόσι
407 1707 800 1777 παραγγέλλω
842 1711 952 1762 οὐκ
985 1709 1117 1777 ἐγὼ,
1159 1709 1293 1761 ἀλλ’
1321 1712 1352 1762 ό
1388 1711 1630 1776 Κύριος·
1667 1714 1760 1764 καί
1786 1715 1813 1764 ὁ

233 1801 556 1869 προφήτης·
595 1803 656 1854 Ὠ
691 1803 886 1868 Κύριε,
915 1801 1080 1867 πλὴν
1107 1802 1357 1870 trp/para
1389 1803 1639 1868 λαλήσω
1665 1806 1814 1872 πρὸς

1927 607 2021 660 sed
2055 622 2375 676 quaecunque
2406 606 2638 659 audierit
2661 607 2900 675 loquetur
2932 608 3015 673 ⁶⁸;
3055 609 3185 677 ipsis
3215 611 3443 668 dicimus
3474 631 3490 669 :

1925 698 2110 769 Neque
2142 697 2312 752 Filius
2343 714 2374 752 a
2415 699 2592 768 seipso
2625 699 2869 769 loquitur
2901 719 2915 754 :
2957 700 3062 756 Sed
3100 703 3190 770 qui
3222 719 3303 757 me
3347 706 3489 759 misit

1927 792 2111 860 Pater,
2155 794 2347 862 inquit,
2404 794 2493 847 ille
2533 793 2661 846 mihi
2710 795 2846 847 dixit
2891 796 3018 864 quid
3056 795 3228 849 dicant
3268 807 3317 850 et
3363 799 3492 864 quid

1924 883 2109 954 loquar
2131 884 2175 914 ⁶⁶
2201 903 2213 936 :
2247 884 2425 936 omnia
2454 882 2595 936 enim
2625 896 2959 951 qumcunque
2986 883 3220 950 Spiritus
3244 892 3298 937 et
3319 883 3491 938 Filius

1923 973 2237 1042 loquuntur,
2281 975 2373 1027 Dei
2420 981 2544 1027 sunt
2576 971 2812 1027 oracula.
2863 972 2931 1024 Et
2985 987 3106 1026 eam
3163 975 3232 1027 ob
3270 988 3490 1027 causam

1923 1063 2108 1118 Omnis
2164 1064 2442 1132 Scriptura
2489 1065 2740 1118 divinitus
2796 1065 3086 1132 inspirata,
3139 1068 3298 1119 etiam
3347 1067 3491 1122 utilis

1921 1166 1994 1208 est
2027 1156 2093 1220 ⁸⁷,
2141 1156 2339 1224 quippe
2369 1170 2531 1224 quam
2567 1154 2776 1209 locutus
2813 1155 2878 1209 sit
2906 1153 3157 1224 Spiritus.
3193 1157 3306 1212 Hoc
3333 1174 3484 1212 nam-

1921 1263 2023 1316 que
2060 1263 2194 1302 vere
2247 1249 2480 1302 ostendit
2533 1245 2792 1315 Spiritum
2840 1262 2947 1301 non
2989 1261 3110 1300 esse
3155 1260 3482 1316 creaturam,

1919 1341 2172 1410 quoniam
2216 1339 2496 1393 rationalis
2537 1339 2714 1392 omnis
2756 1348 3002 1393 creatura
3044 1339 3200 1394 modo
3247 1355 3277 1393 a
3314 1343 3487 1410 seipsa

1919 1432 2176 1502 loquitur,
2218 1431 2375 1485 modo
2403 1446 2464 1484 ea
2500 1445 2616 1499 quae
2647 1431 2738 1484 Dei
2767 1441 2915 1496 sunt,
2947 1441 3004 1484 ut
3039 1446 3160 1486 cum
3187 1431 3316 1485 dicit
3350 1433 3490 1487 Pan—

1918 1526 2000 1580 lus
2042 1541 2057 1578 :
2108 1525 2184 1578 De
2225 1524 2512 1593 virginibus
2559 1539 2732 1576 autem
2773 1536 3091 1592 prwceptum
3127 1524 3336 1578 Domini
3382 1543 3488 1582 non

1916 1617 2114 1678 habeo;
2147 1617 2426 1668 consilium
2474 1627 2646 1669 tamen
2679 1616 2746 1666 do
2778 1624 3030 1683 tanquam
3063 1616 3484 1670 misericordiam

1915 1721 2217 1762 consecutus
2245 1725 2274 1760 α
2311 1706 2529 1760 Domino
2549 1707 2612 1759 ⁸⁸.
2646 1707 2711 1760 At
2739 1708 2803 1760 iis
2835 1709 2922 1776 qui
2951 1711 3286 1762 matrimonio
3311 1709 3487 1778 juncti

1915 1810 2035 1852 sunt
2059 1800 2302 1867 prwcipio
2331 1815 2429 1850 non
2454 1815 2567 1866 ego,
2594 1801 2682 1851 sed
2710 1800 2962 1852 Dominus
2986 1800 3048 1852 ‘9.
3083 1799 3151 1854 Et
3187 1804 3442 1872 propheta
3467 1819 3484 1857 :

231 1890 312 1942 σέ
341 1907 352 1919 ·
401 1892 458 1943 τί
497 1892 583 1945 ὅτι
635 1895 868 1959 ἀσεϐεῖς
900 1894 1010 1964 (75)
1053 1894 1438 1958 εὐοδοῦνται;
1487 1899 1578 1950 καὶ
1613 1897 1803 1950 οῖτέιλιν⁴

1920 1890 1964 1943 0
2005 1890 2228 1943 Domine
2253 1931 2268 1953 ,
2303 1889 2643 1942 nihilominus
2669 1891 2879 1959 judicia
2921 1892 3109 1955 loquar
3142 1870 3210 1946 ad
3247 1870 3333 1959 te;
3360 1897 3485 1965 quid

235 1982 310 2034 οι
325 1982 445 2051 μοι,
490 1984 699 2055 μῆτερ,
734 1989 812 2052 ὡς
853 1987 986 2038 τίνα
1017 1986 1079 2054 μ’
1105 1987 1336 2054 ἕτεκες;
1376 1990 1511 2042 Ποτέ
1539 1990 1594 2043 δὲ
1630 1991 1773 2060 λέγει
1795 2007 1809 2020 '

235 2075 386 2130 Τάδε
412 2077 573 2147 λέγει
592 2081 821 2148 Κύριος.
854 2081 964 2131 Καὶ
988 2081 1116 2133 ποτέ
1140 2082 1345 2152 Μωσῆς
1363 2098 1378 2112 ·
1426 2084 1813 2151 Ἰσχνόφωνος

229 2167 334 2221 καὶ
359 2168 836 2239 βραδύγλωσσός
864 2175 977 2241 εἰμι
1001 2173 1132 2242 ἐγώ.
1164 2175 1300 2226 Ποτέ
1320 2174 1377 2226 δὲ
1399 2178 1427 2227 ὀ
1449 2176 1607 2240 αὑτός
1627 2193 1640 2206 ·
1671 2178 1813 2231 Τάδε

228 2260 395 2330 λέγει
425 2265 673 2329 Κύριος·
721 2264 1185 2328 Ἐξαπόστειλον
1223 2267 1329 2320 τὸν
1371 2270 1524 2321 λαόν
1546 2287 1682 2337 μου,
1714 2271 1812 2324 ἵνα

222 2370 330 2419 μοι
361 2355 686 2423 λατρεύσῃ.
725 2357 797 2408 Τὸ
843 2358 899 2411 δέ
944 2358 1168 2428 Πνεῦμα
1201 2359 1298 2428 οὐχ
1348 2359 1537 2423 οὕτως.
1587 2361 1658 2412 Οὐ
1705 2360 1812 2432 γὰρ

229 2444 366 2496 ποτέ
408 2445 475 2500 τὰ
521 2447 714 2501 ἐαυτοῦ
746 2449 911 2518 λέγει,
961 2453 1089 2503 ποτὲ
1125 2452 1180 2503 δέ
1212 2451 1280 2503 τὰ
1319 2452 1410 2503 τοῦ
1444 2453 1611 2506 Θεοῦο
1654 2453 1812 2505 τοῦτο

227 2537 339 2608 γὰρ
373 2532 440 2607 ἦν
489 2539 806 2611 κτίσματος.
856 2541 1016 2594 Ἀλλὰ
1048 2543 1224 2594 πάντα
1269 2542 1336 2594 τὰ
1375 2543 1466 2594 τοῦ
1498 2544 1811 2613 Ili/stipato;

226 2627 326 2681 τοῦ
360 2627 492 2680 Θεοῦ
514 2632 620 2681 εἰσι
641 2631 826 2700 λόγια·
853 2631 1049 2701 ὁμοίως
1065 2633 1159 2684 καὶ
1175 2631 1240 2683 τὰ
1269 2631 1362 2683 τοῦ
1393 2633 1502 2704 (7.4)
1534 2634 1684 2686 Υἱοῦ.
1715 2635 1811 2688 Διὰ

227 2714 390 2766 τοῦτο
416 2715 534 2768 οὺδέ
559 2719 587 2768 ὁ
610 2719 738 2782 Υἱὸς
763 2719 910 2772 λαλεῖ
938 2722 1031 2788 ἀφ’
1059 2719 1271 2772 ἐαυτοῦ.
1317 2721 1378 2774 '0
1415 2721 1524 2792 γὰρ
1569 2724 1810 2793 πέμψας

227 2821 323 2870 με,
355 2805 507 2875 φησὶ,
554 2807 776 2876 Πατὴρ,
807 2810 1038 2875 ἐκεῖνός
1065 2828 1166 2878 μοι
1194 2809 1323 2867 εἷπε
1352 2815 1409 2867 τι
1445 2817 1590 2867 εἴπω
1621 2816 1719 2868 καὶ
1754 2816 1809 2867 τί

225 2896 515 2963 λαλήσωο
553 2900 614 2952 οῦ
662 2900 977 2971 μανθάνων,
1013 2903 1169 2957 τοῦτο
1212 2904 1413 2980 γὰρῆν
1448 2907 1669 2975 ᾁτελοῦς
1714 2908 1807 2959 καὶ

225 2990 506 3062 ἀμαθοῦς·
566 2993 678 3046 ἀλλ’
716 2996 799 3048 ὃτι
847 2996 946 3048 ὅσα
985 2999 1012 3049 ὁ
1048 2999 1255 3069 Πατὴρ,
1308 2999 1394 3052 διὰ
1441 3000 1533 3051 τοῦ
1574 2999 1701 3052 Υἱοῦ
1751 3001 1808 3052 ἐν

232 3077 512 3148 Πνεύματι
542 3081 710 3135 λαλεῖ.
744 3084 854 3136 Καὶ
883 3085 1043 3136 πάλιν
1070 3085 1379 3156 γέγραπται
1402 3105 1414 3118 ο
1447 3087 1655 3154 Οὐδεὶς
1685 3086 1807 3144 οἵδε

1917 1991 1990 2037 est
2055 1990 2190 2051 quod
2246 1983 2392 2050 impii
2445 1998 2689 2050 prospere
2747 1993 2906 2052 agunt
2960 1985 3042 2037 7°?
3095 1984 3159 2037 Et
3230 2002 3417 2042 rursus
3467 2009 3484 2045 :

1916 2075 2036 2129 Heu
2067 2093 2169 2140 me,
2217 2087 2380 2128 mater
2414 2075 2434 2127 !
2482 2076 2686 2144 qualem
2733 2093 2812 2128 me
2844 2078 3087 2146 peperisti
3113 2078 3191 2130 7‘!
3229 2078 3487 2134 Nonnun-

1914 2181 2074 2234 quam
2092 2175 2269 2219 autem
2294 2166 2396 2218 ait:
2425 2165 2552 2219 Haec
2570 2167 2695 2219 dicit
2719 2166 2973 2221 Dominus
2992 2169 3060 2222 τ’.
3091 2168 3153 2222 Ει
3180 2170 3475 2239 aliquando

1914 2257 2126 2327 Moyses
2163 2276 2176 2312 :
2224 2256 2422 2311 (ἔταεὶιὶ
2459 2274 2576 2313 voce
2622 2268 2669 2312 et
2706 2263 2858 2311 tarda
2908 2260 3086 2329 lingua
3129 2277 3220 2330 ego
3266 2279 3380 2316 sum
3415 2264 3483 2322 ⁷³,

1912 2348 2209 2416 Aliquando
2230 2364 2356 2402 vero
2380 2350 2426 2404 is
2460 2350 2573 2417 ipse
2604 2367 2617 2402 :
2647 2349 2774 2402 [hec
2800 2351 2926 2402 dicit
2959 2352 3215 2407 Dominus
3242 2368 3259 2405 :
3286 2353 3482 2411 Emitte

1911 2442 2157 2508 populum
2194 2457 2384 2507 meum,
2424 2452 2480 2494 ut
2526 2442 2654 2494 mihi
2695 2447 2883 2496 serviat
2911 2444 2975 2498 ⁷⁵.
3028 2443 3264 2514 Spiritus
3299 2459 3479 2506 autem

1913 2548 2016 2585 non
2046 2535 2145 2586 sic.
2187 2533 2300 2586 Non
2344 2534 2487 2587 enim
2531 2535 2690 2589 modo
2715 2549 2810 2588 sua
2834 2578 2848 2601 ,
2884 2536 3040 2590 modo
3070 2552 3188 2605 quae
3228 2538 3323 2593 Dei
3349 2553 3478 2599 sunt

1913 2627 2176 2696 loquitur;
2211 2631 2258 2681 id
2297 2644 2530 2698 namque
2571 2629 2803 2698 pertinet
2825 2630 2890 2682 ad
2914 2639 3239 2686 creaturam.
3271 2631 3471 2689 Verum

1911 2724 2088 2778 omnia
2123 2724 2358 2792 Spiritus
2394 2726 2576 2787 verba,
2628 2724 2720 2777 Dei
2752 2725 2972 2778 oracula
3006 2735 3134 2779 sunt
3169 2743 3185 2782 :
3223 2729 3476 2785 similiter

1909 2827 1964 2871 et
1995 2816 2114 2870 Filii
2153 2818 2313 2871 dicta.
2333 2815 2686 2883 .Quapropter
2710 2831 2775 2868 ne
2812 2815 2981 2869 Filius
3005 2817 3218 2884 quidem
3245 2834 3276 2873 a
3301 2819 3482 2890 Scipso

1910 2907 2167 2977 loquitur.
2198 2908 2298 2971 Qui
2328 2908 2465 2959 enim
2498 2907 2640 2960 misit
2673 2924 2752 2960 me
2785 2906 2967 2976 Pater,
2993 2911 3186 2981 inquit,
3223 2913 3313 2967 ille
3344 2914 3480 2968 mihi

1910 2999 2041 3052 dixit
2076 2998 2201 3067 quid
2235 2997 2406 3050 dicam
2431 3007 2481 3050 et
2508 2998 2635 3065 quid
2665 2995 2850 3066 loquar
2872 2999 2942 3064 ⁷⁵,
2975 3015 3079 3054 non
3132 3004 3274 3070 quod
3304 3005 3480 3058 disce-

1910 3098 2034 3144 ret:
2066 3090 2164 3143 hoc
2202 3088 2344 3142 enim
2386 3088 2685 3156 imperfecti
2732 3097 2850 3141 erat
2887 3097 2943 3143 et
2986 3092 3280 3147 nescientis
3319 3111 3331 3146 :
3378 3096 3475 3148 sed

225 3171 301 3222 τὰ
335 3171 440 3224 τοῦ
472 3173 806 3239 ἀνθρώπου,
837 3177 888 3227 ει
909 3175 995 3243 μὴ
1022 3175 1088 3228 τὸ
1110 3177 1345 3247 πνεῦμα
1364 3180 1470 3233 τοῦ
1493 3182 1803 3249 ἀνθρώπου

1913 3181 2053 3249 quod
2090 3193 2424 3248 quaecunque
2450 3178 2611 3232 Pater
2634 3178 2892 3248 loquitur,
2920 3194 3014 3250 per
3043 3180 3235 3236 Filium
3270 3185 3323 3236 in
3355 3185 3478 3254 Spi-

225 3263 295 3314 τὸ
331 3263 400 3314 ὲν
430 3263 622 3329 αὐτῷ’
659 3265 810 3318 οὕτω
856 3266 956 3320 καὶ
1000 3269 1073 3322 τὰ
1100 3270 1205 3324 τοῦ
1234 3271 1381 3327 Θεοῦ
1419 3272 1619 3341 οὐδεὶς
1651 3277 1801 3344 ἔγνω

223 3356 278 3406 εὶ
313 3353 400 3422 μὴ
441 3355 507 3409 τὸ
533 3358 776 3430 Πνεῦμα
821 3363 928 3416 τοῦ
973 3365 1160 3419 Θεοῦσ
1209 3367 1302 3419 καὶ
1345 3366 1540 3419 πάλιν·
1598 3366 1668 3420 Τὸ
1690 3367 1800 3436 γὰρ

224 3448 469 3517 Πνεῦμα
488 3451 911 3522 πάνταέρευνᾶ
929 3457 1064 3526 (75),
1090 3457 1186 3511 καὶ
1210 3459 1284 3512 τὰ
1300 3458 1459 3527 ,βάθη
1488 3460 1592 3514 τοῦ
1627 3462 1795 3516 Θεοῦ.

239 3538 365 3591 Ἐὰν
414 3541 468 3594 δὲ
496 3542 746 3612 λέγωσιν,
790 3547 869 3600 ὅτι
907 3549 969 3601 τὸ
999 3549 1236 3619 ἐρευνῶν
1275 3549 1375 3602 οὐκ
1414 3548 1542 3615 οἶδε,
1591 3552 1682 3604 καὶ
1713 3551 1798 3607 διὰ

222 3629 383 3681 τοῦτο
410 3631 643 3706 ἐρευνᾷ·
681 3638 932 3709 ἐροῦμεν,
970 3641 1052 3693 ὅτι
1100 3641 1194 3695 καὶ
1239 3643 1267 3694 ὁ
1311 3641 1442 3704 Θεὸς
1473 3644 1670 3713 ἐρευνᾷ
1698 3644 1798 3709 τὰς

225 3723 450 3790 καρδίας
471 3726 578 3779 τῶν
603 3728 927 3800 ἀνθρώπων.
963 3733 1072 3785 Καὶ
1096 3733 1184 3787 διὰ
1210 3733 1320 3788 τῶν
1358 3735 1652 3806 προφητῶν
1680 3737 1796 3809 (76)

223 3812 403 3878 λέγει·
475 3815 811 3885 Ἐρευνήσω
868 3821 981 3890 τὴν
1053 3822 1438 3896 Ἰερουσαλὴμ
1489 3828 1638 3896 μετὰ
1688 3829 1796 3883 τοῦ

221 3904 478 3972 λύχνου.
524 3909 630 3961 Καὶ
665 3911 824 3964 πάλιν
874 3912 1216 3987 γέγραπταιο
1262 3919 1385 3971 Οὐκ
1434 3919 1651 3984 οἴδατε,
1706 3920 1796 3975 ὅτι

221 3993 297 4046 τὰ
333 3995 576 4063 σώματα
613 4001 780 4069 ὑμῶν
819 4005 966 4070 ναὸς
1014 4007 1119 4059 τοῦ
1148 4007 1216 4059 ὲν
1243 4008 1386 4078 ὑμῖν
1416 4009 1585 4079 ἁγίου
1609 4014 1796 4066 Πνεύ-

218 4085 408 4152 ματός
444 4087 632 4153 ἐστιν,
665 4089 737 4147 οὗ
768 4093 936 4162 ἔχετε
964 4096 1082 4149 ἀπὸ
1126 4098 1230 4150 τοῦ
1259 4101 1442 4165 Θεοῦ;
1480 4102 1571 4155 καὶ
1601 4103 1788 4158 πάλινο

217 4179 342 4229 οὐκ
372 4177 588 4244 οἴδατε,
623 4180 711 4235 ὅτι
744 4185 891 4250 ναὸς
929 4189 1077 4241 Θεοῦ
1118 4192 1276 4253 ἐστε,
1318 4195 1416 4246 καὶ
1453 4195 1520 4246 τὸ
1552 4196 1793 4266 Πνεῦμα

221 4268 330 4321 τοῦ
357 4269 503 4322 Θεοῦ
531 4270 600 4324 ἐν
633 4274 774 4342 ὑμῖν
796 4279 983 4344 obesi;
1011 4284 1101 4336 καὶ
1132 4285 1289 4338 πάλιν
1306 4302 1320 4315 ·
1369 4287 1552 4356 Ὑμεῖς
1577 4288 1644 4342 δὲ
1678 4290 1790 4361 (77)

219 4363 335 4413 οὐκ
384 4361 524 4415 ἐστὲ
585 4365 654 4418 ἐν
709 4370 904 4436 σαρκὶ,
967 4374 1104 4428 ἀλλ’
1149 4376 1219 4428 ἐν
1251 4380 1564 4447 Πνεύματι,
1627 4381 1791 4450 εἴπερ

222 4455 462 4524 Πνεῦμα
490 4459 635 4511 Θεοῦ
659 4462 811 4514 οἰκεῖ
825 4463 895 4514 ἐν
926 4466 1083 4532 ὑμῖν.
1118 4470 1224 4520 Καὶ
1258 4471 1416 4522 πάλιν
1442 4473 1750 4542 γέγραπται
1771 4492 1785 4506 ’

1912 3275 2014 3328 ritu
2047 3273 2316 3340 loquatur.
2353 3272 2420 3325 Et
2455 3286 2643 3326 rursus
2683 3273 2944 3341 scriptum
2969 3281 3052 3327 est
3098 3287 3115 3327 :
3162 3272 3332 3328 Nemo
3378 3293 3475 3330 no-

1907 3368 1975 3421 vit
2007 3382 2123 3436 qua:
2171 3365 2396 3417 hominis
2427 3374 2568 3427 sunt,
2605 3365 2706 3417 nisi
2752 3364 2970 3430 spiritus
2998 3365 3247 3434 hominis,
3288 3370 3377 3438 qui
3419 3371 3477 3424 in

1905 3461 2017 3528 ipso
2051 3468 2168 3513 est:
2207 3460 2281 3511 sic
2326 3458 2481 3510 etiam
2525 3472 2642 3526 quw
2672 3455 2771 3508 Dei
2810 3466 2953 3522 sunt,
2995 3474 3144 3512 nemo
3184 3462 3324 3514 novit
3371 3463 3476 3514 nisi

1907 3550 2139 3617 Spiritus
2184 3547 2280 3602 Dei
2317 3549 2382 3601 ⁷⁸.
2435 3546 2505 3600 Et
2541 3549 2731 3601 iterum
2765 3564 2778 3599 :
2837 3547 3069 3613 Spiritus
3110 3551 3248 3603 enim
3296 3556 3473 3606 omnia

1904 3651 2188 3707 scrutatur,
2231 3641 2389 3693 etiam
2436 3639 2700 3707 profunda
2748 3639 2840 3692 Dei
2872 3641 2935 3693 ⁷⁷.
2988 3639 3142 3705 Quod
3196 3644 3241 3696 si
3293 3645 3474 3699 dicant

1903 3748 2026 3789 eum
2058 3733 2146 3803 qui
2173 3740 2450 3787 scrutatur
2480 3746 2814 3800 nequaquam
2841 3746 3023 3799 nosse,
3048 3734 3117 3788 ob
3140 3735 3300 3804 idque
3321 3753 3473 3790 scru-

1904 3827 2045 3888 tari;
2105 3825 2346 3880 dicemus
2397 3823 2564 3876 Deum
2629 3838 2845 3891 quoque
2893 3827 3123 3878 scrutari
3195 3828 3470 3884 hominum

1903 3912 2064 3966 corda
2087 3912 2153 3964 ⁷⁸.
2178 3911 2244 3964 Et
2274 3924 2369 3977 per
2398 3908 2688 3976 prophetas
2723 3908 2852 3961 dicit
2880 3926 2892 3961 :
2927 3908 3216 3963 Scrutabor
3244 3911 3472 3969 Jerusa-

1900 4005 2062 4058 salem
2087 4020 2202 4056 cum
2223 4001 2524 4054 lucerna".
2552 4000 2615 4054 Et
2642 4000 2837 4054 iterum
2863 4003 3120 4068 scriptum
3145 4015 3256 4058 est:
3286 4004 3474 4062 Nesci-

1901 4100 1966 4151 tis
2015 4097 2152 4168 quod
2196 4111 2417 4164 corpora
2444 4105 2618 4148 vestra
2648 4094 2895 4163 templum
2940 4107 3061 4149 sunt
3097 4099 3386 4153 habitantis
3416 4103 3473 4157 in

1900 4189 2039 4244 vobis
2080 4189 2313 4260 Spiritus
2362 4187 2554 4251 sancti,
2607 4204 2759 4256 quem
2812 4189 3012 4241 habetis
3055 4207 3087 4242 a
3142 4189 3255 4245 Deo
3291 4193 3378 4236 “‘l
3406 4195 3472 4251 Et

1898 4297 2112 4337 rursum
2144 4300 2156 4335 :
2190 4281 2417 4334 Nescitis
2439 4282 2576 4349 quod
2606 4282 2848 4348 templum
2874 4282 2968 4336 Dei
2989 4283 3134 4351 estis,
3167 4297 3214 4340 et
3238 4287 3470 4356 Spiritus

1898 4374 2211 4446 Dei_habitat
2228 4374 2281 4426 in
2304 4375 2442 4427 vobis
2462 4373 2546 4427 a1?
2573 4375 2632 4428 Et
2659 4391 2843 4429 rursus
2861 4391 2876 4429 :
2893 4375 2994 4428 Vos
3015 4390 3189 4430 autem
3217 4395 3320 4432 non
3340 4383 3468 4436 estis

1897 4469 1952 4520 in
1983 4481 2158 4533 carne,
2195 4465 2284 4519 sed
2311 4466 2366 4518 in
2395 4463 2619 4534 Spiritu,
2645 4466 2900 4533 siquidem
2933 4465 3163 4534 Spiritus
3194 4468 3288 4522 Dei
3318 4471 3468 4525 habi-

227 4546 329 4596 Kul
360 4549 546 4601 ταῦτά
590 4569 742 4618 τινες
782 4550 906 4622 ἦτε,
953 4558 1088 4610 ἀλλ’
1134 4560 1578 4629 ἀπελούσασθε,
1623 4565 1790 4634 ἡγιά-

1907 4569 1974 4613 tat
2004 4561 2058 4611 in
2084 4557 2223 4612 vobis
2247 4558 2317 4610 υτ
2347 4557 2412 4610 Et
2436 4571 2621 4610 rursus
2642 4559 2896 4624 scriptum
2926 4571 3041 4612 est:
3079 4557 3145 4612 Et
3167 4563 3277 4615 hare
3303 4567 3464 4620 eratis

219 4636 425 4723 σᾷητε,
445 4639 579 4692 ἀλλ’
604 4641 977 4713 ἐδικαιώθητε
993 4648 1060 4699 ἐν
1076 4646 1155 4713 τῷ
1177 4651 1416 4718 ὀνόματι
1437 4653 1543 4707 τοῦ
1565 4657 1787 4723 Κυρίου

221 4722 332 4793 (78)
369 4726 560 4794 Ἰησοῦ
580 4731 855 4800 Χριστοῦ,
878 4736 975 4789 καὶ
993 4737 1063 4789 ἐν
1091 4734 1172 4806 τῷ
1194 4742 1487 4811 Πνεύματι
1510 4744 1614 4799 τοῦ
1640 4722 1786 4798 Θεοῦ

294 4856 336 4928 ‘_’
371 4857 524 4915 Joan.
563 4879 671 4928 xw,
702 4865 787 4919 15.
864 4867 908 4898 ⁸⁸
936 4867 1088 4924 loan.

219 4926 262 4957 τί
295 4925 608 5009 {creua-xy,
803 4938 865 5009 qn
897 4938 1095 4997 Jerem.
1139 4925 1366 5009 Πίῐξέ.

219 5069 414 5132 nulli.
491 5072 711 5128 "llom.
790 5079 972 5144 \‘lll,9.

289 5206 401 5275 (7i)
431 5205 565 5259 Editi
590 5209 684 5276 ἀφ’
709 5210 920 5266 ἑαυτοῦ.
941 5213 1118 5269 Codex
1147 5211 1297 5269 Colb.
1330 5222 1384 5270 et
1408 5215 1498 5270 alii
1529 5217 1634 5271 duo
1667 5217 1774 5273 Re-

219 5277 287 5344 gii
321 5279 409 5342 ἀφ’
436 5278 654 5344 ἑαυτῆς,
695 5283 846 5335 bene.

219 5311 401 5414 977ιῆ
695 5311 1074 5420 I"impressis
1102 5353 1252 5409 libris
1288 5356 1585 5428 ἠλεημένος
1605 5374 1619 5390 ·
1654 5362 1769 5423 τοῖς

216 5415 274 5468 δέ
306 5432 318 5465 :
347 5426 401 5486 at
429 5421 480 5470 in
517 5421 684 5473 tribus
717 5436 845 5476 mss.
883 5427 972 5486 ita,
1007 5435 1065 5477 ut
1093 5425 1375 5481 edidimus.

287 5485 399 5553 (73)
425 5489 604 5542 Codex
637 5490 785 5544 Colb.
811 5494 862 5545 τί
891 5485 969 5547 ἐτι
993 5495 1226 5559 ἀσεϐεῖς,
1269 5512 1364 5550 cur
1397 5499 1569 5552 adhuc
1598 5517 1775 5554 secun-

216 5555 519 5631 da‘lortuna
544 5570 751 5612 utentur
775 5563 962 5631 impii?

289 5624 401 5695 (7s)
437 5625 572 5681 Editi
613 5631 706 5682 καὶ
733 5624 946 5688 τοῦ.Ἀι
969 5637 1138 5690 nostri
1175 5645 1376 5704 septem
1414 5654 1542 5694 mss.
1569 5641 1662 5693 καὶ
1705 5641 1771 5696 τὰ

279 5694 329 5759 ὖ,
361 5695 602 5749 είηιίίέίεν
632 5718 831 5759 quoque
881 5707 1033 5759 verba
1068 5704 1196 5759 Filii
1223 5709 1441 5759 oracula
1475 5723 1591 5759 sunt
1650 5711 1766 5759 Dei-

215 5712 329 5760 του,
361 5707 602 5749 similiter
632 5718 831 5772 quoque
881 5707 1033 5759 verba
1068 5707 1196 5759 Filii
1223 5709 1441 5763 oracula
1475 5723 1591 5764 sunt
1650 5711 1767 5768 Dei.

216 5767 502 5853 Mo§_editi
535 5767 661 5853 οὒτε
685 5774 730 5824 ὁ.
765 5775 986 5853 Antiqui
1013 5787 1122 5853 tres
1145 5777 1264 5853 libri
1293 5778 1412 5853 οὐδὲ
1435 5783 1511 5853 ὁ.-

290 5836 400 5906 (75)
447 5837 664 5909 Antiqui
705 5855 809 5900 tres
867 5836 989 5902 libri
1020 5847 1196 5902 πάντα
1219 5848 1432 5920 ἐρευνᾷ.
1475 5850 1583 5908 Vos
1636 5853 1769 5907 πάν-

1893 4651 2130 4721 quidam,
2171 4649 2334 4719 320
2372 4649 2462 4700 sed
2489 4648 2651 4701 abluti
2677 4651 2826 4712 estis,
2850 4651 2942 4703 sed
2972 4654 3288 4721 sanctiﬁcati
3319 4659 3463 4722 estis,

1894 4743 1985 4796 sed
2004 4741 2290 4812 justiﬁcati
2320 4743 2442 4796 estis
2480 4743 2535 4795 in
2572 4741 2779 4795 nomine
2815 4741 3025 4797 Domini
3053 4743 3181 4799 Jesu
3222 4746 3460 4816 Christi,

1123 4889 1219 4938 xu,
1252 4874 1340 4952 49:
1417 4876 1696 4952 "__||_Tim.
1721 4888 1802 4944 ttl,

1908 4919 1946 4952 ._
1999 4879 2044 4910 ⁸⁸
2077 4877 2255 4952 l‘Cor.
2277 4895 2369 4940 vn,
2393 4878 2482 4952 25.
2567 4877 2776 4952 “__il)iil.
2814 4880 2898 4933 10.
2977 4881 3021 4911 "°
3055 4882 3254 4939 Jerem.
3283 4903 3378 4952 xu,
3406 4892 3458 4946 i.

560 4949 723 5013 χρυ.
766 4949 865 5013 ’,τ’
897 4949 1095 5013 teret".
1139 4961 1263 5009 xxx,
1309 4949 1366 5002 2.
1460 4949 1506 4978 ⁷³
1541 4950 1710 5004 Exod.
1762 4965 1839 5012 ιν,
1889 4950 1976 5003 10.

219 5012 280 5088 μ,
315 4999 400 5088 id“.
477 5002 684 5088 7.7.
760 5007 843 5060 10.
919 5009 965 5088 :3
1007 5013 1140 5065 l’sul.
1190 4999 1284 5081 vni,
1325 4999 1425 5081 1-0;
1467 4999 1848 5088 πῶῐτὶῖάὗίί,

2081 4950 2127 4981 ⁷⁸
2168 4952 2334 5004 Exod.
2373 4964 2422 5008 ν,
2459 4949 2509 4998 1.

2088 5022 2131 5052 ⁷⁹
2167 5021 2324 5089 Sapit.
2374 5037 2412 5080 I,
2451 5020 2537 5071 1'2.

2609 4949 2656 4978 ⁷⁵
2697 4951 2852 5003 .Ioau.
2886 4967 2980 5015 xu,
3011 4953 3096 5006 49.

2628 5019 2675 5051 ⁸ο
2711 5019 2730 5073 ι
2763 5022 2884 5076 Cor.
2912 5036 2987 5088 νι,
3025 5023 3110 5078 19.

3193 4955 3239 4986 ⁷⁸
3331 4958 3456 5015 Cor.

3217 5025 3260 5057 ⁸¹
3284 5029 3305 5082 l
3331 5031 3455 5087 Cor.

1879 5221 2385 5298 ra‘desiderabatur
2409 5224 2461 5280 in
2494 5225 2744 5298 vulgatis.

1950 5294 2061 5360 (76)
2099 5292 2283 5371 [minet
2338 5297 2390 5371 in
2418 5292 2612 5371 editis
2631 5310 2684 5354 el
2720 5304 2773 5354 in
2810 5317 2939 5355 mss.
2986 5303 3183 5371 legitur
3227 5304 3316 5358 διὰ
3343 5306 3450 5359 τῶν

1872 5361 2188 5446 expetenti»),
2207 5363 2561 5446 Quiubelisius
2582 5372 2730 5446 malit
2754 5372 2842 5425 διὰ
2868 5371 2958 5446 τοῦ
2989 5361 3266 5446 πβοφήτου
3293 5392 3438 5444 cum,

1871 5434 2066 5502 inquit,
2093 5434 2379 5513 Saphouiae
2406 5441 2568 5513 unius
2597 5443 2764 5513 verba
2784 5434 3127 5513 proferantur
3158 5434 3170 5498 Ξ
3202 5448 3292 5497 sed
3335 5434 3440 5500 ini-'-

1872 5519 1974 5583 ror_
2022 5515 2223 5558 tantum
2269 5507 2610 5583 diligentiam
2666 5527 2695 5564 a
2741 5507 3066 5571 Gombeﬂsio
3132 5516 3332 5583 requiri
3382 5533 3438 5571 tu

1871 5576 2158 5694 scriptore;
2189 5577 2279 5645 qui
2304 5591 2362 5630 se
2396 5583 2578 5636 minus
2612 5583 2921 5655 diligentem
2957 5586 3010 5640 in
3039 5594 3148 5639 toto
3183 5576 3282 5640 suo
3316 5601 3447 5657 ope-

1872 5658 1931 5694 re
1953 5657 2123 5694 051811(
2149 5657 2206 5694 11.

1872 5658 1931 5697 re
1953 5657 2206 5698 OSlelltlll.

1950 5715 2069 5795 (:77)_
2088 5712 2304 5795 Veteres
2339 5719 2448 5775 duo
2483 5721 2602 5777 libri
2632 5725 2787 5795 ὑμεῖς
2815 5725 2888 5779 δέ.
2932 5725 3128 5779 Vocula
3152 5726 3207 5778 δέ
3239 5729 3291 5782 in
3331 5728 3448 5782 vul-

1880 5788 2022 5855 satis
2040 5785 2403 5845 desideratur.

1949 5854 2057 5925 (78)
2081 5855 2256 5911 Codex
2292 5859 2448 5919 Coll).
2477 5873 2529 5922 et
2565 5865 2702 5924 alter
2729 5866 2859 5937 Reg.
2891 5866 3098 5939 Κυρίου
3131 5867 3308 5939 ἡμῶν.
