4008 6450
201 416 312 466 7.39

1301 403 1667 456 ADVERSUS
1707 401 2069 455 EUNOMIUM
2111 403 2239 454 LIB.
2280 403 2346 453 Υ.

3346 405 3446 458 τῖθ

193 511 301 587 ονε-ξίν
329 517 546 585 γνῶσιν.
585 517 725 572 Αὐτὸ
755 515 860 586 γάρ
895 513 1009 567 ἔστι
1057 515 1117 566 τὸ
1149 512 1497 583 ζητούμενον,
1534 514 1622 564 καὶ
1650 511 1779 564 αὐτὸ

1887 515 2171 576 quaeritur,
2205 523 2260 564 et
2287 513 2401 579 ipse
2431 521 2534 576 est,
2570 516 2659 582 qui
2693 513 2956 580 suiipsius
3001 501 3449 585 impertiri-ogni-

193 607 266 658 τὺ
294 607 534 680 παρέχον
567 609 666 676 τὴν
697 602 822 673 πὲρι
857 602 1046 656 ἑαυτοῦ
1083 599 1298 668 γνῶσιν.
1347 601 1432 664 Ὠς
1472 601 1527 654 δὲ
1573 603 1664 652 καὶ
1696 599 1783 652 διὰ

195 695 314 752 τῶν
365 698 524 752 θείων
552 693 782 766 Γραφῶν
826 693 1220 765 μεμαθήκαμεν
1271 691 1401 761 παρ’
1431 691 1616 757 αὑτοῦ,
1659 691 1788 744 αὑτό

195 789 350 844 ἐστιν
373 790 401 842 ὃ
422 789 545 849 τοὺς
564 786 749 855 ἁγίους
765 790 1006 858 ἐποίησε,
1034 784 1126 838 κα)⁸
1149 785 1247 855 τὴν
1281 784 1429 838 Θείαν
1469 782 1612 852 ζωὴν
1643 801 1785 854 παρ-

195 881 317 951 έχει
356 882 467 943 τοῖς
507 879 716 933 αἰτοῦσι
766 882 894 947 παρ’
925 877 1087 930 αὑτοῦ
1111 878 1202 930 τὸν
1224 878 1372 930 Θεὸν.
1411 875 1532 927 Τῶν
1564 876 1619 928 δὲ
1652 875 1788 944 λαμ-

199 971 474 1025 ϐανὸντων
505 973 718 1040 ἀνάγκη
757 969 893 1022 εἶναι
928 970 1253 1040 τιμιώτερον
1275 987 1288 1000 ⁸
1337 968 1638 1038 γινομένων
1663 967 1786 1019 τού-

195 1082 308 1116 των
337 1065 528 1133 ἁγίων,
560 1067 688 1118 ὅταν
717 1063 847 1115 αὐτὸ
881 1064 1230 1135 ὲπιςςοιτήσῃ,
1271 1065 1364 1115 καὶ
1393 1060 1784 1130 φθειρομένων,

197 1155 332 1210 ὃταν
365 1158 494 1210 αὑτὸ
521 1154 815 1224 καταλίπῃ.
855 1153 994 1205 Αὐτὸ
1017 1154 1072 1205 δὲ
1107 1155 1251 1204 ἔστιν
1277 1154 1383 1215 ἀεὶ,
1414 1151 1559 1222 πηγὴ
1597 1151 1655 1203 ὃν
1689 1151 1786 1220 τῆς

195 1249 369 1303 ἀῖδίου
400 1247 563 1316 ζωῆς.
600 1246 694 1308 Τίς
727 1245 782 1297 δὲ
805 1246 832 1296 ὁ
868 1246 1065 1316 τρόπος
1099 1246 1195 1312 τῆς
1230 1245 1491 1314 χορηγίας
1518 1243 1610 1294 τοῦ
1643 1238 1780 1295 εἶναι

196 1342 330 1393 αὐτὸ
354 1340 408 1392 έν
429 1355 487 1389 τε
515 1341 623 1400 τοῖς
644 1339 776 1390 πᾶσι
803 1339 895 1392 καὶ
930 1340 986 1390 ἐν
1012 1338 1121 1398 τοῖς
1149 1337 1269 1388 καθ’
1293 1338 1542 1398 ἕκαστον,
1569 1336 1790 1389 σκοπεί-

197 1449 277 1485 τω
295 1432 522 1492 διάνοια,
561 1429 683 1496 ἀξία
715 1430 806 1482 τοῦ
843 1433 1064 1482 σκοπεῖν
1093 1430 1376 1500 γενομένη,
1407 1428 1784 1497 ἀπαλλαγεῖσα

197 1525 418 1592 ἀπάτης
452 1523 544 1576 καὶ
562 1525 822 1595 αἱρέσεως
853 1525 946 1578 καὶ
975 1524 1081 1576 τῶν
1107 1523 1479 1594 γοητευουσῶν
1507 1521 1783 1591 γυναικῶν

192 1620 298 1676 τάς
327 1613 510 1678 ἄλλας.
551 1617 797 1687 Προσίτω
845 1617 957 1684 (86)
1003 1617 1058 1668 δὲ
1095 1617 1281 1686 ἡσύχῳ
1321 1620 1388 1685 τῇ
1430 1617 1780 1670 καταστάσει.

200 1707 441 1778 Ἦσυχον
479 1708 535 1760 δὲ
580 1707 750 1775 αὐτῆς
790 1707 930 1760 έστω
976 1708 1049 1776 μὴ
1096 1709 1254 1775 μόνον
1295 1709 1355 1760 τὸ
1407 1711 1784 1778 περικείμενον

197 1798 380 1866 σῶμα,
412 1801 504 1852 καὶ
536 1801 564 1851 ὁ
595 1797 689 1850 τοῦ
733 1797 980 1867 σώματος
1026 1797 1251 1860 κλύδων,
1284 1797 1419 1851 ἀλλὰ
1453 1800 1546 1851 καὶ
1590 1803 1696 1851 πᾶν
1724 1801 1784 1852 τὸ

1892 607 2118 661 tionem.
2144 602 2609 674 Quemadmodum
2647 615 2827 659 autem
2861 613 2911 656 et
2951 621 3046 671 per
3072 607 3283 661 divinas
3306 607 3458 663 Serio

1888 707 2075 765 pturas
2105 699 2174 752 ab
2206 713 2272 752 eo
2301 694 2589 751 didicimus
2610 733 2626 757 ,
2656 693 2769 762 ipse
2809 706 2893 752 est
2947 697 3038 765 qui
3075 709 3294 753 sanctos
3321 713 3454 752 san-

1889 800 2008 846 ctos
2064 789 2283 856 cllecit,
2345 788 2697 857 divinamque
2755 791 2918 845 vitam
2977 789 3064 855 iis,
3097 791 3186 857 qui
3222 791 3290 845 ab
3342 791 3460 857 ipso

1893 882 2060 936 Deum
2100 889 2308 950 petunt,
2342 880 2589 948 largitur.
2624 879 2856 934 Necesse
2884 893 2968 937 est
3023 893 3205 938 autem
3237 897 3359 936 eum
3393 885 3458 938 iis

1889 974 1980 1043 qui
2013 973 2289 1040 accipiunt
2343 989 2462 1029 esse
2498 974 2964 1043 praestantiorem,
3017 993 3136 1030 cum
3174 975 3227 1032 bi
3283 975 3458 1029 sancti

1893 1064 2046 1125 liant,
2077 1060 2166 1114 ubi
2209 1061 2319 1128 ipse
2358 1062 2661 1124 advenerit,
2695 1071 2750 1116 et
2803 1074 3048 1131 pereant,
3077 1068 3164 1120 ubi
3217 1082 3311 1122 eos
3349 1065 3462 1133 ipse

1892 1151 2265 1220 dereliquerit.
2295 1149 2414 1205 Jam
2462 1170 2594 1208 vero
2627 1154 2744 1222 ipse
2786 1164 2870 1206 est
2921 1168 3156 1221 semper,
3190 1173 3310 1211 eum
3336 1161 3461 1214 vita:

1891 1251 2108 1297 aeterna:
2143 1243 2262 1297 fons
2292 1244 2382 1296 sit.
2421 1244 2548 1309 Quis
2580 1253 2762 1299 autent
2786 1245 2857 1298 sit
2893 1245 2980 1296 illc
3016 1244 3320 1314 largitionis
3343 1266 3459 1301 mo-

1892 1335 2011 1396 dus,
2049 1349 2154 1402 quo
2194 1345 2306 1386 tum
2338 1333 2387 1387 in
2412 1337 2664 1392 omnibus
2703 1345 2814 1390 tum
2845 1335 2897 1388 in
2934 1337 3161 1407 singulis
3193 1349 3300 1404 est,
3327 1354 3461 1394 con-

1892 1428 2094 1479 sideret
2125 1440 2296 1489 mens,
2336 1425 2495 1494 digna
2545 1426 2731 1482 eﬂ‘ecta
2781 1443 2901 1498 quae
2941 1429 3264 1494 consideret,
3301 1439 3463 1500 atque

1890 1517 1958 1572 ab
1991 1534 2177 1574 errore
2233 1520 2531 1588 hmresique
2578 1528 2632 1573 et
2673 1536 2701 1573 a
2755 1523 3067 1576 mulieribus
3098 1522 3230 1577 alias
3252 1525 3463 1590 praesti-

1891 1611 1994 1680 giis
2039 1612 2150 1667 suis
2198 1611 2578 1666 sedueentibus
2617 1611 2779 1665 libera
2828 1613 2983 1684 321
3020 1613 3182 1670 facta.
3227 1615 3463 1669 Accedat

1887 1716 2070 1760 autem
2111 1705 2402 1772 tranquillo
2431 1713 2598 1758 statu.
2629 1702 2736 1758 Nec
2759 1707 2931 1759 solum
2963 1721 3159 1776 corpus
3193 1707 3309 1775 ejus
3348 1707 3459 1761 cir-

1889 1799 2221 1868 cumjacens,
2265 1806 2320 1852 et
2347 1807 2514 1852 aestus
2539 1798 2783 1867 corporis
2837 1800 3126 1868 tranquilla
3169 1799 3325 1853 sint:
3368 1800 3462 1853 sed

199 1891 484 1959 περιέχον·
517 1891 762 1961 οὐρανὸς,
807 1891 900 1959 γῆ,
954 1889 1214 1955 θάλασσα,
1251 1891 1344 1943 κα).
1376 1891 1443 1944 τά
1487 1893 1544 1943 ἐν
1579 1891 1779 1954 τούτοις

1891 1891 2055 1944 etiam
2095 1890 2356 1960 quidquid
2391 1891 2562 1945 ambit
2615 1900 2669 1944 et
2702 1890 3166 1958 circumplectitur
3191 1932 3206 1956 ,
3259 1890 3462 1946 cadum

196 1983 412 2052 λογικά.
448 1986 557 2038 Καὶ
587 1985 776 2038 νοείτω
805 1984 873 2038 τά
909 1983 1086 2037 πάντα
1115 1984 1489 2058 πληρούμενα,
1523 1987 1616 2038 καὶ
1652 1985 1786 2037 πάν-

194 2077 355 2129 τοθεν
383 2078 462 2141 εἰς
496 2077 634 2130 αὐτὰ
683 2077 855 2140 ἑστὼς
901 2077 963 2130 τὸ
992 2077 1236 2147 Πνεῦμα,
1293 2074 1403 2132 οἷον
1443 2081 1652 2153 είσρέον
1692 2081 1786 2134 καὶ

195 2171 448 2240 εἰσχυθὲν
479 2171 614 2240 (87),
647 2173 738 2222 καὶ
781 2171 1049 2223 πάντοθεν
1099 2172 1286 2234 είσιὸν,
1325 2168 1419 2226 καί
1461 2174 1780 2244 είσλάμπον.

195 2261 427 2330 Πνεῦμα
454 2261 561 2334 γὰρ
589 2262 793 2331 Κυρίου
830 2261 1158 2331 πεπλήρωκε
1185 2262 1281 2334 τὴν
1319 2264 1662 2332 οἰκουμένην,
1695 2266 1786 2317 καὶ

201 2353 269 2405 τὸ
317 2353 538 2422 συνέχον
580 2353 649 2405 τά
681 2353 858 2408 πάντα
886 2353 1086 2421 γνῶσιν
1125 2353 1236 2423 ἔχει
1276 2354 1429 2407 Θεοῦ.
1480 2355 1784 2424 Εξσλάμπει

194 2444 256 2496 δὲ
289 2445 350 2497 ὲν
375 2446 510 2497 πᾶσι
536 2449 648 2508 τοῖς
669 2446 860 2512 ἀξίοις.
887 2447 1156 2518 Καθάπερ
1187 2448 1293 2519 γὰρ
1326 2448 1477 2519 ἡλίου
1506 2447 1655 2520 βολαὶ
1678 2466 1786 2516 φω-

192 2535 450 2589 τίσασθαι
492 2536 604 2607 (88)
645 2537 802 2605 νέφος
838 2539 934 2593 καὶ
961 2540 1196 2611 λάμπειν
1237 2539 1468 2602 ποιοῦσι,
1500 2539 1784 2611 χρυσοειδῆ

193 2625 322 2696 ὖψιν
364 2627 643 2683 ποιοῦσαι·
684 2630 824 2684 οῦτω
855 2633 946 2685 καὶ
988 2632 1210 2703 Πνεῦμα
1240 2633 1416 2701 ἅγιον,
1447 2631 1674 2684 ἐπελθὸν
1706 2631 1785 2693 είς

192 2717 487 2790 ἀνθρώπου
525 2720 703 2792 σῶμα,
741 2723 907 2776 ἔδωκε
945 2725 1044 2793 μὲν
1077 2723 1241 2792 ζωὴν,
1283 2724 1449 2774 ἔδωκε
1483 2723 1539 2774 δὲ
1585 2722 1785 2776 ἀθανα-

195 2808 342 2873 σίαν,
380 2811 578 2865 ἔδωκεν
610 2814 899 2882 άγιασμὸν,
929 2815 1115 2883 ἤγειρε
1144 2813 1199 2865 δὲ
1221 2813 1490 2883 κείμενον.
1522 2814 1595 2866 Τὸ
1621 2815 1676 2867 δὲ
1695 2833 1782 2867 κι-

193 2898 358 2968 νηθὲν
383 2901 594 2970 κίνησιν
617 2902 785 2954 ἀΐδιον
815 2901 917 2953 ὑπὸ
942 2903 1080 2955 Πνεύ
1090 2921 1256 2974 ματος
1277 2903 1432 2973 ἁγίου
1469 2904 1604 2969 ζῶον
1630 2907 1782 2974 ἅγιον

193 2993 433 3059 ἐγένετο.
474 2994 637 3064 Ἔσχε
669 2995 725 3046 δὲ
757 2994 913 3060 ἀξίαν
938 2994 1238 3066 ἄνθρωπος,
1268 2998 1581 3067 Πνεύματος
1616 3001 1780 3049 εἰσοι-

197 3083 500 3150 κισθέντος,
539 3086 840 3156 προφήτου,
874 3086 1193 3153 ἀποστόλου,
1238 3088 1468 3155 ἀγγέλου
1511 3086 1667 3148 Θεοῦ,
1707 3086 1782 3139 ὢν

197 3174 309 3244 πρὸ
327 3175 516 3226 τούτου
548 3175 618 3244 γῆ
650 3178 743 3228 καὶ
777 3177 988 3239 σποδός.

270 3439 326 3495 2.
355 3440 392 3492 Γ
398 3440 567 3493 ένοιτο
595 3441 649 3494 δὲ
677 3442 743 3494 ἂν
768 3442 1119 3512 φανερωτέρα
1151 3444 1242 3494 καὶ
1271 3444 1637 3515 ὲναργεστέρα
1664 3445 1777 3513 (89)

195 3533 294 3588 τοῦ
326 3533 641 3603 Πνεύματος
687 3538 720 3606 ἡ
749 3535 976 3604 δύναμις
1006 3536 1096 3589 καὶ
1128 3537 1158 3606 ἡ
1190 3535 1352 3604 φύσις
1380 3538 1501 3607 ἦτις
1537 3537 1703 3602 ἐστὶν,
1730 3539 1778 3591 εί

197 3624 641 3696 ἑνθυμηθείημεν
697 3627 844 3690 ὅπως
875 3628 1116 3699 περιέχει
1156 3629 1248 3682 κα).
1298 3629 1421 3697 ἄγει
1461 3628 1537 3700 τῷ
1581 3628 1776 3682 ἑαυτοῦ

199 3716 498 3787 βουλήματι
541 3719 668 3781 τοὺς
701 3719 904 3786 ἁγίους.
949 3721 1044 3773 καὶ
1079 3723 1258 3774 πᾶσαν
1290 3721 1389 3791 τὴν
1423 3722 1641 3793 λογικὴν
1675 3723 1778 3791 φύ-

198 3825 284 3860 σιν
326 3809 459 3879 (90).
493 3811 728 3863 ’Ἂπαντι
777 3812 873 3880 μὲν
903 3813 1011 3881 γάρ
1042 3812 1118 3880 τῷ
1149 3813 1341 3883 πλήθει
1371 3814 1478 3864 τῶν
1513 3815 1777 3885 οὐρανίων

194 3901 479 3971 δυνάμεων
507 3903 602 3954 καὶ
625 3901 703 3972 τῷ
728 3902 920 3974 πλήθει
953 3903 1062 3956 τῶν
1092 3904 1318 3956 δικαίων
1348 3905 1546 3958 ἔδωκεν
1596 3908 1772 3960 ἑαυτό.

198 3992 310 4045 Καὶ
369 3994 515 4046 πᾶσα
573 3994 868 4056 ὑπόστασις
924 3993 1166 4059 δικαίων,
1220 3996 1311 4048 καὶ
1368 3997 1616 4067 μεγάλων
1684 3999 1777 4051 κα).

200 4085 431 4155 μικρῶν,
488 4087 581 4140 καὶ
633 4088 877 4155 ἀγγέλων
931 4088 1022 4140 καὶ
1066 4088 1436 4158 ἀρχαγγέλων,
1498 4090 1774 4159 ἡγίασται.

195 4177 308 4229 Καὶ
336 4177 466 4248 άλλη
506 4179 603 4247 μὲν
633 4180 726 4231 καὶ
754 4179 884 4248 ἄλλη
916 4179 1182 4247 κειμένων
1213 4178 1321 4230 τῶν
1362 4179 1648 4248 σωμάτων,
1681 4179 1776 4233 τοῦ

201 4267 302 4336 μὲν
331 4259 452 4332 ὧδε,
484 4267 576 4321 τοῦ
611 4269 668 4321 δὲ
706 4263 829 4333 ὦδε,
871 4269 1094 4322 καὶτῶν
1131 4268 1306 4323 ἄλλων
1344 4271 1625 4342 δυνάμεων
1664 4272 1774 4342 (91)

194 4359 293 4412 ἀπ’
349 4360 592 4426 ἀλλήλων
649 4361 887 4431 ἐχουσῶν
944 4379 993 4414 τι
1067 4361 1248 4432 μέσον.
1323 4363 1395 4414 Οὐ
1443 4363 1504 4416 τὸ
1551 4363 1775 4436 Πνεῦμα

203 4449 378 4514 οὕτως
429 4451 559 4521 (92),
618 4452 738 4504 οὐδὲ
804 4453 970 4524 μέρος
1021 4452 1184 4505 αὑτοῦ
1237 4454 1451 4521 ἑκάστῳ
1501 4472 1774 4524 κατακερ-

1889 1978 2158 2044 videlicet,
2186 1990 2348 2041 terra,
2379 1995 2548 2045 mare,
2583 1988 2636 2035 et
2662 1995 2780 2050 quze
2815 1980 2866 2034 in
2903 1980 2967 2033 iis
2995 1992 3120 2035 sunt
3147 1981 3456 2037 rationalia.

1887 2070 1955 2126 Et
1987 2071 2250 2140 intelligat
2295 2071 2576 2141 adimpleri
2619 2075 2836 2135 omnia,
2877 2073 3248 2144 Spir-itumque
3274 2077 3453 2130 unde—

1888 2166 2021 2220 libet
2052 2179 2216 2233 super
2245 2167 2359 2234 i'psa
2388 2174 2555 2225 stare.
2585 2180 2682 2219 ceu
2726 2167 2995 2234 illapsum,
3027 2176 3082 2222 et
3114 2167 3370 2232 infusum,
3401 2179 3458 2222 ct

1889 2257 2167 2313 undelibet
2213 2257 2603 2324 ingredientem
2646 2266 2810 2327 atque
2841 2259 3264 2316 illucescentem.
3325 2261 3456 2314 Nam

1887 2352 2072 2405 orbem
2113 2359 2378 2405 terrarum
2412 2350 2648 2422 Spiritus
2700 2351 2912 2406 Domini
2971 2352 3219 2421 replevit,
3252 2363 3309 2406 ει
3357 2355 3459 2407 hoc

1891 2443 2033 2508 quod
2064 2443 2310 2497 continet
2341 2445 2545 2506 omnia,
2584 2445 2868 2499 scientiam
2897 2447 3058 2500 habet
3113 2447 3202 2501 Dei
3229 2447 3295 2500 ".
3335 2447 3459 2502 illii-

1886 2539 1976 2584 cet
2003 2540 2180 2584 autem
2219 2532 2270 2583 in
2305 2531 2576 2595 omnibus,
2605 2532 2699 2602 qui
2726 2532 2870 2602 digni
2903 2543 3045 2587 sunt.
3088 2533 3156 2589 Ut
3196 2535 3340 2589 enim
3372 2535 3458 2590 ra-

1887 2621 1958 2675 dii
2003 2621 2132 2676 aulis
2165 2621 2367 2676 faciunt
2397 2631 2455 2676 ut
2481 2623 2648 2680 nubes
2695 2623 3014 2690 illustretnr,
3046 2627 3456 2697 splendeatque,

1887 2715 2035 2768 aurei
2082 2714 2279 2769 coloris
2315 2715 2363 2769 ci
2413 2715 2626 2770 inducta
2672 2717 2883 2786 specie;
2937 2719 3008 2771 ita
3042 2734 3259 2787 quoque
3289 2720 3460 2787 Spiri-

1884 2813 1972 2860 tus
2011 2816 2231 2861 sanctus
2263 2807 2314 2861 in
2338 2822 2433 2862 cor
2472 2807 2710 2861 hominis
2743 2808 3052 2874 adveniens,
3092 2811 3242 2865 dedit
3269 2812 3454 2876 vitam,

1889 2895 2035 2948 dedit
2072 2896 2562 2964 immortalitatem,
2599 2899 2742 2955 dedit
2767 2895 3179 2958 sanctimoniam
3211 2947 3226 2969 ,
3283 2908 3458 2961 erexit

1883 2985 2173 3054 jacentem.
2228 2986 2284 3042 Id
2339 2998 2542 3056 autem,
2603 3003 2749 3048 motu
2801 2997 3132 3064 sempiterno
3185 3007 3387 3051 motum
3422 3013 3453 3051 a

1889 3075 2091 3147 Spiritu
2126 3090 2336 3143 sancto,
2375 3090 2623 3136 sanctum
2663 3085 2859 3137 animal
2888 3085 3088 3139 factum
3138 3096 3242 3141 est.
3285 3089 3456 3143 liomo

1809 3215 1852 3273 C
1889 3171 2054 3233 enim,
2082 3187 2203 3225 cum
2246 3173 2396 3241 prius
2428 3183 2573 3227 terra
2601 3184 2745 3229 esset
2776 3185 2830 3228 et
2864 3177 3021 3240 cinis,
3075 3187 3201 3231 tunc
3244 3179 3455 3235 inhabi-

1889 3271 2035 3314 tante
2065 3262 2292 3330 Spiritu,
2324 3265 2620 3334 prophetat,
2650 3267 2901 3335 apostoli,
2945 3268 3118 3339 angeli
3159 3270 3249 3325 Dei
3284 3274 3456 3343 digni-

1885 3359 2046 3406 tatem
2079 3353 2291 3409 habuit.

1951 3442 2006 3495 2.
2045 3441 2244 3498 Verum
2269 3462 2386 3515 qua?
2409 3449 2480 3502 sit
2506 3449 2676 3503 virtus
2719 3465 2780 3506 ac
2830 3461 3017 3508 natura
3046 3454 3299 3526 Spiritus,
3334 3473 3450 3512 ma-

1886 3533 2132 3588 nifestius
2163 3550 2225 3590 ac
2258 3538 2459 3594 clarius
2510 3543 2732 3609 patebit,
2768 3545 2810 3598 si
2858 3545 3138 3602 nobiscum
3177 3555 3451 3620 reputabi-

1883 3641 2025 3691 mus,
2056 3629 2504 3709 quemadmodum
2535 3645 2751 3690 sanctos
2781 3653 2844 3691 ac
2886 3641 3198 3698 rationalem
3231 3660 3447 3700 onmem

1883 3729 2128 3774 naturam
2155 3721 2447 3789 contineat,
2475 3739 2535 3780 ac
2562 3741 2656 3780 sua
2694 3728 2861 3796 ipsius
2896 3731 3170 3789 voluntate
3200 3737 3448 3793 ductitei.

1881 3807 2095 3865 Etenim
2124 3813 2452 3869 multitudini
2491 3817 2789 3873 caelestium
2817 3823 3073 3877 virtutum
3103 3828 3272 3892 omni,
3310 3832 3449 3883 mul-

1883 3903 2203 3974 titudinique
2255 3905 2524 3973 justorum
2589 3923 2647 3962 se
2709 3909 2822 3978 ipse
2855 3912 3021 3967 dedit.
3067 3914 3204 3980 Quin
3239 3929 3293 3972 et
3323 3922 3452 3974 sub-

1881 3998 2080 4051 Stantia
2121 3997 2298 4052 omnis
2333 3997 2626 4064 justorum,
2671 4008 2782 4055 tum
2811 4018 3149 4074 magnorum,
3190 4019 3299 4062 tum
3331 4028 3451 4080 par-

1883 4102 2093 4152 vorum,
2147 4097 2258 4142 tum
2285 4091 2620 4161 angelorum,
2661 4104 2769 4148 tum
2819 4099 3290 4169 archangelorum,
3330 4119 3454 4158 san-

1882 4179 2115 4233 ctilicata
2149 4188 2252 4236 est.
2285 4181 2363 4236 Ac
2389 4185 2603 4253 quidem
2637 4186 2740 4241 alia
2782 4199 2838 4242 et
2871 4189 2972 4242 alia
3001 4191 3300 4259 jacentium
3330 4211 3454 4250 cor-

1882 4286 2070 4341 porum
2100 4274 2429 4341 substantia,
2458 4293 2580 4331 eum
2606 4279 2750 4334 aliud
2780 4282 2888 4346 hic,
2921 4283 3066 4339 aliud
3100 4285 3208 4339 illic
3229 4287 3447 4353 jaceat:

1881 4365 2004 4418 item
2037 4365 2140 4419 alia
2170 4377 2224 4421 et
2260 4367 2361 4420 alia
2400 4378 2482 4422 est
2519 4371 2845 4441 reliquarum
2877 4376 3134 4429 virtutum
3196 4379 3452 4434 substan-

1883 4456 1976 4517 tia,
2015 4472 2134 4508 cum
2169 4457 2326 4511 medii
2372 4457 2573 4528 aliquid
2617 4462 2868 4529 habeant,
2909 4481 3015 4534 quo
3059 4483 3087 4520 a
3126 4483 3184 4524 se
3217 4471 3445 4525 invicem

200 4542 458 4610 ματισθὲν
495 4543 593 4615 ζῇν
626 4547 768 4596 ποιεῖ
814 4543 989 4606 θείως,
1025 4545 1159 4597 ἀλλὰ
1210 4545 1422 4598 ἅπαντα
1466 4545 1530 4615 ζῇ
1562 4550 1627 4617 τῇ
1680 4547 1774 4618 ὅλῃ

1883 4548 2280 4618 disjungantur.
2327 4549 2442 4604 Non
2495 4552 2573 4607 sic
2630 4552 2886 4624 Spiritus,
2920 4574 3093 4629 neque
3122 4563 3229 4617 ulla
3276 4565 3444 4632 ipsius

270 4653 318 4688 “
342 4651 470 4724 Sap.
498 4670 536 4720 ι,
578 4655 626 4708 7.

276 4791 391 4864 (86)
415 4791 564 4848 Libri
621 4792 870 4864 impressi
899 4793 998 4863 τῆς
1040 4791 1207 4860 ἄλλης
1253 4792 1464 4864 ῄδονῆς,
1497 4793 1765 4864 Προσίτω,

197 4862 380 4918 ϐοθεί
407 4865 557 4918 Colb.
587 4870 642 4916 et
668 4862 758 4916 alii
798 4862 1028 4928 quatuor
1073 4877 1204 4916 mss.
1258 4862 1410 4931 llegii
1460 4862 1561 4927 τὰς
1608 4865 1770 4930 ἄλλας

197 4933 414 5005 ἡδονάς.
462 4932 732 5005 Προσίτω.
790 4931 940 5002 Regii
977 4933 1244 5005 secundus
1291 4944 1344 4985 et
1391 4935 1598 4995 tertius.
1635 4951 1772 5005 quos

201 5002 632 5074 sequimurpxai.
659 5004 769 5058 τῶν
802 5002 1180 5074 γοητευουσῶν
1225 5005 1495 5072 γυναικῶν
1535 5005 1632 5069 τὰς
1654 5002 1766 5060 άλ-

198 5073 318 5135 λας.
355 5074 618 5145 Προσίτω,
652 5086 696 5128 ει
734 5092 764 5127 a
798 5073 1103 5127 mulieribus
1151 5075 1284 5127 alia:
1351 5077 1630 5143 prirstigiis
1661 5079 1768 5131 suis

201 5144 567 5197 seduceritibus
599 5145 762 5198 libera
797 5145 960 5213 facta.
987 5146 1348 5211 Sequeremur
1379 5147 1628 5200 libentius
1664 5148 1772 5199 vul-

203 5223 387 5284 gatam
437 5225 815 5284 rcceptamque
878 5216 1186 5280 lectionem,
1226 5215 1269 5268 si
1321 5218 1402 5269 vel
1433 5233 1538 5270 uno
1582 5219 1772 5272 codice

201 5285 485 5339 niteretur.

233 5353 384 5477 ό(8Ἳ)
418 5353 564 5409 Libri
598 5363 806 5410 veteres
853 5355 948 5411 καὶ
990 5355 1259 5425 είσχυθέν.
1298 5355 1437 5411 Editi
1474 5358 1563 5411 καὶ
1593 5361 1773 5428 είσχυ·

264 5442 312 5477 ν.

198 5438 312 5478 τον.

273 5495 384 5568 (88)
408 5496 632 5552 Codices
680 5495 846 5549 nostri
901 5511 1088 5551 omnes
1139 5498 1386 5568 καθάπερ
1422 5498 1569 5568 ἡλίου
1619 5497 1769 5568 βολαὶ

201 5567 525 5632 φωτίσασαι,
570 5583 674 5619 non
708 5568 782 5619 ita
814 5579 980 5622 recte.

277 5637 386 5711 {89)
414 5637 631 5711 {tntiqui
666 5638 770 5690 duo
807 5637 926 5711 libri
946 5637 1055 5711 καὶ
1091 5637 1467 5711 ἐνεργεστέρα.

277 5645 364 5699 (89
414 5645 631 5707 Antiqui
666 5645 770 5690 duo
809 5645 926 5690 libri
960 5645 1055 5691 καὶ
1091 5645 1467 5711 ἐνεργέστέρα.

272 5645 386 5774 (9ος
417 5707 546 5777 Reg.
598 5711 790 5760 tertius
822 5707 918 5777 τὴν
945 5709 1169 5778 λογικὴν
1217 5712 1414 5773 κτίσιν,
1466 5721 1764 5766 creaturam

202 5778 423 5830 rationis
457 5791 763 5843 compotem.
1154 5783 1163 5791 '

269 5845 381 5918 (91)
407 5846 562 5908 lllud,
587 5848 682 5900 καὶ
708 5847 823 5899 τῶν
835 5847 1038 5903 ἄλλων
1053 5851 1380 5922 δυνάμεων,
1400 5862 1526 5920 ειε.,
1554 5853 1630 5908 sic
1647 5867 1768 5908 ver-

513 5943 784 6008 Ριτιιοι..
811 5948 928 6011 Gtt.
959 5951 1202 6012 XXIX.

1883 4799 1945 4881 tit
1978 4797 2392 4881 Trapezuntiiis,
2433 4817 2651 4881 cumque
2680 4815 2814 4858 inter
2849 4823 2904 4860 re
2944 4811 3168 4864 medium
3197 4813 3324 4881 quid
3355 4814 3448 4867 Im-

1879 4869 2031 4948 lieonl
2055 4887 2072 4925 :
2099 4886 2280 4948 quam
2290 4869 2790 4948 interpretationem
2820 4892 2922 4932 non
2954 4869 3446 4948 probans'Combe-

1879 4941 2049 5002 lisius,
2080 4941 2393 5018 dilucidius,
2416 4945 2738 5018 utputabat,
2763 4958 2817 5000 et
2845 4941 3150 5018 distinctius
3182 4953 3446 5018 interpre-

1873 5019 2020 5064 tatus
2049 5022 2154 5089 est,
2188 5011 2438 5089 videlicet
2472 5015 2574 5089 hoc
2603 5016 2763 5069 modo
2795 5033 2807 5068 :
2855 5015 2987 5071 Cum
3031 5023 3244 5089 reliquie
3283 5011 3446 5077 virm-

1876 5093 1948 5134 Ies
1971 5081 2197 5157 medium
2225 5082 2424 5157 aliquid
2461 5083 2710 5157 habeant,
2749 5103 2848 5156 quo
2886 5091 3010 5142 alia:
3041 5093 3104 5142 ab
3134 5081 3251 5146 aliis
3275 5097 3446 5157 dispe-

1875 5161 2111 5232 scanlur.
2143 5150 2463 5232 Sed-neuter
2499 5158 2613 5222 eius
2643 5150 2770 5218 loci,
2801 5168 2858 5210 ut
2891 5161 3019 5214 mihi
3047 5163 3264 5228 quidem
3290 5150 3443 5218 vitle-

1878 5230 1984 5298 tur,
2037 5230 2358 5298 sententiain
2411 5235 2692 5280 assecutus
2747 5239 2831 5282 est
2897 5247 2910 5280 :
2973 5247 3132 5298 quam
3181 5234 3224 5286 si
3285 5249 3445 5289 nosse

1878 5291 2134 5368 volueris,
2166 5307 2343 5361 operte
2393 5298 2617 5361 pretium
2645 5309 2725 5350 est
2773 5300 2838 5352 ad
2871 5291 3099 5368 ellip'sim
3133 5320 3444 5366 recurrere;

1876 5372 2074 5441 et‘quze
2102 5367 2317 5441 desunt,
2348 5378 2411 5441 ex
2445 5368 2872 5441 praecedentibus
2921 5372 2999 5423 sic
3043 5376 3315 5441 supplere,
3353 5375 3447 5428 καὶ

1876 5432 2007 5510 άλλη
2039 5435 2132 5510 και
2152 5431 2284 5503 άλλη
2311 5436 2418 5510 τῶν
2446 5431 2624 5510 θάλλων
2668 5438 2949 5510 δυνάμεων
2977 5431 3313 5507 ὑπόστασις,⁷
3339 5459 3445 5499 ειε.

1879 5502 2031 5567 Item,
2057 5506 2164 5557 alio
2195 5515 2240 5556 et
2273 5502 2380 5558 otia
2420 5502 2849 5575 esereliquatu'm
2891 5514 3140 5566 virtutum
3199 5502 3447 5568 substan-

1877 5575 1971 5649 tia,
2006 5592 2122 5627 cum
2147 5576 2299 5627 medii
2318 5575 2520 5646 aliquid
2547 5579 2790 5642 habeant,
2821 5597 2922 5649 quo
2946 5600 2977 5635 α
3012 5600 3066 5636 se
3096 5587 3312 5639 invicem
3339 5588 3446 5638 dis-

1868 5643 2184 5711 junguntur.

1947 5715 2058 5796 (92)
2093 5715 2317 5796 Victores
2363 5717 2570 5796 aliquot
2605 5719 2724 5772 libri
2774 5723 2833 5775 το
2887 5725 3112 5796 Πνεῦμα
3160 5727 3216 5780 δὲ
3252 5726 3447 5790 οὓτως.

1879 5783 2078 5841 Vocula
2107 5786 2162 5838 δέ
2190 5789 2376 5843 aberat
2415 5783 2736 5861 a‘vulgalis.

3062 5961 3133 6020 25
