4008 6442
1313 380 1366 430 S.
1412 376 1650 428 liASlLll
1691 373 1900 427 MAGNI
1934 373 2298 428 ADVERSUS
2342 372 2701 428 EUNOMIUM
2742 375 2865 427 ιλιι.
2905 378 2963 430 Υ.

3679 379 3786 432 772

542 508 666 564 pars
694 491 919 560 singulis
965 489 1245 556 dispertita
1277 491 1438 545 ellicit
1481 501 1538 542 ut
1572 489 1826 543 divinitus
1873 488 2059 541 vivant
2089 503 2100 540 :

2214 485 2373 537 αὑτοῦ
2422 486 2664 558 δυνάμει.
2705 489 2810 540 Καὶ
2855 488 3080 556 πάρεστι
3125 487 3396 558 πανταχοῦ
3439 492 3514 560 τῷ
3565 493 3754 559 ὲκπέμ.

539 583 632 638 sed
665 593 775 638 tota
803 580 944 635 illius
976 579 1176 636 virtute
1215 581 1402 634 vivunt
1439 581 1710 637 universa.
1745 582 1918 649 Atque
1947 581 2098 636 adest

538 675 757 744 ubique,
795 671 1060 726 emittenli
1109 674 1281 741 ipsum
1317 674 1423 727 Deo
1468 673 1832 736 assimilatus,
1868 687 1990 728 cum
2023 687 2102 726 sc-

539 761 770 817 cuntlum
821 761 1036 814 modum
1080 775 1186 828 quo
1239 771 1340 825 est,
1404 770 1513 816 tum
1545 762 1838 818 secundum
1887 764 2099 817 modum

539 867 647 922 quo
674 852 872 921 tibique
907 862 960 906 et
995 851 1048 904 in
1073 852 1324 907 omnibus
1347 854 1594 908 similiter
1624 864 1727 909 est.
1774 852 2098 916 EtGabriel,

539 943 664 995 dum
698 941 876 996 Maria:
907 942 1154 996 nuntium
1189 940 1423 998 faustum
1467 943 1725 1010 deferret,
1759 957 1920 1015 atque
1962 943 2099 998 alius

540 1032 665 1087 alibi
715 1033 948 1102 cuipiam
980 1042 1311 1100 sanctorum,
1359 1046 1412 1091 et
1450 1033 1672 1104 quilibet
1721 1037 2099 1106 prophetarum

538 1139 657 1179 cum
689 1125 1091 1192 vaticinaretur,
1115 1125 1381 1182 etPaulus
1400 1139 1521 1179 cum
1547 1124 1730 1182 Romae
1751 1123 2097 1193 Evangeliqu

536 1215 874 1283 praedicaret,
925 1225 979 1269 et
1029 1214 1262 1271 Jacobus
1324 1217 1376 1269 in
1430 1215 1754 1280 Jerusdem,
1789 1226 1844 1270 et
1887 1215 2100 1271 Marcus

535 1307 900 1372 Alexandriae,
932 1319 987 1364 et
1021 1309 1158 1362 alius
1187 1309 1290 1362 alia
1323 1306 1375 1360 in
1404 1308 1643 1374 civitate,
1672 1305 2100 1375 adimplehantur

541 1395 741 1466 Spiritu
769 1416 780 1451 :
810 1400 1004 1469 quippe
1023 1398 1359 1453 intervallum
1386 1399 1590 1454 nullum
1621 1397 1940 1467 prohibebat
1965 1411 2098 1465 quo-

542 1489 716 1544 minus
734 1500 969 1558 tempore
994 1490 1179 1543 eodem
1202 1490 1388 1543 eadem
1421 1491 1592 1558 gratia
1623 1488 1794 1542 ﬁeret.
1825 1486 1929 1542 Per
1956 1488 2099 1541 hunc

539 1582 698 1634 etiam
732 1581 952 1649 quilibet
976 1592 1288 1635 sanctorum
1321 1581 1454 1637 deus
1479 1589 1577 1636 est.
1620 1579 1828 1634 Dictum
1852 1588 1933 1634 est
1957 1580 2097 1634 enim

539 1687 567 1723 a
593 1669 704 1726 Deo
739 1671 805 1724 ad
845 1671 992 1741 ipsos
1027 1689 1040 1726 :
1079 1669 1189 1740 Ego
1211 1672 1323 1726 dixi
1354 1689 1372 1727 :
1404 1672 1494 1726 Dii
1518 1671 1662 1736 estis,
1685 1681 1732 1726 et
1761 1671 1860 1739 lilii
1888 1669 2097 1724 Excelsi

541 1778 715 1816 omnes
744 1762 828 1828 ⁹⁵;
885 1772 978 1816 et:
1035 1761 1173 1816 Deus
1217 1765 1430 1817 deorum
1455 1802 1470 1824 ,
1510 1772 1819 1816 sanctorum
1872 1761 2098 1827 scilicet,

2206 592 2353 626 ποντι
2387 579 2516 631 αὐτὸ
2546 579 2662 646 Θεῷ
2696 578 3066 649 ὁμοιούμενον,
3101 581 3194 633 καὶ
3223 579 3361 634 κατά
3399 578 3458 630 τὸ
3494 577 3656 644 εἶναι,
3688 595 3786 636 καὶ

2205 667 2345 720 κατά
2386 670 2443 721 τὸ
2479 669 2750 738 πανταχοῦ
2792 672 2883 723 καὶ
2927 673 2982 724 ἐν
3033 672 3198 721 πᾶσιν
3229 673 3424 741 ὁμοίως
3471 665 3634 722 εἶναι.
3673 677 3786 726 Καὶ

2203 759 2679 829 εὐαγγελιζόμενος
2712 761 2808 830 τὴν
2855 763 3086 834 Μαριὰμ
3120 761 3148 812 ό
3181 760 3219 811 Γ
3223 763 3440 836 αϐριὴλ.
3495 763 3589 817 καὶ
3626 762 3788 825 ἄλλος

2202 849 2434 922 ἀλλαχοῦ
2476 869 2593 905 τινα
2634 851 2740 904 τῶν
2785 854 2988 920 ἁγίων·
3023 854 3114 906 καὶ
3159 854 3517 921 προφητεύων
3549 855 3787 916 ἕκαστος

2203 939 2308 992 τῶν
2355 942 2648 1013 προφητῶν
2677 960 2689 971 ·
2727 943 2818 994 καὶ
2854 943 3063 1006 Παῦλος
3095 945 3151 995 ἐν
3199 939 3384 1012 Ῥώμῃ
3433 929 3787 1010 εύαγγελιζό-

2207 1051 2361 1102 μενος
2387 1051 2399 1063 °
2434 1035 2528 1088 καὶ
2563 1033 2814 1096 Ἰάκωϐος
2839 1035 2894 1085 ἐν
2931 1034 3280 1105 Ἰερουσαλήμ
3305 1046 3320 1060 ⁸
3351 1032 3444 1085 καὶ
3469 1033 3700 1102 Μάρκος
3728 1036 3787 1087 ἐν

2216 1123 2590 1196 Ἀλεξανδρείᾳ
2620 1141 2631 1155 ³
2667 1124 2758 1176 καὶ
2793 1123 2949 1186 ἄλλος
2981 1127 3036 1177 ἐν
3071 1124 3202 1196 ἄλλῃ
3239 1124 3410 1186 πόλει,
3446 1122 3788 1191 ἐπληροῦντο

2203 1214 2279 1286 τῷ
2311 1215 2609 1285 Πνεῦματι,
2646 1215 2854 1277 οὐδενὸς
2896 1214 3258 1285 διαστήματος
3291 1213 3591 1273 κωλύοντος
3625 1215 3682 1263 ἐν
3707 1216 3786 1281 τῷ

2206 1303 2354 1372 αύτῷ
2381 1303 2719 1374 ἐνεργεῖσθαι
2747 1304 2843 1374 τὴν
2876 1303 3042 1373 αὐτὴν
3073 1303 3246 1373 χάριν.
3275 1301 3383 1353 Καὶ
3407 1301 3527 1362 θεός
3550 1301 3667 1353 ἐστι
3694 1299 3786 1352 διὰ

2199 1394 2359 1447 τοῦτο
2389 1395 2617 1457 ἕκαστος
2649 1394 2754 1448 τῶν
2786 1395 2972 1462 ἁγίων.
3019 1393 3246 1463 Εἴρηται
3281 1391 3388 1462 γὰρ
3417 1392 3552 1463 πρὸς
3579 1389 3786 1451 αὐτοὺς

2200 1486 2353 1558 παρὰ
2386 1486 2478 1538 τοῦ
2527 1484 2697 1540 Θεοῦ·
2747 1485 2886 1556 Ἐγὼ
2941 1480 3098 1545 εἶπα,
3143 1484 3276 1536 Θεοί
3319 1483 3477 1547 ἐστε,
3521 1481 3618 1536 καὶ
3660 1479 3780 1532 υἱοὶ

2215 1577 2494 1645 Ὑψίστου
2569 1575 2825 1643 πάντεςυ
2902 1575 3016 1636 καὶ,
3089 1573 3233 1640 Θεὸς
3295 1573 3465 1636 θεῶν,
3533 1571 3780 1644 δηλονότι

2199 1666 2308 1720 τῶν
2344 1667 2534 1735 ἁγίων,
2601 1668 2816 1735 Κύριος
2848 1667 3154 1736 ἐλάλησε·
3223 1667 3337 1729 καὶ,
3419 1667 3783 1736 Ὀρθήσεται

2202 1761 2234 1811 ό
2276 1757 2418 1824 Θεὸς
2459 1757 2575 1811 τῶν
2620 1759 2769 1814 θεῶν
2815 1759 2885 1812 ἐν
2916 1758 3102 1826 Σιὼν,
3132 1760 3369 1832 δηλονότι
3421 1759 3528 1812 τῶν
3581 1758 3778 1826 ἁγίων.

538 1852 790 1906 Dominus
821 1851 1024 1906 locutus
1048 1862 1121 1905 est
1146 1852 1230 1920 ⁹⁶;
1257 1861 1310 1907 et
1340 1869 1354 1905 :
1402 1849 1671 1905 Videbitur
1704 1853 1760 1904 in
1800 1849 1932 1905 Sion
1963 1850 2100 1907 Deus

2217 1848 2448 1919 Ἀνάγκη
2475 1849 2531 1902 δὲ
2587 1850 2646 1902 τὸ
2679 1851 2821 1914 θεοῖς
2873 1850 3042 1905 αἴτιον
3097 1852 3190 1906 τοῦ
3245 1851 3400 1912 θεοὺς
3450 1843 3587 1901 εἶναι
3635 1849 3784 1900 θεῖον

539 1951 753 1996 deorum
781 1943 824 1974 ⁸⁷
853 1984 869 2010 ,
894 1952 1202 1998 sanctorum
1242 1941 1509 1997 videlicet.
1545 1942 1776 1998 Necesse
1809 1953 1890 1998 est
1921 1953 2098 2000 autem

539 2047 659 2087 eum
693 2032 783 2101 qui
815 2032 918 2086 diis
943 2048 1107 2086 causa
1130 2042 1211 2086 est
1235 2041 1295 2085 ut
1320 2032 1390 2087 dii
1421 2032 1554 2097 sint,
1575 2030 1837 2100 Spiritum
1863 2033 2097 2088 divinum

539 2138 677 2190 esse,
706 2134 761 2178 ct
796 2140 858 2179 ex
896 2123 1004 2178 Deo
1031 2137 1170 2178 esse.
1223 2121 1292 2177 Ut
1350 2123 1494 2178 enim
1532 2122 1674 2190 quod
1730 2126 2099 2178 cremantibus

537 2230 700 2269 causa
751 2225 838 2270 est
888 2230 985 2270 cur
1034 2224 1294 2280 crement,
1343 2213 1396 2267 id
1451 2228 1701 2269 cremans
1732 2229 1853 2271 esse
1880 2228 2099 2270 necesse

538 2316 654 2371 est;
683 2316 737 2360 et
767 2306 906 2374 quod
935 2305 1136 2360 sanctis
1171 2320 1330 2360 causa
1355 2313 1436 2359 est
1462 2321 1558 2358 cur
1574 2307 1744 2360 sancti
1767 2308 1894 2370 sint,
1920 2307 1972 2361 id
1999 2321 2091 2360 ne-

539 2398 774 2452 cessario
821 2408 1067 2450 sanctum
1126 2403 1207 2450 est
1241 2412 1256 2450 :
1317 2396 1393 2450 ita
1432 2403 1485 2450 ct
1526 2410 1647 2451 eum
1686 2397 1780 2467 qui
1814 2396 1916 2452 diis
1938 2411 2098 2452 causa

537 2491 708 2539 estut
741 2485 815 2539 dii
863 2486 1001 2550 sint,
1052 2486 1217 2541 Deum
1259 2500 1379 2542 esse
1416 2502 1636 2543 necesse
1678 2498 1779 2544 est.
1832 2487 1922 2544 Sic
1972 2503 2100 2543 sane

538 2587 659 2625 cum
696 2572 799 2627 tale
826 2574 1022 2629 bonum
1061 2583 1113 2628 et
1160 2575 1335 2627 divina
1371 2577 1638 2639 possessio
1677 2576 1912 2643 Spiritus
1936 2577 2095 2647 322

534 2663 627 2729 sit,
674 2661 784 2731 jam
824 2662 900 2716 illi
949 2662 1197 2728 credens,
1248 2663 1523 2718 Christum
1553 2665 1642 2733 qui
1682 2665 1822 2718 hunc
1851 2667 2052 2732 prmbet
2080 2706 2094 2727 ,

539 2769 782 2824 qumrere
831 2768 898 2808 ne
947 2753 1160 2808 timeas.
1208 2750 1375 2808 Nemo
1414 2755 1550 2808 enim
1583 2763 1749 2822 potest
1780 2753 1951 2806 dicere
1984 2751 2063 2806 Do

540 2848 739 2900 minum
789 2845 995 2909 Jesum,
1050 2846 1153 2898 nisi
1208 2846 1262 2899 in
1309 2844 1512 2913 Spiritu
1537 2854 1715 2899 sancto
1744 2844 1810 2896 ⁸⁸.
1843 2840 2096 2912 thuam

536 2938 701 2990 vitam
729 2937 862 2992 indit
893 2936 1126 3004 Spiritus
1160 2937 1213 2990 in
1241 2936 1460 2992 alterius
1487 2937 1915 3002 subsistentiam,
1941 2951 2002 2990 ea
2030 2937 2096 2990 ab

541 3027 657 3096 ipso
682 3042 786 3081 non
814 3037 1117 3094 separatur,
1146 3028 1239 3082 sed
1261 3029 1709 3097 quemadmodum
1741 3029 1878 3099 ignis
1905 3039 1987 3084 est
2008 3044 2098 3084 ca-

539 3117 717 3171 liditas
745 3120 940 3186 partim
968 3115 1076 3180 illa,
1107 3132 1226 3186 qua:
1260 3118 1313 3171 in
1340 3133 1404 3172 eo
1429 3126 1532 3183 est,
1569 3121 1766 3187 partim
1796 3121 1907 3186 illa,
1932 3137 2096 3190 quam

2202 1940 2424 2009 Πνεῦμα
2457 1941 2549 1994 καὶ
2573 1941 2636 1994 ἐκ
2657 1941 2790 1996 Θεοῦ
2817 1936 2955 1998 εἶναι
2984 1943 3112 2016 (93).
3161 1944 3247 2006 Ὠς
3277 1940 3385 2012 γὰρ
3413 1943 3524 2003 τοῖς
3547 1956 3780 1992 καυστι-

2205 2036 2322 2096 κοῖς
2352 2034 2521 2086 αἴτιον
2549 2034 2640 2088 τοῦ
2669 2038 2991 2100 καυστικοὺς
3024 2033 3182 2099 εἶναι,
3227 2034 3438 2103 ἀνάγκη
3479 2031 3780 2086 καυστικὴν

2200 2123 2358 2194 εἶναι,
2395 2132 2488 2184 καὶ
2516 2130 2576 2184 τὸ
2607 2130 2784 2197 ἁγίοις
2816 2131 2987 2183 αἴτιον
3023 2130 3114 2183 τοῦ
3149 2128 3341 2196 ἁγίους
3379 2123 3520 2181 εἶναι
3556 2127 3779 2193 ἀνάγκη

2200 2219 2352 2286 ἅγιον
2383 2217 2522 2274 εἶναι
2547 2237 2558 2248 ’
2592 2219 2732 2273 οῦτω
2765 2220 2856 2272 καὶ
2879 2219 2940 2271 τὸ
2965 2219 3105 2280 θεοῖς
3142 2216 3313 2270 αἴτιον
3336 2217 3428 2270 τοῦ
3453 2218 3609 2279 θεοὺς
3635 2211 3778 2267 εἶναι

2199 2312 2410 2382 ἀνάγκη
2441 2313 2572 2365 Θεὸν
2605 2311 2741 2365 εἶναι
2777 2311 2909 2380 (94).
2964 2310 3118 2362 Οῦτω
3166 2308 3231 2381 δὴ
3272 2310 3512 2363 τοιούτου
3562 2305 3776 2375 ἀγαθοῦ

2199 2403 2291 2454 καὶ
2320 2402 2460 2454 θείου
2495 2403 2644 2465 ὄντος
2677 2403 2953 2472 κτήματος
2982 2400 3075 2454 τοῦ
3108 2401 3443 2472 Πνεῦματος,
3472 2399 3778 2458 πιστεύσας

2199 2493 2298 2566 ἥδη
2322 2492 2399 2564 τῷ
2432 2492 2678 2563 τοιούτῳ,
2722 2492 2957 2563 Χριστὸν
2984 2494 3076 2546 τὸν
3107 2492 3296 2546 τούτου
3321 2491 3557 2565 χορηγὸν
3583 2489 3780 2560 ἐπιζη-

2199 2589 2309 2640 τεῖν
2337 2586 2412 2656 μὴ
2439 2584 2631 2638 δειλία.
2679 2583 2888 2650 Οὐδεὶς
2917 2584 3029 2652 γὰρ
3057 2581 3301 2640 δύναται
3335 2585 3524 2638 εἰπεῖν
3557 2587 3784 2652 Κύριον·

2214 2678 2443 2746 Ἰησοῦν
2466 2681 2518 2734 ει
2556 2676 2641 2747 μὴ
2674 2677 2744 2730 ἐν
2772 2676 3068 2744 Πνεύματι
3105 2677 3270 2745 ἁγίῳ.
3303 2677 3410 2728 Καὶ
3435 2678 3501 2745 ἣν
3527 2677 3782 2746 προΐεται

2199 2769 2254 2820 δὲ
2277 2769 2420 2838 ζωὴν
2444 2771 2524 2832 εἰς
2548 2767 2706 2822 ἄλλου
2743 2766 3035 2820 ὑπόστασιν
3074 2767 3134 2818 τὸ
3163 2764 3406 2836 Πνεῦμα,
3447 2765 3506 2817 οὐ
3541 2764 3778 2834 χωρίζε-

2198 2875 2289 2910 ται
2320 2859 2504 2924 αῦτοῦ,
2538 2859 2649 2912 ἀλλ’
2675 2858 2861 2929 ὥσπερ
2897 2857 3066 2928 πυρὸς
3094 2858 3154 2910 τὸ
3175 2858 3274 2927 μέν
3302 2857 3448 2910 ἐστιν
3477 2855 3510 2925 ἡ
3539 2853 3780 2908 συνοῦσα

2201 2947 2490 3020 θερμότης,
2549 2951 2608 3001 τὸ
2632 2951 2709 3011 δὲ,
2753 2951 2819 3019 ἢν
2843 2950 3070 3019 παρέχει
3103 2949 3179 3019 τῷ
3214 2949 3385 3011 ὕδατι,
3413 2948 3446 3016 ἢ
3476 2946 3648 3017 ἑτέρῳ
3667 2947 3780 2998 τινὶ

2199 3041 2306 3096 τῶν
2336 3040 2619 3106 τοιούτων,
2649 3040 2790 3093 οῦτω
2814 3039 2907 3093 καὶ
2933 3041 3062 3092 αὐτὸ
3102 3043 3195 3092 καὶ
3227 3043 3286 3092 ἐν
3315 3039 3492 3106 ἑαυτῷ
3533 3038 3648 3107 ἔχει
3679 3037 3782 3105 τὴν

2202 3129 2347 3204 ζωήν
2366 3149 2379 3163 ·
2406 3133 2501 3187 καὶ
2520 3133 2568 3184 οἱ
2587 3131 2905 3202 μετέχοντες
2921 3128 3084 3184 αὐτοῦ
3107 3128 3241 3195 ζῶσι
3263 3126 3600 3200 θεοπρεπῶς,
3633 3123 3784 3193 ζωὴν

538 3221 692 3275 aqua:
715 3215 809 3260 aut
835 3206 989 3260 alteri
1037 3207 1112 3260 rei
1142 3206 1399 3275 ejusmodi
1420 3207 1692 3277 impertit:
1738 3209 1818 3263 sic
1869 3211 1941 3263 ita
1970 3225 2102 3279 quo-

2207 3224 2353 3277 Θείαν
2379 3225 2472 3276 καὶ
2505 3223 2752 3294 οὐράνιον
2785 3223 3131 3293 κεκτημένοι.
3163 3220 3348 3274 Πάντα
3374 3218 3483 3292 γὰρ
3513 3219 3571 3271 ἐν
3603 3215 3786 3284 ἐαυτῷ

537 3311 643 3365 que
674 3297 805 3366 ipse,
830 3298 959 3352 etin
993 3299 1283 3367 semetipso
1305 3300 1467 3352 vitam
1493 3299 1690 3366 habet;
1727 3309 1780 3353 et
1811 3302 1899 3368 qui
1930 3301 2095 3368 ipsius

541 3393 676 3445 tiunt
710 3391 1022 3460 participes,
1048 3391 1106 3456 ii,
1138 3400 1194 3445 ut
1224 3391 1348 3447 deos
1377 3391 1552 3456 decet,
1593 3391 1798 3454 vivunt,
1833 3392 1991 3446 vitam
2015 3393 2096 3447 di—

541 3483 718 3537 vinam
753 3499 814 3538 ac
847 3485 1124 3540 cmlestcm
1162 3495 1562 3553 comparantes.
1607 3484 1741 3537 Nam
1773 3482 2094 3538 immortalia

539 3573 719 3626 omnia
750 3574 799 3626 in
824 3574 1002 3643 seipso
1035 3574 1293 3640 continet,
1323 3585 1555 3629 mentem
1583 3590 1818 3639 onmem,
1854 3575 2096 3644 angelum

538 3677 776 3728 omnem,
810 3665 1044 3718 animam
1074 3679 1284 3718 omnem
1322 3683 1335 3718 :
1369 3674 1420 3720 et
1453 3681 1575 3721 cum
1619 3666 1754 3721 bene
1783 3680 1840 3720 se
1881 3668 2094 3732 habeat,

544 3770 649 3809 non
681 3755 877 3825 quatrit
905 3756 1279 3818 mutationem,
1313 3771 1484 3824 neque
1530 3756 1929 3826 migrationem,
1976 3772 2096 3812 cum

543 3846 596 3899 in
622 3847 797 3914 seipso
827 3845 1016 3899 habeat
1043 3844 1242 3899 omnia.
1268 3844 1372 3897 Sed
1407 3859 1504 3900 nec
1523 3847 1704 3914 augeri
1728 3847 1942 3915 quaerit,
1975 3861 2096 3900 cum

543 3939 613 3990 sit
653 3936 1100 4006 perfectissimus.
1128 3937 1465 4006 Quapropter
1482 3946 1535 3992 et
1555 3937 1691 4007 apud
1721 3938 1891 4008 ipsum
1915 3938 2094 3992 omnia

540 4038 664 4082 sunt
688 4027 946 4096 perfecta,
966 4027 1227 4089 charitas,
1252 4030 1526 4097 gaudium,
1548 4045 1670 4094 pax,
1705 4030 1920 4096 lenitas,
1945 4029 2095 4084 boni-

542 4131 643 4184 tas,
669 4119 948 4189 sapientia,
996 4117 1372 4188 intelligentia,
1418 4121 1728 4185 c0nsilium,
1764 4125 1950 4188 tutela,
1982 4125 2096 4192 pie-

544 4223 648 4278 tas,
682 4211 934 4281 cognitio,
967 4211 1356 4274 sanctiﬁcatio,
1400 4212 1714 4280 redemptio,
1752 4214 1883 4269 ﬁdes
1909 4256 1924 4281 ,
1980 4231 2102 4285 ope-

544 4306 779 4359 rationes
804 4303 1187 4373 potentiarum,
1212 4304 1550 4358 sanationum
1575 4304 1734 4370 dona,
1759 4314 1812 4360 et
1839 4321 2097 4375 qumcun-

542 4410 648 4461 que
677 4396 761 4449 bis
795 4397 1009 4450 similia.
1044 4394 1188 4450 Nihil
1217 4395 1268 4449 in
1297 4410 1354 4451 se
1393 4396 1552 4450 habet
1608 4396 1885 4451 adventitii
1918 4416 1932 4451 :
2002 4399 2096 4454 sed

543 4491 702 4545 habet
731 4490 910 4545 omnia
935 4488 1282 4556 sempiterne,
1311 4497 1563 4556 tanquam
1598 4487 1690 4541 Dei
1732 4488 1984 4557 Spiritus,
2046 4502 2098 4544 et

2203 3313 2270 3365 τὰ
2315 3313 2556 3366 ἀθάνατα
2600 3313 2875 3382 περιέχειο
2919 3311 3042 3364 νοῦν
3083 3311 3285 3373 πάντα,
3322 3308 3549 3378 ἄγγελον
3578 3306 3785 3364 πάντα,

2203 3402 2376 3472 ψυχὴν
2421 3405 2620 3464 πᾶσαν,
2679 3402 2774 3454 καὶ
2824 3401 2943 3454 οὐδὲ
2974 3401 3126 3470 ζητεῖ
3182 3399 3499 3471 μεταϐολὴν,
3547 3392 3604 3448 εὖ
3637 3396 3783 3464 ἕχον,

2203 3493 2323 3546 οὐδὲ
2366 3491 2664 3562 μετελθεῖν,
2704 3491 2877 3543 πάντα
2922 3491 3048 3560 παρ’
3079 3489 3255 3559 ἑαυτῷ
3307 3488 3445 3558 ἔχον.
3490 3483 3626 3536 Ἀλλ’
3662 3483 3786 3535 οὐδὲ

2205 3582 2427 3656 αῦξησιν
2457 3583 2724 3655 ἐπιζητεῖ,
2752 3583 3085 3636 τελειότατον
3123 3583 3202 3634 ὃν.
3238 3581 3328 3633 Διὸ
3353 3581 3446 3632 καὶ
3469 3578 3596 3648 παρ’
3632 3575 3786 3644 αὐτῷ

2207 3677 2382 3731 πάντα
2431 3677 2631 3738 τέλεια,
2667 3677 2877 3748 ἀγάπη,
2929 3678 3090 3747 χαρὰ,
3142 3675 3352 3745 εἰρήνη,
3406 3669 3783 3742 μακροθυμία.

2205 3768 2528 3840 χρηστότης,
2581 3767 2762 3836 σοφία,
2801 3767 3032 3830 σύνεσις,
3078 3765 3260 3835 βουλὴ,
3290 3762 3577 3830 ἀσφάλεια,
3621 3759 3783 3813 εὐσέ-

2205 3855 2346 3920 ϐεια,
2378 3858 2598 3925 γνῶσις,
2640 3854 2930 3924 ἁγιασμὸς,
2958 3852 3351 3922 ἀπολύτρωσις,
3387 3849 3590 3911 πίστις,
3623 3851 3781 3918 ἐνερ-

2204 3950 2424 4020 γήματα
2486 3948 2791 4017 δυνάμεων,
2849 3945 3160 4015 χαρίσματα
3215 3941 3480 4012 ἰαμάτων,
3519 3940 3614 3992 καὶ
3681 3940 3782 3991 ὅσα

2204 4038 2413 4102 τούτοις
2455 4037 2838 4109 παραπλήσια·
2888 4035 3038 4088 οὐδὲν
3081 4035 3202 4105 ἔχον
3247 4034 3304 4086 ἐν
3345 4030 3520 4101 ἐαυτῷ
3549 4031 3781 4100 ἐπίκτη-

2208 4149 2328 4185 τον·
2360 4131 2471 4184 ἀλλ⁹
2512 4129 2697 4192 ἀῖδίως
2730 4129 2904 4182 πάντα
2940 4125 3082 4197 ἔχον,
3119 4125 3193 4190 ὠς
3230 4123 3458 4194 Πνεῦμα
3484 4122 3646 4189 Θεοῦ,
3685 4124 3783 4176 καὶ

2210 4223 2267 4288 ἐξ
2286 4224 2447 4276 αὐτοῦ
2479 4223 2714 4293 πεφηνὸς
2743 4221 2878 4292 (95),
2911 4223 3079 4274 αἴτιον
3109 4219 3267 4274 αὐτὸν
3290 4217 3412 4289 ἔχον
3437 4219 3511 4281 ὡς
3535 4216 3646 4286 (96)
3676 4233 3787 4285 πη-

2209 4314 2308 4380 γὴν
2344 4313 2558 4375 ἑαυτοῦ,
2615 4313 2864 4365 κάκεῖθεν
2924 4311 3190 4380 πηγάζον.
3230 4309 3388 4380 Πηγὴ
3420 4309 3476 4361 δὲ
3525 4304 3618 4359 κάι
3649 4305 3784 4357 αὐτὸ

2206 4401 2312 4453 τῶν
2357 4403 2765 4470 προειρημένων
2817 4400 3053 4466 ἀγαθῶν.
3103 4401 3261 4453 Ἀλλά
3304 4401 3364 4451 τὸ
3390 4399 3489 4466 μὲν
3540 4398 3607 4448 ἐκ
3643 4395 3781 4447 Θεοῦ

2209 4491 2449 4563 πηγάζον
2486 4491 2844 4544 ἐνυπόστατόν
2889 4493 3002 4543 ἐστι
3027 4510 3038 4520 ·
3086 4492 3152 4543 τὰ
3208 4491 3263 4542 δὲ
3302 4489 3359 4554 ἐξ
3387 4486 3552 4541 αὑτοῦ
3594 4487 3784 4556 πηγά-

540 4581 607 4634 ab
637 4582 750 4650 ipso
776 4591 1079 4648 emergens,
1123 4591 1339 4631 causam
1375 4579 1544 4645 ipsum
1569 4579 1774 4634 habens
1809 4582 1949 4634 sicut
1982 4582 2099 4636 fon-

2205 4584 2364 4648 ζοντα
2413 4583 2680 4652 ἐνέργειαι
2737 4582 2898 4634 αὐτοῦ
2960 4587 3084 4636 εἱσι.
3133 4581 3299 4634 Τοῦτο
3331 4579 3392 4632 τὸ
3441 4577 3670 4648 Πνεῦμα
3719 4579 3783 4630 τὸ

543 4683 650 4725 tem
688 4670 791 4736 sui,
833 4676 886 4723 et
914 4668 1036 4723 inde
1069 4681 1315 4722 manans.
1367 4665 1512 4722 Fons
1546 4675 1721 4722 autem
1757 4679 1810 4724 et
1856 4672 1967 4740 ipse
2010 4689 2101 4726 eo-

543 4776 660 4813 rum
698 4773 818 4828 qu:e
856 4768 978 4812 ante
1009 4759 1291 4813 retulimus
1322 4759 1606 4814 bonorum.
1639 4760 1800 4829 Atqui
1856 4763 1999 4829 quod
2033 4779 2098 4816 ex

543 4850 652 4902 Deo
679 4855 880 4913 manat,
928 4848 982 4901 id
1036 4847 1315 4913 subsistit;
1368 4863 1487 4916 quae
1515 4863 1642 4903 vero
1666 4866 1733 4904 ex
1763 4864 1828 4904 eo
1857 4864 2098 4918 manant,

612 5008 658 5041 ”
687 5007 827 5062 Psal.
873 5024 1052 5070 cum,
1083 5009 1130 5060 b'.
1211 5009 1256 5038 ⁹⁵
1315 5008 1448 5061 l‘sal.
1489 5024 1647 5070 xm,
1686 5009 1733 5062 l.

614 5149 727 5216 (95)
762 5147 898 5200 Editi
929 5146 1018 5216 καὶ
1045 5147 1175 5198 Θεὸν
1209 5144 1364 5200 εἶναι.
1414 5147 1481 5200 At
1519 5148 1685 5201 nostri
1731 5159 1934 5215 septem
1971 5166 2100 5204 mss.

549 5213 638 5272 καὶ
669 5213 731 5270 ἐκ
751 5217 886 5270 Θεοῦ
915 5213 1068 5268 εἶναι.

617 5289 727 5358 (94)
757 5288 932 5343 Codex
967 5288 1116 5358 Colit.
1152 5286 1291 5358 θεῖον
1329 5283 1484 5350 εἶναι,
1526 5288 1758 5342 divinum
1813 5303 1971 5341 ωδε.-
2001 5289 2105 5343 Alii

549 5353 639 5413 ses
672 5353 798 5412 mss.
839 5367 895 5410 et
918 5357 1048 5410 editi
1075 5356 1206 5407 Θεὸν
1237 5353 1396 5418 εἶναι,
1431 5358 1590 5410 Deum
1617 5373 1742 5409 esse.

621 5427 730 5497 (95)
778 5429 908 5494 lieg.
977 5427 1190 5497 tertiusﬂ
1221 5428 1279 5492 ἐξ
1326 5427 1516 5497 ἑαυτοῦ
1559 5427 1817 5495 πεφηνός.
1861 5427 1962 5480 Alii
2009 5429 2112 5480 duo

551 5514 678 5554 mss.
704 5493 756 5551 et
779 5493 908 5550 editi
941 5493 999 5557 ἐξ
1031 5494 1217 5559 αὐτοῦ,
1242 5513 1306 5550 ex
1340 5501 1448 5564 ipso
1480 5496 1586 5551 Deo
1635 5493 1915 5564 emergens,
1960 5498 2114 5565 e/Tul-

550 5584 690 5637 gens,
721 5577 884 5621 recte.

621 5638 732 5707 (96)
764 5638 908 5702 llegii
944 5654 1208 5691 secnnons
1235 5647 1287 5688 et
1320 5637 1506 5689 tertius
1547 5633 1714 5687 αἴτιον
1753 5649 1865 5689 εαυν
1899 5657 1928 5704 ρ
1972 5654 2108 5704 ςχων

548 5709 644 5769 ὼς,
674 5721 778 5776 etc.
813 5707 947 5760 Editi
985 5724 1108 5761 vero
1160 5718 1212 5760 et
1260 5707 1386 5775 Heg.
1442 5707 1658 5776 quintus
1710 5710 1870 5763 αἴτιοι
1945 5709 2104 5763 σῖτον

552 5781 688 5848 ἐχον,
735 5775 897 5830 Deum
926 5780 1112 5831 lubens
1155 5795 1388 5838 causam,
1423 5775 1642 5846 optime.

1811 5011 1850 5040 ³⁷
1903 5009 2041 5065 Psal.
2092 5033 2320 5078 unum,
2363 5020 2412 5070 8.

2207 4674 2357 4742 ἅγιον
2403 4674 2616 4744 ἐξέχεεν
2645 4675 2728 4743 ἐφ’
2762 4675 2908 4745 ἡμᾶς
2950 4673 3212 4736 πλουσίως
3249 4674 3278 4726 ὁ
3309 4671 3439 4734 Θεὸς
3471 4669 3562 4723 διὰ
3602 4669 3779 4738 Ἰησοῦ

2209 4765 2441 4835 Χριστοῦ
2469 4786 2480 4798 ·
2511 4768 2742 4838 ἐξέχεεν,
2769 4768 2869 4820 οὐκ
2904 4766 3113 4819 ἔκτισεν
3155 4763 3300 4835 (97)·
3334 4764 3647 4834 ἐχαρίσατο,
3680 4763 3783 4814 οὐκ

2210 4859 2490 4928 ἐποίησεν’
2540 4859 2758 4923 ἔδωκεν,
2805 4859 2904 4911 οῦκ
2945 4855 3391 4928 ἐδημιούργησεν.
3437 4856 3530 4908 Ἐκ
3569 4853 3784 4907 παοαλο

2490 5017 2532 5043 ’⁸
2564 5015 2575 5065 l
2611 5013 2737 5067 Cor.
2780 5027 2870 5074 sn,
2910 5010 2958 5062 5.

2285 5155 2391 5223 (1)7}
2429 5152 2564 5203 {illiti
2596 5150 2692 5200 οῦκ
2727 5148 2965 5198 ἔκτισεν⁸
3024 5145 3240 5206 ἔδωκεν,
3275 5143 3372 5196 ούκ
3412 5142 3780 5223 ἐδημιούργη-

2220 5213 2324 5288 σεν,
2369 5223 2463 5273 Ἐκ
2515 5216 3086 5288 παραλλήλουηίέοιὶρξι
3125 5215 3278 5267 tLoll).
3329 5222 3381 5288 et
3427 5213 3555 5275 Reg.
3590 5227 3778 5288 “fatus

2216 5285 2343 5346 utin
2371 5281 2664 5351 contextu;
2726 5281 2817 5339 nec
2853 5285 3009 5337 aliter
3065 5285 3324 5348 interpres
3371 5281 3592 5348 legerat.
3622 5283 3778 5343 ρηυιι

2213 5361 2572 5417 Cmnbelisius
2600 5360 2699 5410 hoc
2728 5355 2846 5407 lar-0
2876 5357 2953 5407 ait
2982 5372 2991 5402 :
3025 5352 3338 5404 Ennominm
3365 5353 3458 5402 hoc
3492 5353 3657 5413 capite
3692 5354 3779 5399 ni-

2215 5435 2288 5484 hil
2321 5431 2489 5492 feriri.
2524 5429 2612 5480 scd
2636 5425 2948 5478 catholicum
2980 5423 3194 5492 instrui,
3226 5422 3530 5487 ﬁrmarique
3575 5421 3623 5469 in
3671 5420 3775 5492 ﬁde

2214 5490 2426 5554 dcitiatis
2463 5497 2715 5564 Spiritus,
2761 5505 2804 5545 et
2843 5491 3182 5564 tractandum
3237 5507 3355 5564 esse
3396 5505 3625 5564 seorsum
3663 5490 3775 5564 edi-

2212 5583 2341 5632 tum,
2373 5558 2562 5621 utsn'nt
2597 5564 2853 5618 Basilinni
2895 5563 2984 5612 alii
3030 5563 3083 5612 in
3137 5561 3403 5632 Asc-elicis,
3435 5559 3612 5632 «le_e0
3649 5558 3777 5632 pulo

2212 5626 2353 5692 nunc
2378 5654 2496 5690 cum
2524 5652 2586 5689 eo
2634 5633 2956 5684 contendere
2993 5650 3003 5682 ε
3045 5632 3135 5682 sed
3161 5641 3335 5681 utrum
3371 5629 3479 5678 haec
3518 5626 3777 5677 lucubra-

2213 5709 2445 5766 tiuncula
2490 5707 2663 5762 Basilii
2685 5705 2770 5767 sit,
2801 5704 2848 5756 in
2883 5701 3202 5755 Plu-latione
3233 5699 3551 5752 irnvuiretur.
