4008 6444
1402 412 1515 486 ΙΝ
1559 411 1901 488 TOMOS
1937 414 2059 502 29,
2096 416 2217 502 30,
2260 417 2379 502 31,
2423 416 2543 502 32,

268 840 2338 1085 PATROLOGIAZ
2480 845 3673 1087 GRXECAZ

1346 1403 1488 1475 AD
1528 1403 2119 1477 EDITIONEM
2156 1403 2591 1478 OPERUM

939 1811 1567 1951 SANCTI
1683 1813 2307 1951 BASILII
2420 1813 3001 1951 MAGNI

1610 2114 2327 2189 INTRODUCTIO

872 2319 1181 2375 auctore
1218 2302 1519 2381 Joanne
1556 2302 2039 2390 Gribomont,
2077 2305 2454 2376 monacho
2491 2303 3057 2390 Claravallensi,

1138 2408 1523 2481 Abbatiae
1561 2408 1635 2481 S.
1673 2410 2127 2507 Hieronymi
2164 2411 2256 2483 de
2293 2410 2502 2483 Urbe
2540 2412 2826 2485 Priore.

1616 2632 1681 2705 Ῑ.
1717 2632 1900 2705 Vita
1935 2649 2015 2705 et
2049 2631 2327 2730 Opera.

439 2796 499 2857 S.
534 2796 835 2867 Basilius,
873 2798 1224 2860 christiana
1260 2803 1328 2858 et
1363 2798 1562 2859 nobili
1597 2798 1841 2860 familia
1878 2804 2031 2861 ante
2067 2817 2315 2860 annum
2348 2799 2472 2859 330
2505 2799 2569 2859 in
2608 2798 3016 2878 Cappadocia
3054 2805 3268 2869 natus,
3307 2799 3673 2859 litterarum

266 2893 501 2954 studiis
531 2893 849 2965 elucebat,
883 2914 1031 2956 cum
1061 2896 1227 2958 circa
1259 2915 1507 2958 annum
1536 2896 1657 2957 357
1688 2896 2249 2957 conversationem
2278 2897 2369 2958 ita
2401 2897 2521 2957 sibi
2554 2897 2864 2957 humilem
2893 2902 2955 2956 et
2988 2915 3103 2956 eva
3116 2896 3429 2975 ngelicam
3459 2896 3671 2974 elegit,

268 2996 343 3051 ut
372 3009 544 3053 anno
573 2991 697 3052 370
723 2992 1063 3072 episcopus
1092 2993 1439 3056 Caesareae
1469 2994 1917 3073 Cappadociae
1944 2994 2303 3056 renuntiari
2332 2999 2685 3055 mereretur
2712 3015 2726 3064 ;
2758 3012 2886 3073 quo
2916 3012 3104 3054 nemo
3135 2998 3327 3056 antea
3359 3011 3672 3072 umquam

267 3089 477 3168 magis
504 3090 937 3151 eruditionem
967 3092 1215 3163 mundi,
1247 3092 1500 3153 labores
1529 3092 1841 3153 asceticos
1870 3097 1936 3152 et
1964 3092 2257 3154 animum
2286 3092 2753 3153 sacerdotalem
2792 3092 2855 3152 in
2897 3092 3184 3153 Ecclesia
3224 3092 3669 3152 coniunxerat.

268 3186 448 3247 Obiit
482 3204 653 3247 anno
690 3188 831 3258 379,
876 3189 978 3248 die
1017 3190 1223 3267 prima
1264 3190 1564 3268 januarii.
1607 3190 1869 3250 Plebem
1899 3190 2123 3251 multis
2152 3190 2434 3251 erudivit
2466 3190 2764 3261 homiliis,
2799 3208 2965 3269 quae
2995 3190 3184 3251 hodie
3214 3190 3278 3251 in
3310 3189 3674 3268 exegeticas

261 3285 446 3363 (P.G.
480 3285 584 3362 29)
614 3291 681 3345 et
711 3286 987 3349 morales
1013 3288 1195 3363 (P.G.
1228 3288 1331 3366 31)
1362 3288 1845 3349 distribuuntur
1873 3309 1888 3359 ;
1926 3294 2151 3350 contra
2186 3289 2463 3350 Arianos
2499 3290 2627 3349 duo
2663 3288 2919 3367 scripsit
2954 3287 3283 3367 opuscula,
3330 3288 3430 3348 i.e.
3476 3287 3673 3347 libros

264 3388 399 3443 tres
435 3385 749 3445 adversus
788 3386 1187 3445 Eunomium
1218 3386 1399 3463 (P.G.
1438 3386 1542 3464 29)
1577 3392 1643 3445 et
1672 3386 1962 3446 libellum
1991 3387 2071 3447 de
2102 3386 2344 3465 Spiritu
2378 3387 2615 3449 Sancto
2643 3386 2826 3464 (P.G.
2859 3386 2964 3462 32)
2993 3407 3006 3456 ;
3040 3386 3339 3464 operibus
3378 3384 3674 3446 asceticis

262 3481 446 3559 (P.G.
478 3482 581 3558 31)
609 3482 1066 3543 turbulentum
1098 3485 1564 3545 monachorum
1593 3484 1803 3545 zelum
1854 3486 1935 3545 ad
1987 3484 2325 3562 Evangelii
2366 3490 2716 3563 praecepta
2762 3484 3299 3562 disciplinamque
3349 3482 3673 3543 Ecclesiae

266 3579 680 3657 composuit;
730 3580 1039 3659 epistolas
1086 3583 1356 3643 tandem
1407 3581 1548 3660 plus
1598 3600 1796 3660 quam
1841 3587 2169 3644 trecentas
2214 3582 2412 3653 misit,
2462 3583 2697 3661 quibus
2751 3583 2815 3642 in
2871 3581 3284 3642 ecclesiarum
3340 3586 3402 3640 et
3459 3598 3674 3640 rerum

265 3676 703 3738 varietatibus
740 3678 1061 3756 sapientia
1100 3680 1235 3739 eius
1272 3684 1337 3739 et
1375 3679 1669 3741 doctrina
1707 3680 2017 3740 relucent.
2053 3680 2327 3741 Diversa
2360 3680 2483 3742 alia
2516 3681 2876 3740 efferuntur
2902 3679 3315 3758 (praesertim
3347 3678 3502 3738 P.G.
3546 3678 3671 3754 30),

266 3792 433 3853 quae
463 3778 685 3836 tamen
720 3776 956 3836 dubiae
987 3782 1141 3837 sunt
1172 3776 1605 3838 auctoritatis.

433 3872 531 3932 De
575 3873 675 3932 his
720 3874 1022 3933 omnibus
1068 3880 1489 3953 conspectum
1534 3875 1804 3936 habebis
1847 3875 1913 3935 in
1958 3875 2257 3953 sequenti
2300 3875 2549 3945 tabula,
2599 3875 2846 3943 addito,
2893 3875 2957 3934 in
3005 3879 3329 3951 quantum
3363 3872 3498 3933 fieri
3531 3876 3677 3951 pot-

264 3974 386 4039 est,
428 3988 599 4031 anno
638 3972 1147 4050 compositionis,
1187 3978 1252 4032 et
1288 3972 1561 4050 signatis
1598 3973 1872 4035 asterico
1910 3973 2010 4033 his
2047 3991 2212 4051 quae
2249 3974 2465 4051 spuria
2504 3973 2607 4031 vel
2645 3972 2843 4033 dubia
2889 3976 3299 4049 reputantur.
3353 3970 3527 4031 Ordo
3574 3975 3675 4029 est

266 4066 423 4128 P.G.
468 4067 681 4128 29-32.

1371 4268 1557 4342 P.G.
1595 4271 1715 4343 29.

315 4434 367 4493 1.
404 4433 727 4494 Homiliae
768 4434 863 4494 IX
890 4434 953 4494 in
991 4435 1441 4495 Hexaemeron
3113 4431 3122 4495 |
3204 4432 3370 4493 circa
3404 4431 3528 4493 378

308 4530 367 4591 2.
403 4530 729 4593 Homiliae
762 4532 923 4592 XIV
956 4532 1019 4593 in
1055 4532 1346 4595 Psalmos

310 4627 369 4689 3.
407 4628 647 4691 Contra
683 4630 1082 4691 Eunomium
1114 4631 1258 4692 libri
1291 4637 1423 4691 tres
3114 4626 3123 4692 I
3206 4627 3309 4687 1-3
3350 4626 3518 4688 circa
3554 4626 3676 4686 363

402 4725 427 4803 (
598 4751 621 4782 ί(
918 4753 943 4783 (ι
1113 4730 1257 4788 libri
1296 4729 1401 4789 4-5
1450 4734 1603 4789 sunt
1637 4730 1911 4808 Didymi
1939 4730 2386 4805 Alexandrini)

309 4824 368 4885 4.
406 4824 504 4886 De
552 4825 792 4903 Spiritu
822 4827 912 4903 (¹⁸¹)

1367 4920 1553 4993 P.G.
1592 4922 1711 4992 30.

315 5085 367 5143 1.
405 5083 630 5145 Oratio
670 5084 695 5144 Ι
729 5086 807 5145 de
842 5086 1143 5147 Hominis
1174 5086 1545 5148 structura“

308 5182 367 5242 2.
404 5181 629 5243 Oratio
671 5181 733 5243 II
769 5184 848 5243 de
882 5183 1183 5245 Hominis
1216 5184 1585 5247 structura"

308 5278 368 5340 3.
406 5279 633 5341 Oratio
666 5280 745 5341 de
778 5281 1130 5343 Paradiso“

292 5376 377 5456 [4.
414 5376 701 5440 Homilia
768 5379 832 5439 in
900 5384 1157 5459 partem
1231 5381 1347 5441 Im
1413 5380 1644 5461 psalmi
1703 5380 1888 5459 XIV]

309 5473 367 5535 5.
403 5475 692 5537 Homilia
730 5476 794 5537 in
834 5477 1159 5556 psalmum
1200 5480 1546 5541 XXVIII"

307 5572 366 5633 6.
402 5572 691 5635 Homilia
718 5574 782 5635 in
812 5575 1140 5654 psalmum
1168 5578 1547 5639 XXXVII"

310 5670 366 5731 7.
403 5670 692 5734 Homilia
726 5671 791 5733 in
826 5673 1153 5753 psalmum
1188 5676 1404 5737 CXV"

308 5767 367 5829 8.
403 5768 692 5831 Homilia
723 5770 789 5833 in
820 5772 1146 5850 psalmum
1176 5773 1546 5837 CXXXII"

311 5865 371 5927 9.
406 5866 926 5931 Commentarius
980 5870 1046 5931 in
1110 5870 1344 5933 Isaiam
1402 5874 1789 5952 prophetam
1830 5875 1910 5952 (c.
1948 5875 2207 5955 1-16)(*)

271 5962 367 6027 10.
403 5964 597 6027 Liber
629 5967 707 6026 de
740 5967 1157 6046 virginitate‘
1207 5969 1461 6047 (Basilii
1486 5973 1949 6051 Ancyrensis?)

1760 6084 2200 6192 15883
