4008 6466
309 530 404 590 11.
441 529 662 590 Sermo
694 527 774 589 de
806 524 1421 588 contubernalibus"

308 628 405 690 12.
437 627 844 706 Argumenta
876 629 1104 686 contra
1135 623 1452 686 Arianos“

309 726 404 789 l3.
439 724 786 806 Expositio
837 724 918 786 de
967 728 1195 786 sancta
1246 727 1314 784 et
1364 723 1731 785 orthodoxa
1762 721 1929 784 fide"

309 825 404 886 14.
438 824 634 886 Liber
665 822 970 885 Eunomii
1003 821 1446 903 apologeticus

310 924 404 986 15.
440 923 774 985 Eustathii
817 920 1253 1002 Metaphrasis
1294 920 1360 982 in
1405 921 1860 981 Hexaemeron
1911 919 2135 981 Basilii

1414 1166 1600 1240 P.G.
1639 1168 1759 1239 31.

350 1338 404 1399 1.
440 1335 766 1399 Homiliae
797 1340 863 1397 et
894 1351 1223 1396 sermones

346 1437 405 1498 2.
441 1436 782 1497 Sermones
814 1433 1117 1496 ascetici“

346 1535 405 1596 3.
438 1533 710 1596 Moralia

346 1634 404 1694 4.
439 1633 731 1712 Regulae
761 1632 970 1693 fusius
1000 1636 1068 1690 et
1113 1630 1376 1691 brevius
1407 1633 1735 1690 tractatae

346 1731 405 1792 5.
441 1730 962 1793 Constitutiones
994 1727 1435 1790 monasticae"

441 1882 788 1963 Appendix
822 1903 841 1942 .·

352 2037 408 2097 7.
449 2035 778 2097 Homiliae
811 2034 1134 2114 quaedam
1167 2034 1444 2096 dubiae“

347 2134 405 2195 8.
442 2135 541 2195 De
571 2132 905 2213 baptismo
937 2133 1086 2194 libri
1118 2133 1288 2194 duo“

346 2233 405 2293 9.
438 2231 771 2311 Liturgiae
804 2231 1095 2311 copticae
1130 2231 1190 2293 S.
1227 2229 1493 2293 Basilii“

311 2331 405 2392 10.
442 2330 787 2392 Orationes
818 2330 954 2390 sive
985 2329 1368 2390 exorcismi"

311 2429 405 2489 11.
442 2429 662 2491 Sermo
713 2430 794 2489 de
843 2429 1256 2489 sacerdotum
1305 2426 1776 2488 instructione“

311 2528 407 2588 12.
440 2527 790 2588 Tractatus
859 2527 938 2587 de
1007 2525 1449 2589 consolatione
1517 2525 1583 2586 in
1640 2524 1969 2587 adversis"

310 2624 435 2704 [13.
470 2625 570 2686 De
604 2625 797 2687 laude
830 2624 1160 2686 solitariae
1190 2622 1437 2703 vitae]"‘

308 2723 433 2802 [14.
466 2723 850 2784 Admonitio
898 2723 981 2784 ad
1027 2721 1235 2783 filium
1281 2719 1756 2800 spiritualem]*

3247 812 3414 873 circa
3448 810 3598 871 362.

3251 911 3416 971 circa
3452 911 3580 970 400

3249 1438 3415 1499 circa
3449 1437 3575 1499 360

3250 1537 3370 1598 364
3382 1537 3740 1620 /post370?

311 2821 404 2882 15.
442 2820 767 2883 Homiliae
816 2815 1006 2904 [tres]
1051 2838 1133 2880 ex
1174 2819 1461 2881 editione
1505 2819 1652 2881 Chr.
1709 2819 1888 2880 Frid.
1921 2818 2245 2881 Matthaei
2275 2818 2309 2855 *

309 2919 404 2980 16.
440 2919 767 2981 Homiliae
811 2937 975 2999 quas
1017 2918 1360 2982 transtulit
1405 2918 1685 2980 Rufinus
1720 2919 1798 2979 de
1833 2933 2063 2996 graeco
2098 2917 2165 2978 in
2203 2917 2486 2979 latinum

1415 3171 1601 3246 P.G.
1640 3173 1759 3245 32.

357 3341 409 3399 1.
442 3338 638 3400 Liber
668 3339 747 3400 de
781 3338 1024 3418 Spiritu
1057 3343 1286 3401 sancto

347 3438 407 3498 2.
439 3437 777 3517 Epistolae
817 3437 1003 3498 1-366

530 3590 877 3670 Appendix
908 3610 926 3650 :

3255 2921 3418 2982 circa
3452 2921 3580 2981 400

3256 3349 3378 3410 375

361 3743 418 3803 3.
455 3742 770 3804 Simeonis
819 3742 1226 3821 Logothetae
1275 3760 1603 3802 sermones
1657 3742 1739 3803 24
1781 3743 1861 3802 de
1905 3740 2196 3802 moribus
2249 3740 2539 3820 excerpti
2593 3760 2674 3801 ex
2728 3759 2878 3821 ope-

448 3841 628 3900 ribus
659 3840 886 3902 Basilii

1571 3969 1679 4042 II.
1718 3968 2030 4042 Codicee
2067 3967 2468 4066 graeci

476 4134 730 4198 Scribas
776 4135 1001 4197 allexit
1047 4135 1274 4197 Basilii
1320 4136 1768 4197 venerandum
1814 4153 2074 4206 nomen,
2124 4136 2301 4214 quod
2348 4135 2491 4195 ideo
2540 4135 2917 4214 saepissime
2965 4135 3029 4196 in
3080 4136 3377 4196 codicum
3425 4138 3749 4216 catalogis

307 4233 559 4312 legitur.
577 4234 901 4296 Homiliae
924 4252 1156 4313 corpus
1169 4233 1433 4313 aliquod
1447 4233 1839 4313 dispositum
1861 4233 2296 4304 constituunt,
2314 4238 2571 4312 praeter
2592 4233 2920 4295 orationes
2941 4253 3179 4294 novem
3202 4234 3265 4294 in
3284 4235 3745 4296 Hexaemeron

307 4350 476 4411 quae
510 4350 626 4411 per
658 4350 725 4392 se
759 4332 1039 4413 scriptae
1072 4334 1471 4404 traduntur;
1507 4332 1766 4394 illarum
1804 4331 1920 4392 169
1951 4331 2050 4410 (²),
2087 4333 2322 4393 harum
2361 4332 2476 4392 115
2507 4332 2584 4410 (³)
2619 4336 3036 4392 recensentur
3070 4333 3488 4411 exemplaria,
3525 4335 3639 4394 sed
3678 4341 3747 4394 et

306 4430 592 4509 corporis
633 4431 895 4493 ascetici
937 4431 1015 4492 73
1051 4431 1150 4509 (4),
1194 4430 1590 4491 collectionis
1630 4429 2055 4510 epistolarum
2095 4429 2175 4491 36
2211 4429 2310 4507 (⁵),
2354 4434 2679 4492 tractatus
2720 4431 2799 4490 de
2841 4430 3084 4508 Spiritu
3131 4430 3368 4492 Sancto
3410 4431 3490 4492 29
3528 4432 3627 4510 (⁸),
3673 4432 3748 4492 li-

306 4529 571 4589 brorum
608 4530 922 4591 adversus
961 4529 1362 4590 Eunomium
1399 4529 1478 4590 27
1511 4529 1608 4607 (7),
1648 4546 1765 4590 nec
1801 4528 2128 4590 numerari
2166 4527 2431 4607 quidem
2467 4532 2747 4607 possunt
2784 4528 3096 4607 opuscula
3134 4529 3483 4601 disiuncta,
3521 4530 3586 4591 in
3630 4531 3748 4591 ho-

306 4625 597 4688 miliariis
633 4627 948 4706 liturgicis
981 4627 1058 4704 (θ)
1093 4626 1199 4688 vel
1235 4625 1390 4688 alibi
1426 4627 1491 4688 in
1530 4625 1973 4687 voluminibus
2010 4625 2437 4688 miscellaneis
2473 4631 2756 4706 recepta.

381 4865 424 4911 1.
457 4864 608 4921 Quae
656 4864 860 4924 passim
910 4864 1251 4912 nominanda
1301 4867 1464 4911 erunt
1516 4863 1680 4911 modo
1730 4864 1969 4911 breviori

307 4938 575 4983 notantur
611 4949 622 4983 :
659 4937 898 4992 AMAND,
943 4926 1190 4983 Editions
1232 4955 1284 4973 =
1327 4935 1510 4983 David
1546 4936 1765 4983 ΑΜΑΝι)
1795 4937 1969 4995 (nunc

309 5007 370 5054 E.
398 5009 617 5054 AMAND
645 5020 721 5054 DE
749 5007 1109 5067 ΜεΝῡιετΑ),
1135 5007 1296 5054 Essai
1320 5008 1480 5055 d'une
1503 5008 1719 5054 histoire
1744 5008 1968 5068 critique

305 5078 390 5125 des
419 5078 643 5126 editions
669 5079 931 5139 generales
957 5093 1197 5139 grecques
1226 5082 1271 5126 et
1296 5078 1660 5139 gréco-latines
1687 5079 1748 5126 de
1776 5081 1830 5127 S.
1863 5081 1966 5127 Ba-

303 5149 400 5197 sile
432 5152 492 5197 de
528 5150 762 5207 δέεαι-ὁρ,
797 5151 851 5196 in
888 5153 1061 5199 Revue
1095 5150 1454 5206 Bénédictine,
1490 5150 1613 5207 LII,
1652 5151 1807 5207 1940,
1846 5153 1967 5198 141-

309 5221 444 5279 161;
477 5222 632 5278 LIII,
667 5223 819 5278 1941,
855 5223 1120 5278 119-151;
1153 5222 1296 5277 LIV,
1332 5222 1487 5278 1942,
1521 5221 1790 5279 124-144;
1824 5222 1968 5277 LVI,

309 5293 628 5350 1945-1946,
682 5294 925 5341 126-173.
991 5294 1363 5350 GRIBOMONT,
1423 5293 1729 5353 Ascétiques
1795 5313 1846 5332 =
1913 5293 1965 5341 J.

306 5365 676 5420 Gmaomoxr,
707 5366 944 5413 Histoire
971 5367 1040 5412 du
1073 5367 1201 5412 terte
1228 5366 1315 5411 des
1347 5364 1652 5424 Asce’tiques
1682 5366 1743 5412 de
1773 5367 1828 5412 S.
1863 5367 1967 5413 Ba-

302 5435 398 5483 sile
445 5436 862 5497 (Bibliothéque
916 5437 988 5483 du
1044 5437 1291 5493 Muséon,
1343 5436 1451 5496 32),
1505 5437 1757 5491 Lovanii,
1814 5436 1966 5484 1953.

305 5507 618 5565 Burmann,
660 5509 936 5556 Tradition
972 5510 1296 5556 manuscrite
1336 5528 1387 5546 =
1431 5509 1508 5556 St.
1550 5509 1613 5554 Y.
1652 5508 1967 5564 RUDBERG,

312 5569 506 5627 Etudes
554 5593 648 5627 sur
695 5581 746 5627 la
794 5582 1047 5629 tradition
1097 5581 1419 5628 manuscrite
1465 5581 1525 5626 de
1572 5581 1716 5626 saint
1764 5579 1967 5635 Basilc,

306 5651 565 5711 Upsalae,
599 5652 748 5700 1953.

374 5723 422 5770 2.
455 5723 870 5771 Enumerantur
900 5736 930 5770 a
963 5723 1276 5780 RUDm-zno,
1313 5723 1592 5770 Tradition
1623 5723 1967 5779 manuscrite,

376 5865 618 5914 3..Hunc
640 5878 930 5912 numerum
952 5866 1345 5913 humanissime
1373 5866 1506 5913 mihi
1534 5865 1968 5913 communicavit

306 5936 369 5983 E.
399 5938 618 5985 AMAND
651 5951 727 5984 DE
759 5937 1096 5994 MENDIETA,
1127 5936 1195 5984 cf.
1225 5937 1367 5985 infra
1397 5951 1450 5984 η.
1481 5937 1532 5991 6,
1562 5949 1617 5997 ρ.
1648 5937 1734 5994 10,
1771 5936 1795 5996 ς
1828 5938 1874 5984 1.

2149 4865 2200 4911 4.
2231 4863 2646 4912 Enumerantur
2688 4878 2717 4911 a
2761 4864 3134 4921 GRIBOMONT,
3177 4865 3530 4925 Ascétiques;
3575 4881 3746 4927 quae-

2080 4936 2208 4983 dam
2249 4937 2418 4983 etiam
2458 4936 2584 4983 vide
2624 4937 2678 4983 in
2721 4936 3033 4992 RUDBERG,
3081 4937 3358 4984 Tradition
3398 4941 3748 4997 manuscrite,

2081 5006 2646 5126 μὲξίῐῗιῗῐῒίετεηὶυι·
2676 5092 2707 5126 a
2739 5079 3052 5135 RUDBERG,
3091 5079 3366 5128 Tradition
3398 5084 3746 5140 manuscrite,

2081 5149 2647 5268 p.:.2E1r?umerantur
2693 5235 2724 5269 a
2775 5221 2840 5268 D.
2891 5224 3131 5278 AMAND,
3179 5223 3277 5270 Les
3329 5223 3636 5285 Ascdtiques
3686 5229 3749 5274 de

2078 5294 2223 5340 saint
2258 5293 2455 5340 Basile.
2494 5294 2708 5354 Exposé
2739 5294 2825 5341 des
2860 5294 3146 5354 problémes
3183 5295 3582 5343 d’authenticité
3609 5299 3746 5356 (Μέ-

2080 5365 2248 5445 rnoire
2276 5364 2769 5445 dactylographié),
2798 5365 3048 5422 Lovanii,
3079 5366 3214 5414 1938
3241 5382 3252 5424 ;
3282 5368 3470 5414 addidi
3498 5370 3745 5416 codicem

2080 5435 2260 5482 Vatic.
2291 5448 2368 5494 gr.
2399 5438 2518 5484 408.

2151 5508 2199 5554 7.
2232 5507 2646 5555 Enumerantur
2679 5507 2882 5555 ibidem
2917 5509 2987 5556 ab
3022 5509 3215 5556 eodem
3250 5509 3316 5556 D.
3353 5511 3574 5557 AMAND
3603 5525 3614 5566 ;
3651 5511 3743 5558 ad-

2081 5579 2191 5625 didi
2223 5580 2436 5626 codices
2467 5580 2645 5627 V'atic.
2679 5592 2754 5638 gr.
2788 5581 2890 5628 408
2922 5584 2976 5628 et
3008 5581 3130 5628 424.

2150 5651 2197 5698 8.
2229 5650 2308 5698 Ct.
2349 5651 2412 5697 A.
2455 5651 2728 5708 Ehrhard,
2775 5651 3200 5712 Ueberliefcrung
3237 5653 3348 5699 und
3387 5653 3620 5700 Bestand
3655 5653 3744 5698 der

2077 5722 2585 5783 hagiographischen
2663 5723 2772 5769 und
2845 5723 3240 5770 homiletischen
3315 5725 3584 5771 Literatur
3656 5725 3745 5770 der

2076 5793 2269 5852 griech.
2306 5794 2520 5850 Kirche,
2559 5794 2698 5841 I-III
2723 5794 2923 5853 (Texte
2954 5795 3068 5841 und
3101 5795 3622 5854 Untersuchungen,
3655 5797 3740 5843 50-

2079 5864 2187 5923 52),
2221 5865 2481 5922 Berolini,
2516 5865 2835 5923 1937-1952,
2866 5866 3090 5926 passim.

1883 6113 2172 6173 _2__
