4008 6464
1438 389 1589 462 ΙΙΙ.
1624 388 2024 462 Versiones
2060 388 2487 461 orientales.

430 547 599 608 Huic
634 547 974 609 traditioni
1011 547 1292 609 directae
1328 564 1789 607 connumerare
1825 550 2084 625 oportet
2118 546 2425 625 antiquas
2459 546 2807 617 versiones,
2844 564 3010 625 quae
3046 546 3423 627 plerumque
3457 555 3661 609 testes

256 644 507 708 formae
552 650 777 707 textus
824 646 1000 707 haud
1048 646 1448 724 spernendae
1496 644 1706 705 solent
1752 645 1908 705 fieri.
1950 644 2260 723 Syrorum
2291 644 2387 721 (ι),
2427 645 2774 705 araborum
2807 644 2884 721 (³)
2920 644 3024 704 vel
3058 646 3549 723 georgianorum
3583 648 3659 725 (³)

256 742 513 807 litteras
562 744 800 805 eruditi
851 744 975 804 viri
1026 745 1136 823 qui
1188 744 1687 822 descripserunt,
1741 743 1965 804 Basilii
2015 761 2208 822 opera
2258 742 2576 804 translata
2629 762 2755 803 non
2808 743 3319 821 praeterierunt;
3372 745 3659 806 eiusdem

256 860 529 921 operum
573 842 826 903 codices
870 861 1168 904 armenos
1202 847 1535 922 praeterea
1568 842 1668 903 W.
1707 841 2008 902 Driessen
2046 841 2177 903 iam
2211 842 2618 901 enumeravit
2648 841 2727 919 (⁴)
2754 862 2769 912 ;
2804 841 2935 902 fere
2968 842 3140 903 solae
3174 858 3322 920 ergo
3357 860 3659 921 recogno-

256 942 534 1003 scendae
583 946 929 1020 coptorum
977 940 1407 1002 bibliothecae
1453 939 1532 1017 (⁸)
1581 944 1943 1001 remanent.
2005 939 2147 1002 Hae
2204 944 2426 1001 tamen
2476 939 2803 1000 versiones
2852 939 3196 1001 orientales
3245 942 3531 1003 maxima
3581 961 3661 1002 ex

257 1044 444 1118 parte
474 1039 551 1117 (‘)
584 1040 799 1101 adhuc
831 1039 1117 1101 ineditae
1150 1039 1380 1101 latent.

1439 1212 1573 1286 IV.
1609 1212 2009 1286 Versiones
2042 1212 2328 1285 latinae

425 1371 669 1434 Basilio
712 1371 827 1431 vix
869 1370 1177 1432 defuncto
1223 1370 1499 1432 Rufinus
1540 1371 1913 1450 Aproniano
1966 1370 2263 1432 homilias
2303 1374 2451 1429 octo
2490 1369 2587 1447 (⁸),
2632 1368 2898 1431 Ursacio
2950 1372 3415 1432 monachorum
3472 1372 3661 1431 Insti-

254 1474 405 1532 tuta
459 1470 539 1547 (’)
594 1469 964 1540 dedicabat,
1022 1471 1181 1530 dum
1238 1470 1628 1531 Eustathius
1684 1470 1951 1547 quidam
2005 1468 2471 1529 commentaria
2526 1468 2591 1527 in
2658 1467 3109 1529 Hexaemeron
3175 1468 3373 1529 latine
3437 1470 3661 1529 redde-

255 1568 374 1629 bat
416 1567 566 1646 (¹⁰);
616 1586 893 1646 quorum
940 1568 1314 1629 versionum
1365 1569 1461 1638 12,
1509 1568 1591 1628 60
1635 1572 1701 1627 et
1745 1568 1828 1628 30
1873 1566 2124 1627 codices
2168 1570 2517 1645 supersunt
2562 1565 3007 1645 manuscripti.
3062 1566 3330 1645 Insuper
3374 1567 3661 1646 quinque

258 1665 424 1726 aliae
467 1666 769 1727 homiliae
812 1671 972 1725 tunc
1014 1666 1096 1727 ab
1141 1665 1283 1727 aliis
1325 1684 1550 1726 versae
1591 1669 1766 1735 sunt,
1811 1682 2089 1744 quorum
2129 1664 2393 1724 nomina
2436 1682 2563 1723 non
2609 1668 3053 1725 memorantur
3090 1663 3215 1741 (ιι).
3260 1664 3466 1725 Multo
3511 1670 3661 1743 post

256 1768 483 1825 autem
533 1765 669 1823 dux
718 1763 987 1841 quidam
1034 1763 1339 1825 factionis
1390 1762 1835 1841 Spiritualium
1880 1763 2072 1841 (quos
2118 1762 2403 1838 vocant),
2451 1761 2653 1822 frater
2698 1762 2983 1839 Angelus
3031 1762 3111 1821 de
3160 1761 3445 1831 Clareno,
3498 1764 3659 1823 iram

256 1860 511 1939 fugiens
556 1860 875 1921 Bonifacii
920 1861 1138 1939 Papae
1179 1860 1367 1930 VIII,
1414 1862 1475 1921 in
1524 1861 1914 1921 Graecorum
1958 1860 2367 1920 monasteriis
2408 1859 2732 1936 integrum
2776 1877 3007 1937 corpus
3049 1860 3402 1920 asceticum
3446 1861 3508 1919 in
3555 1862 3659 1920 de-

253 1958 616 2019 fensionem
653 1964 719 2018 et
758 1958 1128 2037 apologiam
1167 1959 1227 2019 S.
1270 1959 1593 2019 Francisci
1634 1958 1919 2035 Regulae
1956 1958 2155 2018 latine
2190 1956 2531 2017 transtulit
2562 1957 2686 2033 (ι’).

1277 2131 1371 2203 V.
1409 2131 1807 2203 Versiones
1843 2129 2130 2202 latinae
2164 2132 2642 2202 recentiores.

426 2288 664 2349 Statim
702 2306 738 2349 a
776 2287 1247 2365 refulgentibus
1284 2288 1347 2348 in
1396 2288 1580 2349 Italia
1618 2287 1852 2347 litteris
1886 2288 2129 2365 graecis
2166 2287 2452 2347 virorum
2489 2286 2891 2347 eruditorum
2926 2286 3306 2347 illustriores
3344 2288 3660 2348 Basilium

257 2405 409 2465 prae
439 2405 505 2446 se
533 2386 849 2446 tulerunt.
881 2386 1070 2446 Anno
1104 2386 1354 2446 circiter
1391 2386 1546 2446 1420
1574 2385 1810 2445 librum
1834 2385 2180 2464 (spurium)
2210 2386 2303 2445 De
2342 2384 2711 2462 Virginitate
2736 2384 3119 2444 Ambrosius
3150 2385 3661 2446 Camaldulensis

255 2484 387 2546 iam
416 2484 619 2544 vertit
644 2483 771 2563 (1³).
804 2483 1075 2543 Animos
1105 2488 1326 2545 tamen
1358 2484 1422 2543 in
1455 2484 1680 2562 primis
1708 2488 2061 2543 tenuerunt
2090 2483 2380 2543 intentos
2409 2482 2768 2560 theologica
2800 2500 3015 2561 opera,
3048 2483 3383 2543 occasione
3414 2484 3661 2543 concilii

258 2581 637 2652 Florentini,
681 2581 863 2641 cuius
902 2582 1059 2661 ipsis
1097 2582 1298 2642 initiis
1339 2582 1534 2641 libros
1575 2581 1889 2641 Adversus
1926 2582 2316 2642 Eunomium
2355 2585 2423 2641 et
2463 2581 2557 2640 De
2598 2580 2846 2659 Spiritu
2890 2580 3113 2641 Sancto
3152 2581 3446 2641 Andreas
3488 2582 3662 2641 Rho-

256 2680 477 2741 densis
518 2679 878 2758 episcopus,
922 2695 1190 2757 graecus
1233 2680 1497 2759 quidem
1539 2680 1824 2750 natione,
1869 2679 2112 2739 ordinis
2152 2683 2376 2740 tamen
2417 2679 2694 2740 fratrum
2739 2678 3283 2757 praedicatorum,
3328 2680 3410 2740 ad
3452 2679 3663 2739 vindi-

257 2779 538 2840 candam
591 2777 867 2857 Spiritus
922 2778 1143 2838 Sancti
1195 2779 1277 2839 ab
1331 2783 1607 2857 utroque
1659 2778 2136 2856 processionem
2185 2776 2627 2847 invocaverat,
2681 2777 2933 2836 codices
2986 2776 3198 2837 varios
3249 2778 3331 2837 ad
3383 2777 3664 2837 veriores

259 2876 568 2937 lectiones
598 2876 987 2937 statuendas
1018 2877 1402 2955 conquirens
1429 2877 1555 2955 (1‘).
1590 2875 1890 2954 Optimos
1918 2880 2078 2936 tunc
2108 2876 2361 2936 codices
2389 2875 2512 2935 sibi
2543 2874 2840 2935 Bessario
2874 2874 3298 2953 comparavit,
3333 2874 3443 2954 qui
3476 2876 3663 2935 hodie

257 2974 551 3035 Venetiis
582 2974 753 3034 inter
785 2973 1288 3052 pretiosissimos
1323 2975 1383 3035 S.
1420 2974 1619 3036 Marci
1652 2973 2097 3035 Bibliothecae
2128 2978 2571 3035 asservantur.
2610 2972 2965 3033 Homiliam
3000 2972 3079 3031 In
3113 2976 3392 3032 sanctam
3430 2973 3663 3035 Christi

259 3072 709 3151 generationem
740 3072 912 3132 idem
943 3072 1242 3133 Bessario
1273 3073 1409 3151 ipse
1438 3072 1638 3133 vertit
1665 3072 1788 3150 (ιδ),
1820 3072 2145 3150 librosque
2174 3070 2489 3131 Adversus
2518 3070 2906 3131 Eunomium
2935 3074 3001 3130 et
3032 3070 3126 3130 De
3159 3070 3405 3149 Spiritu
3439 3070 3663 3132 Sancto

260 3170 532 3249 Georgio
566 3169 1049 3248 Trapezuntino
1084 3170 1435 3249 interprete
1463 3170 1867 3248 (1443-1447)
1900 3170 2189 3248 Eugenio
2225 3170 2441 3248 Papae
2480 3169 2565 3229 IV
2588 3168 2915 3229 dedicavit
2934 3168 3056 3246 (1³).
3084 3168 3408 3247 Opuscula
3442 3174 3665 3230 autem

259 3270 389 3329 duo
423 3268 767 3338 rhetorica,
804 3267 1078 3346 epistola
1114 3286 1343 3347 nempe
1379 3269 1461 3329 ad
1498 3268 1875 3346 Gregorium
1908 3268 2393 3329 Nazianzenum
2427 3268 2522 3326 De
2554 3265 2845 3327 laudibus
2879 3266 3037 3326 vitae
3069 3266 3531 3344 philosophicae
3561 3266 3664 3344 (17)

256 3372 325 3426 et
363 3367 688 3427 Tractatus
722 3365 801 3425 ad
837 3366 1083 3426 iuvenes
1116 3366 1187 3425 de
1218 3366 1488 3444 legendis
1521 3366 1697 3426 libris
1727 3366 2071 3445 gentilium,
2108 3384 2256 3426 cum
2288 3367 2371 3427 ad
2404 3366 2525 3425 hoc
2557 3369 2966 3443 spectassent
2998 3369 3072 3424 ut
3104 3364 3665 3425 conversationem

256 3464 666 3542 virtutesque
706 3465 1172 3524 monachorum
1210 3464 1718 3543 generosissimis
1756 3464 2121 3543 quibusque
2160 3464 2551 3524 Graecorum
2589 3463 2763 3522 votis
2800 3463 3185 3541 respondere
3224 3463 3661 3532 ostenderent,

257 3566 632 3641 permutata
668 3562 919 3623 ratione
955 3563 1037 3622 ad
1075 3563 1637 3641 comprobandum
1672 3562 2189 3623 Christianorum
2222 3579 2338 3639 pro
2373 3561 2608 3621 litteris
2642 3560 2936 3620 studium
2971 3560 3349 3619 mirabiliter
3383 3578 3448 3619 se
3483 3578 3665 3637 prae~

331 3765 377 3811 1.
407 3763 486 3812 Cf.
516 3763 581 3810 Α.
613 3763 998 3818 ΒΑυΜδτΑῃκ,
1028 3764 1328 3811 Geschichte
1353 3765 1443 3811 der
1466 3764 1735 3823 syrischen
1769 3764 1908 3811 Lite-

255 3838 423 3891 ratur,
456 3836 700 3891 Bonnae,
735 3833 886 3889 1922,
917 3834 986 3880 ad
1015 3836 1268 3882 indicem.

328 3907 377 3954 2.
408 3907 487 3955 Cf.
533 3907 596 3954 G.
642 3908 819 3963 GRAF,
864 3906 1163 3954 Geschichte
1212 3907 1302 3954 der
1350 3907 1684 3954 christlichen
1736 3906 1909 3953 arabi-

252 3980 411 4026 schen
442 3980 725 4035 Literalur,
763 3979 869 4026 Ι-ΙΙ
896 3976 1080 4035 (Studi
1111 3992 1137 4025 e
1169 3978 1335 4035 Testi,
1370 3978 1468 4025 118
1499 3981 1554 4025 et
1588 3977 1726 4035 133),
1756 3978 1909 4025 Vati-

256 4051 400 4106 cani,
432 4050 752 4106 1944-1947,
781 4051 849 4097 ad
889 4048 1092 4097 indices
1129 4053 1184 4097 et
1222 4051 1290 4098 ad
1328 4050 1565 4098 indicem
1604 4049 1909 4109 generalem

253 4122 321 4182 (t.
353 4122 419 4179 V,
450 4123 701 4182 Register,
734 4122 908 4181 1953).

328 4219 376 4266 3.
407 4219 486 4268 Cf.
525 4220 593 4266 M.
631 4197 1070 4276 TARCHNiseri,
1115 4220 1413 4267 Geschichte
1455 4220 1545 4266 der
1584 4218 1908 4266 kirchlichen

253 4292 586 4351 georgischen
631 4292 895 4339 Literatur
935 4292 1119 4349 (Studi
1164 4304 1192 4338 e
1236 4291 1403 4347 Testi,
1453 4292 1589 4349 185),
1635 4291 1907 4346 Vaticani,

260 4363 415 4418 1955,
446 4362 514 4409 ad
544 4362 798 4409 indicem.

325 4436 377 4482 4.
406 4433 491 4482 W.
534 4433 848 4490 DRIESSEN,
887 4437 986 4483 Les
1013 4432 1229 4480 recueils
1256 4434 1573 4481 manuscrits
1613 4432 1908 4481 arméniens

255 4505 317 4552 de
345 4506 490 4553 saint
522 4506 719 4562 Basile,
752 4507 805 4552 in
837 4507 909 4554 Le
943 4504 1191 4560 Muséon,
1224 4505 1424 4560 LXVI,
1460 4505 1612 4561 1953,
1644 4519 1695 4565 p.
1728 4504 1906 4553 65-95.

329 4578 377 4624 5.
408 4576 487 4625 Cf.
550 4582 737 4625 autem
799 4578 881 4624 W.
940 4578 1299 4631 KAMMERER,
1352 4579 1396 4623 Α
1466 4577 1649 4637 Captic
1710 4576 1909 4623 Biblio-

255 4649 477 4710 graphy,
510 4648 627 4697 loco
662 4649 809 4696 dicto
843 4651 968 4697 Ann
1002 4650 1195 4704 Arbor,
1234 4648 1385 4703 1950,
1419 4662 1470 4708 p.
1505 4649 1591 4705 60,
1625 4651 1677 4695 et
1712 4649 1771 4695 L.
1805 4648 1906 4694 Th.

258 4720 507 4776 Laron'r,
544 4722 643 4767 Les
683 4722 1066 4769 Constitutions
1104 4719 1390 4779 ascetiques
1426 4721 1486 4765 de
1524 4722 1579 4767 S.
1619 4720 1817 4776 Basile,
1853 4720 1906 4766 in

258 4792 332 4839 Le
361 4791 612 4848 Muséon,
641 4792 853 4848 LXIX,
886 4792 1039 4848 1956,
1068 4805 1121 4851 p.
1151 4792 1295 4838 5-10.

326 4864 377 4912 6.
407 4864 469 4911 G.
496 4863 674 4920 ΘΒΜ-κ
710 4863 827 4911 loco
867 4864 1096 4912 laudato
1134 4864 1212 4922 (n.
1236 4862 1288 4922 2)
1322 4866 1608 4909 enumerat
1639 4863 1908 4921 quasdam

256 4936 526 4983 editiones
570 4937 802 4993 arabas;
848 4935 1120 4983 armenice
1162 4935 1342 4982 editae
1384 4937 1515 4981 sunt
1556 4934 1811 4981 homiliae
1852 4934 1907 4980 in

259 5008 660 5063 Hexaemeron,
695 5007 960 5062 Venetiis,
999 5006 1148 5054 1830.

328 5079 376 5127 7.
407 5078 489 5126 De
535 5080 778 5138 antiquis
834 5079 1175 5127 versionibus
1230 5078 1415 5124 latinis
1470 5077 1524 5123 in
1582 5089 1791 5135 genere,
1836 5076 1906 5125 cf.

256 5150 320 5197 A.
381 5152 711 5207 SIEGMUND,
770 5152 871 5198 Die
935 5148 1355 5209 Ueberlieferung
1410 5149 1500 5195 der
1553 5148 1907 5207 griechischen

255 5222 588 5270 christlichen
614 5224 879 5270 Literatur
906 5224 959 5269 in
986 5223 1075 5268 der
1098 5221 1439 5267 lateinischen
1468 5221 1665 5267 Kirche
1690 5221 1766 5267 bis
1791 5234 1909 5267 zum

256 5293 399 5341 XII.
430 5294 796 5341 Jahrhundert
818 5294 985 5353 (Abh.
1019 5293 1112 5339 der
1144 5292 1337 5351 Bayer.
1371 5292 1663 5339 Benedikt.
1693 5292 1908 5339 Akade-

257 5366 380 5422 mie,
414 5366 503 5424 V),
539 5365 1063 5424 Mtinchen-Pasing,
1102 5364 1256 5419 1949,
1290 5364 1359 5411 ad
1393 5364 1646 5410 indicem.
1685 5363 1775 5410 Cir
1810 5364 1908 5411 eti-

256 5449 345 5485 am
385 5438 447 5485 Β.
493 5440 785 5493 ALTANER,
823 5437 1064 5496 Beitrdge
1100 5449 1193 5482 zur
1232 5435 1530 5484 Geschichte
1564 5436 1655 5482 der
1689 5435 1909 5481 altlatei-

257 5509 477 5557 nischen
546 5508 990 5567 Uebersetzungen
1038 5521 1136 5555 von
1192 5506 1557 5565 therschrift,
1602 5506 1656 5552 in
1702 5504 1908 5554 Histor.

258 5580 473 5637 Jahrb.,
503 5580 656 5637 LXI,
688 5581 842 5636 1941,
871 5578 1125 5628 208-226.

325 5651 375 5700 8.
406 5652 614 5699 Textus
642 5652 695 5698 in
727 5652 784 5698 P.
814 5653 876 5699 G.
901 5651 987 5707 31,
1020 5649 1337 5697 1723-1794.
1359 5648 1438 5697 Cf.
1468 5648 1785 5704 M.HuoLo,
1812 5648 1909 5695 Les

255 5724 538 5771 anciennes
576 5724 809 5770 versions
837 5722 1023 5770 latines
1052 5722 1139 5769 des
1167 5720 1412 5768 homélies
1442 5720 1502 5766 de
1531 5720 1677 5766 saint
1707 5719 1905 5775 Basile,

254 5796 309 5843 In
342 5797 517 5843 Revue
547 5795 903 5851 Bénédicline,
936 5793 1138 5849 LXIV,
1173 5793 1328 5849 1954,
1356 5805 1407 5852 p.
1441 5790 1686 5838 129-132.

2087 3763 2140 3811 9.
2170 3762 2249 3811 Cf.
2279 3762 2649 3817 Gmnouonr,
2677 3760 3002 3821 Ascétiques,
3027 3775 3082 3823 p.
3113 3761 3326 3809 95—107.

2093 3834 2174 3881 10.
2204 3834 2268 3881 Ε.
2312 3834 2530 3881 ΑΜΑΝι)
2575 3846 2651 3879 DE
2696 3833 3008 3880 MENDIETA
3053 3859 3071 3866 -
3117 3833 3194 3880 St.
3242 3833 3308 3881 Y.
3354 3833 3665 3891 Runnrao,

2019 3905 2353 3961 Eustathius,
2388 3905 2661 3952 Ancienne
2698 3906 2903 3952 version
2941 3904 3101 3952 latine
3137 3904 3223 3951 des
3260 3906 3395 3964 neuf
3422 3905 3665 3952 homélies

2017 3989 2111 4023 sur
2156 3976 2557 4024 l'Hexaemeron
2604 3976 2665 4022 de
2716 3975 2895 4023 Basile
2940 3975 3001 4023 de
3052 3974 3265 4023 Cesaree
3308 3976 3506 4035 (Texte
3555 3977 3665 4023 und

2019 4048 2538 4108 Untersuchungen,
2571 4047 2678 4107 66),
2716 4047 2972 4103 Berolini,
3011 4047 3159 4094 1958.

2092 4121 2173 4167 11.
2205 4119 2283 4168 Cf.
2320 4119 2391 4167 M.
2428 4119 2657 4175 HuoLo,
2690 4132 2828 4178 opus
2862 4118 3148 4165 laudatum
3178 4118 3255 4176 (n.
3291 4119 3321 4165 8
3358 4122 3560 4177 supra).

2092 4191 2173 4237 12.
2206 4191 2283 4239 Cf.
2319 4192 2688 4245 GRIBOMONT,
2723 4189 3047 4250 Ascétiques,
3083 4204 3133 4249 p.
3170 4190 3369 4247 91-94;
3406 4190 3546 4236 adde
3582 4203 3666 4236 co-

2020 4262 2193 4309 dicem
2232 4262 2439 4309 Matrit.
2478 4262 2782 4309 Noviciado
2820 4261 2886 4308 de
2922 4262 2973 4309 la
3011 4261 3366 4308 Universitad
3403 4262 3468 4308 97
3500 4262 3665 4320 (saec.

2093 4405 2172 4452 13.
2202 4404 2281 4453 Cf.
2312 4406 2548 4460 AMAND,
2587 4404 2855 4459 Editions,
2892 4403 3047 4459 LIII,
3084 4416 3136 4462 p.
3181 4403 3298 4459 124,
3335 4416 3389 4449 η.
3428 4403 3476 4449 2.
3518 4403 3668 4450 Haec

2017 4477 2308 4524 translatio
2352 4475 2613 4531 Venetiis,
2657 4475 2794 4521 A.D.
2845 4475 2996 4531 1530,
3040 4474 3189 4521 edita
3232 4477 3334 4530 est,
3378 4477 3571 4533 postea
3614 4475 3666 4520 in

2020 4560 2218 4607 magna
2266 4548 2506 4595 editione
2555 4546 2728 4594 latina
2778 4546 2861 4593 W.
2915 4545 3143 4593 Musculi
3189 4545 3460 4605 (Basileae
3514 4546 3667 4605 1540)

2018 4620 2241 4673 inserta,
2265 4620 2388 4667 dein
2414 4633 2443 4667 a
2468 4619 2530 4667 G.
2555 4618 2846 4666 Tilmanno
2870 4618 2922 4664 in
2948 4618 3081 4664 1547
3105 4621 3366 4665 correcta.
3394 4617 3669 4664 Praefatio

2018 4692 2292 4738 Ambrosii
2340 4692 2393 4737 in
2445 4691 2505 4737 Ε.
2558 4690 2869 4746 ΜΑιῖτὲΝε,
2929 4689 3163 4735 Veterum
3211 4691 3669 4736 monumentorum

2016 4763 2265 4819 collectio,
2300 4762 2404 4817 ΙΙΙ,
2435 4762 2672 4816 Parisiis,
2706 4762 2858 4816 1724,
2888 4762 3166 4807 invenitur
3195 4774 3247 4819 p.
3279 4761 3526 4807 700-701.

2091 4836 2173 4883 14.
2202 4834 2282 4882 Cf.
2310 4834 2364 4881 C.
2396 4834 2635 4882 HEFELE
2662 4859 2680 4865 -
2709 4833 2779 4881 H.
2808 4833 3130 4887 LECLERCQ,
3161 4832 3394 4878 Histoire
3418 4832 3504 4878 des
3534 4833 3669 4880 Con-

2017 4906 2158 4961 ciles,
2188 4905 2317 4961 VII,
2348 4906 2399 4961 2,
2433 4905 2667 4960 Parisiis,
2704 4904 2854 4960 1916,
2886 4917 2937 4963 p.
2971 4904 3091 4961 9'78,
3123 4904 3244 4960 980,
3276 4903 3525 4951 989-992.

2093 4978 2172 5024 15.
2202 4977 2441 5024 Textum
2508 4976 2745 5023 latinum
2813 4976 3058 5023 Thomae
3126 4974 3511 5030 Parentucelli,
3578 4974 3671 5033 qui

2018 5052 2210 5108 postea
2255 5048 2513 5095 Nicolaus
2560 5048 2710 5107 Papa
2754 5046 2801 5091 V
2845 5047 3049 5094 electus
3079 5050 3195 5101 'est,
3240 5046 3556 5102 dedicavit;
3602 5045 3671 5092 cf.

2020 5121 2079 5168 L.
2129 5121 2396 5175 MOHLER,
2444 5122 2558 5166 Aus
2607 5119 2919 5167 Bessarions
2970 5118 3375 5165 Gelehrtenkreis
3418 5117 3668 5177 (Quellen

2020 5193 2133 5239 und
2178 5193 2564 5247 Forschungen
2609 5204 2705 5238 aus
2750 5190 2873 5236 dem
2918 5190 3145 5237 Gebiete
3189 5190 3283 5236 der
3327 5189 3672 5244 Geschichte,

2021 5264 2255 5323 XXIV),
2295 5263 2695 5318 Paderbornae,
2737 5261 2889 5317 1942,
2927 5275 2979 5319 p.
3020 5261 3267 5308 452-453.

2090 5336 2169 5383 16.
2199 5335 2278 5383 Cf.
2302 5335 2362 5382 L.
2387 5335 2654 5391 Monum,
2676 5333 2769 5390 1.1.,
2793 5347 2843 5393 p.
2869 5333 3100 5380 450-452
3131 5336 3185 5379 et
3218 5331 3465 5379 593-594.
3490 5330 3671 5380 Codex

2022 5408 2114 5453 ubi
2160 5406 2345 5453 Basilii
2390 5406 2511 5452 libri
2557 5406 2769 5452 inventi
2814 5408 2944 5451 sunt
2988 5408 3071 5451 est
3115 5417 3279 5460 nunc,
3326 5406 3388 5449 ut
3433 5402 3671 5457 videtur,

2021 5478 2357 5526 Venetianus
2388 5478 2439 5525 S.
2472 5478 2639 5525 Marci
2668 5477 2733 5524 58
2757 5477 2919 5535 (saec.
2954 5476 3046 5534 X).

2095 5550 2177 5597 17.
2207 5548 2370 5597 Nunc
2398 5548 2585 5596 Basilii
2611 5548 2843 5608 epistola
2871 5547 2919 5594 2.

1817 5967 2101 6029 ,3.-
