4008 6450
340 526 634 589 stabant.
666 523 1033 605 Epistolam
1061 521 1260 602 igitur
1286 521 1466 584 illam
1502 521 1608 583 Fr.
1641 521 2018 601 Philelphus
2054 520 2462 601 (1398-1481)
2496 521 2591 600 (ι),
2621 525 2985 585 tractatum
3015 539 3168 583 vero
3199 522 3271 585 L.
3303 522 3515 584 Bruni
3542 521 3766 600 (1370-

347 625 528 704 1444)
568 623 646 703 (ε)
690 623 891 685 latine
935 622 1158 682 vertit.
1217 620 1539 683 Homilias
1593 621 1865 682 tandem
1912 620 1992 681 In
2039 621 2488 692 Hexaemeron,
2535 620 2690 680 novi
2735 621 3076 682 cuiusdam
3120 621 3369 683 Timaei
3414 621 3649 691 instar,
3700 621 3764 681 J.

340 721 788 803 Argyropulus
820 719 1204 800 (1410-1486
1241 720 1432 799 circa)
1464 719 1543 799 (³)
1576 718 1738 781 item
1773 718 2079 781 reddidit.

1516 920 1655 994 VI.
1693 920 2092 993 Editiones
2129 918 2570 1018 singulares.

508 1090 725 1151 Pn'mo
749 1088 928 1169 typis
953 1089 1109 1151 data
1137 1092 1291 1149 sunt
1318 1104 1484 1166 quae
1509 1104 1704 1166 supra
1755 1087 2260 1149 memoravimus
2286 1104 2480 1167 opera
2507 1086 2732 1158 latina,
2783 1092 2849 1148 et
2873 1087 3044 1148 inter
3069 1087 3334 1167 quidem
3358 1088 3769 1149 incunabula

340 1208 546 1269 usque
576 1188 776 1249 vicies
819 1186 1144 1248 Tractatus
1174 1185 1255 1247 ad
1296 1186 1543 1247 iuvenes
1568 1184 1667 1264 (4),
1698 1185 1927 1265 bisque
1966 1184 2241 1266 epistola
2281 1186 2364 1248 ad
2406 1184 2786 1264 Gregorium
2813 1185 2911 1264 (⁸).
2945 1185 3186 1248 Graece
3225 1187 3518 1257 tandem,
3550 1186 3773 1247 Vene-

339 1287 450 1348 tiis
483 1286 660 1367 apud
693 1286 938 1348 Aldum
971 1284 1344 1347 Manutium
1375 1284 1541 1347 A.D.
1584 1283 1762 1356 1499,
1799 1283 2041 1364 prodiit
2074 1283 2291 1346 Marco
2328 1284 2592 1346 Musuro
2637 1283 2976 1364 colligente
3018 1284 3394 1364 anthologia
3429 1285 3772 1364 quaedam

339 1385 763 1464 antiquarum
799 1383 1244 1463 epistolarum,
1272 1383 1443 1444 inter
1469 1400 1634 1461 quas
1660 1381 1742 1442 44
1768 1382 2012 1444 Basilio
2040 1382 2536 1445 ascribebantur
2557 1382 2655 1461 (‘).
2687 1382 3106 1462 Haganoensi
3144 1389 3367 1462 postea
3400 1382 3473 1443 61
3518 1383 3772 1462 episto-

338 1483 434 1546 las
469 1482 718 1553 Basilii,
751 1500 880 1544 una
910 1500 1060 1542 cum
1091 1480 1379 1560 Gregorii
1417 1480 1812 1544 Nazianzeni
1849 1480 2160 1561 epistolis,
2190 1481 2268 1542 V.
2303 1480 2682 1561 Obsopaeus
2710 1481 2878 1543 A.D.
2916 1481 3075 1543 1528
3103 1481 3309 1542 edidit
3335 1481 3431 1560 (⁷).
3463 1480 3771 1542 Venetiis

336 1582 596 1652 iterum,
638 1580 984 1661 praecipue
1024 1585 1247 1641 tamen
1289 1581 1372 1642 ad
1415 1597 1607 1641 usum
1647 1579 2014 1642 animarum
2055 1579 2333 1660 piarum,
2376 1580 2667 1658 regulam
2707 1579 2934 1642 Basilii
2975 1597 3012 1641 a
3057 1580 3296 1641 Ruﬁno
3338 1579 3767 1650 translatam,

335 1680 532 1741 simul
564 1698 640 1742 ac
672 1678 930 1758 regulas
972 1677 1333 1748 Benedicti,
1369 1677 1721 1757 Augustini
1754 1681 1822 1738 et
1855 1677 2182 1740 Francisci
2227 1678 2288 1739 J.
2328 1677 2432 1739 Fr.
2469 1678 2820 1740 Brixianus
2854 1696 3027 1740 anno
3068 1678 3228 1740 1500
3261 1678 3444 1740 dedit
3475 1677 3552 1757 (⁸)
3581 1699 3597 1748 ;
3643 1679 3768 1756 qui

337 1777 498 1839 liber
523 1795 783 1839 rursum
811 1776 993 1856 typis
1021 1777 1374 1838 mandatus
1402 1780 1505 1836 est
1535 1775 1889 1855 Rotomagi
1913 1776 2128 1854 (1510)
2155 1781 2223 1836 et
2254 1776 2517 1838 Parisiis
2542 1776 2779 1854 (1514).
2811 1775 3044 1838 Latine
3074 1777 3234 1837 item
3264 1776 3514 1838 Romae
3541 1776 3770 1854 (1515)

335 1875 543 1937 edidit
591 1875 674 1937 R.
726 1875 1003 1937 Maﬂeus
1051 1873 1537 1945 Volaterranus,
1591 1873 1847 1953 Georgii
1895 1873 2360 1953 Trapezuntini
2411 1873 2787 1954 discipulus,
2840 1874 3141 1937 homilias
3196 1875 3270 1935 16
3319 1875 3384 1936 in
3437 1874 3767 1946 Psalmos,

336 1974 638 2036 homilias
681 1973 959 2034 morales
1001 1972 1102 2042 20,
1154 1973 1510 2033 Tractatum
1554 1971 1636 2032 ad
1681 1973 1948 2043 iuvenes,
1994 1990 2244 2033 necnon
2289 1977 2357 2032 et
2401 1973 2726 2050 quaedam
2768 1972 3138 2051 fragmenta
3183 1973 3487 2043 ascetica,
3535 1973 3765 2033 omnia

333 2076 558 2134 tamen
601 2071 862 2132 liberius
901 2069 1221 2132 translata
1251 2070 1350 2148 (').
1385 2070 1718 2148 alteroque
1750 2070 2079 2131 volumine
2120 2069 2420 2131 homilias
2454 2070 2534 2130 In
2567 2071 2992 2131 Hexaemeron
3025 2070 3328 2132 adiunxit
3360 2071 3424 2132 in
3458 2071 3762 2131 versione

334 2169 909 2249 argyropolutana.
962 2168 1143 2230 Haec
1192 2170 1420 2230 eadem
1466 2168 1706 2229 iterum
1756 2167 2018 2230 Parisiis
2062 2167 2277 2246 (1520)
2324 2167 2505 2247 typis
2554 2168 2898 2230 mandavit
2947 2169 3011 2229 J.
3064 2169 3274 2230 Faber
3324 2169 3758 2239 Stabulensis,

334 2267 579 2330 additis
608 2267 788 2328 libris
818 2267 1130 2328 adversus
1163 2266 1562 2328 Eunomium
1590 2271 1657 2326 et
1689 2267 1767 2327 de
1803 2266 2044 2345 Spiritu
2079 2267 2317 2328 Sancto
2348 2267 2556 2327 versis
2586 2285 2622 2328 a
2657 2266 2928 2345 Georgio
2960 2266 3466 2346 Trapezuntino,
3501 2285 3759 2327 necnon

332 2371 401 2426 et
431 2365 651 2444 regula
685 2366 1035 2443 desumpta
1069 2365 1149 2425 de
1182 2363 1513 2426 Brixiano.
1552 2363 1733 2426 Haec
1765 2364 2024 2444 copiosa
2059 2382 2253 2444 opera
2288 2363 2493 2426 latina
2527 2364 2910 2444 prodierunt
2942 2364 3145 2426 etiam
3176 2365 3341 2426 ΑΒ.
3384 2364 3543 2426 1523
3579 2365 3763 2426 Pari-

332 2463 464 2535 siis,
495 2464 608 2524 sed
637 2467 704 2524 et
735 2462 1036 2525 Coloniae
1067 2461 1462 2541 Agrippinae
1493 2462 1680 2524 annis
1716 2462 1873 2524 1523
1903 2467 1970 2523 et
2004 2462 2182 2524 1531.
2217 2463 2467 2524 Romae
2497 2463 2745 2524 interea
2776 2463 2940 2523 ΑΒ.
2979 2462 3138 2524 1517
3167 2479 3391 2542 graece
3428 2462 3761 2523 Tractatus

334 2561 416 2623 ad
441 2562 690 2623 iuvenes
713 2561 786 2621 de
810 2559 1078 2639 legendis
1111 2559 1288 2621 libris
1311 2560 1637 2639 gentilium
1659 2560 1766 2640 (ιο)
1810 2561 2206 2640 quibusdam
2231 2562 2535 2640 operibus
2557 2561 2910 2623 moralibus
2931 2565 2997 2621 et
3021 2561 3473 2640 paedagogicis
3496 2560 3762 2622 Cebetis

332 2664 401 2721 et
436 2659 772 2722 Plutarchi
808 2659 1193 2720 coniunctus
1227 2662 1353 2719 est.

1506 2858 1690 2932 VII.
1728 2857 2126 2932 Editiones
2163 2857 2573 2957 generales.

501 3027 799 3089 Basileae
837 3027 1130 3098 tandem,
1172 3043 1343 3088 anno
1388 3025 1568 3096 1532,
1609 3024 1963 3087 editionem
2001 3025 2359 3106 principem
2398 3041 2700 3105 graecam
2738 3025 3014 3097 curavit,
3056 3024 3429 3104 sumptibus
3468 3025 3554 3086 l-I.
3598 3025 3760 3086 Fro-

331 3125 528 3197 benii,
563 3125 646 3187 D.
683 3125 996 3186 Erasmus
1024 3123 1150 3203 (ιι),
1185 3124 1297 3203 qui
1330 3125 1414 3186 ad
1445 3123 1930 3186 reformandam
1960 3129 2028 3184 et
2058 3125 2508 3186 renovandam
2538 3141 2790 3186 sacram
2824 3123 3192 3186 doctrinam
3224 3124 3454 3185 Patres
3487 3124 3760 3202 quidem

331 3223 570 3285 latinos
619 3223 1118 3302 Hieronymum,
1158 3221 1578 3302 Cyprianum,
1619 3222 2061 3292 Ambrosium,
2103 3221 2427 3283 Hilarium
2456 3222 3029 3301 Augustinumque
3080 3222 3259 3302 typis
3297 3223 3756 3293 mandaverat,

328 3321 648 3384 Basilium
687 3325 931 3392 autem,
972 3339 1178 3382 unum
1215 3339 1299 3381 ex
1338 3319 1619 3392 Graecis,
1659 3321 1791 3382 iam
1829 3338 2029 3381 senex
2065 3320 2188 3380 sibi
2227 3321 2488 3399 delegit,
2531 3321 2925 3381 Frobenium
2963 3339 3156 3381 suum
3194 3320 3497 3382 laudibus
3536 3338 3760 3399 prose-

329 3436 536 3498 quens
572 3420 748 3499 quod
784 3420 1033 3499 primus
1069 3419 1240 3480 inter
1277 3419 1634 3480 Germanos
1668 3435 1972 3498 graecum
2009 3423 2344 3480 auctorem
2381 3424 2575 3481 antea
2613 3437 2742 3480 non
2779 3419 3162 3498 evulgatum
3198 3419 3516 3479 excudere
3553 3436 3757 3479 ausus

327 3523 502 3578 esset
529 3538 546 3589 ;
573 3534 798 3596 graece
825 3523 1090 3579 tantum
1118 3535 1350 3597 corpus
1377 3516 1791 3579 homiliarum
1818 3517 2008 3596 quasi
2033 3517 2359 3595 integrum
2387 3518 2690 3596 praebuit
2716 3536 2798 3578 ex
2825 3517 3075 3596 optimo
3102 3517 3476 3596 exemplari,
3507 3517 3759 3577 additis

328 3614 610 3676 homiliis
649 3615 728 3676 In
764 3615 1212 3686 Hexaemeron,
1249 3619 1544 3677 tractatu
1581 3616 1676 3676 De
1714 3616 1961 3695 Spiritu
2001 3615 2227 3677 Sancto
2263 3615 2646 3694 cunctisque
2681 3615 2973 3694 epistolis
3009 3615 3140 3676 iam
3178 3618 3372 3676 antea
3410 3633 3445 3676 a
3483 3613 3755 3674 Musuro

330 3712 801 3793 Obsopaeoque
829 3714 1138 3793 vulgatis.
1171 3714 1420 3774 Eodem
1449 3732 1620 3776 anno
1650 3715 2008 3792 eodemque
2038 3713 2176 3774 loco
2206 3731 2496 3774 seorsum
2525 3713 2725 3774 latine
2746 3713 2947 3774 vertit
2975 3713 3148 3774 idem
3172 3713 3483 3774 Erasmus
3512 3712 3757 3772 librum

328 3810 423 3872 De
456 3811 704 3891 Spiritu
739 3813 984 3874 Sancto.

2085 4067 2165 4126 (et
2202 4066 2375 4125 1551),
2409 4065 2502 4113 sed
2534 4068 2590 4113 et
2622 4064 2833 4113 Romae
2866 4078 3011 4113 anno
3047 4067 3199 4114 1510.

2159 4138 2208 4186 6.
2240 4137 2318 4186 Ci.
2357 4137 2670 4194 RUDBERG,
2710 4136 2986 4185 Tradition
3021 4137 3364 4194 manuscrite,
3397 4151 3450 4197 p.
3487 4138 3570 4185 48.

401 4066 448 4113 1.
485 4064 565 4114 CI.
599 4064 666 4113 V.
699 4065 895 4122 Rossr,
939 4066 1155 4126 Filelfo,
1197 4066 1250 4113 in
1294 4066 1676 4128 Enciclopedia
1723 4066 1978 4125 Italiana,

322 4136 450 4194 XV,
479 4136 792 4194 Mediolani,
822 4137 976 4193 1932,
1001 4151 1055 4198 p.
1083 4138 1202 4185 281.

396 4208 445 4256 2.
475 4207 556 4257 Ci.
584 4210 649 4257 Α.
679 4208 769 4256 DE
798 4209 1031 4266 MEYER,
1061 4209 1255 4266 Bruni,
1292 4211 1347 4256 in
1383 4209 1757 4258 Dictionnaire
1789 4211 1976 4258 d’His-

324 4280 451 4328 toire
474 4281 603 4328 etde
629 4280 950 4342 Geographie
973 4281 1430 4342 Ecclésiastiques,
1458 4281 1530 4339 X,
1558 4281 1793 4339 Parisiis,
1823 4281 1975 4340 1938,

324 4351 424 4399 col.
454 4351 707 4400 944-946.

394 4422 443 4471 3.
473 4422 552 4472 Cf.
583 4423 636 4471 J.
668 4423 926 4480 DEDIEU,
955 4423 1373 4485 Argyrapoulos,
1409 4425 1464 4471 in
1503 4424 1694 4472 eodem
1733 4424 1974 4473 Diction-

323 4495 493 4552 naire,
525 4494 617 4552 IV,
644 4495 883 4552 Parisiis,
912 4495 1065 4553 1930,
1091 4495 1192 4543 col.
1219 4495 1398 4544 91-93.

391 4567 442 4614 4.
472 4566 654 4614 Primo
713 4566 977 4624 Venetiis,
1031 4568 1203 4625 1470;
1265 4567 1389 4615 dein
1451 4567 1700 4624 Parmae,
1763 4566 1973 4624 Budae,

322 4637 637 4696 Mediolani,
668 4637 1083 4699 Norimbergae,
1117 4639 1332 4696 Ulmae,
1367 4639 1704 4698 Moguntiae,
1739 4639 1973 4699 Lipsiae,

322 4708 492 4769 Burgi
554 4709 782 4770 (Hisp.),
851 4709 1239 4767 Salmantlcae,
1309 4710 1667 4771 Pampilone;
1738 4723 1973 4770 quorum

319 4782 568 4828 omnium
616 4781 922 4828 editionum
969 4781 1119 4830 tituli
1168 4781 1581 4842 diligentissime
1629 4785 1975 4830 annotantur

319 4852 374 4898 in
403 4852 820 4912 Gesamtkatalog
844 4853 934 4900 der
967 4853 1388 4914 Wiegendrucke,
1423 4855 1525 4911 III,
1553 4854 1787 4914 Lipsiae,
1819 4853 1971 4911 1928,

319 4924 420 4970 sub
442 4924 682 4971 numeris
704 4923 1008 4973 3700-3718
1034 4939 1045 4982 ;
1070 4925 1123 4973 in
1150 4925 1495 4974 Bibliotheca
1517 4925 1786 4974 Vaticana
1810 4939 1971 4986 porro

316 4995 504 5043 inveni
537 4995 670 5044 alias
704 4996 991 5054 editiones,
1027 4997 1239 5045 Romae
1267 4999 1434 5057 (circa
1473 4998 1625 5057 1476)
1660 5001 1715 5045 et
1753 4997 1971 5045 Floren-

316 5067 426 5115 tiae
454 5068 621 5128 (circa
657 5068 830 5127 1495),
865 5081 1006 5128 quae
1039 5069 1092 5115 in
1127 5070 1232 5116 isto
1267 5069 1517 5127 catalogo
1551 5081 1660 5116 non
1695 5071 1971 5129 reperiun-

315 5141 444 5196 tur;
475 5139 617 5187 adde
647 5139 944 5187 editionem
979 5140 1379 5188 Bononiensem
1412 5141 1543 5188 anni
1577 5141 1729 5197 1497,
1761 5153 1792 5188 a
1822 5144 1970 5188 cata-

315 5209 436 5269 logo
459 5211 560 5258 sub
583 5212 803 5259 nomine
817 5210 1097 5260 Censorini
1126 5213 1479 5271 datam,quia
1502 5211 1714 5260 libellus
1729 5212 1972 5260 diversos

315 5285 566 5329 auctores
611 5283 880 5340 continet,
926 5283 1070 5330 inter
1115 5297 1252 5343 quos
1298 5287 1353 5331 et
1402 5285 1588 5331 Basilii
1634 5284 1858 5331 homilia
1906 5284 1972 5331 de

313 5354 523 5400 invidia
563 5367 592 5401 a
631 5354 700 5401 N.
745 5355 970 5402 Perotto
1009 5355 1299 5402 translata.
1340 5354 1490 5402 Nihil
1531 5355 1596 5403 de
1635 5355 1971 5404 editionibus

314 5428 441 5485 post
475 5438 684 5473 annum
722 5426 856 5474 1500
891 5426 1029 5474 dico.

383 5497 432 5544 5.
463 5496 649 5544 Editio
692 5498 965 5558 princeps,
1008 5497 1271 5554 Venetiis,
1309 5498 1480 5555 1471;
1523 5498 1726 5545 ibidem
1770 5499 1971 5546 iterum

312 5568 462 5628 typis
490 5568 623 5616 data
650 5571 733 5616 est
761 5569 904 5616 inter
936 5569 1069 5617 1498
1097 5571 1152 5616 et
1184 5569 1335 5625 1500,
1365 5583 1475 5618 una
1502 5583 1626 5616 cum
1656 5569 1970 5626 Censorino,

312 5637 530 5696 Cebete,
567 5639 882 5697 Plutarcho,
918 5643 972 5688 et
1009 5640 1195 5688 Basilii
1230 5641 1456 5689 homilia
1490 5641 1556 5689 de
1590 5642 1799 5689 invidia
1834 5655 1865 5688 a
1899 5639 1968 5688 N.

313 5709 538 5758 Perotto
572 5711 864 5768 translata,
899 5712 965 5759 de
999 5725 1108 5772 qua
1141 5715 1333 5760 notam
1367 5713 1789 5774 praecedentem
1825 5713 1968 5760 vide.

312 5781 511 5830 Postea
545 5783 744 5830 iterum
781 5784 1006 5832 dabitur
1043 5784 1336 5831 Mediolani
1372 5786 1514 5833 circa
1554 5786 1686 5833 1503
1721 5787 1777 5832 et
1817 5785 1970 5841 1504,

310 5855 365 5900 et
420 5853 638 5904 Parisiis
694 5855 844 5902 1510.
898 5854 1021 5903 Alia
1073 5855 1364 5904 translatio
1418 5869 1449 5905 a
1500 5857 1617 5905 viro
1670 5855 1969 5904 clarissimo

311 5923 373 5972 G.
406 5925 632 5973 Budaeo
662 5927 866 5987 scripta
894 5927 1100 5988 publici
1128 5927 1256 5974 iuris
1285 5927 1378 5976 fiet
1409 5928 1626 5976 Parisiis
1654 5941 1800 5977 anno
1833 5928 1964 5976 1505

2158 4210 2208 4258 7.
2240 4209 2318 4258 Cl.
2349 4209 2661 4264 RUDBERG,
2703 4208 2980 4257 Tradition
3015 4209 3358 4266 manuscrite,
3384 4223 3436 4270 p.
3464 4210 3547 4257 50.
3586 4210 3756 4258 Liber

2086 4281 2236 4341 typis
2271 4281 2437 4328 datus
2480 4284 2563 4329 est
2597 4281 2650 4328 in
2686 4281 2803 4328 loco
2849 4293 2996 4328 nunc
3030 4281 3177 4329 dicto
3213 4281 3603 4339 Grossenhain,
3639 4295 3752 4330 non

2089 4353 2417 4412 Haguenau,
2447 4357 2509 4400 ut
2539 4353 2819 4400 interdum
2849 4353 3068 4400 dicitur.

2157 4425 2206 4472 8.
2237 4424 2316 4472 Ct.
2347 4425 2721 4481 Gnmouour,
2760 4423 3087 4484 Ascétiques,
3125 4437 3178 4484 p.
3213 4425 3332 4481 100,
3370 4425 3465 4472 ubi
3502 4425 3570 4472 de
3608 4425 3753 4474 ulte-

2085 4496 2318 4543 rioribus
2354 4496 2690 4543 editionibus
2727 4496 2888 4543 huius
2925 4496 3143 4554 regulae
3179 4496 3398 4543 dicitur.

2155 4568 2205 4615 9.
2236 4566 2314 4616 Ct.
2371 4569 2612 4624 AMAND,
2674 4557 2942 4624 Editions,
2997 4568 3154 4624 LIII,
3195 4580 3249 4627 p.
3299 4567 3417 4624 123,
3461 4581 3516 4615 η.
3566 4570 3611 4615 1.
3660 4569 3749 4616 En

2086 4638 2381 4699 descriptio
2426 4639 2584 4687 istius
2628 4639 2937 4686 rarissimae
2981 4639 3240 4687 editionis
3286 4653 3297 4686 :
3345 4639 3592 4698 Gregorii
3639 4640 3753 4689 Na-

2084 4711 2329 4759 zianzeni
2361 4712 2416 4758 in
2450 4710 2669 4758 laudem
2707 4710 2894 4759 Basilii
2923 4711 3032 4770 (i.e.
3069 4711 3245 4758 oratio
3280 4711 3386 4769 43).
3425 4711 3614 4758 Basilii
3651 4712 3749 4759 ho-

2084 4782 2264 4830 miliae
2301 4783 2356 4829 in
2397 4782 2642 4830 Psalmos
2684 4784 2729 4839 1,
2770 4783 2818 4839 7,
2861 4784 2944 4839 14,
2987 4784 3046 4829 14
3082 4782 3208 4842 (2°),
3245 4783 3313 4830 28
3346 4785 3482 4841 (una
3519 4783 3754 4832 homilia

2084 4857 2348 4914 tantum),
2381 4854 2466 4910 29,
2502 4854 2586 4911 32,
2621 4854 2706 4910 33,
2742 4853 2827 4910 37,
2863 4855 2950 4910 44,
2983 4855 3069 4910 45,
3104 4855 3190 4909 48,
3224 4854 3309 4909 59,
3345 4855 3430 4910 61,
3470 4856 3588 4910 114,
3628 4857 3750 4903 115.

2085 4925 2358 4974 Homiliae
2391 4925 2622 4974 morales
2649 4926 2728 4985 (in
2762 4927 3145 4973 numeratione
3179 4925 3578 4984 Maurinorum)
3611 4927 3662 4982 6,
3697 4927 3752 4983 7,

2083 4998 2133 5053 8,
2172 4999 2219 5053 1,
2255 4997 2305 5053 2,
2346 4999 2428 5053 14,
2466 4999 2547 5054 11,
2587 4998 2668 5053 10,
2704 4996 2754 5052 3,
2790 4998 2840 5053 9,
2876 4999 2928 5052 4,
2964 4997 3012 5052 5,
3053 4997 3134 5053 15,
3174 4997 3254 5052 16,
3295 4997 3378 5052 12,
3413 4997 3499 5052 27,
3537 4997 3623 5053 26,
3661 4998 3752 5054 22,

2087 5069 2168 5125 19,
2219 5069 2300 5124 18,
2351 5069 2431 5116 13.
2481 5069 2692 5116 Deinde
2736 5068 3049 5128 fragmenta
3096 5069 3332 5116 ascetica
3379 5069 3630 5125 contusa,
3676 5083 3747 5118 ex

2082 5139 2232 5187 libris
2312 5140 2378 5187 de
2473 5141 2783 5200 Baptismo,
2875 5139 3380 5188 Constitutionibus
3473 5142 3746 5196 asceticis,

2083 5211 2329 5260 oratione
2360 5212 2613 5269 ascetica,
2643 5215 2699 5260 et
2729 5212 2972 5272 epistolis
3002 5211 3089 5268 42,
3119 5212 3151 5259 2
3180 5215 3236 5259 et
3266 5213 3350 5260 45.

2158 5284 2238 5330 10.
2272 5283 2525 5332 Ceterum
2557 5285 2623 5331 de
2653 5284 2898 5344 antiquis
2929 5284 3264 5331 editionibus
3295 5297 3523 5344 operum
3558 5283 3750 5332 Basilii

2084 5355 2202 5401 tuse
2227 5355 2472 5414 loquitur
2496 5355 2548 5402 J.
2575 5357 2639 5402 A.
2669 5356 3003 5412 FABRICIUS,
3029 5355 3352 5404 Bibliotheca
3379 5357 3594 5411 Graeca,
3620 5356 3750 5402 vide

2087 5426 2217 5475 P.G.
2274 5426 2359 5482 29,
2416 5426 2998 5484 CCXLI-CCLXXV;
3054 5427 3180 5474 vide
3233 5428 3402 5475 etiam
3461 5426 3750 5486 Catalogue

2037 5499 2040 5502 ’
2082 5497 2290 5558 general
2328 5499 2415 5546 des
2456 5498 2608 5545 liores
2651 5499 2922 5560 imprimés
2961 5499 3023 5546 de
3061 5499 3113 5545 la
3152 5499 3516 5558 Bibliothéque
3558 5499 3749 5545 Natio-

2083 5569 2220 5625 nale,
2243 5567 2406 5626 VIII,
2432 5569 2668 5625 Parisiis,
2696 5571 2822 5617 1901
2853 5585 2864 5628 ;
2894 5570 3112 5618 General
3137 5571 3420 5630 Catalogue
3444 5571 3505 5630 of
3526 5571 3749 5617 Printed

2083 5642 2258 5689 Books
2297 5642 2351 5689 in
2388 5643 2468 5688 the
2505 5640 2704 5689 British
2744 5642 3015 5698 Museum,
3054 5642 3156 5698 XI,
3193 5642 3450 5698 Londini,
3490 5641 3622 5689 1935
3649 5656 3662 5698 ;
3690 5646 3746 5689 et

2082 5713 2402 5774 praesertim
2457 5713 2744 5760 Deutscher
2797 5712 3234 5773 Gesamlkatalog,
3291 5713 3426 5769 XII,
3483 5713 3748 5769 Berolini,

2086 5784 2238 5906 193?:
2270 5854 2348 5903 Cf.
2385 5857 2623 5913 AMAND,
2689 5847 2955 5912 Editions,
3012 5855 3134 5911 LII,
3191 5868 3243 5915 p.
3286 5855 3514 5904 142-148
3567 5859 3624 5904 et
3659 5856 3738 5904 St.

2087 5928 2150 5975 Y.
2189 5927 2502 5984 Ruonsao,
2535 5929 2589 5975 in
2622 5929 2853 5984 Eranos,
2887 5927 3094 5984 LVIII,
3130 5927 3284 5984 1960,
3319 5941 3371 5987 p.
3407 5927 3588 5975 20-28.

1889 6105 2184 6165 _4_
