4008 6440
424 428 670 507 Corpus
704 426 1078 498 asceticum,
1103 426 1277 505 quod
1301 426 1513 488 adhuc
1536 424 2047 497 desiderabatur,
2070 426 2264 505 paqu
2288 432 2437 505 post
2454 427 2668 504 (1535)
2688 428 2976 488 Venetiis
2997 430 3339 491 ediderunt
3364 432 3440 493 R.
3470 434 3663 494 Polus

258 526 489 606 anglus
537 525 961 605 nonnullique
1011 524 1202 587 amici
1251 524 1330 585 de
1379 524 1837 585 reformatione
1888 523 2321 586 ecclesiastica
2373 524 2629 585 solliciti
2673 526 2769 604 (ι),
2824 545 2950 589 una
3011 544 3158 588 cum
3217 528 3394 590 libris
3452 532 3663 592 tribus

260 624 575 687 Adversus
606 624 997 686 Eunomium
1028 628 1096 685 et
1125 628 1417 685 tractatu
1450 624 1824 701 apocrypho
1858 623 1953 682 De
1982 622 2353 701 virginitate.
2390 623 2570 699 Quae
2601 625 2818 686 omnia
2852 624 3145 688 Basileae
3173 627 3382 705 (1551';
3419 629 3479 689 J.
3515 630 3664 690 Cor-

256 724 479 786 narius
515 722 785 784 editioni
821 721 1223 783 erasmianae
1261 720 1598 781 coniunxit
1630 720 1727 798 ('),
1767 721 1845 781 de
1891 739 2005 781 suo
2054 721 2300 782 addens
2346 723 2807 782 tantummodo
2846 724 3178 785 homiliam
3215 726 3337 787 Adi
3362 745 3530 787 crsus
3566 746 3663 788 eos

262 822 370 901 qui
400 820 887 891 calumniantur,
912 822 1205 899 duosque
1237 819 1498 881 ultimos
1525 824 1591 879 et
1619 819 1871 898 spurios
1892 819 2086 879 libros
2109 818 2423 881 Adversus
2446 821 2852 881 Eunomium.
2878 821 3033 882 Mox
3054 824 3434 901 prodierunt
3455 845 3663 888 novae

257 920 500 981 latinae
527 918 1102 999 interpretationes
1125 918 1222 996 (³),
1251 923 1318 978 et
1344 922 1478 978 tres
1506 916 1768 996 quidem
1805 916 1869 977 in
1910 936 2035 977 uno
2076 936 2245 979 anno
2280 917 2438 979 1540
2468 940 2480 979 :
2511 920 2668 979 dum
2697 918 2868 979 enim
2896 920 3197 998 Lugduni
3223 924 3300 983 A.
3332 923 3665 985 Fumanus

257 1036 453 1097 opera
497 1022 764 1079 tantum
809 1016 1089 1079 ascetica
1134 1016 1510 1077 includebat
1541 1015 1638 1093 (‘),
1676 1019 1741 1075 et
1776 1014 2070 1076 Basileae
2105 1016 2458 1077 anteriores
2492 1016 2821 1077 versiones
2854 1018 2953 1077 W.
2993 1018 3320 1081 Musculus
3356 1027 3665 1083 retracta-

259 1116 377 1177 bat
408 1115 506 1194 (⁸),
542 1115 785 1177 ibidem
821 1132 1016 1193 quem
1050 1133 1245 1195 supra
1291 1112 1795 1175 memoravimus
1838 1113 1899 1174 J.
1938 1113 2280 1175 Cornarius
2324 1116 2406 1176 ab
2451 1134 2573 1174 ovo
2620 1134 2782 1193 opus
2826 1116 3219 1178 instauravit
3250 1120 3367 1195 (5);
3406 1119 3666 1180 Parisiis

261 1213 562 1292 denique,
604 1232 775 1275 anno
819 1213 998 1284 1547,
1043 1212 1118 1273 G.
1158 1212 1563 1273 Tillmannus
1603 1211 2063 1272 carthusiensis
2102 1212 2337 1273 iterum
2386 1214 2761 1273 emendavit
2808 1214 3050 1292 priscas
3087 1217 3548 1277 translationes
3568 1217 3664 1295 (⁷).

260 1312 365 1372 Ex
398 1311 605 1373 tantis
639 1311 969 1373 laboribus
1004 1310 1505 1391 sumptibusque
1538 1315 1679 1371 tam
1714 1309 1895 1369 brevi
1929 1312 2241 1388 temporis
2275 1311 2486 1389 spatio
2524 1311 2802 1389 patratis
2836 1314 3248 1391 perspicuum
3282 1319 3383 1373 est
3418 1320 3665 1393 quanto

260 1410 326 1470 in
366 1410 610 1470 honore
649 1410 999 1470 haberetur
1038 1415 1491 1488 quantumque
1532 1406 1830 1469 attulerit
1869 1408 2289 1469 emolumenti
2329 1409 2615 1487 optimae
2655 1408 2977 1487 religionis
3016 1411 3460 1471 reformationi
3500 1414 3667 1473 basi-

259 1506 507 1568 lianum
544 1524 731 1586 opus.

424 1605 662 1665 Aetate
698 1604 997 1683 sequenti
1033 1604 1348 1665 relaxatio
1387 1604 1709 1681 quaedam
1744 1603 2135 1673 intercessit,
2172 1604 2235 1663 in
2275 1621 2399 1681 qua
2438 1608 2703 1663 tantum
2741 1605 2815 1664 G.
2854 1605 3073 1675 Morel,
3113 1624 3281 1666 anno
3325 1608 3501 1677 1556,
3542 1626 3667 1667 ser-

260 1720 486 1762 mones
528 1702 778 1781 aliquot
822 1701 1097 1762 morales
1138 1701 1343 1761 edidit
1387 1701 1640 1761 saeculo
1686 1701 1932 1760 decimo
1978 1720 2013 1761 a
2061 1700 2375 1779 Symeone
2419 1701 2865 1779 Metaphraste
2908 1722 2987 1762 ex
3031 1704 3332 1782 operibus
3373 1706 3667 1782 genuinis

260 1800 645 1878 compilatos
673 1799 771 1878 ('),
806 1801 965 1860 dum
1006 1800 1081 1860 B.
1116 1799 1472 1860 Vulcanius
1500 1798 1577 1875 (')
1618 1803 1684 1858 et
1726 1799 1806 1858 D.
1844 1798 2165 1859 Hoeschel
2194 1799 2297 1876 (ιο)
2338 1799 2746 1859 inseruerunt
2788 1806 3103 1877 quattuor
3136 1802 3409 1880 quisque
3444 1803 3666 1862 Basilii

259 1898 569 1976 epistolas
598 1898 663 1958 in
695 1897 1091 1957 editionibus
1122 1915 1286 1975 quas
1316 1901 1708 1957 curaverunt
1746 1896 1974 1956 Iuliani
2007 1902 2349 1975 apostatae
2380 1896 2484 1956 vel
2516 1897 2839 1975 Phrynici.

426 1996 615 2057 Anno
659 1994 819 2056 1618
857 1994 1120 2055 Parisiis
1157 1994 1230 2054 F.
1271 1994 1470 2055 Morel
1504 1994 1627 2071 (ιι),
1670 1994 1769 2053 cui
1808 1994 2118 2073 epistolas
2156 1994 2277 2055 200
2315 1994 2527 2055 adhuc
2565 1994 2867 2065 ineditas,
2907 2014 3017 2055 seu
3057 1997 3371 2074 optimam
3415 2003 3667 2073 partem

259 2092 685 2171 epistolarum
732 2093 977 2163 Basilii,
1025 2092 1217 2153 simul
1262 2111 1336 2152 ac
1382 2097 1641 2153 textum
1686 2108 1988 2169 graecum
2035 2092 2481 2152 commentarii
2525 2093 3150 2171 (pseudo-basiliani)
3198 2094 3257 2153 in
3318 2095 3548 2155 Isaiam
3596 2114 3668 2156 ac

261 2191 479 2252 varias
514 2190 919 2251 diversorum
954 2191 1251 2251 codicum
1286 2190 1596 2250 lectiones
1632 2190 2227 2250 communicaverat
2262 2190 2361 2249 vir
2396 2190 2771 2268 anglicanus
2810 2192 2887 2251 Η.
2928 2191 3391 2261 Montacutius,
3430 2212 3669 2254 novam

260 2288 615 2349 editionem
643 2289 1008 2367 generalem
1037 2288 1325 2349 excussit
1354 2309 1368 2359 ;
1401 2288 1610 2348 eidem
1642 2288 1928 2348 Fronton
1962 2290 2047 2348 du
2082 2289 2224 2348 Duc
2258 2288 2316 2349 S.
2352 2288 2412 2348 J.
2447 2294 2637 2348 notas
2668 2289 2956 2349 eruditas
2988 2290 3330 2368 variasque
3363 2291 3669 2351 lectiones

262 2388 550 2448 edendas
592 2387 752 2446 item
794 2386 1069 2458 curavit,
1115 2386 1453 2466 primaque
1496 2386 1635 2446 vice
1678 2386 2043 2446 versionem
2087 2387 2379 2455 latinam,
2424 2391 2489 2445 et
2534 2387 2796 2463 quidem
2838 2387 3205 2457 Tillmanni,
3253 2389 3669 2465 originalibus

262 2484 584 2546 adiunxit.
631 2484 810 2561 Quae
853 2484 1071 2546 omnia
1114 2485 1351 2545 iterum
1392 2484 1742 2545 immutata
1788 2503 1955 2544 anno
2006 2484 2162 2545 1638
2206 2484 2466 2544 Parisiis
2509 2484 2681 2543 edita
2726 2489 2899 2544 sunt.
2947 2485 3265 2563 Congesta
3312 2486 3667 2547 materialia

262 2600 298 2643 a
334 2582 439 2643 Fr.
477 2582 803 2644 Combefis
840 2583 992 2643 O.P.
1029 2583 1166 2642 viro
1202 2582 1477 2652 erudito,
1514 2587 1666 2643 ante
1701 2587 1960 2660 tempus
1993 2588 2215 2642 tamen
2252 2583 2391 2643 vita
2426 2582 2672 2650 functo,
2712 2582 2959 2642 libellos
2993 2584 3155 2642 duos
3191 2585 3670 2644 constituerunt

258 2680 552 2759 (Parisiis
584 2680 787 2758 1679),
819 2682 1055 2759 quibus
1082 2681 1316 2742 titulus
1348 2702 1360 2741 :
1392 2679 1679 2741 Basilius
1706 2698 1971 2758 magnus
2000 2698 2073 2741 ex
2102 2681 2331 2758 integro
2360 2680 2692 2740 reccnsitus
2718 2681 2841 2758 (1³).
2876 2681 3075 2741 Paulo
3105 2686 3255 2759 post
3285 2682 3346 2741 J.
3379 2682 3452 2741 B.
3488 2682 3670 2742 Cote-

271 2778 386 2840 lier
417 2778 728 2858 epistolas
760 2777 1015 2857 aliquas
1046 2779 1305 2858 reperit,
1340 2796 1504 2858 quas
1536 2779 1601 2839 in
1634 2779 1765 2839 suis
1798 2778 2109 2839 Ecclesiae
2140 2796 2387 2856 graecae
2418 2779 2835 2839 monumentis
2865 2779 3075 2855 (1681)
3106 2779 3209 2856 (13)
3242 2780 3502 2858 recepit.

1501 2977 1725 3051 VIII.
1765 2978 2026 3051 Editio
2062 2981 2437 3051 maurina.

432 3144 767 3206 Monachis
805 3145 1322 3223 congregationis
1362 3145 1421 3206 S.
1465 3145 1673 3207 Mauri
1714 3144 1962 3215 O.S.B.,
2004 3145 2115 3223 qui
2154 3146 2284 3205 iam
2322 3144 2688 3214 Athanasii,
2739 3144 3002 3215 Irenaei,
3046 3146 3265 3223 Cyrilli
3303 3146 3673 3224 Hierosoly-

265 3243 498 3304 mitani
539 3247 606 3302 et
656 3242 914 3304 Ioannis
957 3243 1402 3321 Chrysostomi
1443 3243 1639 3304 libros
1680 3242 1945 3303 miriﬁce
1990 3244 2450 3321 produxerant,
2483 3261 2645 3302 onus
2673 3244 3158 3321 relinquebatur
3201 3245 3281 3304 ad
3319 3244 3673 3304 multorum

264 3341 563 3402 codicum
606 3341 802 3401 ﬁdem
848 3341 1075 3403 S.P.N.
1122 3341 1346 3403 Basilii
1390 3360 1583 3421 opera
1630 3342 1845 3402 omnia
1890 3341 2352 3419 graeco-latina
2400 3342 2750 3419 praebendi
2791 3341 2915 3418 (1‘),
2962 3360 3127 3419 quae
3174 3342 3436 3419 quidem
3480 3360 3671 3420 opera

266 3456 472 3517 usque
512 3440 594 3500 ad
636 3439 1021 3500 hodiernum
1061 3440 1233 3500 diem
1273 3440 1354 3500 ab
1396 3440 1697 3499 omnibus
1737 3440 1891 3498 viris
1930 3440 2222 3510 eruditis,
2265 3440 2328 3499 in
2370 3439 2848 3517 exemplaribus
2888 3459 2923 3500 a
2964 3440 3035 3500 L.
3079 3441 3157 3499 de
3201 3440 3426 3500 Sinner
3461 3440 3675 3517 (1839)

264 3536 371 3597 vel
406 3536 546 3598 J.P.
572 3536 786 3615 Migne
820 3537 1029 3616 (1857,
1061 3538 1239 3616 1886)
1277 3538 1524 3617 paratis
1556 3537 1681 3615 (ιδ),
1707 3538 2027 3615 leguntur.
2072 3538 2250 3597 Onus
2286 3536 2638 3615 suscipiens
2675 3538 2738 3597 in
2778 3537 3001 3615 primis
3038 3538 3099 3597 J.
3142 3538 3409 3598 Garnier
3444 3538 3676 3615 viginti

264 3635 552 3714 integros
594 3653 799 3696 annos
842 3635 1084 3697 Basilio
1130 3635 1479 3706 dedicavit,
1524 3636 1991 3697 adiuvantibus
2034 3640 2099 3695 et
2144 3634 2247 3695 Fr.
2294 3635 2661 3696 Faverolles
2703 3640 2769 3695 et
2814 3636 2915 3695 Pr.
2962 3635 3208 3705 Maran,
3255 3636 3365 3714 qui
3408 3637 3677 3697 tandem

265 3738 418 3813 post
452 3732 776 3795 sociorum
812 3739 1089 3794 mortem
1120 3733 1330 3813 (1725,
1373 3734 1555 3811 1724)
1590 3751 1753 3813 opus
1789 3733 2059 3812 perfecit
2089 3734 2299 3805 (1721,
2342 3733 2519 3803 1722,
2562 3733 2765 3809 1730).
2806 3733 2951 3793 Uno
2988 3738 3255 3795 tantum
3290 3734 3493 3793 codici
3529 3751 3679 3793 con-

263 3830 463 3892 ﬁdere
493 3831 625 3892 iam
657 3850 785 3892 non
819 3831 980 3893 satis
1012 3833 1273 3903 ducens,
1307 3832 1589 3893 ﬁrmiora
1623 3831 1842 3911 posuit
1872 3831 2285 3893 firmamenta
2318 3831 2420 3891 ille
2455 3831 2742 3901 Garnier,
2777 3831 2902 3890 etsi
2934 3831 3251 3909 parisinos
3284 3831 3534 3891 codices
3567 3832 3680 3892 ad-

266 3928 485 3989 hibere
522 3929 863 4009 praecipue
895 3934 1243 3991 contentus
1277 3929 1424 3991 fuit.
1470 3929 1540 3990 In
1577 3928 2010 3990 diiudicandis
2052 3929 2352 4008 operibus
2395 3928 2689 4006 genuinis
2733 3928 3099 3999 acerrimus,
3138 3929 3429 3989 acerbius
3471 3930 3678 3990 etiam

266 4041 455 4105 agere
500 4046 629 4087 non
673 4027 919 4098 timuit,
966 4029 1138 4088 unde
1180 4033 1247 4089 et
1290 4027 1599 4089 nonnulla
1646 4028 1728 4089 ab
1772 4028 1910 4106 ipso
1954 4027 2191 4088 reiecta
2238 4027 2443 4086 critici
2487 4026 2875 4087 recentiores
2919 4026 3160 4087 Basilio
3205 4028 3676 4097 restituerunt;

269 4128 429 4186 tunc
455 4143 609 4185 vero
636 4125 951 4205 temporis
976 4126 1041 4186 in
1073 4126 1296 4205 primis
1323 4127 1669 4204 oportebat
1698 4144 1891 4204 opera
1920 4125 2351 4186 sincerissima
2381 4142 2727 4194 secernere,
2758 4142 3034 4203 quorum
3062 4143 3182 4203 ope
3210 4126 3289 4184 de
3317 4130 3679 4185 ceterorum

268 4224 777 4285 authenticitate
827 4224 1295 4302 disputaretur.
1348 4224 1630 4284 Textum
1680 4225 2035 4302 prudenter
2084 4223 2446 4292 constituit,
2500 4224 2692 4283 modo
2744 4223 3069 4301 empirico,
3122 4222 3325 4283 electa
3377 4222 3678 4282 videlicet

267 4320 544 4381 lectione
597 4321 1031 4400 probabiliori,
1086 4341 1213 4382 non
1268 4323 1429 4383 satis
1480 4322 1725 4383 diiiisus
1778 4322 2249 4381 Parisiensibus
2300 4321 2656 4381 editoribus
2705 4320 2884 4395 (anni
2941 4320 3142 4397 1618).
3204 4321 3273 4381 In
3327 4320 3677 4379 lectionum

268 4424 614 4499 apparatu,
652 4420 874 4481 tacitis
908 4438 1098 4500 saepe
1134 4420 1592 4481 omissionibus
1623 4420 1849 4498 (etiam
1884 4419 2332 4497 gravioribus),
2371 4419 2701 4479 variantes
2736 4418 3197 4480 tantummodo
3235 4418 3552 4497 positivas
3588 4436 3679 4477 re-

269 4516 417 4589 fert,
448 4535 681 4597 parum
712 4518 1053 4597 diligenter
1081 4536 1487 4589 enumerans,
1520 4518 1869 4597 aliquando
1899 4518 2100 4578 etiam
2131 4517 2531 4578 confundens
2563 4515 2836 4576 codices.
2872 4516 3043 4577 Raro
3076 4520 3480 4577 annotantur
3510 4534 3677 4593 quae

268 4616 351 4677 ad
397 4615 743 4677 historiam
786 4616 1233 4678 doctrinamve
1277 4622 1599 4696 spectant,
1646 4616 1903 4695 copiosa
1948 4621 2166 4677 tamen
2218 4616 2612 4694 praebentur
2654 4619 2721 4674 et
2767 4614 3203 4693 praefationes
3246 4620 3312 4673 et
3356 4632 3681 4673 commen-

345 4818 391 4864 1.
422 4815 501 4865 CI.
539 4817 779 4874 AMAND,
834 4808 1102 4875 Edilions,
1140 4819 1263 4876 LII,
1300 4833 1352 4881 p.
1394 4820 1640 4875 149-156,
1687 4823 1741 4867 et
1788 4819 1920 4868 Gru-

1865 4834 1920 4868 ιι·
2036 4819 2169 4867 1566
2204 4818 2414 4873 dicunt,
2448 4818 2562 4877 ipse
2595 4820 2781 4881 tamen
2817 4816 3141 4863 reeditiones
3176 4828 3282 4862 non
3319 4815 3448 4862 vidi.

271 4900 531 4945 nouom,
562 4888 887 4950 Αεεέιίριιεε,
917 4903 969 4951 p.
1000 4890 1250 4940 326-329.
1301 4879 1314 4881 '
2104 4891 2152 4937 7.
2183 4890 2261 4938 c1.
2297 4891 2533 4943 Amm,
2577 4879 2842 4945 Edilions,
2868 4887 3022 4944 LIII,
3056 4900 3109 4947 p.
3140 4887 3255 4943 12o,
3280 4900 3332 4933 ιι.
3359 4886 3407 4933 2.
3446 4886 3682 4942 Parisiis,

342 4960 394 5010 2.
425 4959 504 5009 Cf.
532 4961 774 5018 AMAND,
810 4952 1077 5019 Edilions,
1108 4962 1231 5020 LII,
1260 4976 1312 5024 p.
1346 4963 1591 5011 156-161,

2108 4975 2178 5009 no
2212 4961 2363 5017 1566,
2392 4962 2591 5008 iterum
2620 4960 2769 5020 typis
2799 4960 2963 5008 datus
2992 4962 3073 5007 est
3102 4958 3253 5014 liber,
3284 4958 3487 5006 additis
3515 4959 3683 5006 latine

345 5032 393 5080 3.
423 5032 664 5080 Notetur
711 5032 796 5081 Fr.
837 5046 913 5081 DE
960 5034 1315 5083 CRANEVELD
1361 5034 1612 5083 homilias
1659 5037 1926 5095 quattuor
2035 5034 2365 5094 quibusdam
2402 5032 2663 5095 epistolis,
2698 5044 2821 5091 pag.
2859 5032 2953 5079 761
2995 5044 3134 5091 sqq.,
3173 5031 3299 5077 1031
3341 5043 3458 5090 sqq.

272 5104 522 5161 vertisse,
574 5103 825 5161 Lovanii,
874 5104 1014 5153 A.D.
1072 5106 1203 5155 1534
1255 5110 1308 5154 et
1362 5107 1515 5163 1535,
1567 5106 1634 5153 cf.
1680 5094 1924 5161 AMAND,
2103 5106 2151 5153 8.
2182 5105 2261 5153 Cf.
2291 5107 2528 5159 ΑΜΑΝι),
2577 5094 2843 5159 Editions,
2872 5103 3027 5159 LIII,
3068 5102 3269 5163 p.136,
3299 5116 3351 5149 ιι.
3391 5102 3439 5148 2.
3472 5100 3681 5148 Sermo-

279 5165 548 5231 Edilions,
577 5176 733 5233 LIII,
760 5189 813 5236 p.
846 5177 962 5233 123,
989 5190 1042 5225 n.
1070 5178 1118 5225 5.
2036 5190 2129 5224 nes
2160 5178 2292 5224 istos
2324 5176 2611 5223 transtulit
2641 5176 2691 5223 S.
2726 5175 2811 5221 DE
2844 5175 3089 5230 MALLLE,
3122 5173 3359 5229 Parisiis,
3393 5174 3543 5220 1558.

343 5248 392 5293 4.
424 5246 502 5295 Cf.
529 5247 592 5295 G.
621 5247 845 5305 FATINI,
880 5249 1135 5305 Fumam’,
1168 5250 1222 5296 in
1254 5248 1636 5310 Encic10pedia
1674 5248 1925 5305 Iialiana,
2107 5249 2155 5296 9.
2190 5248 2265 5296 Cf.
2296 5249 2534 5303 ΑΜΑΝι),
2572 5238 2837 5303 Edilions,
2868 5246 3022 5301 LIII,
3052 5259 3105 5306 p.
3138 5244 3383 5292 132-133.

274 5316 430 5373 XVI,
460 5318 774 5376 Mediolani,
806 5320 957 5376 1932,
984 5333 1037 5380 p.
1070 5320 1185 5368 166.
2112 5320 2191 5367 10.
2224 5320 2301 5368 CI.
2331 5320 2570 5375 AMAND,
2607 5310 2850 5373 Edilons,
2880 5317 3035 5373 LIII,
3064 5330 3116 5377 p.
3150 5317 3265 5364 134.

343 5388 392 5437 5.
423 5388 503 5438 Ci.
531 5391 773 5447 AMAND,
810 5381 1077 5449 Ediiions,
1107 5391 1261 5447 LIII,
1291 5405 1343 5452 p.
1377 5391 1494 5448 123,
1523 5404 1576 5439 n.
1606 5392 1654 5439 2.

2112 5393 2192 5439 11.
2224 5390 2301 5439 Ci.
2331 5392 2570 5447 AMAND,
2609 5381 2873 5445 Editions,
2903 5389 3059 5445 LIII,
3087 5402 3139 5449 p.
3175 5387 3416 5435 119-151.

343 5459 392 5508 6.
423 5459 502 5509 Cf.
542 5463 783 5518 AMAND,
842 5453 1109 5519 Editions,
1148 5463 1271 5519 LII,
1329 5477 1382 5523 p.
1426 5464 1671 5511 159-160.
1718 5464 1777 5509 In
1826 5463 1926 5509 hoc

1826 5463 1929 5509 hoc
2111 5465 2193 5513 12.
2224 5462 2303 5511 Cf.
2333 5464 2571 5517 ΑΜΑΝι),
2609 5452 2875 5517 Editions,
2904 5460 3048 5516 LIV,
3076 5474 3128 5520 p.
3163 5459 3406 5506 128-136.

272 5531 576 5588 volumine,
614 5546 725 5581 una
761 5546 885 5581 cum
923 5535 1171 5582 versione
1209 5534 1422 5582 Erasmi
1458 5535 1579 5581 libri
1618 5535 1683 5582 de
1722 5534 1928 5595 Spiritu
2112 5535 2193 5585 13.
2224 5534 2302 5583 Cf.
2333 5536 2571 5590 AMAND,
2610 5524 2873 5587 Editions,
2904 5531 3047 5587 LIV,
3076 5546 3127 5591 p.
3162 5531 3277 5577 140.

274 5602 497 5661 Sancto,
536 5608 593 5652 et
630 5605 879 5653 versione
916 5606 1192 5654 Ambrosii
1230 5606 1662 5655 Camaldulensis
1700 5605 1823 5654 libri
1862 5605 1927 5653 de
2110 5608 2193 5657 14.
2223 5608 2462 5662 AMAND,
2509 5596 2774 5661 Edilions,
2813 5603 2957 5659 LIV,
2995 5616 3047 5663 p.
3092 5602 3317 5650 136-144
3358 5603 3413 5648 et
3452 5599 3595 5657 LVI,
3633 5612 3685 5659 p.

272 5675 614 5735 virginitate,
639 5680 859 5725 textum
885 5677 1121 5726 latinum
1146 5678 1402 5727 homiliae
1428 5678 1691 5726 adversus
1717 5690 1807 5725 eos
1835 5678 1928 5737 qui
2042 5676 2270 5728 126-149
2295 5692 2307 5734 ;
2343 5678 2713 5733 Gnraomonr,
2748 5675 3072 5735 Ascétiques,
3106 5687 3159 5735 p.
3196 5672 3314 5721 331.

273 5745 704 5805 calumniantur,
744 5760 933 5809 graece
973 5750 1221 5797 nondum
1261 5750 1460 5806 editae,
1502 5749 1792 5798 Cornarius
1834 5749 1927 5797 da-
2111 5750 2193 5798 15.
2226 5748 2303 5797 Ci.
2333 5749 2571 5804 ΑκΑΝι),
2610 5738 2876 5804 Editions,
2905 5746 3049 5802 LVI,
3078 5759 3130 5806 p.
3165 5744 3410 5793 150-152.

272 5818 389 5867 bat.
430 5819 593 5867 Hunc
628 5820 828 5867 librum
864 5822 1064 5869 iterum
1102 5821 1314 5869 editum
1350 5834 1466 5869 esse
1501 5822 1660 5870 annis
1700 5820 1835 5869 1552
1872 5824 1927 5868 et

1840 5997 2130 6060 _._5.__
