  <div class='ocr_page' id='page_1' title='image "/cluster/home/n/w/nwhite01/storage/ocr_20150623/29/ien.35556001660547/808.png"; bbox 0 0 4008 6444; ppageno 0'>
   <div class='ocr_carea' id='block_1_1' title="bbox 348 530 3781 613">
    <p class='ocr_par' dir='ltr' id='par_1_1' title="bbox 348 530 3781 613">
     <span class='ocr_line' id='line_1_1' title="bbox 348 530 3781 613; baseline -0 -14"><span class='ocrx_word' id='word_1_1' title='bbox 348 535 517 599; x_wconf 86' lang='lat' dir='ltr'><strong>taria</strong></span> <span class='ocrx_word' id='word_1_2' title='bbox 562 535 643 597; x_wconf 90' lang='lat' dir='ltr'><strong>de</strong></span> <span class='ocrx_word' id='word_1_3' title='bbox 685 534 826 597; x_wconf 89' lang='lat' dir='ltr'><strong>vita</strong></span> <span class='ocrx_word' id='word_1_4' title='bbox 870 532 1119 604; x_wconf 90' lang='lat' dir='ltr'><strong>Basilii,</strong></span> <span class='ocrx_word' id='word_1_5' title='bbox 1164 533 1277 595; x_wconf 90' lang='lat' dir='ltr'><strong>sed</strong></span> <span class='ocrx_word' id='word_1_6' title='bbox 1321 536 1390 594; x_wconf 89' lang='lat' dir='ltr'><strong>et</strong></span> <span class='ocrx_word' id='word_1_7' title='bbox 1433 530 1849 612; x_wconf 85' lang='lat' dir='ltr'><strong>ubicumque,</strong></span> <span class='ocrx_word' id='word_1_8' title='bbox 1892 532 2098 596; x_wconf 88' lang='lat' dir='ltr'><strong>etiam</strong></span> <span class='ocrx_word' id='word_1_9' title='bbox 2149 532 2306 594; x_wconf 90' lang='lat' dir='ltr'><strong>locis</strong></span> <span class='ocrx_word' id='word_1_10' title='bbox 2358 532 2847 606; x_wconf 82' lang='lat' dir='ltr'><strong>diﬂicilioribus,</strong></span> <span class='ocrx_word' id='word_1_11' title='bbox 2893 534 3135 599; x_wconf 83' lang='lat' dir='ltr'><strong>eximia</strong></span> <span class='ocrx_word' id='word_1_12' title='bbox 3179 534 3389 598; x_wconf 86' lang='lat' dir='ltr'><strong>versio</strong></span> <span class='ocrx_word' id='word_1_13' title='bbox 3444 535 3658 599; x_wconf 89' lang='lat' dir='ltr'><strong>latina</strong></span> <span class='ocrx_word' id='word_1_14' title='bbox 3700 535 3781 613; x_wconf 75' lang='grc' dir='ltr'><strong>(ι)</strong></span> 
     </span>
    </p>
   </div>
   <div class='ocr_carea' id='block_1_2' title="bbox 350 632 1202 713">
    <p class='ocr_par' dir='ltr' id='par_1_2' title="bbox 350 632 1202 713">
     <span class='ocr_line' id='line_1_2' title="bbox 350 632 1202 713; baseline -0.006 -16"><span class='ocrx_word' id='word_1_15' title='bbox 350 633 672 698; x_wconf 88' lang='lat' dir='ltr'><strong>Basilium</strong></span> <span class='ocrx_word' id='word_1_16' title='bbox 708 632 1202 713; x_wconf 83' lang='lat' dir='ltr'><strong>interpretatur.</strong></span> 
     </span>
    </p>
   </div>
   <div class='ocr_carea' id='block_1_3' title="bbox 1511 831 2615 907">
    <p class='ocr_par' dir='ltr' id='par_1_3' title="bbox 1511 831 2615 907">
     <span class='ocr_line' id='line_1_3' title="bbox 1511 831 2615 907; baseline 0.002 -2"><span class='ocrx_word' id='word_1_17' title='bbox 1511 831 1659 906; x_wconf 89' lang='lat' dir='ltr'><strong>IX.</strong></span> <span class='ocrx_word' id='word_1_18' title='bbox 1692 832 2095 906; x_wconf 83' lang='lat' dir='ltr'><strong>Versiones</strong></span> <span class='ocrx_word' id='word_1_19' title='bbox 2129 835 2615 907; x_wconf 79' lang='lat' dir='ltr'><strong>recentiores.</strong></span> 
     </span>
    </p>
   </div>
   <div class='ocr_carea' id='block_1_4' title="bbox 522 998 3785 1079">
    <p class='ocr_par' dir='ltr' id='par_1_4' title="bbox 522 998 3785 1079">
     <span class='ocr_line' id='line_1_4' title="bbox 522 998 3785 1079; baseline -0.001 -17"><span class='ocrx_word' id='word_1_20' title='bbox 522 1001 745 1063; x_wconf 88' lang='lat' dir='ltr'><strong>Solent</strong></span> <span class='ocrx_word' id='word_1_21' title='bbox 798 1000 920 1060; x_wconf 90' lang='lat' dir='ltr'><strong>viri</strong></span> <span class='ocrx_word' id='word_1_22' title='bbox 971 999 1211 1061; x_wconf 83' lang='lat' dir='ltr'><strong>eruditi</strong></span> <span class='ocrx_word' id='word_1_23' title='bbox 1262 998 1708 1060; x_wconf 89' lang='lat' dir='ltr'><strong>Maurinorum</strong></span> <span class='ocrx_word' id='word_1_24' title='bbox 1759 1003 2021 1060; x_wconf 89' lang='lat' dir='ltr'><strong>textum</strong></span> <span class='ocrx_word' id='word_1_25' title='bbox 2074 1000 2277 1079; x_wconf 89' lang='lat' dir='ltr'><strong>sequi.</strong></span> <span class='ocrx_word' id='word_1_26' title='bbox 2335 999 2714 1062; x_wconf 84' lang='lat' dir='ltr'><strong>Germanice</strong></span> <span class='ocrx_word' id='word_1_27' title='bbox 2766 1018 2961 1079; x_wconf 84' lang='lat' dir='ltr'><strong>opera</strong></span> <span class='ocrx_word' id='word_1_28' title='bbox 3014 1001 3232 1063; x_wconf 87' lang='lat' dir='ltr'><strong>omnia</strong></span> <span class='ocrx_word' id='word_1_29' title='bbox 3286 1000 3519 1063; x_wconf 88' lang='lat' dir='ltr'><strong>Basilii</strong></span> <span class='ocrx_word' id='word_1_30' title='bbox 3574 1004 3785 1060; x_wconf 82' lang='lat' dir='ltr'><strong>vertit</strong></span> 
     </span>
    </p>
   </div>
   <div class='ocr_carea' id='block_1_5' title="bbox 356 1096 3786 1177">
    <p class='ocr_par' dir='ltr' id='par_1_5' title="bbox 356 1096 3786 1177">
     <span class='ocr_line' id='line_1_5' title="bbox 356 1096 3786 1177; baseline -0.001 -15"><span class='ocrx_word' id='word_1_31' title='bbox 356 1101 925 1169; x_wconf 77' lang='lat' dir='ltr'><strong>SCHWEICKHART,</strong></span> <span class='ocrx_word' id='word_1_32' title='bbox 964 1097 1399 1177; x_wconf 90' lang='lat' dir='ltr'><strong>Ingolstadtii,</strong></span> <span class='ocrx_word' id='word_1_33' title='bbox 1435 1097 1585 1157; x_wconf 89' lang='lat'><strong>1591</strong></span> <span class='ocrx_word' id='word_1_34' title='bbox 1616 1097 1675 1174; x_wconf 93' lang='lat'><strong>(1</strong></span> <span class='ocrx_word' id='word_1_35' title='bbox 1710 1097 1839 1157; x_wconf 94' lang='lat' dir='ltr'><strong>vol.</strong></span> <span class='ocrx_word' id='word_1_36' title='bbox 1869 1097 1934 1158; x_wconf 93' lang='lat' dir='ltr'><strong>in</strong></span> <span class='ocrx_word' id='word_1_37' title='bbox 1963 1096 2103 1173; x_wconf 91' lang='lat' dir='ltr'><strong>fol.)</strong></span> <span class='ocrx_word' id='word_1_38' title='bbox 2132 1118 2147 1169; x_wconf 91' lang='lat'><strong>;</strong></span> <span class='ocrx_word' id='word_1_39' title='bbox 2176 1098 2334 1159; x_wconf 85' lang='lat' dir='ltr'><strong>item</strong></span> <span class='ocrx_word' id='word_1_40' title='bbox 2363 1098 2427 1159; x_wconf 85' lang='lat' dir='ltr'><strong>J.</strong></span> <span class='ocrx_word' id='word_1_41' title='bbox 2457 1115 2596 1159; x_wconf 82' lang='lat' dir='ltr'><strong>VON</strong></span> <span class='ocrx_word' id='word_1_42' title='bbox 2624 1098 2961 1169; x_wconf 81' lang='lat' dir='ltr'><strong>WENDEL,</strong></span> <span class='ocrx_word' id='word_1_43' title='bbox 2993 1099 3120 1159; x_wconf 94' lang='lat' dir='ltr'><strong>Des</strong></span> <span class='ocrx_word' id='word_1_44' title='bbox 3146 1098 3228 1160; x_wconf 90' lang='lat' dir='ltr'><strong>hl.</strong></span> <span class='ocrx_word' id='word_1_45' title='bbox 3261 1097 3786 1160; x_wconf 88' lang='lat' dir='ltr'><strong>Kirchenlehrers</strong></span> 
     </span>
    </p>
   </div>
   <div class='ocr_carea' id='block_1_6' title="bbox 354 1194 3784 1276">
    <p class='ocr_par' dir='ltr' id='par_1_6' title="bbox 354 1194 3784 1276">
     <span class='ocr_line' id='line_1_6' title="bbox 354 1194 3784 1276; baseline -0.001 -17"><span class='ocrx_word' id='word_1_46' title='bbox 354 1198 644 1260; x_wconf 86' lang='lat' dir='ltr'><strong>Basilius</strong></span> <span class='ocrx_word' id='word_1_47' title='bbox 673 1196 778 1257; x_wconf 81' lang='lat' dir='ltr'><strong>des</strong></span> <span class='ocrx_word' id='word_1_48' title='bbox 809 1197 1091 1267; x_wconf 88' lang='lat' dir='ltr'><strong>Grossen,</strong></span> <span class='ocrx_word' id='word_1_49' title='bbox 1124 1194 1483 1273; x_wconf 80' lang='lat' dir='ltr'><strong>Erzbischo]</strong></span> <span class='ocrx_word' id='word_1_50' title='bbox 1510 1213 1584 1255; x_wconf 90' lang='lat' dir='ltr'><strong>zu</strong></span> <span class='ocrx_word' id='word_1_51' title='bbox 1616 1196 1889 1258; x_wconf 75' lang='lat' dir='ltr'><strong>Cdsarea</strong></span> <span class='ocrx_word' id='word_1_52' title='bbox 1920 1196 1986 1257; x_wconf 90' lang='lat' dir='ltr'><strong>in</strong></span> <span class='ocrx_word' id='word_1_53' title='bbox 2017 1194 2495 1276; x_wconf 87' lang='lat' dir='ltr'><strong>Kappadocien,</strong></span> <span class='ocrx_word' id='word_1_54' title='bbox 2525 1195 2853 1275; x_wconf 86' lang='lat' dir='ltr'><strong>Predigten</strong></span> <span class='ocrx_word' id='word_1_55' title='bbox 2885 1195 3017 1258; x_wconf 89' lang='lat' dir='ltr'><strong>und</strong></span> <span class='ocrx_word' id='word_1_56' title='bbox 3041 1197 3428 1259; x_wconf 78' lang='lat' dir='ltr'><strong>sc‘immtliche</strong></span> <span class='ocrx_word' id='word_1_57' title='bbox 3460 1198 3784 1274; x_wconf 73' lang='lat' dir='ltr'><strong>Schriften</strong></span> 
     </span>
    </p>
   </div>
   <div class='ocr_carea' id='block_1_7' title="bbox 354 1293 3792 1376">
    <p class='ocr_par' dir='ltr' id='par_1_7' title="bbox 354 1293 3792 1376">
     <span class='ocr_line' id='line_1_7' title="bbox 354 1293 3792 1376; baseline -0.001 -18"><span class='ocrx_word' id='word_1_58' title='bbox 354 1297 419 1376; x_wconf 90' lang='lat'><strong>(6</strong></span> <span class='ocrx_word' id='word_1_59' title='bbox 459 1296 638 1374; x_wconf 92' lang='lat' dir='ltr'><strong>vol.),</strong></span> <span class='ocrx_word' id='word_1_60' title='bbox 680 1296 1131 1365; x_wconf 90' lang='lat' dir='ltr'><strong>Vindobonae,</strong></span> <span class='ocrx_word' id='word_1_61' title='bbox 1179 1293 1575 1364; x_wconf 86' lang='lat'><strong>1776-1778;</strong></span> <span class='ocrx_word' id='word_1_62' title='bbox 1619 1294 1779 1354; x_wconf 90' lang='lat' dir='ltr'><strong>item</strong></span> <span class='ocrx_word' id='word_1_63' title='bbox 1817 1294 2021 1355; x_wconf 90' lang='lat' dir='ltr'><strong>etiam</strong></span> <span class='ocrx_word' id='word_1_64' title='bbox 2061 1312 2429 1373; x_wconf 88' lang='lat' dir='ltr'><strong>anonymus</strong></span> <span class='ocrx_word' id='word_1_65' title='bbox 2467 1295 2878 1374; x_wconf 86' lang='lat' dir='ltr'><strong>germanicus</strong></span> <span class='ocrx_word' id='word_1_66' title='bbox 2921 1296 2985 1356; x_wconf 93' lang='lat' dir='ltr'><strong>in</strong></span> <span class='ocrx_word' id='word_1_67' title='bbox 3030 1296 3238 1375; x_wconf 92' lang='lat' dir='ltr'><strong>prima</strong></span> <span class='ocrx_word' id='word_1_68' title='bbox 3280 1295 3643 1357; x_wconf 80' lang='lat' dir='ltr'><strong>Bibliothek</strong></span> <span class='ocrx_word' id='word_1_69' title='bbox 3682 1296 3792 1356; x_wconf 88' lang='lat' dir='ltr'><strong>der</strong></span> 
     </span>
    </p>
   </div>
   <div class='ocr_carea' id='block_1_8' title="bbox 356 1392 3787 1473">
    <p class='ocr_par' dir='ltr' id='par_1_8' title="bbox 356 1392 3787 1473">
     <span class='ocr_line' id='line_1_8' title="bbox 356 1392 3787 1473; baseline 0 -17"><span class='ocrx_word' id='word_1_70' title='bbox 356 1394 823 1465; x_wconf 75' lang='lat' dir='ltr'><strong>Kirchenvtiter,</strong></span> <span class='ocrx_word' id='word_1_71' title='bbox 869 1398 922 1455; x_wconf 90' lang='lat' dir='ltr'><strong>t.</strong></span> <span class='ocrx_word' id='word_1_72' title='bbox 976 1392 1162 1454; x_wconf 89' lang='lat'><strong>19-26</strong></span> <span class='ocrx_word' id='word_1_73' title='bbox 1204 1392 1560 1472; x_wconf 88' lang='lat' dir='ltr'><strong>(Kemptis,</strong></span> <span class='ocrx_word' id='word_1_74' title='bbox 1614 1392 2012 1470; x_wconf 88' lang='lat'><strong>1838-1842).</strong></span> <span class='ocrx_word' id='word_1_75' title='bbox 2058 1392 2282 1455; x_wconf 76' lang='lat' dir='ltr'><strong>Altera</strong></span> <span class='ocrx_word' id='word_1_76' title='bbox 2329 1392 2435 1454; x_wconf 93' lang='lat' dir='ltr'><strong>vel</strong></span> <span class='ocrx_word' id='word_1_77' title='bbox 2477 1393 2673 1455; x_wconf 89' lang='lat' dir='ltr'><strong>tertia</strong></span> <span class='ocrx_word' id='word_1_78' title='bbox 2719 1392 2919 1453; x_wconf 88' lang='lat' dir='ltr'><strong>editio</strong></span> <span class='ocrx_word' id='word_1_79' title='bbox 2966 1393 3136 1454; x_wconf 89' lang='lat' dir='ltr'><strong>illius</strong></span> <span class='ocrx_word' id='word_1_80' title='bbox 3180 1393 3536 1455; x_wconf 87' lang='lat' dir='ltr'><strong>Bibliothek</strong></span> <span class='ocrx_word' id='word_1_81' title='bbox 3580 1413 3787 1473; x_wconf 81' lang='lat' dir='ltr'><strong>opera</strong></span> 
     </span>
    </p>
   </div>
   <div class='ocr_carea' id='block_1_9' title="bbox 352 1490 3791 1570">
    <p class='ocr_par' dir='ltr' id='par_1_9' title="bbox 352 1490 3791 1570">
     <span class='ocr_line' id='line_1_9' title="bbox 352 1490 3791 1570; baseline -0.001 -15"><span class='ocrx_word' id='word_1_82' title='bbox 352 1498 618 1555; x_wconf 90' lang='lat' dir='ltr'><strong>tantum</strong></span> <span class='ocrx_word' id='word_1_83' title='bbox 662 1492 901 1554; x_wconf 89' lang='lat' dir='ltr'><strong>selecta</strong></span> <span class='ocrx_word' id='word_1_84' title='bbox 947 1490 1424 1570; x_wconf 84' lang='lat' dir='ltr'><strong>complectitur,</strong></span> <span class='ocrx_word' id='word_1_85' title='bbox 1471 1491 1682 1551; x_wconf 87' lang='lat' dir='ltr'><strong>tribus</strong></span> <span class='ocrx_word' id='word_1_86' title='bbox 1726 1491 1925 1551; x_wconf 90' lang='lat' dir='ltr'><strong>tomis</strong></span> <span class='ocrx_word' id='word_1_87' title='bbox 1968 1509 2005 1552; x_wconf 91' lang='lat' dir='ltr'><strong>a</strong></span> <span class='ocrx_word' id='word_1_88' title='bbox 2052 1492 2129 1551; x_wconf 93' lang='lat' dir='ltr'><strong>V.</strong></span> <span class='ocrx_word' id='word_1_89' title='bbox 2179 1491 2420 1551; x_wconf 75' lang='lat' dir='ltr'><strong>GR6NE</strong></span> <span class='ocrx_word' id='word_1_90' title='bbox 2460 1490 2751 1570; x_wconf 87' lang='lat' dir='ltr'><strong>(ibidem,</strong></span> <span class='ocrx_word' id='word_1_91' title='bbox 2793 1491 3189 1569; x_wconf 90' lang='lat'><strong>1875-1881),</strong></span> <span class='ocrx_word' id='word_1_92' title='bbox 3239 1492 3473 1553; x_wconf 91' lang='lat' dir='ltr'><strong>deinde</strong></span> <span class='ocrx_word' id='word_1_93' title='bbox 3521 1494 3791 1553; x_wconf 90' lang='lat' dir='ltr'><strong>duobus</strong></span> 
     </span>
    </p>
   </div>
   <div class='ocr_carea' id='block_1_10' title="bbox 356 1588 3791 1670">
    <p class='ocr_par' dir='ltr' id='par_1_10' title="bbox 356 1588 3791 1670">
     <span class='ocr_line' id='line_1_10' title="bbox 356 1588 3791 1670; baseline -0 -19"><span class='ocrx_word' id='word_1_94' title='bbox 356 1592 556 1651; x_wconf 91' lang='lat' dir='ltr'><strong>tomis</strong></span> <span class='ocrx_word' id='word_1_95' title='bbox 600 1591 683 1652; x_wconf 92' lang='lat' dir='ltr'><strong>ab</strong></span> <span class='ocrx_word' id='word_1_96' title='bbox 729 1590 807 1651; x_wconf 83' lang='lat' dir='ltr'><strong>A.</strong></span> <span class='ocrx_word' id='word_1_97' title='bbox 857 1590 1234 1652; x_wconf 77' lang='lat' dir='ltr'><strong>STEGMA‘NN</strong></span> <span class='ocrx_word' id='word_1_98' title='bbox 1276 1588 1578 1667; x_wconf 90' lang='lat' dir='ltr'><strong>(Monaci,</strong></span> <span class='ocrx_word' id='word_1_99' title='bbox 1631 1589 1813 1666; x_wconf 88' lang='lat'>1925)</span> <span class='ocrx_word' id='word_1_100' title='bbox 1857 1588 2129 1668; x_wconf 90' lang='lat' dir='ltr'><strong>paratis.</strong></span> <span class='ocrx_word' id='word_1_101' title='bbox 2157 1589 2445 1650; x_wconf 87' lang='lat' dir='ltr'><strong>Notatur</strong></span> <span class='ocrx_word' id='word_1_102' title='bbox 2473 1607 2509 1651; x_wconf 92' lang='lat' dir='ltr'><strong>a</strong></span> <span class='ocrx_word' id='word_1_103' title='bbox 2544 1589 2833 1660; x_wconf 89' lang='lat' dir='ltr'><strong>Bauzon,</strong></span> <span class='ocrx_word' id='word_1_104' title='bbox 2879 1590 3128 1651; x_wconf 92' lang='lat' dir='ltr'><strong>editore</strong></span> <span class='ocrx_word' id='word_1_105' title='bbox 3171 1590 3516 1651; x_wconf 88' lang='lat' dir='ltr'><strong>recentiori</strong></span> <span class='ocrx_word' id='word_1_106' title='bbox 3563 1592 3791 1670; x_wconf 84' lang='lat' dir='ltr'><strong>operis</strong></span> 
     </span>
    </p>
   </div>
   <div class='ocr_carea' id='block_1_11' title="bbox 355 1685 3785 1767">
    <p class='ocr_par' dir='ltr' id='par_1_11' title="bbox 355 1685 3785 1767">
     <span class='ocr_line' id='line_1_11' title="bbox 355 1685 3785 1767; baseline -0 -17"><span class='ocrx_word' id='word_1_107' title='bbox 355 1690 437 1752; x_wconf 95' lang='lat' dir='ltr'><strong>D.</strong></span> <span class='ocrx_word' id='word_1_108' title='bbox 468 1690 815 1759; x_wconf 77' lang='lat' dir='ltr'><strong>CEILLIER,</strong></span> <span class='ocrx_word' id='word_1_109' title='bbox 851 1688 1128 1749; x_wconf 86' lang='lat' dir='ltr'><strong>Histoire</strong></span> <span class='ocrx_word' id='word_1_110' title='bbox 1154 1686 1431 1765; x_wconf 84' lang='lat' dir='ltr'><strong>ge’ne’rale</strong></span> <span class='ocrx_word' id='word_1_111' title='bbox 1458 1686 1562 1747; x_wconf 90' lang='lat' dir='ltr'><strong>des</strong></span> <span class='ocrx_word' id='word_1_112' title='bbox 1590 1690 1842 1747; x_wconf 87' lang='lat' dir='ltr'><strong>auteurs</strong></span> <span class='ocrx_word' id='word_1_113' title='bbox 1870 1685 2376 1767; x_wconf 83' lang='lat' dir='ltr'><strong>ecclésiastiques,</strong></span> <span class='ocrx_word' id='word_1_114' title='bbox 2408 1693 2460 1749; x_wconf 92' lang='lat' dir='ltr'><strong>t.</strong></span> <span class='ocrx_word' id='word_1_115' title='bbox 2498 1687 2605 1758; x_wconf 89' lang='lat' dir='ltr'><strong>IV,</strong></span> <span class='ocrx_word' id='word_1_116' title='bbox 2638 1687 2821 1750; x_wconf 91' lang='lat' dir='ltr'><strong>Paris</strong></span> <span class='ocrx_word' id='word_1_117' title='bbox 2855 1688 3032 1758; x_wconf 88' lang='lat'><strong>1865,</strong></span> <span class='ocrx_word' id='word_1_118' title='bbox 3064 1707 3127 1767; x_wconf 93' lang='lat' dir='ltr'><strong>p.</strong></span> <span class='ocrx_word' id='word_1_119' title='bbox 3160 1688 3283 1750; x_wconf 87' lang='lat'><strong>547</strong></span> <span class='ocrx_word' id='word_1_120' title='bbox 3313 1688 3400 1749; x_wconf 95' lang='lat' dir='ltr'><strong>M.</strong></span> <span class='ocrx_word' id='word_1_121' title='bbox 3434 1688 3785 1749; x_wconf 65' lang='lat' dir='ltr'><strong>Rousrm</strong></span> 
     </span>
    </p>
   </div>
   <div class='ocr_carea' id='block_1_12' title="bbox 352 1784 3788 1866">
    <p class='ocr_par' dir='ltr' id='par_1_12' title="bbox 352 1784 3788 1866">
     <span class='ocr_line' id='line_1_12' title="bbox 352 1784 3788 1866; baseline 0 -19"><span class='ocrx_word' id='word_1_122' title='bbox 352 1788 717 1848; x_wconf 88' lang='lat' dir='ltr'><strong>versionem</strong></span> <span class='ocrx_word' id='word_1_123' title='bbox 755 1787 1053 1866; x_wconf 87' lang='lat' dir='ltr'><strong>gallicam</strong></span> <span class='ocrx_word' id='word_1_124' title='bbox 1092 1804 1361 1865; x_wconf 90' lang='lat' dir='ltr'><strong>operum</strong></span> <span class='ocrx_word' id='word_1_125' title='bbox 1400 1784 1693 1845; x_wconf 90' lang='lat' dir='ltr'><strong>omnium</strong></span> <span class='ocrx_word' id='word_1_126' title='bbox 1734 1785 1795 1847; x_wconf 92' lang='lat' dir='ltr'><strong>S.</strong></span> <span class='ocrx_word' id='word_1_127' title='bbox 1837 1785 2062 1846; x_wconf 89' lang='lat' dir='ltr'><strong>Basilii</strong></span> <span class='ocrx_word' id='word_1_128' title='bbox 2102 1785 2386 1856; x_wconf 86' lang='lat' dir='ltr'><strong>Parisiis,</strong></span> <span class='ocrx_word' id='word_1_129' title='bbox 2427 1804 2599 1848; x_wconf 89' lang='lat' dir='ltr'><strong>anno</strong></span> <span class='ocrx_word' id='word_1_130' title='bbox 2644 1785 2821 1856; x_wconf 89' lang='lat'><strong>1847,</strong></span> <span class='ocrx_word' id='word_1_131' title='bbox 2862 1786 3165 1847; x_wconf 86' lang='lat' dir='ltr'><strong>edidisse.</strong></span> <span class='ocrx_word' id='word_1_132' title='bbox 3205 1822 3286 1829; x_wconf 95' lang='lat'><strong><em>—</em></strong></span> <span class='ocrx_word' id='word_1_133' title='bbox 3323 1786 3536 1847; x_wconf 84' lang='lat' dir='ltr'><strong>Adest</strong></span> <span class='ocrx_word' id='word_1_134' title='bbox 3575 1788 3788 1848; x_wconf 89' lang='lat' dir='ltr'><strong>etiam</strong></span> 
     </span>
    </p>
   </div>
   <div class='ocr_carea' id='block_1_13' title="bbox 353 1883 3787 1965">
    <p class='ocr_par' dir='ltr' id='par_1_13' title="bbox 353 1883 3787 1965">
     <span class='ocr_line' id='line_1_13' title="bbox 353 1883 3787 1965; baseline 0 -20"><span class='ocrx_word' id='word_1_135' title='bbox 353 1886 564 1946; x_wconf 88' lang='lat' dir='ltr'><strong>versio</strong></span> <span class='ocrx_word' id='word_1_136' title='bbox 597 1885 864 1955; x_wconf 89' lang='lat' dir='ltr'><strong>russica,</strong></span> <span class='ocrx_word' id='word_1_137' title='bbox 897 1889 1149 1965; x_wconf 91' lang='lat' dir='ltr'><strong>septem</strong></span> <span class='ocrx_word' id='word_1_138' title='bbox 1181 1884 1513 1945; x_wconf 90' lang='lat' dir='ltr'><strong>volumina</strong></span> <span class='ocrx_word' id='word_1_139' title='bbox 1547 1883 2003 1962; x_wconf 89' lang='lat' dir='ltr'><strong>complectens,</strong></span> <span class='ocrx_word' id='word_1_140' title='bbox 2037 1901 2307 1963; x_wconf 91' lang='lat' dir='ltr'><strong>operum</strong></span> <span class='ocrx_word' id='word_1_141' title='bbox 2339 1884 2631 1945; x_wconf 91' lang='lat' dir='ltr'><strong>omnium</strong></span> <span class='ocrx_word' id='word_1_142' title='bbox 2666 1883 2726 1946; x_wconf 93' lang='lat' dir='ltr'><strong>S.</strong></span> <span class='ocrx_word' id='word_1_143' title='bbox 2761 1884 2989 1946; x_wconf 90' lang='lat' dir='ltr'><strong>Basilii</strong></span> <span class='ocrx_word' id='word_1_144' title='bbox 3019 1884 3261 1963; x_wconf 86' lang='lat' dir='ltr'><strong>Magni,</strong></span> <span class='ocrx_word' id='word_1_145' title='bbox 3295 1885 3472 1946; x_wconf 89' lang='lat' dir='ltr'><strong>edita</strong></span> <span class='ocrx_word' id='word_1_146' title='bbox 3508 1903 3545 1947; x_wconf 93' lang='lat' dir='ltr'><strong>a</strong></span> <span class='ocrx_word' id='word_1_147' title='bbox 3578 1885 3787 1945; x_wconf 90' lang='lat' dir='ltr'><strong>lecto-</strong></span> 
     </span>
    </p>
   </div>
   <div class='ocr_carea' id='block_1_14' title="bbox 353 1980 3784 2061">
    <p class='ocr_par' dir='ltr' id='par_1_14' title="bbox 353 1980 3784 2061">
     <span class='ocr_line' id='line_1_14' title="bbox 353 1980 3784 2061; baseline 0 -18"><span class='ocrx_word' id='word_1_148' title='bbox 353 1984 531 2045; x_wconf 88' lang='lat' dir='ltr'><strong>ribus</strong></span> <span class='ocrx_word' id='word_1_149' title='bbox 558 1982 948 2045; x_wconf 81' lang='lat' dir='ltr'><strong>Academiae</strong></span> <span class='ocrx_word' id='word_1_150' title='bbox 977 1982 1429 2061; x_wconf 90' lang='lat' dir='ltr'><strong>Mosquiensis,</strong></span> <span class='ocrx_word' id='word_1_151' title='bbox 1464 1980 1815 2043; x_wconf 88' lang='lat'><strong>1845-1848</strong></span> <span class='ocrx_word' id='word_1_152' title='bbox 1843 2002 1859 2051; x_wconf 88' lang='lat'><strong>;</strong></span> <span class='ocrx_word' id='word_1_153' title='bbox 1888 1999 2059 2042; x_wconf 93' lang='lat' dir='ltr'><strong>nova</strong></span> <span class='ocrx_word' id='word_1_154' title='bbox 2087 1980 2309 2051; x_wconf 89' lang='lat' dir='ltr'><strong>editio,</strong></span> <span class='ocrx_word' id='word_1_155' title='bbox 2340 1982 2600 2060; x_wconf 84' lang='lat' dir='ltr'><strong>Sergiev</strong></span> <span class='ocrx_word' id='word_1_156' title='bbox 2630 1982 2863 2053; x_wconf 91' lang='lat' dir='ltr'><strong>Posad,</strong></span> <span class='ocrx_word' id='word_1_157' title='bbox 2898 1982 3272 2044; x_wconf 87' lang='lat'><strong>1891-1892.</strong></span> <span class='ocrx_word' id='word_1_158' title='bbox 3305 1982 3414 2044; x_wconf 87' lang='lat' dir='ltr'><strong>Cfr</strong></span> <span class='ocrx_word' id='word_1_159' title='bbox 3441 1983 3509 2044; x_wconf 90' lang='lat' dir='ltr'><strong>C.</strong></span> <span class='ocrx_word' id='word_1_160' title='bbox 3542 1983 3784 2053; x_wconf 79' lang='lat' dir='ltr'><strong>KERN,</strong></span> 
     </span>
    </p>
   </div>
   <div class='ocr_carea' id='block_1_15' title="bbox 354 2078 3788 2160">
    <p class='ocr_par' dir='ltr' id='par_1_15' title="bbox 354 2078 3788 2160">
     <span class='ocr_line' id='line_1_15' title="bbox 354 2078 3788 2160; baseline 0 -18"><span class='ocrx_word' id='word_1_161' title='bbox 354 2082 472 2143; x_wconf 83' lang='lat' dir='ltr'><strong>Les</strong></span> <span class='ocrx_word' id='word_1_162' title='bbox 522 2081 904 2142; x_wconf 88' lang='lat' dir='ltr'><strong>traductions</strong></span> <span class='ocrx_word' id='word_1_163' title='bbox 954 2098 1159 2141; x_wconf 77' lang='lat' dir='ltr'><strong>russes</strong></span> <span class='ocrx_word' id='word_1_164' title='bbox 1197 2080 1301 2140; x_wconf 87' lang='lat' dir='ltr'><strong>des</strong></span> <span class='ocrx_word' id='word_1_165' title='bbox 1340 2082 1522 2140; x_wconf 74' lang='lat' dir='ltr'><strong>textes</strong></span> <span class='ocrx_word' id='word_1_166' title='bbox 1569 2078 1994 2159; x_wconf 87' lang='lat' dir='ltr'><strong>patristiques,</strong></span> <span class='ocrx_word' id='word_1_167' title='bbox 2047 2080 2481 2158; x_wconf 86' lang='lat' dir='ltr'><strong>Chevetogne,</strong></span> <span class='ocrx_word' id='word_1_168' title='bbox 2538 2080 2716 2150; x_wconf 88' lang='lat'><strong>1957,</strong></span> <span class='ocrx_word' id='word_1_169' title='bbox 2770 2099 2831 2159; x_wconf 91' lang='lat' dir='ltr'><strong>p.</strong></span> <span class='ocrx_word' id='word_1_170' title='bbox 2884 2081 2984 2141; x_wconf 87' lang='lat'><strong>26.</strong></span> <span class='ocrx_word' id='word_1_171' title='bbox 3039 2080 3451 2160; x_wconf 82' lang='lat' dir='ltr'><strong>Singulorum</strong></span> <span class='ocrx_word' id='word_1_172' title='bbox 3505 2100 3788 2160; x_wconf 88' lang='lat' dir='ltr'><strong>operum</strong></span> 
     </span>
    </p>
   </div>
   <div class='ocr_carea' id='block_1_16' title="bbox 354 2177 3785 2258">
    <p class='ocr_par' dir='ltr' id='par_1_16' title="bbox 354 2177 3785 2258">
     <span class='ocr_line' id='line_1_16' title="bbox 354 2177 3785 2258; baseline 0 -19"><span class='ocrx_word' id='word_1_173' title='bbox 354 2180 685 2241; x_wconf 89' lang='lat' dir='ltr'><strong>versiones</strong></span> <span class='ocrx_word' id='word_1_174' title='bbox 732 2197 846 2240; x_wconf 93' lang='lat' dir='ltr'><strong>suo</strong></span> <span class='ocrx_word' id='word_1_175' title='bbox 896 2180 1033 2240; x_wconf 91' lang='lat' dir='ltr'><strong>loco</strong></span> <span class='ocrx_word' id='word_1_176' title='bbox 1080 2178 1681 2249; x_wconf 90' lang='lat' dir='ltr'><strong>enumerabuntur;</strong></span> <span class='ocrx_word' id='word_1_177' title='bbox 1732 2178 1834 2239; x_wconf 92' lang='lat' dir='ltr'><strong>hic</strong></span> <span class='ocrx_word' id='word_1_178' title='bbox 1880 2177 2043 2240; x_wconf 88' lang='lat' dir='ltr'><strong>satis</strong></span> <span class='ocrx_word' id='word_1_179' title='bbox 2087 2178 2173 2239; x_wconf 89' lang='lat' dir='ltr'><strong>sit</strong></span> <span class='ocrx_word' id='word_1_180' title='bbox 2220 2196 2577 2240; x_wconf 90' lang='lat' dir='ltr'><strong>memorare</strong></span> <span class='ocrx_word' id='word_1_181' title='bbox 2624 2197 2894 2258; x_wconf 91' lang='lat' dir='ltr'><strong>operum</strong></span> <span class='ocrx_word' id='word_1_182' title='bbox 2940 2179 3327 2241; x_wconf 90' lang='lat' dir='ltr'><strong>selectorum</strong></span> <span class='ocrx_word' id='word_1_183' title='bbox 3373 2180 3718 2241; x_wconf 89' lang='lat' dir='ltr'><strong>versiones</strong></span> <span class='ocrx_word' id='word_1_184' title='bbox 3772 2202 3785 2240; x_wconf 93' lang='lat'>:</span> 
     </span>
    </p>
   </div>
   <div class='ocr_carea' id='block_1_17' title="bbox 355 2276 3785 2354">
    <p class='ocr_par' dir='ltr' id='par_1_17' title="bbox 355 2276 3785 2354">
     <span class='ocr_line' id='line_1_17' title="bbox 355 2276 3785 2354; baseline -0 -15"><span class='ocrx_word' id='word_1_185' title='bbox 355 2278 615 2339; x_wconf 65' lang='lat' dir='ltr'><strong>Giuvres</strong></span> <span class='ocrx_word' id='word_1_186' title='bbox 664 2278 944 2347; x_wconf 87' lang='lat' dir='ltr'><strong>choisies,</strong></span> <span class='ocrx_word' id='word_1_187' title='bbox 996 2278 1124 2338; x_wconf 91' lang='lat' dir='ltr'><strong>duo</strong></span> <span class='ocrx_word' id='word_1_188' title='bbox 1176 2277 1508 2338; x_wconf 90' lang='lat' dir='ltr'><strong>volumina</strong></span> <span class='ocrx_word' id='word_1_189' title='bbox 1558 2276 1696 2337; x_wconf 90' lang='lat' dir='ltr'><strong>sine</strong></span> <span class='ocrx_word' id='word_1_190' title='bbox 1744 2277 2029 2338; x_wconf 89' lang='lat' dir='ltr'><strong>auctoris</strong></span> <span class='ocrx_word' id='word_1_191' title='bbox 2078 2276 2339 2338; x_wconf 90' lang='lat' dir='ltr'><strong>nomine</strong></span> <span class='ocrx_word' id='word_1_192' title='bbox 2384 2277 2696 2354; x_wconf 88' lang='lat' dir='ltr'><strong>(Parisiis,</strong></span> <span class='ocrx_word' id='word_1_193' title='bbox 2754 2277 2977 2353; x_wconf 88' lang='lat'><strong>1746);</strong></span> <span class='ocrx_word' id='word_1_194' title='bbox 3028 2278 3297 2348; x_wconf 75' lang='lat' dir='ltr'><strong>AUGBR,</strong></span> <span class='ocrx_word' id='word_1_195' title='bbox 3348 2277 3673 2340; x_wconf 80' lang='lat' dir='ltr'><strong>Homélies</strong></span> <span class='ocrx_word' id='word_1_196' title='bbox 3728 2282 3785 2338; x_wconf 88' lang='lat' dir='ltr'><strong>et</strong></span> 
     </span>
    </p>
   </div>
   <div class='ocr_carea' id='block_1_18' title="bbox 354 2374 3785 2453">
    <p class='ocr_par' dir='ltr' id='par_1_18' title="bbox 354 2374 3785 2453">
     <span class='ocr_line' id='line_1_18' title="bbox 354 2374 3785 2453; baseline 0 -16"><span class='ocrx_word' id='word_1_197' title='bbox 354 2377 550 2438; x_wconf 89' lang='lat' dir='ltr'><strong>lettres</strong></span> <span class='ocrx_word' id='word_1_198' title='bbox 596 2376 855 2437; x_wconf 87' lang='lat' dir='ltr'><strong>choisies</strong></span> <span class='ocrx_word' id='word_1_199' title='bbox 900 2376 973 2436; x_wconf 89' lang='lat' dir='ltr'><strong>de</strong></span> <span class='ocrx_word' id='word_1_200' title='bbox 1016 2376 1185 2436; x_wconf 86' lang='lat' dir='ltr'><strong>saint</strong></span> <span class='ocrx_word' id='word_1_201' title='bbox 1230 2374 1445 2435; x_wconf 88' lang='lat' dir='ltr'><strong>Basile</strong></span> <span class='ocrx_word' id='word_1_202' title='bbox 1489 2374 1543 2435; x_wconf 89' lang='lat' dir='ltr'><strong>le</strong></span> <span class='ocrx_word' id='word_1_203' title='bbox 1590 2374 1803 2437; x_wconf 90' lang='lat' dir='ltr'><strong>Grand</strong></span> <span class='ocrx_word' id='word_1_204' title='bbox 1843 2374 2154 2453; x_wconf 88' lang='lat' dir='ltr'><strong>(Parisiis,</strong></span> <span class='ocrx_word' id='word_1_205' title='bbox 2208 2375 2432 2453; x_wconf 90' lang='lat'><strong>1788);</strong></span> <span class='ocrx_word' id='word_1_206' title='bbox 2480 2375 2775 2446; x_wconf 81' lang='lat' dir='ltr'><strong>VASSON,</strong></span> <span class='ocrx_word' id='word_1_207' title='bbox 2827 2374 3011 2437; x_wconf 87' lang='lat' dir='ltr'><strong>Saint</strong></span> <span class='ocrx_word' id='word_1_208' title='bbox 3054 2376 3628 2447; x_wconf 82' lang='lat' dir='ltr'><strong>Basile—le-Grand,</strong></span> <span class='ocrx_word' id='word_1_209' title='bbox 3678 2395 3785 2437; x_wconf 85' lang='lat' dir='ltr'><strong>ses</strong></span> 
     </span>
    </p>
   </div>
   <div class='ocr_carea' id='block_1_19' title="bbox 353 2474 3785 2553">
    <p class='ocr_par' dir='ltr' id='par_1_19' title="bbox 353 2474 3785 2553">
     <span class='ocr_line' id='line_1_19' title="bbox 353 2474 3785 2553; baseline -0 -16"><span class='ocrx_word' id='word_1_210' title='bbox 353 2494 587 2537; x_wconf 72' lang='lat' dir='ltr'><strong>muvres</strong></span> <span class='ocrx_word' id='word_1_211' title='bbox 621 2476 913 2536; x_wconf 86' lang='lat' dir='ltr'><strong>oratoires</strong></span> <span class='ocrx_word' id='word_1_212' title='bbox 948 2478 1000 2535; x_wconf 87' lang='lat' dir='ltr'><strong>et</strong></span> <span class='ocrx_word' id='word_1_213' title='bbox 1035 2474 1371 2553; x_wconf 82' lang='lat' dir='ltr'><strong>asce’tiques</strong></span> <span class='ocrx_word' id='word_1_214' title='bbox 1403 2474 1715 2551; x_wconf 88' lang='lat' dir='ltr'><strong>(Parisiis,</strong></span> <span class='ocrx_word' id='word_1_215' title='bbox 1753 2479 1903 2553; x_wconf 90' lang='lat' dir='ltr'><strong>post</strong></span> <span class='ocrx_word' id='word_1_216' title='bbox 1944 2474 2121 2545; x_wconf 93' lang='lat'><strong>1892,</strong></span> <span class='ocrx_word' id='word_1_217' title='bbox 2159 2479 2311 2536; x_wconf 90' lang='lat' dir='ltr'><strong>ante</strong></span> <span class='ocrx_word' id='word_1_218' title='bbox 2352 2474 2581 2551; x_wconf 87' lang='lat'><strong>1899);</strong></span> <span class='ocrx_word' id='word_1_219' title='bbox 2620 2476 2695 2536; x_wconf 93' lang='lat' dir='ltr'><strong>B.</strong></span> <span class='ocrx_word' id='word_1_220' title='bbox 2735 2475 3070 2546; x_wconf 79' lang='lat' dir='ltr'><strong>JACKSON,</strong></span> <span class='ocrx_word' id='word_1_221' title='bbox 3109 2475 3293 2537; x_wconf 89' lang='lat' dir='ltr'><strong>Basil</strong></span> <span class='ocrx_word' id='word_1_222' title='bbox 3325 2476 3388 2553; x_wconf 87' lang='lat' dir='ltr'><strong>o/</strong></span> <span class='ocrx_word' id='word_1_223' title='bbox 3426 2476 3785 2538; x_wconf 87' lang='lat' dir='ltr'><strong>Caesaraea</strong></span> 
     </span>
    </p>
   </div>
   <div class='ocr_carea' id='block_1_20' title="bbox 362 2571 3783 2652">
    <p class='ocr_par' dir='ltr' id='par_1_20' title="bbox 362 2571 3783 2652">
     <span class='ocr_line' id='line_1_20' title="bbox 362 2571 3783 2652; baseline 0 -17"><span class='ocrx_word' id='word_1_224' title='bbox 362 2576 453 2652; x_wconf 89' lang='lat' dir='ltr'><strong>(A</strong></span> <span class='ocrx_word' id='word_1_225' title='bbox 486 2574 674 2636; x_wconf 86' lang='lat' dir='ltr'><strong>Select</strong></span> <span class='ocrx_word' id='word_1_226' title='bbox 698 2574 962 2652; x_wconf 86' lang='lat' dir='ltr'><strong>Library</strong></span> <span class='ocrx_word' id='word_1_227' title='bbox 986 2574 1048 2650; x_wconf 73' lang='grc' dir='ltr'><strong>ο]</strong></span> <span class='ocrx_word' id='word_1_228' title='bbox 1072 2573 1310 2633; x_wconf 89' lang='lat' dir='ltr'><strong>Nicene</strong></span> <span class='ocrx_word' id='word_1_229' title='bbox 1334 2571 1462 2633; x_wconf 86' lang='lat' dir='ltr'><strong>and</strong></span> <span class='ocrx_word' id='word_1_230' title='bbox 1484 2573 1904 2633; x_wconf 87' lang='lat' dir='ltr'><strong>Post-Nicene</strong></span> <span class='ocrx_word' id='word_1_231' title='bbox 1928 2572 2187 2633; x_wconf 84' lang='lat' dir='ltr'><strong>Fathers</strong></span> <span class='ocrx_word' id='word_1_232' title='bbox 2212 2573 2275 2647; x_wconf 75' lang='grc' dir='ltr'><strong>ο]</strong></span> <span class='ocrx_word' id='word_1_233' title='bbox 2298 2573 2394 2633; x_wconf 85' lang='lat' dir='ltr'><strong>the</strong></span> <span class='ocrx_word' id='word_1_234' title='bbox 2421 2572 2742 2635; x_wconf 88' lang='lat' dir='ltr'><strong>Christian</strong></span> <span class='ocrx_word' id='word_1_235' title='bbox 2775 2573 3038 2644; x_wconf 84' lang='lat' dir='ltr'><strong>Church,</strong></span> <span class='ocrx_word' id='word_1_236' title='bbox 3075 2573 3159 2645; x_wconf 92' lang='lat' dir='ltr'><strong>II,</strong></span> <span class='ocrx_word' id='word_1_237' title='bbox 3186 2574 3225 2635; x_wconf 94' lang='lat'><strong>8</strong></span> <span class='ocrx_word' id='word_1_238' title='bbox 3253 2595 3268 2645; x_wconf 91' lang='lat'><strong>;</strong></span> <span class='ocrx_word' id='word_1_239' title='bbox 3298 2574 3783 2645; x_wconf 87' lang='lat' dir='ltr'><strong>Neo-Eboraci,</strong></span> 
     </span>
    </p>
   </div>
   <div class='ocr_carea' id='block_1_21' title="bbox 362 2669 3782 2751">
    <p class='ocr_par' dir='ltr' id='par_1_21' title="bbox 362 2669 3782 2751">
     <span class='ocr_line' id='line_1_21' title="bbox 362 2669 3782 2751; baseline 0 -18"><span class='ocrx_word' id='word_1_240' title='bbox 362 2672 563 2750; x_wconf 89' lang='grc'><strong>1895).</strong></span> <span class='ocrx_word' id='word_1_241' title='bbox 616 2672 839 2751; x_wconf 91' lang='lat' dir='ltr'><strong>Nuper</strong></span> <span class='ocrx_word' id='word_1_242' title='bbox 887 2671 1090 2732; x_wconf 90' lang='lat' dir='ltr'><strong>edidit</strong></span> <span class='ocrx_word' id='word_1_243' title='bbox 1139 2670 1212 2732; x_wconf 94' lang='lat' dir='ltr'><strong>T.</strong></span> <span class='ocrx_word' id='word_1_244' title='bbox 1267 2670 1463 2732; x_wconf 86' lang='lat' dir='ltr'><strong>Sinko</strong></span> <span class='ocrx_word' id='word_1_245' title='bbox 1514 2670 1815 2732; x_wconf 90' lang='lat' dir='ltr'><strong>homilias</strong></span> <span class='ocrx_word' id='word_1_246' title='bbox 1864 2669 2117 2749; x_wconf 90' lang='lat' dir='ltr'><strong>aliquas</strong></span> <span class='ocrx_word' id='word_1_247' title='bbox 2167 2670 2458 2749; x_wconf 91' lang='lat' dir='ltr'><strong>polonice</strong></span> <span class='ocrx_word' id='word_1_248' title='bbox 2504 2670 2902 2749; x_wconf 89' lang='lat' dir='ltr'><strong>(Cracoviae,</strong></span> <span class='ocrx_word' id='word_1_249' title='bbox 2958 2671 3183 2749; x_wconf 87' lang='lat'><strong>1947);</strong></span> <span class='ocrx_word' id='word_1_250' title='bbox 3235 2671 3401 2734; x_wconf 92' lang='lat' dir='ltr'><strong>aliae</strong></span> <span class='ocrx_word' id='word_1_251' title='bbox 3450 2672 3782 2735; x_wconf 88' lang='lat' dir='ltr'><strong>ucrainice</strong></span> 
     </span>
    </p>
   </div>
   <div class='ocr_carea' id='block_1_22' title="bbox 355 2768 1519 2849">
    <p class='ocr_par' dir='ltr' id='par_1_22' title="bbox 355 2768 1519 2849">
     <span class='ocr_line' id='line_1_22' title="bbox 355 2768 1519 2849; baseline -0.002 -18"><span class='ocrx_word' id='word_1_252' title='bbox 355 2770 735 2849; x_wconf 91' lang='lat' dir='ltr'><strong>prodierunt</strong></span> <span class='ocrx_word' id='word_1_253' title='bbox 773 2769 1269 2848; x_wconf 89' lang='lat' dir='ltr'><strong>(Neo-Eboraci,</strong></span> <span class='ocrx_word' id='word_1_254' title='bbox 1318 2768 1519 2846; x_wconf 89' lang='grc'><strong>1954).</strong></span> 
     </span>
    </p>
   </div>
   <div class='ocr_carea' id='block_1_23' title="bbox 1724 2993 2399 3069">
    <p class='ocr_par' dir='ltr' id='par_1_23' title="bbox 1724 2993 2399 3069">
     <span class='ocr_line' id='line_1_23' title="bbox 1724 2993 2399 3069; baseline 0.003 -2"><span class='ocrx_word' id='word_1_255' title='bbox 1724 2993 1830 3069; x_wconf 89' lang='grc' dir='ltr'><strong>Χ.</strong></span> <span class='ocrx_word' id='word_1_256' title='bbox 1868 2994 2133 3069; x_wconf 85' lang='lat' dir='ltr'><strong>Editio</strong></span> <span class='ocrx_word' id='word_1_257' title='bbox 2166 3020 2399 3069; x_wconf 86' lang='lat' dir='ltr'><strong>nova.</strong></span> 
     </span>
    </p>
   </div>
   <div class='ocr_carea' id='block_1_24' title="bbox 527 3160 3782 3244">
    <p class='ocr_par' dir='ltr' id='par_1_24' title="bbox 527 3160 3782 3244">
     <span class='ocr_line' id='line_1_24' title="bbox 527 3160 3782 3244; baseline 0 -21"><span class='ocrx_word' id='word_1_258' title='bbox 527 3163 820 3244; x_wconf 89' lang='lat' dir='ltr'><strong>Impulsu</strong></span> <span class='ocrx_word' id='word_1_259' title='bbox 855 3162 1034 3223; x_wconf 89' lang='lat' dir='ltr'><strong>docti</strong></span> <span class='ocrx_word' id='word_1_260' title='bbox 1068 3161 1189 3223; x_wconf 91' lang='lat' dir='ltr'><strong>viri</strong></span> <span class='ocrx_word' id='word_1_261' title='bbox 1224 3161 1300 3223; x_wconf 86' lang='lat' dir='ltr'><strong>E.</strong></span> <span class='ocrx_word' id='word_1_262' title='bbox 1336 3160 1599 3225; x_wconf 81' lang='lat' dir='ltr'><strong>Amand</strong></span> <span class='ocrx_word' id='word_1_263' title='bbox 1635 3162 1715 3223; x_wconf 95' lang='lat' dir='ltr'><strong>de</strong></span> <span class='ocrx_word' id='word_1_264' title='bbox 1749 3160 2102 3232; x_wconf 90' lang='lat' dir='ltr'><strong>Mendieta,</strong></span> <span class='ocrx_word' id='word_1_265' title='bbox 2138 3178 2329 3241; x_wconf 90' lang='lat' dir='ltr'><strong>opere</strong></span> <span class='ocrx_word' id='word_1_266' title='bbox 2366 3161 2461 3224; x_wconf 91' lang='lat' dir='ltr'><strong>St.</strong></span> <span class='ocrx_word' id='word_1_267' title='bbox 2497 3162 2579 3224; x_wconf 92' lang='lat' dir='ltr'><strong>Y.</strong></span> <span class='ocrx_word' id='word_1_268' title='bbox 2619 3161 2953 3242; x_wconf 84' lang='lat' dir='ltr'><strong>Rudberg,</strong></span> <span class='ocrx_word' id='word_1_269' title='bbox 2988 3161 3052 3224; x_wconf 87' lang='lat' dir='ltr'><strong>J.</strong></span> <span class='ocrx_word' id='word_1_270' title='bbox 3092 3161 3482 3224; x_wconf 86' lang='lat' dir='ltr'><strong>Gribomont</strong></span> <span class='ocrx_word' id='word_1_271' title='bbox 3519 3161 3782 3234; x_wconf 91' lang='lat' dir='ltr'><strong>O.S.B.,</strong></span> 
     </span>
    </p>
   </div>
   <div class='ocr_carea' id='block_1_25' title="bbox 356 3259 3785 3340">
    <p class='ocr_par' dir='ltr' id='par_1_25' title="bbox 356 3259 3785 3340">
     <span class='ocr_line' id='line_1_25' title="bbox 356 3259 3785 3340; baseline -0.001 -17"><span class='ocrx_word' id='word_1_272' title='bbox 356 3262 431 3324; x_wconf 90' lang='lat' dir='ltr'><strong>E.</strong></span> <span class='ocrx_word' id='word_1_273' title='bbox 470 3262 807 3325; x_wconf 86' lang='lat' dir='ltr'><strong>Rouillard</strong></span> <span class='ocrx_word' id='word_1_274' title='bbox 844 3260 1095 3333; x_wconf 89' lang='lat' dir='ltr'><strong>O.S.B.,</strong></span> <span class='ocrx_word' id='word_1_275' title='bbox 1134 3261 1215 3323; x_wconf 88' lang='lat' dir='ltr'><strong>R.</strong></span> <span class='ocrx_word' id='word_1_276' title='bbox 1252 3260 1623 3331; x_wconf 85' lang='lat' dir='ltr'><strong>Loonbeek,</strong></span> <span class='ocrx_word' id='word_1_277' title='bbox 1660 3279 1832 3322; x_wconf 91' lang='lat' dir='ltr'><strong>nova</strong></span> <span class='ocrx_word' id='word_1_278' title='bbox 1867 3264 1935 3321; x_wconf 89' lang='lat' dir='ltr'><strong>et</strong></span> <span class='ocrx_word' id='word_1_279' title='bbox 1969 3260 2191 3322; x_wconf 91' lang='lat' dir='ltr'><strong>critica</strong></span> <span class='ocrx_word' id='word_1_280' title='bbox 2227 3260 2452 3322; x_wconf 87' lang='lat' dir='ltr'><strong>Basilii</strong></span> <span class='ocrx_word' id='word_1_281' title='bbox 2495 3278 2765 3340; x_wconf 91' lang='lat' dir='ltr'><strong>operum</strong></span> <span class='ocrx_word' id='word_1_282' title='bbox 2809 3259 3008 3322; x_wconf 90' lang='lat' dir='ltr'><strong>editio</strong></span> <span class='ocrx_word' id='word_1_283' title='bbox 3052 3261 3297 3339; x_wconf 90' lang='lat' dir='ltr'><strong>sperari</strong></span> <span class='ocrx_word' id='word_1_284' title='bbox 3342 3265 3582 3340; x_wconf 86' lang='lat' dir='ltr'><strong>potest.</strong></span> <span class='ocrx_word' id='word_1_285' title='bbox 3638 3260 3785 3322; x_wconf 91' lang='lat' dir='ltr'><strong>Iam</strong></span> 
     </span>
    </p>
   </div>
   <div class='ocr_carea' id='block_1_26' title="bbox 354 3358 3785 3440">
    <p class='ocr_par' dir='ltr' id='par_1_26' title="bbox 354 3358 3785 3440">
     <span class='ocr_line' id='line_1_26' title="bbox 354 3358 3785 3440; baseline 0 -20"><span class='ocrx_word' id='word_1_286' title='bbox 354 3364 616 3440; x_wconf 90' lang='lat' dir='ltr'><strong>peracta</strong></span> <span class='ocrx_word' id='word_1_287' title='bbox 646 3360 865 3423; x_wconf 90' lang='lat' dir='ltr'><strong>studia</strong></span> <span class='ocrx_word' id='word_1_288' title='bbox 901 3359 979 3438; x_wconf 71' lang='grc'><strong>(³)</strong></span> <span class='ocrx_word' id='word_1_289' title='bbox 1016 3359 1300 3421; x_wconf 89' lang='lat' dir='ltr'><strong>indicare</strong></span> <span class='ocrx_word' id='word_1_290' title='bbox 1336 3359 1561 3420; x_wconf 90' lang='lat' dir='ltr'><strong>sinunt</strong></span> <span class='ocrx_word' id='word_1_291' title='bbox 1591 3359 1919 3438; x_wconf 90' lang='lat' dir='ltr'><strong>quomodo</strong></span> <span class='ocrx_word' id='word_1_292' title='bbox 1947 3358 2013 3419; x_wconf 91' lang='lat' dir='ltr'><strong>in</strong></span> <span class='ocrx_word' id='word_1_293' title='bbox 2043 3358 2312 3437; x_wconf 85' lang='lat' dir='ltr'><strong>singulis</strong></span> <span class='ocrx_word' id='word_1_294' title='bbox 2339 3364 2406 3419; x_wconf 91' lang='lat' dir='ltr'><strong>et</strong></span> <span class='ocrx_word' id='word_1_295' title='bbox 2433 3364 2624 3419; x_wconf 87' lang='lat' dir='ltr'><strong>textu</strong></span> <span class='ocrx_word' id='word_1_296' title='bbox 2653 3364 2721 3420; x_wconf 89' lang='lat' dir='ltr'><strong>et</strong></span> <span class='ocrx_word' id='word_1_297' title='bbox 2749 3363 3072 3438; x_wconf 87' lang='lat' dir='ltr'><strong>apparatu</strong></span> <span class='ocrx_word' id='word_1_298' title='bbox 3111 3358 3559 3421; x_wconf 89' lang='lat' dir='ltr'><strong>Maurinorum</strong></span> <span class='ocrx_word' id='word_1_299' title='bbox 3587 3364 3785 3421; x_wconf 89' lang='lat' dir='ltr'><strong>uten-</strong></span> 
     </span>
    </p>
   </div>
   <div class='ocr_carea' id='block_1_27' title="bbox 354 3458 651 3520">
    <p class='ocr_par' dir='ltr' id='par_1_27' title="bbox 354 3458 651 3520">
     <span class='ocr_line' id='line_1_27' title="bbox 354 3458 651 3520; baseline 0 0"><span class='ocrx_word' id='word_1_300' title='bbox 354 3459 514 3520; x_wconf 91' lang='lat' dir='ltr'><strong>dum</strong></span> <span class='ocrx_word' id='word_1_301' title='bbox 543 3458 651 3520; x_wconf 93' lang='lat' dir='ltr'><strong>sit.</strong></span> 
     </span>
    </p>
   </div>
   <div class='ocr_carea' id='block_1_28' title="bbox 431 3728 3775 3793">
    <p class='ocr_par' dir='ltr' id='par_1_28' title="bbox 431 3728 3775 3793">
     <span class='ocr_line' id='line_1_28' title="bbox 431 3728 3775 3793; baseline 0.001 -17"><span class='ocrx_word' id='word_1_302' title='bbox 431 3728 477 3779; x_wconf 87' lang='lat'><strong>1.</strong></span> <span class='ocrx_word' id='word_1_303' title='bbox 506 3730 695 3780; x_wconf 85' lang='lat' dir='ltr'><strong>Versio</strong></span> <span class='ocrx_word' id='word_1_304' title='bbox 731 3731 904 3779; x_wconf 85' lang='lat' dir='ltr'><strong>latina</strong></span> <span class='ocrx_word' id='word_1_305' title='bbox 943 3731 1057 3779; x_wconf 85' lang='lat' dir='ltr'><strong>sola</strong></span> <span class='ocrx_word' id='word_1_306' title='bbox 1094 3732 1244 3792; x_wconf 84' lang='lat' dir='ltr'><strong>typis</strong></span> <span class='ocrx_word' id='word_1_307' title='bbox 1273 3732 1406 3780; x_wconf 84' lang='lat' dir='ltr'><strong>data</strong></span> <span class='ocrx_word' id='word_1_308' title='bbox 1435 3734 1519 3779; x_wconf 86' lang='lat' dir='ltr'><strong>est</strong></span> <span class='ocrx_word' id='word_1_309' title='bbox 1548 3731 1813 3789; x_wconf 84' lang='lat' dir='ltr'><strong>Venetlis,</strong></span> <span class='ocrx_word' id='word_1_310' title='bbox 1845 3732 2003 3780; x_wconf 92' lang='lat'><strong>1750-</strong></span> <span class='ocrx_word' id='word_1_311' title='bbox 2185 3730 2234 3779; x_wconf 88' lang='lat'><strong>2.</strong></span> <span class='ocrx_word' id='word_1_312' title='bbox 2262 3730 2421 3788; x_wconf 83' lang='lat' dir='ltr'><strong>Vide,</strong></span> <span class='ocrx_word' id='word_1_313' title='bbox 2462 3731 2616 3779; x_wconf 87' lang='lat' dir='ltr'><strong>verbi</strong></span> <span class='ocrx_word' id='word_1_314' title='bbox 2665 3730 2863 3791; x_wconf 82' lang='lat' dir='ltr'><strong>gratia,</strong></span> <span class='ocrx_word' id='word_1_315' title='bbox 2904 3744 3071 3793; x_wconf 84' lang='lat' dir='ltr'><strong>opera</strong></span> <span class='ocrx_word' id='word_1_316' title='bbox 3121 3744 3287 3792; x_wconf 81' lang='lat' dir='ltr'><strong>supra</strong></span> <span class='ocrx_word' id='word_1_317' title='bbox 3338 3733 3670 3789; x_wconf 79' lang='lat' dir='ltr'><strong>memorata,</strong></span> <span class='ocrx_word' id='word_1_318' title='bbox 3717 3746 3775 3792; x_wconf 87' lang='lat' dir='ltr'><strong>p.</strong></span> 
     </span>
    </p>
   </div>
   <div class='ocr_carea' id='block_1_29' title="bbox 360 3797 2794 3864">
    <p class='ocr_par' dir='ltr' id='par_1_29' title="bbox 360 3797 2794 3864">
     <span class='ocr_line' id='line_1_29' title="bbox 360 3797 2794 3864; baseline 0.001 -15"><span class='ocrx_word' id='word_1_319' title='bbox 360 3797 489 3849; x_wconf 89' lang='grc'><strong>1751</strong></span> <span class='ocrx_word' id='word_1_320' title='bbox 520 3817 532 3860; x_wconf 89' lang='lat'><strong>;</strong></span> <span class='ocrx_word' id='word_1_321' title='bbox 568 3803 842 3863; x_wconf 83' lang='lat' dir='ltr'><strong>Bergami,</strong></span> <span class='ocrx_word' id='word_1_322' title='bbox 878 3803 1050 3861; x_wconf 88' lang='lat'><strong>1793;</strong></span> <span class='ocrx_word' id='word_1_323' title='bbox 1086 3803 1323 3860; x_wconf 81' lang='lat' dir='ltr'><strong>Parisiis,</strong></span> <span class='ocrx_word' id='word_1_324' title='bbox 1358 3802 1678 3851; x_wconf 82' lang='lat'><strong>1835-1840.</strong></span> <span class='ocrx_word' id='word_1_325' title='bbox 2114 3802 2165 3860; x_wconf 89' lang='lat'><strong>2,</strong></span> <span class='ocrx_word' id='word_1_326' title='bbox 2198 3816 2253 3851; x_wconf 91' lang='lat' dir='ltr'><strong>n.</strong></span> <span class='ocrx_word' id='word_1_327' title='bbox 2292 3804 2313 3851; x_wconf 94' lang='lat'><strong>1</strong></span> <span class='ocrx_word' id='word_1_328' title='bbox 2353 3806 2410 3851; x_wconf 87' lang='lat' dir='ltr'><strong>et</strong></span> <span class='ocrx_word' id='word_1_329' title='bbox 2442 3816 2496 3864; x_wconf 90' lang='lat' dir='ltr'><strong>p.</strong></span> <span class='ocrx_word' id='word_1_330' title='bbox 2531 3804 2585 3861; x_wconf 89' lang='lat'><strong>3,</strong></span> <span class='ocrx_word' id='word_1_331' title='bbox 2618 3816 2673 3851; x_wconf 91' lang='lat' dir='ltr'><strong>n.</strong></span> <span class='ocrx_word' id='word_1_332' title='bbox 2712 3803 2794 3852; x_wconf 90' lang='lat'><strong>10.</strong></span> 
     </span>
    </p>
   </div>
  </div>
