  <div class='ocr_page' id='page_1' title='image "/cluster/home/n/w/nwhite01/storage/ocr_20150623/29/ien.35556001660547/809.png"; bbox 0 0 4008 6454; ppageno 0'>
   <div class='ocr_carea' id='block_1_1' title="bbox 1617 415 2269 491">
    <p class='ocr_par' dir='ltr' id='par_1_1' title="bbox 1617 415 2269 491">
     <span class='ocr_line' id='line_1_1' title="bbox 1617 415 2269 491; baseline 0.002 -1"><span class='ocrx_word' id='word_1_1' title='bbox 1617 416 1730 490; x_wconf 90' lang='grc' dir='ltr'><strong>ΙΝ</strong></span> <span class='ocrx_word' id='word_1_2' title='bbox 1766 415 2141 491; x_wconf 86' lang='lat' dir='ltr'><strong>TOMUM</strong></span> <span class='ocrx_word' id='word_1_3' title='bbox 2174 418 2269 491; x_wconf 90' lang='lat'><strong>29</strong></span> 
     </span>
    </p>
   </div>
   <div class='ocr_carea' id='block_1_2' title="bbox 239 846 3644 1088">
    <p class='ocr_par' dir='ltr' id='par_1_2' title="bbox 239 846 3644 1088">
     <span class='ocr_line' id='line_1_2' title="bbox 239 846 3644 1088; baseline 0.001 -9"><span class='ocrx_word' id='word_1_4' title='bbox 239 846 2310 1087; x_wconf 71' lang='lat' dir='ltr'><strong>PATROLOGI/E</strong></span> <span class='ocrx_word' id='word_1_5' title='bbox 2452 847 3644 1088; x_wconf 64' lang='lat' dir='ltr'><strong>GR/ECAE</strong></span> 
     </span>
    </p>
   </div>
   <div class='ocr_carea' id='block_1_3' title="bbox 1315 1405 2562 1481">
    <p class='ocr_par' dir='ltr' id='par_1_3' title="bbox 1315 1405 2562 1481">
     <span class='ocr_line' id='line_1_3' title="bbox 1315 1405 2562 1481; baseline 0 -3"><span class='ocrx_word' id='word_1_6' title='bbox 1315 1406 1458 1478; x_wconf 84' lang='lat' dir='ltr'><strong>AD</strong></span> <span class='ocrx_word' id='word_1_7' title='bbox 1498 1405 2088 1480; x_wconf 88' lang='lat' dir='ltr'><strong>EDITIONEM</strong></span> <span class='ocrx_word' id='word_1_8' title='bbox 2125 1406 2562 1481; x_wconf 85' lang='lat' dir='ltr'><strong>OPERUM</strong></span> 
     </span>
    </p>
   </div>
   <div class='ocr_carea' id='block_1_4' title="bbox 907 1814 2971 1953">
    <p class='ocr_par' dir='ltr' id='par_1_4' title="bbox 907 1814 2971 1953">
     <span class='ocr_line' id='line_1_4' title="bbox 907 1814 2971 1953; baseline -0 0"><span class='ocrx_word' id='word_1_9' title='bbox 907 1814 1533 1953; x_wconf 88' lang='lat' dir='ltr'><strong>SANCTI</strong></span> <span class='ocrx_word' id='word_1_10' title='bbox 1650 1814 2274 1953; x_wconf 90' lang='lat' dir='ltr'><strong>BASILII</strong></span> <span class='ocrx_word' id='word_1_11' title='bbox 2388 1815 2971 1953; x_wconf 83' lang='lat' dir='ltr'><strong>MAGNI</strong></span> 
     </span>
    </p>
   </div>
   <div class='ocr_carea' id='block_1_5' title="bbox 1536 2188 2344 2263">
    <p class='ocr_par' dir='ltr' id='par_1_5' title="bbox 1536 2188 2344 2263">
     <span class='ocr_line' id='line_1_5' title="bbox 1536 2188 2344 2263; baseline 0.002 -2"><span class='ocrx_word' id='word_1_12' title='bbox 1536 2188 2344 2263; x_wconf 83' lang='lat' dir='ltr'><strong>ADNOTATIONES</strong></span> 
     </span>
    </p>
   </div>
   <div class='ocr_carea' id='block_1_6' title="bbox 1218 2438 2669 2519">
    <p class='ocr_par' dir='ltr' id='par_1_6' title="bbox 1218 2438 2669 2519">
     <span class='ocr_line' id='line_1_6' title="bbox 1218 2438 2669 2519; baseline 0.001 -7"><span class='ocrx_word' id='word_1_13' title='bbox 1218 2455 1530 2513; x_wconf 85' lang='lat' dir='ltr'><strong>auctore</strong></span> <span class='ocrx_word' id='word_1_14' title='bbox 1566 2438 1868 2519; x_wconf 83' lang='lat' dir='ltr'><strong>Joanne</strong></span> <span class='ocrx_word' id='word_1_15' title='bbox 1904 2438 2362 2513; x_wconf 88' lang='lat' dir='ltr'><strong>Gribomont</strong></span> <span class='ocrx_word' id='word_1_16' title='bbox 2397 2438 2669 2513; x_wconf 91' lang='lat' dir='ltr'><strong>O.S.B.</strong></span> 
     </span>
    </p>
   </div>
   <div class='ocr_carea' id='block_1_7' title="bbox 407 2631 3644 2710">
    <p class='ocr_par' dir='ltr' id='par_1_7' title="bbox 407 2631 3644 2710">
     <span class='ocr_line' id='line_1_7' title="bbox 407 2631 3644 2710; baseline 0.001 -18"><span class='ocrx_word' id='word_1_17' title='bbox 407 2631 693 2710; x_wconf 87' lang='lat' dir='ltr'><strong>Sequens</strong></span> <span class='ocrx_word' id='word_1_18' title='bbox 721 2631 949 2693; x_wconf 88' lang='lat' dir='ltr'><strong>tabula</strong></span> <span class='ocrx_word' id='word_1_19' title='bbox 979 2632 1250 2710; x_wconf 86' lang='lat' dir='ltr'><strong>praebet</strong></span> <span class='ocrx_word' id='word_1_20' title='bbox 1282 2652 1296 2693; x_wconf 92' lang='lat'>:</span> <span class='ocrx_word' id='word_1_21' title='bbox 1332 2633 1401 2691; x_wconf 86' lang='lat'><strong>1°</strong></span> <span class='ocrx_word' id='word_1_22' title='bbox 1428 2650 1730 2693; x_wconf 87' lang='lat' dir='ltr'><strong>numeros</strong></span> <span class='ocrx_word' id='word_1_23' title='bbox 1760 2632 2212 2694; x_wconf 90' lang='lat' dir='ltr'><strong>columnarum</strong></span> <span class='ocrx_word' id='word_1_24' title='bbox 2242 2632 2396 2693; x_wconf 90' lang='lat' dir='ltr'><strong>P.G.</strong></span> <span class='ocrx_word' id='word_1_25' title='bbox 2430 2632 2509 2692; x_wconf 90' lang='lat'>29</span> <span class='ocrx_word' id='word_1_26' title='bbox 2538 2653 2553 2703; x_wconf 91' lang='lat'><strong>;</strong></span> <span class='ocrx_word' id='word_1_27' title='bbox 2585 2633 2658 2693; x_wconf 88' lang='lat'><strong>2°</strong></span> <span class='ocrx_word' id='word_1_28' title='bbox 2685 2637 3009 2694; x_wconf 90' lang='lat' dir='ltr'><strong>tractatus</strong></span> <span class='ocrx_word' id='word_1_29' title='bbox 3037 2651 3119 2693; x_wconf 87' lang='lat' dir='ltr'><strong>ex</strong></span> <span class='ocrx_word' id='word_1_30' title='bbox 3146 2633 3430 2694; x_wconf 86' lang='lat' dir='ltr'><strong>editione</strong></span> <span class='ocrx_word' id='word_1_31' title='bbox 3461 2633 3644 2695; x_wconf 89' lang='lat' dir='ltr'><strong>Mau-</strong></span> 
     </span>
    </p>
   </div>
   <div class='ocr_carea' id='block_1_8' title="bbox 235 2729 3645 2811">
    <p class='ocr_par' dir='ltr' id='par_1_8' title="bbox 235 2729 3645 2811">
     <span class='ocr_line' id='line_1_8' title="bbox 235 2729 3645 2811; baseline 0.001 -21"><span class='ocrx_word' id='word_1_32' title='bbox 235 2729 526 2790; x_wconf 89' lang='lat' dir='ltr'><strong>rinorum</strong></span> <span class='ocrx_word' id='word_1_33' title='bbox 552 2729 962 2809; x_wconf 84' lang='lat'><strong>(1721-1730)</strong></span> <span class='ocrx_word' id='word_1_34' title='bbox 991 2730 1263 2791; x_wconf 89' lang='lat' dir='ltr'><strong>haustos</strong></span> <span class='ocrx_word' id='word_1_35' title='bbox 1290 2751 1307 2802; x_wconf 88' lang='lat'><strong>;</strong></span> <span class='ocrx_word' id='word_1_36' title='bbox 1339 2730 1413 2791; x_wconf 88' lang='lat'><strong>3°</strong></span> <span class='ocrx_word' id='word_1_37' title='bbox 1440 2748 1513 2792; x_wconf 91' lang='lat' dir='ltr'><strong>ea</strong></span> <span class='ocrx_word' id='word_1_38' title='bbox 1545 2748 1713 2808; x_wconf 87' lang='lat' dir='ltr'><strong>quae</strong></span> <span class='ocrx_word' id='word_1_39' title='bbox 1743 2749 1825 2791; x_wconf 89' lang='lat' dir='ltr'><strong>ex</strong></span> <span class='ocrx_word' id='word_1_40' title='bbox 1853 2730 1994 2792; x_wconf 87' lang='lat' dir='ltr'><strong>aliis</strong></span> <span class='ocrx_word' id='word_1_41' title='bbox 2022 2730 2318 2791; x_wconf 80' lang='lat' dir='ltr'><strong>fontibus</strong></span> <span class='ocrx_word' id='word_1_42' title='bbox 2347 2730 2742 2809; x_wconf 90' lang='lat' dir='ltr'><strong>proveniunt</strong></span> <span class='ocrx_word' id='word_1_43' title='bbox 2771 2751 2786 2801; x_wconf 91' lang='lat'><strong>;</strong></span> <span class='ocrx_word' id='word_1_44' title='bbox 2817 2731 2891 2790; x_wconf 89' lang='lat'><strong>4°</strong></span> <span class='ocrx_word' id='word_1_45' title='bbox 2918 2730 3181 2793; x_wconf 91' lang='lat' dir='ltr'><strong>nomina</strong></span> <span class='ocrx_word' id='word_1_46' title='bbox 3211 2731 3645 2811; x_wconf 85' lang='lat' dir='ltr'><strong>interpretum</strong></span> 
     </span>
    </p>
   </div>
   <div class='ocr_carea' id='block_1_9' title="bbox 236 2827 1015 2889">
    <p class='ocr_par' dir='ltr' id='par_1_9' title="bbox 236 2827 1015 2889">
     <span class='ocr_line' id='line_1_9' title="bbox 236 2827 1015 2889; baseline 0.003 -3"><span class='ocrx_word' id='word_1_47' title='bbox 236 2827 612 2889; x_wconf 89' lang='lat' dir='ltr'><strong>versionum</strong></span> <span class='ocrx_word' id='word_1_48' title='bbox 642 2827 1015 2889; x_wconf 90' lang='lat' dir='ltr'><strong>latinarum.</strong></span> 
     </span>
    </p>
   </div>
   <div class='ocr_carea' id='block_1_10' title="bbox 407 2979 2078 3059">
    <p class='ocr_par' dir='ltr' id='par_1_10' title="bbox 407 2979 2078 3059">
     <span class='ocr_line' id='line_1_10' title="bbox 407 2979 2078 3059; baseline 0.001 -20"><span class='ocrx_word' id='word_1_49' title='bbox 407 2979 570 3041; x_wconf 90' lang='lat' dir='ltr'><strong>N.B.</strong></span> <span class='ocrx_word' id='word_1_50' title='bbox 608 2980 677 3039; x_wconf 85' lang='lat'><strong>1°</strong></span> <span class='ocrx_word' id='word_1_51' title='bbox 707 2979 936 3059; x_wconf 87' lang='lat' dir='ltr'><strong>Spuria</strong></span> <span class='ocrx_word' id='word_1_52' title='bbox 976 2979 1082 3040; x_wconf 88' lang='lat' dir='ltr'><strong>vel</strong></span> <span class='ocrx_word' id='word_1_53' title='bbox 1118 2980 1317 3043; x_wconf 88' lang='lat' dir='ltr'><strong>dubia</strong></span> <span class='ocrx_word' id='word_1_54' title='bbox 1356 2979 1648 3042; x_wconf 89' lang='lat' dir='ltr'><strong>astericis</strong></span> <span class='ocrx_word' id='word_1_55' title='bbox 1684 2980 2078 3042; x_wconf 85' lang='lat' dir='ltr'><strong>indicantur.</strong></span> 
     </span>
    </p>
   </div>
   <div class='ocr_carea' id='block_1_11' title="bbox 602 3095 2845 3176">
    <p class='ocr_par' dir='ltr' id='par_1_11' title="bbox 602 3095 2845 3176">
     <span class='ocr_line' id='line_1_11' title="bbox 602 3095 2845 3176; baseline 0 -20"><span class='ocrx_word' id='word_1_56' title='bbox 602 3096 675 3156; x_wconf 90' lang='lat'><strong>2°</strong></span> <span class='ocrx_word' id='word_1_57' title='bbox 705 3095 972 3157; x_wconf 87' lang='lat' dir='ltr'><strong>Numeri</strong></span> <span class='ocrx_word' id='word_1_58' title='bbox 1006 3096 1351 3157; x_wconf 81' lang='lat' dir='ltr'><strong>crassiores</strong></span> <span class='ocrx_word' id='word_1_59' title='bbox 1383 3097 1466 3159; x_wconf 88' lang='lat' dir='ltr'><strong>ad</strong></span> <span class='ocrx_word' id='word_1_60' title='bbox 1500 3096 1961 3159; x_wconf 88' lang='lat' dir='ltr'><strong>adnotationes</strong></span> <span class='ocrx_word' id='word_1_61' title='bbox 1992 3095 2158 3159; x_wconf 87' lang='lat' dir='ltr'><strong>infra</strong></span> <span class='ocrx_word' id='word_1_62' title='bbox 2192 3096 2444 3176; x_wconf 89' lang='lat' dir='ltr'><strong>positas</strong></span> <span class='ocrx_word' id='word_1_63' title='bbox 2475 3096 2845 3157; x_wconf 90' lang='lat' dir='ltr'><strong>remittunt.</strong></span> 
     </span>
    </p>
   </div>
   <div class='ocr_carea' id='block_1_12' title="bbox 382 3244 3649 3308">
    <p class='ocr_par' dir='ltr' id='par_1_12' title="bbox 382 3244 3649 3308">
     <span class='ocr_line' id='line_1_12' title="bbox 382 3244 3649 3308; baseline 0.001 -16"><span class='ocrx_word' id='word_1_64' title='bbox 382 3244 624 3304; x_wconf 86' lang='lat' dir='ltr'><strong>Operum</strong></span> <span class='ocrx_word' id='word_1_65' title='bbox 661 3256 804 3304; x_wconf 88' lang='lat' dir='ltr'><strong>quae</strong></span> <span class='ocrx_word' id='word_1_66' title='bbox 838 3246 894 3291; x_wconf 88' lang='lat' dir='ltr'><strong>in</strong></span> <span class='ocrx_word' id='word_1_67' title='bbox 929 3245 1034 3292; x_wconf 89' lang='lat' dir='ltr'><strong>hoc</strong></span> <span class='ocrx_word' id='word_1_68' title='bbox 1067 3247 1222 3293; x_wconf 90' lang='lat' dir='ltr'><strong>tomo</strong></span> <span class='ocrx_word' id='word_1_69' title='bbox 1257 3246 1633 3302; x_wconf 81' lang='lat' dir='ltr'><strong>continentur,</strong></span> <span class='ocrx_word' id='word_1_70' title='bbox 1663 3245 1939 3292; x_wconf 78' lang='lat' dir='ltr'><strong>versiones</strong></span> <span class='ocrx_word' id='word_1_71' title='bbox 1975 3245 2030 3292; x_wconf 82' lang='lat' dir='ltr'><strong>in</strong></span> <span class='ocrx_word' id='word_1_72' title='bbox 2065 3244 2266 3305; x_wconf 81' lang='lat' dir='ltr'><strong>linguis</strong></span> <span class='ocrx_word' id='word_1_73' title='bbox 2302 3244 2740 3293; x_wconf 78' lang='lat' dir='ltr'><strong>modernloribus</strong></span> <span class='ocrx_word' id='word_1_74' title='bbox 2770 3246 3014 3305; x_wconf 86' lang='lat' dir='ltr'><strong>(praeter</strong></span> <span class='ocrx_word' id='word_1_75' title='bbox 3040 3258 3105 3293; x_wconf 82' lang='lat' dir='ltr'><strong>ea</strong></span> <span class='ocrx_word' id='word_1_76' title='bbox 3130 3258 3273 3305; x_wconf 83' lang='lat' dir='ltr'><strong>quae</strong></span> <span class='ocrx_word' id='word_1_77' title='bbox 3301 3258 3469 3307; x_wconf 83' lang='lat' dir='ltr'><strong>supra</strong></span> <span class='ocrx_word' id='word_1_78' title='bbox 3503 3259 3557 3308; x_wconf 86' lang='lat' dir='ltr'><strong>p.</strong></span> <span class='ocrx_word' id='word_1_79' title='bbox 3596 3247 3649 3304; x_wconf 82' lang='grc' dir='ltr'><strong>ϐ.</strong></span> 
     </span>
    </p>
   </div>
   <div class='ocr_carea' id='block_1_13' title="bbox 237 3314 3648 3445">
    <p class='ocr_par' dir='ltr' id='par_1_13' title="bbox 237 3314 3648 3445">
     <span class='ocr_line' id='line_1_13' title="bbox 237 3314 3648 3445; baseline 0.001 -83"><span class='ocrx_word' id='word_1_80' title='bbox 237 3328 294 3433; x_wconf 57' lang='lat' dir='ltr'><strong>nt.</strong></span> <span class='ocrx_word' id='word_1_81' title='bbox 337 3314 430 3433; x_wconf 69' lang='lat' dir='ltr'><strong>Ith</strong></span> <span class='ocrx_word' id='word_1_82' title='bbox 454 3315 717 3445; x_wconf 45' lang='lat' dir='ltr'><strong>dicunltigr</strong></span> <span class='ocrx_word' id='word_1_83' title='bbox 749 3316 893 3365; x_wconf 85' lang='lat' dir='ltr'><strong>circa</strong></span> <span class='ocrx_word' id='word_1_84' title='bbox 928 3328 1134 3376; x_wconf 84' lang='lat' dir='ltr'><strong>,,opera</strong></span> <span class='ocrx_word' id='word_1_85' title='bbox 1169 3316 1420 3377; x_wconf 81' lang='lat' dir='ltr'><strong>omnia&quot;)</strong></span> <span class='ocrx_word' id='word_1_86' title='bbox 1450 3315 1795 3364; x_wconf 88' lang='lat' dir='ltr'><strong>solummodo</strong></span> <span class='ocrx_word' id='word_1_87' title='bbox 1832 3315 2040 3364; x_wconf 84' lang='lat' dir='ltr'><strong>dantur</strong></span> <span class='ocrx_word' id='word_1_88' title='bbox 2072 3328 2173 3377; x_wconf 91' lang='lat' dir='ltr'><strong>pro</strong></span> <span class='ocrx_word' id='word_1_89' title='bbox 2208 3315 2469 3364; x_wconf 76' lang='lat' dir='ltr'><strong>Homiliis</strong></span> <span class='ocrx_word' id='word_1_90' title='bbox 2507 3315 2563 3364; x_wconf 79' lang='lat' dir='ltr'><strong>in</strong></span> <span class='ocrx_word' id='word_1_91' title='bbox 2600 3315 2962 3365; x_wconf 73' lang='lat' dir='ltr'><strong>Hexaemeron</strong></span> <span class='ocrx_word' id='word_1_92' title='bbox 2993 3316 3186 3377; x_wconf 81' lang='lat' dir='ltr'><strong>(angl.,</strong></span> <span class='ocrx_word' id='word_1_93' title='bbox 3220 3328 3486 3376; x_wconf 69' lang='lat' dir='ltr'><strong>ger-mam,</strong></span> <span class='ocrx_word' id='word_1_94' title='bbox 3521 3318 3648 3378; x_wconf 77' lang='lat' dir='ltr'><strong>gall.</strong></span> 
     </span>
     <span class='ocr_line' id='line_1_14' title="bbox 237 3399 708 3445; baseline -0.002 -11"><span class='ocrx_word' id='word_1_95' title='bbox 237 3400 267 3434; x_wconf 93' lang='lat' dir='ltr'><strong>c</strong></span> <span class='ocrx_word' id='word_1_96' title='bbox 295 3399 321 3433; x_wconf 87' lang='lat' dir='ltr'><strong>r</strong></span> <span class='ocrx_word' id='word_1_97' title='bbox 430 3399 491 3435; x_wconf 77' lang='lat' dir='ltr'><strong>ra</strong></span> <span class='ocrx_word' id='word_1_98' title='bbox 518 3400 572 3445; x_wconf 92' lang='lat' dir='ltr'><strong>p.</strong></span> <span class='ocrx_word' id='word_1_99' title='bbox 697 3422 708 3433; x_wconf 95' lang='lat'><em>.</em></span> 
     </span>
    </p>
   </div>
   <div class='ocr_carea' id='block_1_14' title="bbox 237 3399 708 3447">
    <p class='ocr_par' dir='ltr' id='par_1_14' title="bbox 237 3399 708 3447">
     <span class='ocr_line' id='line_1_15' title="bbox 237 3399 708 3447; baseline -0.002 -13"><span class='ocrx_word' id='word_1_100' title='bbox 237 3399 321 3434; x_wconf 82' lang='lat' dir='ltr'><strong>Cll&#39;</strong></span> <span class='ocrx_word' id='word_1_101' title='bbox 346 3399 491 3435; x_wconf 76' lang='grc' dir='ltr'><strong>ιῐιιη</strong></span> <span class='ocrx_word' id='word_1_102' title='bbox 518 3400 572 3447; x_wconf 90' lang='lat' dir='ltr'><strong>p.</strong></span> <span class='ocrx_word' id='word_1_103' title='bbox 607 3399 708 3445; x_wconf 82' lang='lat' dir='ltr'><strong>1U).</strong></span> 
     </span>
    </p>
   </div>
   <div class='ocr_carea' id='block_1_15' title="bbox 344 3623 3540 3783">
    <p class='ocr_par' dir='ltr' id='par_1_15' title="bbox 344 3623 3540 3783">
     <span class='ocr_line' id='line_1_16' title="bbox 344 3623 3540 3783; baseline 0.004 -48"><span class='ocrx_word' id='word_1_104' title='bbox 344 3675 497 3737; x_wconf 89' lang='lat' dir='ltr'><strong>P.G.</strong></span> <span class='ocrx_word' id='word_1_105' title='bbox 533 3675 613 3735; x_wconf 89' lang='lat'><strong>29</strong></span> <span class='ocrx_word' id='word_1_106' title='bbox 738 3623 878 3783; x_wconf 82' lang='lat' dir='ltr'><strong>lEx</strong></span> <span class='ocrx_word' id='word_1_107' title='bbox 899 3676 1387 3738; x_wconf 77' lang='lat' dir='ltr'><strong>MAURINOBUM</strong></span> <span class='ocrx_word' id='word_1_108' title='bbox 1417 3694 1752 3737; x_wconf 82' lang='lat' dir='ltr'><strong>EDITIONE</strong></span> <span class='ocrx_word' id='word_1_109' title='bbox 1780 3694 2149 3737; x_wconf 75' lang='lat' dir='ltr'><strong>DESUMPTA</strong></span> <span class='ocrx_word' id='word_1_110' title='bbox 2179 3623 2190 3783; x_wconf 84' lang='grc' dir='ltr'><strong>Ι</strong></span> <span class='ocrx_word' id='word_1_111' title='bbox 2333 3676 2486 3737; x_wconf 76' lang='lat' dir='ltr'><strong>Aur</strong></span> <span class='ocrx_word' id='word_1_112' title='bbox 2523 3694 2780 3737; x_wconf 82' lang='lat' dir='ltr'><strong>FONTES</strong></span> <span class='ocrx_word' id='word_1_113' title='bbox 2926 3623 2936 3783; x_wconf 82' lang='grc' dir='ltr'><strong>Ι</strong></span> <span class='ocrx_word' id='word_1_114' title='bbox 3072 3623 3540 3783; x_wconf 51' lang='grc' dir='ltr'><strong>ΙΝΤῗῖξιίῗτεδ</strong></span> 
     </span>
    </p>
   </div>
   <div class='ocr_carea' id='block_1_16' title="bbox 236 3933 2158 4013">
    <p class='ocr_par' dir='ltr' id='par_1_16' title="bbox 236 3933 2158 4013">
     <span class='ocr_line' id='line_1_17' title="bbox 236 3933 2158 4013; baseline 0.001 -20"><span class='ocrx_word' id='word_1_115' title='bbox 236 3933 296 3994; x_wconf 88' lang='lat' dir='ltr'><strong>V</strong></span> <span class='ocrx_word' id='word_1_116' title='bbox 738 3933 923 4013; x_wconf 87' lang='lat' dir='ltr'><strong>|Vita</strong></span> <span class='ocrx_word' id='word_1_117' title='bbox 989 3934 1049 3996; x_wconf 93' lang='lat' dir='ltr'><strong>S.</strong></span> <span class='ocrx_word' id='word_1_118' title='bbox 1116 3934 1339 3996; x_wconf 90' lang='lat' dir='ltr'><strong>Basilii</strong></span> <span class='ocrx_word' id='word_1_119' title='bbox 1401 3935 1691 4013; x_wconf 83' lang='lat' dir='ltr'><strong>Magnia</strong></span> <span class='ocrx_word' id='word_1_120' title='bbox 1740 3934 1824 3996; x_wconf 93' lang='lat' dir='ltr'><strong>D.</strong></span> <span class='ocrx_word' id='word_1_121' title='bbox 1888 3935 2158 3997; x_wconf 89' lang='lat' dir='ltr'><strong>Marano</strong></span> 
     </span>
    </p>
   </div>
   <div class='ocr_carea' id='block_1_17' title="bbox 775 4031 2159 4114">
    <p class='ocr_par' dir='ltr' id='par_1_17' title="bbox 775 4031 2159 4114">
     <span class='ocr_line' id='line_1_18' title="bbox 775 4031 2159 4114; baseline 0.004 -22"><span class='ocrx_word' id='word_1_122' title='bbox 775 4031 1017 4114; x_wconf 90' lang='lat' dir='ltr'><strong>scripta</strong></span> <span class='ocrx_word' id='word_1_123' title='bbox 1069 4032 1177 4107; x_wconf 88' lang='lat' dir='ltr'><strong>(ex</strong></span> <span class='ocrx_word' id='word_1_124' title='bbox 1206 4037 1257 4093; x_wconf 93' lang='lat' dir='ltr'><strong>t.</strong></span> <span class='ocrx_word' id='word_1_125' title='bbox 1289 4033 1389 4092; x_wconf 93' lang='lat' dir='ltr'><strong>III</strong></span> <span class='ocrx_word' id='word_1_126' title='bbox 1412 4033 1883 4110; x_wconf 89' lang='lat' dir='ltr'><strong>Maurinorum)</strong></span> <span class='ocrx_word' id='word_1_127' title='bbox 2066 4032 2159 4111; x_wconf 90' lang='lat'><strong>(1)</strong></span> 
     </span>
    </p>
   </div>
   <div class='ocr_carea' id='block_1_18' title="bbox 238 4129 2285 4209">
    <p class='ocr_par' dir='ltr' id='par_1_18' title="bbox 238 4129 2285 4209">
     <span class='ocr_line' id='line_1_19' title="bbox 238 4129 2285 4209; baseline -0 -18"><span class='ocrx_word' id='word_1_128' title='bbox 238 4130 616 4191; x_wconf 86' lang='lat' dir='ltr'><strong>CLXXVII</strong></span> <span class='ocrx_word' id='word_1_129' title='bbox 739 4129 1100 4209; x_wconf 83' lang='lat' dir='ltr'><strong>|Praefatio</strong></span> <span class='ocrx_word' id='word_1_130' title='bbox 1142 4131 1225 4192; x_wconf 94' lang='lat' dir='ltr'><strong>D.</strong></span> <span class='ocrx_word' id='word_1_131' title='bbox 1272 4130 1565 4193; x_wconf 88' lang='lat' dir='ltr'><strong>Garnerii</strong></span> <span class='ocrx_word' id='word_1_132' title='bbox 1602 4130 1731 4209; x_wconf 89' lang='lat' dir='ltr'><strong>(ex.</strong></span> <span class='ocrx_word' id='word_1_133' title='bbox 1786 4136 1837 4192; x_wconf 91' lang='lat' dir='ltr'><strong>t.</strong></span> <span class='ocrx_word' id='word_1_134' title='bbox 1899 4131 1923 4191; x_wconf 89' lang='grc' dir='ltr'><strong>Ι</strong></span> <span class='ocrx_word' id='word_1_135' title='bbox 1980 4129 2194 4209; x_wconf 89' lang='lat' dir='ltr'><strong>Mau-I</strong></span> <span class='ocrx_word' id='word_1_136' title='bbox 2280 4164 2285 4177; x_wconf 79' lang='grc' dir='ltr'>ι</span> 
     </span>
    </p>
   </div>
   <div class='ocr_carea' id='block_1_19' title="bbox 772 4227 2160 4307">
    <p class='ocr_par' dir='ltr' id='par_1_19' title="bbox 772 4227 2160 4307">
     <span class='ocr_line' id='line_1_20' title="bbox 772 4227 2160 4307; baseline 0.003 -19"><span class='ocrx_word' id='word_1_137' title='bbox 772 4228 1091 4306; x_wconf 90' lang='lat' dir='ltr'><strong>rinorum)</strong></span> <span class='ocrx_word' id='word_1_138' title='bbox 2066 4227 2160 4307; x_wconf 83' lang='lat'><strong>(2)</strong></span> 
     </span>
    </p>
   </div>
   <div class='ocr_carea' id='block_1_20' title="bbox 240 4323 2906 4403">
    <p class='ocr_par' dir='ltr' id='par_1_20' title="bbox 240 4323 2906 4403">
     <span class='ocr_line' id='line_1_21' title="bbox 240 4323 2906 4403; baseline 0.002 -16"><span class='ocrx_word' id='word_1_139' title='bbox 240 4326 500 4387; x_wconf 89' lang='lat' dir='ltr'><strong>CCXLI</strong></span> <span class='ocrx_word' id='word_1_140' title='bbox 740 4323 749 4403; x_wconf 90' lang='grc' dir='ltr'><strong>Ι</strong></span> <span class='ocrx_word' id='word_1_141' title='bbox 2183 4323 2194 4403; x_wconf 96' lang='lat'><strong><em>|</em></strong></span> <span class='ocrx_word' id='word_1_142' title='bbox 2217 4324 2468 4387; x_wconf 86' lang='lat' dir='ltr'><strong>Notitia</strong></span> <span class='ocrx_word' id='word_1_143' title='bbox 2505 4323 2783 4385; x_wconf 88' lang='lat' dir='ltr'><strong>Fabricii</strong></span> <span class='ocrx_word' id='word_1_144' title='bbox 2813 4323 2906 4403; x_wconf 76' lang='lat'><strong>(3)</strong></span> 
     </span>
    </p>
   </div>
   <div class='ocr_carea' id='block_1_21' title="bbox 240 4424 2160 4504">
    <p class='ocr_par' dir='ltr' id='par_1_21' title="bbox 240 4424 2160 4504">
     <span class='ocr_line' id='line_1_22' title="bbox 240 4424 2160 4504; baseline -0.001 -18"><span class='ocrx_word' id='word_1_145' title='bbox 240 4424 595 4486; x_wconf 90' lang='lat' dir='ltr'><strong>CCLXXV</strong></span> <span class='ocrx_word' id='word_1_146' title='bbox 740 4424 749 4504; x_wconf 99' lang='lat'><strong><em>|</em></strong></span> <span class='ocrx_word' id='word_1_147' title='bbox 774 4424 1220 4487; x_wconf 86' lang='lat' dir='ltr'><strong>Praefationes</strong></span> <span class='ocrx_word' id='word_1_148' title='bbox 1244 4425 1554 4504; x_wconf 87' lang='lat' dir='ltr'><strong>antiquae</strong></span> <span class='ocrx_word' id='word_1_149' title='bbox 1574 4425 1666 4504; x_wconf 91' lang='lat' dir='ltr'><strong>(in</strong></span> <span class='ocrx_word' id='word_1_150' title='bbox 1691 4425 1818 4485; x_wconf 86' lang='lat' dir='ltr'><strong>ﬁne</strong></span> <span class='ocrx_word' id='word_1_151' title='bbox 1842 4430 1893 4486; x_wconf 89' lang='lat' dir='ltr'><strong>t.</strong></span> <span class='ocrx_word' id='word_1_152' title='bbox 1927 4425 1953 4485; x_wconf 95' lang='grc' dir='ltr'><strong>Ι</strong></span> <span class='ocrx_word' id='word_1_153' title='bbox 1978 4424 2160 4486; x_wconf 91' lang='lat' dir='ltr'><strong>Mau-</strong></span> 
     </span>
    </p>
   </div>
   <div class='ocr_carea' id='block_1_22' title="bbox 772 4522 2159 4601">
    <p class='ocr_par' dir='ltr' id='par_1_22' title="bbox 772 4522 2159 4601">
     <span class='ocr_line' id='line_1_23' title="bbox 772 4522 2159 4601; baseline 0.013 -19"><span class='ocrx_word' id='word_1_154' title='bbox 772 4524 1087 4601; x_wconf 86' lang='lat' dir='ltr'><strong>rinorum)</strong></span> <span class='ocrx_word' id='word_1_155' title='bbox 2067 4522 2159 4600; x_wconf 77' lang='lat'><strong>(4)</strong></span> 
     </span>
    </p>
   </div>
   <div class='ocr_carea' id='block_1_23' title="bbox 238 4619 1778 4683">
    <p class='ocr_par' dir='ltr' id='par_1_23' title="bbox 238 4619 1778 4683">
     <span class='ocr_line' id='line_1_24' title="bbox 238 4619 1778 4683; baseline -0.001 -1"><span class='ocrx_word' id='word_1_156' title='bbox 238 4619 698 4682; x_wconf 86' lang='lat' dir='ltr'><strong>CCLXXXIV</strong></span> <span class='ocrx_word' id='word_1_157' title='bbox 740 4619 1101 4683; x_wconf 89' lang='lat' dir='ltr'><strong>lElenchus</strong></span> <span class='ocrx_word' id='word_1_158' title='bbox 1135 4626 1433 4683; x_wconf 88' lang='lat' dir='ltr'><strong>veterum</strong></span> <span class='ocrx_word' id='word_1_159' title='bbox 1466 4621 1778 4683; x_wconf 87' lang='lat' dir='ltr'><strong>librorum</strong></span> 
     </span>
    </p>
   </div>
   <div class='ocr_carea' id='block_1_24' title="bbox 240 4715 2908 4797">
    <p class='ocr_par' dir='ltr' id='par_1_24' title="bbox 240 4715 2908 4797">
     <span class='ocr_line' id='line_1_25' title="bbox 240 4715 2908 4797; baseline -0.001 -17"><span class='ocrx_word' id='word_1_160' title='bbox 240 4718 665 4781; x_wconf 87' lang='lat' dir='ltr'><strong>CCLXXXV</strong></span> <span class='ocrx_word' id='word_1_161' title='bbox 741 4715 751 4797; x_wconf 84' lang='grc' dir='ltr'><strong>Ι</strong></span> <span class='ocrx_word' id='word_1_162' title='bbox 2184 4715 2545 4797; x_wconf 86' lang='lat' dir='ltr'><strong>|Excerpta</strong></span> <span class='ocrx_word' id='word_1_163' title='bbox 2621 4734 2703 4777; x_wconf 86' lang='lat' dir='ltr'><strong>ex</strong></span> <span class='ocrx_word' id='word_1_164' title='bbox 2752 4715 2908 4777; x_wconf 89' lang='lat' dir='ltr'><strong>Bol-</strong></span> 
     </span>
    </p>
   </div>
   <div class='ocr_carea' id='block_1_25' title="bbox 2217 4815 2795 4877">
    <p class='ocr_par' dir='ltr' id='par_1_25' title="bbox 2217 4815 2795 4877">
     <span class='ocr_line' id='line_1_26' title="bbox 2217 4815 2795 4877; baseline -0.01 0"><span class='ocrx_word' id='word_1_165' title='bbox 2217 4815 2539 4877; x_wconf 88' lang='lat' dir='ltr'><strong>landianis</strong></span> <span class='ocrx_word' id='word_1_166' title='bbox 2789 4858 2795 4861; x_wconf 88' lang='lat'><strong><em>.</em></strong></span> 
     </span>
    </p>
   </div>
   <div class='ocr_carea' id='block_1_26' title="bbox 2559 4910 2907 4990">
    <p class='ocr_par' dir='ltr' id='par_1_26' title="bbox 2559 4910 2907 4990">
     <span class='ocr_line' id='line_1_27' title="bbox 2559 4910 2907 4990; baseline 0.011 -16"><span class='ocrx_word' id='word_1_167' title='bbox 2559 4910 2755 4974; x_wconf 86' lang='lat' dir='ltr'><strong>Varia</strong></span> <span class='ocrx_word' id='word_1_168' title='bbox 2781 4911 2907 4990; x_wconf 72' lang='grc'><strong>(5⁸)</strong></span> 
     </span>
    </p>
   </div>
   <div class='ocr_carea' id='block_1_27' title="bbox 240 5011 2908 5091">
    <p class='ocr_par' dir='ltr' id='par_1_27' title="bbox 240 5011 2908 5091">
     <span class='ocr_line' id='line_1_28' title="bbox 240 5011 2908 5091; baseline -0 -17"><span class='ocrx_word' id='word_1_169' title='bbox 240 5012 533 5075; x_wconf 89' lang='lat' dir='ltr'><strong>CCXCII</strong></span> <span class='ocrx_word' id='word_1_170' title='bbox 741 5011 752 5091; x_wconf 98' lang='lat'><strong><em>|</em></strong></span> <span class='ocrx_word' id='word_1_171' title='bbox 2184 5011 2194 5091; x_wconf 92' lang='lat'><em>|</em></span> <span class='ocrx_word' id='word_1_172' title='bbox 2216 5012 2369 5073; x_wconf 89' lang='lat' dir='ltr'><strong>Vita</strong></span> <span class='ocrx_word' id='word_1_173' title='bbox 2531 5011 2908 5091; x_wconf 87' lang='lat' dir='ltr'><strong>apocrypha</strong></span> 
     </span>
    </p>
   </div>
   <div class='ocr_carea' id='block_1_28' title="bbox 2216 5109 2910 5189">
    <p class='ocr_par' dir='ltr' id='par_1_28' title="bbox 2216 5109 2910 5189">
     <span class='ocr_line' id='line_1_29' title="bbox 2216 5109 2910 5189; baseline -0.006 -16"><span class='ocrx_word' id='word_1_174' title='bbox 2216 5109 2442 5173; x_wconf 89' lang='lat' dir='ltr'><strong>Basilii</strong></span> <span class='ocrx_word' id='word_1_175' title='bbox 2468 5109 2910 5189; x_wconf 85' lang='lat' dir='ltr'><strong>(pseudo-am-</strong></span> 
     </span>
    </p>
   </div>
   <div class='ocr_carea' id='block_1_29' title="bbox 2218 5205 2906 5287">
    <p class='ocr_par' dir='ltr' id='par_1_29' title="bbox 2218 5205 2906 5287">
     <span class='ocr_line' id='line_1_30' title="bbox 2218 5205 2906 5287; baseline 0.009 -20"><span class='ocrx_word' id='word_1_176' title='bbox 2218 5207 2655 5287; x_wconf 87' lang='lat' dir='ltr'><strong>philochiana)</strong></span> <span class='ocrx_word' id='word_1_177' title='bbox 2760 5205 2906 5285; x_wconf 62' lang='grc' dir='ltr'><strong>(δι’),</strong></span> 
     </span>
    </p>
   </div>
   <div class='ocr_carea' id='block_1_30' title="bbox 241 5304 2907 5384">
    <p class='ocr_par' dir='ltr' id='par_1_30' title="bbox 241 5304 2907 5384">
     <span class='ocr_line' id='line_1_31' title="bbox 241 5304 2907 5384; baseline -0.002 -15"><span class='ocrx_word' id='word_1_178' title='bbox 241 5306 558 5369; x_wconf 87' lang='lat' dir='ltr'><strong>CCCXVI</strong></span> <span class='ocrx_word' id='word_1_179' title='bbox 742 5304 751 5384; x_wconf 97' lang='lat'><strong><em>|</em></strong></span> <span class='ocrx_word' id='word_1_180' title='bbox 2184 5304 2194 5384; x_wconf 97' lang='lat'>|</span> <span class='ocrx_word' id='word_1_181' title='bbox 2218 5304 2469 5367; x_wconf 90' lang='lat' dir='ltr'><strong>Nicolai</strong></span> <span class='ocrx_word' id='word_1_182' title='bbox 2657 5304 2907 5384; x_wconf 84' lang='lat' dir='ltr'><strong>Rayaei</strong></span> 
     </span>
    </p>
   </div>
   <div class='ocr_carea' id='block_1_31' title="bbox 2216 5403 2909 5466">
    <p class='ocr_par' dir='ltr' id='par_1_31' title="bbox 2216 5403 2909 5466">
     <span class='ocr_line' id='line_1_32' title="bbox 2216 5403 2909 5466; baseline -0.006 -1"><span class='ocrx_word' id='word_1_183' title='bbox 2216 5404 2565 5466; x_wconf 89' lang='lat' dir='ltr'><strong>Tractatus</strong></span> <span class='ocrx_word' id='word_1_184' title='bbox 2623 5403 2702 5464; x_wconf 90' lang='lat' dir='ltr'><strong>de</strong></span> <span class='ocrx_word' id='word_1_185' title='bbox 2762 5420 2909 5464; x_wconf 90' lang='lat' dir='ltr'><strong>aco-</strong></span> 
     </span>
    </p>
   </div>
   <div class='ocr_carea' id='block_1_32' title="bbox 2218 5499 2902 5579">
    <p class='ocr_par' dir='ltr' id='par_1_32' title="bbox 2218 5499 2902 5579">
     <span class='ocr_line' id='line_1_33' title="bbox 2218 5499 2902 5579; baseline -0.003 -17"><span class='ocrx_word' id='word_1_186' title='bbox 2218 5501 2426 5563; x_wconf 86' lang='lat' dir='ltr'><strong>luthia</strong></span> <span class='ocrx_word' id='word_1_187' title='bbox 2579 5499 2902 5579; x_wconf 86' lang='lat' dir='ltr'><strong>sequenti.</strong></span> 
     </span>
    </p>
   </div>
   <div class='ocr_carea' id='block_1_33' title="bbox 2216 5598 2909 5661">
    <p class='ocr_par' dir='ltr' id='par_1_33' title="bbox 2216 5598 2909 5661">
     <span class='ocr_line' id='line_1_34' title="bbox 2216 5598 2909 5661; baseline -0.003 0"><span class='ocrx_word' id='word_1_188' title='bbox 2216 5598 2565 5661; x_wconf 77' lang='lat' dir='ltr'><strong>Acoluthia</strong></span> <span class='ocrx_word' id='word_1_189' title='bbox 2618 5598 2726 5661; x_wconf 93' lang='lat' dir='ltr'><strong>SS.</strong></span> <span class='ocrx_word' id='word_1_190' title='bbox 2780 5598 2909 5659; x_wconf 91' lang='lat' dir='ltr'><strong>Ba-</strong></span> 
     </span>
    </p>
   </div>
   <div class='ocr_carea' id='block_1_34' title="bbox 2218 5695 2908 5769">
    <p class='ocr_par' dir='ltr' id='par_1_34' title="bbox 2218 5695 2908 5769">
     <span class='ocr_line' id='line_1_35' title="bbox 2218 5695 2908 5769; baseline 0 -13"><span class='ocrx_word' id='word_1_191' title='bbox 2218 5697 2362 5769; x_wconf 87' lang='lat' dir='ltr'><strong>silii,</strong></span> <span class='ocrx_word' id='word_1_192' title='bbox 2406 5695 2801 5759; x_wconf 86' lang='lat' dir='ltr'><strong>Nazianzeni</strong></span> <span class='ocrx_word' id='word_1_193' title='bbox 2841 5700 2908 5756; x_wconf 91' lang='lat' dir='ltr'><strong>et</strong></span> 
     </span>
    </p>
   </div>
   <div class='ocr_carea' id='block_1_35' title="bbox 2219 5792 2907 5875">
    <p class='ocr_par' dir='ltr' id='par_1_35' title="bbox 2219 5792 2907 5875">
     <span class='ocr_line' id='line_1_36' title="bbox 2219 5792 2907 5875; baseline 0.004 -18"><span class='ocrx_word' id='word_1_194' title='bbox 2219 5794 2689 5875; x_wconf 85' lang='lat' dir='ltr'><strong>Chrysostomi.</strong></span> <span class='ocrx_word' id='word_1_195' title='bbox 2786 5792 2907 5873; x_wconf 76' lang='lat'><strong>(5°)</strong></span> 
     </span>
    </p>
   </div>
  </div>
