4008 6444
335 558 714 623 CCCXCIII
826 558 837 623 |
865 558 1085 621 Canon
1114 558 1195 620 de
1221 558 1282 621 S.
1310 558 1553 621 Basilio

340 661 367 721 1
827 656 1190 721 IMonitum
1222 656 1305 719 ad
1343 656 1664 719 Homilias
1698 656 1764 719 in
1808 657 2259 720 Hexaemeron

333 758 375 821 3
827 754 837 835 |
864 755 1190 818 Horniliae
1230 755 1299 817 in
1336 754 1788 819 Hexaemeron
2168 754 2292 835 (6)]
3028 754 3038 835 I
3067 764 3415 828 Gamerius

334 855 457 918 207
827 853 1191 918 IMonitum
1236 855 1319 915 ad
1366 853 1689 916 Homilias
1729 854 1795 915 in
1849 853 2141 916 Psalmos

335 954 457 1017 209
828 952 1190 1024 IHomiliae
1252 953 1314 1013 in
1394 952 1687 1013 Psalmos
1757 952 1805 1023 Ι,
1868 952 2021 1023 VII,
2096 952 2290 1024 XIVI
3028 952 3414 1024 [Gal-uerius

870 1052 939 1111 1⁸
991 1055 1058 1111 et
1112 1051 1207 1121 2⁸,
1255 1050 1585 1122 XXVIII,
1639 1050 1901 1123 XXIX,
1957 1050 2256 1122 XXXII,

866 1148 1207 1220 XXXIII,
1296 1148 1535 1220 XLIV,
1632 1147 1834 1221 XLV,
1944 1148 2256 1220 XLVIII,

863 1245 1044 1319 LIX,
1108 1245 1290 1319 LXI,
1338 1246 1551 1310 CXIV
2166 1247 2259 1326 (7)

336 1346 459 1408 495
828 1344 1193 1425 |Monitum
1235 1346 1318 1408 ad
1362 1363 1528 1425 opus
1568 1362 1846 1425 sequens

335 1444 458 1505 497
829 1438 839 1527 |
864 1442 1043 1505 Libri
1074 1444 1386 1505 adversus
1409 1442 1809 1504 Eunomium
1826 1438 1928 1524 [4"
1950 1448 2016 1502 et
2037 1440 2143 1527 5‘]
2164 1443 2258 1521 (8)
2278 1438 2288 1527 Ι
3028 1438 3039 1527 Ι
3067 1442 3415 1505 Gamerius

339 1542 461 1603 768
830 1540 1470 1621 |Lucubratiuncula
1557 1542 1637 1605 de
1744 1540 1991 1621 Spiritu
2098 1540 2258 1603 San-

867 1640 1014 1701 cto“
2168 1640 2258 1718 (9)

1757 1855 2329 1953 Prolegomena.

505 2023 725 2084 Tomis
771 2022 852 2084 29
897 2026 965 2083 et
1010 2023 1092 2083 3O
1137 2022 1547 2102 Patrologiae
1589 2038 1857 2101 graecae
1903 2021 2476 2101 comprehenditur
2520 2026 2571 2083 t.
2627 2022 2653 2082 Ι
2699 2022 3005 2082 editionis
3048 2021 3493 2099 garnerianae.
3545 2022 3766 2100 Opera

344 2120 727 2201 praesertim
761 2119 1093 2200 exegetica
1129 2120 1423 2182 continet
1456 2124 1508 2181 t.
1546 2120 1669 2192 29;
1704 2123 1883 2181 tomo
1921 2120 2003 2181 30
2035 2120 2387 2199 respondet
2431 2119 2764 2199 appendix
2805 2119 3210 2198 gameriana,
3257 2137 3406 2181 cum
3450 2120 3767 2199 operibus

343 2218 579 2281 dubiae
611 2218 1047 2281 auctoritatis.

1739 2392 1808 2465 I.
1844 2390 2027 2464 Vita
2064 2390 2353 2464 Basilii.

513 2540 583 2601 In
621 2540 935 2620 principio
971 2540 1190 2619 posuit
1224 2539 1367 2601 J.P.
1404 2539 1621 2619 Migne
1654 2539 1882 2600 Basilii
1916 2538 2127 2600 vitam
2161 2558 2197 2603 a
2236 2539 2340 2599 Pr.
2377 2539 2605 2601 Maran
2641 2538 3099 2618 conscriptam,
3138 2555 3305 2617 quae
3338 2542 3522 2599 torno
3557 2539 3765 2598 tertio

339 2638 785 2701 Maurinorum
828 2642 957 2699 una
1001 2656 1151 2699 cum
1195 2637 1487 2717 epistolis
1530 2636 1759 2699 Basilii
1799 2636 2064 2715 (quibus
2107 2637 2451 2716 praecipue
2494 2636 2729 2697 nititur
2769 2636 2898 2697 ista
2942 2636 3107 2714 vita)
3150 2636 3481 2698 veniebat.
3530 2635 3764 2696 Maran

342 2736 407 2798 in
435 2737 737 2797 omnibus
762 2736 977 2796 virum
1003 2736 1273 2797 doctum
1297 2734 1544 2798 Lenain
1569 2735 1651 2796 de
1676 2734 2027 2796 Tillemont
2051 2734 2348 2814 sequitur
2374 2756 2390 2807 ;
2417 2734 2545 2796 etsi
2569 2739 2743 2796 recte
2767 2734 3151 2813 obiurgatur
3176 2735 3352 2813 quod
3378 2733 3768 2813 simpliciter

340 2835 734 2896 documenta
777 2839 1070 2914 apponat
1110 2838 1536 2914 consuatque,
1578 2833 1718 2913 ipse
1755 2838 2002 2904 tamen,
2045 2833 2249 2895 etiam
2288 2832 2600 2896 hodierna
2642 2833 2767 2904 die,
2809 2832 2984 2893 solus
3024 2837 3339 2903 remanet,
3383 2832 3496 2911 qui
3537 2832 3765 2892 omnia

338 2938 588 2995 asserta
620 2951 657 2995 a
687 2932 982 2993 fontibus
1011 2933 1333 3012 producat
1363 2932 1896 3012 comprobetque.
1928 2931 2250 2993 Absoluta
2281 2931 2421 2994 vita
2453 2929 2699 3002 Basilii,
2732 2930 3060 3009 capitibus
3089 2930 3282 2991 41-43
3312 2931 3393 2990 de
3420 2930 3769 3008 genuitate

340 3031 755 3190 qguorundam
793 3049 1064 3110 operum
1103 3048 1140 3092 a
1181 3029 1471 3092 mordaci
1507 3029 1746 3091 iudicio
1784 3029 1940 3090 socii
1981 3029 2044 3090 J.
2088 3029 2358 3091 Garnier
2394 3029 2633 3091 reiecta
2672 3027 2901 3091 Maran
2941 3033 3282 3090 retracta‘.
3324 3026 3434 3089 Cfr
3470 3028 3765 3097 AMAND,

410 3127 664 3190 ditions.
700 3126 871 3190 LVI.
908 3147 972 3190 ῐ).
1014 3127 1151 3189 147.

410 3127 664 3200 ditions,
700 3126 871 3200 LVI,
908 3147 972 3208 p.
1014 3127 1151 3189 147.

1783 3301 1856 3373 2.
1894 3300 2309 3373 Praefatio.

505 3450 781 3530 Amplae
821 3449 883 3511 J.
928 3449 1199 3511 Garnier
1238 3448 1663 3529 praefationis
1702 3449 1862 3511 haec
1900 3452 2003 3509 est
2040 3448 2229 3509 ratio.
2271 3448 2445 3510 Ante
2484 3447 2725 3518 omnia,
2768 3448 2847 3508 de
2887 3446 3114 3509 Basilii
3151 3446 3477 3525 gravitate
3518 3452 3585 3507 et
3626 3466 3768 3507 mo-

342 3553 564 3609 mento
602 3548 762 3627 (1-5)
802 3553 868 3608 et
908 3549 987 3609 de
1028 3547 1317 3608 eiusdem
1357 3546 1754 3608 editionibus
1791 3546 1969 3625 (6-7),
2012 3547 2244 3607 deinde
2286 3547 2365 3607 de
2404 3564 2520 3607 sua
2562 3564 2734 3607 nova
2776 3545 3059 3606 editione
3096 3544 3299 3624 (8-12)
3338 3545 3619 3605 disserit.
3662 3545 3766 3605 De

342 3646 623 3707 homiliis
656 3646 722 3707 in
761 3646 1214 3709 Hexaemeron
1251 3646 1316 3707 in
1352 3646 1416 3723 ἐξ
1458 3644 1574 3705 I-V
1608 3649 1877 3715 tractat,
1914 3649 1981 3705 et
2016 3644 2224 3724 primo
2263 3643 2529 3723 quidem
2563 3644 2643 3704 de
2677 3644 2890 3704 tribus
2925 3642 3333 3705 orationibus
3366 3661 3607 3703 novem
3644 3643 3765 3702 ho-

342 3744 534 3805 miliis
559 3744 955 3806 authenticis
974 3744 1305 3804 interdum
1334 3742 1753 3814 intermixtis,
1782 3744 1861 3804 de
1888 3742 2168 3803 hominis
2188 3747 2516 3805 structura
2544 3742 2649 3802 vel
2675 3742 2755 3801 de
2778 3740 3087 3803 Paradiso
3111 3741 3578 3802 disserentibus
3596 3742 3652 3819 (§
3689 3740 3765 3818 Ι).

342 3842 592 3904 Deinde
635 3842 852 3922 agitur
893 3842 975 3903 de
1017 3841 1412 3920 quibusdam
1456 3840 1950 3920 quaestionibus
1994 3839 2325 3902 litterariis
2370 3860 2383 3901 :
2430 3840 2509 3901 de
2552 3838 2865 3901 relatione
2908 3838 3133 3901 Basilii
3176 3843 3243 3899 et
3288 3837 3575 3899 Philonis
3621 3838 3769 3900 Ori-

342 3940 650 4020 genisque
687 3940 752 4001 in
791 3939 1212 4018 intelligenda
1255 3939 1414 4001 Gen.
1462 3939 1510 4010 Ι,
1558 3940 1582 3998 1
1624 3939 1682 4019 (ς
1727 3938 1859 4016 II);
1900 3939 1980 3999 de
2018 3937 2317 4000 relationi
2356 3936 2582 4000 Basilii
2631 3941 2698 3997 et
2745 3936 3098 4015 Augustini
3132 3938 3189 4015 (§
3234 3936 3402 4014 III);
3444 3937 3525 3997 de
3563 3937 3768 3997 inter-

344 4038 708 4118 pretatione
746 4037 1034 4108 litterali,
1076 4038 1389 4099 adversus
1428 4036 1793 4116 Origenem,
1832 4052 2060 4097 versus
2099 4035 2258 4097 Gen.
2307 4035 2354 4106 Ι,
2397 4036 2433 4096 7
2468 4036 2525 4115 (ς
2569 4035 2724 4112 IV);
2766 4035 2845 4095 de
2882 4034 3197 4100 relatione
3236 4034 3461 4095 Basilii
3499 4039 3566 4094 et
3604 4035 3767 4095 Am-

342 4136 539 4197 brosii
566 4137 622 4215 (ξ
652 4135 755 4213 ν).
792 4135 1035 4211 Quanti
1068 4135 1154 4195 sit
1186 4135 1503 4196 momenti
1536 4134 1833 4214 quaestio
1868 4135 1947 4195 de
1978 4133 2520 4213 interpretatione
2552 4133 2865 4195 adversus
2934 4132 3277 4211 Origenem
3314 4132 3371 4209 (§
3411 4131 3542 4208 IV),
3585 4132 3766 4193 disce

342 4253 423 4295 ex
454 4234 529 4295 Ε.
565 4234 868 4305 Consmr,
902 4232 1233 4294 Nouvellcs
1262 4235 1669 4313 perspeclives
1697 4250 1809 4293 sur
1838 4232 1891 4292 le
1919 4230 2224 4311 probléme
2253 4230 2357 4291 des
2386 4246 2630 4291 sources
2660 4230 2733 4290 de
2762 4230 3236 4291 l’Hexae'méron
3267 4228 3341 4289 de
3373 4229 3657 4307 Grégoirc
3689 4230 3768 4290 de

343 4333 566 4411 Nysse,
593 4332 657 4393 in
686 4331 771 4393 K.
798 4332 1043 4393 ALAND
1070 4365 1096 4376 -
1121 4328 1273 4392 F.L.
1302 4331 1536 4402 Cnoss,
1566 4329 1793 4393 Studia
1817 4329 2159 4391 Palrislica
2190 4329 2472 4407 I(Texte
2497 4330 2631 4389 und
2658 4328 3272 4406 Untersuchungen,
3299 4327 3424 4405 63),
3452 4327 3764 4398 Berolini,

348 4429 524 4501 1957,
561 4448 624 4509 p.
662 4429 915 4492 94-103.

509 4527 890 4589 Editoribus
943 4527 1118 4600 ﬁsus,
1176 4526 1458 4589 Eusebio
1515 4524 1914 4589 Caesariensi
1968 4525 2512 4587 commentarium
2565 4523 2828 4602 aliquod
2882 4524 2947 4585 in
3004 4522 3297 4585 Psalmos
3345 4522 3546 4602 (nunc
3603 4523 3764 4585 P.G.

344 4625 612 4703 XXIII)
658 4625 926 4687 Garnier
968 4626 1397 4696 attribuebat,
1438 4625 1613 4704 quod
1658 4642 1881 4703 reapse
1924 4622 2084 4684 nihil
2127 4622 2303 4685 aliud
2347 4627 2449 4683 est
2494 4639 2692 4701 quam
2738 4621 2981 4683 Catena
3027 4622 3273 4700 absque
3316 4620 3765 4692 lemmatibus,

343 4728 561 4786 aetate
601 4723 942 4803 posteriori
984 4723 1357 4803 compilata.
1404 4723 1511 4785 Cir
1553 4722 1634 4784 R.
1677 4724 2113 4792 DEVREESSE,
2161 4719 2432 4784 Chaines
2474 4719 2850 4799 exége'liques
2890 4736 3195 4799 grccques,
3237 4720 3302 4780 in
3351 4718 3769 4799 Supple'mcnt

342 4840 425 4883 au
464 4822 902 4883 Dictionnaire
938 4820 1011 4882 de
1048 4821 1110 4883 Ia
1146 4821 1343 4893 Bible,
1392 4821 1437 4892 Ι,
1481 4820 1764 4892 Parisiis,
1810 4819 1987 4891 1928,
2030 4819 2147 4880 col.
2196 4819 2373 4880 1123.
2416 4818 2737 4880 Eusebius
2774 4817 2877 4879 ille
2916 4817 3173 4897 saepius
3211 4817 3493 4878 homiliis
3533 4818 3767 4879 Basilii

341 4920 565 4981 similis
594 4925 717 4981 est.
751 4921 847 4981 De
876 4921 940 4998 §§
969 4920 1216 4991 VI-IX,
1250 4920 1362 4981 ubi
1390 4920 1519 4981 ista
1553 4919 1824 4981 Garnier
1853 4918 2144 4988 discutit,
2176 4934 2385 4997 pauca
2417 4916 2609 4977 hodie
2640 4915 2824 4977 utilia
2855 4920 3217 4977 remanent.

507 5019 690 5080 Tunc
719 5019 1064 5097 impugnat
1095 5018 1363 5079 Garnier
1392 5017 1860 5078 commentaria
1891 5016 1955 5077 in
1994 5016 2228 5078 Isaiam
2254 5016 2311 5094 (§
2342 5015 2452 5092 X),
2485 5015 2648 5075 duos
2678 5013 2943 5075 ultimos
2972 5014 3170 5074 libros
3199 5014 3512 5076 adversus
3543 5013 3769 5073 Euno-

343 5116 546 5177 mium
578 5117 634 5194 (ᾗ
672 5116 817 5194 ΧΙ),
856 5121 921 5177 et
958 5115 1592 5178 lucubratiunculam
1629 5115 1963 5194 quandam
2000 5115 2080 5175 de
2118 5113 2361 5193 Spiritu
2401 5113 2638 5174 Sancto
2676 5130 2844 5191 quae
2881 5116 3209 5191 postremo
3246 5111 3408 5172 libro
3446 5113 3769 5173 adversus

344 5214 742 5276 Eunomium
777 5215 1192 5293 coniungitur
1220 5216 1276 5293 (§
1311 5214 1495 5292 XII).

1784 5387 1855 5457 3.
1894 5384 2313 5457 Fabricius.

511 5535 738 5596 Refert
776 5534 1010 5595 deinde
1048 5534 1191 5595 J.P.
1232 5533 1446 5612 Migne
1486 5532 1793 5595 notitiam
1832 5533 1909 5593 de
1949 5532 2251 5611 operibus
2289 5530 2499 5593 sancti
2538 5530 2763 5592 Basilii
2800 5548 2883 5591 ex
2920 5529 3300 5591 Bibliotheca
3342 5529 3573 5591 Graeca
3611 5530 3763 5591 J.A.

342 5632 638 5705 Fabricii,
677 5634 854 5695 edita
892 5638 959 5693 et
996 5632 1283 5711 perfecta
1322 5650 1357 5694 a
1398 5631 1547 5692 G.C.
1601 5630 1836 5692 Harles
1878 5630 1976 5709 (T.
2024 5629 2140 5700 IX,
2182 5629 2569 5707 Hamburgi,
2614 5628 2792 5699 1804,
2834 5647 2894 5708 p.
2940 5628 3123 5705 1-66).
3168 5628 3293 5688 Hic
3330 5628 3549 5706 agitur
3593 5628 3637 5688 Ι.
3677 5629 3765 5689 de

342 5730 480 5793 vita
522 5731 582 5793 S.
623 5731 848 5793 Basilii
886 5730 1150 5811 Magni;
1196 5730 1279 5791 II.
1319 5730 1399 5791 de
1435 5728 1859 5809 scriptoribus
1897 5726 2227 5788 veteribus
2265 5727 2376 5806 qui
2415 5727 2733 5789 Basilium
2771 5726 3167 5799 laudarunt;
3213 5726 3333 5786 ΙΙΙ.
3372 5727 3453 5787 de
3489 5727 3767 5805 scripto-

341 5828 519 5889 ribus
550 5830 1016 5891 recentioribus
1044 5851 1058 5901 ;
1101 5829 1207 5890 IV.
1243 5830 1323 5889 de
1354 5827 1497 5888 aliis
1528 5826 1788 5889 Basiliis
1819 5826 1989 5888 ultra
2022 5824 2292 5904 triginta
2322 5846 2337 5896 ;
2370 5826 2448 5886 V.
2483 5826 2562 5886 de
2595 5824 2925 5885 codicibus
2956 5830 3023 5886 et
3054 5824 3451 5885 editionibus
3480 5845 3495 5896 ;
3529 5824 3643 5885 VI.
3678 5826 3764 5885 de

342 5926 610 6005 singulis
647 5928 949 6007 operibus
987 5947 1023 5990 a
1063 5926 1377 5989 Maurinis
1414 5926 1651 5997 editis;
1690 5925 1841 5986 VII.
1882 5925 1963 5985 de
2001 5923 2259 6002 scriptis
2300 5924 2360 5985 S.
2402 5923 2648 5995 Basilii,
2688 5923 2793 5984 vel
2830 5941 2999 6003 quae
3036 5923 3156 5985 sub
3194 5922 3331 5984 eius
3367 5922 3631 5983 nomine
3669 5921 3763 5983 fe-

1906 6123 2193 6185 ..8.-
