4008 6446
236 424 488 491 runtur,
533 419 645 481 sed
689 437 857 499 quae
897 420 963 479 in
1007 419 1403 482 editionibus
1443 420 1923 499 graeco-latinis
1963 441 2093 483 non
2135 427 2404 485 exstant
2442 423 2623 501 (alibi
2666 442 2793 485 non
2837 424 3169 487 invenitur
3211 428 3639 491 consideratio

234 519 511 579 istorum
556 518 993 597 scriptorum).
1041 518 1187 579 Duo
1235 518 1518 598 capitula
1566 518 1689 581 alia
1735 520 2079 600 scripserat
2125 520 2457 582 Fabricius
2503 541 2669 601 quae
2713 524 2928 602 Migne
2972 543 3101 584 non
3146 524 3342 585 refert
3390 548 3401 587 :
3450 528 3636 589 VIII.

242 618 446 677 Index
477 634 902 696 personarum
934 636 1213 697 quarum
1244 617 1489 678 mentio
1523 617 1598 678 fit
1628 618 1693 679 in
1727 618 1953 681 Basilii
1983 619 2273 699 epistolis
2302 640 2316 690 ;
2358 620 2473 681 IX.
2516 622 2719 682 Index
2750 622 3198 701 alphabeticus
3230 625 3640 687 homiliarum

234 720 301 776 et
329 716 775 795 epistolarum.

1407 891 1480 961 4.
1519 889 2041 965 Praefationes
2080 894 2469 988 antiquae.

403 1057 1004 1119 Commentationes
1051 1056 1327 1118 aliorum
1371 1056 1696 1117 editorum
1742 1056 2020 1119 Maurini
2068 1060 2332 1137 perdere
2380 1058 2726 1120 noluerunt
2776 1081 2788 1120 :
2840 1060 3154 1121 versionis
3200 1062 3441 1125 latinae
3488 1064 3639 1126 anni

240 1155 418 1226 1520,
450 1156 875 1235 epistolarum
906 1155 1059 1217 anni
1096 1154 1272 1225 1528,
1303 1154 1606 1215 editionis
1635 1155 1942 1235 principis
1973 1156 2228 1217 Erasmi
2257 1158 2409 1218 anni
2444 1157 2619 1228 1532,
2651 1158 2954 1218 editionis
2981 1160 3427 1222 Asceticorum
3461 1162 3637 1234 1535,

235 1254 598 1316 editionum
643 1270 910 1332 graecae
956 1258 1023 1313 et
1070 1253 1311 1315 latinae
1359 1252 1666 1324 Cornarii,
1714 1254 1879 1315 ΑΒ.
1935 1254 2085 1315 1551
2138 1260 2205 1315 et
2258 1256 2433 1325 1556,
2483 1256 2785 1316 editionis
2834 1256 3211 1318 Parisiensis
3256 1260 3408 1321 anni
3460 1260 3635 1322 1618.

235 1352 487 1413 Deinde
524 1353 818 1431 sequitur
855 1351 1159 1412 elenchus
1198 1356 1493 1413 veterum
1533 1352 1846 1413 librorum
1884 1353 1965 1413 ad
2006 1370 2169 1432 quos
2207 1359 2437 1415 exacta
2478 1360 2543 1413 et
2582 1355 2927 1416 emendata
2967 1361 3121 1417 sunt
3158 1358 3384 1419 Basilii
3423 1376 3636 1437 opera,

235 1452 346 1530 qui
376 1451 753 1529 singillatim
786 1468 899 1529 pro
931 1450 1199 1529 singulis
1227 1450 1529 1530 operibus
1559 1452 1981 1511 enumerandi
2012 1456 2186 1512 sunt.

1501 1623 1571 1696 5.
1607 1622 1807 1695 Acta
1844 1623 2377 1697 Bollandiana.

406 1782 742 1856 Quaedam
772 1784 1104 1857 praeterea
1136 1780 1218 1840 ab
1249 1778 1523 1840 eruditis
1552 1779 1999 1842 Bollandianis
2030 1781 2317 1841 mutuari
2348 1781 2489 1842 J.P.
2522 1780 2737 1859 Migne
2768 1782 3036 1853 censuit,
3062 1801 3143 1843 ex
3173 1784 3348 1845 Actis
3388 1786 3639 1847 Sancto-

234 1898 394 1949 rum,
439 1878 619 1940 Junii
660 1882 710 1936 t.
742 1877 825 1947 II,
851 1877 953 1937 die
984 1877 1508 1956 14(Antverpiae
1549 1877 1750 1954 1698).
1787 1879 1884 1938 De
1927 1878 2153 1939 Basilii
2198 1879 2334 1939 vita
2382 1896 2581 1957 quam
2630 1878 2756 1939 illic
2809 1880 2869 1941 J.
2900 1881 3099 1943 Baert
3151 1883 3636 1962 conscripserat,

236 1983 467 2056 utpote
498 1996 533 2038 a
568 1976 671 2036 Pr.
705 1975 930 2036 Maran
964 1975 1198 2035 studiis
1227 1980 1640 2053 exsuperata,
1671 1976 1734 2052 §§
1763 1980 2028 2037 tantum
2066 1976 2090 2035 Ι
2122 1980 2185 2036 et
2220 1976 2555 2037 XXXVII
2587 1977 2665 2037 de
2694 1977 2882 2037 festis
2911 1983 2977 2038 et
3006 1979 3291 2058 reliquiis
3322 1980 3381 2041 S.
3416 1982 3639 2043 Basilii

237 2077 633 2155 praebentur
663 2072 804 2151 (5⁸).
863 2073 1167 2152 Sequitur
1214 2092 1342 2134 una
1390 2078 1658 2134 tantum
1703 2073 1972 2151 legenda
2020 2074 2521 2153 hagiographica
2571 2075 2863 2152 antiqua,
2912 2081 3138 2137 sancto
3184 2078 3637 2156 Amphilochio

236 2191 575 2252 perperam
632 2172 982 2251 imputata,
1033 2171 1098 2231 in
1151 2170 1443 2231 versione
1494 2170 1697 2233 latina
1749 2171 1854 2232 Fr.
1907 2171 2231 2232 Combefis
2282 2190 2431 2232 cum
2479 2172 2881 2251 praefatione
2930 2179 2997 2233 et
3061 2175 3232 2234 notis
3292 2175 3353 2235 J.
3417 2177 3637 2238 Baert.

233 2272 481 2332 Textus
523 2287 790 2349 graecus
834 2269 1141 2348 legendae
1188 2268 2024 2347 pseudo-amphilochianae
2069 2270 2257 2331 unica
2302 2269 2442 2330 vice
2487 2269 2661 2349 prelo
2708 2272 3059 2333 mandatus
3102 2277 3205 2333 est
3247 2273 3311 2333 in
3357 2274 3639 2337 editione

235 2370 659 2439 COMBEFISII,
716 2369 833 2429 SS.
887 2367 1152 2427 Patrum
1203 2366 1636 2446 Amphilochii
1689 2366 2056 2437 Iconiensis,
2111 2366 2420 2428 Methodii
2471 2368 2837 2430 Patarcnsis
2888 2373 2940 2429 et
2991 2370 3279 2431 Andreae
3331 2373 3639 2434 Cretensis

233 2485 421 2547 opera
456 2466 690 2537 omnia,
740 2464 1023 2535 Parisiis,
1076 2465 1254 2536 1644,
1303 2482 1410 2544 pp.
1465 2464 1753 2526 155-225.
1794 2465 1901 2527 Cfr
1939 2465 2011 2526 Ο.
2054 2466 2447 2536 ROUSSEAU,
2488 2466 2581 2526 La
2616 2470 2928 2527 rencontre
2962 2467 3034 2527 de
3073 2469 3135 2530 S.
3178 2468 3451 2548 Ephrem
3488 2474 3540 2530 et
3566 2470 3639 2531 de

237 2566 302 2627 S.
327 2565 561 2635 Basile,
586 2565 650 2624 in
674 2564 967 2625 L’Orient
986 2563 1217 2640 syrien,
1249 2562 1369 2633 III,
1391 2561 1567 2633 1957,
1593 2581 1654 2642 p.
1670 2563 1791 2624 263
1812 2580 1907 2642 sq.
1928 2553 2049 2640 (5⁵)
2064 2599 2143 2606 —
2166 2564 2514 2625 Tractatus
2535 2566 2805 2625 tandem
2829 2565 2907 2625 N.
2934 2566 3184 2644 Rayaei
3209 2568 3287 2627 de
3310 2568 3637 2631 acoluthia

232 2663 425 2724 oﬁicii
462 2663 754 2725 canonici
789 2679 905 2740 pro
943 2660 1248 2721 Ecclesiis
1284 2660 1678 2721 Graecorum
1711 2661 1777 2721 in
1814 2662 2428 2723 commemoratione
2462 2662 2663 2722 trium
2699 2664 3040 2723 doctorum
3077 2664 3322 2735 Basilii,
3362 2666 3640 2728 Nazian-

234 2762 375 2822 zeni
397 2765 463 2821 et
487 2759 951 2839 Chrysostomi,
976 2763 1042 2819 et
1064 2759 1201 2838 ipsa
1226 2758 1553 2820 acoluthia
1573 2758 1681 2836 (ex
1702 2758 1880 2819 libris
1901 2758 2397 2838 impressis)(5‘).
2419 2795 2498 2803 ——
2522 2762 2620 2821 De
2642 2762 2942 2839 operibus
2976 2763 3511 2841 hagiographicis,
3546 2764 3640 2825 cfr

236 2859 342 2920 Fr.
384 2860 688 2929 HALKIN,
728 2857 1107 2918 Bibliotheca
1143 2856 1626 2935 hagiographica
1660 2857 1923 2935 graeca',
1970 2858 2016 2929 I,
2057 2857 2399 2929 Bruxellis,
2444 2858 2623 2929 1957,
2662 2876 2724 2937 p.
2765 2859 2997 2929 86-93;
3041 2861 3108 2919 P.
3152 2861 3485 2933 PEETERS,
3526 2862 3639 2924 Bi-

235 2956 533 3017 bliotheca
573 2954 1057 3034 hagiographica
1097 2954 1437 3026 orientalis,
1482 2954 1824 3025 Bruxellis,
1875 2956 2050 3026 1910,
2095 2972 2156 3034 p.
2202 2956 2394 3017 40—42
2431 2956 2628 3028 (adde
2669 2956 2755 3016 K.
2798 2957 2874 3017 V.
2920 2959 3430 3030 ZETTERSTEEN,
3476 2960 3641 3021 Eine

235 3055 519 3116 Homilie
548 3054 653 3114 des
684 3052 1167 3133 Amphilochius
1198 3071 1313 3113 von
1350 3052 1640 3114 Iconium
1671 3053 1813 3113 iiber
1844 3052 2131 3115 Basilius
2162 3071 2277 3114 von
2312 3054 2603 3125 Cc‘isarea,
2637 3054 2701 3116 in
2736 3055 2957 3116 Oriens
3000 3056 3418 3128 Christianus,
3457 3058 3635 3130 1934,

233 3172 301 3233 p.
342 3152 602 3231 67-98);
643 3151 1032 3213 Bibliotheca
1068 3151 1551 3232 hagiographica
1589 3151 1807 3222 latina,
1856 3152 1902 3222 Ι,
1944 3151 2288 3223 Bruxellis,
2358 3151 2534 3223 1898,
2576 3171 2638 3231 p.
2691 3152 2977 3223 153—154,
3018 3159 3086 3214 et
3130 3154 3249 3225 III,
3292 3155 3635 3228 Bruxellis,

237 3251 419 3322 1911,
455 3269 518 3330 p.
556 3251 766 3311 44-45.

761 3450 831 3522 6.
869 3448 1251 3521 Homiliae
1287 3452 1367 3520 in
1402 3448 1937 3521 Hexaemeron
1970 3450 2197 3544 (circa
2235 3450 2405 3547 378)
2453 3449 2670 3545 (P.G.
2708 3452 2827 3537 29,
2870 3452 3146 3547 1-208).

401 3609 657 3668 Novem
688 3606 991 3669 bomiliae
1019 3607 1083 3667 in
1116 3606 1569 3667 Hexaemeron
1599 3624 1712 3685 per
1741 3606 2028 3685 quinque
2055 3605 2274 3667 ieiunii
2305 3607 2443 3667 dies
2473 3608 2736 3669 habitae
2766 3614 2939 3679 sunt,
2972 3610 3198 3669 eadem
3228 3610 3637 3673 hebdomada

234 3712 309 3767 ut
343 3706 623 3775 videtur,
660 3722 787 3783 quo
820 3710 1045 3766 tamen
1079 3723 1250 3766 anno
1284 3704 1587 3764 nescitur.
1630 3704 1812 3783 Ipsae
1844 3722 1881 3766 a
1917 3704 2219 3783 Gregorio
2253 3704 2685 3777 Nazianzeno,
2723 3706 3025 3784 Gregorio
3060 3707 3377 3785 Nysseno,
3416 3708 3639 3768 Hiero-

232 3822 434 3883 nymo
475 3808 1087 3873 commemorantur,
1130 3803 1213 3863 ab
1253 3802 1597 3863 Ambrosio
1637 3820 1789 3862 vero
1828 3806 1894 3861 et
1933 3802 2299 3881 Augustino
2340 3803 2636 3865 imitatae
2675 3808 2872 3874 sunt;
2914 3804 3056 3865 illas
3097 3804 3295 3866 latine
3333 3806 3636 3875 reddidit,

232 3902 399 3963 circa
449 3920 694 3962 annum
742 3900 883 3971 400,
937 3900 1347 3971 Eustathius,
1397 3900 1652 3961 saeculo
1701 3900 1933 3960 deinde
1974 3900 2119 3972 XV,
2165 3900 2226 3961 J.
2267 3901 2731 3979 Argyropulus,
2772 3902 2837 3962 in
2878 3902 3059 3962 cuius
3098 3902 3391 3963 versione
3432 3903 3637 3981 primo

229 4000 411 4079 typis
447 4000 797 4060 mandatae
834 4004 987 4058 sunt
1020 3999 1318 4077 (Romae,
1363 3997 1564 4074 1515).
1605 3997 1956 4077 Exemplar
1988 4014 2293 4077 graecum
2330 3999 2639 4060 Erasmus
2675 3998 2969 4060 Basileae
3006 4018 3177 4061 anno
3220 4000 3377 4061 1532
3411 4001 3635 4072 edidit,

232 4100 344 4158 sed
374 4116 502 4159 non
536 4096 939 4174 dignoscitur
970 4114 1163 4175 quem
1196 4096 1484 4156 codicem
1510 4095 1833 4157 habuerit.
1863 4096 2135 4175 Aliquos
2170 4096 2423 4157 codices
2463 4097 2689 4175 anglos
2731 4098 2808 4157 R.
2855 4097 3298 4159 Montacutius
3336 4098 3633 4168 contulit,

233 4214 482 4255 necnon
521 4196 683 4255 duos
724 4194 1108 4273 parisienses
1143 4194 1433 4254 Fronton
1468 4195 1554 4254 du
1579 4194 1721 4254 Duc
1739 4195 1937 4272 (nunc
1961 4194 2163 4256 Paris.
2190 4210 2281 4273 gr.
2313 4194 2433 4255 503
2460 4199 2526 4255 et
2552 4195 2692 4266 956,
2718 4196 2909 4256 ambo
2932 4195 3167 4256 saeculi
3192 4196 3397 4273 XIV),
3421 4197 3504 4257 ad
3528 4216 3639 4275 pa-

232 4295 511 4355 randam
556 4293 910 4353 editionem
954 4294 1119 4354 ΑΒ.
1174 4292 1349 4353 1618.
1401 4292 1702 4353 Codicem
1750 4291 2172 4353 Parisiensem
2220 4292 2359 4362 503,
2408 4312 2535 4354 una
2583 4312 2733 4353 cum
2778 4293 2901 4354 alio
2950 4293 3166 4353 codice
3221 4294 3458 4354 saeculi
3514 4294 3639 4355 XV

231 4392 434 4471 (nunc
463 4392 665 4453 Paris.
695 4407 787 4470 gr.
818 4391 964 4469 478)
991 4391 1229 4452 iterum
1256 4390 1579 4451 consuluit
1608 4390 1711 4450 Fr.
1744 4390 2084 4451 Combeﬁs.
2117 4390 2240 4466 Qui
2269 4408 2493 4450 omnes
2521 4390 2773 4452 codices
2800 4391 3124 4453 modicam
3152 4391 3416 4469 quidem
3443 4392 3638 4453 fidem

233 4490 444 4552 facere
486 4489 815 4550 videntur.
859 4524 934 4530 —
970 4490 1070 4551 De
1103 4488 1398 4551 versione
1431 4488 1787 4559 Eustathii,
1821 4489 2009 4567 cujus
2040 4494 2265 4549 textus
2295 4491 2485 4551 adest
2525 4490 2589 4552 in
2624 4489 2780 4551 P.G.
2819 4489 2920 4561 30,
2963 4489 3263 4560 869-968,
3306 4490 3403 4551 cfr
3442 4508 3638 4570 supra

236 4589 301 4651 in
341 4588 590 4651 Introd.
623 4606 685 4667 p.
721 4587 782 4657 3,
816 4607 877 4648 n.
916 4587 1008 4647 10.

400 4687 462 4747 J.
504 4686 772 4748 Gamier
814 4686 889 4745 12
925 4686 1178 4745 codices
1214 4684 1692 4764 manuscriptos
1729 4685 2027 4756 contulit,
2066 4692 2323 4764 praeter
2359 4685 2646 4747 codicem
2682 4704 2885 4746 unum
2920 4704 3002 4745 ex
3036 4685 3429 4747 bibliotheca
3468 4687 3639 4747 Bod-

231 4784 444 4847 leiana
485 4802 681 4863 quem
720 4784 1087 4844 contulerat
1126 4783 1188 4843 J.
1230 4783 1404 4844 Wolf
1442 4801 1767 4861 quemque
1806 4783 2237 4845 determinare
2276 4804 2405 4846 non
2446 4784 2595 4844 licet
2630 4784 2766 4863 (Cfr
2803 4785 3083 4854 ΑΜΑΝι),
3135 4772 3427 4844 Editions
3466 4784 3635 4855 LVI,

230 4901 295 4962 p.
344 4882 505 4960 127).
550 4882 673 4942 Hic
714 4886 1179 4943 enumerantur
1219 4881 1471 4941 codices
1512 4880 1898 4960 parisienses
1939 4902 1953 4941 :

376 5029 579 5089 Regius
610 5030 633 5075 1
661 5030 833 5087 (nunc
862 5028 1030 5075 Paris.
1060 5039 1136 5089 gr.
1165 5028 1307 5088 476),
1335 5041 1472 5076 saec.
1504 5028 1574 5075 X.

376 5101 580 5160 Regius
608 5100 637 5147 2
660 5102 832 5159 (nunc
860 5100 1028 5147 Paris.
1058 5112 1135 5160 gr.
1165 5099 1285 5157 503,
1312 5101 1422 5149 iam
1451 5113 1483 5148 a
1511 5100 1755 5148 Fronton
1784 5100 1859 5148 du
1885 5099 2008 5147 Duc
2034 5103 2089 5148 et
2116 5100 2386 5149 Combefls
2414 5101 2603 5161 visus),
2631 5113 2769 5150 saec.
2801 5100 2954 5149 XIV.

376 5173 580 5232 Regius
608 5172 639 5220 3
661 5174 834 5232 (nunc
862 5172 1031 5219 Paris.
1061 5184 1137 5232 gr.
1167 5172 1309 5233 477),
1337 5185 1476 5219 saec.
1508 5172 1629 5219 XV.

376 5244 579 5304 Regius
606 5245 636 5290 4
660 5245 831 5303 (nunc
860 5244 1027 5291 Paris.
1057 5255 1132 5304 gr.
1162 5244 1282 5299 478,
1311 5256 1341 5291 a
1370 5242 1639 5291 Combeﬂs
1666 5244 1855 5303 visus),
1883 5256 1989 5291 sac.
2021 5243 2142 5289 XV.

376 5316 581 5375 Regius
608 5316 637 5362 5
661 5317 833 5373 (nunc
862 5314 1029 5362 Paris.
1058 5327 1135 5374 gr.
1166 5314 1308 5375 753),
1336 5327 1474 5361 saec.
1510 5314 1590 5361 IX
1618 5315 1705 5362 vel
1734 5315 1805 5362 X.

375 5387 580 5446 Regius
607 5387 637 5434 6
660 5390 832 5446 (nunc
861 5386 1028 5434 Paris.
1058 5398 1135 5446 gr.
1166 5386 1307 5445 955),
1336 5398 1473 5434 saec.
1506 5386 1609 5433 XI.

376 5458 580 5518 Regius
609 5458 636 5504 7
661 5460 832 5517 (nunc
862 5457 1028 5505 Paris.
1058 5470 1134 5517 gr.
1164 5457 1285 5514 956,
1314 5470 1347 5504 a
1374 5457 1618 5504 Fronton
1648 5457 1721 5504 du
1750 5456 1871 5504 Duc
1898 5457 2170 5516 collatus),
2198 5470 2337 5505 saec.
2369 5457 2521 5504 XIV.

376 5530 579 5590 Regius
608 5530 638 5577 8
661 5530 832 5587 (nunc
862 5528 1029 5576 Paris.
1060 5541 1135 5588 gr.
1166 5528 1308 5588 968),
1337 5540 1475 5575 saec.
1507 5528 1629 5577 XV.

377 5600 721 5650 Colbertinus
752 5602 773 5647 1
802 5602 973 5661 (nunc
1002 5601 1170 5648 Paris.
1200 5612 1276 5659 gr.
1306 5600 1447 5659 957),
1476 5612 1614 5648 saec.
1648 5599 1781 5647 XII.

375 5672 722 5721 Colbertinus
750 5672 781 5719 2
803 5674 975 5732 (nunc
1003 5672 1172 5719 Paris.
1202 5684 1279 5732 gr.
1308 5671 1448 5729 959),
1478 5684 1615 5719 saec.
1648 5671 1801 5719 XVI.

377 5744 737 5792 Colslinianus
768 5745 790 5791 1
819 5744 990 5803 (nunc
1018 5742 1175 5793 Coisl.
1204 5742 1323 5801 229,
1354 5742 1447 5791 sed
1474 5743 1636 5791 hodie
1663 5742 1933 5801 sublatus)
1961 5754 2099 5789 saec.
2134 5741 2216 5789 IX
2245 5741 2329 5789 vel
2358 5742 2427 5789 X.

376 5815 737 5864 Coislinlanus
764 5815 795 5862 2
817 5816 989 5875 (nunc
1016 5815 1175 5864 Colsl.
1205 5814 1347 5876 235),
1375 5826 1512 5862 saec.
1543 5814 1647 5863 XI.

1795 5991 2083 6050 ._9_..
