  <div class='ocr_page' id='page_1' title='image "/cluster/home/n/w/nwhite01/storage/ocr_20150623/29/ien.35556001660547/812.png"; bbox 0 0 4008 6458; ppageno 0'>
   <div class='ocr_carea' id='block_1_1' title="bbox 548 535 3794 627">
    <p class='ocr_par' dir='ltr' id='par_1_1' title="bbox 548 535 3794 627">
     <span class='ocr_line' id='line_1_1' title="bbox 548 535 3794 627; baseline 0.003 -26"><span class='ocrx_word' id='word_1_1' title='bbox 548 538 613 601; x_wconf 89' lang='lat' dir='ltr'>Si</span> <span class='ocrx_word' id='word_1_2' title='bbox 655 536 889 601; x_wconf 87' lang='lat' dir='ltr'>talium</span> <span class='ocrx_word' id='word_1_3' title='bbox 929 535 1228 599; x_wconf 86' lang='lat' dir='ltr'>codicum</span> <span class='ocrx_word' id='word_1_4' title='bbox 1268 537 1475 601; x_wconf 89' lang='lat' dir='ltr'>aetati</span> <span class='ocrx_word' id='word_1_5' title='bbox 1514 538 1712 601; x_wconf 88' lang='lat' dir='ltr'>ﬁdere</span> <span class='ocrx_word' id='word_1_6' title='bbox 1752 539 1935 612; x_wconf 87' lang='lat' dir='ltr'>velis,</span> <span class='ocrx_word' id='word_1_7' title='bbox 1980 546 2315 603; x_wconf 91' lang='lat' dir='ltr'>momento</span> <span class='ocrx_word' id='word_1_8' title='bbox 2358 543 2686 623; x_wconf 91' lang='lat' dir='ltr'>potissimi</span> <span class='ocrx_word' id='word_1_9' title='bbox 2726 550 2881 607; x_wconf 90' lang='lat' dir='ltr'>sunt</span> <span class='ocrx_word' id='word_1_10' title='bbox 2922 546 3191 626; x_wconf 88' lang='lat' dir='ltr'>quidem</span> <span class='ocrx_word' id='word_1_11' title='bbox 3231 547 3420 627; x_wconf 83' lang='lat' dir='ltr'>Regii</span> <span class='ocrx_word' id='word_1_12' title='bbox 3467 550 3523 620; x_wconf 94' lang='lat'><strong>1,</strong></span> <span class='ocrx_word' id='word_1_13' title='bbox 3569 548 3609 611; x_wconf 90' lang='grc'>5</span> <span class='ocrx_word' id='word_1_14' title='bbox 3652 555 3720 610; x_wconf 89' lang='lat' dir='ltr'>et</span> <span class='ocrx_word' id='word_1_15' title='bbox 3760 550 3794 611; x_wconf 87' lang='lat'><strong>6</strong></span> 
     </span>
    </p>
   </div>
   <div class='ocr_carea' id='block_1_2' title="bbox 332 634 3801 726">
    <p class='ocr_par' dir='ltr' id='par_1_2' title="bbox 332 634 3801 726">
     <span class='ocr_line' id='line_1_2' title="bbox 332 634 3801 726; baseline 0.002 -26"><span class='ocrx_word' id='word_1_16' title='bbox 332 708 336 712; x_wconf 43' lang='grc'>,</span> <span class='ocrx_word' id='word_1_17' title='bbox 381 642 580 718; x_wconf 91' lang='lat' dir='ltr'>atque</span> <span class='ocrx_word' id='word_1_18' title='bbox 624 639 754 699; x_wconf 90' lang='lat' dir='ltr'>duo</span> <span class='ocrx_word' id='word_1_19' title='bbox 801 634 1193 698; x_wconf 89' lang='lat' dir='ltr'>Coisliniani.</span> <span class='ocrx_word' id='word_1_20' title='bbox 1242 636 1456 699; x_wconf 87' lang='lat' dir='ltr'>Hodie</span> <span class='ocrx_word' id='word_1_21' title='bbox 1502 638 1577 698; x_wconf 90' lang='lat' dir='ltr'>E.</span> <span class='ocrx_word' id='word_1_22' title='bbox 1622 638 1884 700; x_wconf 80' lang='lat' dir='ltr'>Amand</span> <span class='ocrx_word' id='word_1_23' title='bbox 1928 640 2009 700; x_wconf 94' lang='lat' dir='ltr'>de</span> <span class='ocrx_word' id='word_1_24' title='bbox 2053 640 2383 703; x_wconf 91' lang='lat' dir='ltr'>Mendieta</span> <span class='ocrx_word' id='word_1_25' title='bbox 2427 642 2559 704; x_wconf 87' lang='lat' dir='ltr'>iam</span> <span class='ocrx_word' id='word_1_26' title='bbox 2608 644 2683 705; x_wconf 93' lang='lat'>18</span> <span class='ocrx_word' id='word_1_27' title='bbox 2727 645 3207 725; x_wconf 90' lang='lat' dir='ltr'>manuscriptos</span> <span class='ocrx_word' id='word_1_28' title='bbox 3251 646 3509 707; x_wconf 88' lang='lat' dir='ltr'>codices</span> <span class='ocrx_word' id='word_1_29' title='bbox 3554 648 3801 726; x_wconf 85' lang='lat' dir='ltr'>integre</span> 
     </span>
    </p>
   </div>
   <div class='ocr_carea' id='block_1_3' title="bbox 381 734 3801 824">
    <p class='ocr_par' dir='ltr' id='par_1_3' title="bbox 381 734 3801 824">
     <span class='ocr_line' id='line_1_3' title="bbox 381 734 3801 824; baseline 0.002 -26"><span class='ocrx_word' id='word_1_30' title='bbox 381 736 659 799; x_wconf 87' lang='lat' dir='ltr'>contulit</span> <span class='ocrx_word' id='word_1_31' title='bbox 701 735 989 814; x_wconf 90' lang='lat' dir='ltr'>aliosque</span> <span class='ocrx_word' id='word_1_32' title='bbox 1030 735 1109 796; x_wconf 92' lang='grc'>27</span> <span class='ocrx_word' id='word_1_33' title='bbox 1152 734 1327 797; x_wconf 91' lang='lat' dir='ltr'>haud</span> <span class='ocrx_word' id='word_1_34' title='bbox 1369 734 1600 796; x_wconf 90' lang='lat' dir='ltr'>leviter</span> <span class='ocrx_word' id='word_1_35' title='bbox 1639 736 2050 816; x_wconf 88' lang='lat' dir='ltr'>exploravit;</span> <span class='ocrx_word' id='word_1_36' title='bbox 2094 738 2267 800; x_wconf 91' lang='lat' dir='ltr'>idem</span> <span class='ocrx_word' id='word_1_37' title='bbox 2308 740 2595 819; x_wconf 85' lang='lat' dir='ltr'>anglicos</span> <span class='ocrx_word' id='word_1_38' title='bbox 2635 741 2889 821; x_wconf 89' lang='lat' dir='ltr'>aliquos</span> <span class='ocrx_word' id='word_1_39' title='bbox 2928 748 3137 804; x_wconf 89' lang='lat' dir='ltr'>testes</span> <span class='ocrx_word' id='word_1_40' title='bbox 3178 744 3397 805; x_wconf 92' lang='lat' dir='ltr'>videre</span> <span class='ocrx_word' id='word_1_41' title='bbox 3438 745 3801 824; x_wconf 89' lang='lat' dir='ltr'>pollicetur.</span> 
     </span>
    </p>
   </div>
   <div class='ocr_carea' id='block_1_4' title="bbox 381 833 3803 915">
    <p class='ocr_par' dir='ltr' id='par_1_4' title="bbox 381 833 3803 915">
     <span class='ocr_line' id='line_1_4' title="bbox 381 833 3803 915; baseline 0.002 -18"><span class='ocrx_word' id='word_1_42' title='bbox 381 835 561 898; x_wconf 89' lang='lat' dir='ltr'>Haec</span> <span class='ocrx_word' id='word_1_43' title='bbox 604 834 1048 913; x_wconf 89' lang='lat' dir='ltr'>manuscripta</span> <span class='ocrx_word' id='word_1_44' title='bbox 1094 833 1488 913; x_wconf 89' lang='lat' dir='ltr'>proveniunt</span> <span class='ocrx_word' id='word_1_45' title='bbox 1532 852 1613 894; x_wconf 91' lang='lat' dir='ltr'>ex</span> <span class='ocrx_word' id='word_1_46' title='bbox 1658 835 1919 915; x_wconf 89' lang='lat' dir='ltr'>Europa</span> <span class='ocrx_word' id='word_1_47' title='bbox 1964 838 2353 900; x_wconf 87' lang='lat' dir='ltr'>occidentali</span> <span class='ocrx_word' id='word_1_48' title='bbox 2396 839 2500 899; x_wconf 91' lang='lat' dir='ltr'>vel</span> <span class='ocrx_word' id='word_1_49' title='bbox 2542 858 2624 900; x_wconf 93' lang='lat' dir='ltr'>ex</span> <span class='ocrx_word' id='word_1_50' title='bbox 2670 840 2957 912; x_wconf 88' lang='lat' dir='ltr'>Graecia,</span> <span class='ocrx_word' id='word_1_51' title='bbox 3004 860 3212 903; x_wconf 90' lang='lat' dir='ltr'>unum</span> <span class='ocrx_word' id='word_1_52' title='bbox 3254 843 3460 904; x_wconf 90' lang='lat' dir='ltr'>etiam</span> <span class='ocrx_word' id='word_1_53' title='bbox 3502 862 3539 903; x_wconf 92' lang='lat' dir='ltr'>e</span> <span class='ocrx_word' id='word_1_54' title='bbox 3582 844 3803 905; x_wconf 87' lang='lat' dir='ltr'>Monte</span> 
     </span>
    </p>
   </div>
   <div class='ocr_carea' id='block_1_5' title="bbox 382 931 3801 1019">
    <p class='ocr_par' dir='ltr' id='par_1_5' title="bbox 382 931 3801 1019">
     <span class='ocr_line' id='line_1_5' title="bbox 382 931 3801 1019; baseline 0.002 -23"><span class='ocrx_word' id='word_1_55' title='bbox 382 932 557 997; x_wconf 88' lang='lat' dir='ltr'>Sinai</span> <span class='ocrx_word' id='word_1_56' title='bbox 584 954 600 1005; x_wconf 90' lang='lat'><strong>;</strong></span> <span class='ocrx_word' id='word_1_57' title='bbox 636 931 1092 1011; x_wconf 88' lang='lat' dir='ltr'>antiquissima</span> <span class='ocrx_word' id='word_1_58' title='bbox 1128 936 1281 993; x_wconf 92' lang='lat' dir='ltr'>sunt</span> <span class='ocrx_word' id='word_1_59' title='bbox 1312 932 1483 993; x_wconf 91' lang='lat' dir='ltr'>inter</span> <span class='ocrx_word' id='word_1_60' title='bbox 1520 932 1636 994; x_wconf 88' lang='lat'>115</span> <span class='ocrx_word' id='word_1_61' title='bbox 1670 935 2113 1015; x_wconf 90' lang='lat' dir='ltr'>manuscripta</span> <span class='ocrx_word' id='word_1_62' title='bbox 2150 936 2601 999; x_wconf 86' lang='lat' dir='ltr'>Hexaemeron</span> <span class='ocrx_word' id='word_1_63' title='bbox 2639 956 2806 1017; x_wconf 92' lang='lat' dir='ltr'>quae</span> <span class='ocrx_word' id='word_1_64' title='bbox 2839 946 3339 1019; x_wconf 86' lang='lat' dir='ltr'>cognoscantur.</span> <span class='ocrx_word' id='word_1_65' title='bbox 3378 940 3485 1003; x_wconf 88' lang='lat' dir='ltr'>Cir</span> <span class='ocrx_word' id='word_1_66' title='bbox 3518 943 3801 1013; x_wconf 76' lang='grc' dir='ltr'>ΑΜΑΝΙ),</span> 
     </span>
    </p>
   </div>
   <div class='ocr_carea' id='block_1_6' title="bbox 388 1022 3800 1119">
    <p class='ocr_par' dir='ltr' id='par_1_6' title="bbox 388 1022 3800 1119">
     <span class='ocr_line' id='line_1_6' title="bbox 388 1022 3800 1119; baseline 0.002 -26"><span class='ocrx_word' id='word_1_67' title='bbox 388 1022 700 1102; x_wconf 83' lang='lat' dir='ltr'>Editions,</span> <span class='ocrx_word' id='word_1_68' title='bbox 732 1031 903 1101; x_wconf 89' lang='lat' dir='ltr'>LVI,</span> <span class='ocrx_word' id='word_1_69' title='bbox 949 1048 1011 1111; x_wconf 92' lang='lat' dir='ltr'>p.</span> <span class='ocrx_word' id='word_1_70' title='bbox 1059 1030 1194 1092; x_wconf 91' lang='grc'>127.</span> <span class='ocrx_word' id='word_1_71' title='bbox 1236 1030 1350 1091; x_wconf 89' lang='lat' dir='ltr'>Vir</span> <span class='ocrx_word' id='word_1_72' title='bbox 1389 1031 1869 1093; x_wconf 88' lang='lat' dir='ltr'>eruditissimus</span> <span class='ocrx_word' id='word_1_73' title='bbox 1910 1034 1984 1093; x_wconf 91' lang='lat' dir='ltr'>E.</span> <span class='ocrx_word' id='word_1_74' title='bbox 2027 1035 2287 1096; x_wconf 89' lang='lat' dir='ltr'>Amand</span> <span class='ocrx_word' id='word_1_75' title='bbox 2328 1036 2407 1096; x_wconf 93' lang='lat' dir='ltr'>de</span> <span class='ocrx_word' id='word_1_76' title='bbox 2446 1036 2798 1108; x_wconf 89' lang='lat' dir='ltr'>Mendieta,</span> <span class='ocrx_word' id='word_1_77' title='bbox 2842 1056 2971 1099; x_wconf 92' lang='lat' dir='ltr'>una</span> <span class='ocrx_word' id='word_1_78' title='bbox 3012 1056 3161 1099; x_wconf 92' lang='lat' dir='ltr'>cum</span> <span class='ocrx_word' id='word_1_79' title='bbox 3204 1040 3297 1100; x_wconf 92' lang='lat' dir='ltr'>St.</span> <span class='ocrx_word' id='word_1_80' title='bbox 3342 1040 3422 1100; x_wconf 88' lang='lat' dir='ltr'>Y.</span> <span class='ocrx_word' id='word_1_81' title='bbox 3466 1040 3800 1119; x_wconf 91' lang='lat' dir='ltr'>Rudberg,</span> 
     </span>
    </p>
   </div>
   <div class='ocr_carea' id='block_1_7' title="bbox 380 1129 3800 1214">
    <p class='ocr_par' dir='ltr' id='par_1_7' title="bbox 380 1129 3800 1214">
     <span class='ocr_line' id='line_1_7' title="bbox 380 1129 3800 1214; baseline 0.002 -23"><span class='ocrx_word' id='word_1_82' title='bbox 380 1131 596 1192; x_wconf 89' lang='lat' dir='ltr'>critice</span> <span class='ocrx_word' id='word_1_83' title='bbox 646 1129 947 1192; x_wconf 90' lang='lat' dir='ltr'>homilias</span> <span class='ocrx_word' id='word_1_84' title='bbox 994 1129 1059 1190; x_wconf 92' lang='lat' dir='ltr'>in</span> <span class='ocrx_word' id='word_1_85' title='bbox 1113 1129 1565 1191; x_wconf 87' lang='lat' dir='ltr'>Hexaemeron</span> <span class='ocrx_word' id='word_1_86' title='bbox 1617 1132 1805 1191; x_wconf 93' lang='lat' dir='ltr'>edere</span> <span class='ocrx_word' id='word_1_87' title='bbox 1856 1132 2219 1204; x_wconf 90' lang='lat' dir='ltr'>constituit,</span> <span class='ocrx_word' id='word_1_88' title='bbox 2272 1133 2336 1195; x_wconf 92' lang='lat' dir='ltr'>in</span> <span class='ocrx_word' id='word_1_89' title='bbox 2380 1133 2757 1196; x_wconf 86' lang='lat' dir='ltr'>collectione</span> <span class='ocrx_word' id='word_1_90' title='bbox 2796 1135 2919 1197; x_wconf 86' lang='lat' dir='ltr'>Die</span> <span class='ocrx_word' id='word_1_91' title='bbox 2955 1136 3368 1214; x_wconf 85' lang='lat' dir='ltr'>griechischen</span> <span class='ocrx_word' id='word_1_92' title='bbox 3410 1137 3800 1199; x_wconf 83' lang='lat' dir='ltr'>christlichen</span> 
     </span>
    </p>
   </div>
   <div class='ocr_carea' id='block_1_8' title="bbox 381 1227 3799 1314">
    <p class='ocr_par' dir='ltr' id='par_1_8' title="bbox 381 1227 3799 1314">
     <span class='ocr_line' id='line_1_8' title="bbox 381 1227 3799 1314; baseline 0.002 -23"><span class='ocrx_word' id='word_1_93' title='bbox 381 1227 812 1307; x_wconf 81' lang='lat' dir='ltr'>Schri/istellcr</span> <span class='ocrx_word' id='word_1_94' title='bbox 839 1227 1234 1290; x_wconf 85' lang='lat' dir='ltr'>Academiae</span> <span class='ocrx_word' id='word_1_95' title='bbox 1264 1227 1721 1290; x_wconf 88' lang='lat' dir='ltr'>Berolinensis.</span> <span class='ocrx_word' id='word_1_96' title='bbox 1762 1229 1900 1291; x_wconf 91' lang='lat' dir='ltr'>Iam</span> <span class='ocrx_word' id='word_1_97' title='bbox 1930 1249 2102 1293; x_wconf 91' lang='lat' dir='ltr'>anno</span> <span class='ocrx_word' id='word_1_98' title='bbox 2139 1230 2299 1293; x_wconf 89' lang='lat'>1939</span> <span class='ocrx_word' id='word_1_99' title='bbox 2331 1232 2410 1293; x_wconf 95' lang='lat' dir='ltr'>D.</span> <span class='ocrx_word' id='word_1_100' title='bbox 2444 1232 2705 1294; x_wconf 78' lang='lat' dir='ltr'>AMAND</span> <span class='ocrx_word' id='word_1_101' title='bbox 2739 1234 3020 1314; x_wconf 90' lang='lat' dir='ltr'>exempli</span> <span class='ocrx_word' id='word_1_102' title='bbox 3058 1236 3271 1314; x_wconf 86' lang='lat' dir='ltr'>gratia</span> <span class='ocrx_word' id='word_1_103' title='bbox 3312 1235 3660 1299; x_wconf 89' lang='lat' dir='ltr'>homiliam</span> <span class='ocrx_word' id='word_1_104' title='bbox 3691 1237 3799 1307; x_wconf 90' lang='lat' dir='ltr'>Vl,</span> 
     </span>
    </p>
   </div>
   <div class='ocr_carea' id='block_1_9' title="bbox 379 1325 3538 1411">
    <p class='ocr_par' dir='ltr' id='par_1_9' title="bbox 379 1325 3538 1411">
     <span class='ocr_line' id='line_1_9' title="bbox 379 1325 3538 1411; baseline 0.002 -21"><span class='ocrx_word' id='word_1_105' title='bbox 379 1331 453 1390; x_wconf 91' lang='lat' dir='ltr'>ut</span> <span class='ocrx_word' id='word_1_106' title='bbox 487 1326 917 1408; x_wconf 90' lang='lat' dir='ltr'>appendicem</span> <span class='ocrx_word' id='word_1_107' title='bbox 949 1345 1065 1387; x_wconf 91' lang='lat' dir='ltr'>suo</span> <span class='ocrx_word' id='word_1_108' title='bbox 1106 1325 1425 1389; x_wconf 87' lang='lat' dir='ltr'>Carne&#39;ade</span> <span class='ocrx_word' id='word_1_109' title='bbox 1458 1330 1510 1387; x_wconf 80' lang='lat' dir='ltr'>et</span> <span class='ocrx_word' id='word_1_110' title='bbox 1542 1327 1712 1389; x_wconf 83' lang='lat' dir='ltr'>saint</span> <span class='ocrx_word' id='word_1_111' title='bbox 1744 1327 1959 1389; x_wconf 85' lang='lat' dir='ltr'>Basile</span> <span class='ocrx_word' id='word_1_112' title='bbox 1988 1328 2199 1408; x_wconf 77' lang='lat' dir='ltr'>(these</span> <span class='ocrx_word' id='word_1_113' title='bbox 2234 1331 2852 1411; x_wconf 88' lang='lat' dir='ltr'>dactylographiée),</span> <span class='ocrx_word' id='word_1_114' title='bbox 2889 1333 3185 1395; x_wconf 92' lang='lat' dir='ltr'>Lovanio</span> <span class='ocrx_word' id='word_1_115' title='bbox 3220 1334 3538 1397; x_wconf 84' lang='lat' dir='ltr'>ediderat.</span> 
     </span>
    </p>
   </div>
   <div class='ocr_carea' id='block_1_10' title="bbox 541 1425 3800 1513">
    <p class='ocr_par' dir='ltr' id='par_1_10' title="bbox 541 1425 3800 1513">
     <span class='ocr_line' id='line_1_10' title="bbox 541 1425 3800 1513; baseline 0.002 -25"><span class='ocrx_word' id='word_1_116' title='bbox 541 1426 867 1488; x_wconf 88' lang='lat' dir='ltr'>Videntur</span> <span class='ocrx_word' id='word_1_117' title='bbox 905 1425 1177 1488; x_wconf 89' lang='lat' dir='ltr'>indicari</span> <span class='ocrx_word' id='word_1_118' title='bbox 1219 1443 1430 1505; x_wconf 88' lang='lat' dir='ltr'>posse,</span> <span class='ocrx_word' id='word_1_119' title='bbox 1485 1426 1567 1488; x_wconf 91' lang='lat' dir='ltr'>ad</span> <span class='ocrx_word' id='word_1_120' title='bbox 1618 1444 1945 1505; x_wconf 89' lang='lat' dir='ltr'>praesens,</span> <span class='ocrx_word' id='word_1_121' title='bbox 1998 1428 2127 1490; x_wconf 93' lang='lat' dir='ltr'>duo</span> <span class='ocrx_word' id='word_1_122' title='bbox 2180 1430 2438 1491; x_wconf 91' lang='lat' dir='ltr'>ordines</span> <span class='ocrx_word' id='word_1_123' title='bbox 2486 1430 2623 1491; x_wconf 89' lang='lat' dir='ltr'>sive</span> <span class='ocrx_word' id='word_1_124' title='bbox 2674 1431 2838 1492; x_wconf 88' lang='lat' dir='ltr'>rami</span> <span class='ocrx_word' id='word_1_125' title='bbox 2888 1432 3239 1512; x_wconf 88' lang='lat' dir='ltr'>praecipui,</span> <span class='ocrx_word' id='word_1_126' title='bbox 3294 1450 3575 1513; x_wconf 86' lang='lat' dir='ltr'>quorum</span> <span class='ocrx_word' id='word_1_127' title='bbox 3630 1434 3800 1513; x_wconf 90' lang='lat' dir='ltr'>prior</span> 
     </span>
    </p>
   </div>
   <div class='ocr_carea' id='block_1_11' title="bbox 378 1524 2104 1606">
    <p class='ocr_par' dir='ltr' id='par_1_11' title="bbox 378 1524 2104 1606">
     <span class='ocr_line' id='line_1_11' title="bbox 378 1524 2104 1606; baseline 0 -19"><span class='ocrx_word' id='word_1_128' title='bbox 378 1525 704 1606; x_wconf 91' lang='lat' dir='ltr'>optimum</span> <span class='ocrx_word' id='word_1_129' title='bbox 740 1525 1011 1605; x_wconf 89' lang='lat' dir='ltr'>praebet</span> <span class='ocrx_word' id='word_1_130' title='bbox 1045 1528 1329 1586; x_wconf 89' lang='lat' dir='ltr'>textum.</span> <span class='ocrx_word' id='word_1_131' title='bbox 1368 1525 1471 1586; x_wconf 92' lang='lat' dir='ltr'>Ad</span> <span class='ocrx_word' id='word_1_132' title='bbox 1510 1524 1682 1587; x_wconf 93' lang='lat' dir='ltr'>hunc</span> <span class='ocrx_word' id='word_1_133' title='bbox 1719 1525 2051 1605; x_wconf 90' lang='lat' dir='ltr'>pertinent</span> <span class='ocrx_word' id='word_1_134' title='bbox 2091 1547 2104 1587; x_wconf 95' lang='lat'>:</span> 
     </span>
    </p>
   </div>
   <div class='ocr_carea' id='block_1_12' title="bbox 519 1672 2100 1730">
    <p class='ocr_par' dir='ltr' id='par_1_12' title="bbox 519 1672 2100 1730">
     <span class='ocr_line' id='line_1_12' title="bbox 519 1672 2100 1730; baseline 0.001 -9"><span class='ocrx_word' id='word_1_135' title='bbox 519 1673 569 1721; x_wconf 93' lang='lat' dir='ltr'>D</span> <span class='ocrx_word' id='word_1_136' title='bbox 614 1673 863 1720; x_wconf 86' lang='lat' dir='ltr'>Museum</span> <span class='ocrx_word' id='word_1_137' title='bbox 892 1672 1299 1728; x_wconf 89' lang='lat' dir='ltr'>Britannicum,</span> <span class='ocrx_word' id='word_1_138' title='bbox 1326 1672 1570 1720; x_wconf 89' lang='lat' dir='ltr'>Arundel</span> <span class='ocrx_word' id='word_1_139' title='bbox 1596 1672 1717 1730; x_wconf 87' lang='lat'><strong>532,</strong></span> <span class='ocrx_word' id='word_1_140' title='bbox 1745 1685 1884 1721; x_wconf 89' lang='lat' dir='ltr'>saec.</span> <span class='ocrx_word' id='word_1_141' title='bbox 1918 1673 2100 1722; x_wconf 88' lang='lat' dir='ltr'>IX-X.</span> 
     </span>
    </p>
   </div>
   <div class='ocr_carea' id='block_1_13' title="bbox 520 1743 2142 1806">
    <p class='ocr_par' dir='ltr' id='par_1_13' title="bbox 520 1743 2142 1806">
     <span class='ocr_line' id='line_1_13' title="bbox 520 1743 2142 1806; baseline 0.001 -13"><span class='ocrx_word' id='word_1_142' title='bbox 520 1745 563 1793; x_wconf 84' lang='lat' dir='ltr'>F</span> <span class='ocrx_word' id='word_1_143' title='bbox 614 1743 767 1793; x_wconf 84' lang='lat' dir='ltr'>Paris</span> <span class='ocrx_word' id='word_1_144' title='bbox 793 1755 871 1804; x_wconf 89' lang='lat' dir='ltr'>gr.</span> <span class='ocrx_word' id='word_1_145' title='bbox 899 1743 1003 1792; x_wconf 86' lang='lat'>753</span> <span class='ocrx_word' id='word_1_146' title='bbox 1023 1743 1253 1804; x_wconf 80' lang='lat' dir='ltr'>(Regius</span> <span class='ocrx_word' id='word_1_147' title='bbox 1280 1743 1311 1791; x_wconf 90' lang='lat'><strong>5</strong></span> <span class='ocrx_word' id='word_1_148' title='bbox 1340 1743 1758 1806; x_wconf 87' lang='lat' dir='ltr'>Maurinorum),</span> <span class='ocrx_word' id='word_1_149' title='bbox 1784 1758 1924 1794; x_wconf 86' lang='lat' dir='ltr'>saec.</span> <span class='ocrx_word' id='word_1_150' title='bbox 1959 1746 2142 1795; x_wconf 88' lang='lat' dir='ltr'>IX-X.</span> 
     </span>
    </p>
   </div>
   <div class='ocr_carea' id='block_1_14' title="bbox 519 1814 2027 1877">
    <p class='ocr_par' dir='ltr' id='par_1_14' title="bbox 519 1814 2027 1877">
     <span class='ocr_line' id='line_1_14' title="bbox 519 1814 2027 1877; baseline 0.001 -12"><span class='ocrx_word' id='word_1_151' title='bbox 519 1816 567 1866; x_wconf 91' lang='lat' dir='ltr'>G</span> <span class='ocrx_word' id='word_1_152' title='bbox 614 1815 768 1864; x_wconf 85' lang='lat' dir='ltr'>Paris</span> <span class='ocrx_word' id='word_1_153' title='bbox 793 1826 872 1876; x_wconf 91' lang='lat' dir='ltr'>gr.</span> <span class='ocrx_word' id='word_1_154' title='bbox 900 1815 1003 1864; x_wconf 82' lang='lat'>476</span> <span class='ocrx_word' id='word_1_155' title='bbox 1024 1814 1254 1875; x_wconf 82' lang='lat' dir='ltr'>(Regius</span> <span class='ocrx_word' id='word_1_156' title='bbox 1285 1815 1307 1862; x_wconf 91' lang='lat'>1</span> <span class='ocrx_word' id='word_1_157' title='bbox 1341 1814 1757 1877; x_wconf 87' lang='lat' dir='ltr'>Maurinorum),</span> <span class='ocrx_word' id='word_1_158' title='bbox 1785 1829 1924 1865; x_wconf 88' lang='lat' dir='ltr'>saec.</span> <span class='ocrx_word' id='word_1_159' title='bbox 1955 1817 2027 1866; x_wconf 87' lang='lat' dir='ltr'>X.</span> 
     </span>
    </p>
   </div>
   <div class='ocr_carea' id='block_1_15' title="bbox 520 1886 1799 1945">
    <p class='ocr_par' dir='ltr' id='par_1_15' title="bbox 520 1886 1799 1945">
     <span class='ocr_line' id='line_1_15' title="bbox 520 1886 1799 1945; baseline -0.001 -8"><span class='ocrx_word' id='word_1_160' title='bbox 520 1888 575 1936; x_wconf 90' lang='lat' dir='ltr'>H</span> <span class='ocrx_word' id='word_1_161' title='bbox 614 1888 905 1936; x_wconf 86' lang='lat' dir='ltr'>Lavrensis</span> <span class='ocrx_word' id='word_1_162' title='bbox 931 1900 960 1935; x_wconf 91' lang='lat' dir='ltr'>e</span> <span class='ocrx_word' id='word_1_163' title='bbox 988 1886 1177 1935; x_wconf 89' lang='lat' dir='ltr'>Monte</span> <span class='ocrx_word' id='word_1_164' title='bbox 1203 1886 1380 1934; x_wconf 85' lang='lat' dir='ltr'>Athos</span> <span class='ocrx_word' id='word_1_165' title='bbox 1406 1886 1531 1945; x_wconf 82' lang='lat'><strong>457,</strong></span> <span class='ocrx_word' id='word_1_166' title='bbox 1557 1900 1697 1936; x_wconf 86' lang='lat' dir='ltr'>saec.</span> <span class='ocrx_word' id='word_1_167' title='bbox 1728 1887 1799 1936; x_wconf 83' lang='lat' dir='ltr'>X.</span> 
     </span>
    </p>
   </div>
   <div class='ocr_carea' id='block_1_16' title="bbox 525 1957 1851 2017">
    <p class='ocr_par' dir='ltr' id='par_1_16' title="bbox 525 1957 1851 2017">
     <span class='ocr_line' id='line_1_16' title="bbox 525 1957 1851 2017; baseline 0.001 -10"><span class='ocrx_word' id='word_1_168' title='bbox 525 1959 547 2007; x_wconf 91' lang='grc' dir='ltr'><strong>Ι</strong></span> <span class='ocrx_word' id='word_1_169' title='bbox 615 1959 966 2007; x_wconf 86' lang='lat' dir='ltr'>Florentinus</span> <span class='ocrx_word' id='word_1_170' title='bbox 994 1958 1254 2007; x_wconf 81' lang='lat' dir='ltr'>Laurent.</span> <span class='ocrx_word' id='word_1_171' title='bbox 1283 1969 1361 2017; x_wconf 86' lang='lat' dir='ltr'>gr.</span> <span class='ocrx_word' id='word_1_172' title='bbox 1394 1957 1469 2005; x_wconf 80' lang='lat' dir='ltr'>IV</span> <span class='ocrx_word' id='word_1_173' title='bbox 1496 1958 1581 2016; x_wconf 88' lang='lat'><strong>27,</strong></span> <span class='ocrx_word' id='word_1_174' title='bbox 1610 1971 1749 2008; x_wconf 90' lang='lat' dir='ltr'>saec.</span> <span class='ocrx_word' id='word_1_175' title='bbox 1780 1960 1851 2008; x_wconf 89' lang='grc' dir='ltr'><strong>Χ.</strong></span> 
     </span>
    </p>
   </div>
   <div class='ocr_carea' id='block_1_17' title="bbox 542 2086 3794 2171">
    <p class='ocr_par' dir='ltr' id='par_1_17' title="bbox 542 2086 3794 2171">
     <span class='ocr_line' id='line_1_17' title="bbox 542 2086 3794 2171; baseline 0.002 -23"><span class='ocrx_word' id='word_1_176' title='bbox 542 2088 825 2149; x_wconf 90' lang='lat' dir='ltr'>Possunt</span> <span class='ocrx_word' id='word_1_177' title='bbox 859 2086 1018 2148; x_wconf 91' lang='lat' dir='ltr'>inibi</span> <span class='ocrx_word' id='word_1_178' title='bbox 1054 2087 1221 2148; x_wconf 89' lang='lat' dir='ltr'>duae</span> <span class='ocrx_word' id='word_1_179' title='bbox 1257 2087 1569 2165; x_wconf 88' lang='lat' dir='ltr'>distingui</span> <span class='ocrx_word' id='word_1_180' title='bbox 1606 2088 1864 2160; x_wconf 89' lang='lat' dir='ltr'>classes,</span> <span class='ocrx_word' id='word_1_181' title='bbox 1888 2089 2009 2150; x_wconf 88' lang='lat' dir='ltr'>DF</span> <span class='ocrx_word' id='word_1_182' title='bbox 2028 2094 2094 2149; x_wconf 93' lang='lat' dir='ltr'>et</span> <span class='ocrx_word' id='word_1_183' title='bbox 2131 2089 2291 2151; x_wconf 90' lang='lat' dir='ltr'>GHI</span> <span class='ocrx_word' id='word_1_184' title='bbox 2320 2111 2337 2160; x_wconf 85' lang='lat'><strong>;</strong></span> <span class='ocrx_word' id='word_1_185' title='bbox 2373 2089 2635 2151; x_wconf 87' lang='lat' dir='ltr'>interim</span> <span class='ocrx_word' id='word_1_186' title='bbox 2672 2090 2968 2152; x_wconf 91' lang='lat' dir='ltr'>concludi</span> <span class='ocrx_word' id='word_1_187' title='bbox 3004 2097 3227 2171; x_wconf 89' lang='lat' dir='ltr'>potest</span> <span class='ocrx_word' id='word_1_188' title='bbox 3262 2093 3345 2154; x_wconf 90' lang='lat' dir='ltr'>ad</span> <span class='ocrx_word' id='word_1_189' title='bbox 3382 2099 3794 2155; x_wconf 91' lang='lat' dir='ltr'>momentum</span> 
     </span>
    </p>
   </div>
   <div class='ocr_carea' id='block_1_18' title="bbox 376 2184 1743 2265">
    <p class='ocr_par' dir='ltr' id='par_1_18' title="bbox 376 2184 1743 2265">
     <span class='ocr_line' id='line_1_18' title="bbox 376 2184 1743 2265; baseline -0.001 -18"><span class='ocrx_word' id='word_1_190' title='bbox 376 2186 731 2265; x_wconf 89' lang='lat' dir='ltr'>Regiorum</span> <span class='ocrx_word' id='word_1_191' title='bbox 766 2187 791 2246; x_wconf 97' lang='lat'>1</span> <span class='ocrx_word' id='word_1_192' title='bbox 830 2190 897 2245; x_wconf 93' lang='lat' dir='ltr'>et</span> <span class='ocrx_word' id='word_1_193' title='bbox 927 2184 965 2245; x_wconf 89' lang='lat'>5</span> <span class='ocrx_word' id='word_1_194' title='bbox 994 2184 1061 2246; x_wconf 91' lang='lat' dir='ltr'>in</span> <span class='ocrx_word' id='word_1_195' title='bbox 1094 2189 1419 2263; x_wconf 90' lang='lat' dir='ltr'>apparatu</span> <span class='ocrx_word' id='word_1_196' title='bbox 1453 2184 1743 2247; x_wconf 89' lang='lat' dir='ltr'>Garnier.</span> 
     </span>
    </p>
   </div>
   <div class='ocr_carea' id='block_1_19' title="bbox 538 2282 2312 2365">
    <p class='ocr_par' dir='ltr' id='par_1_19' title="bbox 538 2282 2312 2365">
     <span class='ocr_line' id='line_1_19' title="bbox 538 2282 2312 2365; baseline 0.001 -20"><span class='ocrx_word' id='word_1_197' title='bbox 538 2283 722 2346; x_wconf 83' lang='lat' dir='ltr'>Alter</span> <span class='ocrx_word' id='word_1_198' title='bbox 758 2283 914 2343; x_wconf 90' lang='lat' dir='ltr'>ordo</span> <span class='ocrx_word' id='word_1_199' title='bbox 950 2301 1063 2343; x_wconf 90' lang='lat' dir='ltr'>seu</span> <span class='ocrx_word' id='word_1_200' title='bbox 1098 2300 1319 2344; x_wconf 90' lang='lat' dir='ltr'>ramus</span> <span class='ocrx_word' id='word_1_201' title='bbox 1356 2282 1778 2362; x_wconf 89' lang='lat' dir='ltr'>amplectitur</span> <span class='ocrx_word' id='word_1_202' title='bbox 1810 2284 2259 2365; x_wconf 89' lang='lat' dir='ltr'>manuscripta</span> <span class='ocrx_word' id='word_1_203' title='bbox 2299 2306 2312 2346; x_wconf 91' lang='lat'>:</span> 
     </span>
    </p>
   </div>
   <div class='ocr_carea' id='block_1_20' title="bbox 517 2447 2169 2507">
    <p class='ocr_par' dir='ltr' id='par_1_20' title="bbox 517 2447 2169 2507">
     <span class='ocr_line' id='line_1_20' title="bbox 517 2447 2169 2507; baseline 0.001 -10"><span class='ocrx_word' id='word_1_204' title='bbox 517 2451 565 2497; x_wconf 88' lang='lat' dir='ltr'>A</span> <span class='ocrx_word' id='word_1_205' title='bbox 610 2448 914 2497; x_wconf 80' lang='lat' dir='ltr'>Vaticanus</span> <span class='ocrx_word' id='word_1_206' title='bbox 942 2460 1018 2507; x_wconf 87' lang='lat' dir='ltr'>gr.</span> <span class='ocrx_word' id='word_1_207' title='bbox 1047 2447 1203 2505; x_wconf 85' lang='lat'>2066,</span> <span class='ocrx_word' id='word_1_208' title='bbox 1231 2448 1430 2496; x_wconf 86' lang='lat' dir='ltr'>litteris</span> <span class='ocrx_word' id='word_1_209' title='bbox 1458 2448 1785 2507; x_wconf 89' lang='lat' dir='ltr'>uncialibus,</span> <span class='ocrx_word' id='word_1_210' title='bbox 1814 2462 1952 2498; x_wconf 87' lang='lat' dir='ltr'>saec.</span> <span class='ocrx_word' id='word_1_211' title='bbox 1987 2450 2169 2498; x_wconf 87' lang='lat' dir='ltr'>IX-X.</span> 
     </span>
    </p>
   </div>
   <div class='ocr_carea' id='block_1_21' title="bbox 520 2519 1430 2580">
    <p class='ocr_par' dir='ltr' id='par_1_21' title="bbox 520 2519 1430 2580">
     <span class='ocr_line' id='line_1_21' title="bbox 520 2519 1430 2580; baseline -0.003 -10"><span class='ocrx_word' id='word_1_212' title='bbox 520 2520 560 2570; x_wconf 89' lang='lat' dir='ltr'>C</span> <span class='ocrx_word' id='word_1_213' title='bbox 610 2521 789 2569; x_wconf 86' lang='lat' dir='ltr'>Vatic.</span> <span class='ocrx_word' id='word_1_214' title='bbox 818 2531 895 2580; x_wconf 88' lang='lat' dir='ltr'>gr.</span> <span class='ocrx_word' id='word_1_215' title='bbox 923 2519 1046 2577; x_wconf 86' lang='lat'><strong>413,</strong></span> <span class='ocrx_word' id='word_1_216' title='bbox 1074 2532 1213 2567; x_wconf 89' lang='lat' dir='ltr'>saec.</span> <span class='ocrx_word' id='word_1_217' title='bbox 1248 2519 1430 2567; x_wconf 82' lang='grc' dir='ltr'><strong>ΙΧ-Χ.</strong></span> 
     </span>
    </p>
   </div>
   <div class='ocr_carea' id='block_1_22' title="bbox 520 2591 1729 2649">
    <p class='ocr_par' dir='ltr' id='par_1_22' title="bbox 520 2591 1729 2649">
     <span class='ocr_line' id='line_1_22' title="bbox 520 2591 1729 2649; baseline -0.001 -8"><span class='ocrx_word' id='word_1_218' title='bbox 520 2593 568 2641; x_wconf 87' lang='grc' dir='ltr'><strong>Ε</strong></span> <span class='ocrx_word' id='word_1_219' title='bbox 614 2592 954 2641; x_wconf 87' lang='lat' dir='ltr'>Venetianus</span> <span class='ocrx_word' id='word_1_220' title='bbox 982 2592 1033 2640; x_wconf 92' lang='lat' dir='ltr'>S.</span> <span class='ocrx_word' id='word_1_221' title='bbox 1064 2591 1233 2639; x_wconf 83' lang='lat' dir='ltr'>Marci</span> <span class='ocrx_word' id='word_1_222' title='bbox 1258 2592 1345 2649; x_wconf 89' lang='lat'>58,</span> <span class='ocrx_word' id='word_1_223' title='bbox 1373 2604 1513 2640; x_wconf 90' lang='lat' dir='ltr'>saec.</span> <span class='ocrx_word' id='word_1_224' title='bbox 1548 2592 1729 2640; x_wconf 83' lang='lat' dir='ltr'>IX-X.</span> 
     </span>
    </p>
   </div>
   <div class='ocr_carea' id='block_1_23' title="bbox 520 2662 1469 2723">
    <p class='ocr_par' dir='ltr' id='par_1_23' title="bbox 520 2662 1469 2723">
     <span class='ocr_line' id='line_1_23' title="bbox 520 2662 1469 2723; baseline -0.001 -11"><span class='ocrx_word' id='word_1_225' title='bbox 520 2664 567 2712; x_wconf 88' lang='grc' dir='ltr'>Β</span> <span class='ocrx_word' id='word_1_226' title='bbox 614 2664 792 2711; x_wconf 88' lang='lat' dir='ltr'>Vatic.</span> <span class='ocrx_word' id='word_1_227' title='bbox 822 2675 899 2723; x_wconf 87' lang='lat' dir='ltr'>gr.</span> <span class='ocrx_word' id='word_1_228' title='bbox 930 2662 1086 2719; x_wconf 88' lang='lat'><strong>2053,</strong></span> <span class='ocrx_word' id='word_1_229' title='bbox 1114 2675 1252 2710; x_wconf 87' lang='lat' dir='ltr'>saec.</span> <span class='ocrx_word' id='word_1_230' title='bbox 1287 2663 1469 2711; x_wconf 88' lang='lat' dir='ltr'>IX-X.</span> 
     </span>
    </p>
   </div>
   <div class='ocr_carea' id='block_1_24' title="bbox 519 2734 1848 2794">
    <p class='ocr_par' dir='ltr' id='par_1_24' title="bbox 519 2734 1848 2794">
     <span class='ocr_line' id='line_1_24' title="bbox 519 2734 1848 2794; baseline -0.001 -10"><span class='ocrx_word' id='word_1_231' title='bbox 519 2734 563 2784; x_wconf 86' lang='lat' dir='ltr'><strong>L</strong></span> <span class='ocrx_word' id='word_1_232' title='bbox 614 2735 917 2784; x_wconf 89' lang='lat' dir='ltr'>Genuensis</span> <span class='ocrx_word' id='word_1_233' title='bbox 946 2734 1359 2783; x_wconf 86' lang='lat' dir='ltr'>Franzonianus</span> <span class='ocrx_word' id='word_1_234' title='bbox 1386 2745 1463 2794; x_wconf 91' lang='lat' dir='ltr'>gr.</span> <span class='ocrx_word' id='word_1_235' title='bbox 1498 2734 1579 2791; x_wconf 89' lang='lat' dir='ltr'><strong>l7,</strong></span> <span class='ocrx_word' id='word_1_236' title='bbox 1608 2746 1746 2783; x_wconf 83' lang='lat' dir='ltr'>saec.</span> <span class='ocrx_word' id='word_1_237' title='bbox 1777 2734 1848 2783; x_wconf 87' lang='grc' dir='ltr'><strong>Χ.</strong></span> 
     </span>
    </p>
   </div>
   <div class='ocr_carea' id='block_1_25' title="bbox 540 2880 3795 2961">
    <p class='ocr_par' dir='ltr' id='par_1_25' title="bbox 540 2880 3795 2961">
     <span class='ocr_line' id='line_1_25' title="bbox 540 2880 3795 2961; baseline 0.001 -18"><span class='ocrx_word' id='word_1_238' title='bbox 540 2880 986 2961; x_wconf 89' lang='lat' dir='ltr'>Manuscripta</span> <span class='ocrx_word' id='word_1_239' title='bbox 1032 2880 1146 2942; x_wconf 94' lang='lat' dir='ltr'>BL</span> <span class='ocrx_word' id='word_1_240' title='bbox 1188 2880 1631 2941; x_wconf 91' lang='lat' dir='ltr'>recensionem</span> <span class='ocrx_word' id='word_1_241' title='bbox 1672 2880 1963 2942; x_wconf 87' lang='lat' dir='ltr'>referunt</span> <span class='ocrx_word' id='word_1_242' title='bbox 2006 2881 2501 2954; x_wconf 89' lang='lat' dir='ltr'>atticizantem;</span> <span class='ocrx_word' id='word_1_243' title='bbox 2546 2883 2607 2944; x_wconf 89' lang='lat' dir='ltr'>A</span> <span class='ocrx_word' id='word_1_244' title='bbox 2649 2882 2841 2945; x_wconf 91' lang='lat' dir='ltr'>valde</span> <span class='ocrx_word' id='word_1_245' title='bbox 2884 2883 3192 2946; x_wconf 88' lang='lat' dir='ltr'>aberrans</span> <span class='ocrx_word' id='word_1_246' title='bbox 3234 2889 3302 2945; x_wconf 93' lang='lat' dir='ltr'>et</span> <span class='ocrx_word' id='word_1_247' title='bbox 3344 2884 3630 2945; x_wconf 89' lang='lat' dir='ltr'>insolens</span> <span class='ocrx_word' id='word_1_248' title='bbox 3674 2891 3795 2956; x_wconf 90' lang='lat' dir='ltr'>est,</span> 
     </span>
    </p>
   </div>
   <div class='ocr_carea' id='block_1_26' title="bbox 371 2978 2845 3059">
    <p class='ocr_par' dir='ltr' id='par_1_26' title="bbox 371 2978 2845 3059">
     <span class='ocr_line' id='line_1_26' title="bbox 371 2978 2845 3059; baseline 0 -18"><span class='ocrx_word' id='word_1_249' title='bbox 371 2980 497 3041; x_wconf 91' lang='lat' dir='ltr'>etsi</span> <span class='ocrx_word' id='word_1_250' title='bbox 521 2980 931 3042; x_wconf 89' lang='lat' dir='ltr'>venerandae</span> <span class='ocrx_word' id='word_1_251' title='bbox 959 2979 1225 3058; x_wconf 87' lang='lat' dir='ltr'>quidem</span> <span class='ocrx_word' id='word_1_252' title='bbox 1251 2978 1512 3041; x_wconf 90' lang='lat' dir='ltr'>aetatis.</span> <span class='ocrx_word' id='word_1_253' title='bbox 1542 2978 1667 3039; x_wconf 90' lang='lat' dir='ltr'>Hic</span> <span class='ocrx_word' id='word_1_254' title='bbox 1694 2978 1858 3042; x_wconf 79' lang='lat' dir='ltr'>alter</span> <span class='ocrx_word' id='word_1_255' title='bbox 1883 2980 2040 3040; x_wconf 92' lang='lat' dir='ltr'>ordo</span> <span class='ocrx_word' id='word_1_256' title='bbox 2067 2980 2329 3059; x_wconf 87' lang='lat' dir='ltr'>ignotus</span> <span class='ocrx_word' id='word_1_257' title='bbox 2355 2980 2482 3041; x_wconf 90' lang='lat' dir='ltr'>fuit</span> <span class='ocrx_word' id='word_1_258' title='bbox 2508 2980 2845 3042; x_wconf 92' lang='lat' dir='ltr'>Maurinis.</span> 
     </span>
    </p>
   </div>
   <div class='ocr_carea' id='block_1_27' title="bbox 545 3076 3798 3157">
    <p class='ocr_par' dir='ltr' id='par_1_27' title="bbox 545 3076 3798 3157">
     <span class='ocr_line' id='line_1_27' title="bbox 545 3076 3798 3157; baseline 0.001 -18"><span class='ocrx_word' id='word_1_259' title='bbox 545 3079 724 3139; x_wconf 91' lang='lat' dir='ltr'>Inter</span> <span class='ocrx_word' id='word_1_260' title='bbox 755 3077 1077 3139; x_wconf 89' lang='lat' dir='ltr'>editiones</span> <span class='ocrx_word' id='word_1_261' title='bbox 1111 3077 1248 3138; x_wconf 92' lang='lat' dir='ltr'>sive</span> <span class='ocrx_word' id='word_1_262' title='bbox 1280 3076 1747 3139; x_wconf 88' lang='lat' dir='ltr'>translationes</span> <span class='ocrx_word' id='word_1_263' title='bbox 1780 3077 2015 3156; x_wconf 90' lang='lat' dir='ltr'>linguis</span> <span class='ocrx_word' id='word_1_264' title='bbox 2048 3078 2375 3139; x_wconf 88' lang='lat' dir='ltr'>hodiemis</span> <span class='ocrx_word' id='word_1_265' title='bbox 2408 3083 2710 3157; x_wconf 88' lang='lat' dir='ltr'>peractas</span> <span class='ocrx_word' id='word_1_266' title='bbox 2743 3078 2848 3140; x_wconf 92' lang='lat' dir='ltr'>vel</span> <span class='ocrx_word' id='word_1_267' title='bbox 2906 3080 3376 3141; x_wconf 89' lang='lat' dir='ltr'>commentario</span> <span class='ocrx_word' id='word_1_268' title='bbox 3411 3086 3667 3152; x_wconf 86' lang='lat' dir='ltr'>auctas,</span> <span class='ocrx_word' id='word_1_269' title='bbox 3704 3100 3798 3141; x_wconf 93' lang='lat' dir='ltr'>re-</span> 
     </span>
    </p>
   </div>
   <div class='ocr_carea' id='block_1_28' title="bbox 376 3174 3789 3256">
    <p class='ocr_par' dir='ltr' id='par_1_28' title="bbox 376 3174 3789 3256">
     <span class='ocr_line' id='line_1_28' title="bbox 376 3174 3789 3256; baseline 0.001 -19"><span class='ocrx_word' id='word_1_270' title='bbox 376 3177 739 3238; x_wconf 91' lang='lat' dir='ltr'>censendae</span> <span class='ocrx_word' id='word_1_271' title='bbox 770 3180 922 3237; x_wconf 91' lang='lat' dir='ltr'>sunt</span> <span class='ocrx_word' id='word_1_272' title='bbox 958 3196 971 3236; x_wconf 92' lang='lat'><strong>:</strong></span> <span class='ocrx_word' id='word_1_273' title='bbox 1004 3175 1273 3255; x_wconf 90' lang='lat' dir='ltr'>anglice,</span> <span class='ocrx_word' id='word_1_274' title='bbox 1306 3174 1619 3235; x_wconf 80' lang='lat' dir='ltr'>JACKSON</span> <span class='ocrx_word' id='word_1_275' title='bbox 1649 3174 1785 3251; x_wconf 82' lang='lat' dir='ltr'>(Cir</span> <span class='ocrx_word' id='word_1_276' title='bbox 1813 3193 2029 3254; x_wconf 90' lang='lat' dir='ltr'>supra,</span> <span class='ocrx_word' id='word_1_277' title='bbox 2070 3176 2315 3237; x_wconf 90' lang='lat' dir='ltr'>Introd.</span> <span class='ocrx_word' id='word_1_278' title='bbox 2356 3176 2451 3236; x_wconf 90' lang='lat' dir='ltr'>IX</span> <span class='ocrx_word' id='word_1_279' title='bbox 2484 3195 2545 3255; x_wconf 94' lang='lat' dir='ltr'>p.</span> <span class='ocrx_word' id='word_1_280' title='bbox 2579 3176 2642 3254; x_wconf 90' lang='lat'>6)</span> <span class='ocrx_word' id='word_1_281' title='bbox 2670 3197 2685 3247; x_wconf 93' lang='lat'><strong>;</strong></span> <span class='ocrx_word' id='word_1_282' title='bbox 2716 3177 3102 3255; x_wconf 90' lang='lat' dir='ltr'>germanice,</span> <span class='ocrx_word' id='word_1_283' title='bbox 3138 3177 3516 3239; x_wconf 83' lang='lat' dir='ltr'>STEGMANN</span> <span class='ocrx_word' id='word_1_284' title='bbox 3556 3179 3589 3256; x_wconf 90' lang='grc'><strong><em>(</em></strong></span> <span class='ocrx_word' id='word_1_285' title='bbox 3597 3178 3789 3256; x_wconf 87' lang='lat' dir='ltr'>ibid.)</span> 
     </span>
    </p>
   </div>
   <div class='ocr_carea' id='block_1_29' title="bbox 375 3273 3796 3355">
    <p class='ocr_par' dir='ltr' id='par_1_29' title="bbox 375 3273 3796 3355">
     <span class='ocr_line' id='line_1_29' title="bbox 375 3273 3796 3355; baseline 0 -19"><span class='ocrx_word' id='word_1_286' title='bbox 375 3280 576 3355; x_wconf 92' lang='lat' dir='ltr'>atque</span> <span class='ocrx_word' id='word_1_287' title='bbox 604 3276 949 3345; x_wconf 90' lang='lat' dir='ltr'>recentius,</span> <span class='ocrx_word' id='word_1_288' title='bbox 976 3273 1225 3352; x_wconf 88' lang='lat' dir='ltr'>gallice,</span> <span class='ocrx_word' id='word_1_289' title='bbox 1258 3273 1430 3335; x_wconf 80' lang='lat' dir='ltr'>GIET</span> <span class='ocrx_word' id='word_1_290' title='bbox 1460 3294 1472 3333; x_wconf 93' lang='lat'>:</span> <span class='ocrx_word' id='word_1_291' title='bbox 1504 3274 1719 3334; x_wconf 86' lang='lat' dir='ltr'>Basile</span> <span class='ocrx_word' id='word_1_292' title='bbox 1745 3273 1817 3334; x_wconf 83' lang='lat' dir='ltr'>de</span> <span class='ocrx_word' id='word_1_293' title='bbox 1847 3274 2119 3337; x_wconf 81' lang='lat' dir='ltr'>Césarée.</span> <span class='ocrx_word' id='word_1_294' title='bbox 2149 3274 2467 3335; x_wconf 86' lang='lat' dir='ltr'>Home&#39;lies</span> <span class='ocrx_word' id='word_1_295' title='bbox 2493 3292 2604 3334; x_wconf 88' lang='lat' dir='ltr'>sur</span> <span class='ocrx_word' id='word_1_296' title='bbox 2630 3275 3123 3337; x_wconf 76' lang='lat' dir='ltr'>I’Hexae&#39;me&#39;ron.</span> <span class='ocrx_word' id='word_1_297' title='bbox 3154 3276 3362 3337; x_wconf 91' lang='lat' dir='ltr'>Texte</span> <span class='ocrx_word' id='word_1_298' title='bbox 3387 3293 3556 3355; x_wconf 87' lang='lat' dir='ltr'>grec,</span> <span class='ocrx_word' id='word_1_299' title='bbox 3586 3277 3796 3337; x_wconf 90' lang='lat' dir='ltr'>intro-</span> 
     </span>
    </p>
   </div>
   <div class='ocr_carea' id='block_1_30' title="bbox 373 3371 3797 3450">
    <p class='ocr_par' dir='ltr' id='par_1_30' title="bbox 373 3371 3797 3450">
     <span class='ocr_line' id='line_1_30' title="bbox 373 3371 3797 3450; baseline 0 -16"><span class='ocrx_word' id='word_1_300' title='bbox 373 3374 639 3435; x_wconf 89' lang='lat' dir='ltr'>duction</span> <span class='ocrx_word' id='word_1_301' title='bbox 675 3378 742 3434; x_wconf 88' lang='lat' dir='ltr'>et</span> <span class='ocrx_word' id='word_1_302' title='bbox 774 3372 1148 3434; x_wconf 90' lang='lat' dir='ltr'>traduction</span> <span class='ocrx_word' id='word_1_303' title='bbox 1184 3373 1263 3432; x_wconf 93' lang='lat' dir='ltr'>de</span> <span class='ocrx_word' id='word_1_304' title='bbox 1298 3372 1392 3433; x_wconf 89' lang='lat' dir='ltr'>St.</span> <span class='ocrx_word' id='word_1_305' title='bbox 1430 3371 1579 3433; x_wconf 91' lang='lat' dir='ltr'>Giet</span> <span class='ocrx_word' id='word_1_306' title='bbox 1607 3372 1905 3450; x_wconf 91' lang='lat' dir='ltr'>(Sources</span> <span class='ocrx_word' id='word_1_307' title='bbox 1939 3372 2380 3443; x_wconf 86' lang='lat' dir='ltr'>Chrétiennes,</span> <span class='ocrx_word' id='word_1_308' title='bbox 2416 3374 2539 3449; x_wconf 90' lang='lat'>26),</span> <span class='ocrx_word' id='word_1_309' title='bbox 2577 3372 2859 3443; x_wconf 88' lang='lat' dir='ltr'>Parisiis,</span> <span class='ocrx_word' id='word_1_310' title='bbox 2902 3373 3079 3434; x_wconf 87' lang='grc'><strong>1949.</strong></span> <span class='ocrx_word' id='word_1_311' title='bbox 3117 3374 3264 3435; x_wconf 91' lang='lat' dir='ltr'>Giet</span> <span class='ocrx_word' id='word_1_312' title='bbox 3297 3375 3553 3435; x_wconf 91' lang='lat' dir='ltr'>codices</span> <span class='ocrx_word' id='word_1_313' title='bbox 3586 3394 3797 3435; x_wconf 89' lang='lat' dir='ltr'>novos</span> 
     </span>
    </p>
   </div>
   <div class='ocr_carea' id='block_1_31' title="bbox 372 3470 3797 3551">
    <p class='ocr_par' dir='ltr' id='par_1_31' title="bbox 372 3470 3797 3551">
     <span class='ocr_line' id='line_1_31' title="bbox 372 3470 3797 3551; baseline 0 -18"><span class='ocrx_word' id='word_1_314' title='bbox 372 3491 501 3534; x_wconf 93' lang='lat' dir='ltr'>non</span> <span class='ocrx_word' id='word_1_315' title='bbox 533 3472 833 3543; x_wconf 91' lang='lat' dir='ltr'>contulit,</span> <span class='ocrx_word' id='word_1_316' title='bbox 865 3472 976 3532; x_wconf 92' lang='lat' dir='ltr'>sed</span> <span class='ocrx_word' id='word_1_317' title='bbox 1008 3470 1339 3533; x_wconf 88' lang='lat' dir='ltr'>codicibus</span> <span class='ocrx_word' id='word_1_318' title='bbox 1369 3470 1816 3533; x_wconf 88' lang='lat' dir='ltr'>Maurinorum</span> <span class='ocrx_word' id='word_1_319' title='bbox 1846 3471 2195 3550; x_wconf 91' lang='lat' dir='ltr'>acquievit,</span> <span class='ocrx_word' id='word_1_320' title='bbox 2228 3472 2340 3532; x_wconf 92' lang='lat' dir='ltr'>ubi</span> <span class='ocrx_word' id='word_1_321' title='bbox 2373 3471 2643 3533; x_wconf 92' lang='lat' dir='ltr'>Garnier</span> <span class='ocrx_word' id='word_1_322' title='bbox 2671 3472 2994 3551; x_wconf 88' lang='lat' dir='ltr'>prioribus</span> <span class='ocrx_word' id='word_1_323' title='bbox 3032 3472 3227 3533; x_wconf 92' lang='lat' dir='ltr'>editis</span> <span class='ocrx_word' id='word_1_324' title='bbox 3266 3477 3493 3535; x_wconf 87' lang='lat' dir='ltr'>contra</span> <span class='ocrx_word' id='word_1_325' title='bbox 3535 3474 3797 3534; x_wconf 87' lang='lat' dir='ltr'>codices</span> 
     </span>
    </p>
   </div>
   <div class='ocr_carea' id='block_1_32' title="bbox 370 3569 3796 3650">
    <p class='ocr_par' dir='ltr' id='par_1_32' title="bbox 370 3569 3796 3650">
     <span class='ocr_line' id='line_1_32' title="bbox 370 3569 3796 3650; baseline 0 -19"><span class='ocrx_word' id='word_1_326' title='bbox 370 3571 850 3649; x_wconf 90' lang='lat' dir='ltr'>manuscriptos</span> <span class='ocrx_word' id='word_1_327' title='bbox 890 3570 1159 3632; x_wconf 85' lang='lat' dir='ltr'>ﬁdebat.</span> <span class='ocrx_word' id='word_1_328' title='bbox 1211 3569 1407 3648; x_wconf 87' lang='lat' dir='ltr'>Apud</span> <span class='ocrx_word' id='word_1_329' title='bbox 1459 3571 1631 3630; x_wconf 91' lang='lat' dir='ltr'>hunc</span> <span class='ocrx_word' id='word_1_330' title='bbox 1680 3574 2007 3630; x_wconf 90' lang='lat' dir='ltr'>recentem</span> <span class='ocrx_word' id='word_1_331' title='bbox 2058 3575 2392 3631; x_wconf 90' lang='lat' dir='ltr'>auctorem</span> <span class='ocrx_word' id='word_1_332' title='bbox 2440 3570 2774 3630; x_wconf 90' lang='lat' dir='ltr'>invenitur</span> <span class='ocrx_word' id='word_1_333' title='bbox 2823 3570 3296 3649; x_wconf 90' lang='lat' dir='ltr'>bibliographia</span> <span class='ocrx_word' id='word_1_334' title='bbox 3348 3572 3428 3631; x_wconf 94' lang='lat' dir='ltr'>de</span> <span class='ocrx_word' id='word_1_335' title='bbox 3488 3572 3796 3650; x_wconf 89' lang='lat' dir='ltr'>operibus</span> 
     </span>
    </p>
   </div>
   <div class='ocr_carea' id='block_1_33' title="bbox 370 3667 3796 3747">
    <p class='ocr_par' dir='ltr' id='par_1_33' title="bbox 370 3667 3796 3747">
     <span class='ocr_line' id='line_1_33' title="bbox 370 3667 3796 3747; baseline -0.001 -16"><span class='ocrx_word' id='word_1_336' title='bbox 370 3670 452 3731; x_wconf 88' lang='lat' dir='ltr'>ad</span> <span class='ocrx_word' id='word_1_337' title='bbox 489 3669 707 3730; x_wconf 89' lang='lat' dir='ltr'>fontes</span> <span class='ocrx_word' id='word_1_338' title='bbox 742 3668 1178 3729; x_wconf 90' lang='lat' dir='ltr'>hellenisticos</span> <span class='ocrx_word' id='word_1_339' title='bbox 1214 3667 1667 3728; x_wconf 86' lang='lat' dir='ltr'>Hexaemeron</span> <span class='ocrx_word' id='word_1_340' title='bbox 1708 3668 2126 3746; x_wconf 90' lang='lat' dir='ltr'>detegendos.</span> <span class='ocrx_word' id='word_1_341' title='bbox 2164 3668 2399 3728; x_wconf 82' lang='lat' dir='ltr'>Adhuc</span> <span class='ocrx_word' id='word_1_342' title='bbox 2436 3669 2621 3728; x_wconf 93' lang='lat' dir='ltr'>deest</span> <span class='ocrx_word' id='word_1_343' title='bbox 2658 3686 2821 3746; x_wconf 90' lang='lat' dir='ltr'>opus</span> <span class='ocrx_word' id='word_1_344' title='bbox 2859 3669 3035 3747; x_wconf 91' lang='lat' dir='ltr'>quod</span> <span class='ocrx_word' id='word_1_345' title='bbox 3073 3670 3382 3730; x_wconf 90' lang='lat' dir='ltr'>ostendat</span> <span class='ocrx_word' id='word_1_346' title='bbox 3418 3669 3613 3729; x_wconf 90' lang='lat' dir='ltr'>huius</span> <span class='ocrx_word' id='word_1_347' title='bbox 3653 3669 3796 3730; x_wconf 89' lang='lat' dir='ltr'>libri</span> 
     </span>
    </p>
   </div>
   <div class='ocr_carea' id='block_1_34' title="bbox 370 3765 3794 3845">
    <p class='ocr_par' dir='ltr' id='par_1_34' title="bbox 370 3765 3794 3845">
     <span class='ocr_line' id='line_1_34' title="bbox 370 3765 3794 3845; baseline 0 -18"><span class='ocrx_word' id='word_1_348' title='bbox 370 3772 779 3827; x_wconf 91' lang='lat' dir='ltr'>momentum</span> <span class='ocrx_word' id='word_1_349' title='bbox 812 3767 877 3826; x_wconf 91' lang='lat' dir='ltr'>in</span> <span class='ocrx_word' id='word_1_350' title='bbox 914 3766 1201 3845; x_wconf 86' lang='lat' dir='ltr'>exegesis</span> <span class='ocrx_word' id='word_1_351' title='bbox 1237 3765 1625 3827; x_wconf 89' lang='lat' dir='ltr'>christianae</span> <span class='ocrx_word' id='word_1_352' title='bbox 1660 3770 1726 3825; x_wconf 94' lang='lat' dir='ltr'>et</span> <span class='ocrx_word' id='word_1_353' title='bbox 1760 3784 1981 3827; x_wconf 89' lang='lat' dir='ltr'>sacrae</span> <span class='ocrx_word' id='word_1_354' title='bbox 2023 3766 2385 3844; x_wconf 85' lang='lat' dir='ltr'>theologiae</span> <span class='ocrx_word' id='word_1_355' title='bbox 2429 3766 2719 3836; x_wconf 74' lang='lat' dir='ltr'>historia,</span> <span class='ocrx_word' id='word_1_356' title='bbox 2757 3765 2893 3826; x_wconf 89' lang='lat' dir='ltr'>eius</span> <span class='ocrx_word' id='word_1_357' title='bbox 2935 3766 3149 3827; x_wconf 91' lang='lat' dir='ltr'>locum</span> <span class='ocrx_word' id='word_1_358' title='bbox 3192 3767 3363 3827; x_wconf 91' lang='lat' dir='ltr'>inter</span> <span class='ocrx_word' id='word_1_359' title='bbox 3404 3768 3794 3828; x_wconf 89' lang='lat' dir='ltr'>correctoria</span> 
     </span>
    </p>
   </div>
   <div class='ocr_carea' id='block_1_35' title="bbox 369 3863 3081 3943">
    <p class='ocr_par' dir='ltr' id='par_1_35' title="bbox 369 3863 3081 3943">
     <span class='ocr_line' id='line_1_35' title="bbox 369 3863 3081 3943; baseline 0 -18"><span class='ocrx_word' id='word_1_360' title='bbox 369 3864 758 3943; x_wconf 90' lang='lat' dir='ltr'>origenismi,</span> <span class='ocrx_word' id='word_1_361' title='bbox 790 3865 1056 3943; x_wconf 90' lang='lat' dir='ltr'>eiusque</span> <span class='ocrx_word' id='word_1_362' title='bbox 1086 3864 1390 3925; x_wconf 85' lang='lat' dir='ltr'>definitas</span> <span class='ocrx_word' id='word_1_363' title='bbox 1418 3863 1765 3925; x_wconf 88' lang='lat' dir='ltr'>relationes</span> <span class='ocrx_word' id='word_1_364' title='bbox 1795 3882 1945 3924; x_wconf 91' lang='lat' dir='ltr'>cum</span> <span class='ocrx_word' id='word_1_365' title='bbox 1975 3863 2428 3925; x_wconf 90' lang='lat' dir='ltr'>Hexaemeron</span> <span class='ocrx_word' id='word_1_366' title='bbox 2462 3863 2749 3942; x_wconf 89' lang='lat' dir='ltr'>Gregorii</span> <span class='ocrx_word' id='word_1_367' title='bbox 2779 3864 3081 3942; x_wconf 92' lang='lat' dir='ltr'>Nysseni.</span> 
     </span>
    </p>
   </div>
   <div class='ocr_carea' id='block_1_36' title="bbox 1094 4080 3059 4179">
    <p class='ocr_par' dir='ltr' id='par_1_36' title="bbox 1094 4080 3059 4179">
     <span class='ocr_line' id='line_1_36' title="bbox 1094 4080 3059 4179; baseline -0.001 -24"><span class='ocrx_word' id='word_1_368' title='bbox 1094 4084 1165 4156; x_wconf 89' lang='lat'><strong>7.</strong></span> <span class='ocrx_word' id='word_1_369' title='bbox 1203 4080 1587 4154; x_wconf 89' lang='lat' dir='ltr'>Homiliae</span> <span class='ocrx_word' id='word_1_370' title='bbox 1624 4107 1851 4179; x_wconf 84' lang='lat' dir='ltr'>super</span> <span class='ocrx_word' id='word_1_371' title='bbox 1886 4081 2230 4153; x_wconf 88' lang='lat' dir='ltr'>Psalmos</span> <span class='ocrx_word' id='word_1_372' title='bbox 2264 4080 2481 4177; x_wconf 88' lang='lat' dir='ltr'>(P.G.</span> <span class='ocrx_word' id='word_1_373' title='bbox 2519 4082 2641 4167; x_wconf 90' lang='lat'>29,</span> <span class='ocrx_word' id='word_1_374' title='bbox 2679 4080 3059 4176; x_wconf 87' lang='lat'>207-494).</span> 
     </span>
    </p>
   </div>
   <div class='ocr_carea' id='block_1_37' title="bbox 538 4244 3792 4326">
    <p class='ocr_par' dir='ltr' id='par_1_37' title="bbox 538 4244 3792 4326">
     <span class='ocr_line' id='line_1_37' title="bbox 538 4244 3792 4326; baseline -0 -18"><span class='ocrx_word' id='word_1_375' title='bbox 538 4248 590 4308; x_wconf 93' lang='lat'><strong>1.</strong></span> <span class='ocrx_word' id='word_1_376' title='bbox 625 4246 1069 4326; x_wconf 90' lang='lat' dir='ltr'>Manuscripta</span> <span class='ocrx_word' id='word_1_377' title='bbox 1106 4248 1188 4308; x_wconf 92' lang='lat' dir='ltr'>ad</span> <span class='ocrx_word' id='word_1_378' title='bbox 1224 4264 1555 4307; x_wconf 89' lang='lat' dir='ltr'>summum</span> <span class='ocrx_word' id='word_1_379' title='bbox 1594 4246 1670 4307; x_wconf 94' lang='lat'><strong>18</strong></span> <span class='ocrx_word' id='word_1_380' title='bbox 1726 4246 2026 4307; x_wconf 90' lang='lat' dir='ltr'>homilias</span> <span class='ocrx_word' id='word_1_381' title='bbox 2061 4264 2254 4325; x_wconf 91' lang='lat' dir='ltr'>super</span> <span class='ocrx_word' id='word_1_382' title='bbox 2288 4245 2583 4307; x_wconf 90' lang='lat' dir='ltr'>Psalmos</span> <span class='ocrx_word' id='word_1_383' title='bbox 2617 4244 2929 4316; x_wconf 88' lang='lat' dir='ltr'>referunt,</span> <span class='ocrx_word' id='word_1_384' title='bbox 2967 4263 3247 4324; x_wconf 90' lang='lat' dir='ltr'>quarum</span> <span class='ocrx_word' id='word_1_385' title='bbox 3283 4245 3641 4306; x_wconf 89' lang='lat' dir='ltr'>nonnullae</span> <span class='ocrx_word' id='word_1_386' title='bbox 3678 4264 3792 4324; x_wconf 86' lang='lat' dir='ltr'>pa-</span> 
     </span>
    </p>
   </div>
   <div class='ocr_carea' id='block_1_38' title="bbox 367 4343 3792 4423">
    <p class='ocr_par' dir='ltr' id='par_1_38' title="bbox 367 4343 3792 4423">
     <span class='ocr_line' id='line_1_38' title="bbox 367 4343 3792 4423; baseline -0.001 -16"><span class='ocrx_word' id='word_1_387' title='bbox 367 4364 509 4407; x_wconf 87' lang='lat' dir='ltr'>rum</span> <span class='ocrx_word' id='word_1_388' title='bbox 539 4346 1026 4408; x_wconf 84' lang='lat' dir='ltr'>conﬁrmantur.</span> <span class='ocrx_word' id='word_1_389' title='bbox 1060 4345 1369 4406; x_wconf 90' lang='lat' dir='ltr'>Omnium</span> <span class='ocrx_word' id='word_1_390' title='bbox 1396 4344 1724 4407; x_wconf 86' lang='lat' dir='ltr'>rarissima</span> <span class='ocrx_word' id='word_1_391' title='bbox 1753 4350 1855 4404; x_wconf 88' lang='lat' dir='ltr'>est</span> <span class='ocrx_word' id='word_1_392' title='bbox 1883 4362 2075 4423; x_wconf 91' lang='lat' dir='ltr'>super</span> <span class='ocrx_word' id='word_1_393' title='bbox 2103 4344 2209 4403; x_wconf 90' lang='lat' dir='ltr'>Ps.</span> <span class='ocrx_word' id='word_1_394' title='bbox 2244 4344 2361 4405; x_wconf 89' lang='lat'>132</span> <span class='ocrx_word' id='word_1_395' title='bbox 2390 4364 2403 4414; x_wconf 92' lang='lat'><strong>;</strong></span> <span class='ocrx_word' id='word_1_396' title='bbox 2435 4344 2699 4404; x_wconf 91' lang='lat' dir='ltr'>homilia</span> <span class='ocrx_word' id='word_1_397' title='bbox 2729 4344 2931 4404; x_wconf 88' lang='lat' dir='ltr'>altera</span> <span class='ocrx_word' id='word_1_398' title='bbox 2961 4362 3155 4422; x_wconf 91' lang='lat' dir='ltr'>super</span> <span class='ocrx_word' id='word_1_399' title='bbox 3184 4344 3289 4403; x_wconf 90' lang='lat' dir='ltr'>Ps.</span> <span class='ocrx_word' id='word_1_400' title='bbox 3321 4343 3400 4404; x_wconf 88' lang='lat'>28</span> <span class='ocrx_word' id='word_1_401' title='bbox 3427 4348 3495 4403; x_wconf 91' lang='lat' dir='ltr'>et</span> <span class='ocrx_word' id='word_1_402' title='bbox 3525 4344 3792 4404; x_wconf 87' lang='lat' dir='ltr'>homilia</span> 
     </span>
    </p>
   </div>
   <div class='ocr_carea' id='block_1_39' title="bbox 366 4441 3790 4523">
    <p class='ocr_par' dir='ltr' id='par_1_39' title="bbox 366 4441 3790 4523">
     <span class='ocr_line' id='line_1_39' title="bbox 366 4441 3790 4523; baseline -0.001 -20"><span class='ocrx_word' id='word_1_403' title='bbox 366 4461 559 4523; x_wconf 91' lang='lat' dir='ltr'>super</span> <span class='ocrx_word' id='word_1_404' title='bbox 590 4444 695 4505; x_wconf 90' lang='lat' dir='ltr'>Ps.</span> <span class='ocrx_word' id='word_1_405' title='bbox 729 4444 807 4505; x_wconf 92' lang='lat'><strong>37</strong></span> <span class='ocrx_word' id='word_1_406' title='bbox 840 4462 1029 4523; x_wconf 90' lang='lat' dir='ltr'>saepe</span> <span class='ocrx_word' id='word_1_407' title='bbox 1062 4448 1127 4504; x_wconf 92' lang='lat' dir='ltr'>et</span> <span class='ocrx_word' id='word_1_408' title='bbox 1158 4443 1336 4522; x_wconf 89' lang='lat' dir='ltr'>ipsae</span> <span class='ocrx_word' id='word_1_409' title='bbox 1367 4443 1841 4504; x_wconf 89' lang='lat' dir='ltr'>desiderantur.</span> <span class='ocrx_word' id='word_1_410' title='bbox 1878 4442 2019 4503; x_wconf 91' lang='lat' dir='ltr'>Hae</span> <span class='ocrx_word' id='word_1_411' title='bbox 2050 4446 2185 4501; x_wconf 91' lang='lat' dir='ltr'>tres</span> <span class='ocrx_word' id='word_1_412' title='bbox 2216 4460 2252 4503; x_wconf 92' lang='lat' dir='ltr'>a</span> <span class='ocrx_word' id='word_1_413' title='bbox 2287 4441 2556 4502; x_wconf 89' lang='lat' dir='ltr'>Garnier</span> <span class='ocrx_word' id='word_1_414' title='bbox 2586 4441 2827 4503; x_wconf 89' lang='lat' dir='ltr'>relatae</span> <span class='ocrx_word' id='word_1_415' title='bbox 2860 4447 3015 4502; x_wconf 89' lang='lat' dir='ltr'>sunt</span> <span class='ocrx_word' id='word_1_416' title='bbox 3045 4442 3109 4501; x_wconf 93' lang='lat' dir='ltr'>in</span> <span class='ocrx_word' id='word_1_417' title='bbox 3144 4441 3504 4520; x_wconf 92' lang='lat' dir='ltr'>appendice</span> <span class='ocrx_word' id='word_1_418' title='bbox 3536 4442 3706 4501; x_wconf 89' lang='lat' dir='ltr'>tomi</span> <span class='ocrx_word' id='word_1_419' title='bbox 3746 4442 3790 4511; x_wconf 87' lang='grc' dir='ltr'>Ι,</span> 
     </span>
    </p>
   </div>
   <div class='ocr_carea' id='block_1_40' title="bbox 364 4539 3793 4621">
    <p class='ocr_par' dir='ltr' id='par_1_40' title="bbox 364 4539 3793 4621">
     <span class='ocr_line' id='line_1_40' title="bbox 364 4539 3793 4621; baseline -0 -20"><span class='ocrx_word' id='word_1_420' title='bbox 364 4542 531 4603; x_wconf 92' lang='lat' dir='ltr'>sicut</span> <span class='ocrx_word' id='word_1_421' title='bbox 559 4542 761 4604; x_wconf 89' lang='lat' dir='ltr'>etiam</span> <span class='ocrx_word' id='word_1_422' title='bbox 790 4541 1055 4603; x_wconf 90' lang='lat' dir='ltr'>homilia</span> <span class='ocrx_word' id='word_1_423' title='bbox 1084 4559 1278 4621; x_wconf 89' lang='lat' dir='ltr'>super</span> <span class='ocrx_word' id='word_1_424' title='bbox 1306 4542 1412 4602; x_wconf 89' lang='lat' dir='ltr'>Ps.</span> <span class='ocrx_word' id='word_1_425' title='bbox 1448 4541 1564 4602; x_wconf 89' lang='lat'><strong>115</strong></span> <span class='ocrx_word' id='word_1_426' title='bbox 1592 4561 1607 4612; x_wconf 90' lang='lat'><strong>;</strong></span> <span class='ocrx_word' id='word_1_427' title='bbox 1638 4558 1806 4619; x_wconf 92' lang='lat' dir='ltr'>quae</span> <span class='ocrx_word' id='word_1_428' title='bbox 1836 4540 2100 4619; x_wconf 92' lang='lat' dir='ltr'>quidem</span> <span class='ocrx_word' id='word_1_429' title='bbox 2129 4557 2301 4600; x_wconf 91' lang='lat' dir='ltr'>nunc</span> <span class='ocrx_word' id='word_1_430' title='bbox 2328 4540 2393 4600; x_wconf 92' lang='lat' dir='ltr'>in</span> <span class='ocrx_word' id='word_1_431' title='bbox 2426 4539 2579 4601; x_wconf 92' lang='lat' dir='ltr'>P.G.</span> <span class='ocrx_word' id='word_1_432' title='bbox 2621 4539 2703 4600; x_wconf 91' lang='lat'>30</span> <span class='ocrx_word' id='word_1_433' title='bbox 2738 4544 3027 4610; x_wconf 92' lang='lat' dir='ltr'>exstant,</span> <span class='ocrx_word' id='word_1_434' title='bbox 3069 4545 3135 4599; x_wconf 94' lang='lat' dir='ltr'>et</span> <span class='ocrx_word' id='word_1_435' title='bbox 3172 4540 3253 4600; x_wconf 92' lang='lat' dir='ltr'>de</span> <span class='ocrx_word' id='word_1_436' title='bbox 3292 4539 3532 4618; x_wconf 89' lang='lat' dir='ltr'>quibus</span> <span class='ocrx_word' id='word_1_437' title='bbox 3569 4541 3793 4601; x_wconf 89' lang='lat' dir='ltr'>dicen-</span> 
     </span>
    </p>
   </div>
   <div class='ocr_carea' id='block_1_41' title="bbox 365 4637 3791 4719">
    <p class='ocr_par' dir='ltr' id='par_1_41' title="bbox 365 4637 3791 4719">
     <span class='ocr_line' id='line_1_41' title="bbox 365 4637 3791 4719; baseline -0.001 -17"><span class='ocrx_word' id='word_1_438' title='bbox 365 4642 523 4703; x_wconf 90' lang='lat' dir='ltr'>dum</span> <span class='ocrx_word' id='word_1_439' title='bbox 570 4641 693 4701; x_wconf 91' lang='lat' dir='ltr'>erit</span> <span class='ocrx_word' id='word_1_440' title='bbox 734 4641 799 4701; x_wconf 92' lang='lat' dir='ltr'>in</span> <span class='ocrx_word' id='word_1_441' title='bbox 842 4640 1330 4701; x_wconf 90' lang='lat' dir='ltr'>introductione</span> <span class='ocrx_word' id='word_1_442' title='bbox 1370 4640 1453 4701; x_wconf 91' lang='lat' dir='ltr'>ad</span> <span class='ocrx_word' id='word_1_443' title='bbox 1497 4640 1618 4699; x_wconf 91' lang='lat' dir='ltr'>hoc</span> <span class='ocrx_word' id='word_1_444' title='bbox 1651 4638 1978 4699; x_wconf 91' lang='lat' dir='ltr'>volumen.</span> <span class='ocrx_word' id='word_1_445' title='bbox 2034 4638 2213 4698; x_wconf 89' lang='lat' dir='ltr'>Idem</span> <span class='ocrx_word' id='word_1_446' title='bbox 2257 4637 2526 4700; x_wconf 88' lang='lat' dir='ltr'>Garnier</span> <span class='ocrx_word' id='word_1_447' title='bbox 2567 4638 2649 4699; x_wconf 89' lang='lat' dir='ltr'>ad</span> <span class='ocrx_word' id='word_1_448' title='bbox 2683 4637 3114 4716; x_wconf 91' lang='lat' dir='ltr'>appendicem</span> <span class='ocrx_word' id='word_1_449' title='bbox 3156 4637 3493 4700; x_wconf 88' lang='lat' dir='ltr'>homiliam</span> <span class='ocrx_word' id='word_1_450' title='bbox 3527 4656 3791 4719; x_wconf 91' lang='lat' dir='ltr'>quoque</span> 
     </span>
    </p>
   </div>
   <div class='ocr_carea' id='block_1_42' title="bbox 366 4735 3790 4817">
    <p class='ocr_par' dir='ltr' id='par_1_42' title="bbox 366 4735 3790 4817">
     <span class='ocr_line' id='line_1_42' title="bbox 366 4735 3790 4817; baseline 0 -20"><span class='ocrx_word' id='word_1_451' title='bbox 366 4738 643 4817; x_wconf 90' lang='lat' dir='ltr'>primam</span> <span class='ocrx_word' id='word_1_452' title='bbox 676 4756 869 4817; x_wconf 90' lang='lat' dir='ltr'>super</span> <span class='ocrx_word' id='word_1_453' title='bbox 913 4738 1019 4799; x_wconf 90' lang='lat' dir='ltr'>Ps.</span> <span class='ocrx_word' id='word_1_454' title='bbox 1062 4738 1137 4798; x_wconf 88' lang='grc'>14</span> <span class='ocrx_word' id='word_1_455' title='bbox 1171 4737 1528 4808; x_wconf 88' lang='lat' dir='ltr'>remiserat,</span> <span class='ocrx_word' id='word_1_456' title='bbox 1565 4738 1675 4797; x_wconf 91' lang='lat' dir='ltr'>sed</span> <span class='ocrx_word' id='word_1_457' title='bbox 1745 4736 1961 4816; x_wconf 90' lang='lat' dir='ltr'>Migne</span> <span class='ocrx_word' id='word_1_458' title='bbox 1995 4754 2141 4798; x_wconf 89' lang='lat' dir='ltr'>eam</span> <span class='ocrx_word' id='word_1_459' title='bbox 2176 4737 2258 4798; x_wconf 91' lang='lat' dir='ltr'>ad</span> <span class='ocrx_word' id='word_1_460' title='bbox 2294 4754 2486 4796; x_wconf 91' lang='lat' dir='ltr'>suum</span> <span class='ocrx_word' id='word_1_461' title='bbox 2520 4735 2584 4796; x_wconf 94' lang='lat' dir='ltr'>in</span> <span class='ocrx_word' id='word_1_462' title='bbox 2620 4735 2781 4795; x_wconf 89' lang='lat' dir='ltr'>serie</span> <span class='ocrx_word' id='word_1_463' title='bbox 2816 4735 3031 4796; x_wconf 94' lang='lat' dir='ltr'>locum</span> <span class='ocrx_word' id='word_1_464' title='bbox 3065 4736 3381 4807; x_wconf 89' lang='lat' dir='ltr'>restituit,</span> <span class='ocrx_word' id='word_1_465' title='bbox 3416 4742 3485 4796; x_wconf 90' lang='lat' dir='ltr'>et</span> <span class='ocrx_word' id='word_1_466' title='bbox 3520 4737 3790 4815; x_wconf 88' lang='lat' dir='ltr'>quidem</span> 
     </span>
    </p>
   </div>
   <div class='ocr_carea' id='block_1_43' title="bbox 364 4833 3789 4915">
    <p class='ocr_par' dir='ltr' id='par_1_43' title="bbox 364 4833 3789 4915">
     <span class='ocr_line' id='line_1_43' title="bbox 364 4833 3789 4915; baseline -0.001 -18"><span class='ocrx_word' id='word_1_467' title='bbox 364 4837 615 4897; x_wconf 89' lang='lat' dir='ltr'>merito.</span> <span class='ocrx_word' id='word_1_468' title='bbox 654 4837 869 4915; x_wconf 91' lang='lat' dir='ltr'>Ipsam</span> <span class='ocrx_word' id='word_1_469' title='bbox 899 4836 1139 4897; x_wconf 90' lang='lat' dir='ltr'>etenim</span> <span class='ocrx_word' id='word_1_470' title='bbox 1169 4837 1469 4900; x_wconf 90' lang='lat' dir='ltr'>universa</span> <span class='ocrx_word' id='word_1_471' title='bbox 1499 4836 1943 4914; x_wconf 88' lang='lat' dir='ltr'>manuscripta</span> <span class='ocrx_word' id='word_1_472' title='bbox 1972 4836 2269 4905; x_wconf 91' lang='lat' dir='ltr'>tradunt,</span> <span class='ocrx_word' id='word_1_473' title='bbox 2294 4834 2503 4913; x_wconf 91' lang='lat' dir='ltr'>ipsam</span> <span class='ocrx_word' id='word_1_474' title='bbox 2531 4833 3038 4913; x_wconf 89' lang='lat' dir='ltr'>expostulantur</span> <span class='ocrx_word' id='word_1_475' title='bbox 3063 4835 3262 4895; x_wconf 89' lang='lat' dir='ltr'>verba</span> <span class='ocrx_word' id='word_1_476' title='bbox 3292 4834 3531 4913; x_wconf 89' lang='lat' dir='ltr'>quibus</span> <span class='ocrx_word' id='word_1_477' title='bbox 3557 4835 3789 4913; x_wconf 90' lang='lat' dir='ltr'>incipit</span> 
     </span>
    </p>
   </div>
   <div class='ocr_carea' id='block_1_44' title="bbox 363 4932 3791 5013">
    <p class='ocr_par' dir='ltr' id='par_1_44' title="bbox 363 4932 3791 5013">
     <span class='ocr_line' id='line_1_44' title="bbox 363 4932 3791 5013; baseline -0.001 -19"><span class='ocrx_word' id='word_1_478' title='bbox 363 4935 644 4997; x_wconf 92' lang='lat' dir='ltr'>secunda</span> <span class='ocrx_word' id='word_1_479' title='bbox 684 4934 947 4997; x_wconf 88' lang='lat' dir='ltr'>homilia</span> <span class='ocrx_word' id='word_1_480' title='bbox 988 4953 1180 5013; x_wconf 91' lang='lat' dir='ltr'>super</span> <span class='ocrx_word' id='word_1_481' title='bbox 1216 4936 1498 4995; x_wconf 91' lang='lat' dir='ltr'>eundem</span> <span class='ocrx_word' id='word_1_482' title='bbox 1537 4934 1871 4995; x_wconf 90' lang='lat' dir='ltr'>Psalmum</span> <span class='ocrx_word' id='word_1_483' title='bbox 1907 4934 2102 5012; x_wconf 91' lang='lat' dir='ltr'>(quae</span> <span class='ocrx_word' id='word_1_484' title='bbox 2142 4932 2403 5010; x_wconf 89' lang='lat' dir='ltr'>quidem</span> <span class='ocrx_word' id='word_1_485' title='bbox 2445 4933 2725 4993; x_wconf 89' lang='lat' dir='ltr'>secunda</span> <span class='ocrx_word' id='word_1_486' title='bbox 2768 4932 3032 4993; x_wconf 90' lang='lat' dir='ltr'>homilia</span> <span class='ocrx_word' id='word_1_487' title='bbox 3071 4932 3451 4992; x_wconf 91' lang='lat' dir='ltr'>testimonio</span> <span class='ocrx_word' id='word_1_488' title='bbox 3493 4932 3791 5011; x_wconf 87' lang='lat' dir='ltr'>Gregorii</span> 
     </span>
    </p>
   </div>
   <div class='ocr_carea' id='block_1_45' title="bbox 363 5029 3789 5112">
    <p class='ocr_par' dir='ltr' id='par_1_45' title="bbox 363 5029 3789 5112">
     <span class='ocr_line' id='line_1_45' title="bbox 363 5029 3789 5112; baseline -0 -19"><span class='ocrx_word' id='word_1_489' title='bbox 363 5033 643 5111; x_wconf 88' lang='lat' dir='ltr'>Nysseni</span> <span class='ocrx_word' id='word_1_490' title='bbox 677 5034 1141 5112; x_wconf 90' lang='lat' dir='ltr'>comprobatur</span> <span class='ocrx_word' id='word_1_491' title='bbox 1168 5054 1183 5104; x_wconf 88' lang='lat'><strong>;</strong></span> <span class='ocrx_word' id='word_1_492' title='bbox 1218 5033 1369 5094; x_wconf 89' lang='lat' dir='ltr'>vide</span> <span class='ocrx_word' id='word_1_493' title='bbox 1401 5032 1571 5093; x_wconf 91' lang='lat' dir='ltr'>illius</span> <span class='ocrx_word' id='word_1_494' title='bbox 1604 5032 1967 5094; x_wconf 91' lang='lat' dir='ltr'>orationem</span> <span class='ocrx_word' id='word_1_495' title='bbox 2000 5036 2225 5091; x_wconf 91' lang='lat' dir='ltr'>contra</span> <span class='ocrx_word' id='word_1_496' title='bbox 2263 5030 2607 5100; x_wconf 90' lang='lat' dir='ltr'>usurarios,</span> <span class='ocrx_word' id='word_1_497' title='bbox 2645 5029 2799 5091; x_wconf 91' lang='lat' dir='ltr'>P.G.</span> <span class='ocrx_word' id='word_1_498' title='bbox 2834 5030 2934 5101; x_wconf 86' lang='lat'>46,</span> <span class='ocrx_word' id='word_1_499' title='bbox 2969 5030 3093 5091; x_wconf 89' lang='lat'>433</span> <span class='ocrx_word' id='word_1_500' title='bbox 3116 5030 3201 5109; x_wconf 91' lang='lat' dir='ltr'>B)</span> <span class='ocrx_word' id='word_1_501' title='bbox 3231 5051 3245 5091; x_wconf 90' lang='lat'><strong>:</strong></span> <span class='ocrx_word' id='word_1_502' title='bbox 3284 5030 3487 5101; x_wconf 90' lang='lat' dir='ltr'>,,Heri</span> <span class='ocrx_word' id='word_1_503' title='bbox 3521 5048 3675 5091; x_wconf 90' lang='lat' dir='ltr'>cum</span> <span class='ocrx_word' id='word_1_504' title='bbox 3710 5033 3789 5092; x_wconf 92' lang='lat' dir='ltr'>de</span> 
     </span>
    </p>
   </div>
   <div class='ocr_carea' id='block_1_46' title="bbox 362 5128 3791 5210">
    <p class='ocr_par' dir='ltr' id='par_1_46' title="bbox 362 5128 3791 5210">
     <span class='ocr_line' id='line_1_46' title="bbox 362 5128 3791 5210; baseline -0.001 -19"><span class='ocrx_word' id='word_1_505' title='bbox 362 5131 610 5210; x_wconf 89' lang='lat' dir='ltr'>psalmo</span> <span class='ocrx_word' id='word_1_506' title='bbox 652 5131 900 5191; x_wconf 89' lang='lat' dir='ltr'>decimo</span> <span class='ocrx_word' id='word_1_507' title='bbox 944 5136 1178 5210; x_wconf 92' lang='lat' dir='ltr'>quarto</span> <span class='ocrx_word' id='word_1_508' title='bbox 1220 5148 1583 5191; x_wconf 92' lang='lat' dir='ltr'>sermonem</span> <span class='ocrx_word' id='word_1_509' title='bbox 1624 5131 1799 5209; x_wconf 92' lang='lat' dir='ltr'>apud</span> <span class='ocrx_word' id='word_1_510' title='bbox 1840 5148 1959 5189; x_wconf 91' lang='lat' dir='ltr'>vos</span> <span class='ocrx_word' id='word_1_511' title='bbox 2000 5130 2405 5199; x_wconf 88' lang='lat' dir='ltr'>haberemus,</span> <span class='ocrx_word' id='word_1_512' title='bbox 2448 5128 2644 5189; x_wconf 84' lang='lat' dir='ltr'>ﬁnem</span> <span class='ocrx_word' id='word_1_513' title='bbox 2684 5128 2998 5190; x_wconf 90' lang='lat' dir='ltr'>orationis</span> <span class='ocrx_word' id='word_1_514' title='bbox 3037 5147 3167 5189; x_wconf 92' lang='lat' dir='ltr'>non</span> <span class='ocrx_word' id='word_1_515' title='bbox 3218 5128 3401 5189; x_wconf 90' lang='lat' dir='ltr'>licuit</span> <span class='ocrx_word' id='word_1_516' title='bbox 3442 5129 3634 5189; x_wconf 91' lang='lat' dir='ltr'>nobis</span> <span class='ocrx_word' id='word_1_517' title='bbox 3676 5147 3791 5209; x_wconf 88' lang='lat' dir='ltr'>per</span> 
     </span>
    </p>
   </div>
   <div class='ocr_carea' id='block_1_47' title="bbox 361 5226 3786 5309">
    <p class='ocr_par' dir='ltr' id='par_1_47' title="bbox 361 5226 3786 5309">
     <span class='ocr_line' id='line_1_47' title="bbox 361 5226 3786 5309; baseline -0 -20"><span class='ocrx_word' id='word_1_518' title='bbox 361 5234 621 5309; x_wconf 89' lang='lat' dir='ltr'>tempus</span> <span class='ocrx_word' id='word_1_519' title='bbox 667 5229 1031 5307; x_wconf 88' lang='lat' dir='ltr'>attingere”</span> <span class='ocrx_word' id='word_1_520' title='bbox 1077 5229 1261 5306; x_wconf 91' lang='lat' dir='ltr'>(P.G.</span> <span class='ocrx_word' id='word_1_521' title='bbox 1310 5229 1409 5301; x_wconf 90' lang='lat'>29,</span> <span class='ocrx_word' id='word_1_522' title='bbox 1458 5229 1579 5290; x_wconf 84' lang='lat'>264</span> <span class='ocrx_word' id='word_1_523' title='bbox 1627 5229 1717 5307; x_wconf 90' lang='lat' dir='ltr'>C).</span> <span class='ocrx_word' id='word_1_524' title='bbox 1750 5228 2019 5289; x_wconf 89' lang='lat' dir='ltr'>Garnier</span> <span class='ocrx_word' id='word_1_525' title='bbox 2050 5227 2557 5305; x_wconf 87' lang='lat' dir='ltr'>permovebatur</span> <span class='ocrx_word' id='word_1_526' title='bbox 2601 5245 2638 5288; x_wconf 88' lang='lat' dir='ltr'>a</span> <span class='ocrx_word' id='word_1_527' title='bbox 2686 5226 2841 5287; x_wconf 90' lang='lat' dir='ltr'>locis</span> <span class='ocrx_word' id='word_1_528' title='bbox 2869 5226 3188 5288; x_wconf 90' lang='lat' dir='ltr'>similibus</span> <span class='ocrx_word' id='word_1_529' title='bbox 3214 5226 3279 5287; x_wconf 93' lang='lat' dir='ltr'>in</span> <span class='ocrx_word' id='word_1_530' title='bbox 3314 5228 3786 5290; x_wconf 85' lang='lat' dir='ltr'>commentario</span> 
     </span>
    </p>
   </div>
   <div class='ocr_carea' id='block_1_48' title="bbox 363 5325 3786 5405">
    <p class='ocr_par' dir='ltr' id='par_1_48' title="bbox 363 5325 3786 5405">
     <span class='ocr_line' id='line_1_48' title="bbox 363 5325 3786 5405; baseline -0.001 -17"><span class='ocrx_word' id='word_1_531' title='bbox 363 5328 624 5389; x_wconf 87' lang='lat' dir='ltr'>Eusebii</span> <span class='ocrx_word' id='word_1_532' title='bbox 664 5326 1095 5389; x_wconf 90' lang='lat' dir='ltr'>Caesariensis</span> <span class='ocrx_word' id='word_1_533' title='bbox 1133 5328 1462 5398; x_wconf 88' lang='lat' dir='ltr'>inventis;</span> <span class='ocrx_word' id='word_1_534' title='bbox 1502 5327 1714 5399; x_wconf 92' lang='lat' dir='ltr'>hodie,</span> <span class='ocrx_word' id='word_1_535' title='bbox 1755 5345 1905 5387; x_wconf 93' lang='lat' dir='ltr'>cum</span> <span class='ocrx_word' id='word_1_536' title='bbox 1943 5326 2277 5405; x_wconf 91' lang='lat' dir='ltr'>cognitum</span> <span class='ocrx_word' id='word_1_537' title='bbox 2315 5325 2402 5384; x_wconf 92' lang='lat' dir='ltr'>sit</span> <span class='ocrx_word' id='word_1_538' title='bbox 2439 5326 2612 5385; x_wconf 92' lang='lat' dir='ltr'>hunc</span> <span class='ocrx_word' id='word_1_539' title='bbox 2650 5326 3042 5386; x_wconf 90' lang='lat' dir='ltr'>ementitum</span> <span class='ocrx_word' id='word_1_540' title='bbox 3083 5325 3441 5386; x_wconf 90' lang='lat' dir='ltr'>Eusebium</span> <span class='ocrx_word' id='word_1_541' title='bbox 3480 5331 3786 5387; x_wconf 89' lang='lat' dir='ltr'>catenam</span> 
     </span>
    </p>
   </div>
   <div class='ocr_carea' id='block_1_49' title="bbox 360 5422 3780 5503">
    <p class='ocr_par' dir='ltr' id='par_1_49' title="bbox 360 5422 3780 5503">
     <span class='ocr_line' id='line_1_49' title="bbox 360 5422 3780 5503; baseline -0.001 -17"><span class='ocrx_word' id='word_1_542' title='bbox 360 5444 500 5487; x_wconf 89' lang='lat' dir='ltr'>esse</span> <span class='ocrx_word' id='word_1_543' title='bbox 524 5446 558 5488; x_wconf 89' lang='lat' dir='ltr'>a</span> <span class='ocrx_word' id='word_1_544' title='bbox 583 5426 825 5488; x_wconf 88' lang='lat' dir='ltr'>Basilio</span> <span class='ocrx_word' id='word_1_545' title='bbox 857 5431 1275 5487; x_wconf 89' lang='lat' dir='ltr'>mutuantem</span> <span class='ocrx_word' id='word_1_546' title='bbox 1303 5426 1423 5503; x_wconf 85' lang='lat' dir='ltr'>(cir</span> <span class='ocrx_word' id='word_1_547' title='bbox 1453 5425 1692 5486; x_wconf 91' lang='lat' dir='ltr'>introd.</span> <span class='ocrx_word' id='word_1_548' title='bbox 1720 5443 1780 5503; x_wconf 94' lang='lat' dir='ltr'>p.</span> <span class='ocrx_word' id='word_1_549' title='bbox 1812 5425 1850 5484; x_wconf 92' lang='lat'>8</span> <span class='ocrx_word' id='word_1_550' title='bbox 1881 5425 1909 5499; x_wconf 91' lang='lat'>§</span> <span class='ocrx_word' id='word_1_551' title='bbox 1939 5424 2021 5501; x_wconf 89' lang='grc'>2),</span> <span class='ocrx_word' id='word_1_552' title='bbox 2059 5422 2346 5501; x_wconf 90' lang='lat' dir='ltr'>lepidum</span> <span class='ocrx_word' id='word_1_553' title='bbox 2364 5428 2466 5483; x_wconf 90' lang='lat' dir='ltr'>est</span> <span class='ocrx_word' id='word_1_554' title='bbox 2503 5424 2968 5484; x_wconf 90' lang='lat' dir='ltr'>annotationes</span> <span class='ocrx_word' id='word_1_555' title='bbox 3005 5423 3209 5502; x_wconf 88' lang='lat' dir='ltr'>legere</span> <span class='ocrx_word' id='word_1_556' title='bbox 3247 5424 3449 5503; x_wconf 90' lang='lat' dir='ltr'>ipsius</span> <span class='ocrx_word' id='word_1_557' title='bbox 3490 5424 3780 5493; x_wconf 86' lang='lat' dir='ltr'>Garnier,</span> 
     </span>
    </p>
   </div>
   <div class='ocr_carea' id='block_1_50' title="bbox 359 5521 3782 5603">
    <p class='ocr_par' dir='ltr' id='par_1_50' title="bbox 359 5521 3782 5603">
     <span class='ocr_line' id='line_1_50' title="bbox 359 5521 3782 5603; baseline -0.001 -17"><span class='ocrx_word' id='word_1_558' title='bbox 359 5526 523 5587; x_wconf 91' lang='lat' dir='ltr'>duas</span> <span class='ocrx_word' id='word_1_559' title='bbox 562 5525 969 5586; x_wconf 90' lang='lat' dir='ltr'>redactiones</span> <span class='ocrx_word' id='word_1_560' title='bbox 1008 5523 1350 5601; x_wconf 92' lang='lat' dir='ltr'>diligenter</span> <span class='ocrx_word' id='word_1_561' title='bbox 1390 5523 1831 5603; x_wconf 88' lang='lat' dir='ltr'>comparantis</span> <span class='ocrx_word' id='word_1_562' title='bbox 1872 5543 1885 5583; x_wconf 88' lang='lat'><strong>:</strong></span> <span class='ocrx_word' id='word_1_563' title='bbox 1930 5521 2327 5592; x_wconf 89' lang='lat' dir='ltr'>,,Videamus</span> <span class='ocrx_word' id='word_1_564' title='bbox 2366 5539 2537 5581; x_wconf 92' lang='lat' dir='ltr'>nunc</span> <span class='ocrx_word' id='word_1_565' title='bbox 2578 5522 2904 5599; x_wconf 91' lang='lat' dir='ltr'>quomodo</span> <span class='ocrx_word' id='word_1_566' title='bbox 2945 5521 3509 5601; x_wconf 88' lang='lat' dir='ltr'>pseudo-Basilius</span> <span class='ocrx_word' id='word_1_567' title='bbox 3548 5522 3782 5601; x_wconf 89' lang='lat' dir='ltr'>frigida</span> 
     </span>
    </p>
   </div>
   <div class='ocr_carea' id='block_1_51' title="bbox 359 5619 3780 5702">
    <p class='ocr_par' dir='ltr' id='par_1_51' title="bbox 359 5619 3780 5702">
     <span class='ocr_line' id='line_1_51' title="bbox 359 5619 3780 5702; baseline -0.002 -17"><span class='ocrx_word' id='word_1_568' title='bbox 359 5625 645 5702; x_wconf 87' lang='lat' dir='ltr'>quadarn</span> <span class='ocrx_word' id='word_1_569' title='bbox 689 5622 1048 5702; x_wconf 88' lang='lat' dir='ltr'>periphrasi</span> <span class='ocrx_word' id='word_1_570' title='bbox 1088 5640 1243 5683; x_wconf 91' lang='lat' dir='ltr'>mox</span> <span class='ocrx_word' id='word_1_571' title='bbox 1284 5622 1655 5684; x_wconf 89' lang='lat' dir='ltr'>Eusebiana</span> <span class='ocrx_word' id='word_1_572' title='bbox 1697 5620 2070 5699; x_wconf 86' lang='lat' dir='ltr'>ampliﬁcet,</span> <span class='ocrx_word' id='word_1_573' title='bbox 2114 5637 2269 5679; x_wconf 90' lang='lat' dir='ltr'>mox</span> <span class='ocrx_word' id='word_1_574' title='bbox 2308 5619 2538 5679; x_wconf 91' lang='lat' dir='ltr'>eadem</span> <span class='ocrx_word' id='word_1_575' title='bbox 2578 5620 2661 5679; x_wconf 90' lang='lat' dir='ltr'>ad</span> <span class='ocrx_word' id='word_1_576' title='bbox 2704 5620 2978 5680; x_wconf 89' lang='lat' dir='ltr'>verbum</span> <span class='ocrx_word' id='word_1_577' title='bbox 3018 5619 3347 5698; x_wconf 90' lang='lat' dir='ltr'>exprimat</span> <span class='ocrx_word' id='word_1_578' title='bbox 3498 5620 3780 5681; x_wconf 89' lang='lat' dir='ltr'>barbaro</span> 
     </span>
    </p>
   </div>
   <div class='ocr_carea' id='block_1_52' title="bbox 360 5713 3777 5800">
    <p class='ocr_par' dir='ltr' id='par_1_52' title="bbox 360 5713 3777 5800">
     <span class='ocr_line' id='line_1_52' title="bbox 360 5713 3777 5800; baseline -0.001 -19"><span class='ocrx_word' id='word_1_579' title='bbox 360 5721 666 5800; x_wconf 91' lang='lat' dir='ltr'>loquendi</span> <span class='ocrx_word' id='word_1_580' title='bbox 692 5737 922 5800; x_wconf 91' lang='lat' dir='ltr'>genere</span> <span class='ocrx_word' id='word_1_581' title='bbox 1046 5721 1215 5797; x_wconf 91' lang='lat' dir='ltr'>Quid</span> <span class='ocrx_word' id='word_1_582' title='bbox 1252 5725 1355 5781; x_wconf 91' lang='lat' dir='ltr'>est</span> <span class='ocrx_word' id='word_1_583' title='bbox 1382 5721 1522 5790; x_wconf 92' lang='lat' dir='ltr'>hoc,</span> <span class='ocrx_word' id='word_1_584' title='bbox 1553 5720 1676 5781; x_wconf 92' lang='lat' dir='ltr'>nisi</span> <span class='ocrx_word' id='word_1_585' title='bbox 1710 5713 2137 5799; x_wconf 83' lang='grc' dir='ltr'>βαρβαρίζειν,</span> <span class='ocrx_word' id='word_1_586' title='bbox 2166 5722 2234 5777; x_wconf 93' lang='lat' dir='ltr'>et</span> <span class='ocrx_word' id='word_1_587' title='bbox 2269 5718 2333 5777; x_wconf 92' lang='lat' dir='ltr'>in</span> <span class='ocrx_word' id='word_1_588' title='bbox 2370 5717 2616 5794; x_wconf 90' lang='lat' dir='ltr'>graecis</span> <span class='ocrx_word' id='word_1_589' title='bbox 2653 5716 2977 5778; x_wconf 87' lang='lat' dir='ltr'>balbutire</span> <span class='ocrx_word' id='word_1_590' title='bbox 3008 5717 3041 5778; x_wconf 75' lang='lat' dir='ltr'><strong><em>‘I</em></strong></span> <span class='ocrx_word' id='word_1_591' title='bbox 3175 5717 3487 5796; x_wconf 89' lang='lat' dir='ltr'>Scriptori</span> <span class='ocrx_word' id='word_1_592' title='bbox 3513 5717 3777 5787; x_wconf 88' lang='lat' dir='ltr'>excidit,</span> 
     </span>
    </p>
   </div>
   <div class='ocr_carea' id='block_1_53' title="bbox 361 5814 3779 5898">
    <p class='ocr_par' dir='ltr' id='par_1_53' title="bbox 361 5814 3779 5898">
     <span class='ocr_line' id='line_1_53' title="bbox 361 5814 3779 5898; baseline -0.002 -18"><span class='ocrx_word' id='word_1_593' title='bbox 361 5821 533 5898; x_wconf 91' lang='lat' dir='ltr'>quod</span> <span class='ocrx_word' id='word_1_594' title='bbox 568 5822 651 5881; x_wconf 92' lang='lat' dir='ltr'>ad</span> <span class='ocrx_word' id='word_1_595' title='bbox 686 5820 1156 5881; x_wconf 90' lang='lat' dir='ltr'>absolvendam</span> <span class='ocrx_word' id='word_1_596' title='bbox 1189 5819 1527 5898; x_wconf 90' lang='lat' dir='ltr'>periodum</span> <span class='ocrx_word' id='word_1_597' title='bbox 1561 5819 1798 5879; x_wconf 91' lang='lat' dir='ltr'>addere</span> <span class='ocrx_word' id='word_1_598' title='bbox 1831 5818 2147 5877; x_wconf 88' lang='lat' dir='ltr'>debuerat</span> <span class='ocrx_word' id='word_1_599' title='bbox 2282 5814 2467 5875; x_wconf 89' lang='lat' dir='ltr'>Certe</span> <span class='ocrx_word' id='word_1_600' title='bbox 2501 5832 2628 5893; x_wconf 92' lang='lat' dir='ltr'>quo</span> <span class='ocrx_word' id='word_1_601' title='bbox 2664 5815 2873 5893; x_wconf 89' lang='lat' dir='ltr'>magis</span> <span class='ocrx_word' id='word_1_602' title='bbox 2905 5816 3063 5877; x_wconf 89' lang='lat' dir='ltr'>haec</span> <span class='ocrx_word' id='word_1_603' title='bbox 3096 5816 3431 5875; x_wconf 91' lang='lat' dir='ltr'>considero</span> <span class='ocrx_word' id='word_1_604' title='bbox 3464 5834 3538 5875; x_wconf 92' lang='lat' dir='ltr'>eo</span> <span class='ocrx_word' id='word_1_605' title='bbox 3573 5816 3779 5894; x_wconf 88' lang='lat' dir='ltr'>magis</span> 
     </span>
    </p>
   </div>
   <div class='ocr_carea' id='block_1_54' title="bbox 358 5912 3771 5997">
    <p class='ocr_par' dir='ltr' id='par_1_54' title="bbox 358 5912 3771 5997">
     <span class='ocr_line' id='line_1_54' title="bbox 358 5912 3771 5997; baseline -0.001 -18"><span class='ocrx_word' id='word_1_606' title='bbox 358 5918 515 5979; x_wconf 90' lang='lat' dir='ltr'>mihi</span> <span class='ocrx_word' id='word_1_607' title='bbox 549 5920 929 5997; x_wconf 90' lang='lat' dir='ltr'>persuadeo,</span> <span class='ocrx_word' id='word_1_608' title='bbox 975 5918 1294 5978; x_wconf 90' lang='lat' dir='ltr'>Basilium</span> <span class='ocrx_word' id='word_1_609' title='bbox 1335 5917 1573 5977; x_wconf 90' lang='lat' dir='ltr'>rectius</span> <span class='ocrx_word' id='word_1_610' title='bbox 1606 5921 1673 5976; x_wconf 92' lang='lat' dir='ltr'>et</span> <span class='ocrx_word' id='word_1_611' title='bbox 1707 5915 2077 5976; x_wconf 88' lang='lat' dir='ltr'>locuturum</span> <span class='ocrx_word' id='word_1_612' title='bbox 2111 5912 2331 5983; x_wconf 83' lang='lat' dir='ltr'>fuisse,</span> <span class='ocrx_word' id='word_1_613' title='bbox 2367 5918 2433 5973; x_wconf 91' lang='lat' dir='ltr'>et</span> <span class='ocrx_word' id='word_1_614' title='bbox 2468 5913 2975 5990; x_wconf 90' lang='lat' dir='ltr'>cogitaturum.&quot;</span> <span class='ocrx_word' id='word_1_615' title='bbox 3010 5912 3131 5974; x_wconf 89' lang='lat' dir='ltr'>Vel</span> <span class='ocrx_word' id='word_1_616' title='bbox 3162 5913 3368 5975; x_wconf 88' lang='lat' dir='ltr'>etiam</span> <span class='ocrx_word' id='word_1_617' title='bbox 3403 5934 3417 5975; x_wconf 87' lang='lat'><strong>:</strong></span> <span class='ocrx_word' id='word_1_618' title='bbox 3456 5914 3598 5985; x_wconf 87' lang='lat' dir='ltr'>,,Ea</span> <span class='ocrx_word' id='word_1_619' title='bbox 3645 5933 3771 5975; x_wconf 88' lang='lat' dir='ltr'>non</span> 
     </span>
    </p>
   </div>
   <div class='ocr_carea' id='block_1_55' title="bbox 1900 6114 2233 6175">
    <p class='ocr_par' dir='ltr' id='par_1_55' title="bbox 1900 6114 2233 6175">
     <span class='ocr_line' id='line_1_55' title="bbox 1900 6114 2233 6175; baseline -0.003 -16"><span class='ocrx_word' id='word_1_620' title='bbox 1900 6114 2233 6175; x_wconf 78' lang='grc' dir='ltr'>...ιο-</span> 
     </span>
    </p>
   </div>
  </div>
