4008 6446
213 404 373 479 puto
419 398 678 477 reperiri
722 398 1082 477 quidquam
1122 414 1309 476 posse
1351 400 1467 457 aut
1509 396 1815 475 ineptius,
1860 401 1975 457 aut
2012 396 2187 474 quod
2225 414 2262 456 a
2299 412 2455 457 sana
2493 400 2712 455 mente
2746 396 2951 473 magis
2993 397 3407 460 abhorreat.”
3441 400 3623 474 (P.G.

212 499 312 568 29,
352 498 653 558 CXCVII
692 498 767 567 B,
804 496 1141 558 CXCVIII
1176 497 1233 556 A
1260 500 1326 555 et
1361 495 1451 571 C).
1502 494 1993 555 Ineluctabilem
2031 495 2179 554 vide
2207 494 2772 572 subjectivismum
2812 494 3069 556 criticae
3108 496 3420 567 internae,
3451 502 3624 579 apud

213 599 499 677 optimos
539 614 797 675 quoque
839 596 1055 655 viros!

380 698 438 756 2.
480 696 551 755 In
606 694 936 754 codicibus
989 692 1449 771 manuscriptis
1501 692 1802 753 homiliae
1854 710 2046 770 super
2099 691 2391 751 Psalmos
2442 709 2693 772 semper
2746 710 2895 751 cum
2946 693 3225 754 homiliis
3277 695 3627 758 moralibus

214 795 716 872 coniunguntur.
768 792 1078 853 Codicum
1124 790 1471 870 descriptio
1520 809 1595 852 ac
1641 790 2014 850 distributio
2064 792 2354 849 nondum
2401 790 2559 851 satis
2605 791 2963 869 processit;
3011 793 3249 864 studia,
3300 795 3625 858 laudanda

212 912 388 961 sane,
427 912 461 953 a
500 892 593 953 St.
632 892 712 951 Y.
753 892 1062 968 Rudberg
1096 894 1381 971 peracta,
1418 890 1548 951 iam
1581 894 1789 949 testes
1838 893 2251 949 recenserunt
2290 888 2423 966 (Cfr
2459 889 2824 958 RUDBERG,
2868 889 3193 951 Tradition
3229 896 3625 965 manuscrite,

215 1012 275 1071 p.
323 992 574 1052 53-120.
624 990 1087 1067 Unusquisque
1129 994 1330 1068 typus
1371 988 1589 1049 littera
1634 988 2011 1056 maiuscula,
2058 987 2501 1066 unusquisque
2545 989 2751 1047 codex
2792 1006 3059 1047 numero
3104 989 3359 1052 litterae
3402 994 3626 1053 addito

213 1110 249 1152 a
284 1091 594 1167 Rudberg
626 1088 1049 1167 designatur).
1083 1088 1365 1148 Ratione
1396 1086 1621 1148 habita
1653 1091 1917 1146 tantum
1949 1086 2027 1145 de
2058 1086 2279 1145 ordine
2312 1104 2438 1163 quo
2471 1104 2535 1145 se
2568 1090 2991 1164 praesentant
3022 1088 3343 1159 homiliae,
3377 1092 3629 1151 codices

214 1189 295 1251 ad
340 1187 711 1267 quindecim
752 1192 968 1265 typos,
1010 1186 1155 1265 plus
1196 1185 1493 1245 minusve
1533 1184 1855 1254 definitos,
1900 1185 2209 1261 Rudberg
2250 1185 2529 1243 reduxit.
2576 1184 2982 1263 Plerumque,
3026 1205 3099 1246 ac
3141 1190 3522 1266 praesertim
3563 1190 3625 1251 in

213 1294 376 1366 typo
419 1288 495 1357 Α,
541 1286 652 1364 qui
696 1285 1052 1347 maximam
1093 1284 1507 1345 diﬂusionem
1550 1302 1623 1344 ac
1665 1283 1888 1361 procul
1929 1283 2125 1342 dubio
2171 1298 2482 1359 magnum
2526 1288 2931 1343 momentum
2973 1284 3281 1355 obtinuit,
3327 1288 3627 1349 homiliae

213 1404 409 1465 super
452 1384 745 1445 Psalmos
788 1384 1010 1445 unitae
1053 1388 1321 1443 exstant
1363 1386 1563 1460 atque
1605 1381 1864 1441 initium
1908 1381 2302 1441 collectionis
2344 1381 2713 1451 eﬂormant,
2760 1380 3181 1443 collocatione
3225 1385 3487 1462 quidem
3530 1404 3629 1447 ra-

214 1484 513 1544 tionabili
553 1488 619 1542 et
658 1501 824 1561 quae
864 1482 1108 1542 scribas
1146 1481 1451 1542 alliceret.
1496 1480 1617 1540 Sed
1656 1480 1720 1539 in
1759 1480 1939 1557 typis
1977 1480 2037 1539 D
2075 1485 2140 1537 et
2182 1480 2254 1548 E,
2297 1479 2407 1555 qui
2447 1484 2733 1539 ceterum
2772 1480 3103 1541 archaicas
3141 1487 3334 1543 notas
3375 1502 3525 1561 prae
3564 1502 3630 1543 se

216 1583 456 1651 ferunt,
492 1581 755 1641 homilia
788 1599 980 1659 super
1012 1579 1347 1641 Psalmum
1384 1580 1406 1637 1
1448 1579 1510 1638 in
1544 1578 1757 1656 capite
1790 1577 2184 1637 collectionis
2215 1582 2470 1655 prostat
2500 1598 2513 1647 ;
2548 1581 2774 1655 postea
2808 1576 3079 1655 longius,
3114 1580 3305 1641 simul
3338 1600 3485 1641 cum
3518 1583 3630 1641 ho-

218 1681 409 1739 miliis
447 1698 633 1757 super
682 1679 960 1748 :livitias,
999 1678 1181 1738 venit
1217 1678 1498 1737 secunda
1538 1676 1799 1737 homilia
1838 1694 2030 1754 super
2066 1676 2169 1735 Ps.
2214 1676 2306 1744 14,
2347 1693 2511 1753 quae
2549 1676 2756 1753 reipsa
2795 1677 2873 1735 de
2912 1695 3103 1738 usura
3143 1684 3501 1756 pertractat
3536 1681 3626 1757 (in

217 1785 379 1856 typo
423 1779 480 1836 D
525 1778 729 1855 prima
772 1776 1035 1837 homilia
1076 1794 1268 1854 super
1307 1776 1584 1835 eundem
1634 1776 1961 1852 psalmum
2000 1775 2227 1833 eodem
2269 1774 2404 1832 loco
2446 1774 2755 1851 ponitur).
2800 1774 3064 1835 Ceterae
3103 1794 3295 1854 super
3336 1778 3629 1839 Psalmos

222 1876 523 1935 homiliae
559 1875 824 1935 inferius
859 1879 1214 1952 ponuntur,
1251 1879 1316 1932 et
1351 1873 1414 1932 in
1451 1873 1509 1933 D
1546 1872 1892 1951 bipertitae
1927 1871 2351 1931 inveniuntur
2383 1872 2446 1931 in
2484 1873 2645 1932 duas
2680 1873 2892 1941 series,
2931 1890 3206 1951 quarum
3240 1876 3446 1953 prima
3483 1896 3631 1936 con-

218 1980 354 2033 stat
382 1974 659 2033 Psalmis
684 1974 782 2042 59,
810 1973 907 2040 61,
941 1974 1057 2031 114
1082 1977 1146 2031 et
1177 1972 1312 2031 115.
1336 1971 1440 2046 (In
1468 1988 1731 2031 armena
1758 1970 2131 2029 collectione
2159 1969 2420 2029 homilia
2446 1970 2508 2028 in
2538 1970 2641 2029 Ps.
2674 1971 2747 2028 14
2771 1976 2921 2048 post
2946 1971 3277 2033 homiliam
3302 1974 3365 2033 in
3392 1975 3631 2033 divites

222 2072 423 2139 venit,
467 2077 539 2130 ut
576 2072 639 2130 in
677 2077 839 2149 typo
880 2072 953 2139 E,
993 2075 1058 2129 et
1095 2071 1175 2130 ab
1216 2069 1495 2129 homiliis
1530 2070 1594 2128 in
1634 2069 1737 2128 Ps.
1782 2070 1833 2137 1,
1859 2068 1957 2137 59,
1983 2068 2081 2136 61,
2128 2070 2241 2127 114
2277 2073 2342 2126 et
2384 2067 2499 2127 115
2535 2073 2755 2128 secuta
2792 2073 2911 2138 est,
2950 2069 3078 2128 fere
3117 2076 3189 2129 ut
3226 2070 3288 2131 in
3326 2078 3486 2151 typo
3526 2074 3628 2143 D;

222 2171 303 2230 cf.
332 2171 430 2229 W.
465 2172 837 2237 DRIESSEN,
875 2165 1003 2248 [0.c.
1034 2186 1226 2246 supra
1267 2168 1329 2227 in
1378 2168 1621 2227 Introd.
1654 2186 1712 2245 p.
1744 2167 1800 2235 3,
1823 2165 1997 2248 n.4,]
2042 2185 2102 2244 p.
2134 2166 2370 2243 75-76.)
2399 2166 2575 2225 Haec
2602 2167 2992 2228 documenta
3033 2168 3320 2245 profecto
3359 2170 3630 2249 vestigia

223 2270 512 2328 referunt
559 2266 946 2345 antiquioris
992 2265 1407 2336 condicionis,
1456 2284 1622 2344 quae
1669 2264 1891 2344 procul
1936 2264 2133 2325 dubio
2178 2265 2347 2324 sinet
2393 2265 2723 2343 quondam
2770 2264 3012 2342 aliquid
3060 2267 3217 2326 certi
3262 2268 3631 2345 dignoscere

222 2368 387 2427 circa
425 2367 735 2427 adiuncta
773 2364 1264 2443 compositionis
1299 2382 1373 2425 ac
1409 2364 1718 2443 pristinae
1754 2363 2077 2423 editionis.
2123 2364 2387 2423 Interim
2424 2363 2726 2422 lectorem
2762 2363 2899 2441 ipsa
2937 2370 3203 2424 monent
3239 2384 3311 2426 ac
3346 2366 3632 2428 invitant

223 2466 304 2525 ad
342 2465 879 2541 distinguendum
912 2464 1081 2522 inter
1114 2463 1404 2523 diversas
1438 2461 1757 2523 homilias.

392 2562 450 2621 3.
486 2561 639 2621 Plus
672 2580 869 2639 quam
908 2561 1024 2621 150
1054 2560 1494 2638 manuscripta
1532 2564 1795 2620 exstant
1829 2561 1905 2618 de
1940 2559 2216 2618 homiliis
2248 2577 2439 2637 super
2461 2559 2771 2619 Psalmos.
2800 2560 3102 2638 Princeps
3126 2561 3379 2621 Erasmi
3410 2562 3630 2633 editio,

227 2660 525 2719 Basilcae
582 2659 756 2727 1532,
807 2659 1324 2736 manuscriptum
1372 2658 1643 2718 resumit
1689 2676 1721 2717 e
1770 2662 1929 2735 typo
1979 2658 2054 2726 A,
2103 2662 2259 2716 tunc
2309 2657 2735 2716 bibliothecae
2784 2657 3232 2734 Tubingensis,
3282 2678 3451 2720 nunc
3498 2660 3635 2720 Mo-

224 2760 521 2819 nacensis
548 2774 639 2835 gr.
678 2758 784 2817 141
816 2757 1008 2835 (saec.
1042 2757 1152 2833 X),
1191 2756 1456 2835 eiusque
1492 2762 1715 2816 textus
1744 2756 1976 2834 dignus
2005 2762 2106 2815 est
2135 2756 2243 2833 qui
2273 2774 2523 2834 semper
2559 2757 2962 2816 attendatur.
2997 2757 3230 2826 ,,Hanc
3258 2758 3631 2829 editionem,

223 2857 437 2934 inquit
473 2856 761 2925 Garnier,
796 2873 1048 2933 semper
1078 2856 1160 2915 ob
1194 2854 1411 2914 oculos
1443 2854 1661 2924 habui,
1696 2873 1776 2913 ex
1807 2873 2010 2932 eaque
2043 2854 2355 2915 adnotavi
2388 2855 2601 2915 varias
2633 2854 2941 2913 lectiones
2974 2874 3099 2914 non
3133 2856 3421 2933 paucas"
3449 2856 3631 2933 (P.G.

226 2955 326 3025 29,
370 2940 778 3015 CLXXVIII
818 2954 917 3030 A).
960 2953 1250 3013 Editioni
1292 2953 1635 3013 Parisiensi
1674 2954 1825 3013 anni
1870 2952 2026 3012 1618
2064 2952 2205 3012 usui
2242 2952 2508 3012 fuerunt
2544 2954 3004 3012 tantummodo
3044 2954 3440 3015 variationes
3477 2973 3635 3015 non-

225 3053 439 3113 nullae
470 3072 505 3113 a
538 3054 617 3111 R.
652 3052 1058 3113 Montacutio
1089 3051 1380 3111 adiectae
1410 3070 1490 3110 ex
1520 3070 1647 3111 uno
1679 3051 1783 3110 vel
1813 3052 2066 3111 duobus
2096 3051 2555 3129 manuscriptis
2585 3050 2850 3127 anglicis
2879 3070 3006 3111 non
3038 3052 3334 3129 cognitis.
3368 3052 3636 3114 Garnier

221 3156 487 3211 textum
518 3169 709 3209 suum
740 3150 959 3209 educit
989 3168 1021 3209 e
1057 3149 1131 3209 15
1162 3149 1641 3227 manuscriptis,
1675 3168 1953 3227 quorum
1983 3168 2061 3209 en
2093 3148 2395 3209 elenchus
2428 3167 2574 3209 cum
2605 3149 2931 3210 hodiernis
2962 3151 3265 3221 numeris,
3298 3156 3536 3221 aetate,
3569 3155 3635 3212 et

222 3249 651 3309 collocatione
687 3248 871 3309 iuxta
911 3246 1376 3325 rudbergianos
1412 3252 1608 3326 typos
1648 3267 1660 3306 :

370 3397 571 3455 Regius
604 3398 622 3441 1
653 3398 823 3451 (nunc
855 3396 1022 3443 Paris.
1054 3408 1128 3455 gr.
1159 3396 1300 3455 476),
1330 3408 1467 3442 saec.
1500 3396 1572 3452 X,
1604 3395 1706 3443 D4.

369 3468 571 3526 Regius
601 3467 630 3513 2
654 3479 824 3523 (nunc
856 3467 1023 3513 Paris.
1054 3478 1129 3525 gr.
1160 3468 1302 3523 480),
1332 3480 1451 3513 saec
1482 3467 1554 3522 X,
1586 3467 1685 3514 O2.

370 3540 573 3597 Regius
601 3539 631 3585 3
654 3542 826 3596 (nunc
858 3539 1025 3585 Paris.
1056 3550 1131 3597 gr.
1163 3540 1303 3595 481),
1334 3551 1471 3585 saec.
1504 3538 1606 3594 XI,
1635 3541 1792 3585 extra
1822 3539 2029 3586 seriem.

370 3611 571 3669 Regius
600 3612 629 3655 4
654 3611 823 3668 (nunc
856 3610 1024 3657 Paris.
1054 3622 1130 3669 gr.
1161 3610 1261 3657 487
1290 3625 1301 3666 ;
1331 3610 1575 3669 optimae
1602 3613 1785 3666 notae,
1814 3610 1947 3656 dicit
1976 3610 2244 3669 Garnier),
2273 3623 2410 3657 saec.
2444 3610 2546 3666 XI,
2579 3611 2676 3658 O4.

367 3682 572 3741 Regius
600 3682 629 3727 5
654 3684 824 3739 (nunc
856 3682 1025 3728 Paris.
1056 3694 1130 3739 gr.
1162 3682 1304 3737 488),
1334 3694 1471 3728 saec.
1504 3680 1638 3736 XII,
1668 3681 1765 3729 G6.

369 3753 571 3808 Regius
600 3753 629 3799 6
653 3754 823 3809 (nunc
856 3753 1022 3799 Paris.
1053 3764 1127 3809 gr.
1158 3753 1301 3811 485),
1330 3765 1467 3799 saec.
1500 3752 1603 3807 XI,
1633 3752 1728 3799 L3.

369 3824 714 3872 Colbertinus
747 3825 765 3869 1
796 3826 966 3881 (nunc
997 3824 1164 3871 Paris.
1195 3837 1270 3883 gr.
1302 3825 1443 3883 486),
1474 3836 1610 3871 saec.
1644 3824 1777 3879 XII,
1806 3824 1889 3871 08.

374 3895 713 3942 Colbertinus
752 3895 782 3941 2
816 3896 985 3951 (nunc
1026 3896 1193 3942 Paris.
1235 3908 1310 3951 gr.
1352 3896 1492 3954 497),
1532 3896 1766 3955 scriptus
1805 3908 1949 3941 anno
1988 3895 2089 3941 970
2128 3896 2180 3941 in
2221 3895 2549 3954 captivitate
2588 3896 2640 3941 in
2681 3895 2864 3942 Africa
2905 3895 3332 3954 Septentrionali
3370 3910 3402 3944 a
3439 3897 3637 3945 Niceta

374 3967 696 4012 isnathario.
729 3966 823 4012 F1.

225 3967 696 4026 protospathario,
729 3967 823 4013 F1.

372 4038 715 4086 Colbertinus
743 4037 774 4085 3
797 4039 968 4095 (nunc
999 4038 1165 4084 Paris.
1195 4049 1271 4096 gr.
1302 4038 1447 4097 484),
1476 4049 1614 4084 saec.
1648 4037 1718 4093 X,
1748 4036 1839 4085 C2.

371 4110 715 4157 Colbertinus
742 4110 772 4155 4
797 4112 967 4166 (nunc
999 4109 1165 4155 Paris.
1195 4120 1271 4168 gr.
1302 4110 1404 4157 498
1431 4123 1443 4165 ;
1472 4109 1715 4169 optimae
1743 4112 1927 4165 notae,
1956 4109 2089 4155 dicit
2117 4108 2384 4167 Garnier),
2413 4122 2549 4156 saec.
2582 4109 2685 4165 XI,
2716 4108 2815 4156 D9.

373 4180 714 4228 Colbertinus
743 4181 772 4227 5
796 4182 966 4237 (nunc
998 4181 1164 4227 Paris.
1194 4192 1269 4237 gr.
1301 4180 1444 4237 482),
1474 4192 1611 4228 saec.
1644 4180 1747 4236 XI,
1779 4180 1882 4227 K3.

370 4252 715 4299 Colbertinus
744 4252 772 4301 6
796 4254 968 4309 (nunc
999 4252 1165 4299 Paris.
1196 4264 1271 4310 gr.
1302 4253 1447 4309 483),
1476 4264 1612 4299 saec.
1646 4252 1748 4307 XI,
1777 4255 1935 4299 extra
1963 4253 2172 4299 seriem.

372 4324 714 4371 Colbertinus
744 4324 772 4369 7
798 4326 969 4381 (nunc
998 4324 1165 4370 Paris.
1196 4336 1270 4381 gr.
1302 4323 1444 4381 962),
1474 4336 1611 4370 saec.
1644 4323 1797 4378 XIV,
1830 4324 1929 4371 B4.

372 4395 713 4443 Colbertinus
742 4396 771 4441 8
795 4398 966 4453 (nunc
996 4396 1162 4443 Paris.
1193 4407 1268 4452 gr.
1298 4397 1438 4454 491),
1468 4408 1604 4442 saec.
1639 4394 1969 4450 XIII—XIV,
1998 4396 2324 4441 coniunctus
2352 4407 2477 4441 cum
2506 4396 2553 4441 Α
2581 4397 2642 4441 ut
2671 4394 2907 4442 videtur.

370 4466 730 4515 Coislinianus
753 4469 923 4526 (nunc
952 4466 1108 4514 Coisl.
1139 4466 1240 4515 230
1266 4482 1277 4524 ;
1308 4466 1772 4523 mendosissimus,
1802 4467 1879 4514 ait
1910 4466 2177 4525 Garnier),
2208 4478 2346 4514 saec.
2382 4466 2563 4523 IX-X,
2595 4466 2700 4513 M5.

393 4604 550 4663 Fere
584 4623 808 4664 omnes
842 4604 905 4664 hi
939 4605 1191 4664 codices
1224 4609 1440 4665 aetate
1472 4608 1625 4664 sunt
1658 4604 2068 4683 spectabiles.
2105 4604 2336 4665 Gravis
2371 4609 2569 4683 typus
2602 4605 2678 4673 A,
2722 4606 2884 4683 proh
2926 4605 3128 4675 dolor,
3173 4624 3300 4667 non
3334 4611 3628 4685 apparet,

225 4702 350 4762 nisi
392 4703 455 4761 in
500 4703 783 4762 editione
826 4702 1114 4780 principe
1156 4708 1221 4762 et
1264 4702 1541 4763 fortasse
1584 4703 1647 4762 in
1694 4702 2061 4763 Colbertino
2106 4702 2163 4763 8.
2213 4702 2274 4763 Si
2316 4708 2487 4763 recte
2530 4708 2595 4762 et
2638 4703 2797 4763 satis
2838 4721 2989 4764 suas
3030 4704 3331 4781 optiones
3374 4705 3642 4767 Garnier

228 4801 599 4871 adnotavit,
640 4801 776 4879 ipse
816 4800 1109 4878 sequitur
1148 4801 1365 4879 potius
1408 4801 1503 4861 O4
1542 4806 1608 4860 et
1647 4801 1791 4871 D9;
1835 4801 2060 4879 utique
2098 4806 2299 4879 typus
2341 4802 2414 4871 Ο,
2457 4802 2636 4861 cuius
2676 4806 3082 4862 momentum
3123 4803 3417 4863 nondum
3454 4803 3640 4882 plene

228 4899 661 4977 cognoscitur,
711 4918 838 4959 non
885 4899 1077 4959 nimis
1122 4904 1344 4959 autem
1389 4899 1597 4977 urgeri
1642 4900 1857 4969 debet,
1906 4916 2217 4977 magnum
2262 4900 2494 4960 habuit
2538 4901 2793 4979 pondus
2836 4900 2900 4960 in
2947 4901 3405 4961 constituendo
3454 4906 3641 4962 textu

229 4997 547 5057 maurino.

396 5096 453 5155 4.
490 5095 682 5156 Nulla
720 5100 938 5155 exstat
976 5096 1385 5156 homiliarum
1421 5114 1612 5174 super
1648 5096 1939 5157 Psalmos
1975 5095 2184 5155 versio
2222 5096 2550 5166 hodierna,
2577 5115 2691 5155 nec
2727 5115 2958 5175 parum
2993 5096 3365 5167 dolendum,
3391 5098 3541 5176 quia
3577 5097 3641 5157 in

226 5193 353 5253 illis
383 5194 663 5255 maxime
695 5194 1027 5253 invenitur
1056 5194 1357 5264 Basilius,
1390 5200 1463 5253 ut
1492 5194 1584 5255 ita
1616 5195 1848 5263 dicam,
1882 5193 2043 5253 alius
2075 5195 2403 5271 Origenes,
2437 5195 2624 5272 quasi
2654 5195 2968 5273 mysticus
2998 5216 3011 5264 ;
3044 5214 3171 5255 non
3204 5196 3469 5257 moralia
3500 5200 3644 5256 tan-

230 5298 395 5362 tum,
430 5311 545 5351 nec
578 5292 1023 5371 philosophica
1058 5292 1345 5369 loquitur
1374 5314 1386 5362 ;
1422 5312 1548 5352 non
1582 5292 2227 5371 circumspectionem
2261 5312 2374 5351 nec
2406 5294 2824 5353 severitatem
2856 5294 3145 5353 ostendit
3178 5312 3305 5371 qua
3338 5294 3642 5372 pleraque

229 5390 365 5449 eius
408 5409 600 5468 opera
645 5391 925 5451 ascetica
970 5390 1258 5468 pollent;
1303 5391 1413 5449 sed
1458 5392 1537 5450 de
1578 5391 1737 5460 Deo,
1784 5392 1860 5450 de
1905 5391 2182 5461 Christo,
2228 5392 2305 5450 de
2359 5390 2668 5461 Ecclesia,
2724 5392 2800 5450 de
2853 5391 3274 5453 sacramentis
3327 5391 3642 5453 mirabilia

228 5489 520 5565 exponit.
564 5488 733 5548 Scire
770 5488 1003 5547 vellem
1040 5489 1275 5566 quibus
1313 5488 1645 5567 discipulis
1682 5488 1982 5550 homiliae
2019 5507 2210 5567 super
2246 5489 2539 5549 Psalmos
2576 5489 2674 5558 28,
2714 5489 2812 5558 29,
2851 5490 2951 5559 32,
2989 5490 3089 5560 33,
3126 5490 3226 5559 44,
3266 5490 3344 5549 48
3381 5488 3643 5550 habitae

230 5592 404 5654 sunt,
444 5592 509 5645 et
548 5605 674 5664 quo
713 5586 979 5645 deﬁnito
1020 5586 1195 5647 vitae
1231 5586 1455 5646 Basilii
1492 5592 1804 5665 tempore.
1844 5623 1921 5628 —-
1960 5587 2391 5647 Homiliarum
2428 5588 2489 5646 in
2530 5587 2635 5645 Ps.
2681 5588 2703 5645 1
2747 5592 2809 5645 et
2849 5588 2910 5646 in
2952 5588 3057 5647 Ps.
3096 5588 3175 5647 59
3210 5588 3399 5647 adest
3435 5588 3643 5647 versio

230 5686 501 5761 antiqua
545 5684 783 5753 Ruﬁni,
810 5686 991 5744 cuius
1014 5689 1272 5744 textum
1310 5685 1600 5745 invenies
1648 5687 1709 5745 in
1766 5686 1835 5744 P.
1880 5684 1953 5745 G.
1992 5686 2093 5754 31,
2138 5685 2487 5745 1723-1733
2524 5690 2591 5744 et
2635 5684 2984 5745 1790-1794
3018 5685 3153 5763 (Cfr
3197 5686 3441 5745 Introd.
3483 5704 3542 5764 p.
3584 5686 3642 5754 3,

232 5785 260 5859 §
300 5783 405 5852 IV,
442 5803 502 5842 η.
537 5783 619 5858 8).
