4008 6448
819 538 889 611 8.
927 537 1138 611 Libri
1174 537 1539 611 adversus
1577 539 2047 612 Eunomium
2079 539 2308 636 (circa
2345 541 2514 638 363)
2564 541 2783 638 (P.G.
2819 542 2942 630 29,
2975 543 3358 640 495-768).

557 716 610 776 1.
646 713 1025 794 Disputatio
1064 715 1376 776 adversus
1415 715 1833 787 Eunomium,
1873 715 2170 778 arianum
2208 722 2574 778 extremum
2611 722 2679 779 et
2715 717 3238 798 peripateticum,
3279 719 3500 799 potius
3538 722 3814 782 techno-

388 814 607 894 logum
638 819 838 892 quam
868 811 1267 892 theologum,
1299 813 1364 874 in
1397 813 1537 893 ipso
1568 813 1754 875 initio
1787 814 2154 877 litterarum
2186 833 2410 877 cursus
2443 815 2668 880 Basilii
2700 815 3073 879 collocatur.
3108 817 3391 880 Basilius
3421 819 3562 898 ipse
3595 820 3676 881 de
3713 820 3815 880 his

387 911 567 975 libris
610 911 898 991 loquitur
940 911 1004 972 in
1051 911 1324 991 epistola
1370 912 1451 973 20
1493 931 1730 991 eosque
1775 932 1902 974 non
1948 914 2146 975 semel
2190 919 2530 986 memorat,
2576 914 2994 995 potissimum
3036 916 3101 977 in
3148 917 3412 996 prologo
3459 919 3587 989 ,,de
3633 918 3811 979 fide"

385 1011 689 1092 operibus
718 1009 1014 1071 asceticis
1043 1009 1267 1070 addito
1295 1010 1480 1088 (P.G.
1513 1011 1612 1081 31,
1644 1011 1764 1071 677
1795 1011 1871 1083 B;
1904 1012 1997 1072 cfr
2025 1013 2226 1074 etiam
2256 1013 2566 1092 epistolas
2595 1013 2674 1075 25
2703 1018 2771 1074 et
2799 1014 2940 1084 223,
2972 1014 3056 1092 5).
3089 1014 3433 1094 Gregorius
3463 1016 3815 1095 Nyssenus

384 1113 452 1171 et
478 1109 919 1188 Hieronymus
943 1125 1106 1188 opus
1131 1113 1666 1180 commemorant,
1695 1109 2160 1182 Theodoretus,
2187 1111 2500 1174 Leontius
2524 1111 2937 1191 Byzantinus
2961 1117 3028 1173 et
3055 1112 3329 1175 Severus
3351 1114 3816 1176 Antiochenus

383 1226 467 1270 ex
498 1207 940 1268 eodemrlocos
973 1206 1284 1269 referunt.

591 1306 652 1366 2.
686 1304 885 1366 Primi
924 1309 1060 1366 tres
1099 1304 1244 1366 libri
1285 1306 1638 1368 dumtaxat
1677 1306 2042 1368 authentici
2080 1311 2257 1369 sunt.
2307 1307 2444 1370 Iam
2485 1308 2799 1371 Erasmus
2837 1327 2921 1370 ex
2959 1309 3164 1372 latina
3204 1309 3501 1370 versione
3545 1310 3812 1389 Georgii

384 1403 851 1485 Trapezuntini
877 1404 1266 1482 ﬂagrantem
1294 1408 1644 1466 notaverat
1671 1403 2110 1467 diﬁerentiam
2139 1423 2306 1485 quae
2333 1406 2506 1486 stylo
2535 1411 2604 1467 et
2631 1407 2942 1467 methodo
2971 1407 3170 1468 libros
3204 1407 3292 1467 IV
3320 1411 3387 1467 et
3416 1407 3473 1466 V
3504 1426 3540 1468 a
3572 1410 3813 1469 ceteris

392 1506 673 1582 separat.
709 1501 1049 1580 (Erasmus
1086 1519 1120 1561 a
1163 1500 1432 1563 Garnier
1463 1501 1645 1578 (P.G.
1685 1501 1784 1574 29,
1825 1502 2166 1565 CCXXXI
2202 1504 2285 1581 Α)
2321 1507 2388 1564 et
2425 1504 2507 1566 ab
2545 1503 2849 1566 omnibus
2886 1508 3117 1584 utpote
3153 1505 3568 1567 adversarius
3608 1507 3813 1568 datur

384 1599 914 1664 authenticitatis
949 1599 1261 1660 librorum
1304 1599 1390 1660 IV
1427 1604 1494 1660 et
1530 1600 1586 1660 V
1623 1601 1934 1662 adversus
1972 1601 2390 1672 Eunomium,
2429 1620 2619 1663 nemo
2656 1606 2880 1664 tamen
2916 1602 3086 1664 illius
3122 1602 3338 1663 locum
3373 1603 3648 1674 indicat,
3688 1623 3810 1665 nec

384 1699 746 1780 quidquam
787 1697 1008 1758 inveni
1047 1697 1112 1758 in
1154 1697 1325 1758 illius
1367 1698 1768 1777 praefatione
1810 1699 2114 1760 editionis
2154 1699 2546 1761 Basileensis
2586 1700 2740 1762 anni
2785 1699 2964 1761 1532.
3008 1700 3492 1762 Praefationem
3534 1704 3620 1763 ad
3664 1721 3810 1762 ver-

383 1797 635 1857 sionem
660 1795 934 1857 latinam
957 1799 1284 1875 tractatus
1309 1796 1388 1856 de
1415 1795 1659 1875 Spiritu
1687 1797 1924 1859 Sancto
1947 1797 2291 1874 (Basileae,
2323 1797 2506 1876 1532)
2531 1797 2860 1859 consulere
2883 1816 3015 1859 non
3041 1797 3248 1877 potui,
3277 1817 3426 1859 cum
3450 1799 3515 1859 in
3545 1801 3808 1860 duobus

387 1894 869 1974 exemplaribus
909 1893 1356 1956 Bibliothecae
1395 1893 1755 1957 Vaticanae
1794 1895 1963 1956 illius
2005 1914 2241 1957 nomen
2283 1896 2629 1974 vigilanter
2666 1913 2926 1957 erasum
2965 1895 3072 1966 sit,
3115 1896 3178 1956 in
3223 1896 3448 1957 odium
3491 1899 3806 1968 auctoris,

382 1998 451 2054 et
482 1993 635 2055 folia
669 1991 1093 2072 praefationis
1125 1992 1352 2053 avulsa
1386 1992 1561 2070 sint).
1599 1992 1818 2054 Editio
1853 1993 2150 2074 princeps
2179 1993 2516 2072 (Venetiis,
2545 1994 2726 2072 1535)
2750 1999 2886 2055 tres
2917 1994 3160 2073 primos
3185 1993 3380 2054 libros
3411 1995 3585 2055 solos
3607 1996 3807 2057 habe-

385 2092 530 2162 bat;
560 2096 912 2170 sequentes
939 2089 1177 2151 adiecti
1205 2096 1358 2150 sunt
1387 2108 1424 2151 a
1455 2090 1516 2151 J.
1543 2090 1846 2152 Cornario
1876 2091 1940 2152 in
1963 2092 2314 2152 reeditione
2344 2092 2519 2170 apud
2541 2092 2868 2153 Basileam
2894 2091 3046 2152 1551
3077 2111 3092 2162 ;
3122 2091 3186 2152 in
3217 2091 3549 2153 codicibus
3576 2099 3805 2155 autem

381 2189 647 2267 graecis,
693 2188 895 2250 etiam
937 2188 1002 2248 in
1048 2187 1171 2248 illis
1215 2188 1327 2267 qui
1370 2188 1749 2250 Venetianis
1791 2187 2149 2251 editoribus
2193 2195 2453 2269 praesto
2497 2189 2784 2260 fuerunt,
2829 2189 2974 2250 libri
3018 2190 3306 2269 quinque
3349 2189 3802 2254 inveniuntur.

385 2287 654 2350 Garnier
695 2287 936 2365 pariter
977 2287 1552 2348 authenticitatem
1592 2286 1904 2348 librorum
1953 2288 2038 2348 IV
2080 2293 2147 2348 et
2189 2288 2244 2346 V
2287 2288 2702 2368 impugnavit
2740 2288 2839 2366 (P.
2886 2287 2960 2349 G.
3005 2287 3105 2358 29,
3149 2287 3802 2368 CCXXXI-CCXL).

383 2385 549 2446 F.X.
584 2384 778 2446 Funk
810 2384 1068 2445 criticae
1100 2384 1394 2445 internae
1426 2384 1644 2446 allatis
1676 2386 2397 2447 causisdemonstravit
2429 2385 2625 2446 libros
2664 2386 2750 2447 IV
2782 2391 2850 2447 et
2881 2386 2960 2456 V,
2994 2386 3209 2448 adhuc
3240 2385 3578 2458 indivisos,
3613 2389 3805 2450 effor-

383 2501 561 2546 mare
597 2483 883 2563 primum
916 2482 1155 2543 librum
1190 2483 1292 2543 cui
1327 2483 1677 2544 remittunt
1712 2501 1906 2563 opera
1943 2484 2023 2544 de
2057 2483 2379 2546 Trinitate
2413 2489 2481 2544 et
2515 2485 2595 2544 de
2633 2483 2877 2563 Spiritu
2913 2483 3156 2545 Sancto
3191 2502 3228 2545 a
3263 2483 3556 2563 Didymo
3594 2485 3801 2547 Caeco

383 2586 653 2644 exarata
690 2581 826 2659 (Cfr
863 2580 1029 2641 F.X.
1071 2580 1297 2650 FUNK,
1339 2580 2076 2660 Kirchengeschichlliche
2113 2580 2614 2660 Abhandlungen
2656 2580 2788 2642 und
2833 2581 3385 2660 Unlersuchungen
3432 2582 3517 2652 II,
3561 2583 3804 2644 Pader-

384 2681 649 2750 bornae,
698 2678 875 2749 1899,
918 2695 996 2757 p..
1023 2677 1297 2740 291-329
1335 2682 1402 2738 et
1447 2678 1568 2749 ΙΙΙ,
1616 2677 1794 2749 1907,
1836 2697 1898 2758 p.
1939 2678 2259 2757 311-323).
2300 2679 2688 2759 Nuperrime
2726 2678 3063 2740 dubitavit
3091 2678 3162 2740 L.
3194 2678 3678 2742 DOUTRELEAU
3719 2700 3801 2742 an

389 2795 616 2856 reapse
655 2776 980 2855 Didymus
1019 2775 1256 2836 librum
1296 2777 1376 2836 de
1415 2776 1737 2839 Trinitate
1777 2777 2228 2856 conscripserit
2269 2797 2281 2838 :
2323 2777 2411 2838 Le
2448 2776 2544 2838 De
2587 2776 2894 2838 Trinitate
2932 2776 3096 2838 esi-il
3131 2775 3380 2838 l’ceuvre
3416 2776 3489 2836 de
3528 2777 3806 2857 Didyme

386 2874 683 2954 l’aveugle
707 2875 737 2935 ?
765 2875 830 2936 in
860 2873 1227 2935 Recherches
1254 2873 1328 2935 de
1357 2873 1606 2936 Science
1635 2874 2003 2953 Religieuse,
2036 2875 2236 2946 XLV,
2273 2875 2452 2947 1957,
2484 2893 2545 2954 p.
2577 2873 2871 2936 514-557.
2910 2873 3106 2935 Istius
3134 2874 3280 2935 libri
3309 2875 3568 2936 dicendi
3597 2893 3804 2954 genus

385 2976 469 3036 ab
495 2992 613 3035 usu
639 2973 909 3052 Didymi
930 2973 996 3033 in
1019 2972 1208 3034 novis
1229 2972 1556 3052 opusculis
1577 2973 1642 3033 in
1665 2973 1836 3034 Tura
1860 2974 2146 3034 inventis
2168 2974 2464 3044 distaret,
2490 2974 2664 3052 quod
2689 2972 3173 3034 discutiendum
3193 2973 3317 3033 erit
3339 2975 3604 3052 quando
3630 2994 3803 3036 nova

383 3071 695 3151 opuscula
734 3071 1031 3132 edentur.
1071 3069 1471 3132 Doutreleau
1510 3088 1836 3149 nusquam
1873 3071 2070 3133 libros
2107 3072 2418 3134 adversus
2458 3070 2857 3132 Eunomium
2893 3070 3180 3140 invocat,
3220 3088 3337 3131 nec
3374 3071 3801 3133 eruditissimi

386 3169 506 3230 viri
549 3169 714 3230 F.X.
761 3168 954 3230 Funk
994 3168 1337 3240 meminit;
1382 3169 1540 3230 dum
1584 3174 1802 3230 autem
1849 3169 2087 3230 librum
2130 3170 2209 3230 de
2253 3169 2495 3249 Spiritu
2541 3169 2805 3239 Sancto,
2849 3168 3026 3247 quod
3069 3166 3356 3246 Didymo
3400 3170 3626 3247 negari
3672 3190 3800 3231 non

382 3272 622 3347 potest,
651 3266 912 3329 affinem
936 3284 1078 3327 esse
1102 3265 1264 3327 libro
1291 3267 1370 3327 de
1395 3266 1717 3328 Trinitate
1744 3267 2039 3327 concedit
2061 3268 2149 3346 (p.
2179 3267 2343 3345 555),
2371 3266 2626 3330 imitare
2653 3267 2824 3327 hunc
2850 3266 3088 3327 librum
3115 3265 3384 3344 Didymi
3408 3275 3800 3345 argumenta

382 3366 640 3445 probari
688 3381 876 3444 posse
923 3363 1226 3426 afﬁrmat.
1283 3365 1549 3425 Interim
1595 3364 1660 3426 in
1719 3365 1916 3426 dubio
1973 3365 2390 3445 relinquenda
2452 3369 2605 3426 sunt
2653 3365 2871 3427 omnia
2917 3364 3068 3425 ista.
3127 3363 3189 3425 J.
3247 3364 3470 3424 Lebon
3527 3367 3801 3427 tandem

383 3463 710 3543 syriacum
739 3461 992 3524 invenit
1020 3462 1464 3541 fragmentum
1495 3462 1780 3541 Didymo
1813 3481 1975 3543 opus
2005 3463 2333 3525 ascribens
2367 3462 2504 3542 (Cir
2542 3463 2606 3524 J.
2639 3464 2902 3534 LEBON,
2944 3462 3030 3522 Le
3069 3460 3562 3523 Pseudo—Basile
3597 3464 3798 3540 (Adv.

383 3561 784 3623 Eunomium
815 3560 1015 3637 IV-V)
1040 3563 1124 3620 est
1147 3559 1285 3621 bien
1311 3560 1581 3639 Didyme
1604 3560 2070 3632 d’Alexandrie,
2095 3562 2160 3622 in
2187 3561 2272 3622 Le
2295 3560 2589 3632 Muse’on,
2615 3561 2688 3632 L,
2721 3560 2898 3631 1937,
2927 3579 2988 3640 p.
3015 3559 3228 3621 61-83.
3257 3560 3478 3621 Codex
3500 3561 3798 3639 syriacus

381 3665 483 3720 est
512 3658 942 3720 Londinensis
971 3658 1137 3718 Mus.
1167 3658 1334 3719 Brit.
1364 3659 1534 3719 Add.
1573 3659 1790 3729 17201,
1821 3677 1986 3720 saec.
2021 3659 2111 3720 VI
2141 3659 2246 3720 vel
2281 3659 2410 3720 VII
2445 3680 2457 3720 :
2491 3659 2857 3738 Kephalaia
2896 3659 3071 3719 dicta
3110 3677 3146 3719 a
3187 3658 3474 3736 Didymo
3515 3659 3800 3721 Alexan-

383 3757 567 3818 drino
606 3761 831 3817 contra
867 3756 1190 3833 Arianos).
1228 3755 1400 3816 Hinc
1435 3755 1608 3816 idem
1642 3756 1865 3817 Lebon
1903 3757 2240 3818 existimat
2276 3757 2473 3818 libros
2509 3761 2768 3817 nostros
2811 3756 2896 3816 IV
2932 3760 3000 3816 et
3033 3755 3091 3816 V
3128 3774 3332 3817 unum
3368 3756 3677 3835 idemque
3713 3759 3800 3818 ef-

381 3854 661 3916 formare
691 3871 874 3933 opus,
908 3853 1096 3914 hodie
1128 3854 1313 3913 initio
1345 3853 1673 3914 mutilum.
1701 3855 1789 3931 (J.
1823 3855 2085 3925 LEBON,
2121 3854 2364 3915 ibidem.
2404 3855 2474 3916 In
2506 3855 2810 3916 omnibus
2837 3853 2970 3914 fere
2999 3853 3330 3914 codicibus
3357 3855 3606 3932 graecis
3636 3873 3799 3934 opus

384 3951 654 4031 Didymi
689 3953 838 4027 (sub
879 3951 1139 4012 nomine
1180 3951 1430 4029 Basilii)
1470 3970 1597 4012 uno
1638 3957 1903 4012 tantum
1943 3952 2104 4012 libro
2146 3952 2597 4022 concluditur;
2639 3953 2703 4012 in
2745 3952 2843 4014 his
2882 3950 3186 4012 omnibus
3225 3950 3455 4030 incipit
3494 3951 3796 4031 abrupte,

382 4051 495 4111 sed
532 4051 653 4110 hoc
688 4049 950 4110 initium
987 4049 1118 4110 iam
1157 4067 1192 4111 a
1229 4049 1572 4110 Timotheo
1609 4049 1847 4111 Aeluro
1884 4050 2203 4128 refertur).
2246 4050 2432 4126 Quod
2473 4051 2736 4129 quidem
2782 4067 2946 4128 opus
2990 4048 3175 4109 venit
3221 4049 3479 4109 nomine
3528 4049 3799 4129 Didymi

382 4150 555 4227 apud
583 4166 773 4208 suum
799 4149 1153 4209 dumtaxat
1179 4147 1505 4227 syriacum
1532 4149 1838 4219 codicem,
1868 4148 2127 4209 nomine
2153 4166 2305 4208 vero
2334 4148 2557 4210 Basilii
2583 4149 2760 4227 apud
2785 4147 3204 4208 Timotheum
3229 4146 3564 4217 Aelurum,
3591 4147 3798 4208 Theo-

381 4247 611 4307 dorum
645 4246 1186 4316 Alexandrinum,
1226 4246 1512 4325 Ephrem
1546 4247 2052 4316 Antiochenum,
2083 4245 2431 4307 Leontium
2467 4246 2933 4326 Byzantinum,
2973 4244 3316 4305 concilium
3353 4245 3798 4307 Lateranense

381 4344 559 4422 (anni
599 4344 767 4422 649),
798 4345 974 4424 apud
1013 4344 1401 4407 Doctrinam
1440 4345 1714 4406 Patrum
1755 4345 1833 4405 de
1871 4344 2318 4406 incarnatione
2355 4344 2594 4415 Verbi;
2658 4344 2790 4406 iam
2829 4343 3165 4421 cognitum
3202 4347 3305 4403 est
3345 4347 3577 4420 utpote
3619 4345 3797 4422 operi

382 4443 696 4504 adversus
731 4442 1130 4504 Eunomium
1165 4442 1496 4504 adiectum
1537 4442 1897 4503 Iustiniano
1933 4447 1999 4502 et
2035 4442 2301 4503 concilio
2339 4441 2712 4522 Hispalensi
2745 4459 2896 4502 ann.
2933 4441 3075 4502 619.

545 4540 605 4602 3.
641 4540 935 4602 Traditio
987 4540 1431 4620 manuscripta
1481 4556 1710 4619 graeca
1761 4559 1890 4601 non
1944 4541 2260 4602 abundat.
2313 4539 2757 4619 Manuscripta
2809 4543 2964 4599 sunt
3013 4538 3115 4609 27,
3167 4555 3446 4616 quorum
3497 4555 3577 4598 en
3630 4541 3800 4601 anti-

381 4638 694 4718 quissima
731 4659 744 4700 :

524 4803 874 4852 Atheniensis
904 4802 1047 4850 Bibl.
1078 4803 1209 4851 Nat.
1242 4804 1325 4860 10,
1354 4817 1492 4852 saec.
1524 4804 1596 4854 X.

522 4875 860 4923 Athonensis
888 4875 1180 4923 Lavrensis
1207 4875 1329 4932 225,
1359 4889 1497 4924 saec.
1529 4876 1631 4924 XI.

521 4947 858 4995 Athonensis
887 4947 1304 5008 Vatopedianus
1331 4947 1417 5004 68,
1446 4960 1584 4995 saec.
1617 4947 1749 4994 XII.

523 5019 811 5066 Lesbensis
840 5019 891 5075 6,
919 5031 1057 5066 saec.
1089 5019 1224 5067 XII.

522 5089 945 5138 Mediolanensis
972 5090 1374 5138 Ambrosianus
1406 5090 1558 5147 1011,
1588 5102 1726 5137 saec.
1758 5090 1860 5139 ΧΙ.

521 5161 864 5222 Mosquensis
893 5161 1031 5209 Mus.
1063 5161 1208 5209 Hist.
1238 5160 1398 5209 Vlad.
1431 5161 1549 5218 122,
1579 5174 1718 5209 saec.
1751 5161 1822 5210 X.

521 5233 865 5294 Mosquensis
893 5233 1032 5280 Mus.
1064 5232 1209 5281 Hist.
1239 5232 1398 5280 Vlad.
1432 5232 1549 5289 127,
1578 5245 1717 5280 saec.
1749 5233 1851 5282 XI.

521 5304 861 5352 Monacensis
888 5305 993 5352 466
1014 5304 1192 5363 (cuius
1220 5306 1374 5351 aetas
1401 5317 1509 5351 non
1539 5305 1854 5362 indicatur).

522 5377 847 5424 Oxoniensis
877 5374 1033 5423 Bodl.
1066 5375 1290 5422 Barocc.
1321 5375 1443 5432 222,
1472 5389 1611 5424 saec.
1645 5375 1778 5423 XII.

523 5447 840 5495 Parisiensis
866 5459 944 5507 gr.
973 5447 1095 5503 500,
1125 5459 1263 5494 saec.
1298 5446 1401 5494 XI.

523 5518 840 5566 Parisiensis
866 5530 944 5578 gr.
974 5518 1096 5574 965,
1125 5530 1263 5565 saec.
1296 5518 1400 5566 XI.

522 5590 840 5638 Parisiensis
867 5602 943 5650 gr.
974 5589 1095 5646 966,
1125 5601 1263 5637 saec.
1296 5590 1399 5638 XI.

521 5660 832 5709 Patmensis
863 5661 983 5718 184,
1012 5673 1153 5708 saec.
1185 5660 1287 5709 XI.

518 5731 823 5781 Vaticanus
852 5732 1029 5780 Palat.
1059 5743 1137 5791 gr.
1167 5731 1289 5789 216,
1318 5743 1456 5780 saec.
1489 5731 1560 5780 X.

519 5803 822 5852 Vaticanus
849 5815 926 5864 gr.
955 5803 1081 5861 408,
1110 5815 1250 5851 saec.
1282 5803 1352 5852 X.

519 5874 858 5924 Venetianus
888 5875 939 5924 S.
972 5874 1141 5922 Marci
1169 5875 1256 5932 58,
1284 5887 1424 5923 saec.
1456 5875 1527 5924 X.

519 5945 859 5995 Venetianus
888 5946 940 5995 S.
971 5946 1140 5994 Marci
1168 5945 1254 6005 66,
1282 5959 1423 5996 nec.
1453 5946 1588 5996 XII.

1935 6121 2242 6181 _12..
