4008 6444
416 416 562 479 Sola
607 416 819 477 versio
862 416 1118 495 syriaca
1161 433 1453 478 seorsum
1496 415 1691 477 libros
1740 417 1904 479 I-III
1947 422 2013 478 et
2056 417 2253 480 libros
2302 418 2478 480 IV-V
2519 420 2747 482 tradit.
2802 421 3031 484 Libros
3090 423 3251 485 Ι-ΙΙΙ
3296 426 3412 487 dat
3455 429 3659 489 codex

243 514 534 594 syriacus
562 514 997 576 Londinensis
1026 513 1193 576 Mus.
1226 514 1392 576 Brit.
1424 514 1595 576 Add.
1634 516 1854 587 17145,
1886 533 2051 579 saec.
2083 516 2387 581 VIII-IX
2414 538 2429 590 ;
2471 518 2669 581 libros
2704 519 2879 581 IV-V
2905 521 2997 599 (in
3038 520 3199 583 libro
3240 526 3393 603 uno)
3423 526 3660 588 Londi-

244 612 462 675 nensis
494 613 662 674 Mus.
698 612 865 675 Brit.
904 612 1011 674 Or.
1046 611 1230 685 8606,
1266 613 1420 676 anni
1454 613 1719 675 Domini
1754 614 1892 677 723.

408 713 467 773 4.
495 712 716 773 Editio
741 712 1038 793 princeps
1062 712 1403 791 (Venetiis,
1443 712 1626 791 1535)
1659 717 1834 775 certo
1868 713 2273 777 fundabatur
2304 734 2496 795 super
2529 735 2733 779 unum
2766 736 2799 778 e
2833 718 3019 779 bonis
3052 720 3456 783 Bessarionis
3489 725 3661 785 codi-

242 812 445 883 cibus,
472 829 645 873 nunc
674 811 734 873 S.
763 810 964 873 Marci
989 810 1070 873 58
1093 811 1199 872 vel
1221 811 1321 883 66,
1348 812 1485 874 eius
1508 827 1656 890 ergo
1681 817 1907 874 textus
1931 813 2165 891 dignus
2190 819 2291 874 est
2316 814 2427 894 qui
2452 817 2856 878 attendatur.
2885 817 3118 878 Nescio
3144 838 3302 880 num
3327 839 3409 881 ex
3432 823 3654 883 eodem

242 910 689 991 manuscripto
725 910 1070 972 Carnarius
1102 908 1477 972 adiunxerit
1509 929 1680 973 anno
1720 912 1870 973 1551
1909 911 2106 973 libros
2147 912 2232 973 IV
2254 917 2320 973 et
2341 913 2418 974 V.
2456 914 2579 975 Pro
2613 914 2897 976 editione
2931 916 3278 978 Parisiensi
3311 937 3460 980 ann.
3502 921 3657 983 1618

241 1009 536 1071 Fronton
579 1010 667 1071 du
711 1009 856 1071 Duc
898 1008 1288 1071 hodiernum
1329 1027 1589 1090 quoque
1632 1009 1837 1072 Paris.
1879 1026 1973 1089 gr.
2017 1009 2139 1073 503
2176 1011 2371 1089 (saec.
2417 1012 2605 1090 XIV)
2656 1014 3002 1085 consuluit,
3057 1033 3184 1086 ,,ex
3226 1035 3376 1096 quo,
3419 1018 3654 1098 inquit,

240 1107 451 1171 multa
487 1108 626 1171 loca
661 1105 1227 1170 emendavimus”.

408 1206 466 1269 5.
504 1204 856 1286 Sequentia
895 1205 1340 1286 manuscripta
1379 1205 1649 1268 Garnier
1684 1205 1828 1267 usui
1863 1205 2128 1267 fuerunt
2166 1227 2179 1267 :

382 1372 589 1433 Regius
618 1373 641 1419 1
669 1372 844 1431 (nunc
871 1370 1041 1420 Paris.
1068 1381 1147 1433 gr.
1178 1370 1354 1432 1258),
1381 1383 1520 1420 saec.
1552 1370 1705 1421 XVI.

384 1443 590 1506 Regius
614 1443 647 1491 2
669 1444 843 1504 (nunc
871 1443 1041 1491 Paris.
1069 1454 1147 1504 gr.
1176 1442 1299 1500 503,
1327 1456 1358 1492 a
1387 1443 1632 1491 Fronton
1660 1443 1734 1491 du
1762 1443 1885 1492 Duc
1911 1444 2021 1493 iam
2049 1444 2320 1505 collatus),
2348 1457 2486 1493 saec.
2518 1445 2670 1494 XIV.

382 1516 589 1577 Regius
616 1514 647 1564 3
670 1516 845 1580 (nunc
871 1514 1042 1563 Paris.
1070 1525 1149 1575 gr.
1177 1514 1321 1575 966),
1350 1527 1489 1562 saec.
1520 1514 1623 1564 XI.

383 1587 591 1648 Regius
617 1587 647 1635 4
671 1588 845 1647 (nunc
874 1585 1043 1635 Paris.
1072 1597 1151 1647 gr.
1179 1585 1323 1646 956),
1351 1598 1489 1635 saec.
1520 1586 1675 1635 XIV.

382 1659 587 1719 Regius
616 1659 645 1705 5
669 1659 843 1714 (nunc
871 1657 1040 1706 Paris.
1069 1669 1147 1718 gr.
1176 1657 1318 1717 969),
1346 1670 1485 1706 saec.
1516 1657 1670 1706 XIV.

383 1731 586 1791 Regius
614 1731 645 1778 6
666 1732 840 1790 (nunc
868 1729 1038 1778 Paris.
1067 1740 1145 1790 gr.
1178 1729 1351 1789 1301),
1380 1742 1518 1778 saec.
1551 1729 1714 1778 XIII.

382 1802 728 1852 Colbertinus
749 1803 921 1861 (nunc
950 1801 1117 1850 Paris.
1146 1813 1223 1862 gr.
1252 1801 1353 1850 965
1380 1815 1392 1858 ;
1420 1804 1586 1849 notae
1613 1801 1906 1862 perbonae,
1934 1800 2013 1849 ait
2042 1800 2309 1860 Garnier),
2336 1813 2473 1849 saec.
2507 1802 2608 1850 XI.

406 1949 762 2009 Universos
796 1967 959 2027 quos
993 1947 1057 2007 in
1094 1952 1403 2026 promptu
1440 1946 1671 2008 habuit
1706 1947 1960 2007 codices
1994 1946 2319 2008 consuluit
2356 1948 2643 2018 Garnier,
2681 1950 2791 2009 sed
2830 1950 3115 2028 plerique
3151 1959 3441 2013 recentes
3476 1961 3649 2014 sunt.

237 2048 462 2107 Donec
493 2046 721 2106 melius
751 2047 1118 2115 edoceatur,
1151 2045 1352 2105 lector
1381 2045 1650 2105 editioni
1682 2044 2101 2115 Venetianae,
2136 2044 2339 2123 Regio
2372 2045 2409 2106 3
2461 2051 2527 2105 et
2559 2046 2927 2108 Colbertino
2959 2048 3138 2109 ﬁdet.
3183 2049 3356 2110 Utile
3396 2057 3571 2111 esset
3601 2053 3652 2111 si

235 2145 347 2224 qui
374 2144 629 2223 antiqui
656 2148 862 2204 testes
888 2142 1127 2221 attingi
1152 2143 1428 2222 possint,
1456 2143 1563 2203 vel
1587 2143 1787 2204 etiam
1813 2148 2005 2204 vetus
2031 2143 2243 2204 versio
2270 2144 2541 2223 syriaca.

403 2242 461 2303 6.
497 2242 643 2303 Non
680 2241 1012 2303 invenitur
1046 2240 1245 2302 editio
1282 2245 1583 2321 separata
1620 2241 1951 2313 hodierna,
1989 2260 2105 2303 nec
2142 2242 2352 2303 versio
2387 2242 2699 2303 librorum
2735 2245 3047 2305 adversus
3085 2246 3502 2308 Eunomium.

708 2470 778 2542 9.
818 2466 1523 2540 Lucubratiuncula
1561 2468 1654 2540 de
1693 2466 1982 2565 Spiritu
2021 2468 2304 2541 Sancto
2343 2469 2387 2513 *τ
2422 2468 2638 2563 (P.G.
2677 2472 2798 2557 29,
2838 2473 3213 2568 768-774).

409 2661 480 2721 In
508 2660 633 2721 fine
659 2660 873 2721 ultimi
898 2659 1043 2720 libri
1067 2661 1379 2721 adversus
1406 2660 1803 2720 Eunomium
1829 2661 2215 2739 opusculum
2240 2662 2317 2722 de
2346 2661 2589 2741 Spiritu
2618 2663 2854 2724 Sancto
2880 2669 3014 2723 tres
3039 2665 3266 2743 implet
3292 2666 3648 2735 columnas,

232 2760 358 2821 inc.
400 2754 790 2841 εὐθυμείσθω
823 2755 942 2839 μὲν
974 2762 1154 2820 πᾶσα
1409 2758 1659 2819 Datum
1696 2763 1769 2818 ut
1806 2758 1815 2818 ]

2064 2805 2090 2829 .,
2120 2759 2184 2820 in
2222 2758 2349 2820 fine
2389 2760 2802 2831 collectionis,
2832 2762 2894 2821 in
2934 2762 3215 2822 editione
3245 2764 3647 2833 Erasmiana,

232 2856 621 2936 opusculum
656 2856 937 2917 relatum
972 2862 1074 2917 est
1108 2856 1172 2916 in
1208 2857 1335 2917 fine
1371 2856 1581 2935 operis
1617 2857 1929 2917 adversus
1966 2856 2367 2919 Eunomium
2402 2858 2466 2919 in
2504 2859 2788 2919 editione
2846 2860 3194 2920 Parisiensi
3225 2861 3401 2938 (ann.
3446 2862 3647 2939 1618).

232 2956 508 3017 Erasmo
545 2959 779 3015 notum
813 2958 935 3024 est,
973 2958 1048 3014 ut
1085 2954 1365 3025 videtur,
1402 2972 1691 3015 seorsum
1726 2958 1792 3014 et
1828 2954 1891 3015 in
1928 2954 2138 3017 forma
2174 2955 2476 3017 homiliae
2506 2977 2520 3027 ;
2560 2957 2717 3017 mihi
2752 2962 2974 3018 tamen
3012 2976 3338 3036 nusquam
3373 2960 3650 3020 occurrit

232 3053 359 3114 nisi
394 3052 574 3113 libris
610 3053 923 3114 adversus
961 3052 1360 3114 Eunomium
1398 3053 1841 3113 coniunctum.

403 3151 597 3230 Operi
633 3151 831 3211 ﬁdem
870 3151 1308 3229 denegaverat
1350 3150 1619 3211 Garnier
1653 3149 1836 3229 (P.G.
1878 3150 1977 3221 29,
2020 3149 2603 3231 CCXL-CCXLI);
2646 3170 2867 3213 rursus
2905 3159 3128 3214 tamen
3168 3154 3326 3215 illud
3366 3155 3648 3217 examini

232 3249 510 3310 subiecit
542 3250 613 3309 P.
648 3249 897 3327 Henry,
931 3248 1032 3309 cui
1065 3266 1282 3328 presse
1312 3254 1578 3311 revocat
1611 3248 1965 3320 Plotinum,
1999 3249 2241 3328 quique
2272 3250 2545 3311 ﬁrmiter
2574 3251 2656 3312 ad
2690 3252 3266 3313 authenticitatem
3298 3253 3646 3324 concludit,

232 3366 383 3407 cum
414 3365 603 3407 nemo
635 3347 805 3407 inter
834 3346 1207 3407 defensores
1236 3346 1606 3407 divinitatis
1639 3346 1915 3425 Spiritus
1948 3347 2169 3408 Sancti
2200 3348 2444 3409 Basilio
2475 3349 2785 3409 libentius
2816 3351 2897 3410 ad
2940 3350 3273 3411 Plotinum
3313 3356 3643 3429 provocet,

231 3462 512 3523 cumque
551 3444 792 3504 Plotini
830 3445 1127 3505 evocatio
1166 3444 1556 3523 peculiarem
1593 3445 1784 3505 huius
1821 3445 2045 3524 scripti
2081 3446 2329 3524 stylum
2376 3446 2697 3525 explicare
2743 3446 3047 3508 videatur
3079 3448 3214 3526 (Cfr
3252 3449 3321 3509 P.
3365 3449 3642 3519 HENRY,

240 3533 475 3604 Etudes
501 3542 953 3603 Plotiniennes.
988 3542 1034 3603 Ι.
1060 3543 1179 3603 Les
1212 3532 1390 3603 Etals
1414 3542 1498 3602 du
1524 3545 1673 3602 texta
1696 3542 1768 3603 de
1792 3542 2025 3613 Plotin,
2054 3543 2339 3612 Parisiis,
2372 3544 2548 3614 1938,
2576 3563 2638 3623 p.
2671 3545 2984 3621 159-196).
3014 3547 3226 3621 Quam
3250 3547 3646 3607 sententiam

229 3647 298 3701 et
334 3641 469 3720 ipse
508 3641 582 3701 E.
622 3642 882 3701 Amand
921 3641 999 3700 de
1036 3640 1366 3702 Mendieta
1404 3646 1665 3701 secutus
1701 3646 1804 3701 est
1847 3630 2203 3718 (Editions,
2242 3641 2425 3712 LIII,
2466 3661 2526 3721 p.
2573 3644 2708 3713 122,
2748 3662 2809 3703 n.
2857 3644 2907 3704 1.
2950 3644 3056 3704 Cfr
3092 3649 3314 3705 tamen
3354 3646 3646 3722 ejusdem

229 3738 536 3800 L’Ascése
576 3738 967 3817 monastique
1006 3738 1078 3798 de
1123 3738 1306 3800 Sainl
1346 3738 1580 3799 Basile.
1625 3739 1816 3799 Essai
1856 3739 2215 3818 historique.
2261 3740 2659 3811 Maredsous,
2708 3741 2885 3811 1948,
2931 3760 2991 3819 p.
3040 3742 3137 3811 70,
3183 3762 3243 3801 n.
3288 3742 3413 3819 81).
3466 3743 3644 3803 Idem

228 3837 539 3917 opinatur
588 3837 663 3897 B.
719 3837 1026 3906 PRUCHE,
1078 3836 1295 3897 Basile
1342 3836 1415 3897 de
1467 3837 1738 3898 Ce'sare'e.
1798 3836 2009 3897 Traite'
2054 3836 2139 3897 du
2194 3837 2628 3917 Saint-Esprit
2674 3838 2975 3916 (Sources
3026 3839 3467 3910 Chrétiennes,
3525 3841 3643 3917 17),

231 3934 513 4004 Parisiis,
563 3934 739 4005 1947,
784 3953 844 4012 p.
896 3934 1031 4004 145,
1075 3954 1135 3995 n.
1180 3934 1263 4011 4).
1308 3934 1678 3995 Dolendum
1719 3953 1873 3994 sane
1914 3936 2087 4013 quod
2131 3941 2515 4013 argumenta
2557 3936 2688 3995 sint
2728 3941 2870 3997 tam
2910 3937 3247 3998 indirecta.
3293 3938 3643 3999 Collocatio

227 4034 294 4092 in
330 4032 790 4110 manuscriptis
840 4032 903 4093 in
956 4032 1084 4092 fine
1134 4032 1279 4093 libri
1312 4032 1368 4092 V
1402 4034 1713 4094 adversus
1767 4032 2185 4103 Eunomium,
2240 4033 2349 4112 qui
2400 4034 2561 4093 liber
2612 4034 2896 4115 Didymo
2949 4034 3339 4105 restituitur,
3395 4036 3646 4096 animos

229 4130 448 4209 potius
482 4130 745 4193 alienat.
783 4130 1127 4210 Nusquam
1151 4130 1305 4190 alibi
1331 4135 1472 4191 tam
1510 4130 1828 4190 serviliter
1869 4130 2203 4191 Plotinum
2244 4130 2523 4192 Basilius
2564 4137 2857 4210 usurpat.
2900 4134 3277 4211 Antequam
3316 4133 3646 4196 Lucubra-

226 4228 559 4288 tiunculae
586 4228 1056 4290 authenticitas
1082 4228 1497 4299 admittatur,
1526 4230 1739 4289 adhuc
1766 4228 2239 4291 examinandae
2266 4234 2419 4289 sunt
2445 4229 2613 4290 illius
2639 4230 2986 4291 relationes
3012 4232 3093 4291 ad
3122 4249 3314 4309 opera
3342 4232 3642 4309 genuina,

226 4327 442 4388 adhuc
469 4326 823 4405 indagandi
850 4332 1005 4387 sunt
1033 4326 1305 4397 codices,
1336 4345 1606 4396 necnon,
1636 4326 1689 4386 si
1716 4328 1979 4397 adsunt,
2003 4327 2331 4387 versiones
2358 4327 2704 4389 orientales
2730 4328 2835 4388 vel
2861 4328 3282 4406 allegationes
3309 4330 3641 4408 antiquae.

223 4423 361 4501 (Cir
389 4441 585 4502 supra
616 4424 682 4485 in
721 4423 992 4495 Introd.,
1025 4442 1087 4503 p.
1122 4422 1180 4495 3,
1213 4424 1243 4501 §
1280 4424 1425 4499 III).

2423 5773 2641 5825 Abbaye
2664 5773 2729 5817 de
2753 5774 2801 5817 S‘
2825 5774 3048 5823 JérOme,
3078 5775 3254 5823 Rome,

2582 5828 2644 5871 15
2672 5828 2952 5870 novembre
2985 5829 3110 5871 1959

1762 5994 2097 6054 _13_.
