3992 6392
1877 462 1949 469 -..
1986 462 2130 469 _..__
2186 462 3311 477 _._._.__.__._._._____..._-._._.._._m_._-
3370 472 3379 475 _

682 694 1140 853 VITA
1226 696 1382 852 S.
1489 696 2180 854 BASlLlI
2275 702 2881 857 MAGNI

1270 964 1787 1022 ARCHIEPISCOPI
1824 966 2296 1023 CIESARIENSIS
2316 973 2355 1021 ‘.

233 1350 649 1429 Propositum
680 1347 838 1408 mihi
878 1350 970 1406 est
1000 1344 1064 1403 in
1098 1342 1211 1404 hac
1265 1341 1753 1420 pertractatione
1789 1342 1939 1419 quid
1971 1343 2239 1420 gesserit
2289 1350 2350 1403 et
2395 1346 2717 1423 scripserit
2755 1348 2816 1407 S.
2860 1346 3161 1424 Basilius,
3190 1349 3406 1412 obser-

169 1470 295 1522 rato
327 1472 532 1536 quam
576 1448 1059 1515 accuratissime
1092 1451 1311 1523 potero
1356 1450 1711 1522 temporum
1754 1445 2002 1518 ordine,
2038 1461 2377 1523 exponere.
2400 1445 2663 1507 Ordinis
2697 1448 2863 1508 enim
2895 1450 2956 1509 in
2993 1449 3180 1511 rebus
3213 1451 3406 1530 gestis

168 1556 537 1623 enarrandis
570 1558 747 1612 tanta
780 1549 981 1609 virtus
1012 1550 1130 1617 est,
1162 1553 1230 1603 ut
1263 1558 1390 1603 non
1444 1543 1650 1603 solum
1685 1542 1944 1605 facilius
1991 1543 2203 1605 animo
2241 1544 2691 1622 percipiantur,
2732 1546 2881 1607 dum
2916 1548 3103 1609 suum
3136 1567 3405 1630 qumque

170 1660 363 1720 locum
398 1654 711 1714 decenter
742 1650 985 1715 tenent,
1012 1641 1125 1705 sed
1162 1641 1350 1702 etiam
1388 1639 1946 1718 pretiiplurimum
1994 1642 2245 1704 accedat
2278 1649 2388 1704 aut
2418 1643 2703 1718 decedat,
2742 1654 2926 1723 prout
2966 1656 3107 1725 apte
3144 1665 3407 1710 secusve

170 1761 575 1822 collocantur.
620 1750 937 1814 Permulta
963 1752 1135 1820 sunt,
1171 1761 1451 1823 quorum
1480 1746 1736 1807 consilii
1770 1746 1927 1807 ratio
1966 1747 2219 1824 penitus
2252 1747 2492 1822 latebit,
2533 1749 2586 1810 si
2629 1768 2663 1811 a
2688 1767 2807 1812 suo
2842 1751 3227 1813 divellantur
3253 1759 3409 1814 tem-

174 1881 341 1941 pore;
374 1861 509 1923 alia
550 1859 805 1921 laudem
846 1855 1037 1930 longe
1088 1850 1447 1923 exiliorem,
1486 1849 1792 1912 nonnulla
1846 1852 2032 1914 etiam
2072 1851 2495 1916 difﬁciliorem
2539 1854 2862 1918 habebunt
2899 1859 3405 1919 excusationem.

172 1964 319 2037 Quin
352 1962 558 2024 etiam
591 1965 761 2019 recte
793 1955 952 2016 facta
984 1951 1109 2013 vim
1141 1957 1202 2011 et
1242 1953 1533 2011 naturam
1586 1948 1906 2023 amittunt,
1941 1967 2010 2011 ac
2051 1950 2315 2012 virtutes
2364 1968 2825 2033 nonnunquam
2865 1955 3293 2029 invertuntur,
3355 1956 3407 2015 si

175 2064 300 2141 quis
330 2068 615 2124 eventus
652 2058 792 2120 loco
828 2070 952 2119 non
987 2068 1106 2115 suo
1146 2056 1461 2112 narretur.
1495 2048 1781 2111 Charitas
1825 2050 2070 2124 Basilii,
2103 2052 2216 2131 qui
2256 2052 2706 2128 patrimonium
2742 2061 2801 2116 et
2852 2055 3039 2116 initio
3078 2056 3411 2117 monastici

173 2166 461 2239 instituti,
504 2171 565 2226 et
595 2163 818 2223 decem
860 2164 1003 2237 post
1027 2156 1237 2229 annis,
1273 2154 1446 2233 gravi
1479 2160 1743 2231 urgente
1785 2153 1977 2229 fame,
2008 2154 2355 2228 distribuit,
2416 2173 2681 2233 magnus
2718 2174 2858 2220 esse
2906 2175 3120 2219 naevus
3161 2159 3414 2221 videtur

176 2268 227 2325 in
257 2280 489 2325 severo
525 2258 915 2338 paupertatis
947 2253 1343 2332 legislatore,
1379 2269 1657 2329 eumque
1688 2269 1979 2331 arguere,
2030 2256 2201 2333 quod
2236 2272 2361 2316 non
2386 2257 2596 2318 statim
2637 2274 2705 2319 se
2733 2259 3031 2320 omnibus
3063 2260 3254 2322 rebus
3287 2275 3409 2319 nu-

171 2365 422 2424 daverit.
464 2360 592 2422 Sed
624 2359 681 2419 si
717 2364 985 2418 matrem
1020 2350 1395 2414 Emmeliam
1430 2360 1753 2428 grassante
1803 2351 1908 2414 illa
1938 2352 2107 2415 fame
2144 2355 2382 2416 obiisse
2412 2356 2904 2430 demonstretur,
2932 2365 3181 2435 accepta
3234 2357 3411 2418 illius

178 2473 362 2523 morte
388 2460 762 2528 haereditas,
797 2464 865 2517 ut
898 2471 1035 2516 mos
1066 2460 1200 2515 erat
1238 2461 1591 2531 temporum
1636 2453 1921 2525 illorum,
1960 2460 2022 2515 et
2059 2455 2267 2517 statim
2299 2456 2364 2515 in
2410 2475 2715 2536 pauperes
2752 2460 2977 2535 etfusa,
3044 2468 3406 2539 promptum

178 2561 371 2624 Basilii
401 2561 485 2621 ad
526 2558 741 2621 omnia
775 2554 1164 2635 projicienda
1210 2552 1491 2615 animum
1523 2553 1820 2615 declarat.

244 2671 370 2730 Hoc
400 2684 615 2730 unum
651 2666 729 2726 de
778 2662 997 2723 multis
1030 2661 1390 2738 exemplum
1424 2658 1647 2733 affero,
1687 2666 1755 2721 ut
1786 2660 2109 2722 neminem
2148 2661 2459 2723 deterreat
2503 2662 2751 2738 legendi
2785 2670 2844 2723 et
2872 2664 3294 2742 investigandi
3328 2666 3412 2727 la-

182 2773 296 2835 bor.
325 2775 642 2850 Suscepta
673 2769 844 2830 enim
883 2767 1072 2843 hujus
1102 2766 1244 2826 vita:
1281 2763 1636 2827 scribendae
1673 2764 1854 2837 ratio,
1882 2770 2209 2844 propterea
2235 2766 2408 2844 quod
2440 2765 2503 2825 in
2532 2769 2824 2829 obscuris
2858 2768 3047 2829 rebus
3088 2769 3410 2848 explican-

182 2871 264 2932 dis
308 2889 483 2950 saape
537 2876 855 2938 versatur,
913 2882 1037 2929 non
1069 2870 1237 2925 tanta
1272 2864 1589 2941 voluptate
1625 2862 1687 2924 in
1741 2861 2014 2940 legendo
2066 2865 2321 2936 retinet,
2371 2873 2606 2943 quanta
2641 2866 2835 2927 libera
2867 2873 2927 2927 et
2968 2867 3110 2928 sine
3143 2866 3409 2929 salebris

183 2975 361 3034 ﬂuens
392 2970 710 3033 narratio.
744 2969 884 3029 Non
907 2974 1137 3036 tamen,
1175 2970 1240 3027 ut
1277 2963 1576 3043 equidem
1626 2962 1877 3042 Opinor,
1911 2964 2190 3026 ofﬁcient
2228 2966 2514 3029 obscura)
2537 2966 2957 3046 difﬁcilesque
2994 2968 3412 3044 quaastiones,

180 3075 235 3137 in
262 3079 502 3157 quibus
532 3074 857 3136 interdum
893 3071 1305 3144 morabimur,
1339 3067 1688 3147 quominus
1718 3085 2016 3144 germana
2044 3070 2259 3130 Basilii
2290 3070 2530 3147 efﬁgies
2561 3080 2704 3133 ante
2734 3073 2957 3133 oculos
2989 3071 3239 3149 depicta
3272 3087 3412 3131 ver-

182 3187 357 3242 selur.
388 3177 762 3254 Unicuique
794 3174 859 3234 in
909 3181 1203 3251 promptu
1261 3170 1381 3233 erit
1413 3168 1649 3231 eximia
1686 3169 1792 3230 illa
1841 3169 2066 3247 pietas,
2117 3178 2206 3231 tot
2261 3180 2500 3233 natum
2532 3173 2720 3247 dona,
2772 3179 2858 3235 tot
2890 3172 3192 3233 doctrina:
3224 3186 3411 3231 orna-

179 3292 365 3351 menta
395 3284 476 3344 in
509 3280 769 3343 latebris
805 3278 1155 3340 recondens
1187 3294 1203 3333 :
1239 3291 1487 3337 summa
1518 3272 1787 3336 charitas
1815 3292 1894 3336 ne
1922 3275 1984 3335 in
2021 3275 2367 3339 solitudine
2391 3277 2651 3356 quidem
2690 3279 3027 3339 discedens
3061 3276 3137 3337 ab
3163 3292 3410 3355 augen-

181 3386 264 3447 dis
300 3382 615 3446 Ecclesite
651 3377 1059 3448 utilitatibus,
1108 3374 1176 3435 in
1213 3372 1565 3435 sacerdotio
1614 3379 1824 3434 autem
1863 3374 2031 3436 inter
2061 3380 2402 3453 perpetuos
2436 3383 2497 3438 et
2534 3392 2755 3454 graves
2812 3378 3067 3439 morbos
3120 3395 3248 3439 non
3297 3377 3409 3439 uni

181 3489 492 3559 Ecclesiae,
519 3486 631 3547 sed
665 3480 957 3560 pluribus
995 3476 1139 3539 aliis
1165 3475 1487 3556 regendis,
1522 3476 1653 3535 imo
1687 3474 2089 3553 paciﬁcandis
2128 3478 2320 3537 totius
2372 3478 2548 3539 orbis
2583 3478 2884 3539 Ecclesiis
2942 3480 3223 3541 intenta:
3262 3496 3402 3540 am-

184 3607 303 3651 mus
330 3590 401 3649 in
437 3581 839 3664 amplissimo
871 3579 1065 3656 gradu
1096 3585 1156 3638 et
1178 3592 1427 3637 summa
1460 3573 1644 3636 famze
1674 3575 2040 3638 celebritate
2062 3574 2589 3651 demississimus,
2624 3578 2687 3639 in
2720 3579 3123 3643 defendendo
3163 3582 3411 3658 episco-

183 3696 343 3763 patus
370 3685 531 3763 jure
582 3693 847 3756 magnus
880 3684 939 3738 et
968 3672 1291 3746 sublimis,
1339 3672 1407 3732 in
1441 3671 1723 3735 colendis
1755 3674 2055 3736 amicitiis
2087 3675 2263 3736 omni
2300 3676 2694 3740 humanitate
2722 3680 3066 3759 expolitus,
3098 3680 3300 3743 facilis
3327 3684 3403 3744 ad

182 3784 608 3865 deponendam
640 3777 1094 3848 offensionem,
1138 3790 1517 3854 semperque
1542 3773 1615 3833 ad
1653 3773 1991 3852 placandos
2026 3774 2320 3839 homines
2362 3794 2491 3840 non
2539 3779 2781 3843 amicos
2814 3784 3300 3860 paratissimus:
3338 3785 3403 3847 in

185 3885 438 3964 propriis
471 3876 884 3943 contumeliis
942 3891 1189 3938 summa
1228 3874 1454 3937 lenitas
1504 3881 1564 3937 et
1613 3876 2060 3948 mansuetudo,
2112 3878 2464 3941 teterrimas
2496 3880 2846 3943 calumnias
2896 3888 2958 3946 et
3011 3901 3266 3963 sparsos
3300 3904 3410 3962 per

185 3992 362 4047 totum
396 3984 620 4045 orbem
674 3978 953 4039 famosos
988 3974 1241 4039 libellos
1289 3973 1551 4038 silentio
1600 3992 1708 4053 per
1762 3982 1887 4039 tres
1927 3994 2130 4041 annos
2167 3979 2545 4057 perferens:
2599 3983 2667 4044 in
2713 3982 3135 4048 defendendis
3193 3993 3403 4048 autem

184 4088 395 4148 Christi
434 4084 695 4165 injuriis
724 4081 922 4145 animi
954 4080 1258 4144 fortitudo
1309 4085 1369 4143 et
1404 4081 1781 4153 constantia,
1811 4084 2019 4161 {quam
2054 4099 2182 4145 non
2229 4084 2461 4158 exsilii,
2498 4102 2628 4148 non
2676 4088 2897 4150 mortis
2932 4088 3236 4167 pericula,
3273 4106 3401 4150 non

182 4193 357 4254 ullius
395 4188 735 4272 potestatis
767 4194 974 4250 metus
1004 4204 1036 4249 a
1071 4186 1339 4249 veritate
1373 4184 1574 4264 palam
1610 4192 1670 4248 et
1694 4196 1913 4264 aperte
1946 4191 2344 4268 praedicanda
2379 4193 2848 4256 deterruerunt.

684 4512 911 4569 CAPUT
938 4510 1225 4567 PRIMUM.

232 4624 269 4678 1.
296 4625 357 4681 S.
384 4625 615 4678 Basilius
633 4624 887 4678 (λίπωνται
911 4624 1159 4679 nascitur.
1186 4621 1251 4679 11.
1283 4621 1441 4691 quue
1465 4622 1603 4691 circa
1627 4638 1723 4673 an-

1769 4517 1815 4572 Α
1845 4512 1985 4565 velut
2011 4526 2075 4565 ex
2114 4512 2412 4579 composito
2461 4512 2713 4566 coivisse.
2761 4510 2875 4579 Ipse
2908 4511 3134 4565 Basilius
3161 4527 3264 4566 non
3297 4515 3396 4567 oh-

1839 4618 1994 4657 scnre
2044 4604 2278 4657 declarat
2308 4612 2487 4655 natum
2521 4617 2579 4655 se
2610 4618 2729 4656 esse
2781 4603 3043 4658 Cmsarere
3073 4605 3127 4669 in
3187 4604 3398 4659 homilia

226 4712 348 4749 nam
403 4695 528 4749 529.
565 4694 649 4748 Ill.
681 4695 753 4747 De
775 4693 918 4747 illius
965 4695 1096 4749 avis.
1132 4691 1217 4747 IV.
1249 4692 1321 4744 De
1357 4690 1501 4758 patre
1523 4690 1723 4743 Basilio

227 4778 273 4819 et
300 4775 477 4818 matre
518 4764 790 4817 Emmelia.
814 4762 875 4820 V.
904 4763 1086 4816 Basilii
1115 4765 1208 4817 sub
1238 4762 1357 4814 avia
1390 4760 1628 4812 Macrine
1660 4778 1719 4813 ac

230 4838 421 4888 deinde
450 4835 545 4886 sub
574 4844 720 4897 patre
740 4833 953 4900 puerilis
987 4834 1260 4886 institutio.
1290 4830 1382 4885 Vl.
1424 4829 1718 4883 Cwsaream

227 4906 597 4971 Cappadocum
632 4905 859 4956 mittitur
898 4904 965 4955 ad
1006 4902 1179 4956 studia
1215 4902 1528 4963 litterarum,
1567 4902 1722 4968 idque

231 4976 410 5027 multis
432 4976 691 5026 rationum
722 4975 989 5026 momentis
1010 4972 1279 5039 probatur.

235 5065 273 5117 l.
301 5066 562 5117 Sanctum
584 5064 835 5115 Basilium
853 5063 1109 5117 Czesarea:
1131 5062 1183 5115 in
1199 5060 1534 5129 Cappadocia
1552 5071 1731 5114 natum

167 5168 277 5207 esse
314 5155 577 5207 discimus
604 5157 836 5206 maxime
861 5169 924 5206 ex
954 5151 1213 5221 Gregorio
1242 5150 1612 5215 Nazianzcno,
1636 5151 1730 5218 qui

167 5261 276 5296 eum
308 5245 629 5298 nominatim
662 5244 737 5315 (α)
770 5245 1132 5313 Cappadocem
1183 5242 1439 5314 appellat,
1479 5258 1645 5311 seque
1676 5251 1730 5297 et

168 5334 414 5388 Basilium
454 5335 585 5388 dicit
608 5332 703 5405 (ὁ),
733 5351 852 5387 cum
878 5349 943 5387 ex
981 5335 1164 5388 eadem
1193 5336 1362 5403 patria
1392 5336 1442 5388 in
1490 5335 1728 5388 diversas

169 5425 406 5491 regiones
456 5428 697 5481 discendi
730 5442 890 5481 causa
939 5428 1221 5491 abiissent,
1260 5444 1455 5481 rursus
1497 5428 1727 5481 Athenis

234 5604 308 5673 (α)
343 5605 470 5659 Naz.
496 5622 587 5677 ep.
620 5606 672 5660 6.
1216 5610 1288 5681 (b)
1319 5608 1411 5663 Or.
1429 5608 1519 5663 '20.

1835 4695 1887 4746 in
1922 4691 2174 4746 Gordium
2203 4705 2505 4764 martyrem,
2548 4709 2601 4751 ιι.
2646 4692 2700 4747 2.
2733 4693 2973 4748 Patriam
3025 4711 3177 4749 suam
3216 4696 3268 4749 in
3294 4712 3393 4764 ep:-

1837 4785 1987 4839 stolis
2019 4783 2086 4836 76
2138 4796 2192 4838 et
2228 4782 2296 4837 96
2329 4785 2559 4852 appellat
2605 4785 3020 4855 Cappadociam.
3065 4786 3170 4842 Sed
3223 4798 3399 4840 tamen

1838 4875 1992 4941 hujus
2026 4875 2256 4929 nominis
2285 4878 2539 4930 honorem
2574 4880 2673 4945 ipsi
2715 4879 2876 4931 etiam
2917 4876 3087 4933 Ponto
3115 4878 3308 4933 defert.
3333 4879 3399 4931 ll-

1834 4965 1939 5019 lius
1967 4976 2117 5035 pater
2161 4966 2411 5029 Basilius,
2448 4968 2551 5021 etsi
2604 4984 2744 5036 saepe
2798 4969 2848 5022 in
2884 4969 3279 5039 Cappadociam
3312 4987 3400 5025 ve-

1834 5058 2032 5124 niebat,
2072 5061 2394 5129 praecipuum
2423 5068 2600 5114 tamen
2640 5062 2690 5114 in
2728 5060 2894 5116 Ponto
2925 5062 3251 5134 domicilium
3283 5065 3394 5118 col—

1835 5150 2134 5217 locaverat;
2159 5152 2420 5220 siquidem
2449 5154 2688 5208 Macrina
2722 5154 2958 5208 moriens
2991 5156 3064 5207 ait
3098 5159 3237 5224 apud
3262 5157 3395 5211 Gre-

1834 5243 2040 5312 gorium
2072 5243 2372 5313 Nyssenum
2418 5244 2489 5313 (c)
2523 5248 2690 5313 patris
2723 5247 2803 5299 sui
2846 5244 3045 5298 famam
3076 5257 3229 5299 extra
3264 5246 3400 5299 Pon-

1837 5334 2209 5390 tumdilTusam
2240 5351 2342 5389 non
2377 5330 2562 5398 fuisse,
2590 5337 2827 5405 satisque
2856 5336 2928 5389 illi
2961 5335 3126 5390 fuisse
3151 5338 3199 5389 in
3230 5338 3400 5403 patria

1835 5427 1998 5479 decus
2051 5427 2282 5493 assequi.
2355 5425 2530 5480 Basilii
2603 5426 2767 5479 frater
2825 5426 3115 5494 Gregorius
3169 5427 3396 5494 patriam

1907 5610 1974 5680 (ε)
2015 5608 2119 5662 Vit.
2145 5609 2203 5663 S.
2239 5609 2431 5663 Macr..
2459 5610 2574 5664 192.

219 5745 236 5761 ⁹
256 5745 468 5794 Auctore
492 5749 681 5797 Domno
703 5746 970 5796 Prudentia
995 5748 1205 5809 Marano,
1230 5752 1332 5811 qui,
1358 5751 1550 5800 Juliano
1575 5750 1807 5800 Garnerio
1825 5750 1922 5812 jam
1948 5765 2071 5799 anno
2099 5751 2234 5812 1725,
2254 5752 2537 5812 dieSJunii,
2564 5751 2811 5811 defuncto,
2837 5750 3071 5800 editionis
3094 5749 3401 5799 absolvendas

164 5817 323 5857 turam
343 5812 580 5870 suscepit.

468 5896 743 5955 Ρηιιοι..
792 5893 909 5953 Gn.
960 5894 1190 5955 XXIX.

3024 5918 3058 5955 α
