3992 6392
608 405 659 443 vt
1952 384 2458 441 PROLEGOMENA
2472 425 2485 438 .

609 510 849 581 agnoscit
898 509 1146 574 Pontum,
1195 509 1321 564 ibid.
1354 524 1406 578 p.
1456 509 1577 567 {82.
1610 508 1803 564 Narrat
1831 509 2059 563 Basilius
2100 511 2151 563 in
2187 516 2231 571 Α
2264 510 2545 579 aliquanto
2577 507 2676 561 fuit
2705 506 2965 577 Gregorio
3004 504 3350 562 Nazianzeno
3398 504 3491 576 (c),
3519 502 3765 572 quicum
3802 496 3860 547 in

607 602 765 671 epist.
793 601 851 655 51
887 614 946 655 se
972 616 1090 657 curn
1130 600 1309 656 multis
1342 602 1394 654 in
1440 601 1613 670 patria
1650 600 1815 654 Deum
1848 601 2164 657 timentibus

608 691 963 747 insolabiliter
1006 691 1261 757 doluisse,
1313 692 1451 760 quod
1494 692 1717 745 Dianius
1747 691 1988 745 formula:
2019 691 2162 745 Con-

608 782 949 853 stantinopoli
979 783 1153 837 allata:
1175 784 1613 853 subscripsisset:
1644 787 1870 852 patriam
1893 783 2165 852 appellans

607 875 758 931 Ponti
786 875 1123 931 solitudinem
1156 876 1206 929 in
1238 891 1343 945 qua
1372 884 1498 931 tunc
1532 875 1897 931 delitescebat.
1927 875 2165 943 Cumque

608 966 893 1037 aliquando
945 982 1065 1021 sese
1115 981 1178 1020 ex
1234 967 1338 1021 hac
1388 966 1677 1022 solitudine
1727 969 1792 1020 ad
1846 966 2163 1035 Gregorium

604 1058 1001 1112 Nazianzenum
1056 1056 1367 1111 contulisset
1415 1066 1468 1111 et
1501 1060 1638 1126 apud
1691 1074 1813 1111 eum
1842 1066 2164 1121 moraretur,

609 1148 690 1200 sui
728 1146 875 1199 illum
925 1144 1122 1200 fratres
1170 1146 1450 1199 amicitiam
1503 1156 1549 1201 et
1576 1148 1796 1216 patriam
1854 1163 2163 1202 commemo-

608 1250 778 1294 rantes
809 1238 905 1307 (a),
933 1239 1095 1292 veluti
1124 1237 1410 1308 profugum
1452 1241 1732 1308 quemdam
1782 1253 2036 1295 revocare
2070 1255 2163 1295 co-

612 1331 722 1386 nati
752 1340 895 1386 sunt.
929 1329 1280 1400 Praepositum
1303 1331 1583 1397 quemdam
1617 1345 1871 1398 pagorum
1908 1330 1961 1385 in
1996 1330 2164 1386 Ponto

608 1423 837 1493 appellat
870 1423 1059 1492 patriae
1082 1422 1447 1491 praepositum,
1477 1422 1527 1475 in
1558 1422 1716 1491 epist.
1743 1422 1830 1477 87.

680 1512 804 1567 Haec
841 1514 1143 1568 testimonia
1180 1513 1231 1565 in
1273 1514 1500 1581 speciem
1533 1514 1822 1581 pugnantia
1849 1514 1891 1567 si
1943 1514 2081 1568 inter
2107 1528 2166 1570 se

600 1604 973 1669 conferantur,
1033 1604 1149 1673 plus
1203 1604 1451 1673 equidem
1516 1601 1773 1673 Gregorio
1827 1600 2163 1657 Nazianzeno

614 1699 865 1761 tribuam,
913 1697 1004 1766 qui
1044 1694 1300 1749 Basilium
1335 1693 1701 1763 Cappadocem
1734 1692 1983 1763 appellat,
2015 1701 2164 1747 ante-

609 1803 767 1856 quam
794 1786 896 1841 ulla
922 1787 968 1841 ei
989 1786 1328 1840 necessitudo
1352 1799 1469 1837 cum
1497 1782 1828 1852 Cappadocia
1864 1784 2162 1838 intercede-

2270 600 2438 655 lucem
2472 609 2624 670 patre
2644 599 2897 669 episcopo
2928 599 3103 654 editus
3127 599 3218 663 sit,
3250 598 3409 653 citius
3440 595 3587 650 nasci
3618 607 3729 647 non
3761 602 3865 656 po-

2270 690 2369 744 tuit
2396 707 2536 745 anno
2562 690 2685 753 528,
2710 704 2817 757 quo
2847 690 3015 757 ipsius
3042 699 3194 757 pater
3217 689 3498 743 ordinatus
3530 692 3634 747 est,
3660 685 3865 747 utpote

2268 795 2505 838 mortuus
2533 798 2673 837 anno
2703 782 2805 835 575
2832 793 3062 837 exeunte
3098 791 3190 834 aut
3223 782 3440 834 ineunte
3470 778 3596 841 574,
3639 768 3862 828 emeri—

2269 877 2333 929 tis
2356 874 2407 927 in
2447 875 2754 942 episcopatu
2804 871 3163 941 quadraginta
3219 871 3458 939 quinque
3491 866 3669 919 annis.
3727 857 3859 914 Jam

2266 982 2392 1022 vero
2437 966 2755 1035 Gregorium
2813 967 2864 1019 in
2910 966 3223 1035 episcopatu
3264 963 3432 1031 patris
3468 969 3648 1013 natum
3702 966 3856 1013 esse,

2263 1060 2361 1115 etsi
2389 1060 2582 1112 mirum
2620 1059 2671 1111 id
2703 1067 2757 1111 et
2780 1073 2997 1122 prorsus
3026 1057 3303 1111 insolitum
3329 1054 3560 1116 videtur,
3592 1064 3693 1103 nec
3723 1062 3860 1100 cum

2268 1153 2473 1221 legibus
2511 1150 2900 1204 ecclesiasticis
2932 1150 3086 1204 valde
3118 1162 3435 1209 consonum,
3470 1144 3617 1198 clare
3660 1150 3859 1194 tamen

2263 1243 2586 1313 perspicitur
2614 1256 2681 1296 ex
2717 1243 2799 1296 his
2825 1240 3072 1311 Gregorii
3098 1240 3165 1294 ad
3198 1239 3363 1292 lilium
3400 1235 3576 1291 verbis
3603 1235 3684 1301 (d)
3728 1246 3743 1282 :

2404 1354 2567 1408 Οὔπω
2587 1355 2833 1407 τοσοῦτον
2863 1354 3278 1424 ὲκμεμέτρηκας
3303 1349 3433 1420 βίον,

2415 1428 2575 1488 ’Όσος
2600 1424 2779 1495 διῆλθε
2807 1422 3145 1494 Θυσιῶνίὲμόὶ
3179 1422 3386 1493 χρόνος.

2424 1516 2672 1571 Nondum
2704 1505 2773 1569 tot
2805 1533 2969 1569 annos
3000 1518 3102 1569 vita
3129 1515 3381 1583 percurrit
3406 1521 3522 1583 tua,

2410 1588 2545 1653 Quot
2569 1588 2639 1639 mi
2674 1589 2728 1640 in
2755 1587 2917 1640 sacris
2945 1580 3188 1655 suntjam
3218 1582 3413 1653 peracti
3442 1580 3681 1635 victimis.

2262 1697 2484 1753 Frustra
2539 1696 2780 1767 Gregorii
2808 1704 2956 1751 ortus
2979 1697 3046 1751 ad
3076 1696 3275 1766 primos
3301 1694 3641 1763 episcopatus
3695 1702 3862 1742 men-

2270 1806 2356 1846 ses
2406 1788 2698 1845 referatur.
2741 1787 2817 1843 Ne
2860 1789 2938 1844 sic
2974 1789 3190 1859 quidem
3231 1786 3514 1843 diﬂicultas
3540 1784 3856 1841 minuetur,

610 1890 713 1943 ret.
746 1888 940 1948 praeter
973 1892 1088 1931 eam
1120 1891 1279 1946 quam
1311 1887 1500 1929 natura
1530 1876 1876 1930 conﬂaverat.
1920 1874 2166 1929 Nondum
2203 1860 2243 1915 Β
2270 1898 2389 1937 cum
2416 1881 2709 1938 Caesarium
2748 1881 2966 1935 fratrem
2987 1879 3284 1951 Gregorius
3312 1878 3556 1933 habuerit
3579 1884 3710 1929 natu
3747 1873 3859 1926 mi-

606 1972 748 2025 enim
780 1970 1059 2039 episcopus
1084 1978 1203 2023 erat
1232 1977 1325 2021 aut
1351 1968 1654 2038 presbyter.
1690 1966 1909 2022 Litteris
1950 1967 2165 2036 quidem

606 2063 865 2118 Caesarea:
891 2076 1108 2130 operam
1143 2060 1395 2126 dederat;
1424 2061 1519 2115 sed
1550 2060 1601 2114 id
1627 2058 1760 2113 tanti
1790 2075 1894 2113 non
1920 2069 2056 2125 erat,
2075 2074 2169 2113 cur

607 2152 894 2221 Cappadox
922 2152 1224 2205 diceretur:
1260 2150 1378 2204 alite
1403 2150 1547 2204 enim
1584 2150 1746 2204 urbes
1774 2150 1885 2219 pari
1920 2149 2039 2218 jure
2070 2147 2168 2200 Ba-

605 2245 783 2297 silium
815 2244 915 2297 sibi
950 2242 1331 2295 vindicassent.
1361 2240 1517 2294 Aliud
1551 2254 1678 2307 ergo
1722 2255 1898 2295 causae
1930 2255 2036 2293 non
2089 2240 2198 2316 vi-_

604 2334 764 2387 detur
800 2332 1069 2387 exstitisse
1107 2345 1203 2384 cur
1231 2330 1518 2401 Cappadox
1559 2330 1853 2394 diceretur,
1893 2330 1992 2384 nisi
2028 2330 2168 2399 quod

607 2424 864 2476 Caesareae
896 2422 946 2475 in
986 2420 1154 2475 lucem
1186 2421 1364 2475 editus
1404 2419 1595 2474 fuerat.
1622 2422 1692 2473 At
1721 2419 1929 2475 facilius
1952 2430 2034 2476 est
2073 2434 2165 2472 ex-

607 2509 806 2578 plicare
826 2524 923 2563 cur
948 2507 1174 2563 Pontum
1196 2509 1418 2577 patriam
1445 2508 1671 2577 appellet
1702 2508 1947 2570 Basilius,
1982 2524 2169 2577 quani-

607 2600 687 2654 vis
715 2610 871 2652 natus
895 2599 945 2651 in
986 2599 1086 2653 hac
1118 2599 1333 2667 regione
1362 2613 1466 2652 non
1493 2597 1702 2654 fuisset.
1732 2598 1858 2653 llaec
1896 2599 2038 2652 enim
2073 2614 2171 2668 pa-

592 2692 709 2747 ‘tria
736 2692 976 2759 parentis
1003 2700 1058 2745 et
1100 2706 1321 2746 avorum
1353 2710 1365 2745 :
1408 2692 1479 2745 ibi
1529 2703 1678 2761 pater
1708 2693 2036 2746 domicilium
2069 2693 2166 2745 ha-

614 2787 807 2839 buerat
838 2802 852 2837 :
892 2784 959 2838 ibi
988 2785 1096 2839 nati
1141 2784 1353 2839 fuerant
1380 2783 1561 2837 Basilii
1590 2783 1785 2838 fratres
1816 2801 1830 2837 :
1881 2786 1949 2839 ibi
1979 2786 2170 2839 nutrici

608 2875 831 2929 traditus
851 2874 1108 2930 alendus:
1140 2876 1211 2929 ibi
1246 2875 1417 2946 prima
1454 2874 1595 2929 illius
1627 2885 1679 2929 et
1702 2876 1914 2942 pietatis
1950 2884 2001 2929 et
2031 2876 2172 2931 litte-

608 2982 791 3022 rarum
837 2968 1085 3023 tirocinia
1121 2984 1133 3018 :
1176 2968 1249 3022 ibi
1296 2967 1489 3022 dilecta
1537 2966 1791 3033 solitudo,
1820 2968 1872 3021 in
1903 2982 2062 3037 quam
2114 2983 2173 3023 se

609 3071 905 3131 receperat.
936 3060 1037 3115 Tot
1062 3076 1188 3131 ergo
1210 3060 1518 3116 nominibus
1546 3060 1670 3115 huic
1703 3060 1819 3115 loco
1853 3060 2169 3125 obstrictus,

608 3170 713 3209 non
743 3155 1013 3209 immerito
1042 3152 1189 3208 illum
1220 3154 1391 3208 instar
1413 3152 1598 3221 patria:
1636 3151 1885 3207 habebat.
1919 3151 2009 3206 Sic
2035 3150 2168 3207 Gre-

609 3245 793 3317 gorius
820 3244 1093 3316 Nyssenus
1127 3244 1327 3310 locum,
1380 3218 1432 3298 in
1484 3258 1589 3313 quo
1623 3243 1976 3314 quadraginta
2022 3257 2166 3297 mar-
2198 3218 2239 3276 δ

610 3353 755 3415 tyres
803 3343 945 3413 passi
990 3342 1222 3407 fuerant,
1266 3340 1488 3412 patriam
1525 3354 1675 3395 suam
1700 3353 1821 3395 esse
1845 3339 1995 3405 dicit,
2048 3338 2169 3407 quia

607 3443 818 3504 patrum
853 3448 1069 3488 suorum
1104 3434 1291 3502 patria
1318 3441 1457 3498 erat,
1487 3439 1616 3487 tom.
1650 3429 1738 3497 Ill,
1774 3446 1827 3501 p.
1859 3429 1983 3485 500.
2028 3430 2170 3483 Idem

610 3528 661 3580 in
687 3527 927 3581 oratione
956 3526 1008 3579 in
1030 3526 1087 3581 S.
1123 3524 1469 3591 Theodorum,
1499 3540 1549 3594 p.
1573 3522 1696 3589 585,
1724 3524 2007 3578 Amaseam
2033 3522 2173 3575 illius

609 3617 832 3687 patriam
854 3626 1026 3679 vocat,
1046 3618 1189 3686 quia,
1213 3616 1476 3685 martyris.
1498 3616 1690 3686 inquit,
1720 3618 1895 3684 patria
1927 3615 2069 3669 locus
2095 3623 2171 3667 est

622 3709 900 3777 passionis.
926 3709 1062 3775 Quin
1092 3710 1253 3763 etiam
1278 3710 1390 3778 ipse
1411 3710 1638 3764 Basilius
1670 3708 1974 3764 Armeniam
1994 3706 2174 3776 appel-

612 3800 686 3854 lat
721 3802 945 3870 patriam
984 3801 1035 3855 in
1069 3802 1226 3871 epist.
1268 3801 1391 3868 223,
1425 3818 1477 3857 n.
1515 3803 1567 3866 '5,
1601 3803 1687 3856 ubi
1725 3802 1800 3855 ait
1832 3816 1889 3856 se
1912 3816 1977 3856 ex
2009 3801 2174 3854 variis

609 3894 1128 3964 peregrinationibus
1193 3895 1501 3949 redeuntem
1561 3895 1833 3949 invenisse
1893 3894 1945 3948 in
2002 3892 2173 3963 patria

598 3986 916 4049 nonnullos,
962 3986 1051 4055 qui
1107 3987 1270 4040 vitam
1331 3986 1676 4040 monasticam
1732 3983 2169 4054 profitebantur:

605 4079 804 4148 quibus
826 4077 1003 4132 verbis
1028 4077 1375 4131 Eustathium
1407 4077 1760 4132 Sebastenum
1784 4075 2049 4145 designat.
2078 4074 2175 4127 Mi-

611 4185 726 4224 rum
756 4179 935 4223 autem
969 4185 1072 4224 non
1103 4179 1184 4225 est
1215 4170 1468 4225 Basilium
1510 4168 1768 4223 Caesareae
1798 4176 1983 4223 natum
2032 4182 2170 4234 esse,

608 4264 853 4334 quamvis
896 4263 1061 4331 ipsius
1093 4272 1240 4331 pater
1266 4262 1527 4331 prmcipue
1562 4260 1615 4314 in
1639 4259 1812 4314 Ponto
1842 4259 2174 4314 domicilium

610 4361 874 4417 habuerit.
896 4356 1096 4426 Ampiae
1112 4356 1258 4410 enim
1292 4353 1681 4424 possessiones,
1714 4367 1849 4421 quas
1880 4352 1932 4405 in
1969 4349 2176 4419 Cappa-

612 4456 761 4509 docia
793 4452 1042 4515 habebat,
1088 4464 1229 4518 saepe
1261 4447 1417 4501 illum
1466 4445 1765 4500 Caesaream
1815 4452 2092 4497 traxerunt
2122 4452 2176 4496 et

611 4546 699 4599 diu
731 4547 782 4598 in
810 4546 909 4597 hac
942 4544 1073 4596 urbe
1116 4540 1489 4602 detinuerunt,
1535 4539 1667 4592 adeo
1701 4546 1757 4589 ut
1794 4534 1937 4588 illius
1966 4544 2021 4589 et
2048 4533 2172 4586 Em—

612 4636 783 4690 melite
812 4634 1065 4702 prteclare
1124 4630 1265 4685 facta
1314 4630 1611 4701 Gregorius
1661 4630 1801 4683 inter
1846 4626 2073 4682 Pontum
2122 4634 2176 4679 et

610 4726 1005 4794 Cappadociam
1038 4723 1204 4776 divisa
1236 4722 1396 4777 fuisse
1429 4731 1653 4776 testetur
1687 4720 1787 4790 (ὁ).

681 4816 745 4870 ll.
804 4816 968 4870 Natus
1006 4825 1089 4870 est
1131 4813 1359 4867 Basilius
1408 4816 1548 4867 circa
1589 4826 1785 4866 annum
1839 4810 1969 4873 5°29,
2013 4808 2178 4877 idque

611 4911 743 4965 satis
764 4910 991 4978 quadrat
1020 4923 1141 4962 cum
1178 4907 1317 4961 illius
1343 4907 1644 4961 litterarum
1675 4903 1892 4966 studiis,
1923 4915 2040 4971 qua:
2080 4914 2177 4953 an-

612 5017 680 5054 no
705 4998 809 5054 355
832 5009 1059 5053 exeunte
1088 4998 1326 5053 absoluta
1363 4997 1595 5051 fuerunt.
1635 4994 1747 5051 Non
1784 4994 1927 5049 enim
1979 4992 2180 5061 patitur

609 5090 805 5145 eximia
835 5089 975 5142 illius
1022 5089 1217 5159 ingenii
1254 5088 1418 5153 acies,
1445 5104 1564 5158 qua:
1613 5097 1822 5141 mature
1881 5083 2179 5152 disciplinis

612 5181 919 5237 liberalibus
943 5182 1104 5249 cmpit
1134 5181 1324 5245 excoli,
1350 5191 1407 5235 ut
1435 5196 1579 5245 eum,
1605 5196 1725 5235 cum
1752 5178 1910 5233 rediit
1928 5176 2177 5242 Athenis,

610 5289 779 5327 annos
808 5282 986 5325 natmu
1026 5273 1189 5327 fuisse
1217 5273 1494 5343 plusquam
1528 5274 1715 5343 viginti
1739 5283 1946 5340 septem
1986 5267 2181 5322 existi-

612 5380 837 5420 memus.
858 5364 962 5417 Sed
997 5365 1098 5417 alia
1119 5364 1300 5419 subest
1332 5364 1484 5435 longe
1514 5365 1735 5435 gravior
1767 5364 1925 5419 ratio.
1980 5360 2178 5417 Juuior

683 5539 757 5612 ((ι)
792 5538 886 5612 Ep.
915 5540 972 5612 β.
1000 5558 1053 5599 n.
1082 5541 1130 5607 1,
1160 5556 1214 5612 p.
1240 5541 1328 5596 80.

683 5609 757 5679 ib)
784 5610 875 5663 Οι·.
908 5609 996 5665 20.

684 5679 752 5747 (ε)
794 5680 919 5732 Naz.
951 5698 1036 5747 cp.
1065 5683 1152 5736 '55.

684 5753 757 5820 (Α)
792 5751 913 5810 δίη.
950 5752 1020 5803 De
1045 5767 1143 5806 vim
1178 5769 1292 5805 sua.

684 5836 750 5891 (ιλ)
780 5820 877 5888 Ην.
918 5823 1037 5874 Mil.

2272 1987 2476 2029 norem.
2511 1971 2777 2027 Baronius
2797 1972 3261 2041 exaggerationem
3287 1971 3339 2024 in
3375 1968 3551 2023 verbis
3586 1962 3852 2033 Gregorii

2274 2062 2611 2131 suspicatur;
2653 2061 2748 2115 sed
2774 2062 2891 2115 sine
2924 2060 3028 2114 ulla
3054 2074 3275 2129 prorsus
3308 2059 3536 2113 ratione.
3565 2054 3853 2125 Papebro-

2271 2153 2422 2207 chius
2457 2167 2553 2222 pro
2593 2150 2792 2204 θυσιῶν
2822 2151 3102 2220 legendum
3130 2149 3346 2216 conjicit
3368 2147 3597 2218 ἐτησίων
3632 2154 3730 2199 aut
3764 2143 3855 2204 δὶς

2263 2244 2366 2323 ἰὼν
2395 2246 2518 2316 ἐμοὶ
2540 2244 2747 2316 χρόνος.
2780 2243 2884 2297 Sed
2911 2245 3079 2296 satius
3112 2248 3193 2295 est
3230 2255 3351 2295 cum
3382 2237 3731 2292 Tillemontio
3768 2234 3855 2288 fa—

2272 2337 2369 2390 teri
2413 2336 2579 2406 legem
2632 2333 3061 2390 ecclesiasticam
3104 2332 3168 2385 de
3196 2330 3525 2385 continentia
3565 2328 3855 2397 episcopo-

2274 2445 2391 2483 rum
2423 2428 2657 2483 nondum
2689 2427 2741 2480 in
2765 2427 3017 2481 omnibus
3043 2424 3261 2479 omnino
3294 2421 3552 2477 Ecelesiis
3585 2420 3852 2488 viguisse,

2273 2536 2431 2591 quam
2458 2518 2856 2588 apertissimum
2887 2516 3060 2570 locum
3094 2514 3359 2583 ejusmodi
3393 2508 3723 2578 conjecturis
3767 2516 3856 2560 at-

2276 2621 2504 2668 tentare.
2546 2608 2884 2664 Probabilior
2914 2616 3055 2661 esset
3100 2603 3424 2660 difficultatis
3466 2599 3737 2655 solvenda:
3762 2613 3855 2650 ra-

2276 2704 2365 2763 tio.
2394 2704 2438 2757 si
2469 2700 2783 2769 Gregorius,
2834 2699 2925 2771 qui
2969 2713 3110 2752 anno
3146 2696 3250 2751 525
3298 2696 3602 2764 baptizatus
3630 2700 3737 2757 est,
3797 2699 3855 2743 et

2276 2800 2414 2850 inter
2464 2795 2821 2849 sacerdotium
2867 2806 2930 2845 ac
2988 2788 3255 2858 baptisma
3315 2784 3529 2853 aliquod
3582 2784 3852 2850 temporis

2273 2887 2502 2957 spatium
2539 2883 2880 2954 interposuit,
2915 2882 2967 2934 in
2990 2878 3289 2950 presbyteri
3326 2875 3491 2945 gradu
3517 2874 3620 2928 dici
3656 2881 3851 2941 posset

2276 2978 2583 3047 aliquandiu
2622 2976 2983 3036 ministrasse,
3006 2981 3060 3027 et
3087 2972 3151 3025 ad
3188 2970 3325 3024 hanc
3355 2967 3669 3037 dignitatem
3703 2978 3849 3017 anno

2276 3071 2377 3125 527
2413 3070 2743 3139 pervenisse.
2777 3066 2882 3121 Sed
2926 3066 3085 3135 hujus
3120 3064 3194 3118 rei
3238 3061 3437 3116 nullum
3474 3064 3648 3115 exuat
3682 3057 3851 3111 vestio

2276 3162 2441 3233 gium.
2502 3159 2661 3213 Plura
2719 3159 2839 3212 vide
2877 3157 3017 3227 apud
3067 3153 3487 3219 Tillemontium,
3534 3159 3646 3204 not.
3702 3148 3760 3211 4,
3794 3147 3848 3199 in

2274 3252 2426 3322 Greg.
2454 3250 2595 3305 Nas.
2619 3250 2845 3306 Basilius
2866 3264 3014 3319 ergo,
3054 3247 3145 3316 qui
3178 3246 3452 3314 aliquanto
3487 3248 3608 3311 post
3634 3240 3849 3308 Grego-

2275 3346 2413 3399 rium
2463 3344 2517 3397 in
2570 3345 2743 3397 lucem
2786 3341 2962 3395 editus
2990 3346 3094 3401 est,
3135 3337 3280 3392 circa
3311 3350 3511 3389 annum
3541 3333 3646 3395 529
3687 3340 3849 3385 natus

2272 3437 2522 3501 videtur;
2569 3444 2625 3488 et
2670 3447 2790 3487 cum
2824 3445 3006 3487 senem
3034 3445 3092 3485 se
3136 3444 3256 3483 esse
3286 3428 3415 3482 dicit
3442 3426 3515 3497 (ε)
3549 3440 3689 3479 anno
3714 3423 3845 3485 374,

2276 3529 2326 3582 id
2359 3543 2466 3581 non
2502 3537 2607 3580 tam
2644 3526 2786 3579 illius
2819 3524 2975 3578 anuis
3004 3522 3351 3576 tribuendum
3378 3535 3536 3588 quam
3569 3526 3848 3587 perpetua:

2276 3621 2489 3675 cuidam
2524 3618 2847 3682 infirmitati,
2874 3631 2993 3686 qua:
3012 3616 3079 3670 ab
3105 3615 3323 3669 ineunte
3354 3621 3508 3666 aztate
3536 3609 3756 3677 incepit,
3785 3623 3849 3662 ac

2276 3722 2458 3782 postea
2501 3711 2826 3781 pmuitentia:
2865 3720 2918 3765 et
2965 3707 3251 3763 sacerdotii
3291 3704 3561 3759 laboribus
3596 3711 3651 3757 et
3691 3700 3849 3755 novis

2277 3802 2778 3873 supervenientibus
2811 3799 3012 3854 morbis
3068 3799 3148 3854 sic
3205 3795 3465 3859 accrevit,
3512 3802 3568 3847 ut
3623 3794 3675 3847 in
3730 3794 3849 3862 ipso

2274 3895 2447 3949 astatis
2462 3894 2654 3948 robore
2673 3907 2836 3947 senex
2860 3891 3131 3945 videretur
3150 3887 3242 3961 (ι’),
3266 3902 3330 3943 ac
3356 3886 3602 3943 dentibus
3624 3894 3847 3939 careret

2276 3999 2448 4037 annos
2486 3994 2642 4037 natus
2673 3981 2759 4035 46.

2348 4073 2435 4129 Ill.
2457 4074 2750 4128 Paternum
2789 4084 2955 4142 genus
2993 4067 3221 4125 Basilius
3254 4082 3284 4122 e
3310 4067 3501 4132 Ponto,
3529 4075 3587 4119 ut
3612 4072 3847 4120 testatur

2275 4165 2562 4236 Gregorius
2592 4162 2967 4216 Nazianzenus
3004 4159 3432 4236 (g),gmaternum
3476 4173 3538 4213 ex
3564 4156 3845 4225 Cappadoo

2276 4259 2359 4313 cia
2390 4234 2632 4313 ducebat.
2678 4254 2994 4323 Quanquam
3032 4234 3325 4322 Gregorius
3368 4251 3661 4321 Nysseuus,
3711 4263 3834 4301 cum

2275 4350 2629 4421 quadraginta
2665 4355 2930 4417 martyres
2968 4346 3021 4400 in
3051 4360 3114 4400 eo
3137 4344 3252 4398 loco
3283 4343 3543 4404 laudaret,
3580 4339 3669 4393 ubi
3701 4336 3845 4407 passi

2277 4443 2509 4503 fuerant,
2548 4439 2600 4494 id
2626 4450 2704 4493 est
2730 4437 2989 4493 Sebastia:
3020 4436 3072 4489 in
3105 4433 3384 4495 Armenia,
3411 4432 3550 4484 hanc
3580 4428 3843 4497 majorum

2279 4548 2495 4587 suorum
2536 4530 2764 4602 patriam
2818 4544 2937 4584 esse
2976 4533 3268 4588 asseverat,
3303 4524 3416 4577 sive
3449 4522 3573 4591 quia
3624 4521 3748 4574 inde
3793 4518 3843 4569 in

2283 4626 2508 4681 Pontum
2563 4633 2654 4677 aut
2702 4620 3091 4691 Cappadociam
3150 4616 3499 4677 transierant,
3556 4614 3667 4668 sive
3719 4612 3841 4681 quia

2282 4718 2406 4771 olim
2442 4715 2682 4770 Sebastia
2714 4712 3065 4782 Cappadocia:
3093 4708 3349 4762 attributa
3385 4716 3521 4759 erat.

2358 4808 2481 4860 Erat
2511 4815 2689 4858 atttem
2720 4814 3005 4869 utrumque
3036 4800 3162 4854 illud
3194 4813 3361 4866 genus
3388 4794 3726 4855 militaribus,
3754 4807 3845 4861 pa-

2286 4897 2467 4951 latinis
2496 4904 2550 4949 et
2584 4892 2995 4962 municipalibus
3022 4888 3369 4959 dignitatibus
3406 4886 3634 4951 insigne,
3675 4898 3737 4936 ac
3768 4883 3847 4932 di-

2286 4988 2431 5042 vitiis
2472 4996 2525 5041 et
2558 4984 2774 5054 Opibus,
2825 4989 2877 5036 et
2922 4979 3149 5036 excelsis
3182 4977 3386 5032 thronis
3430 4991 3492 5030 ac
3533 4974 3844 5043 eloquenti-.c

2286 5080 2429 5133 fama
2461 5078 2663 5133 clarum
2693 5074 2806 5147 (lt);
2856 5074 2948 5128 sed
2988 5073 3190 5140 pietate
3238 5084 3301 5124 ac
3348 5067 3618 5137 religionis
3649 5064 3841 5125 studio,

2289 5181 2343 5226 et
2374 5173 2529 5225 rebus
2576 5182 2671 5235 pro
2720 5165 2933 5219 Christo
2985 5162 3196 5217 l‘ortiter
3224 5160 3389 5229 gestis
3428 5159 3586 5226 longe
3632 5157 3842 5209 clarius.

2291 5262 2423 5316 Nam
2453 5271 2723 5315 maternus
2746 5256 2923 5310 Basilii
2950 5271 3080 5309 avus
3113 5255 3219 5307 vita
3255 5261 3308 5306 et
3347 5251 3499 5305 bonis
3527 5264 3619 5317 pro
3637 5249 3845 5302 Clll‘lalo

2290 5353 2546 5425 spoliatus
2569 5350 2635 5403 ab
2668 5350 2991 5418 imperatore
3011 5346 3187 5402 fuerat
3223 5345 3306 5415 ti).
3342 5342 3439 5397 Avi
3468 5351 3644 5395 autem
3677 5348 3844 5409 pater-

2353 5529 2416 5597 (ο
2455 5528 2549 5597 Ep.
2586 5527 2711 5581 asa.

2376 5600 2425 5667 (ι)
2450 5600 2540 5653 0r.
2572 5598 2665 5651 9.0.

2376 5670 2429 5739 Ιι)
2466 5669 2597 5739 Ibid.

2358 5731 2422 5810 ii),
2461 5738 2613 5809 Nyss.
2655 5737 2757 5792 Vit.
2792 5737 2847 5792 S.
2884 5736 3053 5789 Macr.
3088 5745 3213 5790 tom.
3244 5731 3311 5798 ll,
3347 5748 3397 5803 p.
3440 5731 3555 5786 191.
