  <div class='ocr_page' id='page_1' title='image "/cluster/home/n/w/nwhite01/storage/ocr_20150623/29/hvd.32044011320256/012.png"; bbox 0 0 3992 6392; ppageno 0'>
   <div class='ocr_carea' id='block_1_1' title="bbox 1512 442 1746 505">
    <p class='ocr_par' dir='ltr' id='par_1_1' title="bbox 1512 447 1746 505">
     <span class='ocr_line' id='line_1_1' title="bbox 1512 447 1746 505; baseline -0.004 -1"><span class='ocrx_word' id='word_1_1' title='bbox 1512 447 1675 505; x_wconf 74' lang='grc' dir='ltr'><strong>ἮΤΑ</strong></span> <span class='ocrx_word' id='word_1_2' title='bbox 1712 448 1746 503; x_wconf 90' lang='lat' dir='ltr'><strong>S</strong></span> 
     </span>
    </p>
   </div>
   <div class='ocr_carea' id='block_1_2' title="bbox 1849 442 3405 505">
    <p class='ocr_par' dir='ltr' id='par_1_2' title="bbox 1852 442 3405 501">
     <span class='ocr_line' id='line_1_2' title="bbox 1852 442 3405 501; baseline 0.003 -3"><span class='ocrx_word' id='word_1_3' title='bbox 1852 442 2066 499; x_wconf 72' lang='lat' dir='ltr'><strong>ASILII.</strong></span> <span class='ocrx_word' id='word_1_4' title='bbox 3334 463 3405 501; x_wconf 87' lang='lat' dir='ltr'><strong>vtl</strong></span> 
     </span>
    </p>
   </div>
   <div class='ocr_carea' id='block_1_3' title="bbox 241 554 3413 631">
    <p class='ocr_par' dir='ltr' id='par_1_3' title="bbox 241 554 3413 631">
     <span class='ocr_line' id='line_1_3' title="bbox 241 554 3413 631; baseline -0.003 -14"><span class='ocrx_word' id='word_1_5' title='bbox 241 562 279 617; x_wconf 83' lang='lat' dir='ltr'><strong>ni</strong></span> <span class='ocrx_word' id='word_1_6' title='bbox 296 568 424 618; x_wconf 78' lang='lat' dir='ltr'><strong>erant</strong></span> <span class='ocrx_word' id='word_1_7' title='bbox 449 556 747 631; x_wconf 88' lang='lat' dir='ltr'><strong>nliquidem</strong></span> <span class='ocrx_word' id='word_1_8' title='bbox 770 572 835 613; x_wconf 83' lang='lat' dir='ltr'><strong>au</strong></span> <span class='ocrx_word' id='word_1_9' title='bbox 851 559 1029 614; x_wconf 82' lang='lat' dir='ltr'><strong>omnia</strong></span> <span class='ocrx_word' id='word_1_10' title='bbox 1062 573 1155 630; x_wconf 93' lang='lat' dir='ltr'><strong>pro</strong></span> <span class='ocrx_word' id='word_1_11' title='bbox 1183 558 1399 613; x_wconf 87' lang='lat' dir='ltr'><strong>Christo</strong></span> <span class='ocrx_word' id='word_1_12' title='bbox 1427 558 1744 628; x_wconf 89' lang='lat' dir='ltr'><strong>perferenda</strong></span> <span class='ocrx_word' id='word_1_13' title='bbox 1778 562 1821 618; x_wconf 76' lang='grc' dir='ltr'><strong>Α</strong></span> <span class='ocrx_word' id='word_1_14' title='bbox 1851 556 2246 625; x_wconf 73' lang='lat' dir='ltr'><strong>persecutionis</strong></span> <span class='ocrx_word' id='word_1_15' title='bbox 2283 556 2611 620; x_wconf 88' lang='lat' dir='ltr'><strong>decertasse,</strong></span> <span class='ocrx_word' id='word_1_16' title='bbox 2647 554 2870 625; x_wconf 81' lang='lat' dir='ltr'><strong>ejusque</strong></span> <span class='ocrx_word' id='word_1_17' title='bbox 2895 564 2947 609; x_wconf 92' lang='lat' dir='ltr'><strong>et</strong></span> <span class='ocrx_word' id='word_1_18' title='bbox 2972 555 3155 609; x_wconf 85' lang='lat' dir='ltr'><strong>mariti</strong></span> <span class='ocrx_word' id='word_1_19' title='bbox 3182 554 3318 609; x_wconf 80' lang='lat' dir='ltr'><strong>bona</strong></span> <span class='ocrx_word' id='word_1_20' title='bbox 3343 561 3413 611; x_wconf 70' lang='grc' dir='ltr'>υιι</span> 
     </span>
    </p>
   </div>
   <div class='ocr_carea' id='block_1_4' title="bbox 244 649 1750 724">
    <p class='ocr_par' dir='ltr' id='par_1_4' title="bbox 244 649 1750 724">
     <span class='ocr_line' id='line_1_4' title="bbox 244 649 1750 724; baseline -0.003 -19"><span class='ocrx_word' id='word_1_21' title='bbox 244 653 547 724; x_wconf 78' lang='lat' dir='ltr'><strong>paratissimi;</strong></span> <span class='ocrx_word' id='word_1_22' title='bbox 582 650 678 705; x_wconf 90' lang='lat' dir='ltr'><strong>sed</strong></span> <span class='ocrx_word' id='word_1_23' title='bbox 704 665 821 704; x_wconf 91' lang='lat' dir='ltr'><strong>cum</strong></span> <span class='ocrx_word' id='word_1_24' title='bbox 866 650 1235 706; x_wconf 89' lang='lat' dir='ltr'><strong>meminissent</strong></span> <span class='ocrx_word' id='word_1_25' title='bbox 1261 649 1576 719; x_wconf 78' lang='lat' dir='ltr'><strong>Gregorium</strong></span> <span class='ocrx_word' id='word_1_26' title='bbox 1604 649 1750 703; x_wconf 79' lang='lat' dir='ltr'><strong>Neu-</strong></span> 
     </span>
    </p>
   </div>
   <div class='ocr_carea' id='block_1_5' title="bbox 242 738 1749 810">
    <p class='ocr_par' dir='ltr' id='par_1_5' title="bbox 242 738 1749 810">
     <span class='ocr_line' id='line_1_5' title="bbox 242 738 1749 810; baseline -0.007 -11"><span class='ocrx_word' id='word_1_27' title='bbox 242 744 557 800; x_wconf 73' lang='lat' dir='ltr'><strong>czsariensem</strong></span> <span class='ocrx_word' id='word_1_28' title='bbox 592 742 647 795; x_wconf 93' lang='lat' dir='ltr'><strong>in</strong></span> <span class='ocrx_word' id='word_1_29' title='bbox 683 742 1058 810; x_wconf 74' lang='lat' dir='ltr'><strong>persecutione</strong></span> <span class='ocrx_word' id='word_1_30' title='bbox 1096 740 1242 795; x_wconf 87' lang='lat' dir='ltr'><strong>Decii</strong></span> <span class='ocrx_word' id='word_1_31' title='bbox 1286 738 1578 809; x_wconf 92' lang='lat' dir='ltr'><strong>(retinebat</strong></span> <span class='ocrx_word' id='word_1_32' title='bbox 1609 741 1749 791; x_wconf 86' lang='lat' dir='ltr'><strong>enim</strong></span> 
     </span>
    </p>
   </div>
   <div class='ocr_carea' id='block_1_6' title="bbox 244 830 1749 905">
    <p class='ocr_par' dir='ltr' id='par_1_6' title="bbox 244 830 1749 905">
     <span class='ocr_line' id='line_1_6' title="bbox 244 830 1749 905; baseline -0.005 -16"><span class='ocrx_word' id='word_1_33' title='bbox 244 837 421 890; x_wconf 64' lang='lat' dir='ltr'><strong>Macrina</strong></span> <span class='ocrx_word' id='word_1_34' title='bbox 459 835 600 887; x_wconf 90' lang='lat' dir='ltr'><strong>illius</strong></span> <span class='ocrx_word' id='word_1_35' title='bbox 637 834 953 889; x_wconf 87' lang='lat' dir='ltr'><strong>documenta</strong></span> <span class='ocrx_word' id='word_1_36' title='bbox 980 831 1076 905; x_wconf 82' lang='grc' dir='ltr'><strong>(α),</strong></span> <span class='ocrx_word' id='word_1_37' title='bbox 1114 847 1442 902; x_wconf 73' lang='lat' dir='ltr'><strong>quaecunque</strong></span> <span class='ocrx_word' id='word_1_38' title='bbox 1484 831 1549 883; x_wconf 89' lang='lat' dir='ltr'><strong>ad</strong></span> <span class='ocrx_word' id='word_1_39' title='bbox 1582 830 1749 899; x_wconf 83' lang='lat' dir='ltr'><strong>ipsam</strong></span> 
     </span>
    </p>
   </div>
   <div class='ocr_carea' id='block_1_7' title="bbox 241 918 1750 991">
    <p class='ocr_par' dir='ltr' id='par_1_7' title="bbox 241 918 1750 991">
     <span class='ocr_line' id='line_1_7' title="bbox 241 918 1750 991; baseline -0.005 -14"><span class='ocrx_word' id='word_1_40' title='bbox 241 924 458 979; x_wconf 78' lang='lat' dir='ltr'><strong>memoria:</strong></span> <span class='ocrx_word' id='word_1_41' title='bbox 480 923 623 977; x_wconf 88' lang='lat' dir='ltr'><strong>serie</strong></span> <span class='ocrx_word' id='word_1_42' title='bbox 665 925 1045 991; x_wconf 75' lang='lat' dir='ltr'><strong>pervenerant)</strong></span> <span class='ocrx_word' id='word_1_43' title='bbox 1081 932 1133 975; x_wconf 90' lang='lat' dir='ltr'><strong>et</strong></span> <span class='ocrx_word' id='word_1_44' title='bbox 1163 921 1362 991; x_wconf 82' lang='lat' dir='ltr'><strong>fugisse</strong></span> <span class='ocrx_word' id='word_1_45' title='bbox 1388 929 1442 975; x_wconf 93' lang='lat' dir='ltr'><strong>et</strong></span> <span class='ocrx_word' id='word_1_46' title='bbox 1477 920 1541 974; x_wconf 90' lang='lat' dir='ltr'><strong>ad</strong></span> <span class='ocrx_word' id='word_1_47' title='bbox 1574 918 1750 988; x_wconf 77' lang='lat' dir='ltr'><strong>fugant</strong></span> 
     </span>
    </p>
   </div>
   <div class='ocr_carea' id='block_1_8' title="bbox 238 1011 1749 1083">
    <p class='ocr_par' dir='ltr' id='par_1_8' title="bbox 238 1011 1749 1083">
     <span class='ocr_line' id='line_1_8' title="bbox 238 1011 1749 1083; baseline -0.003 -16"><span class='ocrx_word' id='word_1_48' title='bbox 238 1019 335 1070; x_wconf 75' lang='lat' dir='ltr'><strong>alios</strong></span> <span class='ocrx_word' id='word_1_49' title='bbox 368 1016 700 1068; x_wconf 84' lang='lat' dir='ltr'><strong>adhortatum</strong></span> <span class='ocrx_word' id='word_1_50' title='bbox 744 1028 904 1079; x_wconf 90' lang='lat' dir='ltr'><strong>esse;</strong></span> <span class='ocrx_word' id='word_1_51' title='bbox 942 1020 1256 1083; x_wconf 85' lang='lat' dir='ltr'><strong>receperunt</strong></span> <span class='ocrx_word' id='word_1_52' title='bbox 1298 1028 1355 1067; x_wconf 91' lang='lat' dir='ltr'><strong>se</strong></span> <span class='ocrx_word' id='word_1_53' title='bbox 1386 1012 1436 1065; x_wconf 89' lang='lat' dir='ltr'><strong>in</strong></span> <span class='ocrx_word' id='word_1_54' title='bbox 1466 1011 1749 1081; x_wconf 82' lang='lat' dir='ltr'><strong>quamdam</strong></span> 
     </span>
    </p>
   </div>
   <div class='ocr_carea' id='block_1_9' title="bbox 237 1102 1751 1175">
    <p class='ocr_par' dir='ltr' id='par_1_9' title="bbox 237 1102 1751 1175">
     <span class='ocr_line' id='line_1_9' title="bbox 237 1102 1751 1175; baseline -0.001 -16"><span class='ocrx_word' id='word_1_55' title='bbox 237 1106 527 1160; x_wconf 75' lang='lat' dir='ltr'><strong>Ponticarum</strong></span> <span class='ocrx_word' id='word_1_56' title='bbox 576 1106 838 1160; x_wconf 88' lang='lat' dir='ltr'><strong>montium</strong></span> <span class='ocrx_word' id='word_1_57' title='bbox 895 1105 1081 1159; x_wconf 84' lang='lat' dir='ltr'><strong>silvam</strong></span> <span class='ocrx_word' id='word_1_58' title='bbox 1124 1104 1220 1175; x_wconf 79' lang='grc' dir='ltr'><strong>(ὁ),</strong></span> <span class='ocrx_word' id='word_1_59' title='bbox 1272 1104 1457 1173; x_wconf 88' lang='lat' dir='ltr'><strong>paucis</strong></span> <span class='ocrx_word' id='word_1_60' title='bbox 1499 1102 1751 1157; x_wconf 83' lang='lat' dir='ltr'><strong>adhibitis</strong></span> 
     </span>
    </p>
   </div>
   <div class='ocr_carea' id='block_1_10' title="bbox 238 1195 1753 1265">
    <p class='ocr_par' dir='ltr' id='par_1_10' title="bbox 238 1195 1753 1265">
     <span class='ocr_line' id='line_1_10' title="bbox 238 1195 1753 1265; baseline -0.003 -14"><span class='ocrx_word' id='word_1_61' title='bbox 238 1200 339 1265; x_wconf 65' lang='lat' dir='ltr'><strong>fug:</strong></span> <span class='ocrx_word' id='word_1_62' title='bbox 355 1197 569 1251; x_wconf 87' lang='lat' dir='ltr'><strong>consciis</strong></span> <span class='ocrx_word' id='word_1_63' title='bbox 594 1206 651 1251; x_wconf 89' lang='lat' dir='ltr'><strong>et</strong></span> <span class='ocrx_word' id='word_1_64' title='bbox 679 1198 856 1253; x_wconf 90' lang='lat' dir='ltr'><strong>victus</strong></span> <span class='ocrx_word' id='word_1_65' title='bbox 908 1197 1191 1252; x_wconf 89' lang='lat' dir='ltr'><strong>ministris.</strong></span> <span class='ocrx_word' id='word_1_66' title='bbox 1218 1198 1273 1251; x_wconf 89' lang='lat' dir='ltr'><strong>ln</strong></span> <span class='ocrx_word' id='word_1_67' title='bbox 1309 1196 1411 1250; x_wconf 86' lang='lat' dir='ltr'><strong>hoc</strong></span> <span class='ocrx_word' id='word_1_68' title='bbox 1446 1195 1638 1250; x_wconf 89' lang='lat' dir='ltr'><strong>exsilio</strong></span> <span class='ocrx_word' id='word_1_69' title='bbox 1666 1209 1753 1247; x_wconf 92' lang='lat' dir='ltr'><strong>se-</strong></span> 
     </span>
    </p>
   </div>
   <div class='ocr_carea' id='block_1_11' title="bbox 234 1287 1747 1357">
    <p class='ocr_par' dir='ltr' id='par_1_11' title="bbox 234 1287 1747 1357">
     <span class='ocr_line' id='line_1_11' title="bbox 234 1287 1747 1357; baseline -0.001 -19"><span class='ocrx_word' id='word_1_70' title='bbox 234 1301 343 1357; x_wconf 80' lang='lat' dir='ltr'><strong>ptem</strong></span> <span class='ocrx_word' id='word_1_71' title='bbox 369 1303 527 1340; x_wconf 87' lang='lat' dir='ltr'><strong>annos</strong></span> <span class='ocrx_word' id='word_1_72' title='bbox 554 1299 612 1341; x_wconf 88' lang='lat' dir='ltr'><strong>et</strong></span> <span class='ocrx_word' id='word_1_73' title='bbox 652 1287 928 1357; x_wconf 82' lang='lat' dir='ltr'><strong>aliquanto</strong></span> <span class='ocrx_word' id='word_1_74' title='bbox 960 1287 1190 1357; x_wconf 81' lang='lat' dir='ltr'><strong>amplius</strong></span> <span class='ocrx_word' id='word_1_75' title='bbox 1221 1287 1321 1342; x_wconf 92' lang='lat' dir='ltr'><strong>sub</strong></span> <span class='ocrx_word' id='word_1_76' title='bbox 1362 1287 1451 1341; x_wconf 91' lang='lat' dir='ltr'><strong>dio</strong></span> <span class='ocrx_word' id='word_1_77' title='bbox 1480 1287 1747 1347; x_wconf 82' lang='lat' dir='ltr'><strong>vixerunt,</strong></span> 
     </span>
    </p>
   </div>
   <div class='ocr_carea' id='block_1_12' title="bbox 235 1376 1748 1447">
    <p class='ocr_par' dir='ltr' id='par_1_12' title="bbox 235 1376 1748 1447">
     <span class='ocr_line' id='line_1_12' title="bbox 235 1376 1748 1447; baseline -0.001 -18"><span class='ocrx_word' id='word_1_78' title='bbox 235 1378 402 1445; x_wconf 80' lang='lat' dir='ltr'><strong>pluviis,</strong></span> <span class='ocrx_word' id='word_1_79' title='bbox 424 1377 699 1446; x_wconf 84' lang='lat' dir='ltr'><strong>algoribus</strong></span> <span class='ocrx_word' id='word_1_80' title='bbox 724 1387 778 1432; x_wconf 91' lang='lat' dir='ltr'><strong>et</strong></span> <span class='ocrx_word' id='word_1_81' title='bbox 795 1377 1085 1447; x_wconf 80' lang='lat' dir='ltr'><strong>frigoribus</strong></span> <span class='ocrx_word' id='word_1_82' title='bbox 1111 1376 1360 1446; x_wconf 79' lang='lat' dir='ltr'><strong>expositi,</strong></span> <span class='ocrx_word' id='word_1_83' title='bbox 1393 1376 1462 1430; x_wconf 90' lang='lat' dir='ltr'><strong>ab</strong></span> <span class='ocrx_word' id='word_1_84' title='bbox 1495 1376 1748 1429; x_wconf 88' lang='lat' dir='ltr'><strong>omnibus</strong></span> 
     </span>
    </p>
   </div>
   <div class='ocr_carea' id='block_1_13' title="bbox 235 1467 1751 1533">
    <p class='ocr_par' dir='ltr' id='par_1_13' title="bbox 235 1467 1751 1533">
     <span class='ocr_line' id='line_1_13' title="bbox 235 1467 1751 1533; baseline 0 -13"><span class='ocrx_word' id='word_1_85' title='bbox 235 1472 327 1523; x_wconf 71' lang='lat' dir='ltr'><strong>vita:</strong></span> <span class='ocrx_word' id='word_1_86' title='bbox 354 1471 659 1533; x_wconf 82' lang='lat' dir='ltr'><strong>commodis,</strong></span> <span class='ocrx_word' id='word_1_87' title='bbox 697 1469 764 1524; x_wconf 91' lang='lat' dir='ltr'><strong>ab</strong></span> <span class='ocrx_word' id='word_1_88' title='bbox 791 1470 983 1524; x_wconf 86' lang='lat' dir='ltr'><strong>amicis</strong></span> <span class='ocrx_word' id='word_1_89' title='bbox 1011 1478 1065 1524; x_wconf 90' lang='lat' dir='ltr'><strong>et</strong></span> <span class='ocrx_word' id='word_1_90' title='bbox 1104 1470 1247 1523; x_wconf 92' lang='lat' dir='ltr'><strong>omni</strong></span> <span class='ocrx_word' id='word_1_91' title='bbox 1278 1468 1554 1523; x_wconf 83' lang='lat' dir='ltr'><strong>hominum</strong></span> <span class='ocrx_word' id='word_1_92' title='bbox 1579 1467 1751 1522; x_wconf 82' lang='lat' dir='ltr'><strong>socie-</strong></span> 
     </span>
    </p>
   </div>
   <div class='ocr_carea' id='block_1_14' title="bbox 237 1558 1752 1618">
    <p class='ocr_par' dir='ltr' id='par_1_14' title="bbox 237 1558 1752 1618">
     <span class='ocr_line' id='line_1_14' title="bbox 237 1558 1752 1618; baseline -0.003 -3"><span class='ocrx_word' id='word_1_93' title='bbox 237 1573 317 1616; x_wconf 80' lang='lat' dir='ltr'><strong>tate</strong></span> <span class='ocrx_word' id='word_1_94' title='bbox 341 1563 535 1618; x_wconf 85' lang='lat' dir='ltr'><strong>remoti.</strong></span> <span class='ocrx_word' id='word_1_95' title='bbox 597 1562 710 1616; x_wconf 84' lang='lat' dir='ltr'><strong>Sed</strong></span> <span class='ocrx_word' id='word_1_96' title='bbox 750 1561 1004 1617; x_wconf 84' lang='lat' dir='ltr'><strong>Christus</strong></span> <span class='ocrx_word' id='word_1_97' title='bbox 1046 1561 1097 1614; x_wconf 93' lang='lat' dir='ltr'><strong>in</strong></span> <span class='ocrx_word' id='word_1_98' title='bbox 1127 1575 1310 1616; x_wconf 90' lang='lat' dir='ltr'><strong>eorum</strong></span> <span class='ocrx_word' id='word_1_99' title='bbox 1340 1558 1591 1614; x_wconf 85' lang='lat' dir='ltr'><strong>solatium</strong></span> <span class='ocrx_word' id='word_1_100' title='bbox 1625 1573 1752 1613; x_wconf 91' lang='lat' dir='ltr'><strong>con-</strong></span> 
     </span>
    </p>
   </div>
   <div class='ocr_carea' id='block_1_15' title="bbox 234 1650 1750 1718">
    <p class='ocr_par' dir='ltr' id='par_1_15' title="bbox 234 1650 1750 1718">
     <span class='ocr_line' id='line_1_15' title="bbox 234 1650 1750 1718; baseline -0.001 -14"><span class='ocrx_word' id='word_1_101' title='bbox 234 1669 351 1706; x_wconf 82' lang='lat' dir='ltr'><strong>cessa</strong></span> <span class='ocrx_word' id='word_1_102' title='bbox 375 1653 492 1706; x_wconf 88' lang='lat' dir='ltr'><strong>olim</strong></span> <span class='ocrx_word' id='word_1_103' title='bbox 541 1653 809 1709; x_wconf 84' lang='lat' dir='ltr'><strong>lsraelitis</strong></span> <span class='ocrx_word' id='word_1_104' title='bbox 844 1650 1103 1707; x_wconf 88' lang='lat' dir='ltr'><strong>miracula</strong></span> <span class='ocrx_word' id='word_1_105' title='bbox 1156 1652 1453 1705; x_wconf 82' lang='lat' dir='ltr'><strong>renovavit.</strong></span> <span class='ocrx_word' id='word_1_106' title='bbox 1512 1652 1750 1718; x_wconf 88' lang='lat' dir='ltr'><strong>Quodam</strong></span> 
     </span>
    </p>
   </div>
   <div class='ocr_carea' id='block_1_16' title="bbox 233 1743 1751 1809">
    <p class='ocr_par' dir='ltr' id='par_1_16' title="bbox 233 1743 1751 1809">
     <span class='ocr_line' id='line_1_16' title="bbox 233 1743 1751 1809; baseline -0.003 -9"><span class='ocrx_word' id='word_1_107' title='bbox 233 1746 343 1800; x_wconf 85' lang='lat' dir='ltr'><strong>enim</strong></span> <span class='ocrx_word' id='word_1_108' title='bbox 363 1745 436 1798; x_wconf 88' lang='lat' dir='ltr'><strong>die</strong></span> <span class='ocrx_word' id='word_1_109' title='bbox 459 1745 735 1801; x_wconf 90' lang='lat' dir='ltr'><strong>subiiteos</strong></span> <span class='ocrx_word' id='word_1_110' title='bbox 756 1745 1003 1799; x_wconf 86' lang='lat' dir='ltr'><strong>lautioris</strong></span> <span class='ocrx_word' id='word_1_111' title='bbox 1029 1759 1223 1799; x_wconf 75' lang='lat' dir='ltr'><strong>mensae</strong></span> <span class='ocrx_word' id='word_1_112' title='bbox 1251 1743 1602 1809; x_wconf 83' lang='lat' dir='ltr'><strong>desiderium;</strong></span> <span class='ocrx_word' id='word_1_113' title='bbox 1627 1759 1751 1797; x_wconf 84' lang='lat' dir='ltr'><strong>nam</strong></span> 
     </span>
    </p>
   </div>
   <div class='ocr_carea' id='block_1_17' title="bbox 236 1836 1751 1908">
    <p class='ocr_par' dir='ltr' id='par_1_17' title="bbox 236 1836 1751 1908">
     <span class='ocr_line' id='line_1_17' title="bbox 236 1836 1751 1908; baseline -0.001 -17"><span class='ocrx_word' id='word_1_114' title='bbox 236 1839 505 1892; x_wconf 84' lang='lat' dir='ltr'><strong>diuturnitas</strong></span> <span class='ocrx_word' id='word_1_115' title='bbox 533 1838 798 1908; x_wconf 89' lang='lat' dir='ltr'><strong>temporis</strong></span> <span class='ocrx_word' id='word_1_116' title='bbox 825 1836 1101 1893; x_wconf 90' lang='lat' dir='ltr'><strong>fastidium</strong></span> <span class='ocrx_word' id='word_1_117' title='bbox 1137 1838 1393 1891; x_wconf 89' lang='lat' dir='ltr'><strong>attulerat</strong></span> <span class='ocrx_word' id='word_1_118' title='bbox 1418 1837 1751 1890; x_wconf 90' lang='lat' dir='ltr'><strong>necessario-</strong></span> 
     </span>
    </p>
   </div>
   <div class='ocr_carea' id='block_1_18' title="bbox 236 1929 1749 1999">
    <p class='ocr_par' dir='ltr' id='par_1_18' title="bbox 236 1929 1749 1999">
     <span class='ocr_line' id='line_1_18' title="bbox 236 1929 1749 1999; baseline 0.001 -18"><span class='ocrx_word' id='word_1_119' title='bbox 236 1945 323 1981; x_wconf 86' lang='lat' dir='ltr'><strong>rum</strong></span> <span class='ocrx_word' id='word_1_120' title='bbox 359 1929 608 1987; x_wconf 88' lang='lat' dir='ltr'><strong>ciborum.</strong></span> <span class='ocrx_word' id='word_1_121' title='bbox 667 1934 743 1983; x_wconf 76' lang='lat' dir='ltr'><strong>At</strong></span> <span class='ocrx_word' id='word_1_122' title='bbox 793 1944 1131 1999; x_wconf 84' lang='lat' dir='ltr'><strong>nequaquam</strong></span> <span class='ocrx_word' id='word_1_123' title='bbox 1187 1930 1626 1993; x_wconf 90' lang='lat' dir='ltr'><strong>mussitaverunt,</strong></span> <span class='ocrx_word' id='word_1_124' title='bbox 1693 1938 1749 1983; x_wconf 92' lang='lat' dir='ltr'><strong>ut</strong></span> 
     </span>
    </p>
   </div>
   <div class='ocr_carea' id='block_1_19' title="bbox 236 2019 1742 2089">
    <p class='ocr_par' dir='ltr' id='par_1_19' title="bbox 236 2019 1742 2089">
     <span class='ocr_line' id='line_1_19' title="bbox 236 2019 1742 2089; baseline 0.001 -18"><span class='ocrx_word' id='word_1_125' title='bbox 236 2019 465 2085; x_wconf 74' lang='lat' dir='ltr'><strong>lsra&#39;elit&#39;e;</strong></span> <span class='ocrx_word' id='word_1_126' title='bbox 500 2022 595 2074; x_wconf 87' lang='lat' dir='ltr'><strong>sed</strong></span> <span class='ocrx_word' id='word_1_127' title='bbox 623 2035 654 2073; x_wconf 86' lang='lat' dir='ltr'><strong>a</strong></span> <span class='ocrx_word' id='word_1_128' title='bbox 686 2020 817 2083; x_wconf 83' lang='lat' dir='ltr'><strong>Deo.</strong></span> <span class='ocrx_word' id='word_1_129' title='bbox 841 2035 1048 2074; x_wconf 90' lang='lat' dir='ltr'><strong>summa</strong></span> <span class='ocrx_word' id='word_1_130' title='bbox 1079 2019 1219 2073; x_wconf 92' lang='lat' dir='ltr'><strong>illius</strong></span> <span class='ocrx_word' id='word_1_131' title='bbox 1247 2020 1496 2089; x_wconf 71' lang='lat' dir='ltr'><strong>potentiae</strong></span> <span class='ocrx_word' id='word_1_132' title='bbox 1529 2020 1742 2085; x_wconf 78' lang='lat' dir='ltr'><strong>fiducia,</strong></span> 
     </span>
    </p>
   </div>
   <div class='ocr_carea' id='block_1_20' title="bbox 234 2110 1748 2181">
    <p class='ocr_par' dir='ltr' id='par_1_20' title="bbox 234 2110 1748 2181">
     <span class='ocr_line' id='line_1_20' title="bbox 234 2110 1748 2181; baseline 0 -16"><span class='ocrx_word' id='word_1_133' title='bbox 234 2111 482 2165; x_wconf 74' lang='lat' dir='ltr'><strong>suaviorem</strong></span> <span class='ocrx_word' id='word_1_134' title='bbox 503 2111 689 2165; x_wconf 84' lang='lat' dir='ltr'><strong>cibum</strong></span> <span class='ocrx_word' id='word_1_135' title='bbox 720 2112 1075 2181; x_wconf 90' lang='lat' dir='ltr'><strong>postularunt,</strong></span> <span class='ocrx_word' id='word_1_136' title='bbox 1104 2110 1188 2165; x_wconf 89' lang='lat' dir='ltr'><strong>vel</strong></span> <span class='ocrx_word' id='word_1_137' title='bbox 1226 2126 1293 2165; x_wconf 82' lang='lat' dir='ltr'><strong>ex</strong></span> <span class='ocrx_word' id='word_1_138' title='bbox 1324 2111 1511 2165; x_wconf 89' lang='lat' dir='ltr'><strong>avibus</strong></span> <span class='ocrx_word' id='word_1_139' title='bbox 1536 2112 1588 2165; x_wconf 89' lang='lat' dir='ltr'><strong>in</strong></span> <span class='ocrx_word' id='word_1_140' title='bbox 1620 2126 1748 2166; x_wconf 90' lang='lat' dir='ltr'><strong>aere</strong></span> 
     </span>
    </p>
   </div>
   <div class='ocr_carea' id='block_1_21' title="bbox 236 2200 1742 2270">
    <p class='ocr_par' dir='ltr' id='par_1_21' title="bbox 236 2200 1742 2270">
     <span class='ocr_line' id='line_1_21' title="bbox 236 2200 1742 2270; baseline 0.004 -21"><span class='ocrx_word' id='word_1_141' title='bbox 236 2203 541 2267; x_wconf 78' lang='lat' dir='ltr'><strong>volitantibus,</strong></span> <span class='ocrx_word' id='word_1_142' title='bbox 576 2202 662 2255; x_wconf 86' lang='lat' dir='ltr'><strong>vel</strong></span> <span class='ocrx_word' id='word_1_143' title='bbox 687 2216 720 2256; x_wconf 88' lang='lat' dir='ltr'><strong>e</strong></span> <span class='ocrx_word' id='word_1_144' title='bbox 748 2201 898 2268; x_wconf 86' lang='lat' dir='ltr'><strong>feris,</strong></span> <span class='ocrx_word' id='word_1_145' title='bbox 933 2216 1049 2270; x_wconf 65' lang='lat' dir='ltr'><strong>qua:</strong></span> <span class='ocrx_word' id='word_1_146' title='bbox 1086 2200 1135 2253; x_wconf 92' lang='lat' dir='ltr'><strong>in</strong></span> <span class='ocrx_word' id='word_1_147' title='bbox 1175 2200 1443 2255; x_wconf 89' lang='lat' dir='ltr'><strong>montibus</strong></span> <span class='ocrx_word' id='word_1_148' title='bbox 1472 2202 1742 2256; x_wconf 88' lang='lat' dir='ltr'><strong>errabant.</strong></span> 
     </span>
    </p>
   </div>
   <div class='ocr_carea' id='block_1_22' title="bbox 234 2290 1747 2360">
    <p class='ocr_par' dir='ltr' id='par_1_22' title="bbox 234 2290 1747 2360">
     <span class='ocr_line' id='line_1_22' title="bbox 234 2290 1747 2360; baseline 0.004 -17"><span class='ocrx_word' id='word_1_149' title='bbox 234 2290 463 2347; x_wconf 69' lang='lat' dir='ltr'><strong>Vixiocuti</strong></span> <span class='ocrx_word' id='word_1_150' title='bbox 490 2301 667 2355; x_wconf 84' lang='lat' dir='ltr'><strong>erant,</strong></span> <span class='ocrx_word' id='word_1_151' title='bbox 723 2308 841 2347; x_wconf 82' lang='lat' dir='ltr'><strong>cum</strong></span> <span class='ocrx_word' id='word_1_152' title='bbox 879 2306 1063 2347; x_wconf 90' lang='lat' dir='ltr'><strong>eorum</strong></span> <span class='ocrx_word' id='word_1_153' title='bbox 1098 2291 1319 2360; x_wconf 88' lang='lat' dir='ltr'><strong>pedibus</strong></span> <span class='ocrx_word' id='word_1_154' title='bbox 1347 2290 1543 2347; x_wconf 90' lang='lat' dir='ltr'><strong>accidit</strong></span> <span class='ocrx_word' id='word_1_155' title='bbox 1582 2292 1747 2349; x_wconf 90' lang='lat' dir='ltr'><strong>obso-</strong></span> 
     </span>
    </p>
   </div>
   <div class='ocr_carea' id='block_1_23' title="bbox 233 2385 1747 2456">
    <p class='ocr_par' dir='ltr' id='par_1_23' title="bbox 233 2385 1747 2456">
     <span class='ocr_line' id='line_1_23' title="bbox 233 2385 1747 2456; baseline 0.001 -17"><span class='ocrx_word' id='word_1_156' title='bbox 233 2388 344 2441; x_wconf 86' lang='lat' dir='ltr'><strong>nium</strong></span> <span class='ocrx_word' id='word_1_157' title='bbox 365 2398 534 2456; x_wconf 89' lang='lat' dir='ltr'><strong>sponte</strong></span> <span class='ocrx_word' id='word_1_158' title='bbox 558 2388 831 2449; x_wconf 89' lang='lat' dir='ltr'><strong>oblatum,</strong></span> <span class='ocrx_word' id='word_1_159' title='bbox 859 2387 1007 2442; x_wconf 87' lang='lat' dir='ltr'><strong>cervi</strong></span> <span class='ocrx_word' id='word_1_160' title='bbox 1046 2387 1192 2440; x_wconf 67' lang='lat' dir='ltr'><strong>miras</strong></span> <span class='ocrx_word' id='word_1_161' title='bbox 1228 2385 1629 2456; x_wconf 81' lang='lat' dir='ltr'><strong>magnitudinis,</strong></span> <span class='ocrx_word' id='word_1_162' title='bbox 1659 2401 1747 2441; x_wconf 90' lang='lat' dir='ltr'><strong>re-</strong></span> 
     </span>
    </p>
   </div>
   <div class='ocr_carea' id='block_1_24' title="bbox 231 2464 1749 2548">
    <p class='ocr_par' dir='ltr' id='par_1_24' title="bbox 231 2464 1749 2548">
     <span class='ocr_line' id='line_1_24' title="bbox 231 2464 1749 2548; baseline 0.001 -18"><span class='ocrx_word' id='word_1_163' title='bbox 231 2488 357 2546; x_wconf 76' lang='lat' dir='ltr'><strong>pente</strong></span> <span class='ocrx_word' id='word_1_164' title='bbox 377 2493 405 2531; x_wconf 88' lang='lat' dir='ltr'><strong>e</strong></span> <span class='ocrx_word' id='word_1_165' title='bbox 431 2479 641 2533; x_wconf 85' lang='lat' dir='ltr'><strong>tumulis</strong></span> <span class='ocrx_word' id='word_1_166' title='bbox 668 2487 1014 2548; x_wconf 88' lang='lat' dir='ltr'><strong>apparentes,</strong></span> <span class='ocrx_word' id='word_1_167' title='bbox 1048 2494 1110 2532; x_wconf 87' lang='lat' dir='ltr'><strong>ac</strong></span> <span class='ocrx_word' id='word_1_168' title='bbox 1140 2477 1488 2532; x_wconf 90' lang='lat' dir='ltr'><strong>innuentibus</strong></span> <span class='ocrx_word' id='word_1_169' title='bbox 1518 2464 1635 2532; x_wconf 87' lang='lat' dir='ltr'><strong>sese</strong></span> <span class='ocrx_word' id='word_1_170' title='bbox 1658 2478 1749 2531; x_wconf 85' lang='lat' dir='ltr'><strong>de-</strong></span> 
     </span>
    </p>
   </div>
   <div class='ocr_carea' id='block_1_25' title="bbox 231 2567 1747 2638">
    <p class='ocr_par' dir='ltr' id='par_1_25' title="bbox 231 2567 1747 2638">
     <span class='ocr_line' id='line_1_25' title="bbox 231 2567 1747 2638; baseline 0 -16"><span class='ocrx_word' id='word_1_171' title='bbox 231 2572 395 2631; x_wconf 84' lang='lat' dir='ltr'><strong>dentes,</strong></span> <span class='ocrx_word' id='word_1_172' title='bbox 416 2585 471 2622; x_wconf 77' lang='lat' dir='ltr'><strong>er</strong></span> <span class='ocrx_word' id='word_1_173' title='bbox 498 2570 706 2638; x_wconf 89' lang='lat' dir='ltr'><strong>quibus</strong></span> <span class='ocrx_word' id='word_1_174' title='bbox 724 2578 983 2638; x_wconf 88' lang='lat' dir='ltr'><strong>quantum</strong></span> <span class='ocrx_word' id='word_1_175' title='bbox 1010 2569 1254 2622; x_wconf 84' lang='lat' dir='ltr'><strong>voluntas</strong></span> <span class='ocrx_word' id='word_1_176' title='bbox 1282 2567 1485 2622; x_wconf 82' lang='lat' dir='ltr'><strong>ferebat</strong></span> <span class='ocrx_word' id='word_1_177' title='bbox 1508 2569 1747 2623; x_wconf 89' lang='lat' dir='ltr'><strong>detinue-</strong></span> 
     </span>
    </p>
   </div>
   <div class='ocr_carea' id='block_1_26' title="bbox 235 2658 1746 2729">
    <p class='ocr_par' dir='ltr' id='par_1_26' title="bbox 235 2658 1746 2729">
     <span class='ocr_line' id='line_1_26' title="bbox 235 2658 1746 2729; baseline -0.001 -16"><span class='ocrx_word' id='word_1_178' title='bbox 235 2670 343 2725; x_wconf 86' lang='lat' dir='ltr'><strong>rnnt,</strong></span> <span class='ocrx_word' id='word_1_179' title='bbox 376 2661 499 2729; x_wconf 91' lang='lat' dir='ltr'><strong>quod</strong></span> <span class='ocrx_word' id='word_1_180' title='bbox 538 2668 830 2729; x_wconf 88' lang='lat' dir='ltr'><strong>supererat</strong></span> <span class='ocrx_word' id='word_1_181' title='bbox 867 2660 918 2713; x_wconf 92' lang='lat' dir='ltr'><strong>in</strong></span> <span class='ocrx_word' id='word_1_182' title='bbox 960 2658 1122 2713; x_wconf 87' lang='lat' dir='ltr'><strong>silvas</strong></span> <span class='ocrx_word' id='word_1_183' title='bbox 1162 2659 1226 2712; x_wconf 88' lang='lat' dir='ltr'><strong>ad</strong></span> <span class='ocrx_word' id='word_1_184' title='bbox 1259 2659 1399 2712; x_wconf 85' lang='lat' dir='ltr'><strong>aliud</strong></span> <span class='ocrx_word' id='word_1_185' title='bbox 1445 2658 1746 2712; x_wconf 84' lang='lat' dir='ltr'><strong>convivium</strong></span> 
     </span>
    </p>
   </div>
   <div class='ocr_carea' id='block_1_27' title="bbox 236 2750 1747 2821">
    <p class='ocr_par' dir='ltr' id='par_1_27' title="bbox 236 2750 1747 2821">
     <span class='ocr_line' id='line_1_27' title="bbox 236 2750 1747 2821; baseline -0.001 -16"><span class='ocrx_word' id='word_1_186' title='bbox 236 2754 514 2806; x_wconf 86' lang='lat' dir='ltr'><strong>dimiserunt.</strong></span> <span class='ocrx_word' id='word_1_187' title='bbox 544 2752 624 2806; x_wconf 86' lang='lat' dir='ltr'><strong>Ex</strong></span> <span class='ocrx_word' id='word_1_188' title='bbox 671 2752 756 2805; x_wconf 92' lang='lat' dir='ltr'><strong>his</strong></span> <span class='ocrx_word' id='word_1_189' title='bbox 784 2750 1026 2821; x_wconf 76' lang='lat' dir='ltr'><strong>Gregorii</strong></span> <span class='ocrx_word' id='word_1_190' title='bbox 1059 2750 1386 2805; x_wconf 85' lang='lat' dir='ltr'><strong>Nazianzeni</strong></span> <span class='ocrx_word' id='word_1_191' title='bbox 1424 2750 1603 2804; x_wconf 88' lang='lat' dir='ltr'><strong>verbis</strong></span> <span class='ocrx_word' id='word_1_192' title='bbox 1628 2765 1747 2818; x_wconf 88' lang='lat' dir='ltr'><strong>per—</strong></span> 
     </span>
    </p>
   </div>
   <div class='ocr_carea' id='block_1_28' title="bbox 234 2840 1748 2911">
    <p class='ocr_par' dir='ltr' id='par_1_28' title="bbox 234 2840 1748 2911">
     <span class='ocr_line' id='line_1_28' title="bbox 234 2840 1748 2911; baseline -0.002 -15"><span class='ocrx_word' id='word_1_193' title='bbox 234 2844 409 2911; x_wconf 80' lang='lat' dir='ltr'><strong>spicitur</strong></span> <span class='ocrx_word' id='word_1_194' title='bbox 435 2859 536 2898; x_wconf 92' lang='lat' dir='ltr'><strong>non</strong></span> <span class='ocrx_word' id='word_1_195' title='bbox 571 2844 742 2898; x_wconf 89' lang='lat' dir='ltr'><strong>unius</strong></span> <span class='ocrx_word' id='word_1_196' title='bbox 783 2843 886 2897; x_wconf 92' lang='lat' dir='ltr'><strong>diei</strong></span> <span class='ocrx_word' id='word_1_197' title='bbox 926 2843 1103 2897; x_wconf 89' lang='lat' dir='ltr'><strong>cibum</strong></span> <span class='ocrx_word' id='word_1_198' title='bbox 1152 2844 1253 2897; x_wconf 92' lang='lat' dir='ltr'><strong>hoc</strong></span> <span class='ocrx_word' id='word_1_199' title='bbox 1286 2840 1543 2896; x_wconf 90' lang='lat' dir='ltr'><strong>miraculo</strong></span> <span class='ocrx_word' id='word_1_200' title='bbox 1569 2842 1748 2911; x_wconf 87' lang='lat' dir='ltr'><strong>provi-</strong></span> 
     </span>
    </p>
   </div>
   <div class='ocr_carea' id='block_1_29' title="bbox 234 2934 1748 3003">
    <p class='ocr_par' dir='ltr' id='par_1_29' title="bbox 234 2934 1748 3003">
     <span class='ocr_line' id='line_1_29' title="bbox 234 2934 1748 3003; baseline -0.001 -15"><span class='ocrx_word' id='word_1_201' title='bbox 234 2951 320 2988; x_wconf 82' lang='lat' dir='ltr'><strong>sum</strong></span> <span class='ocrx_word' id='word_1_202' title='bbox 347 2936 415 2989; x_wconf 87' lang='lat' dir='ltr'><strong>eis</strong></span> <span class='ocrx_word' id='word_1_203' title='bbox 454 2935 657 2997; x_wconf 90' lang='lat' dir='ltr'><strong>fuisse;</strong></span> <span class='ocrx_word' id='word_1_204' title='bbox 693 2934 787 2988; x_wconf 89' lang='lat' dir='ltr'><strong>sed</strong></span> <span class='ocrx_word' id='word_1_205' title='bbox 828 2935 893 2987; x_wconf 81' lang='lat' dir='ltr'><strong>a&#39;d</strong></span> <span class='ocrx_word' id='word_1_206' title='bbox 921 2944 1122 3003; x_wconf 89' lang='lat' dir='ltr'><strong>septem</strong></span> <span class='ocrx_word' id='word_1_207' title='bbox 1161 2934 1335 2988; x_wconf 84' lang='lat' dir='ltr'><strong>exsilii</strong></span> <span class='ocrx_word' id='word_1_208' title='bbox 1363 2948 1534 2987; x_wconf 89' lang='lat' dir='ltr'><strong>annos</strong></span> <span class='ocrx_word' id='word_1_209' title='bbox 1573 2934 1748 2986; x_wconf 92' lang='lat' dir='ltr'><strong>minus</strong></span> 
     </span>
    </p>
   </div>
   <div class='ocr_carea' id='block_1_30' title="bbox 232 3023 1536 3091">
    <p class='ocr_par' dir='ltr' id='par_1_30' title="bbox 232 3023 1536 3091">
     <span class='ocr_line' id='line_1_30' title="bbox 232 3023 1536 3091; baseline -0.002 -12"><span class='ocrx_word' id='word_1_210' title='bbox 232 3026 458 3079; x_wconf 83' lang='lat' dir='ltr'><strong>commode</strong></span> <span class='ocrx_word' id='word_1_211' title='bbox 482 3023 810 3078; x_wconf 86' lang='lat' dir='ltr'><strong>miraculum</strong></span> <span class='ocrx_word' id='word_1_212' title='bbox 846 3025 1087 3078; x_wconf 80' lang='lat' dir='ltr'><strong>extendit</strong></span> <span class='ocrx_word' id='word_1_213' title='bbox 1122 3023 1536 3091; x_wconf 89' lang='lat' dir='ltr'><strong>Papebrochius.</strong></span> 
     </span>
    </p>
   </div>
   <div class='ocr_carea' id='block_1_31' title="bbox 284 3113 1743 3185">
    <p class='ocr_par' dir='ltr' id='par_1_31' title="bbox 284 3113 1743 3185">
     <span class='ocr_line' id='line_1_31' title="bbox 284 3113 1743 3185; baseline -0.003 -16"><span class='ocrx_word' id='word_1_214' title='bbox 284 3116 381 3171; x_wconf 69' lang='lat' dir='ltr'><strong>[12c</strong></span> <span class='ocrx_word' id='word_1_215' title='bbox 413 3128 586 3173; x_wconf 89' lang='lat' dir='ltr'><strong>autem</strong></span> <span class='ocrx_word' id='word_1_216' title='bbox 636 3115 934 3185; x_wconf 80' lang='lat' dir='ltr'><strong>contigisse</strong></span> <span class='ocrx_word' id='word_1_217' title='bbox 968 3125 1151 3169; x_wconf 90' lang='lat' dir='ltr'><strong>narrat</strong></span> <span class='ocrx_word' id='word_1_218' title='bbox 1180 3113 1474 3183; x_wconf 83' lang='lat' dir='ltr'><strong>Gregorius</strong></span> <span class='ocrx_word' id='word_1_219' title='bbox 1509 3115 1562 3167; x_wconf 90' lang='lat' dir='ltr'><strong>iu</strong></span> <span class='ocrx_word' id='word_1_220' title='bbox 1599 3122 1743 3166; x_wconf 90' lang='lat' dir='ltr'><strong>atro-</strong></span> 
     </span>
    </p>
   </div>
   <div class='ocr_carea' id='block_1_32' title="bbox 1854 645 2974 714">
    <p class='ocr_par' dir='ltr' id='par_1_32' title="bbox 1854 645 2974 714">
     <span class='ocr_line' id='line_1_32' title="bbox 1854 645 2974 714; baseline -0.004 -11"><span class='ocrx_word' id='word_1_221' title='bbox 1854 647 2053 703; x_wconf 88' lang='lat' dir='ltr'><strong>Christi</strong></span> <span class='ocrx_word' id='word_1_222' title='bbox 2078 646 2467 702; x_wconf 76' lang='lat' dir='ltr'><strong>confessionem</strong></span> <span class='ocrx_word' id='word_1_223' title='bbox 2490 646 2655 700; x_wconf 90' lang='lat' dir='ltr'><strong>fuisse</strong></span> <span class='ocrx_word' id='word_1_224' title='bbox 2685 645 2974 714; x_wconf 87' lang='lat' dir='ltr'><strong>publicata.</strong></span> 
     </span>
    </p>
   </div>
   <div class='ocr_carea' id='block_1_33' title="bbox 1924 735 3405 792">
    <p class='ocr_par' dir='ltr' id='par_1_33' title="bbox 1924 735 3405 792">
     <span class='ocr_line' id='line_1_33' title="bbox 1924 735 3405 792; baseline -0.003 -1"><span class='ocrx_word' id='word_1_225' title='bbox 1924 737 2072 792; x_wconf 84' lang='lat' dir='ltr'><strong>Hanc</strong></span> <span class='ocrx_word' id='word_1_226' title='bbox 2111 737 2512 791; x_wconf 86' lang='lat' dir='ltr'><strong>dimicationem</strong></span> <span class='ocrx_word' id='word_1_227' title='bbox 2572 737 2845 792; x_wconf 78' lang='lat' dir='ltr'><strong>existimat</strong></span> <span class='ocrx_word' id='word_1_228' title='bbox 2892 735 3271 791; x_wconf 87' lang='lat' dir='ltr'><strong>&#39;fillemontius</strong></span> <span class='ocrx_word' id='word_1_229' title='bbox 3326 737 3405 789; x_wconf 73' lang='lat' dir='ltr'><strong>vel</strong></span> 
     </span>
    </p>
   </div>
   <div class='ocr_carea' id='block_1_34' title="bbox 1853 828 3408 898">
    <p class='ocr_par' dir='ltr' id='par_1_34' title="bbox 1853 828 3408 898">
     <span class='ocr_line' id='line_1_34' title="bbox 1853 828 3408 898; baseline -0.003 -14"><span class='ocrx_word' id='word_1_230' title='bbox 1853 830 1952 884; x_wconf 91' lang='lat' dir='ltr'><strong>sub</strong></span> <span class='ocrx_word' id='word_1_231' title='bbox 1992 828 2279 884; x_wconf 85' lang='lat' dir='ltr'><strong>Maximino</strong></span> <span class='ocrx_word' id='word_1_232' title='bbox 2309 828 2673 884; x_wconf 90' lang='lat' dir='ltr'><strong>collocandam</strong></span> <span class='ocrx_word' id='word_1_233' title='bbox 2701 843 2842 894; x_wconf 88' lang='lat' dir='ltr'><strong>esse,</strong></span> <span class='ocrx_word' id='word_1_234' title='bbox 2862 830 2950 897; x_wconf 91' lang='lat' dir='ltr'><strong>qui</strong></span> <span class='ocrx_word' id='word_1_235' title='bbox 2980 829 3408 898; x_wconf 84' lang='lat' dir='ltr'><strong>persecutionem</strong></span> 
     </span>
    </p>
   </div>
   <div class='ocr_carea' id='block_1_35' title="bbox 1857 914 3409 988">
    <p class='ocr_par' dir='ltr' id='par_1_35' title="bbox 1857 914 3409 988">
     <span class='ocr_line' id='line_1_35' title="bbox 1857 914 3409 988; baseline -0.006 -16"><span class='ocrx_word' id='word_1_236' title='bbox 1857 918 2243 988; x_wconf 83' lang='lat' dir='ltr'><strong>redintegravit</strong></span> <span class='ocrx_word' id='word_1_237' title='bbox 2272 932 2411 973; x_wconf 86' lang='lat' dir='ltr'><strong>anno</strong></span> <span class='ocrx_word' id='word_1_238' title='bbox 2433 917 2560 981; x_wconf 76' lang='grc'><strong>511,</strong></span> <span class='ocrx_word' id='word_1_239' title='bbox 2593 917 2780 987; x_wconf 89' lang='lat' dir='ltr'><strong>paucis</strong></span> <span class='ocrx_word' id='word_1_240' title='bbox 2805 924 2925 986; x_wconf 88' lang='lat' dir='ltr'><strong>post</strong></span> <span class='ocrx_word' id='word_1_241' title='bbox 2950 914 3150 970; x_wconf 90' lang='lat' dir='ltr'><strong>Galerii</strong></span> <span class='ocrx_word' id='word_1_242' title='bbox 3182 927 3409 968; x_wconf 81' lang='lat' dir='ltr'><strong>nmrtem</strong></span> 
     </span>
    </p>
   </div>
   <div class='ocr_carea' id='block_1_36' title="bbox 1855 1008 3410 1081">
    <p class='ocr_par' dir='ltr' id='par_1_36' title="bbox 1855 1008 3410 1081">
     <span class='ocr_line' id='line_1_36' title="bbox 1855 1008 3410 1081; baseline -0.003 -15"><span class='ocrx_word' id='word_1_243' title='bbox 1855 1014 2146 1078; x_wconf 83' lang='lat' dir='ltr'><strong>mensibus,</strong></span> <span class='ocrx_word' id='word_1_244' title='bbox 2173 1013 2253 1065; x_wconf 89' lang='lat' dir='ltr'><strong>vel</strong></span> <span class='ocrx_word' id='word_1_245' title='bbox 2277 1012 2375 1066; x_wconf 87' lang='lat' dir='ltr'><strong>sub</strong></span> <span class='ocrx_word' id='word_1_246' title='bbox 2400 1012 2605 1067; x_wconf 75' lang='lat' dir='ltr'><strong>Licinio</strong></span> <span class='ocrx_word' id='word_1_247' title='bbox 2638 1011 2732 1080; x_wconf 92' lang='lat' dir='ltr'><strong>qui</strong></span> <span class='ocrx_word' id='word_1_248' title='bbox 2773 1020 3085 1081; x_wconf 88' lang='lat' dir='ltr'><strong>persecutus</strong></span> <span class='ocrx_word' id='word_1_249' title='bbox 3115 1018 3196 1065; x_wconf 87' lang='lat' dir='ltr'><strong>est</strong></span> <span class='ocrx_word' id='word_1_250' title='bbox 3224 1008 3410 1063; x_wconf 73' lang='lat' dir='ltr'><strong>Eccle-</strong></span> 
     </span>
    </p>
   </div>
   <div class='ocr_carea' id='block_1_37' title="bbox 1852 1103 3406 1171">
    <p class='ocr_par' dir='ltr' id='par_1_37' title="bbox 1852 1103 3406 1171">
     <span class='ocr_line' id='line_1_37' title="bbox 1852 1103 3406 1171; baseline -0.003 -14"><span class='ocrx_word' id='word_1_251' title='bbox 1852 1103 1985 1157; x_wconf 86' lang='lat' dir='ltr'><strong>siam</strong></span> <span class='ocrx_word' id='word_1_252' title='bbox 2019 1118 2159 1159; x_wconf 88' lang='lat' dir='ltr'><strong>anno</strong></span> <span class='ocrx_word' id='word_1_253' title='bbox 2187 1103 2310 1171; x_wconf 78' lang='grc'><strong>520,</strong></span> <span class='ocrx_word' id='word_1_254' title='bbox 2350 1119 2415 1159; x_wconf 90' lang='lat' dir='ltr'><strong>ac</strong></span> <span class='ocrx_word' id='word_1_255' title='bbox 2449 1104 2682 1159; x_wconf 81' lang='lat' dir='ltr'><strong>maxime</strong></span> <span class='ocrx_word' id='word_1_256' title='bbox 2732 1105 2783 1158; x_wconf 94' lang='lat' dir='ltr'><strong>in</strong></span> <span class='ocrx_word' id='word_1_257' title='bbox 2832 1104 3002 1158; x_wconf 85' lang='lat' dir='ltr'><strong>Ponto</strong></span> <span class='ocrx_word' id='word_1_258' title='bbox 3034 1104 3406 1158; x_wconf 77' lang='lat' dir='ltr'><strong>crudelitatem</strong></span> 
     </span>
    </p>
   </div>
   <div class='ocr_carea' id='block_1_38' title="bbox 1853 1194 3410 1264">
    <p class='ocr_par' dir='ltr' id='par_1_38' title="bbox 1853 1194 3410 1264">
     <span class='ocr_line' id='line_1_38' title="bbox 1853 1194 3410 1264; baseline -0.001 -14"><span class='ocrx_word' id='word_1_259' title='bbox 1853 1210 2003 1251; x_wconf 88' lang='lat' dir='ltr'><strong>suam</strong></span> <span class='ocrx_word' id='word_1_260' title='bbox 2056 1197 2321 1251; x_wconf 85' lang='lat' dir='ltr'><strong>exercuit.</strong></span> <span class='ocrx_word' id='word_1_261' title='bbox 2356 1194 2471 1262; x_wconf 88' lang='lat' dir='ltr'><strong>Quo</strong></span> <span class='ocrx_word' id='word_1_262' title='bbox 2520 1196 2733 1250; x_wconf 91' lang='lat' dir='ltr'><strong>nomine</strong></span> <span class='ocrx_word' id='word_1_263' title='bbox 2780 1195 3075 1264; x_wconf 88' lang='lat' dir='ltr'><strong>appellatus</strong></span> <span class='ocrx_word' id='word_1_264' title='bbox 3123 1194 3287 1249; x_wconf 82' lang='lat' dir='ltr'><strong>fuerit</strong></span> <span class='ocrx_word' id='word_1_265' title='bbox 3318 1210 3410 1264; x_wconf 84' lang='lat' dir='ltr'><strong>pa-</strong></span> 
     </span>
    </p>
   </div>
   <div class='ocr_carea' id='block_1_39' title="bbox 1856 1285 3407 1351">
    <p class='ocr_par' dir='ltr' id='par_1_39' title="bbox 1856 1285 3407 1351">
     <span class='ocr_line' id='line_1_39' title="bbox 1856 1285 3407 1351; baseline -0.002 -10"><span class='ocrx_word' id='word_1_266' title='bbox 1856 1297 2037 1343; x_wconf 89' lang='lat' dir='ltr'><strong>ternus</strong></span> <span class='ocrx_word' id='word_1_267' title='bbox 2087 1285 2177 1340; x_wconf 88' lang='lat' dir='ltr'><strong>ille</strong></span> <span class='ocrx_word' id='word_1_268' title='bbox 2231 1301 2363 1340; x_wconf 88' lang='lat' dir='ltr'><strong>avus</strong></span> <span class='ocrx_word' id='word_1_269' title='bbox 2423 1285 2634 1351; x_wconf 89' lang='lat' dir='ltr'><strong>Basilii,</strong></span> <span class='ocrx_word' id='word_1_270' title='bbox 2684 1287 2977 1341; x_wconf 89' lang='lat' dir='ltr'><strong>nescimus.</strong></span> <span class='ocrx_word' id='word_1_271' title='bbox 3023 1286 3169 1341; x_wconf 75' lang='lat' dir='ltr'><strong>Avia:</strong></span> <span class='ocrx_word' id='word_1_272' title='bbox 3216 1300 3407 1340; x_wconf 87' lang='lat' dir='ltr'><strong>nomen</strong></span> 
     </span>
    </p>
   </div>
   <div class='ocr_carea' id='block_1_40' title="bbox 1850 1376 3408 1447">
    <p class='ocr_par' dir='ltr' id='par_1_40' title="bbox 1850 1376 3408 1447">
     <span class='ocr_line' id='line_1_40' title="bbox 1850 1376 3408 1447; baseline -0.002 -15"><span class='ocrx_word' id='word_1_273' title='bbox 1850 1377 2103 1433; x_wconf 85' lang='lat' dir='ltr'><strong>Macrinae</strong></span> <span class='ocrx_word' id='word_1_274' title='bbox 2128 1376 2246 1441; x_wconf 89' lang='lat' dir='ltr'><strong>fuit,</strong></span> <span class='ocrx_word' id='word_1_275' title='bbox 2279 1392 2398 1447; x_wconf 73' lang='lat' dir='ltr'><strong>qua:</strong></span> <span class='ocrx_word' id='word_1_276' title='bbox 2428 1392 2549 1432; x_wconf 92' lang='lat' dir='ltr'><strong>cum</strong></span> <span class='ocrx_word' id='word_1_277' title='bbox 2578 1378 2835 1433; x_wconf 90' lang='lat' dir='ltr'><strong>Basilium</strong></span> <span class='ocrx_word' id='word_1_278' title='bbox 2866 1376 3125 1432; x_wconf 81' lang='lat' dir='ltr'><strong>infantem</strong></span> <span class='ocrx_word' id='word_1_279' title='bbox 3161 1377 3408 1432; x_wconf 86' lang='lat' dir='ltr'><strong>informa-</strong></span> 
     </span>
    </p>
   </div>
   <div class='ocr_carea' id='block_1_41' title="bbox 1851 1467 3409 1539">
    <p class='ocr_par' dir='ltr' id='par_1_41' title="bbox 1851 1467 3409 1539">
     <span class='ocr_line' id='line_1_41' title="bbox 1851 1467 3409 1539; baseline 0 -17"><span class='ocrx_word' id='word_1_280' title='bbox 1851 1469 1987 1523; x_wconf 90' lang='lat' dir='ltr'><strong>verit</strong></span> <span class='ocrx_word' id='word_1_281' title='bbox 2027 1478 2082 1524; x_wconf 88' lang='lat' dir='ltr'><strong>et</strong></span> <span class='ocrx_word' id='word_1_282' title='bbox 2135 1467 2467 1535; x_wconf 83' lang='lat' dir='ltr'><strong>instituerit,</strong></span> <span class='ocrx_word' id='word_1_283' title='bbox 2503 1469 2712 1524; x_wconf 86' lang='lat' dir='ltr'><strong>videtur</strong></span> <span class='ocrx_word' id='word_1_284' title='bbox 2771 1484 2942 1539; x_wconf 88' lang='lat' dir='ltr'><strong>usque</strong></span> <span class='ocrx_word' id='word_1_285' title='bbox 2983 1469 3049 1523; x_wconf 89' lang='lat' dir='ltr'><strong>ad</strong></span> <span class='ocrx_word' id='word_1_286' title='bbox 3079 1484 3278 1522; x_wconf 87' lang='lat' dir='ltr'><strong>annum</strong></span> <span class='ocrx_word' id='word_1_287' title='bbox 3305 1469 3409 1522; x_wconf 73' lang='grc'><strong>511)</strong></span> 
     </span>
    </p>
   </div>
   <div class='ocr_carea' id='block_1_42' title="bbox 1852 1560 2064 1616">
    <p class='ocr_par' dir='ltr' id='par_1_42' title="bbox 1852 1560 2064 1616">
     <span class='ocr_line' id='line_1_42' title="bbox 1852 1560 2064 1616; baseline -0.009 0"><span class='ocrx_word' id='word_1_288' title='bbox 1852 1560 2064 1616; x_wconf 84' lang='lat' dir='ltr'><strong>vixisse.</strong></span> 
     </span>
    </p>
   </div>
   <div class='ocr_carea' id='block_1_43' title="bbox 1918 1650 3406 1719">
    <p class='ocr_par' dir='ltr' id='par_1_43' title="bbox 1918 1650 3406 1719">
     <span class='ocr_line' id='line_1_43' title="bbox 1918 1650 3406 1719; baseline -0.004 -12"><span class='ocrx_word' id='word_1_289' title='bbox 1918 1650 2006 1707; x_wconf 73' lang='grc' dir='ltr'><strong>ιν.</strong></span> <span class='ocrx_word' id='word_1_290' title='bbox 2040 1652 2241 1709; x_wconf 87' lang='lat' dir='ltr'><strong>Horum</strong></span> <span class='ocrx_word' id='word_1_291' title='bbox 2296 1653 2437 1708; x_wconf 84' lang='lat' dir='ltr'><strong>filius</strong></span> <span class='ocrx_word' id='word_1_292' title='bbox 2473 1652 2711 1707; x_wconf 87' lang='lat' dir='ltr'><strong>Basilius</strong></span> <span class='ocrx_word' id='word_1_293' title='bbox 2738 1692 2754 1717; x_wconf 89' lang='lat'><strong>,</strong></span> <span class='ocrx_word' id='word_1_294' title='bbox 2796 1653 2966 1708; x_wconf 87' lang='lat' dir='ltr'><strong>nostri</strong></span> <span class='ocrx_word' id='word_1_295' title='bbox 3021 1651 3203 1705; x_wconf 89' lang='lat' dir='ltr'><strong>Basilii</strong></span> <span class='ocrx_word' id='word_1_296' title='bbox 3234 1660 3406 1719; x_wconf 82' lang='lat' dir='ltr'><strong>pater,</strong></span> 
     </span>
    </p>
   </div>
   <div class='ocr_carea' id='block_1_44' title="bbox 1852 1742 3406 1815">
    <p class='ocr_par' dir='ltr' id='par_1_44' title="bbox 1852 1742 3406 1815">
     <span class='ocr_line' id='line_1_44' title="bbox 1852 1742 3406 1815; baseline -0.003 -16"><span class='ocrx_word' id='word_1_297' title='bbox 1852 1744 2075 1800; x_wconf 81' lang='lat' dir='ltr'><strong>eximias</strong></span> <span class='ocrx_word' id='word_1_298' title='bbox 2100 1745 2328 1802; x_wconf 88' lang='lat' dir='ltr'><strong>virtutes</strong></span> <span class='ocrx_word' id='word_1_299' title='bbox 2353 1759 2475 1799; x_wconf 90' lang='lat' dir='ltr'><strong>cum</strong></span> <span class='ocrx_word' id='word_1_300' title='bbox 2503 1745 2711 1815; x_wconf 81' lang='lat' dir='ltr'><strong>magnis</strong></span> <span class='ocrx_word' id='word_1_301' title='bbox 2734 1743 3050 1798; x_wconf 88' lang='lat' dir='ltr'><strong>eruditionis</strong></span> <span class='ocrx_word' id='word_1_302' title='bbox 3075 1750 3129 1796; x_wconf 88' lang='lat' dir='ltr'><strong>et</strong></span> <span class='ocrx_word' id='word_1_303' title='bbox 3150 1742 3406 1811; x_wconf 88' lang='lat' dir='ltr'><strong>eloquen-</strong></span> 
     </span>
    </p>
   </div>
   <div class='ocr_carea' id='block_1_45' title="bbox 1855 1833 3402 1907">
    <p class='ocr_par' dir='ltr' id='par_1_45' title="bbox 1855 1833 3402 1907">
     <span class='ocr_line' id='line_1_45' title="bbox 1855 1833 3402 1907; baseline 0 -20"><span class='ocrx_word' id='word_1_304' title='bbox 1855 1833 1940 1889; x_wconf 69' lang='lat' dir='ltr'><strong>tia:</strong></span> <span class='ocrx_word' id='word_1_305' title='bbox 1962 1836 2293 1891; x_wconf 88' lang='lat' dir='ltr'><strong>ornamentis</strong></span> <span class='ocrx_word' id='word_1_306' title='bbox 2324 1836 2621 1907; x_wconf 80' lang='lat' dir='ltr'><strong>conjunxit.</strong></span> <span class='ocrx_word' id='word_1_307' title='bbox 2642 1835 2900 1891; x_wconf 87' lang='lat' dir='ltr'><strong>Iuclaruit</strong></span> <span class='ocrx_word' id='word_1_308' title='bbox 2929 1836 3071 1889; x_wconf 88' lang='lat' dir='ltr'><strong>enim</strong></span> <span class='ocrx_word' id='word_1_309' title='bbox 3105 1835 3157 1888; x_wconf 91' lang='lat' dir='ltr'><strong>in</strong></span> <span class='ocrx_word' id='word_1_310' title='bbox 3174 1834 3295 1889; x_wconf 83' lang='lat' dir='ltr'><strong>foro</strong></span> <span class='ocrx_word' id='word_1_311' title='bbox 3313 1834 3402 1904; x_wconf 81' lang='grc' dir='ltr'><strong>(ε),</strong></span> 
     </span>
    </p>
   </div>
   <div class='ocr_carea' id='block_1_46' title="bbox 1851 1925 3404 1999">
    <p class='ocr_par' dir='ltr' id='par_1_46' title="bbox 1851 1925 3404 1999">
     <span class='ocr_line' id='line_1_46' title="bbox 1851 1925 3404 1999; baseline -0.008 -13"><span class='ocrx_word' id='word_1_312' title='bbox 1851 1939 1905 1986; x_wconf 90' lang='lat' dir='ltr'><strong>et</strong></span> <span class='ocrx_word' id='word_1_313' title='bbox 1936 1927 2294 1999; x_wconf 90' lang='lat' dir='ltr'><strong>eloquentiam</strong></span> <span class='ocrx_word' id='word_1_314' title='bbox 2346 1942 2555 1983; x_wconf 90' lang='lat' dir='ltr'><strong>summa</strong></span> <span class='ocrx_word' id='word_1_315' title='bbox 2590 1927 2902 1982; x_wconf 88' lang='lat' dir='ltr'><strong>celebritate</strong></span> <span class='ocrx_word' id='word_1_316' title='bbox 2930 1927 2981 1980; x_wconf 92' lang='lat' dir='ltr'><strong>in</strong></span> <span class='ocrx_word' id='word_1_317' title='bbox 3004 1926 3177 1981; x_wconf 83' lang='lat' dir='ltr'><strong>Ponto</strong></span> <span class='ocrx_word' id='word_1_318' title='bbox 3201 1925 3404 1980; x_wconf 88' lang='lat' dir='ltr'><strong>docuit.</strong></span> 
     </span>
    </p>
   </div>
   <div class='ocr_carea' id='block_1_47' title="bbox 1851 2019 3397 2089">
    <p class='ocr_par' dir='ltr' id='par_1_47' title="bbox 1851 2019 3397 2089">
     <span class='ocr_line' id='line_1_47' title="bbox 1851 2019 3397 2089; baseline -0.005 -11"><span class='ocrx_word' id='word_1_319' title='bbox 1851 2023 1956 2079; x_wconf 85' lang='lat' dir='ltr'><strong>Sed</strong></span> <span class='ocrx_word' id='word_1_320' title='bbox 1980 2036 2185 2077; x_wconf 89' lang='lat' dir='ltr'><strong>morum</strong></span> <span class='ocrx_word' id='word_1_321' title='bbox 2212 2021 2497 2077; x_wconf 86' lang='lat' dir='ltr'><strong>sanctitate</strong></span> <span class='ocrx_word' id='word_1_322' title='bbox 2532 2020 2726 2076; x_wconf 87' lang='lat' dir='ltr'><strong>clarior</strong></span> <span class='ocrx_word' id='word_1_323' title='bbox 2752 2020 2977 2083; x_wconf 81' lang='lat' dir='ltr'><strong>exstitit,</strong></span> <span class='ocrx_word' id='word_1_324' title='bbox 3010 2021 3083 2074; x_wconf 90' lang='lat' dir='ltr'><strong>ita</strong></span> <span class='ocrx_word' id='word_1_325' title='bbox 3114 2030 3171 2073; x_wconf 94' lang='lat' dir='ltr'><strong>ut</strong></span> <span class='ocrx_word' id='word_1_326' title='bbox 3193 2019 3397 2089; x_wconf 87' lang='lat' dir='ltr'><strong>primas</strong></span> 
     </span>
    </p>
   </div>
   <div class='ocr_carea' id='block_1_48' title="bbox 1847 2108 3401 2184">
    <p class='ocr_par' dir='ltr' id='par_1_48' title="bbox 1847 2108 3401 2184">
     <span class='ocr_line' id='line_1_48' title="bbox 1847 2108 3401 2184; baseline -0.008 -13"><span class='ocrx_word' id='word_1_327' title='bbox 1847 2115 1896 2171; x_wconf 91' lang='lat' dir='ltr'><strong>ei</strong></span> <span class='ocrx_word' id='word_1_328' title='bbox 1928 2115 1979 2169; x_wconf 92' lang='lat' dir='ltr'><strong>in</strong></span> <span class='ocrx_word' id='word_1_329' title='bbox 2006 2114 2106 2175; x_wconf 86' lang='lat' dir='ltr'><strong>hoc</strong></span> <span class='ocrx_word' id='word_1_330' title='bbox 2128 2127 2325 2184; x_wconf 88' lang='lat' dir='ltr'><strong>genere</strong></span> <span class='ocrx_word' id='word_1_331' title='bbox 2353 2112 2500 2168; x_wconf 89' lang='lat' dir='ltr'><strong>solus</strong></span> <span class='ocrx_word' id='word_1_332' title='bbox 2530 2112 2671 2166; x_wconf 79' lang='lat' dir='ltr'><strong>filius</strong></span> <span class='ocrx_word' id='word_1_333' title='bbox 2710 2110 2937 2166; x_wconf 88' lang='lat' dir='ltr'><strong>Basilius</strong></span> <span class='ocrx_word' id='word_1_334' title='bbox 2962 2110 3222 2179; x_wconf 86' lang='lat' dir='ltr'><strong>eripuisse</strong></span> <span class='ocrx_word' id='word_1_335' title='bbox 3246 2108 3401 2161; x_wconf 90' lang='lat' dir='ltr'><strong>vide-</strong></span> 
     </span>
    </p>
   </div>
   <div class='ocr_carea' id='block_1_49' title="bbox 1849 2200 3404 2278">
    <p class='ocr_par' dir='ltr' id='par_1_49' title="bbox 1849 2200 3404 2278">
     <span class='ocr_line' id='line_1_49' title="bbox 1849 2200 3404 2278; baseline -0.007 -16"><span class='ocrx_word' id='word_1_336' title='bbox 1849 2216 1997 2262; x_wconf 90' lang='lat' dir='ltr'><strong>retur</strong></span> <span class='ocrx_word' id='word_1_337' title='bbox 2018 2206 2114 2278; x_wconf 78' lang='grc' dir='ltr'><strong>(Ῑ).</strong></span> <span class='ocrx_word' id='word_1_338' title='bbox 2140 2204 2311 2275; x_wconf 85' lang='lat' dir='ltr'><strong>Hujus</strong></span> <span class='ocrx_word' id='word_1_339' title='bbox 2333 2205 2463 2259; x_wconf 81' lang='lat' dir='ltr'><strong>fides</strong></span> <span class='ocrx_word' id='word_1_340' title='bbox 2492 2203 2749 2258; x_wconf 88' lang='lat' dir='ltr'><strong>miracula</strong></span> <span class='ocrx_word' id='word_1_341' title='bbox 2795 2200 3121 2272; x_wconf 87' lang='lat' dir='ltr'><strong>impetravit,</strong></span> <span class='ocrx_word' id='word_1_342' title='bbox 3155 2210 3212 2254; x_wconf 94' lang='lat' dir='ltr'><strong>ut</strong></span> <span class='ocrx_word' id='word_1_343' title='bbox 3248 2200 3404 2252; x_wconf 89' lang='lat' dir='ltr'><strong>modo</strong></span> 
     </span>
    </p>
   </div>
   <div class='ocr_carea' id='block_1_50' title="bbox 1848 2293 3405 2362">
    <p class='ocr_par' dir='ltr' id='par_1_50' title="bbox 1848 2293 3405 2362">
     <span class='ocr_line' id='line_1_50' title="bbox 1848 2293 3405 2362; baseline -0.005 -9"><span class='ocrx_word' id='word_1_344' title='bbox 1848 2298 2168 2354; x_wconf 85' lang='lat' dir='ltr'><strong>videbimus.</strong></span> <span class='ocrx_word' id='word_1_345' title='bbox 2201 2294 2251 2351; x_wconf 88' lang='lat' dir='ltr'><strong>Is</strong></span> <span class='ocrx_word' id='word_1_346' title='bbox 2285 2296 2340 2350; x_wconf 91' lang='lat' dir='ltr'><strong>in</strong></span> <span class='ocrx_word' id='word_1_347' title='bbox 2381 2294 2784 2349; x_wconf 87' lang='lat' dir='ltr'><strong>matrimonium</strong></span> <span class='ocrx_word' id='word_1_348' title='bbox 2807 2294 2957 2349; x_wconf 86' lang='lat' dir='ltr'><strong>duxlt</strong></span> <span class='ocrx_word' id='word_1_349' title='bbox 2982 2307 3163 2362; x_wconf 90' lang='lat' dir='ltr'><strong>parem</strong></span> <span class='ocrx_word' id='word_1_350' title='bbox 3190 2293 3405 2362; x_wconf 82' lang='lat' dir='ltr'><strong>generis</strong></span> 
     </span>
    </p>
   </div>
   <div class='ocr_carea' id='block_1_51' title="bbox 1847 2384 3405 2457">
    <p class='ocr_par' dir='ltr' id='par_1_51' title="bbox 1847 2384 3405 2457">
     <span class='ocr_line' id='line_1_51' title="bbox 1847 2384 3405 2457; baseline -0.003 -14"><span class='ocrx_word' id='word_1_351' title='bbox 1847 2400 1901 2443; x_wconf 90' lang='lat' dir='ltr'><strong>et</strong></span> <span class='ocrx_word' id='word_1_352' title='bbox 1927 2389 2185 2444; x_wconf 77' lang='lat' dir='ltr'><strong>virtutum</strong></span> <span class='ocrx_word' id='word_1_353' title='bbox 2232 2386 2518 2457; x_wconf 90' lang='lat' dir='ltr'><strong>splendore</strong></span> <span class='ocrx_word' id='word_1_354' title='bbox 2566 2386 2822 2443; x_wconf 79' lang='lat' dir='ltr'><strong>feminam</strong></span> <span class='ocrx_word' id='word_1_355' title='bbox 2845 2426 2862 2451; x_wconf 92' lang='lat'><strong>,</strong></span> <span class='ocrx_word' id='word_1_356' title='bbox 2896 2384 3209 2443; x_wconf 86' lang='lat' dir='ltr'><strong>Emmeliam</strong></span> <span class='ocrx_word' id='word_1_357' title='bbox 3238 2423 3254 2449; x_wconf 92' lang='lat'><strong>,</strong></span> <span class='ocrx_word' id='word_1_358' title='bbox 3287 2399 3405 2453; x_wconf 78' lang='lat' dir='ltr'><strong>qua:</strong></span> 
     </span>
    </p>
   </div>
   <div class='ocr_carea' id='block_1_52' title="bbox 1849 2477 3400 2549">
    <p class='ocr_par' dir='ltr' id='par_1_52' title="bbox 1849 2477 3400 2549">
     <span class='ocr_line' id='line_1_52' title="bbox 1849 2477 3400 2549; baseline -0.005 -11"><span class='ocrx_word' id='word_1_359' title='bbox 1849 2484 1900 2539; x_wconf 93' lang='lat' dir='ltr'><strong>id</strong></span> <span class='ocrx_word' id='word_1_360' title='bbox 1938 2485 2077 2538; x_wconf 91' lang='lat' dir='ltr'><strong>inter</strong></span> <span class='ocrx_word' id='word_1_361' title='bbox 2111 2480 2513 2545; x_wconf 56' lang='lat' dir='ltr'><strong>mulieresgfuit,</strong></span> <span class='ocrx_word' id='word_1_362' title='bbox 2541 2480 2683 2549; x_wconf 92' lang='lat' dir='ltr'><strong>quod</strong></span> <span class='ocrx_word' id='word_1_363' title='bbox 2717 2479 2947 2536; x_wconf 88' lang='lat' dir='ltr'><strong>Basilius</strong></span> <span class='ocrx_word' id='word_1_364' title='bbox 2984 2479 3126 2533; x_wconf 87' lang='lat' dir='ltr'><strong>ﬁlius</strong></span> <span class='ocrx_word' id='word_1_365' title='bbox 3156 2479 3297 2533; x_wconf 85' lang='lat' dir='ltr'><strong>inter</strong></span> <span class='ocrx_word' id='word_1_366' title='bbox 3324 2477 3400 2531; x_wconf 92' lang='lat' dir='ltr'><strong>vi-</strong></span> 
     </span>
    </p>
   </div>
   <div class='ocr_carea' id='block_1_53' title="bbox 1850 2568 3404 2639">
    <p class='ocr_par' dir='ltr' id='par_1_53' title="bbox 1850 2568 3404 2639">
     <span class='ocr_line' id='line_1_53' title="bbox 1850 2568 3404 2639; baseline -0.005 -12"><span class='ocrx_word' id='word_1_367' title='bbox 1850 2589 1957 2636; x_wconf 87' lang='lat' dir='ltr'><strong>ros.</strong></span> <span class='ocrx_word' id='word_1_368' title='bbox 1993 2580 2127 2627; x_wconf 90' lang='lat' dir='ltr'><strong>teste</strong></span> <span class='ocrx_word' id='word_1_369' title='bbox 2158 2569 2495 2624; x_wconf 84' lang='lat' dir='ltr'><strong>Nazianzeno</strong></span> <span class='ocrx_word' id='word_1_370' title='bbox 2526 2568 2622 2639; x_wconf 87' lang='lat' dir='ltr'><strong>(g).</strong></span> <span class='ocrx_word' id='word_1_371' title='bbox 2659 2569 2782 2623; x_wconf 67' lang='lat' dir='ltr'><strong>Haec</strong></span> <span class='ocrx_word' id='word_1_372' title='bbox 2805 2568 3033 2624; x_wconf 90' lang='lat' dir='ltr'><strong>libenter</strong></span> <span class='ocrx_word' id='word_1_373' title='bbox 3061 2568 3404 2623; x_wconf 87' lang='lat' dir='ltr'><strong>matrimonio</strong></span> 
     </span>
    </p>
   </div>
   <div class='ocr_carea' id='block_1_54' title="bbox 1851 2660 3399 2733">
    <p class='ocr_par' dir='ltr' id='par_1_54' title="bbox 1851 2660 3399 2733">
     <span class='ocr_line' id='line_1_54' title="bbox 1851 2660 3399 2733; baseline -0.001 -18"><span class='ocrx_word' id='word_1_374' title='bbox 1851 2663 2208 2733; x_wconf 87' lang='lat' dir='ltr'><strong>virginitatem</strong></span> <span class='ocrx_word' id='word_1_375' title='bbox 2240 2660 2578 2730; x_wconf 69' lang='lat' dir='ltr'><strong>praetulisset.</strong></span> <span class='ocrx_word' id='word_1_376' title='bbox 2617 2660 2720 2714; x_wconf 89' lang='lat' dir='ltr'><strong>Sed</strong></span> <span class='ocrx_word' id='word_1_377' title='bbox 2747 2670 2801 2714; x_wconf 91' lang='lat' dir='ltr'><strong>et</strong></span> <span class='ocrx_word' id='word_1_378' title='bbox 2838 2671 3009 2729; x_wconf 89' lang='lat' dir='ltr'><strong>patre,</strong></span> <span class='ocrx_word' id='word_1_379' title='bbox 3039 2675 3194 2728; x_wconf 86' lang='lat' dir='ltr'><strong>quem</strong></span> <span class='ocrx_word' id='word_1_380' title='bbox 3229 2660 3399 2727; x_wconf 89' lang='lat' dir='ltr'><strong>impe—</strong></span> 
     </span>
    </p>
   </div>
   <div class='ocr_carea' id='block_1_55' title="bbox 1849 2748 3401 2818">
    <p class='ocr_par' dir='ltr' id='par_1_55' title="bbox 1849 2748 3401 2818">
     <span class='ocr_line' id='line_1_55' title="bbox 1849 2748 3401 2818; baseline -0.003 -13"><span class='ocrx_word' id='word_1_381' title='bbox 1849 2761 1993 2806; x_wconf 82' lang='lat' dir='ltr'><strong>rator</strong></span> <span class='ocrx_word' id='word_1_382' title='bbox 2026 2752 2133 2805; x_wconf 89' lang='lat' dir='ltr'><strong>vita</strong></span> <span class='ocrx_word' id='word_1_383' title='bbox 2184 2758 2240 2805; x_wconf 91' lang='lat' dir='ltr'><strong>et</strong></span> <span class='ocrx_word' id='word_1_384' title='bbox 2293 2751 2450 2805; x_wconf 89' lang='lat' dir='ltr'><strong>bonis</strong></span> <span class='ocrx_word' id='word_1_385' title='bbox 2482 2749 2842 2818; x_wconf 74' lang='lat' dir='ltr'><strong>Spoliaverat,</strong></span> <span class='ocrx_word' id='word_1_386' title='bbox 2876 2758 2931 2803; x_wconf 92' lang='lat' dir='ltr'><strong>et</strong></span> <span class='ocrx_word' id='word_1_387' title='bbox 2976 2757 3147 2802; x_wconf 88' lang='lat' dir='ltr'><strong>matre</strong></span> <span class='ocrx_word' id='word_1_388' title='bbox 3198 2749 3249 2801; x_wconf 93' lang='lat' dir='ltr'><strong>in</strong></span> <span class='ocrx_word' id='word_1_389' title='bbox 3287 2748 3401 2817; x_wconf 88' lang='lat' dir='ltr'><strong>ipso</strong></span> 
     </span>
    </p>
   </div>
   <div class='ocr_carea' id='block_1_56' title="bbox 1846 2838 3395 2908">
    <p class='ocr_par' dir='ltr' id='par_1_56' title="bbox 1846 2838 3395 2908">
     <span class='ocr_line' id='line_1_56' title="bbox 1846 2838 3395 2908; baseline -0.005 -10"><span class='ocrx_word' id='word_1_390' title='bbox 1846 2842 2023 2898; x_wconf 74' lang='lat' dir='ltr'><strong>aetatis</strong></span> <span class='ocrx_word' id='word_1_391' title='bbox 2051 2840 2182 2896; x_wconf 77' lang='lat' dir='ltr'><strong>flore</strong></span> <span class='ocrx_word' id='word_1_392' title='bbox 2214 2840 2424 2904; x_wconf 90' lang='lat' dir='ltr'><strong>orbata,</strong></span> <span class='ocrx_word' id='word_1_393' title='bbox 2458 2849 2513 2893; x_wconf 93' lang='lat' dir='ltr'><strong>ut</strong></span> <span class='ocrx_word' id='word_1_394' title='bbox 2546 2840 2741 2894; x_wconf 88' lang='lat' dir='ltr'><strong>vitaret</strong></span> <span class='ocrx_word' id='word_1_395' title='bbox 2781 2838 3012 2908; x_wconf 87' lang='lat' dir='ltr'><strong>pericula</strong></span> <span class='ocrx_word' id='word_1_396' title='bbox 3043 2838 3111 2893; x_wconf 88' lang='lat' dir='ltr'><strong>ob</strong></span> <span class='ocrx_word' id='word_1_397' title='bbox 3134 2853 3395 2894; x_wconf 87' lang='lat' dir='ltr'><strong>summam</strong></span> 
     </span>
    </p>
   </div>
   <div class='ocr_carea' id='block_1_57' title="bbox 1848 2929 3401 3002">
    <p class='ocr_par' dir='ltr' id='par_1_57' title="bbox 1848 2929 3401 3002">
     <span class='ocr_line' id='line_1_57' title="bbox 1848 2929 3401 3002; baseline -0.005 -13"><span class='ocrx_word' id='word_1_398' title='bbox 1848 2942 2178 2990; x_wconf 86' lang='lat' dir='ltr'><strong>venustatem</strong></span> <span class='ocrx_word' id='word_1_399' title='bbox 2213 2932 2548 2987; x_wconf 88' lang='lat' dir='ltr'><strong>imminentia</strong></span> <span class='ocrx_word' id='word_1_400' title='bbox 2573 2930 2814 3002; x_wconf 89' lang='lat' dir='ltr'><strong>(plurimi</strong></span> <span class='ocrx_word' id='word_1_401' title='bbox 2852 2931 2992 2984; x_wconf 89' lang='lat' dir='ltr'><strong>enim</strong></span> <span class='ocrx_word' id='word_1_402' title='bbox 3025 2929 3164 2984; x_wconf 89' lang='lat' dir='ltr'><strong>illius</strong></span> <span class='ocrx_word' id='word_1_403' title='bbox 3189 2929 3401 2999; x_wconf 87' lang='lat' dir='ltr'><strong>nuptias</strong></span> 
     </span>
    </p>
   </div>
   <div class='ocr_carea' id='block_1_58' title="bbox 1846 3020 3403 3091">
    <p class='ocr_par' dir='ltr' id='par_1_58' title="bbox 1846 3020 3403 3091">
     <span class='ocr_line' id='line_1_58' title="bbox 1846 3020 3403 3091; baseline -0.004 -12"><span class='ocrx_word' id='word_1_404' title='bbox 1846 3025 2142 3089; x_wconf 89' lang='lat' dir='ltr'><strong>ambibant,</strong></span> <span class='ocrx_word' id='word_1_405' title='bbox 2170 3022 2412 3079; x_wconf 90' lang='lat' dir='ltr'><strong>nonnulli</strong></span> <span class='ocrx_word' id='word_1_406' title='bbox 2450 3023 2611 3077; x_wconf 91' lang='lat' dir='ltr'><strong>etiam</strong></span> <span class='ocrx_word' id='word_1_407' title='bbox 2640 3032 2850 3091; x_wconf 90' lang='lat' dir='ltr'><strong>raptum</strong></span> <span class='ocrx_word' id='word_1_408' title='bbox 2883 3022 3128 3076; x_wconf 89' lang='lat' dir='ltr'><strong>meditari</strong></span> <span class='ocrx_word' id='word_1_409' title='bbox 3156 3020 3403 3075; x_wconf 79' lang='lat' dir='ltr'><strong>videban-</strong></span> 
     </span>
    </p>
   </div>
   <div class='ocr_carea' id='block_1_59' title="bbox 1848 3114 3400 3187">
    <p class='ocr_par' dir='ltr' id='par_1_59' title="bbox 1848 3114 3400 3187">
     <span class='ocr_line' id='line_1_59' title="bbox 1848 3114 3400 3187; baseline -0.003 -14"><span class='ocrx_word' id='word_1_410' title='bbox 1848 3121 1976 3187; x_wconf 91' lang='lat' dir='ltr'><strong>tur),</strong></span> <span class='ocrx_word' id='word_1_411' title='bbox 2028 3118 2095 3171; x_wconf 86' lang='lat' dir='ltr'><strong>ad</strong></span> <span class='ocrx_word' id='word_1_412' title='bbox 2128 3116 2453 3170; x_wconf 88' lang='lat' dir='ltr'><strong>matrimonii</strong></span> <span class='ocrx_word' id='word_1_413' title='bbox 2485 3124 2695 3183; x_wconf 87' lang='lat' dir='ltr'><strong>portum</strong></span> <span class='ocrx_word' id='word_1_414' title='bbox 2731 3114 3001 3182; x_wconf 85' lang='lat' dir='ltr'><strong>confugit,</strong></span> <span class='ocrx_word' id='word_1_415' title='bbox 3035 3130 3097 3169; x_wconf 89' lang='lat' dir='ltr'><strong>ac</strong></span> <span class='ocrx_word' id='word_1_416' title='bbox 3123 3115 3238 3169; x_wconf 82' lang='lat' dir='ltr'><strong>viro</strong></span> <span class='ocrx_word' id='word_1_417' title='bbox 3286 3129 3400 3168; x_wconf 90' lang='lat' dir='ltr'><strong>mo-</strong></span> 
     </span>
    </p>
   </div>
   <div class='ocr_carea' id='block_1_60' title="bbox 232 3205 3473 3301">
    <p class='ocr_par' dir='ltr' id='par_1_60' title="bbox 232 3205 3473 3301">
     <span class='ocr_line' id='line_1_60' title="bbox 232 3205 3473 3301; baseline -0.001 -40"><span class='ocrx_word' id='word_1_418' title='bbox 232 3210 401 3263; x_wconf 84' lang='lat' dir='ltr'><strong>cissima</strong></span> <span class='ocrx_word' id='word_1_419' title='bbox 458 3212 707 3263; x_wconf 91' lang='lat' dir='ltr'><strong>omnium</strong></span> <span class='ocrx_word' id='word_1_420' title='bbox 764 3209 1101 3276; x_wconf 81' lang='lat' dir='ltr'><strong>maximeque</strong></span> <span class='ocrx_word' id='word_1_421' title='bbox 1157 3207 1422 3262; x_wconf 88' lang='lat' dir='ltr'><strong>horrenda</strong></span> <span class='ocrx_word' id='word_1_422' title='bbox 1465 3205 1739 3259; x_wconf 73' lang='lat' dir='ltr'><strong>Maximini</strong></span> <span class='ocrx_word' id='word_1_423' title='bbox 1771 3240 1815 3301; x_wconf 66' lang='grc' dir='ltr'><strong>Ο</strong></span> <span class='ocrx_word' id='word_1_424' title='bbox 1850 3226 1964 3267; x_wconf 83' lang='lat' dir='ltr'><strong>rum</strong></span> <span class='ocrx_word' id='word_1_425' title='bbox 1993 3209 2258 3280; x_wconf 89' lang='lat' dir='ltr'><strong>gravitate</strong></span> <span class='ocrx_word' id='word_1_426' title='bbox 2310 3215 2550 3276; x_wconf 90' lang='lat' dir='ltr'><strong>spectato</strong></span> <span class='ocrx_word' id='word_1_427' title='bbox 2588 3205 2753 3259; x_wconf 91' lang='lat' dir='ltr'><strong>vitam</strong></span> <span class='ocrx_word' id='word_1_428' title='bbox 2806 3219 2956 3259; x_wconf 90' lang='lat' dir='ltr'><strong>suam</strong></span> <span class='ocrx_word' id='word_1_429' title='bbox 3000 3206 3400 3261; x_wconf 87' lang='lat' dir='ltr'><strong>custodiendam</strong></span> <span class='ocrx_word' id='word_1_430' title='bbox 3470 3228 3473 3231; x_wconf 83' lang='lat'><strong><em>-</em></strong></span> 
     </span>
    </p>
   </div>
   <div class='ocr_carea' id='block_1_61' title="bbox 233 3296 1740 3369">
    <p class='ocr_par' dir='ltr' id='par_1_61' title="bbox 233 3296 1740 3369">
     <span class='ocr_line' id='line_1_61' title="bbox 233 3296 1740 3369; baseline -0.004 -14"><span class='ocrx_word' id='word_1_431' title='bbox 233 3302 571 3367; x_wconf 78' lang='lat' dir='ltr'><strong>persecutione,</strong></span> <span class='ocrx_word' id='word_1_432' title='bbox 601 3299 700 3369; x_wconf 92' lang='lat' dir='ltr'><strong>qui</strong></span> <span class='ocrx_word' id='word_1_433' title='bbox 748 3313 871 3352; x_wconf 91' lang='lat' dir='ltr'><strong>cum</strong></span> <span class='ocrx_word' id='word_1_434' title='bbox 912 3307 1029 3367; x_wconf 91' lang='lat' dir='ltr'><strong>post</strong></span> <span class='ocrx_word' id='word_1_435' title='bbox 1066 3297 1243 3366; x_wconf 88' lang='lat' dir='ltr'><strong>plures</strong></span> <span class='ocrx_word' id='word_1_436' title='bbox 1285 3297 1437 3360; x_wconf 88' lang='lat' dir='ltr'><strong>alios,</strong></span> <span class='ocrx_word' id='word_1_437' title='bbox 1465 3297 1551 3366; x_wconf 86' lang='lat' dir='ltr'><strong>qui</strong></span> <span class='ocrx_word' id='word_1_438' title='bbox 1586 3296 1740 3366; x_wconf 88' lang='lat' dir='ltr'><strong>paulo</strong></span> 
     </span>
    </p>
   </div>
   <div class='ocr_carea' id='block_1_62' title="bbox 231 3386 1745 3460">
    <p class='ocr_par' dir='ltr' id='par_1_62' title="bbox 231 3386 1745 3460">
     <span class='ocr_line' id='line_1_62' title="bbox 231 3386 1745 3460; baseline -0.001 -19"><span class='ocrx_word' id='word_1_439' title='bbox 231 3402 322 3445; x_wconf 77' lang='lat' dir='ltr'><strong>ante</strong></span> <span class='ocrx_word' id='word_1_440' title='bbox 354 3392 550 3446; x_wconf 87' lang='lat' dir='ltr'><strong>fuerant</strong></span> <span class='ocrx_word' id='word_1_441' title='bbox 578 3432 593 3456; x_wconf 94' lang='lat'><strong>,</strong></span> <span class='ocrx_word' id='word_1_442' title='bbox 636 3389 968 3460; x_wconf 86' lang='lat' dir='ltr'><strong>ingruisset,</strong></span> <span class='ocrx_word' id='word_1_443' title='bbox 1022 3389 1230 3443; x_wconf 89' lang='lat' dir='ltr'><strong>laudem</strong></span> <span class='ocrx_word' id='word_1_444' title='bbox 1261 3388 1339 3442; x_wconf 90' lang='lat' dir='ltr'><strong>eis</strong></span> <span class='ocrx_word' id='word_1_445' title='bbox 1395 3386 1745 3441; x_wconf 85' lang='lat' dir='ltr'><strong>humanitatis</strong></span> 
     </span>
    </p>
   </div>
   <div class='ocr_carea' id='block_1_63' title="bbox 230 3476 1744 3537">
    <p class='ocr_par' dir='ltr' id='par_1_63' title="bbox 230 3476 1744 3537">
     <span class='ocr_line' id='line_1_63' title="bbox 230 3476 1744 3537; baseline -0.003 -2"><span class='ocrx_word' id='word_1_446' title='bbox 230 3497 299 3535; x_wconf 82' lang='lat' dir='ltr'><strong>sua</strong></span> <span class='ocrx_word' id='word_1_447' title='bbox 322 3483 629 3537; x_wconf 89' lang='lat' dir='ltr'><strong>crudelitate</strong></span> <span class='ocrx_word' id='word_1_448' title='bbox 682 3479 1007 3534; x_wconf 90' lang='lat' dir='ltr'><strong>conciliavit.</strong></span> <span class='ocrx_word' id='word_1_449' title='bbox 1062 3478 1153 3534; x_wconf 88' lang='lat' dir='ltr'><strong>llis</strong></span> <span class='ocrx_word' id='word_1_450' title='bbox 1182 3477 1458 3533; x_wconf 89' lang='lat' dir='ltr'><strong>coloribus</strong></span> <span class='ocrx_word' id='word_1_451' title='bbox 1485 3476 1629 3531; x_wconf 91' lang='lat' dir='ltr'><strong>clare</strong></span> <span class='ocrx_word' id='word_1_452' title='bbox 1656 3477 1744 3531; x_wconf 63' lang='lat' dir='ltr'><strong>deo</strong></span> 
     </span>
    </p>
   </div>
   <div class='ocr_carea' id='block_1_64' title="bbox 230 3567 1745 3641">
    <p class='ocr_par' dir='ltr' id='par_1_64' title="bbox 230 3567 1745 3641">
     <span class='ocr_line' id='line_1_64' title="bbox 230 3567 1745 3641; baseline -0.001 -18"><span class='ocrx_word' id='word_1_453' title='bbox 230 3574 419 3641; x_wconf 80' lang='lat' dir='ltr'><strong>pingitur</strong></span> <span class='ocrx_word' id='word_1_454' title='bbox 450 3574 784 3628; x_wconf 77' lang='lat' dir='ltr'><strong>Maximinus</strong></span> <span class='ocrx_word' id='word_1_455' title='bbox 809 3571 1094 3637; x_wconf 85' lang='lat' dir='ltr'><strong>secundus,</strong></span> <span class='ocrx_word' id='word_1_456' title='bbox 1128 3570 1349 3624; x_wconf 89' lang='lat' dir='ltr'><strong>minime</strong></span> <span class='ocrx_word' id='word_1_457' title='bbox 1376 3584 1520 3635; x_wconf 90' lang='lat' dir='ltr'><strong>vero,</strong></span> <span class='ocrx_word' id='word_1_458' title='bbox 1554 3576 1611 3623; x_wconf 92' lang='lat' dir='ltr'><strong>ut</strong></span> <span class='ocrx_word' id='word_1_459' title='bbox 1639 3567 1745 3621; x_wconf 80' lang='lat' dir='ltr'><strong>Pa~</strong></span> 
     </span>
    </p>
   </div>
   <div class='ocr_carea' id='block_1_65' title="bbox 232 3660 1745 3735">
    <p class='ocr_par' dir='ltr' id='par_1_65' title="bbox 232 3660 1745 3735">
     <span class='ocr_line' id='line_1_65' title="bbox 232 3660 1745 3735; baseline -0.002 -18"><span class='ocrx_word' id='word_1_460' title='bbox 232 3664 500 3731; x_wconf 82' lang='lat' dir='ltr'><strong>pcbrocbius</strong></span> <span class='ocrx_word' id='word_1_461' title='bbox 532 3666 797 3735; x_wconf 89' lang='lat' dir='ltr'><strong>opinatus</strong></span> <span class='ocrx_word' id='word_1_462' title='bbox 823 3674 906 3718; x_wconf 90' lang='lat' dir='ltr'><strong>est</strong></span> <span class='ocrx_word' id='word_1_463' title='bbox 937 3706 951 3729; x_wconf 93' lang='lat'><strong>,</strong></span> <span class='ocrx_word' id='word_1_464' title='bbox 985 3661 1307 3716; x_wconf 81' lang='lat' dir='ltr'><strong>Maximinus</strong></span> <span class='ocrx_word' id='word_1_465' title='bbox 1335 3661 1561 3730; x_wconf 90' lang='lat' dir='ltr'><strong>primus,</strong></span> <span class='ocrx_word' id='word_1_466' title='bbox 1593 3660 1745 3729; x_wconf 84' lang='lat' dir='ltr'><strong>cujus</strong></span> 
     </span>
    </p>
   </div>
   <div class='ocr_carea' id='block_1_66' title="bbox 232 3751 1747 3819">
    <p class='ocr_par' dir='ltr' id='par_1_66' title="bbox 232 3751 1747 3819">
     <span class='ocr_line' id='line_1_66' title="bbox 232 3751 1747 3819; baseline -0.001 -14"><span class='ocrx_word' id='word_1_467' title='bbox 232 3756 485 3819; x_wconf 84' lang='lat' dir='ltr'><strong>persecutio</strong></span> <span class='ocrx_word' id='word_1_468' title='bbox 514 3772 618 3810; x_wconf 91' lang='lat' dir='ltr'><strong>nec</strong></span> <span class='ocrx_word' id='word_1_469' title='bbox 658 3755 897 3809; x_wconf 90' lang='lat' dir='ltr'><strong>omnium</strong></span> <span class='ocrx_word' id='word_1_470' title='bbox 947 3752 1317 3808; x_wconf 85' lang='lat' dir='ltr'><strong>crudelissima</strong></span> <span class='ocrx_word' id='word_1_471' title='bbox 1366 3751 1572 3804; x_wconf 81' lang='lat' dir='ltr'><strong>exstitit</strong></span> <span class='ocrx_word' id='word_1_472' title='bbox 1600 3791 1617 3814; x_wconf 90' lang='lat'><strong>,</strong></span> <span class='ocrx_word' id='word_1_473' title='bbox 1650 3765 1747 3803; x_wconf 91' lang='lat' dir='ltr'><strong>nec</strong></span> 
     </span>
    </p>
   </div>
   <div class='ocr_carea' id='block_1_67' title="bbox 231 3841 1748 3913">
    <p class='ocr_par' dir='ltr' id='par_1_67' title="bbox 231 3841 1748 3913">
     <span class='ocr_line' id='line_1_67' title="bbox 231 3841 1748 3913; baseline 0 -18"><span class='ocrx_word' id='word_1_474' title='bbox 231 3856 299 3905; x_wconf 82' lang='lat' dir='ltr'><strong>per</strong></span> <span class='ocrx_word' id='word_1_475' title='bbox 316 3855 495 3913; x_wconf 70' lang='lat' dir='ltr'><strong>septem</strong></span> <span class='ocrx_word' id='word_1_476' title='bbox 522 3859 739 3908; x_wconf 87' lang='lat' dir='ltr'><strong>annos;</strong></span> <span class='ocrx_word' id='word_1_477' title='bbox 774 3859 871 3898; x_wconf 92' lang='lat' dir='ltr'><strong>nec</strong></span> <span class='ocrx_word' id='word_1_478' title='bbox 902 3844 1034 3897; x_wconf 89' lang='lat' dir='ltr'><strong>alias</strong></span> <span class='ocrx_word' id='word_1_479' title='bbox 1062 3842 1470 3912; x_wconf 87' lang='lat' dir='ltr'><strong>persecutiones</strong></span> <span class='ocrx_word' id='word_1_480' title='bbox 1504 3841 1748 3909; x_wconf 83' lang='lat' dir='ltr'><strong>proxime</strong></span> 
     </span>
    </p>
   </div>
   <div class='ocr_carea' id='block_1_68' title="bbox 230 3932 1747 4005">
    <p class='ocr_par' dir='ltr' id='par_1_68' title="bbox 230 3932 1747 4005">
     <span class='ocr_line' id='line_1_68' title="bbox 230 3932 1747 4005; baseline -0.003 -17"><span class='ocrx_word' id='word_1_481' title='bbox 230 3940 458 3990; x_wconf 86' lang='lat' dir='ltr'><strong>subsecuta</strong></span> <span class='ocrx_word' id='word_1_482' title='bbox 483 3950 603 4002; x_wconf 89' lang='lat' dir='ltr'><strong>est;</strong></span> <span class='ocrx_word' id='word_1_483' title='bbox 647 3945 999 4005; x_wconf 84' lang='lat' dir='ltr'><strong>praecesserat</strong></span> <span class='ocrx_word' id='word_1_484' title='bbox 1032 3934 1173 3988; x_wconf 92' lang='lat' dir='ltr'><strong>enim</strong></span> <span class='ocrx_word' id='word_1_485' title='bbox 1212 3948 1313 4002; x_wconf 87' lang='lat' dir='ltr'><strong>pax</strong></span> <span class='ocrx_word' id='word_1_486' title='bbox 1351 3932 1540 4001; x_wconf 88' lang='lat' dir='ltr'><strong>viginti</strong></span> <span class='ocrx_word' id='word_1_487' title='bbox 1590 3932 1747 3999; x_wconf 87' lang='lat' dir='ltr'><strong>quin-</strong></span> 
     </span>
    </p>
   </div>
   <div class='ocr_carea' id='block_1_69' title="bbox 232 4021 1747 4091">
    <p class='ocr_par' dir='ltr' id='par_1_69' title="bbox 232 4021 1747 4091">
     <span class='ocr_line' id='line_1_69' title="bbox 232 4021 1747 4091; baseline -0.001 -16"><span class='ocrx_word' id='word_1_488' title='bbox 232 4038 307 4091; x_wconf 78' lang='lat' dir='ltr'><strong>quc</strong></span> <span class='ocrx_word' id='word_1_489' title='bbox 326 4041 592 4081; x_wconf 82' lang='lat' dir='ltr'><strong>annorum.</strong></span> <span class='ocrx_word' id='word_1_490' title='bbox 633 4026 745 4080; x_wconf 87' lang='lat' dir='ltr'><strong>Sed</strong></span> <span class='ocrx_word' id='word_1_491' title='bbox 789 4042 910 4080; x_wconf 90' lang='lat' dir='ltr'><strong>cum</strong></span> <span class='ocrx_word' id='word_1_492' title='bbox 956 4024 1280 4078; x_wconf 84' lang='lat' dir='ltr'><strong>Maximinus</strong></span> <span class='ocrx_word' id='word_1_493' title='bbox 1324 4021 1590 4075; x_wconf 89' lang='lat' dir='ltr'><strong>secundus</strong></span> <span class='ocrx_word' id='word_1_494' title='bbox 1645 4039 1747 4073; x_wconf 80' lang='lat' dir='ltr'><strong>non</strong></span> 
     </span>
    </p>
   </div>
   <div class='ocr_carea' id='block_1_70' title="bbox 234 4113 1745 4183">
    <p class='ocr_par' dir='ltr' id='par_1_70' title="bbox 234 4113 1745 4183">
     <span class='ocr_line' id='line_1_70' title="bbox 234 4113 1745 4183; baseline -0.005 -14"><span class='ocrx_word' id='word_1_495' title='bbox 234 4120 481 4183; x_wconf 73' lang='lat' dir='ltr'><strong>regnaverit</strong></span> <span class='ocrx_word' id='word_1_496' title='bbox 510 4120 562 4172; x_wconf 93' lang='lat' dir='ltr'><strong>in</strong></span> <span class='ocrx_word' id='word_1_497' title='bbox 594 4118 774 4172; x_wconf 85' lang='lat' dir='ltr'><strong>Ponto</strong></span> <span class='ocrx_word' id='word_1_498' title='bbox 800 4127 853 4171; x_wconf 89' lang='lat' dir='ltr'><strong>et</strong></span> <span class='ocrx_word' id='word_1_499' title='bbox 877 4116 1003 4169; x_wconf 86' lang='lat' dir='ltr'><strong>Asia</strong></span> <span class='ocrx_word' id='word_1_500' title='bbox 1059 4114 1261 4168; x_wconf 81' lang='lat' dir='ltr'><strong>Minore</strong></span> <span class='ocrx_word' id='word_1_501' title='bbox 1285 4153 1299 4176; x_wconf 92' lang='lat'><strong>,</strong></span> <span class='ocrx_word' id='word_1_502' title='bbox 1324 4114 1422 4167; x_wconf 90' lang='lat' dir='ltr'><strong>nisi</strong></span> <span class='ocrx_word' id='word_1_503' title='bbox 1454 4128 1593 4167; x_wconf 89' lang='lat' dir='ltr'><strong>anno</strong></span> <span class='ocrx_word' id='word_1_504' title='bbox 1622 4113 1745 4175; x_wconf 80' lang='grc'><strong>511,</strong></span> 
     </span>
    </p>
   </div>
   <div class='ocr_carea' id='block_1_71' title="bbox 228 4205 1746 4277">
    <p class='ocr_par' dir='ltr' id='par_1_71' title="bbox 228 4205 1746 4277">
     <span class='ocr_line' id='line_1_71' title="bbox 228 4205 1746 4277; baseline -0.003 -18"><span class='ocrx_word' id='word_1_505' title='bbox 228 4217 319 4274; x_wconf 86' lang='lat' dir='ltr'><strong>post</strong></span> <span class='ocrx_word' id='word_1_506' title='bbox 338 4223 549 4265; x_wconf 89' lang='lat' dir='ltr'><strong>mortem</strong></span> <span class='ocrx_word' id='word_1_507' title='bbox 584 4210 826 4274; x_wconf 86' lang='lat' dir='ltr'><strong>Galerii;</strong></span> <span class='ocrx_word' id='word_1_508' title='bbox 880 4207 1140 4262; x_wconf 88' lang='lat' dir='ltr'><strong>Barouius</strong></span> <span class='ocrx_word' id='word_1_509' title='bbox 1170 4208 1237 4277; x_wconf 88' lang='lat' dir='ltr'><strong>(c)</strong></span> <span class='ocrx_word' id='word_1_510' title='bbox 1287 4217 1340 4261; x_wconf 92' lang='lat' dir='ltr'><strong>et</strong></span> <span class='ocrx_word' id='word_1_511' title='bbox 1371 4205 1746 4259; x_wconf 88' lang='lat' dir='ltr'><strong>Tillemontius</strong></span> 
     </span>
    </p>
   </div>
   <div class='ocr_carea' id='block_1_72' title="bbox 228 4294 1745 4366">
    <p class='ocr_par' dir='ltr' id='par_1_72' title="bbox 228 4294 1745 4366">
     <span class='ocr_line' id='line_1_72' title="bbox 228 4294 1745 4366; baseline -0.001 -18"><span class='ocrx_word' id='word_1_512' title='bbox 228 4299 487 4353; x_wconf 79' lang='lat' dir='ltr'><strong>existimant</strong></span> <span class='ocrx_word' id='word_1_513' title='bbox 527 4302 638 4354; x_wconf 88' lang='lat' dir='ltr'><strong>hoc</strong></span> <span class='ocrx_word' id='word_1_514' title='bbox 667 4299 981 4353; x_wconf 90' lang='lat' dir='ltr'><strong>miraculum</strong></span> <span class='ocrx_word' id='word_1_515' title='bbox 1007 4308 1263 4366; x_wconf 87' lang='lat' dir='ltr'><strong>regnante</strong></span> <span class='ocrx_word' id='word_1_516' title='bbox 1296 4297 1382 4350; x_wconf 88' lang='lat' dir='ltr'><strong>illo</strong></span> <span class='ocrx_word' id='word_1_517' title='bbox 1419 4297 1469 4349; x_wconf 90' lang='lat' dir='ltr'><strong>in</strong></span> <span class='ocrx_word' id='word_1_518' title='bbox 1508 4294 1745 4365; x_wconf 64' lang='lat' dir='ltr'><strong>[Egypto</strong></span> 
     </span>
    </p>
   </div>
   <div class='ocr_carea' id='block_1_73' title="bbox 226 4386 1745 4458">
    <p class='ocr_par' dir='ltr' id='par_1_73' title="bbox 226 4386 1745 4458">
     <span class='ocr_line' id='line_1_73' title="bbox 226 4386 1745 4458; baseline 0.001 -19"><span class='ocrx_word' id='word_1_519' title='bbox 226 4396 267 4439; x_wconf 84' lang='lat' dir='ltr'><strong>et</strong></span> <span class='ocrx_word' id='word_1_520' title='bbox 306 4387 441 4458; x_wconf 80' lang='lat' dir='ltr'><strong>Syria</strong></span> <span class='ocrx_word' id='word_1_521' title='bbox 469 4389 766 4456; x_wconf 85' lang='lat' dir='ltr'><strong>contigisse</strong></span> <span class='ocrx_word' id='word_1_522' title='bbox 792 4431 808 4455; x_wconf 93' lang='lat'><strong>,</strong></span> <span class='ocrx_word' id='word_1_523' title='bbox 866 4405 928 4442; x_wconf 91' lang='lat' dir='ltr'><strong>ac</strong></span> <span class='ocrx_word' id='word_1_524' title='bbox 978 4403 1206 4457; x_wconf 87' lang='lat' dir='ltr'><strong>proavos</strong></span> <span class='ocrx_word' id='word_1_525' title='bbox 1257 4388 1440 4443; x_wconf 89' lang='lat' dir='ltr'><strong>Basilii</strong></span> <span class='ocrx_word' id='word_1_526' title='bbox 1477 4405 1618 4444; x_wconf 88' lang='lat' dir='ltr'><strong>anno</strong></span> <span class='ocrx_word' id='word_1_527' title='bbox 1642 4386 1745 4442; x_wconf 72' lang='grc'><strong>504</strong></span> 
     </span>
    </p>
   </div>
   <div class='ocr_carea' id='block_1_74' title="bbox 226 4480 1746 4548">
    <p class='ocr_par' dir='ltr' id='par_1_74' title="bbox 226 4480 1746 4548">
     <span class='ocr_line' id='line_1_74' title="bbox 226 4480 1746 4548; baseline 0.002 -17"><span class='ocrx_word' id='word_1_528' title='bbox 226 4480 498 4544; x_wconf 72' lang='lat' dir='ltr'><strong>secessisse,</strong></span> <span class='ocrx_word' id='word_1_529' title='bbox 542 4490 597 4535; x_wconf 91' lang='lat' dir='ltr'><strong>et</strong></span> <span class='ocrx_word' id='word_1_530' title='bbox 632 4495 800 4548; x_wconf 90' lang='lat' dir='ltr'><strong>usque</strong></span> <span class='ocrx_word' id='word_1_531' title='bbox 837 4481 904 4535; x_wconf 90' lang='lat' dir='ltr'><strong>ad</strong></span> <span class='ocrx_word' id='word_1_532' title='bbox 942 4496 1138 4533; x_wconf 91' lang='lat' dir='ltr'><strong>annum</strong></span> <span class='ocrx_word' id='word_1_533' title='bbox 1170 4481 1270 4534; x_wconf 79' lang='grc'><strong>511</strong></span> <span class='ocrx_word' id='word_1_534' title='bbox 1320 4482 1611 4537; x_wconf 88' lang='lat' dir='ltr'><strong>delituisse.</strong></span> <span class='ocrx_word' id='word_1_535' title='bbox 1667 4480 1746 4535; x_wconf 85' lang='lat' dir='ltr'><strong>Ex</strong></span> 
     </span>
    </p>
   </div>
   <div class='ocr_carea' id='block_1_75' title="bbox 1848 3294 3399 3362">
    <p class='ocr_par' dir='ltr' id='par_1_75' title="bbox 1848 3294 3399 3362">
     <span class='ocr_line' id='line_1_75' title="bbox 1848 3294 3399 3362; baseline -0.007 -4"><span class='ocrx_word' id='word_1_536' title='bbox 1848 3299 2132 3358; x_wconf 89' lang='lat' dir='ltr'><strong>commisit.</strong></span> <span class='ocrx_word' id='word_1_537' title='bbox 2178 3296 2235 3351; x_wconf 85' lang='lat' dir='ltr'><strong>In</strong></span> <span class='ocrx_word' id='word_1_538' title='bbox 2291 3297 2392 3349; x_wconf 88' lang='lat' dir='ltr'><strong>hoc</strong></span> <span class='ocrx_word' id='word_1_539' title='bbox 2445 3294 2829 3357; x_wconf 80' lang='lat' dir='ltr'><strong>matrimonio,</strong></span> <span class='ocrx_word' id='word_1_540' title='bbox 2885 3294 3025 3362; x_wconf 81' lang='lat' dir='ltr'><strong>quod</strong></span> <span class='ocrx_word' id='word_1_541' title='bbox 3062 3308 3166 3348; x_wconf 90' lang='lat' dir='ltr'><strong>non</strong></span> <span class='ocrx_word' id='word_1_542' title='bbox 3223 3294 3399 3348; x_wconf 89' lang='lat' dir='ltr'><strong>minus</strong></span> 
     </span>
    </p>
   </div>
   <div class='ocr_carea' id='block_1_76' title="bbox 1848 3386 3397 3461">
    <p class='ocr_par' dir='ltr' id='par_1_76' title="bbox 1848 3386 3397 3461">
     <span class='ocr_line' id='line_1_76' title="bbox 1848 3386 3397 3461; baseline -0.003 -16"><span class='ocrx_word' id='word_1_543' title='bbox 1848 3392 2061 3447; x_wconf 83' lang='lat' dir='ltr'><strong>virtutis</strong></span> <span class='ocrx_word' id='word_1_544' title='bbox 2095 3406 2254 3461; x_wconf 90' lang='lat' dir='ltr'><strong>quam</strong></span> <span class='ocrx_word' id='word_1_545' title='bbox 2313 3402 2597 3458; x_wconf 89' lang='lat' dir='ltr'><strong>corporum</strong></span> <span class='ocrx_word' id='word_1_546' title='bbox 2654 3397 2812 3450; x_wconf 86' lang='lat' dir='ltr'><strong>erat,</strong></span> <span class='ocrx_word' id='word_1_547' title='bbox 2861 3386 3055 3440; x_wconf 86' lang='lat' dir='ltr'><strong>enituit</strong></span> <span class='ocrx_word' id='word_1_548' title='bbox 3094 3402 3397 3458; x_wconf 87' lang='lat' dir='ltr'><strong>pauperum</strong></span> 
     </span>
    </p>
   </div>
   <div class='ocr_carea' id='block_1_77' title="bbox 1846 3476 3397 3548">
    <p class='ocr_par' dir='ltr' id='par_1_77' title="bbox 1846 3476 3397 3548">
     <span class='ocr_line' id='line_1_77' title="bbox 1846 3476 3397 3548; baseline -0.005 -10"><span class='ocrx_word' id='word_1_549' title='bbox 1846 3482 2160 3539; x_wconf 89' lang='lat' dir='ltr'><strong>alendorum</strong></span> <span class='ocrx_word' id='word_1_550' title='bbox 2200 3488 2253 3535; x_wconf 92' lang='lat' dir='ltr'><strong>et</strong></span> <span class='ocrx_word' id='word_1_551' title='bbox 2305 3480 2576 3548; x_wconf 85' lang='lat' dir='ltr'><strong>hospitum</strong></span> <span class='ocrx_word' id='word_1_552' title='bbox 2624 3476 3061 3546; x_wconf 88' lang='lat' dir='ltr'><strong>excipiendorum</strong></span> <span class='ocrx_word' id='word_1_553' title='bbox 3114 3478 3348 3533; x_wconf 89' lang='lat' dir='ltr'><strong>studium</strong></span> <span class='ocrx_word' id='word_1_554' title='bbox 3380 3518 3397 3543; x_wconf 93' lang='lat'><strong>,</strong></span> 
     </span>
    </p>
   </div>
   <div class='ocr_carea' id='block_1_78' title="bbox 1847 3569 3399 3644">
    <p class='ocr_par' dir='ltr' id='par_1_78' title="bbox 1847 3569 3399 3644">
     <span class='ocr_line' id='line_1_78' title="bbox 1847 3569 3399 3644; baseline -0.005 -13"><span class='ocrx_word' id='word_1_555' title='bbox 1847 3575 2038 3631; x_wconf 63' lang='lat' dir='ltr'><strong>anima:</strong></span> <span class='ocrx_word' id='word_1_556' title='bbox 2067 3573 2310 3644; x_wconf 87' lang='lat' dir='ltr'><strong>purgatio</strong></span> <span class='ocrx_word' id='word_1_557' title='bbox 2341 3587 2436 3642; x_wconf 91' lang='lat' dir='ltr'><strong>per</strong></span> <span class='ocrx_word' id='word_1_558' title='bbox 2479 3570 2902 3635; x_wconf 89' lang='lat' dir='ltr'><strong>continentiam,</strong></span> <span class='ocrx_word' id='word_1_559' title='bbox 2934 3569 3191 3625; x_wconf 90' lang='lat' dir='ltr'><strong>bonorum</strong></span> <span class='ocrx_word' id='word_1_560' title='bbox 3222 3572 3399 3640; x_wconf 89' lang='lat' dir='ltr'><strong>portio</strong></span> 
     </span>
    </p>
   </div>
   <div class='ocr_carea' id='block_1_79' title="bbox 1848 3661 3397 3733">
    <p class='ocr_par' dir='ltr' id='par_1_79' title="bbox 1848 3661 3397 3733">
     <span class='ocr_line' id='line_1_79' title="bbox 1848 3661 3397 3733; baseline -0.005 -8"><span class='ocrx_word' id='word_1_561' title='bbox 1848 3670 1960 3725; x_wconf 89' lang='lat' dir='ltr'><strong>Deo</strong></span> <span class='ocrx_word' id='word_1_562' title='bbox 1986 3675 2319 3728; x_wconf 87' lang='lat' dir='ltr'><strong>consecrata,</strong></span> <span class='ocrx_word' id='word_1_563' title='bbox 2367 3679 2487 3733; x_wconf 70' lang='lat' dir='ltr'><strong>qua:</strong></span> <span class='ocrx_word' id='word_1_564' title='bbox 2512 3677 2597 3717; x_wconf 88' lang='lat' dir='ltr'><strong>res</strong></span> <span class='ocrx_word' id='word_1_565' title='bbox 2624 3661 2811 3732; x_wconf 84' lang='lat' dir='ltr'><strong>paucis</strong></span> <span class='ocrx_word' id='word_1_566' title='bbox 2844 3671 2970 3716; x_wconf 89' lang='lat' dir='ltr'><strong>tunc</strong></span> <span class='ocrx_word' id='word_1_567' title='bbox 3016 3662 3276 3731; x_wconf 80' lang='lat' dir='ltr'><strong>exemplis</strong></span> <span class='ocrx_word' id='word_1_568' title='bbox 3304 3679 3397 3718; x_wconf 80' lang='lat' dir='ltr'><strong>co-</strong></span> 
     </span>
    </p>
   </div>
   <div class='ocr_carea' id='block_1_80' title="bbox 1847 3742 3394 3830">
    <p class='ocr_par' dir='ltr' id='par_1_80' title="bbox 1847 3742 3394 3830">
     <span class='ocr_line' id='line_1_80' title="bbox 1847 3742 3394 3830; baseline -0.003 -18"><span class='ocrx_word' id='word_1_569' title='bbox 1847 3742 1996 3830; x_wconf 80' lang='lat' dir='ltr'><strong>gnita</strong></span> <span class='ocrx_word' id='word_1_570' title='bbox 2022 3764 2175 3819; x_wconf 88' lang='lat' dir='ltr'><strong>erat,</strong></span> <span class='ocrx_word' id='word_1_571' title='bbox 2207 3754 2335 3824; x_wconf 88' lang='lat' dir='ltr'><strong>quia</strong></span> <span class='ocrx_word' id='word_1_572' title='bbox 2382 3753 2481 3808; x_wconf 91' lang='lat' dir='ltr'><strong>sub</strong></span> <span class='ocrx_word' id='word_1_573' title='bbox 2535 3750 2949 3821; x_wconf 86' lang='lat' dir='ltr'><strong>imperatoribus</strong></span> <span class='ocrx_word' id='word_1_574' title='bbox 2997 3752 3227 3807; x_wconf 85' lang='lat' dir='ltr'><strong>ethnicis</strong></span> <span class='ocrx_word' id='word_1_575' title='bbox 3280 3763 3394 3808; x_wconf 91' lang='lat' dir='ltr'><strong>tuta</strong></span> 
     </span>
    </p>
   </div>
   <div class='ocr_carea' id='block_1_81' title="bbox 1849 3844 3403 3915">
    <p class='ocr_par' dir='ltr' id='par_1_81' title="bbox 1849 3844 3403 3915">
     <span class='ocr_line' id='line_1_81' title="bbox 1849 3844 3403 3915; baseline -0.005 -9"><span class='ocrx_word' id='word_1_576' title='bbox 1849 3866 1955 3907; x_wconf 93' lang='lat' dir='ltr'><strong>non</strong></span> <span class='ocrx_word' id='word_1_577' title='bbox 1982 3848 2171 3904; x_wconf 87' lang='lat' dir='ltr'><strong>fuisset</strong></span> <span class='ocrx_word' id='word_1_578' title='bbox 2192 3844 2449 3901; x_wconf 88' lang='lat' dir='ltr'><strong>Ecclesiis</strong></span> <span class='ocrx_word' id='word_1_579' title='bbox 2481 3844 2799 3915; x_wconf 70' lang='lat' dir='ltr'><strong>praediorum</strong></span> <span class='ocrx_word' id='word_1_580' title='bbox 2825 3845 3113 3913; x_wconf 88' lang='lat' dir='ltr'><strong>possessio.</strong></span> <span class='ocrx_word' id='word_1_581' title='bbox 3157 3844 3278 3900; x_wconf 68' lang='lat' dir='ltr'><strong>Haec</strong></span> <span class='ocrx_word' id='word_1_582' title='bbox 3306 3862 3403 3901; x_wconf 91' lang='lat' dir='ltr'><strong>au-</strong></span> 
     </span>
    </p>
   </div>
   <div class='ocr_carea' id='block_1_82' title="bbox 1850 3935 3399 4007">
    <p class='ocr_par' dir='ltr' id='par_1_82' title="bbox 1850 3935 3399 4007">
     <span class='ocr_line' id='line_1_82' title="bbox 1850 3935 3399 4007; baseline -0.002 -11"><span class='ocrx_word' id='word_1_583' title='bbox 1850 3952 1955 3996; x_wconf 89' lang='lat' dir='ltr'><strong>tem</strong></span> <span class='ocrx_word' id='word_1_584' title='bbox 1984 3940 2035 3993; x_wconf 93' lang='lat' dir='ltr'><strong>in</strong></span> <span class='ocrx_word' id='word_1_585' title='bbox 2059 3936 2328 3991; x_wconf 87' lang='lat' dir='ltr'><strong>Ecclesias</strong></span> <span class='ocrx_word' id='word_1_586' title='bbox 2353 3945 2407 3989; x_wconf 90' lang='lat' dir='ltr'><strong>et</strong></span> <span class='ocrx_word' id='word_1_587' title='bbox 2438 3950 2701 4004; x_wconf 88' lang='lat' dir='ltr'><strong>pauperes</strong></span> <span class='ocrx_word' id='word_1_588' title='bbox 2745 3935 3039 3991; x_wconf 82' lang='lat' dir='ltr'><strong>liberalitas</strong></span> <span class='ocrx_word' id='word_1_589' title='bbox 3065 3951 3399 4007; x_wconf 84' lang='lat' dir='ltr'><strong>nequaquam</strong></span> 
     </span>
    </p>
   </div>
   <div class='ocr_carea' id='block_1_83' title="bbox 1845 4027 3401 4096">
    <p class='ocr_par' dir='ltr' id='par_1_83' title="bbox 1845 4027 3401 4096">
     <span class='ocr_line' id='line_1_83' title="bbox 1845 4027 3401 4096; baseline 0.001 -13"><span class='ocrx_word' id='word_1_590' title='bbox 1845 4044 2032 4084; x_wconf 87' lang='lat' dir='ltr'><strong>eorum</strong></span> <span class='ocrx_word' id='word_1_591' title='bbox 2085 4028 2298 4083; x_wconf 89' lang='lat' dir='ltr'><strong>divitias</strong></span> <span class='ocrx_word' id='word_1_592' title='bbox 2326 4027 2684 4090; x_wconf 88' lang='lat' dir='ltr'><strong>comminuit,</strong></span> <span class='ocrx_word' id='word_1_593' title='bbox 2731 4028 2824 4082; x_wconf 91' lang='lat' dir='ltr'><strong>sed</strong></span> <span class='ocrx_word' id='word_1_594' title='bbox 2879 4028 3057 4096; x_wconf 90' lang='lat' dir='ltr'><strong>potius</strong></span> <span class='ocrx_word' id='word_1_595' title='bbox 3113 4030 3217 4086; x_wconf 77' lang='lat' dir='ltr'><strong>fide</strong></span> <span class='ocrx_word' id='word_1_596' title='bbox 3266 4031 3401 4085; x_wconf 77' lang='lat' dir='ltr'><strong>adeo</strong></span> 
     </span>
    </p>
   </div>
   <div class='ocr_carea' id='block_1_84' title="bbox 1834 4118 3400 4195">
    <p class='ocr_par' dir='ltr' id='par_1_84' title="bbox 1834 4118 3400 4195">
     <span class='ocr_line' id='line_1_84' title="bbox 1834 4118 3400 4195; baseline 0.003 -24"><span class='ocrx_word' id='word_1_597' title='bbox 1834 4119 2224 4195; x_wconf 72' lang='lat' dir='ltr'><strong>multiplicauit</strong></span> <span class='ocrx_word' id='word_1_598' title='bbox 2253 4159 2267 4183; x_wconf 94' lang='lat'><strong>,</strong></span> <span class='ocrx_word' id='word_1_599' title='bbox 2302 4129 2361 4172; x_wconf 92' lang='lat' dir='ltr'><strong>ut</strong></span> <span class='ocrx_word' id='word_1_600' title='bbox 2387 4118 2747 4187; x_wconf 87' lang='lat' dir='ltr'><strong>amplissimas</strong></span> <span class='ocrx_word' id='word_1_601' title='bbox 2790 4122 2840 4172; x_wconf 92' lang='lat' dir='ltr'><strong>in</strong></span> <span class='ocrx_word' id='word_1_602' title='bbox 2888 4120 3060 4175; x_wconf 88' lang='lat' dir='ltr'><strong>tribus</strong></span> <span class='ocrx_word' id='word_1_603' title='bbox 3110 4122 3400 4189; x_wconf 80' lang='lat' dir='ltr'><strong>provinciis</strong></span> 
     </span>
    </p>
   </div>
   <div class='ocr_carea' id='block_1_85' title="bbox 1847 4208 3398 4283">
    <p class='ocr_par' dir='ltr' id='par_1_85' title="bbox 1847 4208 3398 4283">
     <span class='ocr_line' id='line_1_85' title="bbox 1847 4208 3398 4283; baseline 0.003 -21"><span class='ocrx_word' id='word_1_604' title='bbox 1847 4210 2211 4275; x_wconf 86' lang='lat' dir='ltr'><strong>possessiones</strong></span> <span class='ocrx_word' id='word_1_605' title='bbox 2240 4211 2520 4263; x_wconf 87' lang='lat' dir='ltr'><strong>haberent.</strong></span> <span class='ocrx_word' id='word_1_606' title='bbox 2557 4208 2709 4274; x_wconf 86' lang='lat' dir='ltr'><strong>Quod</strong></span> <span class='ocrx_word' id='word_1_607' title='bbox 2730 4223 2794 4263; x_wconf 90' lang='lat' dir='ltr'><strong>eo</strong></span> <span class='ocrx_word' id='word_1_608' title='bbox 2813 4210 3110 4265; x_wconf 89' lang='lat' dir='ltr'><strong>mirabilius</strong></span> <span class='ocrx_word' id='word_1_609' title='bbox 3138 4217 3398 4283; x_wconf 85' lang='lat' dir='ltr'><strong>est,quod</strong></span> 
     </span>
    </p>
   </div>
   <div class='ocr_carea' id='block_1_86' title="bbox 1849 4300 3397 4371">
    <p class='ocr_par' dir='ltr' id='par_1_86' title="bbox 1849 4300 3397 4371">
     <span class='ocr_line' id='line_1_86' title="bbox 1849 4300 3397 4371; baseline 0.001 -16"><span class='ocrx_word' id='word_1_610' title='bbox 1849 4301 2121 4356; x_wconf 76' lang='lat' dir='ltr'><strong>Etnmelia:</strong></span> <span class='ocrx_word' id='word_1_611' title='bbox 2173 4303 2362 4371; x_wconf 88' lang='lat' dir='ltr'><strong>patris,</strong></span> <span class='ocrx_word' id='word_1_612' title='bbox 2401 4300 2583 4355; x_wconf 89' lang='lat' dir='ltr'><strong>Basilii</strong></span> <span class='ocrx_word' id='word_1_613' title='bbox 2611 4309 2892 4369; x_wconf 84' lang='lat' dir='ltr'><strong>parentum</strong></span> <span class='ocrx_word' id='word_1_614' title='bbox 2938 4301 3075 4355; x_wconf 89' lang='lat' dir='ltr'><strong>bona</strong></span> <span class='ocrx_word' id='word_1_615' title='bbox 3129 4304 3397 4371; x_wconf 84' lang='lat' dir='ltr'><strong>publicata</strong></span> 
     </span>
    </p>
   </div>
   <div class='ocr_carea' id='block_1_87' title="bbox 1851 4391 3395 4460">
    <p class='ocr_par' dir='ltr' id='par_1_87' title="bbox 1851 4391 3395 4460">
     <span class='ocr_line' id='line_1_87' title="bbox 1851 4391 3395 4460; baseline 0.001 -13"><span class='ocrx_word' id='word_1_616' title='bbox 1851 4394 2083 4448; x_wconf 89' lang='lat' dir='ltr'><strong>fuerant.</strong></span> <span class='ocrx_word' id='word_1_617' title='bbox 2134 4392 2273 4460; x_wconf 82' lang='lat' dir='ltr'><strong>Quin</strong></span> <span class='ocrx_word' id='word_1_618' title='bbox 2300 4394 2464 4447; x_wconf 85' lang='lat' dir='ltr'><strong>etiam</strong></span> <span class='ocrx_word' id='word_1_619' title='bbox 2495 4407 2677 4445; x_wconf 89' lang='lat' dir='ltr'><strong>eorum</strong></span> <span class='ocrx_word' id='word_1_620' title='bbox 2714 4405 2770 4445; x_wconf 88' lang='lat' dir='ltr'><strong>re</strong></span> <span class='ocrx_word' id='word_1_621' title='bbox 2804 4391 3061 4445; x_wconf 88' lang='lat' dir='ltr'><strong>familiari</strong></span> <span class='ocrx_word' id='word_1_622' title='bbox 3097 4392 3149 4446; x_wconf 92' lang='lat' dir='ltr'><strong>in</strong></span> <span class='ocrx_word' id='word_1_623' title='bbox 3203 4410 3395 4449; x_wconf 89' lang='lat' dir='ltr'><strong>novem</strong></span> 
     </span>
    </p>
   </div>
   <div class='ocr_carea' id='block_1_88' title="bbox 1850 4470 3398 4557">
    <p class='ocr_par' dir='ltr' id='par_1_88' title="bbox 1850 4470 3398 4557">
     <span class='ocr_line' id='line_1_88' title="bbox 1850 4470 3398 4557; baseline 0.003 -19"><span class='ocrx_word' id='word_1_624' title='bbox 1850 4470 2031 4554; x_wconf 81' lang='lat' dir='ltr'><strong>partes</strong></span> <span class='ocrx_word' id='word_1_625' title='bbox 2059 4501 2155 4556; x_wconf 90' lang='lat' dir='ltr'><strong>pro</strong></span> <span class='ocrx_word' id='word_1_626' title='bbox 2183 4486 2411 4539; x_wconf 80' lang='lat' dir='ltr'><strong>filiorum</strong></span> <span class='ocrx_word' id='word_1_627' title='bbox 2468 4497 2692 4538; x_wconf 89' lang='lat' dir='ltr'><strong>numero</strong></span> <span class='ocrx_word' id='word_1_628' title='bbox 2724 4483 2890 4538; x_wconf 87' lang='lat' dir='ltr'><strong>divisa</strong></span> <span class='ocrx_word' id='word_1_629' title='bbox 2917 4522 2932 4548; x_wconf 93' lang='lat'><strong>,</strong></span> <span class='ocrx_word' id='word_1_630' title='bbox 2964 4484 3186 4550; x_wconf 70' lang='lat' dir='ltr'><strong>singula:</strong></span> <span class='ocrx_word' id='word_1_631' title='bbox 3213 4498 3398 4557; x_wconf 87' lang='lat' dir='ltr'><strong>partes</strong></span> 
     </span>
    </p>
   </div>
   <div class='ocr_carea' id='block_1_89' title="bbox 227 4566 2616 4644">
    <p class='ocr_par' dir='ltr' id='par_1_89' title="bbox 227 4566 2616 4644">
     <span class='ocr_line' id='line_1_89' title="bbox 227 4566 2616 4644; baseline 0.003 -24"><span class='ocrx_word' id='word_1_632' title='bbox 227 4566 475 4641; x_wconf 82' lang='lat' dir='ltr'><strong>hisautem</strong></span> <span class='ocrx_word' id='word_1_633' title='bbox 504 4566 740 4627; x_wconf 76' lang='lat' dir='ltr'><strong>latebris</strong></span> <span class='ocrx_word' id='word_1_634' title='bbox 794 4574 1117 4641; x_wconf 87' lang='lat' dir='ltr'><strong>prodeuntes</strong></span> <span class='ocrx_word' id='word_1_635' title='bbox 1149 4588 1288 4627; x_wconf 90' lang='lat' dir='ltr'><strong>anno</strong></span> <span class='ocrx_word' id='word_1_636' title='bbox 1318 4574 1445 4637; x_wconf 78' lang='grc'><strong>511,</strong></span> <span class='ocrx_word' id='word_1_637' title='bbox 1470 4583 1584 4642; x_wconf 89' lang='lat' dir='ltr'><strong>post</strong></span> <span class='ocrx_word' id='word_1_638' title='bbox 1622 4575 1743 4627; x_wconf 89' lang='lat' dir='ltr'><strong>data</strong></span> <span class='ocrx_word' id='word_1_639' title='bbox 1781 4592 1819 4644; x_wconf 80' lang='grc' dir='ltr'>ο</span> <span class='ocrx_word' id='word_1_640' title='bbox 1852 4584 2098 4644; x_wconf 85' lang='lat' dir='ltr'><strong>paternas</strong></span> <span class='ocrx_word' id='word_1_641' title='bbox 2120 4588 2247 4642; x_wconf 86' lang='lat' dir='ltr'><strong>opes</strong></span> <span class='ocrx_word' id='word_1_642' title='bbox 2274 4583 2616 4643; x_wconf 86' lang='lat' dir='ltr'><strong>superarunt.</strong></span> 
     </span>
    </p>
   </div>
   <div class='ocr_carea' id='block_1_90' title="bbox 226 4658 1746 4735">
    <p class='ocr_par' dir='ltr' id='par_1_90' title="bbox 226 4658 1746 4735">
     <span class='ocr_line' id='line_1_90' title="bbox 226 4658 1746 4735; baseline 0.005 -25"><span class='ocrx_word' id='word_1_643' title='bbox 226 4673 246 4710; x_wconf 71' lang='grc' dir='ltr'><strong>ι</strong></span> <span class='ocrx_word' id='word_1_644' title='bbox 268 4658 451 4717; x_wconf 86' lang='lat' dir='ltr'><strong>Galerio</strong></span> <span class='ocrx_word' id='word_1_645' title='bbox 481 4665 531 4718; x_wconf 94' lang='lat' dir='ltr'><strong>in</strong></span> <span class='ocrx_word' id='word_1_646' title='bbox 559 4665 790 4733; x_wconf 86' lang='lat' dir='ltr'><strong>gratiam</strong></span> <span class='ocrx_word' id='word_1_647' title='bbox 819 4663 1248 4719; x_wconf 88' lang='lat' dir='ltr'><strong>Christianorum</strong></span> <span class='ocrx_word' id='word_1_648' title='bbox 1277 4666 1470 4729; x_wconf 89' lang='lat' dir='ltr'><strong>edicta,</strong></span> <span class='ocrx_word' id='word_1_649' title='bbox 1497 4667 1746 4735; x_wconf 78' lang='lat' dir='ltr'><strong>graviora</strong></span> 
     </span>
    </p>
   </div>
   <div class='ocr_carea' id='block_1_91' title="bbox 224 4749 1739 4821">
    <p class='ocr_par' dir='ltr' id='par_1_91' title="bbox 224 4749 1739 4821">
     <span class='ocr_line' id='line_1_91' title="bbox 224 4749 1739 4821; baseline 0.004 -19"><span class='ocrx_word' id='word_1_650' title='bbox 224 4749 431 4821; x_wconf 77' lang='lat' dir='ltr'><strong>deinceps</strong></span> <span class='ocrx_word' id='word_1_651' title='bbox 475 4755 728 4807; x_wconf 89' lang='lat' dir='ltr'><strong>videntur</strong></span> <span class='ocrx_word' id='word_1_652' title='bbox 782 4754 1011 4808; x_wconf 87' lang='lat' dir='ltr'><strong>subiisse</strong></span> <span class='ocrx_word' id='word_1_653' title='bbox 1067 4755 1381 4810; x_wconf 85' lang='lat' dir='ltr'><strong>certamina.</strong></span> <span class='ocrx_word' id='word_1_654' title='bbox 1448 4755 1536 4808; x_wconf 81' lang='lat' dir='ltr'><strong>Ait</strong></span> <span class='ocrx_word' id='word_1_655' title='bbox 1599 4756 1739 4809; x_wconf 91' lang='lat' dir='ltr'><strong>enim</strong></span> 
     </span>
    </p>
   </div>
   <div class='ocr_carea' id='block_1_92' title="bbox 223 4838 1741 4911">
    <p class='ocr_par' dir='ltr' id='par_1_92' title="bbox 223 4838 1741 4911">
     <span class='ocr_line' id='line_1_92' title="bbox 223 4838 1741 4911; baseline 0.005 -18"><span class='ocrx_word' id='word_1_656' title='bbox 223 4838 469 4911; x_wconf 82' lang='lat' dir='ltr'><strong>Gregorius</strong></span> <span class='ocrx_word' id='word_1_657' title='bbox 520 4844 897 4900; x_wconf 74' lang='lat' dir='ltr'><strong>Nazianzenus</strong></span> <span class='ocrx_word' id='word_1_658' title='bbox 942 4862 1033 4900; x_wconf 91' lang='lat' dir='ltr'><strong>eos</strong></span> <span class='ocrx_word' id='word_1_659' title='bbox 1085 4846 1150 4899; x_wconf 91' lang='lat' dir='ltr'><strong>ad</strong></span> <span class='ocrx_word' id='word_1_660' title='bbox 1212 4846 1575 4900; x_wconf 80' lang='lat' dir='ltr'><strong>dimicandum</strong></span> <span class='ocrx_word' id='word_1_661' title='bbox 1625 4846 1741 4901; x_wconf 91' lang='lat' dir='ltr'><strong>ala-</strong></span> 
     </span>
    </p>
   </div>
   <div class='ocr_carea' id='block_1_93' title="bbox 222 4935 1741 5005">
    <p class='ocr_par' dir='ltr' id='par_1_93' title="bbox 222 4935 1741 5005">
     <span class='ocr_line' id='line_1_93' title="bbox 222 4935 1741 5005; baseline 0.004 -20"><span class='ocrx_word' id='word_1_662' title='bbox 222 4935 387 4991; x_wconf 86' lang='lat' dir='ltr'><strong>criores</strong></span> <span class='ocrx_word' id='word_1_663' title='bbox 410 4937 577 4991; x_wconf 87' lang='lat' dir='ltr'><strong>factos</strong></span> <span class='ocrx_word' id='word_1_664' title='bbox 606 4952 727 4991; x_wconf 86' lang='lat' dir='ltr'><strong>esse</strong></span> <span class='ocrx_word' id='word_1_665' title='bbox 764 4938 863 4991; x_wconf 88' lang='lat' dir='ltr'><strong>hoc</strong></span> <span class='ocrx_word' id='word_1_666' title='bbox 894 4936 1153 4991; x_wconf 88' lang='lat' dir='ltr'><strong>miraculo</strong></span> <span class='ocrx_word' id='word_1_667' title='bbox 1173 4978 1186 4999; x_wconf 83' lang='lat'><strong>.</strong></span> <span class='ocrx_word' id='word_1_668' title='bbox 1218 4940 1357 5005; x_wconf 90' lang='lat' dir='ltr'><strong>quod</strong></span> <span class='ocrx_word' id='word_1_669' title='bbox 1402 4939 1480 4992; x_wconf 88' lang='lat' dir='ltr'><strong>eis</strong></span> <span class='ocrx_word' id='word_1_670' title='bbox 1512 4939 1653 4991; x_wconf 88' lang='lat' dir='ltr'><strong>hunc</strong></span> <span class='ocrx_word' id='word_1_671' title='bbox 1689 4940 1741 4991; x_wconf 89' lang='lat' dir='ltr'><strong>in</strong></span> 
     </span>
    </p>
   </div>
   <div class='ocr_carea' id='block_1_94' title="bbox 224 5028 1737 5100">
    <p class='ocr_par' dir='ltr' id='par_1_94' title="bbox 224 5028 1737 5100">
     <span class='ocr_line' id='line_1_94' title="bbox 224 5028 1737 5100; baseline 0.001 -20"><span class='ocrx_word' id='word_1_672' title='bbox 224 5042 344 5081; x_wconf 86' lang='lat' dir='ltr'><strong>usum</strong></span> <span class='ocrx_word' id='word_1_673' title='bbox 377 5047 403 5084; x_wconf 92' lang='lat' dir='ltr'><strong>a</strong></span> <span class='ocrx_word' id='word_1_674' title='bbox 438 5029 545 5085; x_wconf 84' lang='lat' dir='ltr'><strong>Deo</strong></span> <span class='ocrx_word' id='word_1_675' title='bbox 575 5044 891 5084; x_wconf 89' lang='lat' dir='ltr'><strong>concessum</strong></span> <span class='ocrx_word' id='word_1_676' title='bbox 917 5028 1106 5084; x_wconf 88' lang='lat' dir='ltr'><strong>fuerat.</strong></span> <span class='ocrx_word' id='word_1_677' title='bbox 1139 5029 1275 5084; x_wconf 80' lang='lat' dir='ltr'><strong>Hinc</strong></span> <span class='ocrx_word' id='word_1_678' title='bbox 1305 5030 1464 5083; x_wconf 88' lang='lat' dir='ltr'><strong>etiam</strong></span> <span class='ocrx_word' id='word_1_679' title='bbox 1507 5031 1582 5100; x_wconf 92' lang='lat' dir='ltr'><strong>(p.</strong></span> <span class='ocrx_word' id='word_1_680' title='bbox 1612 5030 1737 5099; x_wconf 80' lang='grc'><strong>519)</strong></span> 
     </span>
    </p>
   </div>
   <div class='ocr_carea' id='block_1_95' title="bbox 220 5119 1739 5190">
    <p class='ocr_par' dir='ltr' id='par_1_95' title="bbox 220 5119 1739 5190">
     <span class='ocr_line' id='line_1_95' title="bbox 220 5119 1739 5190; baseline 0.003 -20"><span class='ocrx_word' id='word_1_681' title='bbox 220 5130 293 5170; x_wconf 68' lang='grc' dir='ltr'><strong>ωε</strong></span> <span class='ocrx_word' id='word_1_682' title='bbox 318 5134 549 5176; x_wconf 89' lang='lat' dir='ltr'><strong>recenset</strong></span> <span class='ocrx_word' id='word_1_683' title='bbox 580 5122 719 5175; x_wconf 89' lang='lat' dir='ltr'><strong>inter</strong></span> <span class='ocrx_word' id='word_1_684' title='bbox 744 5119 1066 5175; x_wconf 90' lang='lat' dir='ltr'><strong>fortissimos</strong></span> <span class='ocrx_word' id='word_1_685' title='bbox 1100 5121 1357 5186; x_wconf 87' lang='lat' dir='ltr'><strong>athletas,</strong></span> <span class='ocrx_word' id='word_1_686' title='bbox 1383 5122 1470 5190; x_wconf 87' lang='lat' dir='ltr'><strong>qui</strong></span> <span class='ocrx_word' id='word_1_687' title='bbox 1502 5137 1621 5175; x_wconf 91' lang='lat' dir='ltr'><strong>cum</strong></span> <span class='ocrx_word' id='word_1_688' title='bbox 1652 5138 1739 5189; x_wconf 86' lang='lat' dir='ltr'><strong>pe-</strong></span> 
     </span>
    </p>
   </div>
   <div class='ocr_carea' id='block_1_96' title="bbox 226 5212 1741 5279">
    <p class='ocr_par' dir='ltr' id='par_1_96' title="bbox 226 5212 1741 5279">
     <span class='ocr_line' id='line_1_96' title="bbox 226 5212 1741 5279; baseline 0.005 -20"><span class='ocrx_word' id='word_1_689' title='bbox 226 5222 275 5260; x_wconf 86' lang='lat' dir='ltr'><strong>ne</strong></span> <span class='ocrx_word' id='word_1_690' title='bbox 308 5224 460 5279; x_wconf 86' lang='lat' dir='ltr'><strong>usque</strong></span> <span class='ocrx_word' id='word_1_691' title='bbox 509 5213 576 5266; x_wconf 90' lang='lat' dir='ltr'><strong>ad</strong></span> <span class='ocrx_word' id='word_1_692' title='bbox 625 5224 852 5266; x_wconf 90' lang='lat' dir='ltr'><strong>mortem</strong></span> <span class='ocrx_word' id='word_1_693' title='bbox 888 5212 1297 5276; x_wconf 82' lang='lat' dir='ltr'><strong>decertassent,</strong></span> <span class='ocrx_word' id='word_1_694' title='bbox 1349 5212 1585 5266; x_wconf 78' lang='lat' dir='ltr'><strong>victoria:</strong></span> <span class='ocrx_word' id='word_1_695' title='bbox 1633 5228 1741 5266; x_wconf 71' lang='lat' dir='ltr'><strong>sua:</strong></span> 
     </span>
    </p>
   </div>
   <div class='ocr_carea' id='block_1_97' title="bbox 226 5303 1742 5374">
    <p class='ocr_par' dir='ltr' id='par_1_97' title="bbox 226 5303 1742 5374">
     <span class='ocr_line' id='line_1_97' title="bbox 226 5303 1742 5374; baseline 0.002 -20"><span class='ocrx_word' id='word_1_696' title='bbox 226 5304 492 5366; x_wconf 66' lang='lat' dir='ltr'><strong>superstites</strong></span> <span class='ocrx_word' id='word_1_697' title='bbox 549 5303 626 5374; x_wconf 77' lang='grc' dir='ltr'><strong>(ιι)</strong></span> <span class='ocrx_word' id='word_1_698' title='bbox 674 5304 907 5358; x_wconf 90' lang='lat' dir='ltr'><strong>fuerunt.</strong></span> <span class='ocrx_word' id='word_1_699' title='bbox 970 5303 1241 5372; x_wconf 84' lang='lat' dir='ltr'><strong>Nyssenus</strong></span> <span class='ocrx_word' id='word_1_700' title='bbox 1292 5320 1417 5358; x_wconf 86' lang='lat' dir='ltr'><strong>vero</strong></span> <span class='ocrx_word' id='word_1_701' title='bbox 1466 5305 1742 5372; x_wconf 88' lang='lat' dir='ltr'><strong>conceptis</strong></span> 
     </span>
    </p>
   </div>
   <div class='ocr_carea' id='block_1_98' title="bbox 225 5394 1738 5462">
    <p class='ocr_par' dir='ltr' id='par_1_98' title="bbox 225 5394 1738 5462">
     <span class='ocr_line' id='line_1_98' title="bbox 225 5394 1738 5462; baseline 0.005 -19"><span class='ocrx_word' id='word_1_702' title='bbox 225 5394 367 5448; x_wconf 76' lang='lat' dir='ltr'><strong>verbis</strong></span> <span class='ocrx_word' id='word_1_703' title='bbox 400 5396 472 5449; x_wconf 85' lang='lat' dir='ltr'><strong>ait</strong></span> <span class='ocrx_word' id='word_1_704' title='bbox 502 5395 794 5450; x_wconf 76' lang='lat' dir='ltr'><strong>Macrinam</strong></span> <span class='ocrx_word' id='word_1_705' title='bbox 823 5397 876 5448; x_wconf 92' lang='lat' dir='ltr'><strong>in</strong></span> <span class='ocrx_word' id='word_1_706' title='bbox 915 5396 1214 5451; x_wconf 79' lang='lat' dir='ltr'><strong>confitendo</strong></span> <span class='ocrx_word' id='word_1_707' title='bbox 1239 5396 1455 5450; x_wconf 89' lang='lat' dir='ltr'><strong>Christo</strong></span> <span class='ocrx_word' id='word_1_708' title='bbox 1498 5408 1738 5462; x_wconf 88' lang='lat' dir='ltr'><strong>tempore</strong></span> 
     </span>
    </p>
   </div>
   <div class='ocr_carea' id='block_1_99' title="bbox 277 5568 978 5642">
    <p class='ocr_par' dir='ltr' id='par_1_99' title="bbox 277 5568 978 5642">
     <span class='ocr_line' id='line_1_99' title="bbox 277 5568 978 5642; baseline 0.011 -23"><span class='ocrx_word' id='word_1_709' title='bbox 277 5568 339 5637; x_wconf 82' lang='grc' dir='ltr'><strong>(α)</strong></span> <span class='ocrx_word' id='word_1_710' title='bbox 367 5572 523 5642; x_wconf 83' lang='lat' dir='ltr'><strong>Basil.</strong></span> <span class='ocrx_word' id='word_1_711' title='bbox 560 5590 642 5642; x_wconf 92' lang='lat' dir='ltr'><strong>ep.</strong></span> <span class='ocrx_word' id='word_1_712' title='bbox 674 5573 805 5637; x_wconf 75' lang='grc'><strong>201,</strong></span> <span class='ocrx_word' id='word_1_713' title='bbox 842 5590 894 5628; x_wconf 90' lang='lat' dir='ltr'><strong>n.</strong></span> <span class='ocrx_word' id='word_1_714' title='bbox 927 5574 978 5627; x_wconf 87' lang='lat'><strong>6.</strong></span> 
     </span>
    </p>
   </div>
   <div class='ocr_carea' id='block_1_100' title="bbox 277 5641 695 5710">
    <p class='ocr_par' dir='ltr' id='par_1_100' title="bbox 277 5641 695 5710">
     <span class='ocr_line' id='line_1_100' title="bbox 277 5641 695 5710; baseline 0.007 -17"><span class='ocrx_word' id='word_1_715' title='bbox 277 5642 337 5710; x_wconf 74' lang='grc' dir='ltr'><strong>(δ)</strong></span> <span class='ocrx_word' id='word_1_716' title='bbox 358 5641 476 5698; x_wconf 77' lang='lat' dir='ltr'><strong>Naz.</strong></span> <span class='ocrx_word' id='word_1_717' title='bbox 496 5641 695 5697; x_wconf 59' lang='lat'><strong>«.20.</strong></span> 
     </span>
    </p>
   </div>
   <div class='ocr_carea' id='block_1_101' title="bbox 278 5714 719 5779">
    <p class='ocr_par' dir='ltr' id='par_1_101' title="bbox 278 5714 719 5779">
     <span class='ocr_line' id='line_1_101' title="bbox 278 5714 719 5779; baseline 0.02 -19"><span class='ocrx_word' id='word_1_718' title='bbox 278 5718 338 5779; x_wconf 74' lang='lat' dir='ltr'><strong>(c)</strong></span> <span class='ocrx_word' id='word_1_719' title='bbox 369 5714 440 5763; x_wconf 81' lang='lat' dir='ltr'><strong>Ad</strong></span> <span class='ocrx_word' id='word_1_720' title='bbox 474 5728 561 5765; x_wconf 83' lang='lat' dir='ltr'><strong>an.</strong></span> <span class='ocrx_word' id='word_1_721' title='bbox 598 5714 719 5769; x_wconf 64' lang='grc'><strong>⁸504.</strong></span> 
     </span>
    </p>
   </div>
   <div class='ocr_carea' id='block_1_102' title="bbox 277 5779 1066 5852">
    <p class='ocr_par' dir='ltr' id='par_1_102' title="bbox 277 5779 1066 5852">
     <span class='ocr_line' id='line_1_102' title="bbox 277 5779 1066 5852; baseline 0.011 -24"><span class='ocrx_word' id='word_1_722' title='bbox 277 5785 339 5845; x_wconf 74' lang='lat' dir='ltr'><strong>(tl)</strong></span> <span class='ocrx_word' id='word_1_723' title='bbox 365 5779 467 5852; x_wconf 61' lang='grc' dir='ltr'><strong>γῆς.</strong></span> <span class='ocrx_word' id='word_1_724' title='bbox 502 5782 667 5852; x_wconf 70' lang='lat' dir='ltr'><strong>Macr.</strong></span> <span class='ocrx_word' id='word_1_725' title='bbox 700 5802 750 5852; x_wconf 76' lang='grc' dir='ltr'><strong>ι),</strong></span> <span class='ocrx_word' id='word_1_726' title='bbox 784 5784 903 5847; x_wconf 82' lang='grc'><strong>178,</strong></span> <span class='ocrx_word' id='word_1_727' title='bbox 950 5785 1066 5837; x_wconf 82' lang='grc'><strong>191.</strong></span> 
     </span>
    </p>
   </div>
   <div class='ocr_carea' id='block_1_103' title="bbox 280 5850 1081 5923">
    <p class='ocr_par' dir='ltr' id='par_1_103' title="bbox 280 5850 1081 5923">
     <span class='ocr_line' id='line_1_103' title="bbox 280 5850 1081 5923; baseline -0.005 -11"><span class='ocrx_word' id='word_1_728' title='bbox 280 5858 339 5918; x_wconf 53' lang='lat' dir='ltr'><strong>lt)</strong></span> <span class='ocrx_word' id='word_1_729' title='bbox 363 5850 507 5921; x_wconf 73' lang='lat' dir='ltr'><strong>Nysa.</strong></span> <span class='ocrx_word' id='word_1_730' title='bbox 551 5851 651 5909; x_wconf 78' lang='lat' dir='ltr'><strong>Vit.</strong></span> <span class='ocrx_word' id='word_1_731' title='bbox 679 5850 844 5908; x_wconf 66' lang='lat' dir='ltr'><strong>Macr.</strong></span> <span class='ocrx_word' id='word_1_732' title='bbox 879 5872 929 5923; x_wconf 86' lang='lat' dir='ltr'><strong>p.</strong></span> <span class='ocrx_word' id='word_1_733' title='bbox 962 5856 1081 5908; x_wconf 70' lang='lat'><strong>59:2.</strong></span> 
     </span>
    </p>
   </div>
   <div class='ocr_carea' id='block_1_104' title="bbox 1924 4663 3402 4741">
    <p class='ocr_par' dir='ltr' id='par_1_104' title="bbox 1924 4663 3402 4741">
     <span class='ocr_line' id='line_1_104' title="bbox 1924 4663 3402 4741; baseline 0.008 -24"><span class='ocrx_word' id='word_1_734' title='bbox 1924 4666 2030 4720; x_wconf 90' lang='lat' dir='ltr'><strong>Sed</strong></span> <span class='ocrx_word' id='word_1_735' title='bbox 2065 4666 2330 4733; x_wconf 66' lang='lat' dir='ltr'><strong>prtecipua</strong></span> <span class='ocrx_word' id='word_1_736' title='bbox 2359 4663 2539 4718; x_wconf 89' lang='lat' dir='ltr'><strong>Basilii</strong></span> <span class='ocrx_word' id='word_1_737' title='bbox 2566 4672 2619 4719; x_wconf 91' lang='lat' dir='ltr'><strong>et</strong></span> <span class='ocrx_word' id='word_1_738' title='bbox 2654 4664 2925 4721; x_wconf 76' lang='lat' dir='ltr'><strong>Etnmelize</strong></span> <span class='ocrx_word' id='word_1_739' title='bbox 2972 4669 3163 4738; x_wconf 86' lang='lat' dir='ltr'><strong>gloria,</strong></span> <span class='ocrx_word' id='word_1_740' title='bbox 3228 4673 3402 4741; x_wconf 88' lang='lat' dir='ltr'><strong>proles</strong></span> 
     </span>
    </p>
   </div>
   <div class='ocr_carea' id='block_1_105' title="bbox 1851 4755 3398 4833">
    <p class='ocr_par' dir='ltr' id='par_1_105' title="bbox 1851 4755 3398 4833">
     <span class='ocr_line' id='line_1_105' title="bbox 1851 4755 3398 4833; baseline 0.005 -21"><span class='ocrx_word' id='word_1_741' title='bbox 1851 4758 2077 4812; x_wconf 89' lang='lat' dir='ltr'><strong>exstitit.</strong></span> <span class='ocrx_word' id='word_1_742' title='bbox 2127 4757 2317 4810; x_wconf 86' lang='lat' dir='ltr'><strong>Decem</strong></span> <span class='ocrx_word' id='word_1_743' title='bbox 2370 4755 2566 4811; x_wconf 87' lang='lat' dir='ltr'><strong>liberos</strong></span> <span class='ocrx_word' id='word_1_744' title='bbox 2620 4770 2973 4825; x_wconf 88' lang='lat' dir='ltr'><strong>susceperunt</strong></span> <span class='ocrx_word' id='word_1_745' title='bbox 3020 4760 3119 4833; x_wconf 75' lang='lat' dir='ltr'><strong>(Ia),</strong></span> <span class='ocrx_word' id='word_1_746' title='bbox 3174 4778 3398 4830; x_wconf 90' lang='lat' dir='ltr'><strong>quorum</strong></span> 
     </span>
    </p>
   </div>
   <div class='ocr_carea' id='block_1_106' title="bbox 1854 4847 3401 4918">
    <p class='ocr_par' dir='ltr' id='par_1_106' title="bbox 1854 4847 3401 4918">
     <span class='ocr_line' id='line_1_106' title="bbox 1854 4847 3401 4918; baseline 0.006 -16"><span class='ocrx_word' id='word_1_747' title='bbox 1854 4859 1962 4903; x_wconf 90' lang='lat' dir='ltr'><strong>tres</strong></span> <span class='ocrx_word' id='word_1_748' title='bbox 1989 4847 2226 4918; x_wconf 82' lang='lat' dir='ltr'><strong>episcopi</strong></span> <span class='ocrx_word' id='word_1_749' title='bbox 2273 4863 2480 4903; x_wconf 89' lang='lat' dir='ltr'><strong>summa</strong></span> <span class='ocrx_word' id='word_1_750' title='bbox 2514 4848 2820 4903; x_wconf 85' lang='lat' dir='ltr'><strong>sanctitatis</strong></span> <span class='ocrx_word' id='word_1_751' title='bbox 2849 4858 2903 4902; x_wconf 85' lang='lat' dir='ltr'><strong>et</strong></span> <span class='ocrx_word' id='word_1_752' title='bbox 2936 4852 3193 4907; x_wconf 66' lang='lat' dir='ltr'><strong>doctrina:</strong></span> <span class='ocrx_word' id='word_1_753' title='bbox 3244 4855 3401 4912; x_wconf 89' lang='lat' dir='ltr'><strong>laude</strong></span> 
     </span>
    </p>
   </div>
   <div class='ocr_carea' id='block_1_107' title="bbox 1844 4939 3401 5010">
    <p class='ocr_par' dir='ltr' id='par_1_107' title="bbox 1844 4939 3401 5010">
     <span class='ocr_line' id='line_1_107' title="bbox 1844 4939 3401 5010; baseline 0.005 -16"><span class='ocrx_word' id='word_1_754' title='bbox 1844 4940 2158 4996; x_wconf 81' lang='lat' dir='ltr'><strong>ﬂoruerunt.</strong></span> <span class='ocrx_word' id='word_1_755' title='bbox 2193 4939 2338 4995; x_wconf 90' lang='lat' dir='ltr'><strong>Unus</strong></span> <span class='ocrx_word' id='word_1_756' title='bbox 2369 4940 2565 5010; x_wconf 86' lang='lat' dir='ltr'><strong>aliquis</strong></span> <span class='ocrx_word' id='word_1_757' title='bbox 2613 4956 2677 4993; x_wconf 87' lang='lat' dir='ltr'><strong>ex</strong></span> <span class='ocrx_word' id='word_1_758' title='bbox 2712 4939 2795 4995; x_wconf 88' lang='lat' dir='ltr'><strong>his</strong></span> <span class='ocrx_word' id='word_1_759' title='bbox 2835 4940 3019 4995; x_wconf 90' lang='lat' dir='ltr'><strong>liberis</strong></span> <span class='ocrx_word' id='word_1_760' title='bbox 3052 4943 3261 4999; x_wconf 90' lang='lat' dir='ltr'><strong>videtur</strong></span> <span class='ocrx_word' id='word_1_761' title='bbox 3306 4950 3401 5002; x_wconf 90' lang='lat' dir='ltr'><strong>ad-</strong></span> 
     </span>
    </p>
   </div>
   <div class='ocr_carea' id='block_1_108' title="bbox 1849 5035 3401 5105">
    <p class='ocr_par' dir='ltr' id='par_1_108' title="bbox 1849 5035 3401 5105">
     <span class='ocr_line' id='line_1_108' title="bbox 1849 5035 3401 5105; baseline 0.003 -15"><span class='ocrx_word' id='word_1_762' title='bbox 1849 5036 2063 5091; x_wconf 90' lang='lat' dir='ltr'><strong>modum</strong></span> <span class='ocrx_word' id='word_1_763' title='bbox 2095 5036 2269 5091; x_wconf 88' lang='lat' dir='ltr'><strong>infans</strong></span> <span class='ocrx_word' id='word_1_764' title='bbox 2299 5047 2543 5090; x_wconf 90' lang='lat' dir='ltr'><strong>mortuus</strong></span> <span class='ocrx_word' id='word_1_765' title='bbox 2582 5054 2595 5089; x_wconf 88' lang='lat'><strong>:</strong></span> <span class='ocrx_word' id='word_1_766' title='bbox 2632 5035 2892 5105; x_wconf 89' lang='lat' dir='ltr'><strong>siquidem</strong></span> <span class='ocrx_word' id='word_1_767' title='bbox 2946 5038 3179 5093; x_wconf 89' lang='lat' dir='ltr'><strong>obeunte</strong></span> <span class='ocrx_word' id='word_1_768' title='bbox 3209 5042 3401 5095; x_wconf 87' lang='lat' dir='ltr'><strong>marito</strong></span> 
     </span>
    </p>
   </div>
   <div class='ocr_carea' id='block_1_109' title="bbox 1850 5130 3400 5199">
    <p class='ocr_par' dir='ltr' id='par_1_109' title="bbox 1850 5130 3400 5199">
     <span class='ocr_line' id='line_1_109' title="bbox 1850 5130 3400 5199; baseline 0.002 -16"><span class='ocrx_word' id='word_1_769' title='bbox 1850 5130 2105 5185; x_wconf 84' lang='lat' dir='ltr'><strong>Emmelia</strong></span> <span class='ocrx_word' id='word_1_770' title='bbox 2135 5139 2364 5198; x_wconf 89' lang='lat' dir='ltr'><strong>quatuor</strong></span> <span class='ocrx_word' id='word_1_771' title='bbox 2393 5131 2624 5184; x_wconf 81' lang='lat' dir='ltr'><strong>filiorum</strong></span> <span class='ocrx_word' id='word_1_772' title='bbox 2674 5139 2728 5184; x_wconf 87' lang='lat' dir='ltr'><strong>et</strong></span> <span class='ocrx_word' id='word_1_773' title='bbox 2758 5130 2991 5199; x_wconf 87' lang='lat' dir='ltr'><strong>quinque</strong></span> <span class='ocrx_word' id='word_1_774' title='bbox 3028 5130 3258 5186; x_wconf 85' lang='lat' dir='ltr'><strong>filiarum</strong></span> <span class='ocrx_word' id='word_1_775' title='bbox 3289 5151 3400 5186; x_wconf 89' lang='lat' dir='ltr'><strong>ma-</strong></span> 
     </span>
    </p>
   </div>
   <div class='ocr_carea' id='block_1_110' title="bbox 1845 5221 3396 5292">
    <p class='ocr_par' dir='ltr' id='par_1_110' title="bbox 1845 5221 3396 5292">
     <span class='ocr_line' id='line_1_110' title="bbox 1845 5221 3396 5292; baseline 0.001 -17"><span class='ocrx_word' id='word_1_776' title='bbox 1845 5231 1928 5277; x_wconf 88' lang='lat' dir='ltr'><strong>ter</strong></span> <span class='ocrx_word' id='word_1_777' title='bbox 1961 5232 2077 5278; x_wconf 86' lang='lat' dir='ltr'><strong>erat</strong></span> <span class='ocrx_word' id='word_1_778' title='bbox 2106 5221 2193 5291; x_wconf 90' lang='lat' dir='ltr'><strong>(i),</strong></span> <span class='ocrx_word' id='word_1_779' title='bbox 2237 5236 2531 5291; x_wconf 87' lang='lat' dir='ltr'><strong>eorumque</strong></span> <span class='ocrx_word' id='word_1_780' title='bbox 2563 5224 2697 5276; x_wconf 88' lang='lat' dir='ltr'><strong>bona</strong></span> <span class='ocrx_word' id='word_1_781' title='bbox 2724 5222 2776 5275; x_wconf 86' lang='lat' dir='ltr'><strong>in</strong></span> <span class='ocrx_word' id='word_1_782' title='bbox 2813 5238 3003 5277; x_wconf 91' lang='lat' dir='ltr'><strong>novem</strong></span> <span class='ocrx_word' id='word_1_783' title='bbox 3029 5232 3208 5292; x_wconf 87' lang='lat' dir='ltr'><strong>partes</strong></span> <span class='ocrx_word' id='word_1_784' title='bbox 3232 5225 3396 5277; x_wconf 84' lang='lat' dir='ltr'><strong>divisa</strong></span> 
     </span>
    </p>
   </div>
   <div class='ocr_carea' id='block_1_111' title="bbox 1844 5311 3399 5368">
    <p class='ocr_par' dir='ltr' id='par_1_111' title="bbox 1844 5311 3399 5368">
     <span class='ocr_line' id='line_1_111' title="bbox 1844 5311 3399 5368; baseline 0 -2"><span class='ocrx_word' id='word_1_785' title='bbox 1844 5320 1987 5366; x_wconf 87' lang='lat' dir='ltr'><strong>sunt.</strong></span> <span class='ocrx_word' id='word_1_786' title='bbox 2018 5311 2265 5366; x_wconf 90' lang='lat' dir='ltr'><strong>Omnium</strong></span> <span class='ocrx_word' id='word_1_787' title='bbox 2315 5321 2443 5365; x_wconf 90' lang='lat' dir='ltr'><strong>natu</strong></span> <span class='ocrx_word' id='word_1_788' title='bbox 2492 5314 2722 5366; x_wconf 84' lang='lat' dir='ltr'><strong>maxima</strong></span> <span class='ocrx_word' id='word_1_789' title='bbox 2753 5313 2851 5367; x_wconf 88' lang='lat' dir='ltr'><strong>fuit</strong></span> <span class='ocrx_word' id='word_1_790' title='bbox 2890 5313 2946 5367; x_wconf 89' lang='lat' dir='ltr'><strong>S.</strong></span> <span class='ocrx_word' id='word_1_791' title='bbox 2994 5312 3250 5368; x_wconf 85' lang='lat' dir='ltr'><strong>Macrina.</strong></span> <span class='ocrx_word' id='word_1_792' title='bbox 3283 5313 3399 5366; x_wconf 85' lang='lat' dir='ltr'><strong>Pri-</strong></span> 
     </span>
    </p>
   </div>
   <div class='ocr_carea' id='block_1_112' title="bbox 1848 5402 3396 5469">
    <p class='ocr_par' dir='ltr' id='par_1_112' title="bbox 1848 5402 3396 5469">
     <span class='ocr_line' id='line_1_112' title="bbox 1848 5402 3396 5469; baseline 0.001 -12"><span class='ocrx_word' id='word_1_793' title='bbox 1848 5419 1963 5459; x_wconf 92' lang='lat' dir='ltr'><strong>mus</strong></span> <span class='ocrx_word' id='word_1_794' title='bbox 2012 5403 2239 5458; x_wconf 79' lang='lat' dir='ltr'><strong>[iliorum</strong></span> <span class='ocrx_word' id='word_1_795' title='bbox 2272 5403 2328 5458; x_wconf 92' lang='lat' dir='ltr'><strong>S.</strong></span> <span class='ocrx_word' id='word_1_796' title='bbox 2372 5403 2619 5469; x_wconf 88' lang='lat' dir='ltr'><strong>Basilius,</strong></span> <span class='ocrx_word' id='word_1_797' title='bbox 2672 5405 2939 5459; x_wconf 88' lang='lat' dir='ltr'><strong>secundus</strong></span> <span class='ocrx_word' id='word_1_798' title='bbox 2972 5402 3290 5459; x_wconf 88' lang='lat' dir='ltr'><strong>Naucratius</strong></span> <span class='ocrx_word' id='word_1_799' title='bbox 3332 5406 3396 5459; x_wconf 90' lang='lat' dir='ltr'><strong>de</strong></span> 
     </span>
    </p>
   </div>
   <div class='ocr_carea' id='block_1_113' title="bbox 1921 5578 2361 5712">
    <p class='ocr_par' dir='ltr' id='par_1_113' title="bbox 1921 5578 2361 5712">
     <span class='ocr_line' id='line_1_113' title="bbox 1921 5578 2361 5712; baseline 0.002 -80"><span class='ocrx_word' id='word_1_800' title='bbox 1921 5578 1990 5712; x_wconf 45' lang='lat' dir='ltr'><strong>ff)</strong></span> <span class='ocrx_word' id='word_1_801' title='bbox 2014 5579 2144 5660; x_wconf 80' lang='lat' dir='ltr'><strong>Naz.</strong></span> <span class='ocrx_word' id='word_1_802' title='bbox 2169 5596 2246 5635; x_wconf 90' lang='lat' dir='ltr'><strong>or.</strong></span> <span class='ocrx_word' id='word_1_803' title='bbox 2272 5580 2361 5634; x_wconf 74' lang='grc'><strong>20.</strong></span> 
     </span>
     <span class='ocr_line' id='line_1_114' title="bbox 1943 5649 2150 5712; baseline 0.01 -11"><span class='ocrx_word' id='word_1_804' title='bbox 1943 5653 1993 5712; x_wconf 83' lang='lat' dir='ltr'><strong>g)</strong></span> <span class='ocrx_word' id='word_1_805' title='bbox 2019 5649 2150 5703; x_wconf 81' lang='lat' dir='ltr'><strong>lbtd.</strong></span> 
     </span>
    </p>
   </div>
   <div class='ocr_carea' id='block_1_114' title="bbox 1917 5649 2700 5798">
    <p class='ocr_par' dir='ltr' id='par_1_114' title="bbox 1917 5649 2700 5798">
     <span class='ocr_line' id='line_1_115' title="bbox 1921 5649 2150 5718; baseline 0.013 -18"><span class='ocrx_word' id='word_1_806' title='bbox 1921 5649 1993 5718; x_wconf 77' lang='lat' dir='ltr'><strong>(g)</strong></span> <span class='ocrx_word' id='word_1_807' title='bbox 2019 5649 2150 5703; x_wconf 80' lang='lat' dir='ltr'><strong>Ibid.</strong></span> 
     </span>
     <span class='ocr_line' id='line_1_116' title="bbox 1917 5719 2700 5798; baseline 0.001 -27"><span class='ocrx_word' id='word_1_808' title='bbox 1917 5720 2333 5798; x_wconf 57' lang='lat' dir='ltr'><strong>((i)_l\iyss.ml{ir._</strong></span> <span class='ocrx_word' id='word_1_809' title='bbox 2352 5719 2549 5798; x_wconf 49' lang='lat' dir='ltr'><strong>Maca,</strong></span> <span class='ocrx_word' id='word_1_810' title='bbox 2584 5720 2700 5773; x_wconf 88' lang='grc'><strong>186.</strong></span> 
     </span>
    </p>
   </div>
   <div class='ocr_carea' id='block_1_115' title="bbox 1914 5788 2433 5861">
    <p class='ocr_par' dir='ltr' id='par_1_115' title="bbox 1914 5788 2433 5861">
     <span class='ocr_line' id='line_1_117' title="bbox 1914 5788 2433 5861; baseline 0.012 -22"><span class='ocrx_word' id='word_1_811' title='bbox 1914 5788 1974 5861; x_wconf 62' lang='grc' dir='ltr'><strong>(ί)</strong></span> <span class='ocrx_word' id='word_1_812' title='bbox 2004 5788 2133 5843; x_wconf 85' lang='lat' dir='ltr'><strong>lbttl.</strong></span> <span class='ocrx_word' id='word_1_813' title='bbox 2170 5791 2433 5857; x_wconf 67' lang='lat'><strong>131,191.</strong></span> 
     </span>
    </p>
   </div>
  </div>
