3992 6392
612 430 708 469 VIII

1987 406 2353 463 PRULEGOM
2362 407 2514 462 ENA.

614 548 719 602 quo
768 528 905 585 infra
949 526 1204 583 nonnulla
1246 526 1511 591 dicentur,
1545 527 1735 581 tertius
1780 526 1841 581 S.
1870 524 2163 597 Gregorius
2193 530 2235 585 Α
2266 524 2624 581 Neocazsareae
2649 526 2843 582 vixisse
2872 537 3188 598 argumento
3220 540 3325 597 est,
3371 533 3514 601 quod
3541 548 3602 590 se
3666 534 3859 606 magi-

613 623 906 694 Nysscnus.
944 620 1193 675 Omnium
1246 627 1551 686 postremus
1603 617 1704 671 fuit
1743 618 1801 672 S.
1836 616 2030 671 Petrus
2064 615 2161 669 Se-

613 710 890 773 hastenus,
914 707 1000 775 qui
1024 707 1203 760 statim
1233 714 1395 774 atque
1432 705 1482 758 in
1508 705 1681 759 lucem
1715 706 1892 760 editus
1931 714 2035 771 est,
2064 720 2161 774 pa-

620 809 750 852 trem
779 798 973 851 amisit.
1004 794 1243 862 Quatuor
1289 797 1423 851 ﬁlias
1474 797 1771 853 honoriﬁce
1800 796 2165 853 collocaverat

619 889 674 944 S.
706 887 985 951 Emmelia,
1016 887 1169 957 paqu
1197 897 1480 956 antequam
1508 887 1736 943 Basilius
1759 888 1990 942 Athenis
2024 887 2169 940 redi-

619 990 717 1032 ret.
746 977 943 1032 llarum
975 993 1039 1033 ex
1074 979 1249 1048 aliqua
1287 978 1576 1049 progenita:
1638 978 1853 1033 fuerunt
1886 977 1988 1033 illae
2024 978 2171 1033 Basi-

624 1070 681 1122 lii
735 1071 933 1125 sororis
999 1070 1119 1123 ﬁliae
1142 1110 1157 1135 ,
1211 1083 1347 1139 quas
1380 1068 1712 1125 Gaudentius
1742 1068 1817 1140 (a)
1851 1069 2170 1126 Caesariensi

621 1163 947 1217 monasterio
992 1162 1267 1231 praefuisse
1299 1170 1543 1217 testatur.
1576 1160 1719 1216 Inter
1746 1163 2172 1233 consanguineos

619 1255 799 1309 Basilii
834 1255 1035 1309 eminet
1090 1254 1335 1323 inprimis
1379 1264 1605 1324 patruus
1639 1254 1755 1323 ejus
1785 1254 2082 1324 Gregorius
2118 1256 2170 1310 in

621 1346 956 1416 Cappadocia
1016 1346 1299 1414 episcopus
1326 1386 1342 1409 ,
1378 1347 1466 1415 qui
1518 1362 1641 1401 cum
1682 1347 1780 1416 ipsi
1827 1362 1887 1401 ac
1913 1346 2171 1401 fratribus

621 1439 861 1508 parentis
894 1439 1009 1493 loco
1031 1440 1343 1504 exstitisset,
1370 1449 1553 1509 postea
1588 1454 1707 1494 cum
1754 1439 1999 1508 pluribus
2053 1439 2173 1492 aliis

620 1529 968 1599 Cappadocia:
1000 1531 1262 1599 episcopis
1307 1529 1420 1597 ejus
1466 1529 1789 1584 ordinationi
1840 1530 2167 1584 intercessit.

621 1622 889 1694 Cognatos
942 1622 1170 1677 Basilius
1222 1621 1409 1675 habuit
1454 1620 1733 1675 Atarbium
1784 1618 2176 1675 Neocmsarien-

624 1728 757 1779 sem,
816 1712 1079 1769 Soranum
1109 1712 1347 1783 Scythici
1404 1711 1587 1766 limitis
1613 1712 1822 1775 ducem,
1857 1722 1908 1762 et
1962 1709 2174 1764 Pteme-

623 1804 791 1869 nium,
822 1820 978 1875 quem
1006 1804 1266 1860 Satalensi
1301 1802 1550 1858 Ecclesiae
1574 1803 1879 1873 episcOpum
1915 1801 2173 1873 dedit(b),

2268 626 2412 671 stros
2440 618 2815 688 mysteriorum
2846 629 2898 673 et
2921 632 3101 688 patres
3123 621 3429 689 spirituales
3457 624 3727 685 habuisse
3760 626 3854 680 di-

2268 707 2340 761 cit
2374 706 2471 777 (g),
2503 706 2832 777 Gregorium,
2883 726 3143 763 sumntum
3191 710 3340 764 illum
3374 714 3539 767 virum
3573 724 3626 769 et
3678 727 3852 785 quot-

2269 808 2390 871 quot
2419 810 2533 869 post
2567 816 2684 854 eum
2716 800 2826 854 sedi
2851 802 3130 869 episc0pali
3161 804 3513 871 succedentes,
3542 808 3694 860 alius
3727 818 3854 873 post

2270 892 2429 945 alium
2456 891 2610 946 veluti
2636 892 2800 945 stella:
2832 892 3074 962 qutedam
3104 894 3414 958 exorientes,
3450 896 3641 951 iisdem
3684 897 3861 950 vesti-

2270 986 2367 1054 giis
2404 985 2724 1039 institerunt.
2762 984 2903 1039 Inter
2938 986 3035 1040 hos
3068 985 3316 1056 Gregorii
3350 1002 3709 1044 successores
3741 1004 3857 1041 nu-

2271 1086 2443 1133 merat
2472 1078 2613 1132 haud
2643 1077 2803 1133 dubie
2834 1077 3134 1132 Musonium
3164 1118 3180 1144 ,
3214 1080 3739 1149 praestantissimum
3770 1080 3859 1132 vi—

2274 1183 2430 1231 rum,
2465 1167 2551 1222 cui
2611 1168 2768 1240 longe
2825 1169 3103 1224 dissimilis
3149 1172 3406 1227 Atarbius
3460 1178 3857 1228 successerat.

2273 1258 2439 1314 Porro
2489 1270 2711 1316 czeteros
2757 1260 2975 1329 quidem
3032 1262 3311 1332 episcopos
3366 1263 3861 1321 Neocaesarienses

2273 1350 2393 1404 avia
2434 1359 2690 1405 narrante
2721 1353 2970 1421 cognovit
2995 1352 3263 1419 Basilius;
3309 1363 3364 1409 at
3391 1356 3707 1412 Musonium
3750 1370 3859 1425 per

2274 1455 2332 1495 se
2362 1440 2475 1509 ipse
2500 1456 2631 1509 puer
2656 1442 2865 1495 videtur
2895 1442 3147 1497 audiisse.
3177 1442 3228 1499 Is
3254 1447 3395 1501 enim
3427 1463 3548 1503 cum
3578 1456 3859 1503 mortuus

2273 1531 2343 1586 sit
2374 1546 2514 1583 anno
2534 1531 2639 1586 568
2668 1541 2760 1586 aut
2795 1532 2921 1597 369,
2969 1549 3069 1588 non
3097 1536 3379 1591 admodum
3411 1552 3597 1603 senex,
3631 1538 3856 1592 docere

2274 1637 2382 1677 non
2413 1623 2585 1692 potuit
2615 1621 2910 1678 Macrinam
2938 1662 2954 1687 ,
2980 1638 3097 1691 quae
3136 1625 3188 1679 in
3215 1626 3319 1680 alia
3348 1626 3569 1682 dimcesi
3601 1627 3859 1695 degebat

2276 1730 2379 1769 non
2403 1714 2570 1768 multo
2604 1723 2726 1783 post
2754 1730 2951 1768 annum
2990 1715 3114 1781 550,
3140 1731 3329 1785 nempe
3361 1718 3413 1772 in
3442 1718 3535 1773 illo
3564 1733 3717 1790 pago
3753 1718 3853 1771 ubi

2276 1801 2529 1855 Basilium
2561 1802 2828 1857 educavit.

625 1870 935 1965 Palladiam,
968 1911 1124 1967 quam
1160 1906 1268 1949 tum
1306 1895 1374 1950 ob
1404 1870 1647 1965 egregios
1700 1909 1898 1959 mores,
1931 1903 2041 1945 tum
2086 1870 2169 1946 Iob
2206 1870 2248 1924 Β
2346 1892 2660 1947 Translatus
2689 1891 3088 1947 Neocaesaream
3124 1894 3354 1949 Basilius
3382 1897 3586 1953 invenit
3622 1898 3679 1952 in
3711 1896 3855 1951 Em-

625 1987 1139 2058 consanguinitatem
1176 1987 1228 2039 in
1290 1985 1477 2039 matris
1534 1984 1648 2039 loco
1684 1983 2047 2048 reverebatur,
2117 1994 2175 2037 ut

625 2078 739 2146 ipse
770 2086 997 2131 testatur
1027 2077 1077 2131 in
1101 2078 1255 2146 epist.
1286 2076 1413 2130 157.

698 2167 759 2222 V.
796 2169 888 2223 llis
923 2178 1070 2223 ortus
1092 2167 1400 2237 parentibus
1425 2165 1670 2229 Basilius,
1701 2178 1857 2234 quem
1889 2163 2175 2233 Gregorius

626 2262 795 2315 frater
818 2274 936 2314 cum
963 2257 1208 2311 Samuele
1242 2258 1294 2309 in
1322 2272 1386 2312 co
1415 2265 1690 2326 comparat
1717 2254 1813 2325 (ε),
1838 2255 1979 2325 quod
2007 2262 2063 2306 ut
2090 2253 2176 2306 ille

629 2352 838 2415 matris,
871 2351 941 2404 ita
966 2350 1068 2403 iste
1090 2348 1256 2418 patris
1296 2348 1543 2417 precibus
1568 2361 1598 2400 a
1631 2346 1737 2401 Deo
1758 2359 2043 2401 concessus
2069 2345 2178 2399 fue-

632 2444 720 2496 rit.
756 2442 953 2496 Eadem
978 2442 1144 2511 patris
1172 2438 1273 2492 ﬁde
1302 2453 1369 2493 ex
1416 2436 1595 2491 lethali
1640 2438 1824 2491 morbo
1851 2437 2030 2491 infans
2057 2450 2177 2491 ere-

626 2544 752 2603 ptus
795 2542 910 2599 est;
961 2547 1081 2586 cum
1122 2525 1369 2584 Christus
1417 2528 1555 2598 patri
1588 2528 1639 2581 in
1679 2530 1883 2583 somnis
1906 2529 2049 2582 visus
2097 2526 2176 2581 di-

634 2628 802 2681 sisset
830 2664 845 2688 ,
874 2622 1079 2677 utolim
1117 2619 1300 2689 regulo
1349 2618 1761 2689 Capharnaitzc,
1824 2617 1981 2681 Vade,
2026 2617 2170 2687 ﬁlius

626 2729 745 2771 tuus
771 2717 914 2770 vivit.
948 2712 1135 2783 Reguli
1168 2712 1324 2765 ﬁdem
1358 2710 1600 2765 imitatus
1647 2708 1875 2763 Basilius
1902 2709 2069 2762 ﬁlium
2095 2710 2176 2764 in-

627 2808 886 2864 columem
920 2806 1136 2873 recepit.
1164 2801 1279 2858 Non
1310 2803 1362 2856 in
1383 2800 1719 2872 Cappadocia
1743 2801 1973 2855 nutritus
2016 2798 2172 2855 Basi-

627 2898 727 2951 lius
758 2898 871 2966 ld),
911 2898 1003 2952 sed
1053 2897 1105 2951 in
1161 2894 1392 2965 quodam
1421 2908 1557 2964 pago
1591 2934 1607 2960 ,
1635 2907 1794 2964 quem
1822 2902 2072 2962 parentes
2124 2894 2177 2946 in

628 2989 796 3043 Ponto
818 2987 1178 3058 possidebant.
1220 2985 1481 3056 Regenda:
1511 2985 1746 3040 infantiae
1784 2985 1965 3040 Basilii
1991 2970 2177 3039 curam

628 3081 861 3150 suscepit
888 3079 1229 3135 ornatissima
1253 3077 1471 3142 femina,
1503 3078 1621 3132 avia
1656 3077 1916 3144 Macrina,
1940 3093 2005 3133 ac
2031 3086 2180 3133 tene-

628 3189 702 3228 ra:
747 3171 910 3227 menti
965 3184 1111 3225 same
1164 3169 1418 3224 doctrina:
1470 3168 1675 3225 semina
1728 3169 2016 3233 mandavit,
2060 3184 2178 3239 qua:

631 3264 773 3319 nulla
801 3277 1032 3333 unquam
1058 3269 1353 3332 temporum
1379 3262 1747 3318 vicissitudine
1766 3262 2178 3328 immutata,sod

631 3366 783 3411 aucta
807 3370 1016 3425 semper
1037 3363 1090 3410 et
1117 3354 1332 3410 exculta
1365 3354 1803 3424 praeclarissimos
1843 3352 2052 3409 fructus
2081 3367 2178 3407 ex-

634 3451 885 3506 tulerunt.
932 3447 1218 3519 Permagni
1251 3450 1511 3504 intererat
1539 3448 1616 3503 sic
1648 3446 1852 3502 institui
1891 3444 2178 3510 Basilium,

631 3559 737 3597 non
786 3543 958 3599 solum
992 3552 1050 3596 ut
1094 3542 1373 3597 veritatem
1418 3551 1627 3596 mature
1652 3538 1983 3595 combiberet
2012 3577 2028 3602 ,
2082 3536 2180 3592 sed

630 3635 790 3690 etiam
839 3642 900 3689 ut
941 3632 1225 3689 calumniis
1281 3632 1619 3687 inimicorum
1642 3638 1972 3686 occurreret.
2009 3627 2180 3695 Quid-

636 3724 763 3794 quid
794 3724 937 3779 enim
967 3722 1354 3779 asanctissima
1402 3720 1489 3775 illa
1529 3719 1751 3775 muliere
1791 3727 2091 3787 acceperat,
2148 3732 2179 3772 a

632 3815 891 3886 Gregorio
920 3812 1334 3869 Neocaesariensi
1385 3810 1658 3880 accepisse
1686 3808 1987 3872 videbatur,
2021 3821 2178 3878 quem

632 3907 722 3961 illa
745 3907 824 3962 sic
845 3904 1076 3969 colebat,
1111 3912 1167 3957 ut
1191 3903 1371 3958 omnia
1420 3900 1562 3955 illius
1606 3899 1792 3963 verba,
1842 3911 2182 3967 quaecunque

635 3998 701 4052 ad
724 3996 893 4065 ipsam
917 3992 1055 4050 serie
1093 3992 1363 4065 memorias
1390 3998 1768 4061 pervenerant,
1804 3997 2060 4042 accurate
2090 4002 2177 4041 re-

635 4064 831 4144 tineret
870 4086 962 4158 (ε).
994 4083 1089 4140 His
1133 4099 1193 4140 se
1244 4064 1473 4138 Baﬁlius
1501 4080 1568 4135 ab
1596 4094 1660 4135 ea
1717 4079 1977 4133 imbutum
2019 4076 2185 4131 fuisse

635 4188 867 4236 testatur
911 4179 964 4234 in
1000 4177 1155 4248 epist.
1184 4173 1309 4241 εοι,
1338 4182 1391 4228 et
1418 4172 1521 4227 hoc
1582 4170 1683 4227 telo
1718 4167 1931 4240 repellit
1978 4169 2187 4225 inustas

639 4272 761 4329 ﬁdei
796 4284 907 4327 sua:
941 4268 1359 4325 criminationes.
1396 4264 1486 4321 Sic
1511 4264 1672 4319 etiam
1699 4263 1751 4315 in
1802 4276 1887 4332 ep.
1915 4259 2021 4316 225
2055 4260 2185 4315 etin

642 4364 903 4438 prooemio
962 4359 1264 4416 Moralium.
1315 4356 1545 4412 Haresis
1593 4356 1835 4421 Ariana,
1890 4370 2007 4426 qua:
2064 4365 2190 4409 tunc

640 4456 1004 4527 grassabatur,
1031 4466 1215 4507 curam
1250 4448 1519 4517 injiciebat
1545 4447 1827 4502 catholicis
1852 4447 2182 4516 parentibus,

638 4556 695 4602 ut
730 4555 938 4601 mature
966 4544 1194 4599 ﬁliorum
1233 4542 1438 4595 animos
1463 4539 1872 4595 communirent.

708 4640 785 4694 Eo
821 4645 998 4692 autem
1049 4633 1342 4689 mirabilius
1383 4630 1563 4685 Basilii
1601 4630 1653 4686 in
1694 4630 1774 4685 his
1829 4629 2186 4701 percipiendis

639 4730 971 4788 documentis
1017 4740 1241 4783 acumen
1292 4732 1347 4780 et
1404 4724 1455 4778 in
1498 4722 1797 4778 retinendis
1853 4722 2149 4777 constantia
2177 4762 2191 4786 ,

640 4825 777 4895 quod
802 4825 901 4878 sub
935 4821 1054 4874 avia
1088 4819 1224 4874 ultra
1271 4825 1510 4871 teneram
1561 4813 1844 4870 infantiam
1898 4828 2001 4868 non
2068 4812 2187 4866 fuit.

642 4916 775 4970 Nam
805 4913 891 4968 ubi
920 4912 1148 4981 primum
1184 4907 1376 4963 litteris
1396 4906 1699 4962 ediscendis
1725 4905 1952 4961 idoneus
1980 4903 2097 4970 fuit,
2123 4918 2187 4957 ex

641 5008 774 5060 avias
801 5004 1048 5059 manibus
1076 5001 1144 5055 ad
1189 4999 1357 5069 patris
1403 4998 1736 5069 disciplinam
1781 4997 2047 5061 transiit,
2096 4996 2188 5065 qui

642 5095 966 5153 rhetoricam
994 5106 1187 5161 magna
1215 5089 1523 5147 celebritate
1550 5090 1603 5144 in
1635 5088 1809 5145 Ponto
1845 5088 2071 5144 docebat
2097 5086 2186 5157 (ι),

643 5201 814 5259 neque
851 5187 954 5241 hoc
993 5196 1187 5237 munus
1214 5182 1266 5235 in
1306 5196 1439 5251 pago
1464 5220 1480 5245 ,
1516 5178 1605 5233 ubi
1637 5179 1894 5234 educatus
1934 5176 2188 5241 Basilius,

642 5293 829 5351 gerere
861 5276 1053 5346 potuit,
1081 5275 1176 5329 sed
1205 5274 1258 5327 in
1297 5287 1488 5343 magna
1522 5272 1699 5341 aliqua
1730 5270 1889 5335 urbe,
1917 5280 2098 5340 atque.
2138 5278 2193 5321 ut

644 5366 930 5425 verisimile
976 5374 1101 5432 est,
1134 5364 1512 5421 Neoczesareaa.
1567 5363 1823 5420 Basilium
1875 5362 2187 5435 aliquandiu

716 5547 788 5617 (a)
812 5547 1006 5602 Ilomil.
1034 5546 1120 5601 17.

713 5614 787 5689 (δ)
808 5619 917 5689 γΕρ.
949 5617 1069 5689 iss.
1098 5614 1372 5689 365,102.

715 5685 782 5756 (ε)
806 5685 959 5756 Nyss.
998 5687 1065 5740 De
1092 5685 1252 5756 Busil.
1285 5700 1334 5753 p.
1363 5685 1493 5739 Ξ92.

713 5760 789 5826 (d)
821 5755 912 5825 Ep.
942 5758 1007 5810 57
1030 5755 1225 5814 etilli,
1264 5772 1313 5807 n.
1344 5758 1391 5808 l.

718 5840 787 5895 te)
821 5827 913 5895 ΕΙ».
950 5826 1073 5893 aut,
1112 5842 1165 5878 ιι.
1192 5827 1249 5908 lu.

2278 1984 2434 2038 melia
2469 1992 2639 2039 matre
2663 1985 2887 2037 alteram
2915 1984 3225 2039 Macrinam.
3264 1986 3393 2041 Nam
3443 1986 3510 2042 ab
3530 2003 3589 2043 ea
3616 2004 3854 2059 quoque

2277 2077 2593 2133 catholicam
2650 2079 2943 2133 doctrinam
3003 2079 3273 2147 accepisse
3320 2095 3380 2136 se
3430 2081 3695 2148 gloriatur
3742 2082 3851 2151 (Ιι).

2275 2170 2394 2240 Ipse
2420 2170 2582 2224 etiam
2613 2180 2767 2238 pater
2796 2185 3015 2239 operam
3053 2186 3205 2223 suam
3237 2172 3556 2243 adjungebat
3588 2175 3755 2228 uxori
3787 2175 3845 2227 in

2280 2262 2606 2316 instituendo
2629 2263 2694 2315 ad
2730 2263 2980 2330 pietatem
3010 2262 3117 2318 ﬁlio
3166 2261 3261 2335 (i);
3291 2263 3384 2318 sed
3413 2264 3554 2320 illius
3588 2265 3850 2320 animum

2278 2353 2587 2408 liberalibus
2616 2354 2909 2422 disciplinis
2945 2354 3184 2409 imbuere
3213 2356 3488 2423 proprium
3519 2372 3676 2412 suum
3717 2373 3845 2411 mu-

2278 2460 2376 2499 nus
2413 2459 2533 2499 esse
2565 2445 2811 2507 ducebat,
2837 2445 2917 2497 vir
2947 2457 3171 2513 utraque
3199 2444 3355 2500 laude
3412 2445 3466 2499 in
3523 2445 3702 2501 Ponto
3732 2463 3839 2499 ex-

2276 2535 2494 2600 cellens,
2532 2544 2584 2589 et
2614 2536 2811 2604 pietate
2860 2545 2913 2589 et
2950 2536 3272 2604 eloquentia.
3306 2536 3418 2592 Sub
3449 2546 3629 2593 'tanto
3662 2538 3849 2606 magi-

2282 2640 2396 2684 stro
2448 2629 2672 2684 miriﬁce
2717 2628 2945 2698 profecit
2982 2629 3244 2697 Basilius;
3276 2630 3367 2685 sed
3399 2646 3517 2685 cum
3556 2647 3677 2687 eum
3717 2632 3847 2686 nul-

2279 2721 2382 2776 lius
2411 2721 2488 2775 rei
2526 2730 2801 2791 expertem
2854 2735 2973 2775 esse
3000 2730 3287 2788 oporteret.
3315 2730 3373 2775 ut
3410 2721 3487 2775 ait
3533 2721 3845 2791 Gregorius

2278 2810 2677 2875 Nazianzenus,
2731 2811 2783 2864 in
2842 2810 2977 2866 alias
3008 2812 3308 2881 provincias
3350 2810 3599 2875 mittitur,
3630 2822 3691 2865 ut
3720 2812 3845 2865 vel-

2279 2911 2336 2956 ut
2369 2916 2496 2970 apes
2527 2917 2589 2955 ex
2617 2902 2781 2955 variis
2814 2901 3052 2967 ﬂoribus,
3100 2903 3179 2957 sic
3203 2902 3314 2971 ipse
3336 2915 3401 2955 ex
3435 2901 3599 2956 variis
3656 2903 3838 2973 magia

2280 2994 2409 3049 stris
2430 2992 2707 3047 utilissima
2741 3007 2963 3061 quicque
2994 2993 3308 3061 perciperet.
3330 2991 3464 3046 llinc
3494 3006 3613 3046 eum
3649 2990 3841 3047 Cassa-

2281 3101 2391 3149 rea,
2412 3100 2476 3140 ac
2499 3085 2689 3140 deinde
2713 3084 3223 3154 Constantinopolis,
3257 3093 3312 3140 et
3363 3084 3575 3139 tandem
3603 3083 3837 3140 Athena:

2206 3206 2253 3270 ρ
2284 3179 2605 3270 habuerunt.

2355 3267 2441 3324 Vl.
2464 3268 2568 3323 Sed
2598 3277 2715 3321 utra
2742 3265 2992 3321 Basilium
3025 3266 3271 3321 habuerit
3298 3265 3562 3331 thsarea,
3588 3281 3707 3337 qua:
3731 3268 3840 3324 sita

2283 3369 2364 3415 est
2387 3362 2438 3413 in
2465 3358 2816 3427 Cappadocia,
2841 3372 2906 3410 an
2934 3371 3052 3426 qua:
3084 3357 3136 3410 in
3162 3356 3463 3422 Palaestina,
3491 3372 3682 3428 magna
3710 3372 3840 3413 sen-

2287 3452 2569 3505 tentiarum
2597 3449 2856 3504 varietate
2892 3448 3201 3519 ambigitur.
3249 3447 3427 3504 Multis
3469 3451 3717 3518 partibus
3746 3451 3836 3504 vi-

2284 3542 2438 3596 detur
2466 3538 2795 3610 pracferenda
2844 3554 3029 3596 eorum
3072 3540 3274 3607 opinio,
3302 3540 3392 3603 qui
3423 3540 3676 3596 Basilium
3723 3542 3843 3598 Cse-

2287 3646 2452 3685 sareae
2482 3630 2534 3685 in
2558 3630 2888 3700 Cappadocia
2926 3631 3121 3685 litteris
3147 3645 3365 3701 operam
3392 3633 3600 3688 dedisse
3623 3634 3836 3687 volunt.

2286 3722 2340 3776 1⁰
2379 3720 2605 3777 Basilius
2627 3731 2776 3793 optat
2808 3722 2859 3777 in
2888 3723 3045 3791 epist.
3071 3720 3138 3775 64
3187 3730 3245 3774 ιιι
3270 3719 3587 3793 Hesychius,
3617 3724 3836 3794 quicum

2286 3829 2346 3870 se
2375 3814 2555 3870 multis
2578 3816 2740 3869 rebus
2790 3814 2858 3869 ab
2906 3815 3061 3869 initio
3101 3813 3445 3883 conjunctum
3492 3815 3654 3871 fuisse
3678 3818 3836 3881 dicit,

2293 3906 2579 3976 aliquando
2608 3907 2675 3960 ad
2710 3905 2959 3974 antiquos
2993 3906 3273 3976 utriusque
3300 3906 3444 3961 lares
3487 3922 3545 3961 se
3570 3906 3833 3962 conferat.

2286 3994 2579 4064 Antiquom
2603 3994 2732 4048 illud
2754 3991 2938 4047 Basilii
2969 4002 3024 4047 et
3049 3992 3297 4064 Ilesychii
3320 3993 3645 4048 domicilium
3690 3996 3837 4049 aliud

2286 4102 2406 4142 esse
2428 4101 2530 4141 non
2576 4095 2751 4157 potest
2789 4100 2949 4153 quam
2983 4085 3252 4149 Caesarea,
3286 4085 3425 4139 unde
3452 4085 3716 4139 scribebat
3737 4085 3840 4139 Ba-

2288 4177 2440 4231 silius
2468 4216 2484 4239 ,
2523 4191 2623 4232 nec
2656 4176 2797 4230 aliud
2845 4186 3053 4243 tempus
3077 4173 3337 4245 assignari
3372 4184 3567 4245 potest,
3590 4190 3694 4244 quo
3722 4190 3838 4230 sese

2289 4267 2548 4322 Caesarea:
2569 4267 2839 4326 noverint.
2866 4264 2968 4319 nisi
2999 4280 3118 4319 cum
3151 4274 3374 4335 uterque
3397 4265 3590 4319 litteris
3618 4280 3835 4334 operam

2290 4362 2459 4417 daret.

2355 4452 2417 4506 2°
2467 4450 2658 4505 Narrat
2686 4448 2977 4519 Gregorius
3020 4446 3493 4518 Nazianzenus.(j)
3518 4460 3576 4501 se
3613 4456 3664 4500 et
3692 4446 3836 4501 Basi-

2219 4547 2263 4607 D
2291 4545 2440 4608 lium,
2465 4540 2623 4595 veluti
2646 4541 2851 4609 ﬂuxum
2878 4540 3147 4608 quemdam
3178 4537 3433 4605 ﬂuminis,
3459 4552 3524 4589 ex
3546 4536 3721 4589 eodem
3742 4556 3806 4602 pa
3823 4566 3838 4578 -

2289 4637 2400 4690 tria
2437 4635 2579 4704 [ante
2611 4633 2664 4685 in
2709 4632 2939 4684 diversas
2987 4629 3220 4697 regiones
3267 4626 3520 4681 doctrina:
3562 4629 3839 4697 cupidita:e

2290 4727 2566 4785 dissectos,
2597 4736 2800 4783 rursus,
2836 4717 2968 4772 velut
3016 4731 3079 4771 ea:
3108 4716 3388 4783 composito
3412 4755 3430 4783 ,
3464 4713 3574 4770 Deo
3610 4715 3837 4770 videlicet

2292 4818 2368 4869 ita
2407 4812 2697 4882 impellente
2727 4850 2742 4876 ,
2780 4808 2993 4862 Athenis
3050 4806 3283 4859 coiuisse.
3330 4803 3565 4875 Uterque
3616 4820 3743 4875 ergo
3785 4809 3835 4860 in

2292 4906 2628 4977 Cappadocia
2656 4901 2971 4971 conjunctus
3010 4898 3209 4963 fuerat,
3253 4908 3477 4965 uterque
3503 4898 3625 4952 inde
3654 4898 3707 4951 in
3747 4913 3837 4949 Va-

2295 4994 2401 5051 rias
2430 4996 2675 5065 regiones
2706 4988 2999 5062 profectus.
3052 5004 3157 5043 non
3201 4988 3335 5043 alter
3365 5003 3395 5043 e
3424 4987 3617 5054 Ponto,
3656 4987 3787 5043 alter
3809 5002 3836 5040 e

2290 5086 2642 5157 Cappadocia.
2696 5082 2871 5151 Atque
2924 5080 2975 5133 id
3028 5079 3379 5134 conﬁrmatur
3432 5088 3542 5133 tum
3597 5077 3834 5147 Gregorii

2292 5175 2590 5250 presbyteri
2614 5171 2940 5234 testimonio.
2977 5171 3065 5239 qui
3102 5168 3420 5240 Gregorium
3444 5167 3833 5222 Nazianzenqu

2294 5277 2572 5330 utramque
2593 5262 2897 5319 Caesaream
2929 5260 3226 5314 studiorum
3248 5274 3405 5313 causa
3436 5258 3654 5328 petiisse
3678 5267 3836 5311 testa-

2296 5369 2419 5424 tur;
2452 5366 2560 5412 tum
2586 5354 2755 5425 ipsius
2780 5352 2940 5407 etiam
2970 5349 3214 5420 Gregorii
3246 5350 3595 5416 Nazianzeni,
3625 5348 3713 5419 qui
3740 5346 3835 5401 Ba-

2363 5533 2429 5606 (f)
2462 5532 2703 5606 liabet;
2740 5530 3025 5606 20;]Vyss.
3067 5528 3166 5585 Vit.
3203 5527 3397 5593 Macn,
3432 5526 3496 5583 i9

2364 5602 2437 5675 (ll)
2467 5602 2720 5675 159-305.
2763 5602 2931 5675 n._2.’
3480 5644 3483 5647 ἱ
3514 5632 3517 5633 ν

2363 5672 2440 5742 lli)
2466 5673 2559 5740 Ep.
2588 5672 2716 5738 225,
2750 5689 2803 5742 n.
2835 5672 2887 5727 3.

2367 5741 2428 5811 (ἦ)
2455 5742 2577 5794 Naz.
2596 5756 2692 5811 ρι’.
2724 5741 2818 5798 ἳΟ.

2461 5812 2550 5866 Οι·.
2583 5809 2671 5867 ae.
