3992 6392
1535 336 1693 394 Vl'l‘A
1732 337 1790 390 s.
1831 330 2091 387 BASlLll.
2285 286 2289 289 ⁷
3362 325 3419 367 ιι

211 472 372 528 silium
422 465 533 523 sibi
596 464 808 537 plenius
858 459 1088 518 Athenis
1118 459 1398 531 cognitum
1427 458 1590 514 fuisse
1615 457 1765 519 dicit,
1797 456 1838 511 A
1870 448 2185 504 cherrimam
2216 445 2418 514 ipsique
2439 440 2663 495 maxime
2703 435 2964 537 propriam
2989 428 3419 537 eripuerit..Naml

212 575 315 612 clm
342 566 510 611 antea
538 554 754 626 ignotus
778 566 883 607 non
908 552 1116 607 fuisset.
1152 550 1282 606 Sese
1305 561 1481 605 autem
1510 548 1635 604 alibi
1662 563 1765 603 non

212 651 448 703 videnlur
475 647 721 711 novisse,
747 661 908 715 quam
932 646 985 699 in
1015 643 1377 714 Cappadocia.
1696 628 1697 631 ¹

270 742 326 795 3'
352 740 562 794 Scribit
601 737 833 793 Basilius
855 739 905 791 in
937 738 1098 807 epist.
1125 738 1189 791 51
1222 751 1280 791 se
1327 750 1355 789 a
1390 734 1565 804 prima
1613 741 1769 788 aetate

216 835 459 887 nutritum
497 831 673 886 fuisse
698 832 752 885 in
782 845 965 885 amore
991 830 1164 884 Dianii
1195 828 1429 898 episcopi
1473 827 1765 883 Caesarien-

216 928 309 984 sis,
342 932 399 976 et
455 922 839 977 considerasse
883 933 1046 989 quam
1101 928 1248 973 esset
1284 917 1370 971 ille
1408 916 1491 971 vir
1549 926 1768 987 aspectu

215 1014 555 1078 venerabilis,
588 1022 644 1069 et
690 1021 974 1083 postquam
1018 1010 1190 1066 adfuit
1232 1010 1391 1072 ratio,
1427 1009 1573 1063 illum
1604 1009 1767 1064 etiam

214 1123 265 1161 es
293 1105 657 1161 interioribus
687 1104 845 1161 bonis
879 1104 1197 1173 cognovisse
1217 1143 1231 1165 ,
1264 1102 1512 1168 illiusque
1536 1100 1774 1156 delecta-

214 1208 310 1251 tum
336 1196 752 1253 consuetudine.
805 1196 900 1249 Ἐκ
934 1194 1156 1267 πρώτης
1182 1194 1397 1265 ἡλικίας
1431 1193 1769 1263 συνετράφην

211 1288 276 1357 τῷ
298 1288 429 1358 περὶ
460 1288 630 1342 αὑτὸν
658 1287 937 1357 φίλτρῳ...
968 1286 1091 1340 ἐπεὶ
1112 1286 1167 1338 δέ
1206 1304 1294 1355 μοι
1319 1284 1502 1339 λοιπὸν
1526 1285 1619 1338 καὶ
1638 1286 1665 1337 ὁ
1688 1284 1775 1336 λό-

212 1396 296 1445 γος
320 1379 534 1449 παρῆν,
566 1377 690 1431 τότε
722 1378 788 1449 δὴ
811 1378 905 1430 καὶ
930 1376 1039 1430 ἀπὸ
1073 1376 1181 1428 τῶν
1213 1376 1312 1445 τῆς
1338 1374 1515 1444 ψυχῆς
1553 1371 1772 1442 ἀγαθῶν

210 1471 364 1523 αὐτὸν
419 1470 796 1538 ἐπεγίνωσκον
842 1468 936 1522 καὶ
981 1468 1195 1542 ἔχαιρον
1253 1466 1415 1520 αὐτοῦ
1470 1469 1536 1537 τῇ
1589 1482 1775 1520 συνου-

214 1562 317 1630 σίᾳ.
352 1559 429 1614 Ex
463 1561 556 1615 bis
587 1559 782 1630 colligo
806 1558 1061 1615 Basilium
1094 1558 1354 1612 Ctesarea:
1381 1555 1773 1611 adolescentem

219 1652 462 1721 pluribus
497 1650 659 1705 annis
688 1659 1078 1705 commoratum
1102 1648 1288 1710 fuisse,
1320 1646 1497 1716 ibique
1528 1646 1663 1702 satis
1685 1646 1775 1700 diu

212 1742 516 1805 educatum,
548 1748 607 1793 ut
635 1746 821 1808 posset
848 1753 908 1792 se
955 1738 1007 1790 in
1038 1736 1268 1791 amando
1305 1734 1492 1790 Dianio
1515 1742 1569 1789 et
1598 1734 1775 1789 consi-

1869 558 1986 597 cum
2020 540 2138 594 alite
2160 537 2392 591 civitates
2423 533 2542 587 aliis
2581 528 2920 591 ornamentis,
2955 522 3032 578 vel
3069 522 3318 588 antiquis,
3345 518 3420 571 rel

1871 633 2015 687 novis
2044 630 2360 701 glorientur,
2391 632 2566 692 prout,
2594 620 2797 690 Opinor,
2829 614 2903 670 vel
2943 613 3176 667 historiis
3203 652 3216 671 ,
3242 608 3317 663 vel
3345 625 3422 660 re-

1872 725 1965 777 bus
2016 718 2325 791 quibusdam
2374 710 2597 770 visendis
2627 718 2829 762 ornata:
2856 712 2974 758 sunt
3003 716 3021 754 :
3057 702 3189 754 lianc
3216 706 3420 757 contra,

1871 823 1926 867 ut
1948 787 2097 865 arma
2121 808 2199 863 uel
2231 803 2513 875 tragoedias
2543 809 2679 854 nota:
2721 796 2961 867 quardam
2982 801 3135 860 atque
3168 787 3419 875 insignia,

1870 905 1943 959 sic
1986 903 2280 956 litterarum
2319 872 2500 965 igloria
2544 888 2797 945 nobilitat,
2846 884 3198 948 illustremque
3229 872 3419 930 reddit.

1941 993 2083 1051 Nihil
2103 1000 2188 1049 est
2225 990 2310 1045 his
2339 988 2392 1041 in
2420 984 2599 1040 verbis
2631 978 2774 1050 quod
2798 991 2900 1031 non
2925 974 3183 1029 Caesareae
3213 967 3424 1039 Cappa-

1879 1091 2071 1145 docum
2103 1084 2303 1155 optime
2331 1084 2620 1149 congruat;
2651 1068 2901 1127 nonnulla
2944 1067 2999 1122 iu
3048 1064 3269 1118 alteram
3307 1059 3425 1114 Cte-

1874 1193 2082 1233 saream
2114 1176 2292 1243 inepte
2338 1181 2559 1238 prorsus
2611 1179 2674 1220 ac
2717 1161 2976 1217 inurbane
3027 1156 3167 1211 dicta
3218 1159 3420 1207 essent.

1876 1271 2023 1327 Satis
2056 1276 2177 1335 apte
2217 1260 2510 1333 Gregorius
2538 1257 2747 1318 urbem,
2774 1255 2824 1307 in
2868 1266 2973 1320 qua
3011 1248 3325 1317 loquebatur
3355 1253 3425 1335 et

1874 1374 2001 1414 voce
2017 1366 2070 1412 et
2093 1334 2251 1410 manu
2272 1351 2559 1420 designans
2576 1346 2807 1406 dicebat,
2844 1342 3017 1407 Hanc,
3049 1341 3282 1408 inquam,
3304 1334 3426 1386 illu-

1876 1459 2029 1502 strem
2068 1444 2346 1499 ciuitatem.
2368 1438 2484 1494 Non
2525 1429 3067 1507 putatTillemontius
3087 1429 3224 1482 hanc
3248 1425 3424 1481 Caesa-

1876 1553 2021 1593 ream
2045 1552 2074 1591 a
2094 1534 2286 1591 studiis
2316 1531 2616 1586 litterarum
2646 1566 2662 1591 ,
2692 1536 2750 1581 ut
2795 1539 2823 1578 a
2852 1519 3120 1593 praecipuo
3148 1518 3294 1571 urbis
3330 1530 3419 1569 or-

1877 1637 2153 1693 namento,
2184 1623 2393 1680 laudari
2441 1618 2710 1675 debuisse.
2756 1616 2862 1672 Sed
2895 1623 2951 1669 ut
2983 1612 3233 1669 omittam
3263 1608 3427 1662 Euse—

1880 1723 2046 1785 bium,
2074 1720 2164 1790 qui
2197 1718 2547 1788 Cappadociae
2568 1712 2825 1785 praesules
2849 1711 3090 1766 doctrina
3124 1708 3265 1761 inter
3289 1703 3423 1756 alios

214 1834 447 1887 deranda
475 1832 624 1886 illius
652 1832 766 1886 oris
795 1829 1076 1898 majestate
1106 1827 1364 1882 nutritum
1396 1826 1593 1882 dicere.
1618 1824 1776 1882 Tille-

1888 1813 2145 1870 enituisse
2197 1820 2427 1867 testatur
2451 1808 2553 1879 (a),
2584 1809 2699 1879 ipse
2735 1804 2966 1859 Basilius
2992 1798 3236 1867 Gregorii
3271 1794 3425 1850 testi-

215 1924 465 1989 nontius,
505 1932 567 1977 ut
598 1924 743 1977 hunc
769 1921 946 1976 locum
981 1919 1212 1989 explicet
1240 1960 1255 1987 ,
1285 1918 1538 1975 Basilium
1562 1918 1778 1989 coniicit

217 2015 501 2069 admodum
550 2012 817 2066 infantem
848 2011 1153 2066 Caesaream
1213 2024 1243 2063 a
1296 2009 1609 2079 parentibus
1640 2025 1775 2064 non-

218 2122 487 2174 nunquam
526 2114 804 2176 portatum
859 2103 1045 2158 fuisse.
1082 2100 1189 2157 Sed
1219 2101 1380 2171 hujus
1432 2100 1773 2172 conjectum,

219 2214 330 2268 quae
373 2214 475 2252 sua
534 2206 728 2267 sponte
755 2211 944 2266 parum
976 2194 1225 2263 congruit
1268 2192 1525 2260 infantiae,
1573 2193 1774 2248 nullum

218 2290 410 2358 profert
468 2296 853 2357 argumentum
915 2285 1263 2340 doctissimus
1314 2284 1778 2354 scriptorzatque

215 2382 420 2435 etiamsi
457 2379 778 2449 proferret,
826 2392 955 2431 num
1003 2391 1060 2431 se
1114 2375 1169 2429 in
1208 2377 1436 2431 amando
1468 2385 1522 2432 et
1552 2376 1779 2432 videndo

228 2472 417 2526 Diania
440 2471 705 2524 nutritum
751 2477 932 2538 posset
957 2467 1136 2521 dicere
1162 2508 1176 2534 ,
1205 2482 1362 2537 quem
1397 2483 1776 2538 nonnunquam

220 2564 386 2617 infans
426 2561 704 2616 vidisset?
736 2560 843 2616 Nec
864 2558 1211 2614 Tillemontio
1241 2559 1422 2615 favent
1448 2559 1561 2615 btet:
1594 2563 1777 2628 verba,

222 2676 247 2709 ε
278 2658 445 2723 prima
495 2665 653 2709 (etate
686 2671 704 2707 :
733 2653 937 2723 optime
966 2653 1107 2707 enim
1148 2651 1460 2707 referuntur
1486 2654 1551 2706 ad
1603 2652 1781 2707 adole-

223 2746 496 2798 Scentiam.
531 2743 671 2798 Nam
707 2752 762 2798 et
805 2758 927 2811 quae
961 2754 1276 2812 sequuntur,
1307 2751 1575 2811 postquam
1609 2742 1779 2812 adfuit

226 2839 366 2900 ratio,
400 2837 712 2890 delectabar
753 2834 899 2889 illius
936 2836 1309 2890 consuetudine
1358 2850 1461 2889 non
1498 2835 1564 2889 de
1603 2836 1783 2890 adole-

226 2928 418 2981 scentia
445 2968 461 2991 ,
515 2926 613 2980 sed
642 2927 709 2981 de
757 2926 899 2978 virili
935 2934 1095 2979 aetate
1128 2926 1301 2993 accipi
1341 2925 1576 2989 debent,
1609 2940 1782 2995 neque

225 3020 355 3073 enim
410 3019 731 3073 adolescens
798 3016 1029 3070 Basilius
1080 3016 1131 3069 in
1210 3016 1384 3071 Dianii
1442 3017 1782 3070 consuetudi-

1879 1907 2057 1960 monio
2087 1919 2241 1959 suum
2273 1901 2533 1972 adjuugit,
2561 1910 2613 1955 et
2646 1898 2860 1963 litteris,
2891 1896 3030 1948 inter
3052 1889 3240 1960 patriae
3267 1899 3429 1943 orna-

1878 2005 2085 2061 menta,
2143 1995 2376 2064 palmam
2427 1995 2537 2048 dat.
2566 1991 2657 2046 Sic
2697 1988 2839 2045 enim
2870 1986 2938 2041 de
2966 1983 3057 2039 illo
3088 1988 3232 2037 statu
3258 1976 3430 2046 loqui-

1880 2098 1964 2143 tur
1998 2086 2094 2159 (b),
2126 2088 2180 2142 in
2203 2100 2359 2156 quem
2388 2084 2649 2140 divisione
2670 2078 3016 2152 Cappadocia:
3044 2073 3383 2143 redigebatur
3411 2085 3425 2121 :

1881 2175 2245 2247 Spectaculum
2268 2175 2607 2245 {certissimum
2643 2172 2782 2239 [acta
2809 2180 2906 2233 est,
2928 2166 3125 2247 inquit,
3147 2178 3263 2235 qua'
3288 2161 3432 2230 prius

1881 2246 1991 2324 tum
2030 2269 2092 2323 de
2146 2268 2394 2323 litteratis
2425 2267 2553 2320 viris
2580 2305 2595 2330 ,
2628 2274 2735 2318 tant
2776 2263 2839 2317 de
2868 2261 2985 2315 aliis
3025 2246 3170 2313 bon’is
3200 2295 3214 2317 ,
3247 2253 3430 2325 quibus

1892 2360 2149 2431 opulenta:
2177 2359 2333 2413 urbes
2354 2358 2643 2422 abundant,
2691 2355 3033 2427 gloriabatur.
3071 2348 3331 2405 Similiter
3377 2346 3430 2399 in

1893 2454 2051 2523 epist.
2084 2451 2172 2517 74,
2204 2468 2258 2505 n.
2288 2452 2343 2515 5,
2365 2451 2665 2503 litterarum
2696 2446 2890 2511 studia,
2914 2446 3127 2499 interea
3156 2456 3273 2511 qua:
3301 2439 3434 2494 civi-

1884 2546 1978 2601 tati
2009 2560 2200 2601 nomen
2237 2552 2293 2598 et
2348 2541 2545 2596 famam
2595 2548 2914 2611 pepererant
2946 2579 2959 2604 ,
2995 2535 3263 2606 praecipue
3288 2547 3434 2587 como

1883 2643 2168 2691 memorat.
2217 2634 2330 2702 Qua
2361 2642 2541 2687 autem
2596 2638 2713 2686 erat
2762 2628 3065 2684 urbanitate
3120 2623 3433 2693 Gregorius,

1884 2743 2007 2782 num
2045 2726 2237 2795 potuit,
2270 2726 2530 2780 Caesareae
2568 2720 2787 2777 nomine
2831 2718 3195 2788 pronuntiato,
3223 2714 3436 2769 audito-

1885 2833 1971 2873 res
2003 2820 2313 2882 admouere,
2362 2831 2467 2871 non
2494 2830 2610 2871 eam
2639 2812 2937 2870 Caesaream
2964 2852 2980 2879 ,
3012 2812 3063 2864 in
3102 2823 3204 2874 qua
3232 2806 3435 2861 oratio-

1887 2924 2005 2963 nem
2040 2908 2294 2972 habebat,
2324 2908 2418 2962 sed
2445 2905 2706 2960 illustrem
2733 2903 2876 2957 illam
2913 2902 2966 2956 in
3001 2899 3279 2955 Pala-stiua
3308 2897 3437 2953 civi-

1891 3009 2053 3055 tatem
2080 3015 2109 3055 a
2140 3015 2199 3055 se
2228 2998 2500 3069 designari
2531 2997 2554 3050 ‘t
2600 2995 2884 3065 Nunquam
2924 3008 3045 3050 eum
3088 3001 3193 3045 tam
3224 2990 3441 3045 inurba-

230 3128 339 3163 nem
400 3110 680 3163 admissus
718 3150 731 3172 ,
806 3108 900 3162 sed
964 3119 1249 3177 postquam
1320 3108 1479 3162 rediit
1536 3108 1777 3163 Athenis.

1888 3110 1953 3149 ne
2004 3104 2218 3161 tamque
2265 3090 2443 3162 pingui
2481 3089 2725 3144 Minerva
2762 3087 2994 3141 locutum
3022 3086 3262 3140 credam.
3308 3082 3439 3149 Quae

230 3203 442 3257 Ytrilem
492 3210 709 3254 aetatem
761 3199 1013 3254 similiter
1063 3200 1308 3269 designat
1358 3199 1409 3252 in
1463 3199 1622 3267 epist.
1657 3198 1783 3263 223,

230 3293 307 3344 ubi
334 3307 392 3345 se
414 3291 581 3343 aliam
614 3304 680 3343 ex
709 3288 814 3342 alia
842 3288 1134 3342 doctrinam
1167 3289 1226 3339 ὲν
1250 3289 1316 3356 τῇ
1342 3285 1435 3338 τοῦ
1464 3286 1621 3354 λόγου
1654 3302 1789 3355 συμ-

232 3384 523 3455 πληρώσει,
586 3398 703 3435 cum
761 3381 990 3434 adolevit
1020 3381 1181 3445 ratio,
1213 3395 1319 3433 non
1382 3388 1637 3441 mutasse,
1693 3378 1787 3431 sed

232 3486 441 3545 accepta
477 3476 546 3526 ab
576 3475 691 3527 avia
720 3485 774 3527 et
810 3483 982 3525 matre
1005 3470 1267 3541 principia
1294 3472 1579 3526 retinuisse
1612 3471 1790 3526 decla-

236 3586 286 3619 r.t
295 3578 330 3618 ι.

297 3661 351 3712 4⁸
382 3658 529 3712 Idem
558 3656 789 3711 ellicitur
811 3671 877 3710 ex
907 3656 1038 3725 ipsis
1088 3654 1332 3725 Gregorii
1362 3654 1563 3718 verbis,
1595 3653 1787 3723 quibus

238 3764 346 3817 post
381 3751 596 3804 Billium
621 3759 677 3803 et
708 3748 996 3803 Baronium
1022 3747 1395 3802 Tillemontius
1419 3746 1716 3801 Caesaream
1739 3747 1790 3799 in

246 3843 521 3895 Ραιειιειῐιιίι
552 3841 779 3894 indicari
819 3840 1132 3893 arbitratur.
1166 3837 1256 3892 Sic
1304 3838 1468 3908 igitur
1504 3837 1794 3905 Gregorius

241 3937 288 3986 in
318 3934 565 3986 oratione
590 3946 752 3998 quam
778 3930 846 3982 de
892 3928 1071 3982 Basilii
1126 3928 1367 3980 laudibus
1404 3926 1587 3981 habuit
1620 3925 1795 3979 Caesa-

245 4042 375 4079 res):
417 4023 541 4077 Ἐπὶ
572 4025 670 4091 τὴν
695 4021 1012 4092 Καισαρέων
1054 4019 1203 4072 πόλιν
1236 4020 1531 4087 ἐπείγεται,
1564 4020 1668 4073 τῶν
1700 4023 1795 4089 τῇ-

244 4116 294 4166 δε
322 4113 557 4182 μεθέξων
587 4111 1004 4182 παιδευτηρίων,
1032 4110 1232 4179 ταύτην
1260 4110 1314 4162 δὲ
1338 4110 1479 4179 λέγω
1500 4110 1596 4181 τὴν
1642 4128 1797 4181 περι-

245 4208 373 4276 φανῆ
420 4223 477 4259 τε
528 4207 623 4257 καὶ
669 4204 943 4274 ἡμετέραν
983 4203 1136 4272 (ἐπεὶ
1175 4202 1266 4254 καὶ
1307 4201 1412 4253 τῶν
1450 4200 1597 4272 ἐμῶν
1629 4202 1797 4269 λόγων

244 4296 368 4367 αὕτη
424 4295 759 4365 καθηγεμὼν
810 4296 902 4346 καὶ
946 4291 1334 4363 διδάσκαλος),
1375 4293 1471 4363 τὴν
1515 4292 1609 4362 οὐχ
1639 4289 1798 4363 ἦττον

242 4390 402 4457 λόγων
430 4388 785 4459 μητρόπολιν,
814 4387 847 4456 ἦ
872 4385 979 4439 τῶν
1011 4386 1215 4438 πόλεων
1234 4381 1307 4438 ὧν
1337 4386 1672 4456 ὑπέρκειται,
1706 4386 1797 4437 καὶ

1888 3196 2185 3254 sequuntur
2216 3184 2281 3238 de
2328 3183 2627 3237 litterarum
2660 3177 2883 3240 studiis,
2923 3191 3025 3231 non
3076 3176 3257 3229 minus
3290 3173 3438 3227 inor-

1890 3288 2009 3331 nata
2039 3286 2092 3331 et
2135 3276 2351 3345 illepida
2390 3283 2594 3339 essent,
2627 3273 2672 3327 si
2701 3272 2765 3326 ad
2797 3271 3096 3325 Caesaream
3144 3268 3443 3323 Palaestinae

1888 3370 2252 3434 referrentur;
2305 3381 2426 3421 cum
2455 3365 2818 3419 Cmsarienses
2845 3403 2859 3427 ,
2894 3376 3028 3431 quos
3072 3359 3443 3430 alloquebatur

1890 3459 2206 3528 Gregorius,
2239 3458 2377 3511 hanc
2410 3456 2623 3510 laudem
2646 3496 2659 3519 ,
2695 3464 2753 3509 ut
2788 3454 2897 3524 jam
2946 3452 3081 3519 dixi,
3110 3452 3229 3506 aliis
3261 3450 3445 3507 civita-

1892 3552 2030 3605 tibus
2060 3566 2162 3604 non
2195 3552 2574 3603 concederent.

1960 3642 2074 3696 Non
2129 3642 2478 3696 omittendum
2535 3639 2676 3709 quod
2731 3639 2879 3692 addit
2931 3637 3262 3709 Gregorius:
3322 3636 3445 3689 Jam

1890 3751 2007 3803 qua:
2058 3744 2365 3802 sequuntur,
2412 3733 2448 3784 ii
2500 3739 2757 3799 exponant
2809 3730 2897 3799 qui
2944 3739 2990 3783 et
3044 3744 3159 3782 eum
3211 3729 3347 3795 apud
3395 3743 3447 3780 se

1892 3826 2189 3879 erudierunt
2221 3836 2264 3877 et
2298 3824 2525 3892 {ructuas
2559 3838 2624 3874 ea:
2652 3822 2819 3891 ipsius
2861 3821 3152 3873 eruditione
3181 3829 3445 3886 ceperunt,

1893 3929 2114 3989 quantus
2148 3917 2378 3971 videlicet
2427 3918 2725 3987 magistris,
2772 3923 2998 3985 quantus
3041 3913 3324 3977 aequalibus
3368 3928 3450 3966 es-

1894 4021 1991 4077 set,
2015 4021 2118 4064 etc.
2152 4009 2267 4063 Non
2304 4020 2547 4078 superest
2576 4007 2879 4077 ambigendi
2911 4008 3061 4060 locus
3108 4004 3241 4058 utris
3271 4002 3451 4059 Czesa-

1900 4102 2165 4157 riensibus
2210 4102 2323 4155 haec
2376 4102 2651 4155 narranda
2702 4099 2992 4168 Gregorius
3039 4097 3339 4165 relinquat;
3385 4096 3455 4150 iis

1897 4196 1985 4264 qni
2018 4195 2172 4266 longe
2207 4195 2399 4248 remoti
2430 4204 2607 4259 erant,
2636 4206 2809 4262 neque
2833 4206 2897 4246 ex
2932 4189 3119 4243 Basilii
3146 4188 3453 4243 eruditione

1899 4286 2151 4356 majorem
2194 4302 2352 4355 quam
2406 4285 2521 4339 alia:
2569 4284 2814 4339 civitates
2856 4281 3139 4336 utilitatem
3198 4292 3454 4348 percepe-

1899 4392 2036 4445 rant,
2074 4395 2137 4432 an
2180 4380 2245 4434 iis
2273 4395 2407 4447 quos
2450 4377 2819 4445 alloquebatur
2897 4373 3209 4442 Gregorius,
3256 4370 3458 4441 quique

243 4479 352 4530 καθ’
381 4473 455 4531 ὢν
490 4478 602 4547 ἔχει
621 4478 721 4547 τὴν
746 4475 1057 4529 δυναστείαν
1084 4490 1097 4503 ⁵
1124 4475 1189 4545 ἣν
1219 4478 1270 4528 εἴ
1300 4493 1381 4538 τις
1407 4474 1500 4527 τοῦ
1536 4478 1591 4528 ὲν
1623 4475 1784 4543 λόγοις

1902 4481 1955 4526 et
1986 4469 2167 4524 Basilii
2207 4472 2506 4523 studiorum
2542 4477 2793 4537 poterant
2837 4464 3168 4527 meminisse,
3216 4473 3270 4518 et
3315 4463 3458 4516 illius

242 4570 467 4638 κράτους
492 4567 934 4637 ἀποστερήσειεν,
955 4563 1254 4636 ἀφῃρηκὼς
1275 4564 1422 4619 ἔσται
1440 4564 1568 4618 αὐτὸ
1585 4564 1644 4617 τὸ
1672 4564 1798 4617 κάλ-

244 4661 409 4713 λιστον
434 4678 495 4712 τε
522 4661 618 4712 καὶ
644 4658 974 4712 ἱδικώτατον.
1003 4657 1189 4711 Ἀλλαι
1213 4659 1309 4728 μὲν
1332 4657 1438 4728 γὰρ
1462 4658 1570 4710 τῶν
1595 4657 1797 4710 πόλεων

244 4754 411 4815 ἄλλοις
424 4753 749 4821 ἀγάλλονται
766 4751 1229 4821 καλλωπίσμασιν,
1253 4751 1285 4823 ἢ
1306 4750 1572 4814 παλαιοῖς,
1591 4749 1622 4820 ἢ
1641 4752 1796 4813 νέοις,

243 4846 379 4907 ὅπως
410 4845 477 4898 ἂν
504 4840 657 4913 οἶμαι
693 4843 801 4895 τῶν
825 4843 1172 4914 διηγημάτων
1203 4842 1395 4912 ἔχωσιν
1424 4842 1456 4911 ἢ
1502 4841 1608 4894 τῶν
1656 4845 1795 4912 ὁρω-

248 4938 413 5003 μένων
430 4954 443 4963 ι
465 4934 591 5005 τῇδε
615 4934 762 5002 λόγοι
782 4935 843 4987 τὸ
858 4934 1162 5004 γνώρισμα,
1191 4934 1379 5004 ὥσπερ
1404 4935 1459 4986 ὲν
1478 4934 1589 4995 τοῖς
1618 4933 1800 4995 ὅπλοις

249 5025 278 5094 ἢ
309 5028 418 5087 τοῖς
449 5026 692 5095 δράμασι
718 5024 787 5077 τὰ
825 5024 1090 5095 ἐπίσημα.
1131 5025 1446 5091 (Σαιδανεαηι,
1489 5034 1542 5076 ut
1599 5022 1805 5076 schola-

252 5134 357 5170 rum
380 5118 526 5171 urbis
559 5119 704 5171 illius
735 5119 994 5187 particeps
1024 5128 1176 5183 esset,
1216 5115 1520 5181 contendit,
1546 5116 1681 5169 hunc
1713 5115 1799 5166 in-

251 5227 395 5270 quam
427 5210 686 5263 illustrem
714 5210 1018 5275 civitatem,
1047 5219 1091 5262 et
1120 5216 1349 5261 nostram
1399 5208 1541 5278 (nam
1569 5222 1801 5259 meorum

255 5315 443 5370 quoque
477 5300 777 5353 studiorum
810 5297 920 5351 dua:
948 5310 995 5352 et
1020 5300 1270 5368 magistra
1295 5296 1540 5361 exstititl,
1563 5312 1677 5366 qute
1703 5312 1802 5348 non

254 5394 413 5446 minus
441 5394 745 5446 litterarum
773 5407 925 5459 atque
946 5391 1223 5453 doctrinae,
1260 5406 1414 5459 quant
1456 5388 1660 5443 urbium
1689 5388 1804 5457 qui-

258 5480 340 5533 bus
384 5482 639 5549 praecellit
693 5491 740 5534 et
792 5481 1111 5545 dominatur,
1157 5481 1507 5549 metropolis:
1555 5494 1707 5548 quam
1754 5478 1801 5530 si

257 5571 361 5635 quis
386 5574 644 5625 doctrina:
672 5570 848 5639 palma
887 5570 1207 5637 spoliauerit,
1251 5587 1353 5625 rem
1404 5570 1631 5624 ninnium
1684 5567 1798 5636 pul-

321 5754 390 5827 (o)
427 5753 483 5811 In
524 5749 649 5810 Vita
677 5752 877 5820 Const.,
910 5766 1025 5822 cap.
1051 5752 1137 5808 45.

1905 4564 2147 4617 doctrina
2191 4576 2285 4630 per
2322 4571 2397 4615 tot
2429 4574 2600 4613 annos
2646 4558 2834 4613 imbuti
2872 4557 3101 4612 fuerant.
3126 4555 3260 4611 Cum
3297 4554 3460 4623 igitur

1906 4654 1989 4708 his
2026 4652 2202 4707 verbis
2231 4652 2481 4706 Caesarea
2535 4650 2914 4720 Cappadocum
2942 4648 3305 4719 dignoseatur,
3353 4646 3460 4699 im-

1907 4745 2098 4799 merito
2131 4743 2322 4811 quaerit
2348 4740 2741 4805 Tillemontius,
2768 4756 2863 4795 cur
2888 4740 3200 4810 Gregorius,
3236 4737 3323 4806 qui
3351 4734 3462 4789 Cm-

1908 4851 2073 4892 sarem
2101 4835 2411 4904 perorabat,
2442 4832 2693 4888 Basilium
2730 4838 2782 4887 in
2820 4835 2957 4887 hanc
2982 4831 3162 4886 urbem
3186 4828 3462 4895 conceptis

1909 4923 2082 4977 verbis
2118 4922 2332 4978 venisse
2380 4938 2485 4977 non
2530 4923 2706 4989 dicat;
2750 4940 2845 4978 cur
2879 4938 2983 4978 non
3024 4937 3141 4975 eam
3187 4921 3456 4989 designet,

1908 5014 2014 5070 nisi
2054 5014 2311 5083 ejusmodi
2345 5014 2507 5079 notis,
2541 5030 2656 5082 qua:
2696 5015 2881 5070 saltem
2918 5014 2967 5068 ei
2993 5028 3113 5068 eum
3145 5012 3311 5066 altera
3350 5012 3464 5063 (lu-.-

1907 5124 2060 5165 sarea
2090 5124 2401 5164 communes
2428 5109 2557 5164 sint.

1976 5201 2081 5257 Sed
2121 5203 2261 5257 idem
2305 5201 2648 5256 doctissimus
2695 5200 2926 5268 scriptor
2971 5198 3073 5252 hoc
3123 5195 3461 5265 potissimum

1906 5303 2224 5365 argumento
2257 5294 2466 5357 nititur,
2495 5293 2635 5363 quod
2670 5291 2981 5363 Gregorius,
3019 5300 3304 5360 postquam
3347 5287 3464 5341 Cal:-

1907 5401 2120 5444 saream
2160 5402 2312 5441 suam
2346 5400 2467 5442 esse
2510 5386 2678 5449 dixit,
2720 5385 2903 5440 statim
2949 5385 3111 5441 addat
3149 5385 3270 5439 ideo
3312 5398 3461 5438 suam

1907 5494 2045 5545 esse,
2069 5479 2190 5548 quia
2210 5478 2281 5533 ibi
2301 5479 2490 5534 litteris
2511 5494 2727 5548 operam
2750 5480 2970 5535 dederat
2996 5476 3199 5541 :llanc,
3233 5478 3463 5545 inquam,

1906 5568 2162 5622 illustrem
2196 5567 2473 5635 civitatem,
2516 5580 2561 5623 et
2599 5580 2861 5633 nostram;
2906 5584 3022 5622 nam
3070 5583 3299 5621 meorum
3338 5582 3467 5636 quo-

1985 5746 2057 5820 (b)
2098 5746 2192 5817 Ep.
2229 5747 2315 5802 76.
