3992 6392
553 290 585 327 ι
1918 295 2441 360 PBOLEGOMENA.

553 407 651 457 que
698 392 993 447 studiorum
1019 397 1125 449 dum
1159 410 1203 451 et
1242 402 1487 471 magistra
1532 409 1749 464 exstitit.
1785 409 1954 483 Negat
1986 416 2091 471 Ἧι.

556 477 840 502 1....-..ιε--,
888 483 902 502 1
937 499 962 502 __
984 500 992 502 μ
1264 492 1276 502 ι
1390 495 1400 502 .
1490 494 1520 502 Α

2209 427 2555 495 philosophiae
2599 442 2815 494 operam
2869 447 2970 486 non
3006 433 3239 502 dedisse,
3280 438 3370 494 sed
3419 440 3555 496 hanc
3597 442 3771 496 disciv

556 477 841 535 leniontius
888 483 999 537 iure
1054 492 1341 545 convenire
1389 495 1441 547 in
1482 494 1777 554 Cmsaream
1826 477 2106 575 cappado-

554 570 669 629 cite.
718 584 877 638 quam
913 574 1202 645 Gregorius
1247 596 1395 636 suam
1428 586 1548 640 aliis
1581 588 1648 643 de
1696 592 1875 645 causis
1905 570 2108 651 vocare

559 671 789 728 poterat,
844 666 1112 735 inprimis,
1151 674 1274 741 quia
1306 690 1423 729 eam
1454 681 1737 745 provincia:
1770 687 2106 755 metropolim

550 759 907 822 agnoscebat;
972 763 1110 827 quod
1180 780 1298 817 cum
1366 770 1614 825 omnibus
1684 781 1866 829 notum
1928 788 2105 843 esset,

549 856 697 896 suam
729 845 907 901 dicere
935 851 1139 917 debuit,
1168 855 1309 908 nulla
1343 857 1523 913 addita
1555 863 1786 931 ratione,
1814 876 1871 919 ut
1904 867 1955 922 in
1987 868 2105 925 aliis

550 932 687 988 locis
720 935 869 991 facit.

620 1027 775 1094 Quod
812 1031 979 1087 instar
1025 1036 1345 1095 incommodi
1380 1042 1565 1109 objicit
1615 1046 2006 1118 Tillemontius,
2045 1052 2097 1108 id

548 1123 845 1187 argumenti
887 1124 1003 1179 loco
1033 1128 1289 1184 adhibere
1328 1148 1632 1203 possumus,
1674 1142 1922 1209 quamvis
1952 1142 2099 1197 illum

547 1210 599 1261 in
642 1212 1085 1282 interpretatione
1120 1220 1276 1289 hujus
1308 1223 1406 1278 loci
1458 1240 1767 1296 sequamur.
1812 1231 1944 1286 Nam
1978 1248 2099 1288 cum

546 1304 841 1359 Caesaream
891 1307 1176 1380 Gregorius
1219 1316 1286 1368 ob
1316 1316 1643 1385 disciplinas,
1686 1336 1822 1388 quas
1865 1324 1937 1378 ibi
1985 1340 2101 1393 per-

546 1407 778 1464 ceperat.
810 1414 913 1454 non
947 1402 1117 1456 solum
1152 1404 1221 1458 ob
1259 1411 1645 1477 metropolitica
1672 1413 1793 1480 jura
1832 1429 1981 1468 suam
2019 1415 2101 1469 di-

545 1497 719 1552 ceret;
770 1491 1025 1546 rationem
1059 1495 1254 1550 addere
1283 1497 1486 1567 debuit,
1530 1516 1625 1556 cur
1661 1518 1777 1557 eam
1826 1505 2083 1571 singulari

543 1579 701 1633 modo
734 1596 881 1635 suam
907 1584 1122 1641 diceret.
1147 1588 1356 1659 Alioqui
1388 1598 1546 1647 n’emo
1586 1610 1691 1650 non
1741 1598 2100 1655 existimasset

542 1686 660 1723 cum
692 1674 756 1726 ad
788 1676 1095 1744 metropolis
1117 1678 1238 1747 jura
1277 1684 1561 1751 respicere.
1607 1685 1793 1755 Itaque
1822 1690 1923 1744 etsi
1955 1691 2096 1745 hunc

547 1761 719 1816 locum
752 1766 1112 1838 intelligimus,
1140 1782 1199 1825 ιιι
1242 1773 1488 1844 intelligit
1518 1754 1921 1845 Tillemontius;
1962 1782 2095 1836 nihil
2130 1754 2171 1811 Β

545 1865 688 1908 vetat
732 1858 798 1913 de
845 1859 1086 1917 Cmsarea
1142 1864 1517 1934 Cappadocum
1578 1869 1825 1939 intelligi.
1907 1870 2098 1927 Verum

546 1945 786 2017 Gregorii
815 1953 975 2005 verba
1010 1953 1088 2007 sic
1120 1956 1288 2025 accipi
1324 1968 1541 2026 possent
1571 1960 1622 2012 in
1668 1959 1800 2014 Billii
1838 1962 2099 2032 interpre-

545 2040 766 2103 tatione,
810 2050 867 2096 ut
910 2043 1035 2097 illud
1083 2057 1312 2101 nostram
1354 2048 1619 2103 referatur
1659 2052 1723 2104 ad
1770 2053 2097 2122 metropolim

539 2131 641 2183 hoc
685 2133 868 2196 modo,
912 2146 1141 2190 nostram
1198 2156 1299 2193 non
1345 2142 1513 2196 minus
1582 2141 1873 2197 litterarum
1940 2157 2095 2215 atque

537 2221 812 2287 doctrinm,
843 2228 998 2294 quam
1038 2228 1264 2295 urbium,
1313 2232 1499 2300 quibus
1545 2234 1791 2300 prtzcellit
1835 2244 1883 2287 et
1930 2236 2098 2289 domi-

540 2323 716 2377 natur,
770 2318 1118 2385 metropolim.
1178 2319 1270 2376 Sic
1336 2324 1736 2391 interpretando
1797 2326 2097 2380 restituitur

537 2406 723 2470 patriae
768 2422 876 2461 sua:
921 2409 1163 2477 Basilius,
1202 2428 1302 2468 nec
1346 2414 1485 2469 illius
1519 2417 1571 2469 in
1634 2416 1828 2471 litteris
1876 2417 2094 2471 institu-

536 2494 699 2549 tionis
746 2507 929 2565 partes
963 2498 1098 2553 ullas
1130 2501 1367 2556 Ctesarea
1419 2503 1583 2556 altera
1634 2506 1849 2558 retinet.
1900 2506 2095 2560 Fateor

537 2593 715 2638 tamen
751 2586 885 2641 mihi
920 2602 1025 2642 non
1056 2590 1294 2644 arridere
1328 2595 1466 2647 hanc
1506 2594 1889 2663 interpretandi
1932 2597 2093 2650 rario-

541 2688 688 2737 ncm,
715 2692 834 2742 quae
868 2692 975 2731 non
1015 2681 1243 2748 quadrat
1274 2699 1393 2736 cum
1425 2683 1609 2738 Graaco
1637 2693 1913 2740 contextu.
1958 2684 2090 2741 Illud

530 2764 675 2816 enim
716 2764 816 2836 τὴν
858 2768 954 2838 οὐχ
992 2763 1176 2841 ἦττον,
1208 2786 1319 2826 non
1366 2772 1595 2828 refertur
1638 2776 1703 2829 ad
1733 2790 1914 2829 vocem
1959 2779 2095 2847 ἡμε-

532 2859 719 2925 τέρανι
749 2873 867 2926 quae
901 2860 1139 2926 pluribus
1172 2862 1291 2917 aliis
1324 2864 1621 2934 interiectis
1654 2867 1921 2935 praecedit.
1950 2867 2087 2921 Prm-

532 2955 676 3002 terea
726 2948 1023 3005 Cmsaream
1079 2951 1368 3024 Gregorius
1432 2958 1688 3013 doctrina:
1750 2960 2084 3029 metrOpolim

531 3046 717 3104 vocat,
762 3053 865 3091 non
910 3041 1033 3109 quia
1078 3042 1146 3096 ibi
1192 3042 1391 3100 litteris
1438 3060 1653 3114 operam
1696 3048 1951 3113 dederat,
1998 3051 2087 3105 sed

534 3127 656 3195 quia
691 3128 743 3182 in
772 3127 872 3184 hac
902 3131 1031 3186 urbe
1063 3131 1253 3188 litterae
1282 3133 1563 3191 ﬂorebant.

1170 3247 1393 3303 CAPUT
1434 3249 1494 3305 ΙΙ.

528 3334 568 3387 ι.
602 3332 821 3412 Sanctus
836 3334 1451 3412 BasiliuseCappadocia
1467 3339 1962 3412 constantinopolim
1976 3348 2088 3400 mit-

600 3407 749 3482 titur.
778 3404 839 3458 ll.
874 3405 1006 3482 little
1034 3404 1261 3482 Athenas
1289 3413 1444 3482 venit.
1472 3411 1557 3465 ΙΙΙ.
1588 3404 1938 3482 Ερηίωιρἱιιι·
1964 3420 2091 3468 ami-

600 3474 725 3525 citia
770 3490 885 3527 cum
915 3476 1161 3546 Gregorio
1198 3477 1549 3533 Nazianzeno.
1580 3481 1664 3535 IV.
1696 3474 1886 3535 Eorum
1916 3486 2085 3537 studia

598 3555 645 3593 ct
707 3548 944 3613 magistri
1000 3560 1044 3597 rt
1097 3551 1457 3613 condiscipuli.
1503 3548 1568 3604 Υ.
1616 3550 1807 3606 Scribit
1860 3552 2086 3607 Basilius

603 3614 954 3675 Apollinario.
981 3615 1095 3681 Quo
1128 3635 1265 3671 anno
1288 3618 1515 3674 Athenas
1544 3623 1767 3690 reliquit.

606 3702 651 3759 Ι.
685 3701 895 3757 Nemini
942 3705 1166 3759 cedebat
1233 3706 1458 3762 Basilius
1508 3710 1741 3778 corporis
1791 3710 2085 3781 pulchritu-

530 3796 657 3848 diue
684 3806 738 3850 et
768 3797 960 3851 robore
1001 3811 1063 3851 ac
1090 3800 1426 3869 proceritate,
1458 3813 1739 3872 antequam
1775 3803 1922 3858 illum
1968 3818 2084 3873 pte-

527 3886 764 3940 nitentiae
809 3887 1019 3943 labores
1073 3889 1467 3956 debilitassent;
1515 3894 1606 3948 sed
1655 3908 1774 3946 eum
1823 3896 1892 3949 ab
1937 3896 2079 3965 ejus-

526 3978 667 4031 modi
709 3981 1041 4035 ornamentis
1074 3981 1295 4037 Iaudare
1329 3984 1502 4039 noluit
1541 3985 1846 4053 Gregorius.
1885 3987 2082 4041 Liben-

526 4072 631 4125 tius
661 4084 876 4127 enarrat
907 4074 982 4141 (a)
1015 4073 1155 4127 illius
1199 4075 1248 4127 in
1285 4077 1481 4130 virtute
1514 4092 1576 4130 ac
1609 4078 1802 4130 litteris
1837 4092 2083 4146 progres-

525 4175 639 4215 sus.
668 4160 799 4215 Cum
830 4172 970 4217 esset
1001 4163 1281 4233 Cmsareae,
1324 4167 1518 4221 cbarus
1562 4170 1989 4237 erataaqualibus
2033 4177 2084 4221 et

524 4254 815 4322 magistris,
844 4268 905 4309 ac
948 4256 1094 4311 brevi
1140 4265 1382 4327 tempore
1416 4272 1610 4327 magno
1644 4260 1694 4311 in
1738 4260 1910 4327 pretio
1941 4261 2078 4328 apud

522 4345 759 4412 plebeios
800 4354 852 4399 et
900 4347 1158 4413 primores
1187 4351 1487 4411 {civitatisz
1537 4352 1717 4405 rhetor
1770 4352 1910 4407 inter
1960 4354 2081 4406 rbe-

2218 513 2416 575 plinam
2456 530 2575 570 cum
2606 518 2871 575 rhetorica
2907 522 3367 598 Constantinopoli
3403 530 3626 602 iungere
3654 548 3773 587 caa-

2210 617 2371 671 pisse.

2286 699 2343 752 Si
2387 700 2629 768 genuina:
2665 713 2791 757 sunt
2823 707 3030 777 scripta:
3059 708 3305 765 Basiliam
3341 710 3481 767 inter
3506 723 3559 769 et
3602 715 3770 769 Liba-

2216 789 2360 842 nium
2394 790 2606 855 litterae,
2634 796 2850 850 dubium
2884 815 2988 853 non
3020 812 3102 855 est
3133 805 3257 872 quin
3294 805 3436 860 hunc
3465 808 3766 875 sopbistam

2218 879 2446 937 Basilius
2471 884 2927 958 Constantinopoli
2956 894 3247 948 studiorum
3276 896 3479 950 socium
3511 898 3767 952 habuerit

2212 981 2306 1025 aut
2349 974 2680 1042 magistrum.
2706 977 3101 1037 Commemorat
3146 983 3398 1039 Libanius
3446 987 3519 1056 (ὁ)
3571 987 3772 1041 amici-

2207 1065 2337 1117 tiam
2372 1080 2792 1139 communesque
2819 1073 3053 1139 scholas,
3082 1074 3287 1145 sibique
3310 1077 3384 1131 ait
3411 1078 3478 1149 (c)
3507 1079 3767 1133 Basiliam

2205 1153 2602 1213 adolescentem
2634 1162 2970 1217 admirationi
3011 1164 3201 1232 fuisse;
3244 1176 3352 1221 tum
3384 1169 3524 1238 quod
3555 1178 3768 1238 tempe-

2205 1246 2381 1298 rantia
2430 1263 2550 1301 cum
2584 1252 2799 1306 senibus
2835 1264 3093 1321 certaret,
3139 1258 3297 1327 idque
3338 1260 3389 1312 in
3424 1260 3555 1314 urbe
3603 1260 3770 1313 volu-

2208 1337 2449 1404 ptatihus
2483 1338 2769 1407 dililuente,
2806 1353 2912 1398 tum
2964 1347 3104 1415 quod
3155 1364 3397 1417 magnam
3451 1351 3769 1420 disciplina-

2204 1440 2320 1479 rum
2367 1438 2573 1495 partem
2620 1429 2731 1497 jam
2786 1442 2893 1487 tum
2928 1444 3071 1490 esset
3111 1449 3451 1493 consecutus.
3485 1440 3588 1495 Sed
3636 1457 3764 1495 cum

2206 1516 2479 1587 Libanius,
2505 1521 2594 1590 qui
2624 1537 2765 1577 anno
2795 1524 2899 1579 5H
2929 1536 3084 1581 natus
3112 1539 3213 1595 est,
3243 1540 3449 1585 mature
3492 1532 3633 1587 inter
3670 1549 3764 1589 so-

2201 1607 2404 1675 phistas
2450 1626 2639 1668 nomen
2673 1614 2941 1679 habuerit,
2986 1634 3088 1672 non
3120 1620 3330 1674 videtur
3360 1621 3541 1678 Basilii
3585 1625 3764 1681 multo

2198 1696 2429 1766 iunioris
2469 1700 2632 1756 fuisse
2682 1705 3095 1775 condiscipulus.
3142 1709 3497 1775 Quamobrem
3529 1716 3571 1769 si
3606 1725 3761 1771 tanta

2198 1789 2301 1843 fuit
2350 1792 2489 1845 inter
2550 1804 2834 1866 utrumque
2891 1801 3259 1869 necessitudo,
3300 1816 3498 1872 quanta
3548 1822 3613 1862 ex
3674 1810 3764 1865 his

2198 1883 2441 1950 epistolis
2486 1887 2829 1956 perspicitur,
2882 1904 3102 1946 necesse
3147 1904 3226 1948 est
3262 1905 3319 1949 ut
3352 1912 3473 1951 eum
3522 1898 3766 1956 Basilius

2197 1977 2426 2031 audierit
2462 1977 2941 2052 Constantinopoli.
2983 1983 3089 2040 Sed
3125 2002 3244 2042 cum
3283 1990 3364 2043 ha:
3409 1992 3599 2046 littera:
3645 2008 3761 2048 non

2199 2064 2427 2132 levibus,
2468 2078 2527 2122 ut
2562 2066 2699 2122 infra
2733 2071 3019 2139 videbitur,
3050 2078 3441 2145 suspicionibus
3487 2081 3766 2150 laborent,

2198 2172 2301 2211 non
2352 2158 2579 2213 libenter
2631 2161 2946 2217 crediderim
2992 2167 3246 2235 quidquid
3306 2170 3512 2225 illarum
3561 2172 3763 2229 nititur

2197 2251 2536 2315 auctoritate,
2584 2254 2681 2306 nisi
2720 2254 2842 2310 aliis
2890 2258 3206 2314 testimoniis
3249 2262 3617 2322 conﬁrmetur.
3652 2264 3761 2322 So-

2195 2352 2372 2395 crates
2422 2343 2635 2411 quidem
2674 2343 2750 2416 (d)
2786 2354 2839 2399 et
2872 2347 3200 2404 Sozomenus
3240 2350 3309 2421 (ε)
3347 2364 3566 2409 narrant
3597 2355 3761 2412 Basi-

2196 2433 2319 2484 lium
2350 2448 2451 2486 una
2481 2447 2602 2487 cum
2640 2434 2902 2506 Gregorio
2940 2453 3157 2509 Operam
3200 2441 3495 2499 Antiochiae
3526 2445 3759 2502 Lihanio

2194 2526 2427 2581 dedisse.
2449 2525 2520 2581 At
2543 2542 2726 2582 eorum
2762 2530 3077 2587 manifestus
3102 2542 3184 2587 est
3212 2548 3388 2600 error,
3415 2551 3535 2591 cum
3559 2549 3758 2595 neuter

2193 2617 2532 2673 Antiochiam
2578 2621 2880 2676 studiorum
2916 2636 3077 2678 causa
3115 2624 3303 2692 iverit,
3358 2641 3456 2682 nec
3503 2628 3757 2683 dubitant

2194 2710 2391 2766 eruditi
2432 2711 2556 2779 viri,
2597 2714 2725 2784 quin
2760 2716 2859 2770 hos
2899 2716 3190 2785 scriptores
3226 2720 3457 2774 nominis
3500 2721 3758 2776 similitu-

2194 2802 2318 2857 diue
2366 2804 2632 2875 deceperit
2671 2805 2897 2862 Basilius
2931 2810 3099 2865 sancti
3141 2810 3360 2865 Joannis
3379 2812 3749 2883 Chrysostomi

2196 2896 2421 2961 amicus,
2467 2910 2625 2966 quem
2683 2898 2806 2952 dum
2858 2900 3190 2956 confundunt
3230 2919 3348 2957 cum
3397 2904 3750 2973 Caesariensi,

2192 2986 2506 3056 Gregorium
2541 2988 2590 3042 ei
2622 2988 3000 3059 adjunxerunt.
3051 2991 3163 3045 Non
3203 2995 3354 3047 video
3398 3009 3526 3063 ergo
3554 2997 3753 3064 quibus

2117 3100 2160 3157 ρ
2196 3078 2555 3132 monumentis
2590 3081 2754 3134 statui
2792 3083 2959 3151 possit
2991 3082 3243 3137 Basilium
3283 3085 3748 3156 Constantinopoli

2194 3182 2409 3238 operam
2441 3170 2649 3225 dedisse
2679 3171 2920 3226 Libanio.
2966 3172 3042 3229 Ne
3074 3175 3245 3244 ipsum
3281 3177 3491 3246 quidem
3540 3187 3751 3249 tempus

2192 3261 2467 3331 aptissime
2513 3264 2835 3330 quadraret,
2865 3266 2906 3319 si
2942 3265 3219 3333 Libanius,
3253 3276 3311 3322 ut
3342 3270 3551 3323 videtur
3582 3271 3747 3326 Tille«

2191 3353 2412 3420 montio,
2457 3354 2524 3408 ab
2557 3369 2699 3409 anno
2737 3356 2842 3410 546
2876 3372 3044 3427 usque
3087 3360 3152 3413 ad
3195 3360 3291 3413 551
3345 3362 3610 3416 docuisset
3646 3361 3746 3415 Ni-

2190 3448 2461 3502 comediae.
2512 3447 2642 3501 Nam
2693 3451 2829 3502 intra
2880 3450 2981 3504 hoc
3034 3460 3239 3520 tempus
3284 3452 3529 3508 videntur
3573 3454 3741 3510 collo-

2189 3539 2358 3591 canda
2393 3536 2574 3592 Basilii
2605 3539 2774 3593 studia
2819 3540 3424 3611 Constantinopolitana.
3470 3545 3573 3599 Sed
3618 3560 3742 3599 cum

2190 3629 2444 3684 Lihauius
2482 3630 2943 3700 Constantinopoli
2986 3632 3169 3701 pulsus
3214 3633 3371 3690 fuerit
3411 3650 3437 3689 a
3474 3635 3738 3701 Limenio,

2186 3719 2274 3787 qui
2323 3719 2607 3787 praefectus
2658 3720 2775 3773 urbi
2830 3720 2928 3774 fuit
2976 3736 3003 3775 a
3048 3723 3217 3793 pridie
3261 3725 3384 3779 ldus
3428 3724 3595 3781 Julias
3638 3727 3745 3782 547

2192 3821 2362 3877 usque
2393 3806 2457 3861 ad
2489 3822 2541 3861 vi
2567 3806 2735 3876 April.
2762 3807 2886 3874 549,
2921 3807 3034 3863 ﬁeri
3089 3811 3258 3877 potuit
3290 3821 3367 3878 ut,
3400 3826 3463 3866 eo
3493 3814 3740 3880 docente,

2186 3897 2416 3951 Basilius
2469 3896 2986 3966 Constantinopolim
3034 3916 3176 3954 anno
3208 3902 3311 3956 516
3363 3916 3452 3956 aut
3497 3904 3602 3958 547
3647 3919 3741 3958 ve-

2187 3990 2357 4052 niret,
2397 4004 2648 4059 eumque,
2695 3998 2744 4041 ut
2793 3990 2931 4043 inter
2964 3992 3250 4062 .sophistas
3292 3994 3740 4059 celeberrimum,

2182 4082 2408 4136 audiret.

2253 4173 2384 4227 Cum
2420 4172 2568 4227 brevi
2597 4182 2831 4244 tempore
2861 4172 3088 4229 Basilius
3116 4175 3166 4227 in
3192 4175 3292 4229 hac
3318 4176 3447 4229 urbe
3478 4178 3740 4232 maximas

2184 4267 2364 4321 laudes
2422 4268 2474 4320 in
2548 4267 2827 4320 rhetoricae
2894 4283 2956 4321 ac
3020 4267 3367 4336 philosophias
3442 4268 3738 4337 disciplinis

2190 4358 2411 4426 adeptus
2441 4368 2583 4411 esset
2616 4356 2703 4426 (fl,
2745 4358 2954 4410 tandem
2992 4358 3228 4413 Athenas
3262 4358 3446 4428 petiit,
3490 4374 3606 4425 quas
3640 4360 3735 4413 do-

523 4449 666 4490 tores
688 4438 849 4492 etiam
875 4452 1000 4493 ante
1023 4439 1346 4495 rhetoricam
1379 4442 1693 4505 exhedram,
1724 4444 2073 4513 phil050phus
2107 4446 2151 4500 Ι)
2188 4451 2441 4504 micilium
2482 4461 2534 4502 ct
2571 4451 2722 4505 sedes
2749 4452 3049 4505 litterarum
3084 4451 3433 4506 habebantur.
3468 4452 3612 4506 Illius
3643 4454 3737 4506 ad-

521 4526 661 4580 inter
695 4527 1033 4597 philosophos
1075 4532 1235 4584 etiam
1271 4541 1394 4586 ante
1436 4532 1786 4601 philosophia:
1835 4534 2073 4598 decreta,

521 4630 567 4669 οιι
601 4620 740 4687 quod
782 4614 1071 4673 maximum
1121 4632 1236 4688 est,
1286 4622 1606 4677 Christianis
1657 4624 1906 4679 sacerdos
1952 4634 2079 4679 ante

521 4711 902 4767 sacerdotium.
932 4712 1076 4767 Adeo
1121 4729 1310 4769 omnes
1342 4714 1490 4769 illum
1537 4717 1894 4771 mirabantur.
1938 4716 2081 4772 Prae-

519 4802 734 4869 cipuum
768 4803 909 4856 illius
936 4803 1173 4859 studium
1210 4821 1313 4859 non
1348 4818 1503 4861 erant
1526 4806 1736 4873 litterte,
1774 4810 1865 4864 sed
1896 4810 2072 4879 philo-

519 4894 700 4960 sophia
724 4894 1051 4959 Christiana,
1085 4896 1147 4949 ad
1186 4910 1343 4965 quam
1381 4896 1589 4953 litteras
1620 4899 1908 4955 referebat.

588 4983 713 5037 .nde
748 4984 1266 5056 Constantinopolim
1297 4989 1545 5053 mittitur,
1573 5007 1691 5059 qua:
1722 4993 1910 5048 civitas
1943 4996 2072 5048 rbe-

519 5076 721 5128 tnribns
751 5090 814 5130 ac
858 5077 1186 5148 philosophis
1217 5082 1668 5147 pratstantissimis
1714 5082 1955 5148 ﬂorebat,
1990 5086 2073 5138 in-

515 5168 627 5228 quit
663 5165 986 5236 Gregorius;
1019 5168 1173 5237 cujus
1209 5186 1273 5224 ex
1318 5172 1624 5225 testimonio
1655 5182 1706 5226 et
1735 5188 1798 5225 ex
1830 5175 2069 5241 superio-

518 5261 661 5311 ribus
712 5261 919 5325 vehit,
969 5261 1301 5330 philosophus
1356 5264 1513 5316 etiam
1560 5274 1677 5317 ante
1727 5264 2067 5332 philosophiae

515 5350 744 5414 decreta,
793 5352 1143 5421 perspicimus
1182 5354 1432 5409 Basiliam
1471 5356 1523 5411 in
1568 5356 1700 5411 urbe
1752 5356 2067 5413 Carsariensi

584 5532 657 5593 (tt)
698 5529 791 5583 Or.
816 5531 906 5586 9.0.

583 5603 654 5665 (tr)
698 5601 989 5665 [~1pisl.3‘3
1015 5612 1064 5659 et
1096 5606 1213 5660 538.

585 5668 652 5735 (τ)
697 5670 789 5740 Ep.
818 5672 941 5728 550.

2186 4550 2399 4593 ventum
2437 4540 2573 4592 fama
2631 4541 2930 4609 nuntiavit,
2976 4556 3343 4608 summamque
3377 4544 3734 4611 exspectatio-

2185 4648 2307 4687 nem
2341 4633 2591 4686 omnihus
2632 4633 2817 4698 movit,
2864 4633 3129 4701 prmcipue
3176 4647 3303 4685 vero
3334 4632 3591 4703 Gregorio
3634 4634 3735 4687 Na-

2182 4722 2458 4788 zianzeno,
2494 4722 2579 4788 qui
2614 4721 2769 4790 paulo
2809 4732 2933 4775 ante
2983 4722 3034 4775 iu
3066 4722 3204 4775 hanc
3242 4723 3423 4775 urbem
3458 4738 3577 4777 sese
3606 4739 3734 4777 con-

2184 4813 2400 4877 tulerat,
2432 4826 2494 4865 ac
2525 4812 2775 4865 Basiliam
2815 4812 3073 4866 Caesareae
3102 4822 3445 4878 cognoverat.
3480 4812 3591 4867 Mos
3620 4824 3734 4865 erat

2180 4900 2421 4963 Athenis.
2468 4913 2526 4955 nt
2574 4902 2968 4966 adolescentes,
2998 4902 3121 4954 dum
3156 4902 3350 4956 scholae
3396 4916 3505 4957 sum
3546 4917 3735 4957 nume-

2187 5010 2302 5057 rum
2338 5007 2531 5062 augere
2562 5002 2615 5045 et
2654 4993 2734 5045 sui
2780 4992 3004 5061 quisque
3037 4992 3289 5061 sophistae
3321 5008 3425 5047 aera
3477 4994 3732 5063 ampliare

2184 5085 2427 5153 cupiunt,
2476 5094 2920 5153 prmoccuparcut
2959 5084 3138 5149 urbes,
3186 5085 3321 5148 vias,
3354 5086 3609 5138 montium
3641 5098 3728 5137 ca.

2183 5177 2417 5239 cumina,
2447 5191 2685 5246 campos,
2716 5175 3047 5239 solitudines,
3078 5191 3261 5229 omnes
3288 5176 3515 5244 denique
3542 5176 3729 5229 Attica:

2183 5283 2243 5319 ac
2277 5266 2493 5333 reliqum
2536 5266 2756 5321 Graecia
2800 5276 3002 5335 partes,
3044 5276 3206 5335 atque
3248 5268 3389 5335 ipsos
3431 5268 3591 5321 etiam
3641 5267 3723 5319 i'u-

2187 5358 2354 5423 colas,
2379 5373 2603 5426 quorum
2634 5359 2919 5412 maximam
2948 5370 3153 5429 partem
3180 5360 3233 5414 in
3270 5376 3361 5416 sua
3391 5360 3564 5416 studia
3589 5358 3729 5418 scin-

2256 5538 2331 5607 (d)
2373 5538 2487 5592 Lib.
2517 5556 2587 5604 tv,
2619 5556 2666 5594 c.
2690 5540 2774 5592 26.

2257 5610 2325 5673 (ρ)
2365 5608 2475 5660 Lib.
2505 5624 2575 5670 t't,
2610 5610 2768 5662 (1.17.

2257 5682 2322 5747 t1")
2370 5679 2494 5732 Naz.
2522 5690 2657 5733 orat.
2680 5678 2769 5736 ‘20.
