3992 6392
1437 324 1597 380 VLTA
1638 323 1694 378 S.
1737 320 2003 377 BASILII.
3272 322 3321 360 XI

165 453 322 509 dabant.
366 445 428 500 Ut
478 445 717 514 quisque
744 452 941 515 .autein
984 442 1242 510 juvennm
1289 441 1529 496 Athenas
1574 454 1665 495 ve-
1696 441 1739 497 Δ
1772 450 1824 493 et
1856 437 2090 492 studium
2132 433 2305 486 virtus
2340 439 2457 484 erat
2488 450 2500 483 :
2541 439 2764 497 uterque
2798 429 2949 482 alteri
2983 442 3167 481 norma
3210 438 3324 480 erat

160 546 302 601 aiebat,
322 538 493 591 statim
532 551 662 590 eum
698 534 779 589 vel
827 536 877 587 vi
920 533 1004 586 vel
1050 543 1241 598 sponte
1274 547 1427 587 suum
1479 532 1655 586 facere
1762 539 1816 582 et
1850 526 2028 596 regula
2066 523 2378 586 vivendi,et
2414 521 2540 591 quid
2575 529 2777 574 rectum
2810 533 2979 574 necne
3010 519 3081 573 sit
3125 519 3327 572 discet-

160 636 433 692 conabantur.
469 626 518 681 ls
565 628 805 695 primum
856 625 997 695 apud
1044 640 1228 679 eorum
1278 624 1532 693 aliquem,
1564 624 1653 692 qui
1766 618 1951 673 nendi.
1977 614 2160 683 Neque
2188 628 2249 667 ex
2286 609 2560 666 sodalibus
2596 608 2646 662 in
2685 624 2837 663 suam
2885 607 3325 663 consuetudinem

160 729 304 791 priores
337 735 448 775 eum
502 728 802 786 ceperant,
847 717 1082 786 hospitio
1120 715 1512 784 excipiebatur,
1543 714 1657 769 sive
1763 707 2138 769 asciscebant,
2189 703 2287 759 nisi
2333 701 2421 770 qui
2465 700 2753 756 castissimi
2795 707 2851 753 et
2875 697 3203 768 pacatissimi
3238 712 3326 751 es-

161 821 302 871 amicus
338 819 495 871 esset,
542 810 668 864 sive
701 808 1053 878 propinquus,
1098 808 1212 862 sive
1242 807 1397 873 civis,
1443 806 1557 861 sive
1586 821 1652 860 ex
1764 807 1901 855 sent.
1934 799 2057 852 Duae
2095 795 2197 850 illis
2247 803 2385 847 notae
2448 801 2602 846 erant
2643 791 2771 855 vire,
2820 788 2987 843 altera
3035 788 3101 842 ad
3148 801 3330 841 sacras

160 923 284 963 eorum
320 916 557 964 numero,
598 902 696 968 qui
744 899 1007 954 mercedis
1054 899 1172 953 loco
1217 897 1475 966 sophistis
1518 898 1656 951 hanc
1764 893 1905 947 aedes
1957 889 2429 949 Christianorum,
2485 883 2651 938 altera
2701 884 2766 936 ad
2814 880 3027 937 scholas
3076 879 3325 934 ducens:

165 998 319 1067 augendi
359 1008 540 1049 eorum
597 992 741 1046 lucri
776 1006 962 1045 curam
1009 989 1406 1060 persolvebant.
1454 987 1657 1044 Deinde
1765 988 1922 1051 festa,
1972 986 2203 1046 theatra,
2254 981 2493 1036 celebres
2542 986 2840 1033 conventus
2882 984 2936 1028 et
2986 972 3229 1029 convivia
3268 970 3329 1023 li-

164 1066 396 1143 maviciisa
428 1084 685 1153 quolibet
728 1083 1115 1149 lacessebatur,
1146 1090 1195 1136 et
1232 1096 1328 1150 per
1372 1080 1545 1135 forum
1591 1080 1657 1133 ad
1766 1080 1951 1134 benter
2000 1075 2120 1128 aliis
2175 1072 2568 1141 relinquebant.
2618 1068 2762 1124 Nihil
2818 1067 3005 1136 majori
3058 1066 3323 1121 ducebant

165 1183 337 1233 talneum
381 1190 500 1229 cum
567 1188 770 1243 pompa
834 1172 1221 1227 deducebatur.
1275 1170 1468 1240 [Equis
1515 1170 1654 1225 enim
1766 1169 1927 1234 laudi,
1959 1182 2117 1238 quam
2157 1174 2212 1220 ut
2247 1162 2539 1218 Christiani
2570 1171 2755 1216 essent
2784 1170 2838 1215 et
2870 1161 3318 1214 nominarentur:

162 1273 286 1336 spatiis
312 1268 440 1320 inter
479 1280 542 1319 se
589 1263 871 1328 distincti,
919 1263 1030 1317 bini
1072 1277 1193 1317 eum
1247 1260 1653 1316 antecedebant.
1764 1269 1818 1313 et
1857 1261 1909 1312 in
1955 1271 2019 1311 ea
2072 1258 2223 1316 urbe,
2273 1267 2390 1323 QIIIB
2444 1250 2750 1306 simulacris
2796 1266 2859 1305 ac
2912 1248 3324 1304 simulacrorum

161 1362 373 1427 Postquam
415 1366 600 1411 autem
653 1356 875 1425 propius
922 1366 1300 1418 accesserant,
1354 1364 1464 1409 tum
1526 1367 1659 1407 vero
1765 1347 2128 1405 laudatoribus
2186 1355 2239 1400 et
2295 1344 2530 1415 patronis
2591 1341 2934 1404 abundabat,
2994 1354 3097 1393 non
3168 1338 3323 1392 modo

159 1456 258 1521 quasi
284 1452 443 1505 furore
469 1451 715 1518 correpti
752 1450 1045 1514 saltabant,
1074 1460 1129 1503 et
1163 1450 1395 1504 maximo
1423 1449 1660 1504 clamore
1766 1439 1910 1497 nulla
1948 1453 2167 1508 prorsus
2197 1451 2326 1489 aura
2368 1433 2768 1504 superstitionis
2805 1430 2969 1485 amati
3021 1438 3182 1495 sunt,
3231 1428 3335 1483 sed.

160 1548 308 1601 sdilillo
346 1546 532 1598 sistere
567 1542 855 1610 iubebant,
896 1557 997 1595 nec
1036 1541 1117 1596 fas
1148 1556 1268 1595 esse
1302 1542 1503 1612 ingredi
1533 1560 1547 1597 :
1580 1542 1658 1595 si-

1766 1528 1926 1584 etiam
1976 1525 2160 1581 fraude
2200 1524 2367 1578 oculis
2414 1523 2527 1577 suis
2573 1523 2686 1577 visa
2737 1536 2798 1575 ac
2856 1529 3169 1590 perspecta,
3217 1517 3322 1572 illic

159 1639 312 1705 mitique
339 1636 559 1701 pulsatis
593 1634 784 1702 januis
809 1633 1061 1701 juvenem
1096 1611 1397 1699 terrebant,
1445 1647 1509 1686 ac
1542 1640 1660 1685 tan-

1766 1621 2035 1675 dmmones
2079 1618 2309 1672 maxime
2338 1622 2798 1683 contempserunt,
2830 1612 2917 1667 ubi
2958 1611 3191 1665 maxime
3237 1624 3324 1664 co-

159 1734 236 1781 .ggm
268 1725 392 1780 aditu
440 1701 710 1780 οοιιςέδεο
757 1727 811 1778 in
860 1724 1160 1777 libertatem
1210 1722 1550 1787 asserebant,
1598 1736 1662 1776 ac
1769 1711 2029 1767 lebantur.
2057 1708 2266 1763 Eximia
2296 1706 2474 1761 Basilii
2502 1715 2554 1759 et
2587 1704 2828 1775 Gregorii
2863 1701 3168 1769 conjunctio
3196 1715 3325 1756 con-

159 1822 343 1884 ieiuceps
370 1816 634 1870 sodalium
669 1829 895 1869 numero
928 1813 1317 1868 ascribebatur.
1348 1810 1657 1882 Gregorius,
1691 1798 1732 1856 Β
1763 1803 1980 1858 (laverat
2011 1801 2153 1855 circa
2183 1814 2274 1853 eos
2308 1797 2471 1851 veluti
2517 1795 2783 1865 quoddam
2837 1794 3131 1847 amicorum
3182 1791 3327 1845 idem

159 1911 217 1976 qui
253 1907 476 1961 Basiliam
532 1907 913 1971 ria-verebatur,
968 1920 1175 1959 morum
1232 1903 1547 1973 gravitatem
1606 1911 1661 1956 ei,
1764 1892 2107 1950 sentientium
2163 1888 2503 1953 sodalitium,
2553 1887 2705 1958 cujus
2757 1886 2862 1939 dux
2917 1894 2970 1939 et
3021 1893 3319 1953 prmeeptor

160 2014 392 2053 sermonum
438 1997 793 2067 prudentiam
842 1997 1061 2062 videns,
1109 1996 1174 2050 iis
1221 1996 1310 2064 qui
1360 1995 1504 2049 illum
1555 2009 1658 2049 non
1766 1984 2012 2039 Basilius.
2044 1980 2155 2035 Non
2212 1980 2429 2034 dubium
2467 1979 2594 2049 quin
2646 1976 2884 2048 ejusdem
2946 1976 3173 2045 agminis
3220 1975 3329 2029 dux

159 2100 351 2143 noverant
382 2088 682 2156 persuasit,
730 2097 787 2141 ut
824 2087 962 2140 idem
1006 2089 1072 2141 de
1112 2086 1200 2141 illo
1235 2087 1517 2141 sentirent.
1560 2086 1663 2140 Ita-
1768 2076 1899 2131 alter
1929 2074 2195 2130 exstiterit
2242 2071 2553 2141 Gregorius,
2597 2070 2844 2140 quamvis
2875 2068 2943 2123 de
2988 2084 3046 2123 se
3091 2069 3203 2137 ipse
3244 2077 3327 2122 ta-

160 2197 229 2248 quc
250 2181 369 2234 solus
398 2179 505 2234 fere
534 2194 603 2232 ex
656 2178 911 2231 omnibus
943 2177 1163 2232 advenis
1197 2190 1534 2231 communem
1579 2176 1660 2230 le-
1768 2176 1905 2222 ceat.
1948 2164 2074 2220 Inde
2124 2163 2338 2228 evenit,
2391 2173 2449 2218 ut
2482 2161 2752 2232 egregium
2794 2160 2921 2214 illud
2978 2175 3074 2229 par
3127 2160 3329 2215 amico-

160 2290 239 2340 gvm
266 2271 449 2339 effugit.

1769 2274 1885 2313 rum
1916 2272 2019 2311 non
2065 2256 2116 2309 in
2152 2256 2352 2311 Graecia
2385 2254 2581 2317 solum,
2627 2255 2721 2308 sed
2769 2254 2929 2306 etiam
2977 2262 3129 2307 extra
3178 2251 3328 2308 Grac-

205 2362 264 2416 lll.
300 2362 547 2416 Amicitiae
580 2360 909 2430 Gregorium
962 2359 1103 2414 inter
1130 2368 1184 2414 et
1228 2358 1482 2413 Basiliunn
1530 2360 1663 2428 igni-
1769 2353 1903 2407 ciam
1939 2350 2318 2414 celebraretur,
2358 2357 2413 2402 et
2453 2361 2572 2400 cum
2604 2361 2790 2400 eorum
2839 2345 3077 2415 magistri
3123 2343 3321 2399 famam

158 2456 230 2507 cuii
264 2455 371 2507 inde
408 2454 790 2518 emicuerunt,
834 2466 899 2506 ac
934 2452 1090 2521 paulo
1140 2462 1258 2521 post
1306 2453 1358 2506 in
1411 2468 1659 2523 magnam
1769 2446 2095 2500 Athenarum
2148 2443 2523 2511 aquuarent,
2572 2441 2670 2508 ipsi
2722 2453 2975 2508 quoque,
3022 2436 3326 2507 ubicunque

163 2546 283 2598 breui
329 2558 455 2597 novo
521 2544 783 2613 Gregorii
848 2542 1109 2597 beneficio
1162 2554 1468 2598 creverunt.
1523 2544 1657 2598 Nam
1771 2536 1880 2591 noti
1927 2542 2080 2588 erant
2124 2533 2409 2602 magistri,
2448 2533 2499 2585 itt
2542 2531 2816 2587 homin..m
2850 2544 2945 2585 ore
2991 2538 3333 2586 versarentur

162 2650 245 2688 cum
264 2635 472 2689 Armenii
507 2636 765 2703 quidam,
801 2634 928 2688 olim
965 2633 1143 2688 Basilii
1179 2638 1278 2689 sub
1313 2636 1479 2704 ipsius
1514 2646 1665 2706 patre
1770 2640 1823 2683 el
1869 2625 2043 2681 Oresti
2095 2640 2156 2680 ac
2212 2623 2396 2694 Pyladi
2448 2623 2602 2691 longe
2678 2622 2745 2676 ab
2796 2620 3047 2676 omnibus
3107 2619 3334 2675 οτωτθτ-

163 2723 462 2793 condiscipuli,
495 2724 650 2778 illius
689 2723 876 2778 laudes
914 2723 1108 2777 invidis
1135 2723 1303 2777 oculis
1339 2725 1664 2795 aspicerent,
1773 2728 1975 2773 rentur-

163 2830 329 2884 eumque
356 2816 459 2870 suis
488 2815 1027 2886 argumentationum
1066 2815 1219 2870 tricis
1250 2830 1445 2884 capere
1496 2826 1667 2871 tenta-
1843 2809 1930 2864 IV.
1976 2808 2070 2863 llis
2127 2806 2383 2877 przeditus
2447 2814 2563 2859 erat
2633 2804 2873 2859 moribus
2936 2802 3197 2866 Basilius,
3244 2800 3335 2869 qui

170 2916 270 2966 rent,
309 2902 615 2975 Gregorius,
676 2903 766 2972 qui
822 2903 1004 2972 gloriae
1062 2903 1391 2959 Athenarum
1446 2907 1668 2975 cupidus
1775 2902 1937 2958 etiam
1973 2900 2088 2955 sine
2116 2898 2362 2954 doctrina
2394 2896 2606 2951 laudem
2635 2895 2984 2961 habuissent;
3021 2892 3111 2949 sed
3142 2892 3207 2948 ad
3240 2892 3335 2947 hos

168 3004 263 3058 erat,
282 2996 462 3049 veritus
492 3010 563 3050 ne
594 2994 733 3064 quid
768 2994 957 3049 civitas
999 2996 1279 3050 dedecoris
1307 2996 1591 3065 acciperet,
1622 2996 1668 3051 si
1776 3008 1952 3050 mores
1992 3000 2046 3046 et
2077 2990 2153 3062 (p.
2178 2988 2305 3061 533)
2346 2988 2616 3060 egregiam
2652 2986 2886 3042 indolem
2921 2995 3067 3040 tanta
3110 2982 3337 3039 accessit

166 3100 285 3139 IOWS
333 3085 505 3141 accola
582 3085 927 3155 antiquiores
994 3095 1301 3155 superaret,
1350 3088 1523 3157 primo
1564 3088 1663 3143 Ar—
1777 3086 2031 3141 doctrina:
2060 3084 2233 3152 copia,
2280 3090 2339 3136 ut
2385 3096 2542 3136 nemo
2572 3094 2691 3134 cum
2720 3092 2783 3134 eo
2826 3075 3224 3148 comparandus
3248 3087 3337 3129 es-

168 3176 305 3229 meaiis
332 3191 475 3245 opem
511 3177 759 3240 ferebat;
790 3185 844 3230 at
878 3175 965 3229 ubi
1010 3176 1273 3245 perfidum
1304 3177 1513 3233 illorum
1545 3194 1672 3235 con-
1700 3161 1741 3218 C
1776 3189 1889 3243 set,
1935 3177 2049 3233 sive
2095 3176 2146 3230 in
2183 3175 2448 3230 rhetorica
2472 3213 2487 3239 ,
2539 3174 2651 3228 sive
2696 3172 2749 3226 in
2803 3169 3173 3242 grammatica,
3217 3181 3336 3235 quae

168 3262 292 3317 silium
327 3266 613 3335 perspexit,
646 3274 815 3320 totum
845 3280 905 3322 se
944 3267 1009 3320 ad
1059 3265 1314 3322 Basilium
1344 3271 1539 3335 vertit,
1584 3286 1673 3326 eo-
1774 3270 2013 3340 liaguam
2047 3267 2111 3322 ad
2146 3265 2496 3323 Graecismum
2532 3265 2758 3326 format,
2804 3261 3057 3317 historias
3101 3258 3335 3326 colligit,

167 3368 238 3417 συθ
270 3355 532 3424 adiuvante
580 3355 832 3411 Armenii
886 3357 1099 3427 penitus
1143 3359 1267 3414 fusi.
1320 3359 1447 3415 Inde
1484 3359 1673 3415 Arnie-
1778 3364 1964 3418 metris
1994 3374 2210 3432 praeeSt,
2245 3370 2298 3417 et
2330 3359 2660 3417 carminibus
2694 3358 2837 3430 leges
2861 3353 3189 3427 praescribit;
3226 3351 3339 3406 sive

167 3458 321 3495 morum
355 3444 440 3497 ira:
468 3454 523 3499 et
552 3444 859 3500 inimicitia:
892 3446 942 3500 in
977 3444 1316 3515 Gregorium,
1346 3459 1404 3503 ut
1439 3463 1590 3503 suum
1621 3458 1676 3504 et

1778 3456 1829 3509 in
1875 3455 2123 3510 omnibus
2164 3453 2511 3524 philosoiihia:
2561 3450 2817 3521 partibus.
2874 3447 2951 3502 Ne
2994 3442 3338 3515 geometriam

170 3536 272 3590 urbis
290 3538 631 3604 proditorem.
657 3536 912 3591 Basilium
946 3548 1124 3592 autem
1158 3539 1491 3594 Athenarum
1526 3539 1675 3594 fasti-

1779 3547 1996 3616 quidein
2028 3554 2083 3601 et
2120 3544 2514 3600 astronomiam
2544 3558 2607 3598 ac
2651 3539 3046 3596 arithmeticam
3090 3534 3338 3606 neglexe-

168 3629 270 3678 άῖυω
305 3629 472 3695 Cet)“.
518 3631 654 3698 quia
704 3643 827 3682 cum
864 3645 1055 3715 magna
1105 3631 1285 3683 omnia
1335 3630 1434 3685 sibi
1479 3630 1545 3686 de
1577 3630 1677 3687 hac
1776 3646 1881 3705 rat,
1918 3638 2009 3693 sed
2046 3638 2112 3693 iis
2145 3638 2345 3692 relictis
2383 3651 2501 3707 qua:
2531 3636 2596 3690 ad
2642 3636 2892 3705 pietatem
2936 3630 3193 3701 prodesse
3238 3643 3344 3683 non

170 3718 262 3771 υνδε
290 3718 543 3784 θηιῖεεει.
600 3719 869 3774 minorem
904 3721 1308 3789 exspectatione
1351 3722 1671 3791 reperiebat.
1780 3735 2046 3796 poterant,
2092 3736 2296 3780 tantum
2329 3726 2429 3780 sibi
2458 3739 2523 3777 ex
2561 3724 2645 3779 bis
2692 3722 2986 3793 disciplinis
3016 3726 3342 3787 sumpserat,

169 3804 303 3875 Itaque
328 3826 503 3877 parum
547 3811 657 3865 sibi
696 3811 883 3865 beatus
923 3812 1204 3867 videbatur
1233 3811 1375 3880 quod
1421 3813 1677 3879 venisset,
1777 3826 2037 3887 quantum
2071 3818 2202 3872 satis
2250 3828 2400 3881 erat,
2440 3826 2498 3871 ut
2526 3815 2592 3871 ab
2628 3815 2710 3870 bis
2749 3815 2840 3885 qui
2885 3829 3003 3868 sese
3034 3813 3085 3867 in
3118 3813 3218 3866 hoc
3251 3825 3344 3881 ge-

173 3906 209 3948 et
241 3898 417 3953 inanem
466 3901 786 3956 felicitatem
820 3900 1062 3956 Athenas
1096 3904 1337 3959 vocabat.
1377 3902 1511 3957 Tum
1546 3903 1679 3959 Gre-
1780 3924 1907 3964 nere
1951 3910 2317 3975 venditabant,
2357 3907 2622 3980 exagitari
2656 3922 2760 3961 non
2791 3913 2993 3975 posset.
3028 3902 3344 3959 Medicinam

174 3988 304 4052 gorius
343 3990 475 4046 illius
508 4007 803 4048 maerorem
848 3993 1086 4047 consiliis
1131 3993 1242 4047 suis
1276 3994 1563 4058 abstersit,
1601 3993 1679 4048 ei-
1782 4010 1957 4055 autem
2000 4001 2213 4054 videtur
2259 4001 2501 4072 apprime
2550 3999 2824 4062 calluisse,
2874 4006 3156 4067 propterea
3204 3993 3344 4065 quod

176 4094 247 4145 que
271 4084 508 4150 persuasit
551 4098 659 4137 nec
688 4083 965 4137 hominum
1014 4098 1191 4137 mores
1228 4084 1379 4138 brevi
1416 4094 1673 4153 tempore,

1783 4091 1922 4147 hanc
1949 4090 2021 4145 illi
2070 4102 2237 4146 artem
2280 4091 2525 4162 perpetui
2576 4090 2746 4145 morbi
2777 4100 2831 4144 et
2863 4088 3224 4143 necessariam
3271 4084 3347 4140 fe—

176 4186 243 4225 nec
272 4174 545 4229 doctrinam
585 4185 643 4229 ει
677 4175 1033 4230 eruditionem
1080 4176 1271 4230 leviter
1318 4175 1675 4246 degustando,
1783 4193 2000 4248 ceram”
2034 4196 2089 4238 ει
2127 4184 2191 4239 ad
2227 4184 2437 4239 facilius
2470 4182 2867 4255 percipiendam
2906 4181 3241 4252 profuerant,

260 4265 328 4367 di“
350 4268 708 4367 PM“!qu
752 4269 1028 4337 Pm'mndo
1066 4279 1118 4323 εί
1154 4268 1507 4340 Ρθΐῖοιίῑθιιάο
1539 4268 1680 4337 diiu-
1855 4275 2146 4331 llimeriunt
2183 4287 2235 4330 et
2257 4274 2654 4330 Proltazresium
2685 4274 2909 4328 Athenis
2937 4273 3221 4327 audierunt
3244 4270 3348 4324 Ba-

176 4358 318 4414 δίεπί-
348 4361 430 4416 δίο
467 4363 617 4417 inter
644 4376 737 4416 805
772 4361 941 4431 magis
979 4377 1042 4415 ac
1076 4362 1244 4430 magis
1279 4362 1683 4416 deVinciebalur
1783 4369 1934 4422 silius
1964 4380 2013 4422 et
2050 4366 2342 4436 Gregorius
2382 4366 2479 4438 (a),
2532 4364 2803 4433 sophistas
2858 4362 3018 4433 longe
3055 4360 3348 4415 celeberri-

177 4452 351 4506 amieitia
375 4453 563 4511 dandis
593 4463 646 4508 et
676 4452 1004 4522 accipiendis
1044 4453 1429 4509 benevolentia:
1460 4454 1671 4524 signifi-
1709 4504 1754 4524 ἢ
1783 4472 1920 4511 nos.
1963 4454 2038 4508 Ex
2083 4454 2267 4508 Basilii
2292 4453 2489 4508 litteris
2523 4453 2896 4523 cognoscimus
2926 4465 3047 4504 eum
3082 4467 3110 4503 a
3143 4451 3345 4505 teneris

382 4504 559 4511 πη---
600 4504 644 4508 _-
1460 4504 1637 4524 γοα---
1785 4504 1919 4511 ,,,,,
1963 4504 2038 4508 __-
2084 4504 2267 4508 την--
3178 4504 3181 4505 ν

176 4539 426 4597 cationibus.
1706 4504 1756 4566 Ι)
1789 4547 2022 4602 amicitia
2057 4546 2396 4615 Cottjttuctttm
2426 4544 2590 4599 fuisse
2620 4559 2738 4598 cum
2764 4542 3030 4614 llesychio
3057 4554 3110 4597 et
3139 4542 3341 4597 Tereu-

193 4626 465 4727 .Postquam
516 4643 703 4727 autem
754 4634 853 4689 sibi
909 4634 1138 4688 invicem
1186 4650 1446 4705 aperuere
1498 4637 1675 4691 consi-
1789 4645 1861 4695 tio
1895 4644 1988 4713 (bi,
2027 4656 2145 4694 cum
2192 4638 2495 4708 Sophronia
2548 4638 2842 4693 ofliciorum
2904 4638 3161 4708 magistro
3193 4636 3262 4707 (c)
3299 4646 3352 4690 et

176 4718 269 4773 lium
302 4725 673 4793 amplectenda:
721 4727 1103 4796 philosophiae,
1160 4737 1270 4781 tum
1320 4742 1447 4781 vero
1488 4737 1679 4782 contu.
1789 4733 2015 4787 Eusebio
2033 4732 2258 4799 quodam
2282 4730 2532 4800 episcopo
2566 4729 2663 4801 (ιι).
2706 4728 2964 4785 Caesareae
2989 4730 3230 4785 eamdem
3261 4730 3357 4783 do-

174 4810 363 4870 bernales
385 4827 435 4871 et
466 4819 805 4872 convictores
837 4817 1006 4883 fuere,
1046 4834 1110 4872 ac
1143 4828 1289 4873 tanta
1333 4820 1433 4874 fuit
1476 4820 1681 4875 animo-
1792 4839 1936 4878 nium
1970 4823 2154 4877 habuit
2183 4837 2246 4876 ac
2273 4822 2359 4876 ille
2394 4821 2714 4892 Hesychius.
2743 4821 2875 4875 Cum
2907 4822 3137 4876 Eusebio
3168 4822 3348 4876 omnia

178 4917 261 4956 rum
288 4918 332 4960 et
370 4910 417 4962 in
448 4908 645 4964 litteris
684 4920 739 4962 et
790 4910 842 4964 in
880 4910 1166 4965 virtutibus
1202 4911 1507 4967 excolendis
1546 4927 1681 4967 con-
1790 4916 1838 4969 ei
1860 4913 2163 4968 communia
2192 4912 2426 4968 fuerunt.
2470 4911 2576 4967 Sed
2600 4928 2703 4981 qua
2741 4912 2791 4965 in
2839 4913 2970 4967 urbe
3005 4913 3160 4967 simul
3207 4913 3353 4966 vixe-

178 4997 330 5061 scnsio,
353 5011 403 5053 ut
432 5018 533 5056 una
572 5003 788 5071 utrique
814 5004 992 5056 anima
1039 5004 1217 5059 inesse
1250 5004 1541 5073 videretur,
1571 5006 1675 5058 duo
1793 5007 1921 5070 rint,
1945 5020 2166 5073 prorsus
2202 5006 2491 5059 nescimus.
2512 5003 2667 5059 Celso
2698 5003 2907 5058 Libanii
2942 5003 3203 5072 discipulo
3227 5018 3346 5072 per-

182 5098 351 5184 turpora
391 5089 586 5184 ferens.
631 5090 735 5145 Par
776 5100 892 5145 erat
924 5093 1156 5147 studium
1190 5093 1547 5163 adipiscenda}
1587 5096 1682 5149 do—
1791 5099 1961 5153 suasit
1992 5098 2223 5151 Basilius
2256 5105 2312 5150 ut
2335 5112 2516 5152 secum
2554 5096 2794 5149 Athenas
2842 5096 3050 5150 veniret
3080 5094 3174 5165 (ε),
3204 5094 3245 5149 si
3279 5102 3356 5147 ta-

181 5181 337 5240 ﬂrittze,
375 5181 462 5235 sed
523 5183 712 5237 aberat
774 5183 995 5237 invidia.
1048 5184 1340 5239 Certabant
1398 5201 1499 5239 non
1564 5196 1685 5238 nter
1794 5204 1912 5243 men
1962 5188 2169 5243 Libanii
2218 5190 2282 5242 ad
2329 5188 2584 5242 Basiliutn
2636 5186 2829 5242 litteris
2860 5186 3163 5241 adhibenda
3192 5185 3352 5251 fides.

183 5277 333 5328 primas
367 5274 595 5339 haberet,
624 5276 718 5330 sed
751 5284 872 5330 uter
904 5277 1059 5331 alteri
1086 5280 1424 5333 concederet.
1452 5278 1687 5346 Uterque
1795 5278 2062 5336 lulianum
2095 5278 2533 5348 Permquatoreut
2575 5276 2862 5347 Gregorius
2891 5276 3259 5330 Naiianzenus
3288 5275 3361 5347 (Ι)

186 5351 318 5415 laudes
345 5364 554 5422 alterius
593 5383 721 5423 suas
765 5368 1013 5423 ducebat.
1064 5368 1237 5423 Unum
1291 5371 1502 5439 utrique
1551 5385 1686 5440 opus
1800 5374 2000 5429 socium
2043 5371 2233 5426 habuit
2261 5370 2558 5426 studiorum
2591 5390 2601 5426 :
2641 5368 2781 5439 quod
2810 5368 2945 5423 forte
2970 5369 3015 5422 ei
3046 5384 3166 5421 cum
3205 5365 3355 5421 Basi-

323 5627 513 5713 §ocr3_t.
544 5636 578 5690 l.
612 5654 683 5706 tv,
718 5654 767 5695 ς.
802 5640 910 5705 26;
943 5642 1154 5696 Sozam.
1195 5642 1230 5696 l.
1265 5658 1335 5707 vr,
1363 5660 1409 5697 ς.
1452 5644 1533 5697 i7.

645 5655 683 5706 ι’,
718 5654 767 5695 c.
802 5640 910 5705 26;
943 5642 1154 5696 Sozam.
1195 5642 1230 5696 l.
1265 5658 1335 5707 vr,
1363 5660 1409 5697 ς.
1452 5644 1533 5697 i7.
1864 5642 1940 5709 (Α)
1971 5640 2067 5713 Ep.
2098 5642 2221 5713 27!.

240 5695 527 5786 usus.
672 5695 682 5706 '
1148 5695 1152 5696 ί

672 5695 682 5706 ’
1148 5695 1152 5696 ί
1868 5695 2220 5786 iuuisse

238 5765 291 5823 (ε)
315 5767 396 5837 Ep.
429 5773 547 5832 272.

1860 5765 1933 5849 (fi
1973 5765 2119 5835 o'rai.
2150 5784 2200 5837 9.
