3992 6392
597 322 674 367 im
1974 324 2504 383 PBOLEGOMENA.

603 426 676 483 lio
730 445 1013 488 commune
1053 434 1170 491 fuit.
1224 436 1291 490 At
1345 450 1448 494 non
1497 439 1716 495 dubium
1760 444 1888 513 quin
1947 449 2160 516 utrique
2191 453 2237 507 Α
2266 464 2462 503 annum
2491 450 2594 504 542
2647 461 2739 505 aut
2773 452 2878 507 5J3
2923 455 3221 509 referenda.
3259 456 3630 528 Quot‘autem
3657 480 3827 524 annos

607 521 833 578 Athenis
872 528 1117 595 cognitus
1168 526 1329 583 fuerit
1381 529 1627 589 Julianus
1676 536 2001 604 imperator:
2049 555 2168 608 per-

602 612 784 679 spicua
815 629 899 667 res
936 626 1020 671 est
1052 633 1116 672 ex
1154 617 1400 689 Gregorii
1441 624 1763 680 testimoniis
1816 626 1914 697 (a),
1943 644 2039 681 nec
2077 646 2167 683 ne-

600 719 751 759 cosse
779 715 861 759 est
881 708 1311 765 utconiirmetur
1334 711 1518 769 Basilii
1545 716 1609 769 ad
1646 715 1916 771 Julianuni
1950 729 2041 773 aut
2075 718 2168 775 Ju-

602 798 725 851 liani
766 799 832 851 ad
872 798 1121 855 Basiliam
1154 804 1394 873 epistola:
1421 809 1764 864 auctoritate.
1807 810 2040 866 Charum
2067 814 2167 867 sibi

601 889 668 941 ab
691 888 1049 947 adolescentia
1076 894 1240 950 fuisse
1261 896 1517 953 Basiliam
1541 901 1781 955 declarat
1804 900 2052 958 Julianus
2072 904 2166 975 (ὁ).

603 977 705 1031 Sed
743 980 935 1036 mirum
964 998 1059 1038 cur
1092 985 1317 1041 Basilius
1361 1004 1544 1045 sacras
1573 1007 1632 1046 se
1693 1007 1812 1047 cum
1841 994 2051 1049 Juliano
2081 996 2171 1050 lit-

603 1077 749 1126 teras
798 1072 1052 1131 didicisse
1092 1086 1324 1132 testetur
1370 1080 1462 1151 (c).
1505 1080 1696 1137 Utrum
1742 1085 1793 1138 id
1835 1087 2058 1142 Athenis
2093 1088 2170 1140 l'a-

600 1169 745 1215 ctum
781 1162 1069 1221 dicemus?
1094 1178 1150 1223 at
1182 1180 1305 1225 tunc
1347 1173 1587 1241 profanis
1611 1178 1801 1233 studiis
1830 1195 2046 1248 operam
2075 1182 2171 1235 da-

602 1250 751 1307 bant.
793 1253 985 1311 Utrum
1020 1259 1073 1313 in
1110 1260 1485 1330 Cappadocia?
1540 1275 1747 1336 tempus
1788 1269 2001 1338 quidem
2037 1287 2170 1341 qua-

603 1344 743 1400 drat.
776 1344 913 1400 Nam
952 1348 1096 1405 circa
1126 1366 1326 1406 annum
1353 1353 1481 1420 545,
1527 1372 1634 1426 quo
1667 1367 1905 1429 tempore
1942 1361 2169 1418 Basilius

603 1436 816 1492 videtur
838 1439 1002 1496 fuisse
1027 1441 1306 1512 Caesareae,
1349 1445 1594 1503 Julianus
1620 1452 1670 1505 in
1704 1454 1979 1509 castellum
2004 1470 2170 1527 prope

609 1526 914 1583 C(Bsaream
948 1533 1213 1590 deductus
1236 1536 1356 1602 fuit,
1387 1538 1472 1591 ubi
1503 1554 1622 1594 cum
1658 1541 1810 1595 Gallo
1853 1542 2019 1599 fratre
2075 1526 2169 1600 sex

604 1631 775 1672 annos
810 1621 1049 1678 traduxit
1088 1625 1201 1693 (ιι).
1242 1625 1349 1680 Sed
1402 1643 1523 1682 cum
1560 1629 1629 1683 ibi
1673 1631 1907 1688 inclusus
1938 1634 2005 1687 ab
2024 1635 2168 1689 omni

603 1709 887 1777 aequalium
906 1717 1294 1771 consuetudine
1331 1731 1717 1786 removeretur,
1743 1723 1895 1792 copia
1926 1740 2030 1779 non
2054 1736 2170 1779 erat

606 1807 801 1855 uteum
826 1801 1054 1860 Basilius
1074 1808 1295 1864 videret.
1326 1810 1522 1865 Verum
1564 1815 1646 1868 his
1677 1814 1855 1870 Basilii
1894 1817 1959 1870 ad
1998 1816 2167 1871 Julia-
2198 1796 2242 1858 Β

606 1908 732 1945 num
763 1904 815 1948 et
841 1891 1037 1951 Juliani
1069 1899 1133 1951 ad
1152 1882 1413 1955 'Basiliuin
1449 1903 1643 1957 litteris
1679 1921 1785 1959 non
1823 1906 2046 1963 multum
2074 1908 2169 1963 tri-

603 1984 688 2039 liui
720 1986 896 2046 debet.

688 2075 739 2131 ν’.
772 2076 996 2134 Videtur
1028 2081 1255 2139 Athenis
1299 2086 1500 2156 scripta
1554 2088 1735 2145 Basilii
1779 2092 1845 2145 ad
1890 2091 2158 2160 Apollina-

605 2171 745 2223 rium
782 2171 1029 2240 epistola,
1062 2188 1184 2244 quae
1210 2176 1310 2231 etsi
1347 2194 1375 2230 a
1406 2179 1542 2235 laico
1571 2182 1639 2236 ad
1670 2181 1865 2237 laicnm
1896 2185 2169 2239 scribeba-

606 2273 712 2326 tur,
750 2278 849 2318 nec
877 2266 1166 2335 quidquam
1202 2269 1435 2325 habebat
1478 2272 1581 2326 nisi
1615 2274 1845 2328 amicam
1886 2275 2167 2331 salutatio-

602 2367 745 2418 nem,
770 2355 967 2427 elapsis
994 2368 1167 2415 tamen
1201 2363 1356 2417 annis
1396 2362 1579 2433 viginti
1618 2367 1683 2419 ab
1708 2365 1988 2421 Eustathio
2018 2368 2169 2422 adul-

602 2456 795 2512 terata,
836 2459 890 2504 et
928 2452 993 2504 ad
1028 2451 1280 2507 invidiam
1310 2453 1508 2510 Basilio
1534 2458 1822 2511 creandam
1855 2476 2049 2529 magno
2079 2476 2168 2515 so-

600 2538 714 2593 nitu
748 2540 949 2610 jactata
977 2552 1057 2597 est
1096 2543 1191 2615 (ε).
1232 2544 1464 2601 Basilius
1501 2548 1553 2601 in
1594 2548 1819 2618 cpistola
1855 2550 1990 2617 225,
2026 2568 2082 2606 n.
2110 2552 2164 2617 4,

597 2644 717 2698 qua:
755 2629 951 2699 scripta
976 2642 1059 2687 est
1087 2650 1227 2690 anno
1257 2634 1362 2689 575
1391 2648 1644 2705 exeunte,
1689 2643 1974 2710 scripsisse
2003 2660 2060 2698 se
2083 2646 2166 2698 di-

596 2721 671 2774 cit
695 2722 1028 2790 Apollinario
1059 2737 1185 2781 ante
1214 2743 1387 2783 annos
1410 2731 1595 2800 viginti
1619 2741 1672 2786 et
1694 2733 1939 2802 amplius.
1966 2733 2164 2790 Ibidem

600 2814 792 2869 iterum
822 2829 1141 2873 occurrente
1178 2820 1341 2888 hujus
1372 2822 1449 2876 rei
1500 2827 1772 2879 mentione
1815 2828 2006 2896 viginti
2048 2840 2165 2882 ian-

514 2900 519 2905 ’
601 2913 713 2960 tum
748 2908 872 2961 anni
905 2920 1273 2965 numerantur.
1304 2911 1359 2967 In
1389 2914 1610 2982 epistola
1649 2924 1830 2971 autem
1858 2918 1984 2983 226,
2015 2936 2162 2974 ηυιη.

601 2998 655 3058 4,
689 3008 814 3054 ante
860 3015 1029 3056 annos
1068 3003 1252 3071 viginti
1308 3005 1408 3060 hoc
1449 3021 1477 3060 a
1528 3022 1586 3062 se
1630 3008 1825 3063 factum
1856 3012 2160 3068 conﬁtetur.

601 3092 670 3141 At
698 3089 751 3143 in
781 3090 1004 3160 epistola
1033 3092 1157 3159 224,
1190 3112 1242 3148 n.
1276 3095 1333 3161 2,
1357 3097 1581 3168 legimus
1617 3110 1739 3154 ante
1773 3118 1937 3156 annos
1981 3104 2164 3172 viginti

602 3182 845 3251 quinque,
886 3182 992 3256 πρὸ
1014 3184 1091 3237 κε’
1117 3184 1274 3250 ἐτῶν,
1308 3189 1399 3245 sed
1436 3189 1716 3259 legendum
1744 3203 1871 3260 puto
1899 3194 2020 3246 utin
2046 3194 2163 3248 aliis

601 3273 734 3329 locis
763 3287 885 3329 ante
919 3294 1082 3332 annos
1119 3280 1322 3349 viginti.
1353 3280 1598 3337 Proclive
1628 3284 1772 3338 enim
1801 3284 1898 3338 fuit
1930 3286 2164 3341 librariis

600 3365 832 3421 litteram
870 3385 919 3433 ε,
948 3385 1067 3439 quae
1105 3383 1414 3440 sequentem
1466 3389 1651 3429 vocem
1688 3375 1999 3445 incipiebat,
2040 3392 2161 3431 cum

600 3459 693 3513 illo
722 3476 756 3512 κ
781 3460 1126 3532 conjungere,
1166 3464 1349 3533 sicque
1386 3481 1667 3520 numerum
1708 3468 1895 3537 viginti
1927 3469 2161 3536 quinque

598 3565 865 3606 annorum
906 3552 1179 3623 eilingere.
1229 3557 1287 3609 Si
1326 3571 1453 3624 ergo
1503 3573 1644 3612 anno
1666 3558 1771 3614 575
1798 3570 2026 3613 exeunte
2052 3559 2159 3628 jam

595 3643 771 3696 exacti
802 3654 956 3698 erant
981 3646 1107 3698 anni
1150 3646 1359 3717 viginti,
1396 3663 1461 3703 ex
1484 3664 1589 3718 quo
1622 3648 1850 3704 Basilius
1873 3652 2163 3720 scripserat

595 3734 951 3802 Apollinario,
983 3738 1123 3794 hanc
1149 3740 1431 3811 epistolam
1466 3742 1701 3795 scribere
1731 3757 1832 3795 non
1865 3744 2033 3807 potuit
2060 3744 2158 3799 nisi

594 3827 842 3891 Athenis,
868 3845 1010 3885 anno
1039 3833 1244 3885 scilicet
1275 3831 1380 3885 554
1403 3843 1649 3897 exeunte,
1680 3843 1768 3887 aut
1791 3834 2004 3889 ineunte
2032 3836 2155 3891 555.

666 3919 807 3986 Quot
844 3937 1014 3978 annos
1064 3924 1323 3978 Caesareae
1360 3923 1588 3980 Basilius
1643 3926 1977 3991 traduxerit,
2029 3941 2160 3997 quot

596 4011 1098 4080 Constantinopoli,
1149 4031 1253 4083 quo
1289 4015 1527 4071 Athenas
1567 4031 1707 4073 anno
1746 4019 1978 4086 petierit,
2024 4020 2159 4075 ditii-

598 4104 700 4159 cile
728 4116 812 4160 est
836 4105 1123 4173 conjicere.
1159 4106 1382 4161 Videtur
1406 4106 1708 4164 Caesaream
1744 4112 1941 4167 missus
1964 4152 1979 4178 ,
2033 4127 2155 4167 cum

589 4196 702 4263 jam
738 4197 999 4264 optimum
1036 4200 1351 4269 magistrum
1384 4201 1655 4256 amisisset
1697 4212 1903 4270 patrem
1934 4222 1946 4256 :
1985 4220 2157 4275 neque

593 4290 736 4343 enim
773 4304 837 4345 eo
871 4289 992 4344 vivo
1020 4306 1083 4344 ac
1111 4307 1321 4345 summa
1351 4293 1667 4348 celebritate
1704 4293 2025 4349 rhetoricam
2060 4299 2156 4352 do-

592 4391 768 4449 cente,
823 4382 890 4436 ad
934 4381 1067 4436 alias
1123 4383 1361 4449 scholas,
1394 4385 1580 4439 saltem
1633 4396 1738 4439 tam
1781 4386 1912 4453 cito,
1960 4393 2155 4444 missus

2272 543 2435 597 fuerit
2466 543 2755 609 Cmsareae,
2789 547 2841 600 id
2867 589 2882 610 ,
2912 557 2970 603 ut
2995 548 3105 617 jam
3130 549 3262 611 dixi,
3294 550 3444 605 nullo
3466 562 3643 607 exstat
3672 563 3831 615 vesti~

2269 636 2375 706 gio.
2425 635 2569 691 idem
2600 637 2704 691 dici
2760 648 2937 707 potest
2968 640 3031 694 de
3055 640 3245 695 studiis
3283 640 3831 716 Constantinopolita-

2270 728 2371 781 nis.
2417 727 2567 794 Quod
2618 739 2799 783 autem
2839 740 3053 801 spectat
3092 732 3158 786 ad
3187 732 3451 802 Athenas,
3484 750 3548 790 eo
3574 736 3829 799 Basiliam

2270 819 2478 874 venisse
2511 828 2664 887 putat
2705 820 3084 877 Tillemontius
3111 838 3254 877 anno
3286 823 3419 889 551,
3458 828 3584 896 quia
3623 830 3831 903 Grego.

2270 909 2382 965 rius
2416 910 2509 979 qui
2544 911 2706 980 paulo
2730 922 2856 967 ante
2886 911 3143 967 Basiliam
3184 913 3237 967 in
3278 914 3421 970 hanc
3448 918 3633 972 urbem
3663 923 3829 977 adve-

2270 1002 2368 1065 nit,
2393 1002 2688 1057 imberbem
2722 1019 2779 1059 se
2804 1005 3016 1059 venisse
3048 1005 3372 1079 declarata)
3389 1023 3449 1063 ac
3477 1010 3706 1077 proinde
3737 1030 3837 1068 an-

2269 1109 2367 1148 nos
2400 1105 2588 1149 natum
2619 1096 2837 1151 circiter
2858 1097 2946 1151 22.
2969 1097 3183 1153 Certior
3203 1099 3405 1155 reditus
3434 1116 3498 1155 ex
3534 1102 3637 1155 hac
3668 1107 3833 1162 urbe:

2269 1198 2373 1238 non
2413 1185 2558 1239 enim
2591 1186 2750 1241 citius
2783 1188 3007 1257 contigit
3051 1204 3204 1243 anno
3232 1190 3336 1245 555
3370 1202 3601 1245 exeunte
3629 1204 3721 1248 aut
3752 1198 3837 1250 in-

2268 1289 2432 1331 eunte
2484 1277 2613 1347 556,
2647 1279 2911 1346 siquidem
2966 1280 3040 1333 ibi
3084 1280 3216 1334 vidit
3259 1281 3487 1336 Basilius
3523 1281 3835 1353 Juliannni,

2288 1370 2376 1438 qni
2411 1370 2463 1423 in
2494 1370 2634 1425 hanc
2669 1371 2854 1425 urbem
2879 1371 3022 1425 venit
3052 1372 3165 1440 jam
3198 1374 3373 1428 media
3404 1383 3554 1443 parte
3584 1378 3710 1430 anni
3734 1378 3839 1434 555

2276 1461 2483 1530 elapsa.
2520 1462 2704 1532 Neque
2730 1463 2890 1518 etiam
2924 1465 3263 1536 serius,quia
3290 1465 3524 1536 spatium
3559 1466 3703 1523 inter
3722 1478 3839 1524 stu-

2268 1551 2353 1605 dia
2379 1552 2679 1607 litterarum
2734 1564 2787 1609 et
2829 1557 3191 1611 sacerdotium
3225 1556 3387 1611 nimis
3428 1559 3680 1614 contrahi
3731 1577 3836 1618 non

2271 1644 2475 1712 patitur
2502 1660 2683 1700 rerum
2712 1644 2891 1702 Basilii
2916 1658 3189 1717 gestarum
3220 1648 3528 1707 multitudo.

2875 1761 3100 1817 CAPUT
3134 1761 3221 1817 ill.

2269 1868 2310 1923 ι.
2347 1870 2577 1941 Sanctus
2606 1871 2837 1927 Basilius
2876 1874 2929 1927 in
2967 1876 3192 1941 patriam
3228 1876 3359 1931 redit
3389 1888 3434 1931 et
3458 1895 3629 1933 scena:
3656 1881 3837 1935 mundi

2342 1940 2547 2017 aliquid
2591 1942 2795 2017 tribuit.
2823 1942 2885 1996 Π.
2924 1940 3202 2017 Probabile
3233 1958 3304 1999 est
3328 1964 3441 2000 eum
3465 1961 3577 2017 post
3617 1952 3837 2003 reditum

2345 2011 2685 2090 baptizatum
2717 2014 2900 2090 fuisse.
2945 2013 3031 2067 Ill.
3089 2013 3432 2090 Naucratius
3462 2011 3610 2073 illius
3666 2025 3833 2090 frater

2345 2085 2600 2156 moritur1
2621 2081 2706 2137 ιγ.
2743 2082 2916 2156 Vitam
2947 2086 3287 2156 monasticam
3311 2086 3545 2141 Basilius
3567 2081 3837 2156 amplecti-

2345 2162 2452 2213 tur,
2482 2164 2527 2205 et
2563 2153 2787 2207 Orientis
2829 2171 2891 2207 ac
2918 2152 3139 2221 {Egypti
3182 2160 3495 2210 monasteria
3530 2152 3730 2213 invisit.
3764 2161 3830 2215 ν.

2345 2222 2682 2276 Alexandria:
2716 2224 2895 2276 morbo
2926 2224 3164 2277 detentus
3193 2226 3370 2279 scribit
3406 2225 3708 2282 Eustathio.
3747 2228 3829 2283 Vl.

2347 2290 2553 2371 Secedit
2587 2294 2640 2345 in
2675 2290 2931 2346 Pontum.
2973 2292 3169 2348 {rustra
3200 2295 3347 2348 illum
3382 2299 3675 2353 retrahente
3708 2299 3834 2353 Gre-

2335 2377 2502 2429 goria.

2336 2474 2376 2527 l.
2398 2472 2627 2528 Basilius
2643 2474 2807 2544 igitur
2824 2485 2876 2529 et
2892 2475 3181 2544 Gregorius
3205 2475 3400 2548 (g),ubi
3421 2477 3683 2532 doctrinae
3700 2494 3835 2532 mer-

2273 2567 2425 2621 cibus
2457 2582 2645 2621 navem
2680 2584 2829 2621 suam
2864 2580 3114 2623 onustam
3144 2569 3410 2635 viderunt,
3444 2569 3621 2624 redire
3657 2570 3709 2622 in
3742 2586 3833 2639 pa-

2278 2660 2441 2714 triam
2473 2670 2800 2726 statuerunt,
2837 2672 2893 2713 ut
2935 2660 3066 2715 inita
3118 2661 3409 2715 sanctioris
3444 2661 3674 2715 instituti
3706 2677 3833 2715 con-

2270 2750 2387 2805 silia
2436 2751 2776 2820 perﬁcerent.
2824 2753 3022 2806 Aderat
3074 2752 3343 2807 discessus
3380 2752 3529 2807 dies:
3578 2752 3671 2806 sed
3706 2758 3830 2821 quia

2272 2841 2428 2910 longe
2455 2840 2893 2896 molestissimum
2931 2857 3049 2897 esse
3074 2842 3283 2897 solebat
3315 2841 3557 2897 Athenas
3587 2851 3641 2896 et
3670 2841 3827 2895 soda-

2269 2932 2344 2987 les
2387 2933 2721 3001 relinquere;
2771 2943 2877 2987 tum
2921 2949 3041 2988 cum
3078 2934 3460 2999 valedicerent,
3519 2934 3829 2989 circumstat

2271 3039 2364 3079 eos
2411 3024 2673 3078 sodalium
2709 3035 2763 3079 et.
2790 3023 3115 3093 aequalium,
3153 3040 3215 3080 ac
3260 3027 3638 3097 magistrorum
3669 3025 3824 3077 etiam

2273 3113 2647 3166 nonnullorum
2682 3114 2900 3177 chorus,
2926 3126 2989 3167 ac
3026 3114 3275 3180 precibus
3320 3124 3374 3169 et
3401 3113 3656 3183 querelis,
3696 3113 3819 3167 hor-

2273 3204 2451 3265 tando,
2485 3214 2536 3256 et
2563 3204 2665 3255 vini
2686 3203 2933 3257 faciendo
2963 3202 3177 3257 illorum
3210 3204 3441 3258 reditum
3472 3203 3826 3259 intercludere

2272 3304 2556 3346 conantur.
2591 3296 2665 3346 Ac
2700 3292 2927 3346 Basilius
2970 3293 3184 3361 quidem
3219 3292 3334 3347 haec
3366 3292 3601 3347 claustra
3640 3306 3826 3360 perru-

2274 3386 2369 3455 pit,
2425 3395 2479 3439 et
2524 3385 2755 3440 abeundi
2795 3385 3003 3438 veniam
3053 3386 3394 3453 impetravit,
3443 3386 3691 3455 quamvis
3724 3400 3822 3439 non

2271 3479 2385 3531 sine
2431 3478 2662 3531 maxima
2711 3478 3075 3532 άὶιιιὶειιιίοιιθ.
3114 3478 3183 3530 At
3218 3476 3509 3547 Gregorius
3544 3476 3714 3530 victus
3745 3484 3824 3528 est

2270 3569 2461 3636 partim
2481 3568 2776 3622 amicorum
2804 3569 3053 3637 precibus
3074 3578 3129 3623 et
3146 3568 3417 3639 lacrymis,
3438 3568 3631 3636 partim
3667 3568 3822 3621 etiam

2272 3660 2417 3714 illum
2452 3659 2709 3729 prodente
2739 3658 2935 3713 Basilio
2964 3659 3067 3727 (sic
3094 3659 3233 3711 enim
3263 3660 3373 3726 ipse
3393 3657 3646 3711 Basiliuin
3677 3657 3825 3709 incu-

2269 3753 2373 3823 sat)
2404 3761 2456 3807 et
2491 3767 2710 3821 operam
2744 3751 3145 3805 retrahentibus
3186 3761 3437 3803 navante.
3471 3750 3673 3803 Invitus
3694 3762 3818 3818 ergo

2266 3844 2492 3899 Athenis
2526 3845 2784 3898 remansit
2815 3842 3126 3913 Gregorius,
3159 3843 3248 3896 sed
3274 3857 3394 3897 cum
3416 3844 3500 3895 diu
3537 3843 3603 3896 ab
3635 3842 3821 3895 anima:

2267 3950 2376 3990 sua:
2400 3932 2620 3989 dimidio
2657 3932 2833 3987 divelli
2867 3946 2969 3986 non
2999 3940 3202 4000 posset,
3251 3946 3312 3985 ac
3337 3940 3618 4000 parentum
3645 3936 3697 3982 et
3725 3942 3818 3997 pas

2270 4027 2383 4081 tria:
2417 4024 2686 4081 desiderio
2722 4024 2859 4079 ictus
2902 4032 3066 4089 esset,
3098 4038 3201 4077 non
3250 4023 3417 4077 multo
3448 4032 3569 4092 post
3596 4018 3820 4075 Athenis

2264 4118 2402 4174 clam
2436 4132 2493 4172 se
2530 4116 2783 4171 subduxit
2818 4124 2870 4169 et
2897 4112 2951 4168 in
2974 4115 3204 4184 patriam
3236 4114 3514 4169 remeavit.

2337 4210 2515 4263 Rediit
2563 4223 2770 4262 summa
2805 4207 3083 4263 celeritate
3116 4208 3345 4263 Basilius
3391 4208 3509 4277 (Ii):
3549 4205 3815 4261 Constan-

2267 4302 2567 4373 tin0polim,
2601 4300 2747 4354 velut
2797 4300 3017 4372 Ulysses
3059 4300 3309 4356 Sirenum
3355 4310 3567 4363 cantus,
3596 4308 3818 4369 praeter-

2269 4396 2369 4450 iit:
2409 4392 2825 4447 admirationem
2867 4393 3009 4449 illius
3032 4393 3323 4448 commovit
3365 4392 3489 4446 Asia
3515 4432 3529 4456 ,
3558 4393 3652 4446 sed
3700 4380 3815 4445 ma-

593 4472 801 4528 fuisset.
839 4471 893 4527 ld
924 4484 1101 4527 autem
1130 4476 1401 4542 probabile
1442 4486 1523 4531 est
1559 4478 1851 4545 contigisse
1880 4479 2021 4551 circa
2060 4496 2155 4535 an-
2184 4508 2234 4566 ι)
2262 4488 2380 4557 gnis
2413 4485 2696 4540 itineribus
2716 4484 3018 4541 Caesaream
3045 4485 3455 4539 contendentem
3489 4483 3684 4537 morari
3714 4496 3816 4536 non

591 4578 718 4617 num
741 4564 846 4618 542
876 4576 968 4619 aut
1001 4565 1124 4620 545.
1150 4566 1282 4621 Nam
1308 4567 1547 4635 Petrum,
1569 4570 1655 4639 qui
1679 4570 1833 4638 paulo
1861 4583 1984 4625 ante
2013 4588 2158 4626 mor-

596 4668 700 4710 tem
738 4659 910 4725 patris
954 4658 1005 4711 in
1039 4659 1211 4714 lucem
1251 4660 1425 4714 editus
1462 4670 1563 4725 est,
1603 4663 1977 4731 presbyterum
2014 4664 2159 4717 ordi-

593 4747 741 4801 navit
775 4746 1006 4802 Basilius
1030 4748 1083 4803 in
1112 4750 1422 4819 primordiis
1446 4751 1807 4820 episcopatus,
1836 4760 1893 4805 ut
1914 4751 2054 4806 infra
2078 4754 2153 4807 vi-

590 4836 854 4889 debimus.
900 4836 1032 4890 Cum
1058 4847 1235 4892 autem
1276 4840 1425 4907 leges
1473 4839 1889 4903 ecclesiasticae,
1922 4855 2152 4908 quarum

584 4937 707 4980 erat
730 4930 1171 4986 servantissimus
1192 4930 1438 4995 Basilius,
1461 4946 1631 4999 annos
1666 4932 1883 5002 triginta
1914 4935 1980 4987 ad
2035 4948 2155 5003 pre—

595 5020 795 5087 sbyteri
819 5022 1039 5086 gradum
1066 5022 1423 5092 requirerent,
1446 5023 1587 5077 hanc
1602 5033 1814 5079 aetatem
1842 5025 2040 5079 habere
2063 5027 2155 5081 de-

588 5112 705 5166 buit
732 5111 925 5167 Petrus
955 5114 1007 5168 in
1036 5116 1344 5184 primordiis
1388 5118 1729 5185 episcopatus
1756 5117 1813 5173 S.
1857 5118 2063 5183 Basilii,
2099 5119 2150 5174 id

588 5213 669 5257 est
703 5206 845 5259 circa
879 5223 1076 5261 annum
1117 5208 1221 5262 572
1279 5218 1372 5261 aut
1420 5209 1525 5261 575
1557 5247 1572 5273 ,
1612 5222 1676 5261 ac
1712 5207 1939 5277 proinde
1998 5219 2151 5266 ortus

590 5298 753 5362 l’etri,
792 5315 937 5354 mors
976 5302 1143 5369 patris
1169 5341 1183 5369 ,
1221 5301 1399 5357 Basilii
1456 5301 1756 5357 Caesaream
1786 5301 2051 5375 profectio
2081 5304 2147 5358 ad

653 5480 728 5548 (a)
756 5479 901 5534 Orat.
931 5481 982 5536 4.

655 5554 729 5617 (b)
766 5551 861 5617 Ep.
889 5552 974 5605 40.

654 5622 721 5683 lc)
765 5622 857 5686 Ep.
890 5622 976 5675 41.

652 5690 730 5753 td)
755 5690 944 5761 Julian,
982 5708 1056 5759 ep.
1089 5694 1155 5744 ad
1184 5692 1375 5744 Athan.

653 5760 723 5823 (ε)
763 5762 835 5816 Et)
890 5760 1009 5827 99.1;
1050 5781 1097 5817 ti.
1142 5762 1285 5830 2,91)
1338 5763 1460 5829 226,
1500 5780 1548 5817 n.
1582 5762 1639 5816 4.

2258 4578 2450 4649 potuit.
2518 4576 2926 4633 Perhonorilice
2970 4594 2997 4629 a
3045 4575 3465 4629 Ciesariensibns
3516 4586 3812 4643 exceptus,

2255 4685 2430 4725 scenae
2456 4669 2640 4725 mundi
2674 4668 2877 4739 aliquid
2904 4668 3087 4722 tribuit
3118 4666 3342 4731 invitus,
3378 4667 3491 4720 sive
3518 4665 3656 4735 quod
3696 4666 3814 4719 rhe-

2258 4763 2481 4817 toricam
2524 4761 2770 4816 docuerit
2796 4761 3073 4822 Caesarem,
3111 4760 3251 4827 quod
3292 4774 3485 4812 munus
3513 4758 3656 4811 illum
3703 4771 3813 4810 ina-

2254 4853 2453 4923 gnilice
2482 4852 2811 4916 exercuisse,
2850 4850 3172 4916 Gregorium
3213 4864 3339 4904 vero
3386 4848 3811 4919 magniﬁcentius

2255 4944 2644 5014 contempsisse
2692 4952 2881 4997 narrat
2930 4940 3285 5013 RuﬁnusU):
3318 4942 3429 4995 sive
3458 4942 3617 5010 quod,
3661 4950 3716 4993 ut
3747 4940 3809 4993 de

2256 5052 2316 5091 se
2352 5036 2467 5106 ipse
2499 5044 2732 5090 testatur
2762 5034 3074 5103 Gregorius,
3114 5035 3455 5103 poscentibus
3489 5034 3714 5098 civibus,
3754 5038 3809 5085 ut

2261 5134 2626 5194 comportatas
2658 5122 2725 5177 ab
2758 5123 2960 5177 exteris
2986 5124 3291 5191 regionibus
3306 5138 3432 5193 Opes
3455 5124 3802 5192 depromeret,

2260 5214 2462 5283 ingenii
2500 5216 2581 5268 sui
2610 5214 2903 5284 specimina
2940 5215 3203 5285 denegare
3230 5230 3335 5270 non
3374 5214 3622 5285 potuerit.
3657 5211 3802 5265 illum

2258 5316 2408 5359 certe
2432 5306 2609 5376 patria
2649 5306 2793 5359 velut
2817 5306 3050 5362 alterum
3090 5307 3419 5363 conditorem
3446 5317 3499 5362 ct
3528 5316 3777 5361 conserva

2323 5484 2388 5552 (Γ)
2418 5485 2595 5537 Carm.
2619 5484 2682 5538 de
2708 5484 2838 5545 vita,

2344 5560 2393 5623 g)
2416 5552 2564 5607 Orat.
2595 5555 2664 5607 20

2344 5560 2393 5623 g)
2416 5558 2564 5607 Orat.
2595 5558 2664 5607 20

2321 5558 2398 5694 2h)
2425 5624 2588 5694 lzlpist.
2628 5626 2676 5681 1.

2327 5696 2389 5765 (i)
2423 5693 2537 5750 Lib.
2570 5710 2717 5761 x1,.c.
2761 5696 2812 5750 9.
