3992 6392
1572 264 1729 319 VITA
1769 264 1826 322 S.
1867 266 2128 323 BASlLlL

3384 301 3480 339 XIII

246 396 431 448 torem,
465 392 613 438 teste
638 382 900 451 Gregorio
926 382 1027 451 (α),
1062 381 1337 451 complexa
1372 391 1472 436 est.
1504 382 1621 437 Non
1643 384 1818 437 minus
1860 388 1903 443 Α
1935 383 2041 438 lum
2081 403 2108 438 a
2144 401 2202 439 se
2244 387 2530 451 discernat,
2562 387 2656 443 sed
2696 389 2854 444 ambo
2881 406 2945 445 ao
2993 394 3274 451 ecclesiam
3320 398 3481 453 ivisse

246 484 291 534 ei
322 480 562 532 honoris
616 476 807 530 habuit
853 473 1199 529 Neoczesarea
1248 476 1345 543 (b),
1385 490 1504 542 quas
1534 474 1733 544 legatos
1759 475 1827 528 ad

248 588 359 625 cum
382 586 448 623 ex
479 579 680 624 senatu
709 568 878 633 misit,
904 574 962 620 ut
983 566 1279 634 juventutis
1298 581 1481 620 curam
1506 568 1823 636 susciperet.

251 664 382 730 Quin
408 664 608 726 etiam,
649 678 773 716 cum
805 663 858 715 in
909 661 1047 714 hanc
1090 664 1277 713 urbem
1316 660 1591 723 venisset,
1642 675 1827 714 omnes

250 771 359 805 eum
382 755 895 817 circumsteterunt,
920 750 1052 803 nihil
1077 765 1183 803 non
1206 748 1525 811 deferentes,
1549 748 1681 802 nihil
1719 766 1825 802 non

252 846 568 911 pollicentes
607 861 622 897 :
660 842 757 897 sed
791 856 913 895 eum
968 842 1203 895 retinere
1250 856 1354 893 non
1384 848 1693 909 potuerunt.
1732 839 1823 891 Vi—

251 936 594 990 detiturhaec
621 934 937 1001 contigisse,
972 931 1053 984 vel
1079 945 1200 985 cum
1234 930 1460 983 Basilius
1489 929 1715 983 Athenis
1749 942 1827 981 re-

248 1029 370 1087 dux,
432 1028 488 1077 in
547 1023 730 1079 Ponto
774 1022 1005 1077 visenda:
1035 1021 1225 1074 matris
1267 1036 1426 1075 causa
1472 1029 1711 1073 moratus
1744 1025 1827 1072 est

251 1118 349 1183 (vix
372 1116 525 1168 enim
550 1115 777 1169 dubium
814 1112 944 1182 quin
973 1112 1077 1167 hoc
1093 1110 1324 1165 cilicium
1363 1120 1488 1164 tunc
1512 1110 1822 1177 matriprte-

250 1206 496 1273 stiterit),
524 1205 615 1259 vel
643 1220 765 1259 cum
784 1204 1011 1257 docendi
1046 1202 1183 1271 apud
1213 1200 1570 1255 Czesarienses
1602 1214 1825 1255 munere

251 1300 490 1365 solutus,
546 1312 703 1369 spem
759 1295 946 1366 injecit
999 1293 1522 1350 Neocaesariensibus
1574 1294 1656 1347 sui
1706 1292 1826 1347 alli-

251 1392 448 1446 ciendi.

320 1484 430 1538 Sed
466 1481 656 1536 mundi
685 1479 915 1535 vinculis
943 1479 1232 1548 constringi
1266 1493 1326 1533 se
1361 1491 1465 1531 non
1498 1490 1688 1545 passus
1718 1481 1822 1541 est;

253 1594 310 1632 ac
340 1577 453 1631 cito
480 1574 555 1628 ab
593 1573 890 1628 honoribus
928 1570 1142 1625 fastidio
1169 1580 1224 1624 et
1250 1570 1502 1624 satietate
1542 1567 1823 1622 abaliena-

254 1678 353 1719 tos.
387 1664 507 1732 Qua
547 1665 602 1717 in
634 1677 693 1715 re
721 1662 1009 1730 plurimum
1036 1660 1183 1714 illum
1206 1658 1426 1728 adjuvit
1462 1658 1700 1712 Macrina
1735 1669 1822 1709 so-

1930 478 2085 532 simnl
2134 487 2187 532 et
2218 480 2473 534 redivisse
2498 520 2513 544 ,
2543 484 2699 537 ambo
2748 484 2919 538 sacris
2971 487 3338 554 conciOnibus,
3374 506 3478 544 non

1944 569 2214 638 mysteriis
2248 568 2559 625 interfuisse
2601 574 2907 627 videantur.
2950 574 3038 626 Sic
3075 574 3214 627 cnim
3248 575 3482 643 loquitur

1931 657 2012 729 (Ῑ)
2052 677 2064 711 :
2114 658 2217 711 Δύο
2253 660 2350 729 μὲν
2382 662 2732 733 ὲγνωρίζοντο
2755 666 2883 734 ἡμῖν
2917 664 3056 717 ὁδοιο
3097 668 3129 736 ἡ
3169 666 3264 736 μὲν
3294 666 3479 737 πρώτη

1938 748 2033 800 καὶ
2056 750 2369 820 τιμιωτέρα,
2397 752 2429 820 ἡ
2455 751 2510 803 δὲ
2536 751 2761 822 δευτέρα
2782 753 2876 805 καὶ
2919 754 2977 806 οὐ
3010 754 3101 807 τοῦ
3136 755 3248 807 ἴσου
3281 756 3439 823 λόγου
3463 776 3476 789 ’

1927 836 1961 905 ἦ
2000 854 2056 889 τε
2089 837 2223 908 πρὸς
2246 840 2368 902 τοὺς
2391 841 2564 910 ἱεροὺς
2592 842 2742 911 ἡμῶν
2771 844 2948 907 οἴκους
2967 885 2980 907 ,
3013 845 3104 897 καὶ
3151 849 3276 910 τοὺς
3305 850 3479 902 ἐκεῖσε

1930 928 2286 995 διδασκάλους
2330 931 2587 1002 φέρουσα,
2621 935 2711 986 καὶ
2757 935 2957 1006 ὴηπρὸς
2987 937 3111 1000 τοὺς
3132 937 3323 1003 ἔξωθεν
3350 957 3478 993 παι-

1934 1018 2150 1082 δευτάς.
2180 1020 2308 1074 Dure
2339 1024 2480 1075 nobis
2508 1024 2602 1075 via:
2648 1034 2785 1077 notae
2810 1034 2980 1087 erant,
3032 1026 3196 1079 altera
3232 1029 3399 1095 prima
3431 1040 3478 1081 et

1926 1113 2288 1179 pra'stmttior,
2321 1113 2491 1166 altera
2521 1117 2767 1177 secunda,
2797 1126 2842 1168 et
2877 1116 3138 1184 inferioris
3171 1119 3322 1186 pretii
3348 1134 3363 1170 :
3388 1121 3480 1173 illa

1931 1217 2109 1270 nempe
2137 1219 2251 1270 qua:
2283 1204 2350 1254 ad
2380 1220 2558 1257 sacras
2586 1216 2787 1259 nostras
2816 1208 3024 1271 domos,
3050 1225 3232 1278 eosque
3256 1212 3343 1279 qui
3375 1211 3480 1264 illic

1932 1304 2081 1347 erant
2106 1296 2342 1349 doctores
2386 1294 2620 1363 ferebat:
2655 1297 2764 1352 haec
2790 1309 2982 1367 autem,
3002 1318 3117 1371 qua:
3145 1304 3212 1356 ad
3245 1315 3481 1359 externos

1924 1395 2178 1452 prtt'ceplo
2186 1402 2284 1439 res.

1995 1474 2050 1526 ln
2083 1476 2273 1528 eadem
2310 1475 2557 1532 oratione
2604 1477 2669 1532 de
2704 1479 2862 1533 rebus
2898 1490 3015 1548 post
3062 1483 3288 1537 reditum
3316 1500 3342 1538 a
3374 1483 3477 1538 Ba-

1925 1565 2047 1619 silio
2074 1567 2239 1634 gestis
2275 1567 2523 1637 loquens,
2570 1571 2647 1625 sic
2674 1585 2795 1625 eum
2835 1574 2900 1627 ad
2930 1588 3142 1628 sacrum
3194 1578 3479 1646 presbyte-

1927 1670 2110 1712 rorum
2138 1660 2384 1713 ordinem
2416 1663 2724 1728 pervenisse
2747 1665 2899 1732 dicit,
2933 1678 2989 1721 ut
3015 1666 3162 1721 illum
3192 1669 3367 1723 divina
3396 1672 3482 1725 be-

254 1769 360 1815 ror,
386 1767 513 1820 quae
542 1766 669 1804 cum
703 1749 850 1803 illum
880 1749 1101 1804 vidisset
1131 1748 1290 1801 nimis
1314 1746 1597 1815 magnifice
1628 1748 1692 1800 de
1712 1743 1821 1798 elo-
1857 1719 1900 1779 Β
1929 1748 2161 1815 niguitas
2192 1768 2296 1804 non
2324 1751 2495 1805 subito
2530 1756 2598 1806 ad
2633 1757 2769 1809 hunc
2807 1757 3025 1826 gradum
3056 1760 3368 1823 subveheret,
3391 1779 3482 1817 nec

253 1844 474 1913 quentia
528 1840 737 1895 sentire
760 1878 777 1903 ,
820 1855 884 1894 ac
925 1839 1218 1908 dignitates
1250 1852 1437 1892 omnes
1467 1835 1822 1899 floccifacere,

252 1950 301 1988 et
322 1936 468 1989 fastu
504 1935 745 2004 quodam
769 1946 929 2001 supra
955 1931 1201 1984 homines
1232 1939 1497 1997 potestate
1538 1926 1714 1983 claros
1746 1926 1825 1981 ef-

252 2027 397 2090 ferri.
425 2026 688 2079 celeriter
709 2026 774 2078 ad
804 2023 1093 2077 asceticam
1135 2021 1323 2087 vitam,
1356 2036 1517 2091 quam
1551 2021 1663 2089 ipsa
1696 2035 1823 2089 pro-

252 2118 531 2179 ﬁtebatur,
557 2116 805 2168 attraxit.
842 2113 966 2168 llzec
1008 2113 1267 2167 discimus
1303 2127 1369 2166 ex
1404 2111 1662 2182 Gregorio
1690 2110 1827 2182 Nys-

252 2225 399 2271 seno,
428 2209 591 2276 Cujus
624 2207 788 2258 verba
829 2206 990 2258 etiam
1017 2203 1203 2258 Graece
1232 2203 1534 2256 referenda.
1566 2200 1655 2255 Sic
1672 2203 1814 2257 enim

252 2302 491 2369 loquitur
530 2301 580 2351 in
617 2296 737 2349 l'ita
770 2297 829 2351 S.
860 2293 1114 2349 Hacrime
1141 2311 1159 2349 :
1190 2293 1444 2348 Ααὸοὖσα
1465 2294 1641 2346 τοίνυν
1667 2294 1828 2348 αὐτὸν

250 2393 547 2463 ὑπερφυῶς
572 2390 885 2461 ἐπηρμένον
908 2388 986 2457 τῷ
1001 2388 1125 2459 περὶ
1143 2388 1265 2450 τοὺς
1290 2387 1477 2455 λόγους
1500 2388 1824 2458 φρονήματι,

248 2489 340 2539 καὶ
370 2487 555 2537 πάντα
608 2480 1043 2553 περιφρονοῦντα
1082 2480 1149 2532 τὰ
1183 2478 1467 2550 ἀξιώματα
1491 2519 1505 2542 ,
1544 2480 1636 2532 καὶ
1688 2480 1828 2550 ὑπὲρ

250 2577 371 2636 τοὺς
396 2575 455 2624 ἐν
479 2573 546 2641 τῇ
572 2569 862 2639 δυναστείᾳ
889 2569 1171 2639 λαμπροὺς
1202 2569 1508 2640 ἐπηρμένον
1536 2568 1613 2639 τῷ
1641 2569 1788 2640 ὄγκῳ
1810 2610 1824 2632 ,

250 2665 493 2719 eaeo-sem
538 2663 700 2733 τάχει
749 2663 999 2715 κάκεῖνον
1050 2664 1184 2731 πρὸς
1238 2662 1327 2713 τὸν
1372 2661 1471 2730 τῆς
1514 2661 1827 2731 φιλοσοφίας

250 2759 450 2811 σκοπὸν
481 2754 862 2807 ἐπεσπάσατο.
891 2751 1112 2806 Videtur
1142 2752 1266 2806 huic
1311 2753 1616 2807 testimonio
1647 2754 1824 2822 aliqua

252 2857 423 2905 inesse
456 2845 836 2914 exaggeratio.
872 2842 1007 2897 Nam
1034 2854 1264 2896 testatur
1280 2842 1572 2912 Gregorius
1595 2843 1824 2896 Nazian-

250 2959 411 2998 zenus
446 2942 522 3011 (ε)
559 2954 622 2993 se
665 2949 720 2993 et
758 2937 1015 2991 Basiliqu
1069 2950 1244 2989 scena:
1274 2936 1457 2988 mundi
1488 2936 1692 3004 aliquid
1722 2936 1823 2989 tri-

250 3037 451 3095 lauisse,
488 3048 603 3086 nou
636 3027 1022 3085 ostentationis
1054 3027 1235 3081 Studio
1265 3027 1357 3094 (ab
1394 3028 1495 3080 hoc
1524 3027 1666 3079 enim
1696 3026 1824 3079 vitio

249 3130 456 3181 atienos
507 3139 633 3178 sese
683 3122 899 3191 fuisse),
936 3121 1029 3173 sed
1067 3130 1123 3173 ut
1155 3118 1507 3188 plurimorum
1555 3118 1825 3172 desiderio

250 3218 629 3287 perfunctorie
653 3214 1056 3268 satisfacerent.
1084 3210 1356 3264 Lenienda
1388 3225 1515 3278 ergo
1537 3210 1710 3278 aliqua
1741 3209 1826 3261 in-

251 3311 651 3379 terpretatione
703 3308 865 3361 verba
899 3304 1141 3374 Gregorii
1177 3302 1440 3370 Nysseni;
1489 3316 1584 3355 nec
1631 3310 1827 3369 putan-

253 3408 376 3456 dum
407 3414 565 3455 tanto
595 3401 731 3454 fastu
763 3399 966 3453 clatum
999 3396 1164 3448 fuisse
1200 3392 1452 3447 Basilium
1473 3432 1488 3456 ,
1521 3392 1611 3445 sed
1659 3391 1822 3455 forte,

251 3501 371 3548 dum
405 3493 743 3561 eloquentiae
796 3503 906 3543 suae
960 3484 1254 3556 specimina
1305 3483 1512 3538 civibus
1563 3483 1822 3549 exhibet,

255 3588 530 3655 plausibus
572 3582 841 3636 interdum
868 3577 1122 3632 delectari
1156 3576 1324 3630 visum
1356 3590 1511 3640 esse;
1543 3574 1681 3628 unde
1712 3590 1822 3629 nte-

258 3694 334 3733 Ius
360 3680 607 3748 injectus
638 3672 838 3735 sorori,
869 3685 934 3724 ne
970 3669 1054 3722 his
1079 3668 1289 3736 laqueis
1318 3667 1522 3720 arctius
1558 3666 1818 3730 irretitus,

253 3772 506 3835 deinceps
542 3779 604 3820 se
632 3764 891 3833 expedire
925 3777 1025 3814 non
1054 3768 1252 3830 posset.
1284 3758 1548 3812 Prmterea
1577 3772 1674 3812 nec
1709 3759 1822 3826 ipsa

254 3862 486 3914 1dacrina
516 3867 711 3911 auctor
736 3855 835 3908 fuit
864 3852 1080 3918 Basilio,
1106 3861 1164 3904 ut
1199 3850 1491 3905 asceticam
1513 3849 1677 3902 vitam
1710 3865 1825 3903 am-

254 3956 607 4020 plecteretur,
640 3948 737 4001 sed
766 3956 970 4000 tantum
997 3943 1200 3998 hortari
1238 3942 1432 4009 potuit,
1460 3951 1516 3995 ut
1543 3941 1821 3995 consilium

256 4045 562 4113 perficeret,
588 4040 734 4109 quod
767 4039 968 4093 dudum
1012 4036 1346 4096 intendebat,
1386 4043 1570 4102 atque,
1607 4043 1660 4087 ut
1688 4032 1823 4087 dici-

259 4149 356 4196 tur,
392 4139 714 4187 currentem
746 4127 991 4181 incitare.

318 4224 379 4277 Il.
410 4222 616 4276 Narrat
644 4218 877 4273 Basilius
904 4218 982 4287 (d)
1023 4215 1295 4287 quomodo
1330 4214 1498 4269 effuso
1534 4214 1585 4268 in
1617 4229 1820 4284 paupe-

255 4312 698 4384 respatrimonio
740 4318 907 4363 totum
952 4325 1012 4363 se
1061 4309 1168 4362 Deo
1202 4307 1628 4362 consecraverit.
1680 4306 1822 4361 Idem

1926 1842 2082 1895 simul
2108 1857 2226 1903 eum
2271 1851 2322 1896 et
2368 1843 2599 1900 ablueret
2632 1856 2681 1899 et
2709 1849 2967 1916 sapientia
3015 1850 3285 1904 instrueret
3322 1854 3482 1922 (οὐδὲ

1927 1932 2062 2002 ὁμοῦ
2094 1949 2154 1985 τε
2190 1933 2435 1988 πλύνασα
2459 1936 2554 1989 καὶ
2590 1938 2903 2008 σοφίσασα),
2927 1941 3357 2009 quemadmodum
3377 1948 3482 2011 ple-

1928 2041 2115 2094 rosque
2142 2042 2325 2080 eorum
2353 2028 2441 2094 qui
2474 2045 2609 2083 nunc
2645 2033 2940 2084 antistitum
2990 2047 3177 2086 munus
3200 2044 3481 2101 appetunt:

1927 2130 2103 2168 verum
2140 2117 2322 2171 ordine
2348 2128 2399 2171 et
2430 2120 2726 2187 spiritualis
2753 2122 3137 2189 progressionis
3188 2122 3296 2192 lege
3324 2164 3338 2186 ,
3387 2125 3483 2177 liae

1928 2221 2042 2257 eum
2070 2205 2263 2258 honore
2291 2207 2529 2275 alliceret.
2574 2209 2687 2264 Hoc
2727 2211 2891 2264 verbo
2920 2209 3165 2265 πλύνασα
3190 2212 3484 2281 baptismus

1929 2296 2210 2351 manifeste
2241 2298 2577 2368 designatur.
2624 2299 3007 2367 Quamobrem,
3038 2318 3158 2357 eum
3193 2303 3483 2374 Gregorius

1928 2388 1993 2439 de
2021 2388 2088 2439 iis
2120 2387 2364 2456 loquatur
2399 2405 2517 2459 qua:
2547 2389 2770 2446 Basilius
2824 2392 3049 2446 Athenis
3087 2407 3333 2448 reversus
3363 2410 3484 2462 ges-

1936 2478 2025 2540 sit,
2063 2492 2291 2545 ettmque
2320 2479 2462 2533 dicat
2485 2495 2587 2533 non
2618 2481 2797 2533 statim
2825 2482 3146 2551 baptizatum
3176 2491 3229 2536 et
3260 2485 3482 2555 presby-

1933 2577 2101 2621 terum
2140 2568 2342 2622 factum
2371 2569 2559 2638 fuisse,
2584 2584 2682 2646 nec
2708 2570 2939 2626 obscura
2970 2588 3066 2627 nec
3088 2573 3315 2628 dilIicilis
3353 2590 3487 2629 con-

1928 2659 2100 2713 clusio
2131 2671 2213 2715 est
2241 2676 2362 2714 eum
2400 2661 2691 2730 baptismo,
2720 2672 3002 2732 postquam
3034 2666 3261 2719 Athenis
3305 2667 3481 2732 rediit,

1932 2752 2201 2806 initiatum
2257 2751 2443 2809 fuisse.
2482 2752 2747 2809 Praeterea
2785 2758 2865 2810 sic
2915 2756 3483 2828 observatGregorius

1927 2846 2269 2899 intervallum
2297 2848 2439 2916 quod
2476 2848 2615 2901 inter
2649 2847 2828 2902 Basilii
2862 2849 3181 2918 baptismum
3224 2864 3277 2905 et
3309 2868 3485 2905 sacer-

1927 2939 2128 2991 dotium
2154 2939 2381 2999 exsutit,
2421 2939 2501 2993 sic
2522 2953 2616 2993 eos
2639 2941 2809 3006 carpit
2834 2942 2924 3009 qui
2957 2957 2985 2995 a
3014 2942 3274 3009 baptismo
3302 2943 3365 2995 ad
3394 2958 3483 2998 sa.

1929 3030 2229 3084 cerdotiutn
2262 3030 2527 3092 assiliunt,
2560 3040 2618 3083 ut
2652 3030 2791 3084 laudi
2825 3042 3058 3101 apponat
3086 3033 3300 3097 Basilio,
3340 3039 3479 3105 quod

1928 3134 2034 3171 non
2068 3118 2331 3185 ejusmodi
2360 3118 2605 3173 homines
2655 3121 2894 3173 imitatus
2925 3122 3018 3185 sit,
3069 3137 3191 3176 cum
3224 3126 3482 3193 potuisset

1928 3209 2148 3261 imitari.
2178 3211 2247 3262 At
2281 3210 2367 3276 qui
2400 3208 2578 3263 infans
2601 3218 2694 3263 aut
2722 3211 3036 3266 adolescens
3059 3214 3356 3282 baptizatus
3377 3227 3481 3286 est,

1926 3314 1993 3352 an
2027 3300 2237 3354 laudem
2269 3310 2507 3354 meretur
2540 3300 2608 3354 ob
2638 3302 2996 3357 sacerdotium
3043 3321 3146 3359 non
3176 3307 3354 3359 statim
3389 3324 3483 3376 ap-

1926 3393 2144 3461 petitum
2167 3392 2189 3445 ?

2000 3485 2252 3539 Basiliam
2289 3485 2580 3554 baptizavit
2616 3487 2834 3541 Dianius
2877 3487 3241 3544 Cmsariensis.
3293 3490 3482 3546 Testa-

1926 3583 2011 3630 tur
2049 3577 2194 3629 enim
2224 3576 2298 3645 (g)
2333 3590 2392 3631 se
2437 3592 2466 3630 a
2522 3578 2656 3641 viro,
2702 3580 2792 3646 qui
2836 3580 2922 3632 diu
2956 3580 3005 3631 in
3044 3583 3340 3637 ministerio
3387 3583 3477 3637 Dei

1929 3667 2087 3731 vixit,
2129 3667 2459 3736 baptizatum
2489 3668 2652 3723 fuisse
2684 3681 2735 3722 et
2778 3670 3028 3725 Ecclesire
3064 3674 3359 3726 ministerio
3389 3674 3483 3725 ad-

1925 3768 2153 3813 motum.
2187 3758 2295 3813 Soli
2333 3759 2517 3813 Dianio
2543 3759 2656 3814 haec
2676 3762 2825 3828 signa
2858 3774 3174 3829 congruunt.
3210 3764 3338 3817 Nam
3358 3781 3478 3819 cum

1924 3854 1969 3906 is
1992 3854 2058 3907 ab
2085 3866 2224 3906 anno
2252 3852 2437 3906 saltem
2466 3852 2590 3915 3M,
2615 3867 2721 3921 quo
2751 3852 2989 3906 interfuit
3037 3854 3265 3907 concilio
3290 3856 3482 3908 Antio-

1926 3944 2101 3997 cheno
2130 3957 2298 4011 usque
2329 3944 2395 3995 ad
2422 3958 2619 3996 annum
2651 3943 2754 3996 562
2778 3941 3069 3997 Ecclesiam
3095 3944 3477 3999 Caesariensem

1925 4035 2161 4099 rexerit;
2190 4049 2290 4089 nec
2317 4033 2432 4101 ejus
2481 4049 2759 4089 successor
2785 4033 3044 4089 Eusebius
3093 4036 3345 4089 Basilium
3380 4037 3477 4091 ba-

1924 4127 2131 4194 ptizare
2176 4126 2370 4196 potuit,
2431 4140 2527 4180 nec
2560 4140 2679 4178 eum
2721 4125 2972 4180 decessor
3008 4125 3368 4196 Hermogenes
3404 4128 3479 4182 le-

1928 4229 2130 4274 ctorem
2167 4222 2475 4286 instituere,
2508 4220 2596 4287 qui
2627 4235 2749 4273 cum
2780 4220 3003 4274 Athenis
3033 4221 3479 4283 versaretur,lai-

1939 4328 2033 4367 cus
2089 4314 2153 4363 ad
2191 4311 2381 4364 laicum
2419 4311 2635 4379 scripsit
2682 4309 3088 4378 Apollinarium.
3144 4311 3267 4365 lude
3298 4323 3477 4366 autem

256 4411 316 4464 de
361 4425 422 4463 se
465 4415 662 4460 narrat
710 4404 1005 4473 Gregorius
1056 4402 1158 4474 (e);
1197 4402 1292 4456 sed
1329 4412 1520 4455 neuter
1570 4401 1818 4470 baptismi
1854 4404 1897 4459 D
1929 4404 2280 4457 confirmatur
2309 4402 2449 4470 quod
2481 4401 2545 4454 de
2572 4400 2750 4454 Basilii
2782 4400 3049 4468 baptismo
3076 4400 3324 4455 diximus.
3352 4400 3479 4455 Per-

252 4502 583 4557 mentionem
635 4500 785 4563 facit,
834 4498 1081 4564 quamvis
1129 4503 1343 4550 constet
1366 4493 1687 4563 Gregorium
1725 4494 1823 4547 ba—

255 4598 518 4664 ptizatum
553 4591 747 4654 fuiSSe,
777 4600 1058 4657 postquam
1098 4587 1256 4641 rediit
1297 4586 1544 4641 Athenis.
1578 4586 1654 4640 De
1679 4584 1824 4639 Basi-

252 4688 321 4739 lio
354 4687 460 4739 hoc
492 4691 704 4735 tantum
735 4689 885 4732 certo
914 4679 1135 4739 scimus,
1174 4677 1290 4746 ejus
1325 4677 1653 4744 baptismum
1680 4675 1819 4729 dila-

253 4788 362 4831 tum
393 4775 587 4835 fuisse,
619 4772 809 4825 saltem
834 4783 1001 4837 usque
1030 4768 1095 4820 ad
1118 4764 1258 4821 illud
1285 4776 1493 4837 tempus
1513 4784 1617 4835 quo
1641 4767 1818 4822 Cursa-

250 4886 394 4925 ream
428 4867 638 4921 missus
662 4873 765 4917 est.
808 4860 996 4916 Utrum
1030 4872 1209 4913 autem
1243 4860 1407 4914 etiam
1436 4874 1602 4928 usque
1632 4861 1698 4913 ad
1733 4874 1818 4914 rc-

250 4964 417 5017 ditum
448 4974 515 5012 ex
549 4954 782 5019 Grarcia,
812 4953 863 5006 id
898 4968 1000 5007 non
1056 4954 1127 5004 ita
1178 4952 1514 5020 exploratum
1557 4959 1678 5004 est:
1723 4950 1817 5004 sed

254 5064 429 5108 tamen
468 5050 708 5103 libenter
757 5045 1075 5099 crediderim
1120 5059 1241 5096 eum
1290 5044 1438 5096 circa
1486 5057 1685 5095 annum
1712 5041 1815 5095 557

255 5144 528 5216 mysteriis
562 5140 841 5194 initiatum
867 5136 1053 5190 fuisse.
1088 5135 1222 5189 Nam
1260 5134 1573 5203 Gregorius,
1610 5133 1702 5202 qui
1726 5148 1815 5187 ca-

259 5240 616 5293 tcchumenus
649 5237 768 5286 erat
811 5229 1057 5291 Athenis,
1110 5228 1190 5283 sic
1236 5242 1391 5281 suum
1437 5240 1558 5280 cum
1616 5223 1815 5279 Basilio

259 5327 491 5381 omnium
519 5335 705 5376 rerum
729 5334 1050 5375 consensqu
1083 5317 1363 5384 describit,
1388 5325 1446 5371 ut
1467 5329 1728 5386 nusquam
1753 5315 1819 5369 il-

322 5506 394 5575 (η)
420 5504 578 5575 Oratf
600 5501 698 5575 20.

322 5572 391 5642 (ὁ)
420 5576 515 5640 Ep.
550 5573 680 5633 2H),
709 5572 835 5642 1112.

318 5641 386 5713 (ι)
416 5645 510 5698 (lr.
542 5642 615 5696 ΞΟ
644 5655 698 5695 et
734 5641 831 5695 Vit.

318 5718 394 5785 (ιι)
434 5716 533 5784 Ep.
563 5713 690 5778 223,
730 5730 779 5766 η.
805 5713 858 5766 2.

1930 4496 2158 4564 siticitur
2191 4496 2332 4547 enim
2375 4494 2492 4562 ejus
2519 4493 2840 4560 baptismum
2880 4492 3097 4546 dilatum
3125 4492 3289 4548 fuisse
3316 4509 3345 4547 a
3383 4509 3477 4557 pa-

1933 4586 2195 4640 rentibus.
2234 4586 2350 4638 Alia
2388 4593 2561 4638 autem
2596 4582 2870 4638 differendi
2902 4600 3060 4638 causa
3090 4601 3209 4639 esse
3252 4601 3353 4637 non
3382 4600 3476 4654 p0-

1936 4678 2057 4739 tuit,
2089 4678 2190 4731 nisi
2230 4689 2286 4730 ut
2329 4688 2432 4729 tam
2462 4676 2713 4730 eximium
2742 4676 2937 4728 denunt
2963 4676 3333 4731 adolescentiae
3356 4692 3457 4730 nan

1929 4769 2115 4839 lragiis
2150 4784 2254 4823 non
2286 4781 2639 4838 expenerent.
2668 4771 2939 4825 Ateadem
2977 4784 3138 4823 causa
3164 4770 3331 4823 multo
3358 4785 3479 4840 gra-

1928 4860 2047 4914 vior
2077 4860 2316 4924 exstitit,
2383 4875 2503 4913 cum
2566 4859 3076 4928 Constantinopolim
3132 4867 3187 4911 et
3243 4858 3479 4911 Athenas

1928 4956 2124 5007 missus
2153 4964 2235 5006 est
2267 4971 2281 5006 :
2314 4954 2507 5021 quibus
2533 4954 2588 5007 in
2622 4953 2845 5007 urbibus
2872 4963 3121 5021 perpetua
3163 4951 3478 5005 innocentiae

1926 5056 1982 5101 et
2021 5045 2142 5098 ﬁdei
2169 5045 2403 5113 pericula
2442 5045 2809 5100 imminebant.

1999 5136 2149 5203 Quod
2186 5136 2231 5191 si
2280 5135 2458 5191 Basilii
2510 5138 2810 5206 baptismus
2850 5150 3014 5203 usque
3044 5134 3108 5187 ad
3139 5133 3364 5187 reditum
3411 5146 3475 5185 ex

1924 5226 2226 5281 litterarum
2258 5229 2450 5283 studiis
2487 5228 2682 5283 dilatus
2720 5228 2836 5293 fuit,
2868 5230 2951 5282 vix
2987 5227 3201 5282 dubium
3236 5234 3317 5279 est
3349 5224 3473 5291 quin

1920 5326 2032 5373 tum
2068 5318 2281 5371 demum
2309 5319 2614 5388 baptizatus
2639 5316 2823 5383 fuerit,
2871 5334 2990 5371 cum
3031 5329 3147 5371 sese
3205 5330 3234 5369 a
3291 5314 3472 5368 mundi

1992 5500 2063 5568 (e)
2093 5499 2167 5554 De
2210 5498 2311 5552 Vn.

1992 5574 2032 5638 (Ι
2054 5582 2070 5639 )
2095 5571 2188 5624 Or.
2215 5570 2303 5623 ΞΟ.

2005 5637 2081 5710 (9)
2114 5640 2232 5697 Lib.
2264 5639 2339 5696 De
2372 5638 2567 5711 Spiritu
2599 5650 2796 5706 sancta,
2828 5654 2942 5710 cap.
2968 5637 3055 5692 ΞΩ.
