3992 6392
533 333 624 377 stv
1290 318 1295 323 ’
1918 314 2446 373 PltOLEGOMENA.

534 445 695 486 scena
746 430 1027 486 abstraxit.
1067 430 1198 487 Cum
1252 432 1393 487 enim
1448 434 1832 503 praeparandus
1881 436 2088 491 animus
2117 438 2161 494 Α
2196 434 2292 497 vit,
2328 442 2380 484 et
2418 428 2666 483 omnibus
2701 427 2889 481 statuit
2935 423 3137 479 nudare
3175 424 3345 488 bonis,
3389 433 3444 478 ut
3474 424 3747 479 Christum

537 523 637 576 fuit
667 522 733 576 ad
780 532 984 576 tantum
1015 524 1352 593 mysterium,
1401 533 1509 578 tum
1542 542 1669 581 vero
1722 528 1831 595 ipse
1858 526 2086 582 Basilius

537 612 777 667 declarat
810 614 861 666 in
893 614 1049 682 epist.
1080 612 1207 679 225,
1264 629 1322 668 se
1374 615 1589 669 intimos
1633 616 1843 685 pietatis
1897 631 2084 671 sensus

536 708 836 774 concipere,
867 715 923 761 et
959 706 1215 775 quidquid
1258 708 1496 761 sordium
1530 722 1593 760 ex
1621 707 1859 775 profanis
1891 708 2087 762 studiis

536 805 589 850 et
625 798 897 851 hominum
929 798 1291 865 improborum
1323 800 1706 853 consuetudine
1736 808 2080 868 conceperat,

539 898 791 941 excutere
812 888 1059 957 cmpisse,
1110 903 1229 941 cum
1258 903 1349 943 sua
1398 890 1573 943 omnia
1610 891 1931 959 pauperibus
1974 890 2084 945 dis-

540 977 795 1041 tribuere,
830 992 891 1030 ac
918 978 967 1030 in
992 977 1331 1031 solitudinem
1367 991 1483 1031 sese
1515 978 1754 1045 recipere
1789 979 1997 1032 statuit.

603 1066 798 1121 Lector
834 1068 900 1121 ab
924 1068 1110 1121 eodem
1148 1068 1333 1120 Dianio
1382 1068 1662 1122 institutus
1706 1077 1787 1121 est
1818 1068 2047 1123 Basilius
2070 1107 2084 1133 ,

534 1170 637 1210 non
675 1154 841 1208 multo
864 1165 981 1224 post
999 1156 1319 1223 baptismum
1350 1156 1443 1227 (α).
1475 1157 1663 1211 Utrum
1693 1167 1867 1211 autem
1893 1160 1943 1212 id
1969 1173 2085 1212 eve-

534 1245 673 1297 nerit
706 1245 888 1297 statim
920 1254 1039 1313 post
1078 1245 1431 1313 baptismum,
1484 1261 1550 1299 an
1581 1256 1699 1316 post
1738 1248 1968 1301 reditum
2020 1262 2084 1301 ex

533 1333 839 1397 itineribus,
871 1349 989 1403 quae
1015 1336 1080 1389 ab
1109 1349 1174 1389 eo
1207 1347 1457 1406 suscepta
1498 1337 1656 1391 modo
1708 1339 2041 1394 narrabimus
2066 1382 2081 1406 ,

534 1426 584 1478 id
618 1426 863 1492 equidem
887 1442 991 1479 non
1024 1428 1156 1480 mihi
1189 1428 1374 1482 videor
1399 1443 1553 1497 posse
1577 1437 1833 1483 statuere.

599 1510 686 1567 Ill.
727 1512 881 1568 Circa
924 1515 1052 1568 illud
1101 1524 1312 1585 tempus
1359 1517 1539 1572 amisit
1583 1518 1810 1573 Basilius
1862 1517 2080 1573 fratrem

533 1603 875 1659 Naucratium
908 1606 1003 1676 (ὁ),
1064 1608 1202 1661 tristi
1251 1610 1476 1677 quodam
1520 1625 1645 1665 casu
1692 1609 1978 1664 sublatum.
2034 1610 2085 1664 Is

531 1706 652 1764 post
686 1696 941 1752 Basilium
974 1707 1103 1753 natu
1138 1701 1428 1765 maximus,
1455 1702 1587 1754 mira
1618 1704 1846 1770 quadam
1886 1702 2079 1769 indole,

2192 533 2334 579 totus
2370 522 2634 576 indueret.
2671 520 2998 573 Promiserat
3025 518 3074 571 ei
3122 516 3410 586 Gregorius
3438 517 3661 572 Athenis
3688 532 3751 571 se

2189 631 2308 671 cum
2341 629 2405 669 eo
2435 614 2486 667 in
2533 613 2773 668 eamdem
2830 610 3169 667 solitudinem
3216 625 3594 675 recessurum;
3650 612 3745 663 sed

2189 721 2308 762 cum
2341 704 2587 758 amicitiae
2616 703 2783 773 legem
2818 702 3008 755 debita:
3031 700 3340 769 parentibus
3381 701 3560 769 pietati
3596 710 3748 770 post-

2193 800 2395 853 habere
2425 796 2711 865 Gregorius
2734 803 3017 865 cogeretur
3044 793 3145 864 (c);
3176 794 3457 846 destitutus
3485 794 3583 846 hoc
3608 807 3745 860 pra:-

2190 892 2323 946 sidio
2374 888 2602 943 Basilius
2643 886 2743 955 (d),
2788 886 3108 941 monasteria
3155 883 3388 938 Orientis
3433 894 3485 938 et
3528 884 3741 954 Egypti

2188 983 2414 1035 invisere
2459 979 2661 1043 statuit,
2710 987 2768 1031 ut
2813 976 3049 1047 perfecta
3090 978 3347 1031 virtutum
3397 978 3637 1043 exempla
3674 979 3742 1028 ad

2186 1071 2506 1125 imitandum
2554 1070 2795 1123 haberet.
2844 1068 3038 1121 Narrat
3081 1068 3196 1136 ipse
3226 1064 3294 1137 (ε)
3343 1082 3401 1120 se
3448 1067 3745 1121 innumeris

2186 1163 2457 1216 laboribus
2499 1162 2549 1215 in
2578 1160 2787 1231 Syriam
2825 1159 3154 1228 pervenisse,
3208 1174 3271 1212 ac
3318 1159 3437 1212 inde
3487 1159 3538 1210 in
3574 1146 3741 1227 Egy-

2191 1264 2338 1324 ptum
2362 1254 2519 1324 longo
2552 1264 2605 1307 et
2633 1252 2834 1307 dillicili
2876 1254 3069 1306 itinere
3095 1249 3389 1320 profectum
3419 1264 3557 1303 esse.
3600 1251 3744 1303 Vidit

2188 1345 2564 1398 sanctissimos
2589 1344 2734 1397 viros
2772 1341 3109 1395 Alexandria:
3157 1348 3211 1395 et
3264 1341 3315 1395 in
3346 1340 3545 1407 reliqua
3575 1339 3741 1408 IEgy-

2190 1447 2284 1506 pto
2308 1436 2398 1504 (f),
2417 1450 2479 1490 ac
2502 1435 2552 1488 in
2576 1432 2852 1487 Palaestina
2875 1430 3229 1501 etCoelesyria
3252 1442 3303 1486 et
3327 1430 3738 1499 Mesopotamia:

2188 1525 2412 1579 miratus
2439 1533 2521 1577 est
2567 1537 2749 1577 eorum
2794 1522 2846 1576 in
2883 1520 3157 1575 laboribus
3196 1520 3529 1589 perferendis
3575 1519 3741 1573 animi

2186 1616 2565 1669 fortitudinem
2597 1624 2649 1668 et
2680 1614 2730 1667 in
2766 1613 2968 1667 orando
3005 1612 3357 1666 constantiam
3386 1629 3399 1664 :
3444 1611 3739 1679 obstupuit,

2194 1719 2315 1757 cum
2361 1716 2455 1757 eos
2485 1703 2687 1755 videret
2726 1717 2972 1756 somnum
3019 1715 3293 1768 superare,
3325 1715 3423 1753 nec
3452 1699 3553 1751 ulla
3584 1708 3741 1752 natu-

531 1796 583 1837 et
618 1788 861 1855 corporis
909 1796 1191 1842 venustate
1230 1804 1294 1842 ac
1338 1789 1541 1845 viribus
1587 1798 1641 1844 et
1678 1791 1976 1855 celeritate,
2032 1802 2083 1846 et
2118 1784 2158 1839 Β
2191 1794 2284 1847 rali
2321 1793 2643 1848 necessitate
2682 1791 2903 1857 inﬂecti,
2941 1792 3033 1847 sed
3066 1792 3117 1844 in
3165 1790 3305 1844 fame
3336 1798 3387 1842 ct
3414 1789 3524 1851 siti,
3566 1788 3617 1841 iu
3646 1787 3743 1841 fri-

532 1878 729 1931 eximia
757 1878 825 1931 ad
858 1880 1037 1933 omnia
1074 1879 1346 1934 habilitate
1384 1882 1593 1936 cazteris
1622 1885 1930 1952 praestabat.
1978 1883 2082 1939 Sed

532 1986 653 2023 cum
697 1986 891 2024 annum
926 1983 1202 2027 assecutus
1240 1982 1383 2028 esset
1414 1975 1727 2029 vicesimum
1762 1976 2080 2039 secundum,

2191 1899 2318 1955 gere
2350 1895 2405 1939 et
2427 1885 2665 1939 nuditate
2689 1885 3003 1939 indomitum
3032 1883 3196 1936 animi
3234 1882 3397 1935 robur
3424 1895 3661 1943 servare,
3686 1890 3743 1934 et

2186 1987 2436 2045 tanquam
2466 1975 2635 2029 aliena
2678 1976 2729 2029 in
2756 1965 2923 2029 carne
2945 1974 3143 2028 vivere.
3174 1971 3281 2026 Sed
3306 1980 3559 2040 quantum
3594 1970 3738 2022 illum

531 2079 595 2117 ac
617 2064 824 2134 publica
860 2065 1180 2135 eloquentiae
1211 2083 1320 2123 sum
1357 2070 1645 2137 specimina
1696 2070 1929 2125 dedisset
1962 2087 2081 2125 cum
2177 2066 2403 2136 juvabat
2438 2067 2555 2121 haec
2587 2066 2884 2120 sanctitatis
2914 2063 3243 2133 exemplaria
3290 2062 3580 2130 respicere,
3626 2071 3741 2114 tan-

530 2171 737 2209 summa
766 2158 1093 2212 audientium
1122 2161 1497 2227 admiratione,
1531 2161 1693 2216 subiit
1725 2162 1869 2215 illum
1895 2163 2084 2218 divina:

531 2247 717 2315 gratia:
741 2248 879 2302 dono
901 2247 1173 2303 fastidium
1201 2251 1405 2316 mundi,
1433 2266 1496 2305 ac
1520 2253 1766 2306 omnibus
1791 2254 1949 2307 rebus
1975 2254 2086 2308 suis

531 2337 802 2405 projectis,
837 2339 919 2393 vel
953 2344 1131 2409 potius
1168 2341 1277 2396 Deo
1316 2342 1531 2405 dicatis,
1566 2343 1630 2395 ad
1686 2343 1975 2398 solitariam
2023 2360 2084 2399 ac

530 2445 816 2499 pauperem
845 2434 1009 2486 vitam
1037 2448 1231 2502 magno
1262 2434 1425 2487 animi
1462 2435 1653 2489 ardore
1692 2437 1947 2491 accurrit.
1982 2436 2083 2491 Se-

529 2532 684 2577 cutus
714 2533 795 2578 est
836 2524 984 2577 illum
1018 2540 1157 2578 unus
1196 2540 1259 2578 ex
1311 2524 1542 2589 famulis,
1575 2524 1941 2597 Chrysaphius
1984 2543 2084 2582 no-

533 2614 707 2679 mine,
756 2616 846 2685 qui
896 2630 1015 2669 eum
1052 2616 1325 2685 diligebat,
1359 2630 1419 2670 ac
1463 2616 1698 2685 ejusdem
1742 2620 1863 2673 vita:
1907 2620 2085 2675 studio

532 2704 832 2757 tenebatur.
873 2703 1109 2761 Secessit
1142 2717 1361 2776 propter
1395 2706 1587 2760 lridem
1632 2707 1849 2762 fluvium
1890 2709 1942 2763 in
1977 2709 2084 2763 col-

529 2793 633 2847 lem
684 2796 968 2865 quemdam
1018 2800 1183 2850 denso
1231 2812 1447 2851 nemore
1494 2799 1782 2863 consitum,
1824 2807 1875 2853 et
1924 2799 2083 2853 dorso

530 2886 771 2953 praecelsi
801 2888 998 2941 montis
1026 2887 1378 2942 reconditum.
1411 2889 1488 2942 lbi
1518 2891 1584 2943 ab
1609 2890 1820 2943 urbium
1852 2891 2082 2945 tumultu

529 2984 584 3028 et
614 2974 817 3029 militiae
851 2990 916 3029 ac
954 2974 1055 3029 fori
1102 2976 1548 3045 occupationibus
1590 2987 1825 3032 remotus
1864 2979 2082 3047 quibus-

532 3069 651 3121 dam
682 3067 938 3122 solitariis
972 3068 1195 3123 senibus
1235 3084 1292 3124 se
1324 3069 1563 3136 tradidit,
1595 3070 1787 3139 quibus
1822 3071 1999 3141 inopia
2030 3078 2084 3125 et

2186 2167 2297 2212 tum
2339 2158 2386 2211 ei
2435 2157 2689 2211 maeroris
2736 2155 3031 2209 attulerunt
3074 2152 3453 2215 dissensiones,
3496 2168 3613 2219 quae
3656 2151 3742 2206 his

2187 2249 2539 2318 temporibus,
2584 2256 2642 2300 ut
2690 2261 2811 2301 cum
2868 2246 3120 2311 maxime,
3170 2243 3466 2298 fervebant.
3522 2241 3742 2297 Videbat

2187 2342 2465 2411 episcOpos
2504 2341 2647 2407 ipsos
2674 2338 2814 2392 inter
2846 2352 2905 2390 se
2940 2334 3211 2403 digladiari
3238 2332 3333 2403 (g),
3364 2342 3415 2387 et
3447 2333 3737 2387 Ecclesiam

2192 2433 2281 2486 Dei
2307 2430 2594 2485 crudeliter
2615 2430 2932 2492 dilacerare,
2962 2443 3025 2481 ac
3053 2427 3167 2495 ejus
3190 2440 3403 2493 gregem
3429 2424 3736 2479 obturbare.

2190 2525 2294 2580 Sed
2320 2540 2439 2578 cum
2478 2524 2594 2593 ejus
2625 2522 2806 2576 animo
2832 2535 2962 2575 sana
2996 2519 3129 2573 fides
3157 2533 3186 2571 a
3222 2518 3420 2571 teneris
3447 2516 3633 2571 fuisset
3656 2517 3740 2569 in-

2187 2617 2415 2686 sculpta,
2472 2616 2611 2671 nulla
2665 2614 2811 2669 illum
2854 2614 3055 2667 erroris
3096 2627 3224 2665 aura
3274 2608 3538 2679 perﬂavit,
3578 2620 3740 2676 seque

2186 2708 2303 2776 ipse
2340 2715 2581 2773 testatur,
2618 2706 2671 2760 in
2716 2704 3253 2777 peregrinationibus,
3289 2716 3420 2771 quas
3457 2702 3536 2753 vir
3567 2699 3741 2753 factus

2186 2810 2328 2854 terra
2358 2798 2598 2868 marique
2628 2799 2861 2866 suscepit
2893 2798 2992 2867 (It),
3022 2797 3067 2851 si
3096 2811 3229 2866 quos
3257 2795 3518 2849 inveniret
3545 2808 3737 2847 secun-

2185 2893 2309 2945 dum
2352 2891 2603 2946 traditam
2649 2890 2866 2961 pietatis
2907 2888 3147 2957 regulam
3179 2884 3535 2949 ambulantes,
3565 2899 3658 2937 eos
3685 2893 3735 2938 et

2188 2991 2398 3052 patrum
2439 2981 2560 3037 loco
2607 2981 2882 3045 habuisse,
2915 2988 2970 3033 et
3008 2979 3172 3033 duces
3223 2977 3414 3032 animae
3452 2991 3560 3029 sua:
3589 2989 3742 3028 secu-

2192 3082 2301 3128 tum
2331 3088 2469 3129 esse.
2505 3072 2619 3127 Non
2658 3072 2789 3126 vidit
2831 3071 3171 3126 Alexandria:
3211 3084 3461 3140 magnum
3502 3068 3738 3120 Athana-

534 3159 718 3213 morbo
770 3159 1139 3214 laborantibus
1196 3159 1395 3215 victum
1455 3161 1778 3233 quaeritabat
1829 3177 2082 3217 manuum
2114 3148 2158 3211 C
2192 3165 2351 3219 sium.
2404 3163 2677 3234 Significat
2715 3164 2856 3217 enim
2908 3164 2959 3217 in
3004 3164 3163 3234 epist.
3208 3161 3276 3217 80
3322 3174 3590 3228 nunquam
3637 3158 3736 3213 sibi

530 3264 745 3302 suarum
785 3249 1066 3304 industria.
1111 3248 1243 3304 Cum
1277 3252 1416 3306 enim
1463 3251 1738 3321 quodlibet
1786 3254 2084 3308 venationis

530 3354 698 3408 genus
729 3355 832 3392 non
863 3339 993 3394 laeve
1020 3350 1318 3408 exerceret,
1356 3343 1529 3410 pisces
1563 3342 1780 3397 senibus
1811 3345 2077 3413 captabat.

534 3429 591 3481 ln
627 3442 733 3497 quo
787 3428 998 3499 quidem
1037 3437 1089 3483 et
1129 3430 1409 3485 charitatis
1439 3432 1613 3487 ollicio
1662 3431 1997 3503 fungebatur,
2030 3442 2083 3489 et

528 3518 863 3588 juventutem
899 3521 981 3575 his
1012 3521 1283 3577 laboribus
1324 3522 1617 3577 domabat:
1655 3538 1753 3578 nec
1801 3524 2011 3578 interim
2052 3540 2082 3578 a

531 3612 754 3666 colenda
800 3624 971 3667 matre
1020 3614 1351 3681 discedebat,
1396 3616 1622 3685 ejusque
1679 3618 1948 3671 mandatis
1990 3632 2085 3674 ex—

535 3703 863 3768 hauriendis,
908 3703 949 3758 si
1002 3704 1127 3773 quid
1175 3704 1259 3758 illa
1292 3706 1625 3775 prazciperet.
1673 3704 1790 3761 Jam
1839 3707 2081 3777 quintum

532 3811 728 3850 annum
771 3796 823 3850 in
868 3796 969 3851 hoc
1004 3797 1247 3852 instituto
1278 3798 1605 3862 traducebat,
1647 3813 1765 3853 eum
1816 3799 2082 3869 ingentem

533 3888 690 3941 matri
722 3903 785 3941 ac
816 3888 911 3941 toti
948 3888 1162 3941 familize
1194 3889 1392 3943 luctum
1423 3891 1619 3946 attulit.
1654 3890 1844 3945 Subito
1877 3891 2018 3944 enim
2055 3905 2085 3945 e

529 3979 637 4033 vita
673 3980 898 4049 rapitur,
930 3994 1035 4033 non
1069 3980 1256 4033 morbo
1282 3993 1585 4050 correptus.
1622 3997 1724 4037 non
1772 3998 1834 4035 cx
1872 3982 2085 4036 insidiis

532 4069 904 4139 interemptus,
953 4071 1044 4124 sed
1092 4072 1322 4140 quodam
1366 4073 1451 4127 die
1499 4087 1619 4127 cum
1664 4074 1728 4127 ad
1769 4073 2080 4143 piscandum

530 4162 801 4230 profectus
841 4171 1001 4227 esset,
1041 4174 1281 4218 mortuus
1322 4180 1422 4217 una
1472 4182 1589 4219 cum
1621 4166 1953 4236 Chrysaphio
1992 4168 2085 4223 do-

531 4268 676 4307 mum
721 4262 1044 4322 reportatur.
1084 4252 1211 4308 Tam
1252 4256 1387 4310 tristi
1435 4258 1619 4310 nuntio
1668 4258 1733 4311 ad
1772 4258 1831 4311 S.
1868 4258 2083 4312 Emme-

530 4343 679 4409 liam,
726 4358 845 4412 quae
895 4346 1053 4397 trium
1105 4347 1307 4399 dierum
1361 4345 1547 4400 itinere
1594 4347 1827 4402 distabat
1898 4348 2080 4415 allato,

532 4435 722 4488 mulier
757 4435 891 4489 alias
936 4435 1223 4490 fortissima
1268 4439 1503 4491 concidit
1535 4439 1817 4493 exanimis.
1861 4438 1932 4493 At
1970 4449 2079 4493 tum

2186 3258 2325 3312 hanc
2375 3258 2681 3313 felicitatem
2740 3255 3021 3325 obtigisse.
3071 3254 3336 3310 Praeterea
3386 3250 3737 3304 Athanasium

2184 3351 2383 3403 scimus
2433 3348 2750 3403 Alexandria
2784 3346 3081 3401 excessisse
3134 3359 3277 3399 anno
3304 3340 3431 3397 556.
3474 3341 3578 3395 Sed
3614 3340 3737 3393 dum

2184 3440 2392 3511 Syriam
2434 3447 2685 3509 peragrat
2724 3437 2973 3503 Basilius,
3014 3436 3198 3490 videre
3242 3435 3414 3504 potuit
3453 3433 3511 3487 S.
3564 3432 3734 3486 Euse-

2183 3533 2329 3588 bium
2376 3531 2825 3595 Samosatensem,
2859 3542 3089 3597 quocum
3116 3537 3171 3582 et
3197 3537 3323 3580 ante
3368 3525 3733 3595 episcopatum

2184 3639 2341 3680 suum
2378 3632 2431 3676 et
2468 3624 2519 3677 in
2546 3622 2853 3693 episcopatu
2884 3619 3183 3674 arctissima
3215 3618 3453 3672 amicitia
3519 3613 3738 3682 conjun-

2187 3724 2304 3768 Ctus
2330 3712 2449 3767 fuit.
2480 3712 2752 3767 Neminem
2785 3727 2911 3765 sane
2936 3711 3111 3776 video,
3132 3725 3289 3779 quem
3326 3709 3574 3763 libentius
3602 3708 3741 3760 inter

2184 3820 2277 3861 eos
2295 3820 2587 3872 numerem,
2614 3818 2746 3875 quos
2768 3818 2824 3857 se
2843 3803 3068 3857 Basilius
3091 3812 3300 3867 patrum
3327 3799 3443 3853 loco
3466 3800 3733 3861 habuisse,

2185 3907 2239 3952 et
2260 3897 2454 3950 animae
2481 3911 2588 3950 suae
2616 3898 2777 3950 duces
2803 3904 3043 3949 secutum
3076 3908 3194 3947 esse
3221 3892 3371 3947 dicit.

2262 3988 2327 4043 ν.
2369 3986 2622 4041 Basilium
2668 3984 3003 4039 Alexandria:
3033 3983 3249 4037 morbus
3280 3981 3511 4035 detinuit
3538 3995 3599 4034 ac
3628 3993 3737 4033 me-

2188 4088 2300 4135 tum
2328 4078 2510 4135 attulit
2546 4092 2613 4131 ne
2642 4077 2693 4131 in
2723 4076 2953 4145 patriam
2982 4074 3155 4129 hieme
3191 4072 3367 4128 redire
3398 4088 3502 4127 non
3534 4082 3735 4141 posset.

2190 4172 2324 4227 Dum
2361 4179 2536 4223 autem
2568 4169 2618 4222 in
2652 4168 2750 4221 hac
2783 4174 3023 4221 moratur
3052 4166 3181 4220 urbe
3210 4164 3294 4234 (ὅ),
3334 4164 3507 4218 allata:
3541 4172 3662 4218 sunt
3688 4162 3736 4215 ei

2186 4262 2384 4318 littera:
2439 4258 2746 4323 Eustathii,
2814 4257 3117 4327 philosophi
3166 4256 3442 4323 cujusdam
3499 4255 3735 4319 ethnici,

2188 4369 2345 4426 quem
2393 4354 2617 4408 Athenis
2663 4352 2870 4406 rediens
2917 4351 3155 4405 visurum
3199 4364 3258 4403 se
3309 4349 3360 4402 in
3403 4346 3737 4417 Cappadocia

2191 4455 2526 4518 speraverat,
2554 4444 2647 4499 sed
2670 4444 2951 4513 qumsitum
2985 4442 3226 4496 invenire
3252 4456 3354 4494 non
3375 4441 3563 4510 potuit.
3592 4438 3740 4493 Post-

529 4527 762 4581 ruaxime
790 4526 983 4580 enituit
1018 4529 1187 4582 virtus
1226 4529 1281 4583 S.
1316 4527 1582 4594 Macriuzc,
1614 4545 1732 4599 qua:
1773 4544 1875 4586 non
1909 4531 2080 4585 solum
2114 4504 2159 4558 D
2193 4504 2253 4589 ea
2286 4532 2455 4587 morbi
2488 4531 2833 4594 obstiterunt,
2858 4530 3145 4600 quominus
3171 4544 3290 4583 eum
3319 4530 3532 4583 viseret.
3560 4527 3742 4599 Neque

530 4619 779 4673 invictam
822 4634 879 4675 se
907 4636 935 4675 a
967 4620 1146 4674 dolore
1192 4622 1436 4691 przestitit
1466 4661 1479 4685 ,
1516 4622 1604 4675 sed
1647 4622 1805 4677 etiam
1856 4630 2079 4676 matrem

532 4726 561 4764 e
609 4711 873 4781 profundo
916 4714 1160 4768 mmroris
1205 4715 1504 4769 constantia
1550 4730 1642 4769 sua
1685 4716 1978 4769 revocavit.
2023 4715 2078 4768 Si

531 4801 851 4857 Naucratius
880 4819 1020 4858 anno
1060 4805 1185 4869 550,
1216 4815 1268 4856 ut
1300 4806 1431 4858 satis
1476 4804 1743 4873 probabile
1770 4815 1873 4864 est.
1915 4806 1967 4859 in
1997 4806 2079 4860 ln-

531 4909 647 4949 cem
672 4903 755 4947 est
784 4894 977 4959 editus,
1009 4896 1128 4964 ejus
1182 4910 1328 4949 mors
1374 4895 1515 4949 circa
1563 4910 1756 4947 annum
1788 4895 1888 4949 ’557
1920 4896 2085 4951 (τοιιι)⁴

528 4985 734 5050 cauda;
781 4987 977 5055 quippe
1003 5002 1121 5042 cum
1166 5002 1306 5043 anno
1336 4988 1509 5040 aetatis
1549 4987 1803 5041 vicesimo
1849 4988 2085 5044 secundo

527 5078 833 5142 secesserit,
868 5078 1109 5149 quinque
1142 5094 1310 5134 annos
1354 5078 1653 5133 traduxerit
1688 5081 1739 5134 in
1773 5080 2078 5137 solitudine.

602 5170 690 5223 l‘v'.
733 5168 809 5223 Eo
851 5169 1152 5223 affluentior
1190 5178 1243 5225 et
1272 5170 1488 5225 uberior
1522 5171 1623 5225 fuit
1656 5172 1707 5225 in
1738 5169 1934 5226 Basilio
1963 5188 2083 5241 gra-

528 5261 599 5313 tia
631 5261 901 5330 baptismi,
931 5262 1072 5330 quod
1102 5262 1257 5316 simul
1286 5276 1345 5316 se
1370 5263 1613 5317 asceticaa
1654 5263 1775 5317 vita:
1804 5278 2083 5319 consecra-

597 5436 673 5509 (_n_)
700 5435 820 5509 μὶ).
854 5435 1170 5509 ος-δρὶτὶιιι
1201 5448 1400 5501 sancto,
1432 5454 1555 5509 cap.
1582 5439 1669 5495 29.

594 5505 669 5579 (ὁ)
700 5506 856 5579 Nyss.
907 5505 1009 5579 Vit.
1049 5506 1237 5571 Macr.,
1268 5526 1319 5579 p.
1356 5508 1472 5563 l8‘2.

596 5578 668 5641 (τ)
712 5578 842 5627 Naz.
874 5592 957 5642 ep.
997 5578 1049 5631 5.

621 5645 675 5714 d)
714 5645 840 5697 Naz.
872 5662 951 5699 or.
985 5647 1073 5701 20.

621 5645 675 5714 d)
714 5645 840 5697 Naz.
872 5662 885 5699 t

598 5644 665 5785 te)
705 5714 797 5783 Ep.
838 5717 885 5770 ί.

2190 4624 2355 4679 etiam
2393 4637 2511 4677 cum
2561 4638 2626 4677 eo
2662 4624 2892 4677 abeunte
2930 4622 2981 4674 in
3018 4621 3288 4675 Orientem
3334 4621 3597 4689 proficisci
3645 4638 3742 4690 po-

2191 4716 2308 4768 tuit.
2344 4713 2630 4783 Postquam
2666 4714 2717 4769 in
2747 4715 2955 4784 Syriam
2988 4712 3131 4767 venit
3159 4711 3401 4775 Basilius,
3431 4714 3595 4767 audiit
3626 4715 3744 4783 phi-

2194 4809 2473 4878 1050phum
2512 4808 2636 4862 inde
2667 4805 2861 4860 abiisse
2891 4805 2941 4857 in
2984 4802 3293 4874 Egyptum.
3330 4803 3457 4857 llluc
3488 4804 3646 4857 etiam
3686 4818 3745 4857 se

2192 4901 2451 4965 contulit,
2506 4914 2568 4953 ac
2625 4912 2693 4953 ne
2746 4898 2855 4952 illic
2903 4897 3117 4966 quidem
3169 4906 3407 4964 Optatum
3445 4896 3741 4965 philosophi

2191 5006 2547 5059 congressum
2601 4991 2812 5057 assequi
2863 4988 3055 5057 potuit.
3106 4987 3155 5041 ls
3199 4988 3340 5041 enim
3374 4987 3437 5039 ad
3470 4985 3658 5039 Persas
3692 4996 3746 5039 et

2191 5093 2469 5137 extremos
2503 5082 2763 5135 barbaros
2795 5079 3021 5133 abierat.
3073 5076 3309 5131 Tandem
3344 5078 3408 5131 ab
3438 5091 3502 5128 eo
3537 5074 3747 5128 l.tteras

2195 5173 2405 5243 accepit
2454 5171 2818 5234 Alexandriaz,
2870 5184 2935 5223 ex
2990 5167 3183 5235 quibus
3227 5166 3372 5221 illum
3421 5166 3473 5218 in
3515 5164 3742 5233 patriam

2186 5266 2407 5322 rediisse
2435 5264 2701 5335 cognovit.
2728 5262 2951 5331 Scripsit
2983 5262 3048 5316 ad
3071 5275 3190 5316 eum
3216 5258 3443 5316 Basilius
3466 5274 3530 5312 ex
3557 5258 3742 5312 eadem

2254 5441 2325 5511 (ί)
2362 5442 2461 5512 Ερ.
2492 5442 2617 5508 aes,
2653 5460 2705 5496 η.
2739 5443 2793 5498 2.

2256 5514 2330 5584 (g)
2372 5512 2603 5584 llrmpm.
2640 5513 2853 5582 Moral.,
2883 5528 2932 5584 p.
2963 5513 3086 5569 213.

2255 5583 2331 5651 (It)
2373 5582 2471 5649 Ep.
2506 5583 2628 5652 Ξοι,
2664 5600 2715 5638 ιι.
2746 5585 2797 5637 6.

2252 5653 2311 5723 (ὁ)
2360 5655 2452 5721 lup.
2481 5653 2530 5706 l.
