3992 6392
1520 307 1669 363 VlTA
1717 306 1771 362 S.
1814 307 2074 364 BASILll.
3328 340 3398 381 xv

181 427 281 476 urbe
307 423 610 492 epistolam
639 423 928 492 leporibus
956 422 1230 485 refertam,
1264 422 1313 475 in
1345 436 1446 491 qua
1485 437 1542 476 se
1572 423 1736 477 Athe-
1764 427 1811 484 Α

178 530 251 567 ms
292 515 592 580 reliquisse
622 552 636 573 ,
674 524 737 566 ut
765 512 1104 565 Eustathium
1157 512 1381 575 videret,
1435 526 1497 566 ac
1545 514 1731 565 eodem

177 603 384 659 consilio
428 604 483 656 in
550 603 837 658 Orientem
891 602 1287 672 peregrinatum
1317 616 1435 657 esse
1467 603 1644 671 lingit;
1681 612 1735 657 et

178 712 275 747 rum
300 708 421 747 eum
448 703 529 746 tot
566 696 622 746 in
666 694 801 747 locis
831 695 1112 763 quaesitum
1150 708 1252 747 non
1296 693 1606 760 reperisset,
1639 694 1734 745 du-

178 790 356 839 bitasse
387 802 457 837 an
494 800 612 839 non
661 786 777 839 fato
820 794 912 838 aut
962 785 1177 838 fortuna
1223 785 1398 837 omnia
1457 792 1731 851 regantur.

177 877 297 935 Hec.
320 876 577 941 inquam,
612 877 681 927 ab
707 889 769 927 eo
788 884 1038 943 peracute
1070 872 1361 942 ﬁnguntur,
1388 888 1485 927 nec
1512 871 1735 941 proinde

180 965 379 1016 nimium
413 963 613 1016 stricte
663 964 832 1031 accipi
868 963 1087 1016 debent.
1122 963 1254 1016 Nam
1295 963 1433 1029 quod
1465 977 1523 1017 se
1563 963 1732 1017 Athe-

177 1058 239 1107 nis
274 1054 611 1109 discessisse
649 1055 746 1119 ait,
780 1063 839 1107 ut
882 1054 1257 1123 philosophum
1288 1056 1517 1121 videret,
1568 1055 1732 1109 urba-

174 1148 371 1199 aissima
415 1155 503 1199 est
547 1146 713 1200 amici
763 1147 1011 1202 desiderii
1059 1148 1400 1216 signiﬁcatio,
1443 1163 1548 1201 non
1592 1148 1732 1216 quod

174 1239 297 1289 aiiud
327 1236 656 1290 discedendi
691 1236 975 1290 consilium
1006 1253 1109 1291 non
1154 1238 1423 1291 habuerit.
1466 1237 1734 1292 Dubitatio

168 1336 327 1377 autem
378 1326 497 1387 illa,
538 1340 647 1394 qua
681 1339 738 1379 se
772 1326 1031 1394 agitatum
1082 1325 1250 1379 fuisse
1280 1326 1430 1387 dicit,
1475 1342 1577 1379 non
1631 1328 1733 1381 alio

164 1428 357 1483 spectat
389 1418 526 1481 nisi,
560 1426 619 1470 ut
648 1417 866 1471 ethnico
901 1418 1218 1488 philosopho
1246 1433 1423 1472 veram
1452 1420 1514 1471 de
1544 1419 1731 1473 Provi-

164 1508 328 1559 eeatia
365 1508 704 1561 sententiam
739 1507 947 1563 facilius
983 1508 1237 1563 insinuet.
1271 1509 1418 1563 Hanc
1454 1511 1728 1579 epistolam

160 1598 391 1649 omnium
464 1598 702 1665 primam
781 1598 1184 1663 collocavimns,
1240 1610 1423 1668 utpote
1477 1601 1729 1668 scriptam

163 1702 291 1741 anno
321 1686 461 1751 557,
494 1687 645 1741 inter
680 1686 861 1740 Basilii
891 1686 1367 1757 peregrinationes.

1931 423 2179 480 Vulnerat
2217 425 2387 496 primo
2420 426 2647 483 Basilius
2678 430 2729 484 in
2762 429 3063 486 Tiberinam
3104 448 3220 488 sese
3259 438 3396 490 reei-

1848 531 1993 585 pere.
2036 516 2131 571 Est
2167 527 2344 573 autem
2382 519 2634 576 Tiberina
2678 522 2825 591 regio
2849 515 3088 592 quaedam
3127 524 3396 595 Cappado-

1841 609 1962 673 cize,
1990 609 2041 661 in
2066 624 2169 678 qua
2193 612 2326 665 situs
2346 618 2426 666 est
2456 610 2718 667 Arianzus
2736 612 2974 683 Gregorii
2999 615 3174 668 natale
3196 622 3388 671 solum.

1854 698 1996 753 Num
2036 701 2194 769 igitur
2222 703 2435 772 cogitas,
2469 706 2640 774 inquit
2667 706 2719 759 in
2756 706 2913 775 epist.
2944 705 3031 771 H,
3059 724 3160 775 quo
3190 724 3279 776 ego
3302 725 3393 774 pe-

1844 789 1999 843 riculi
2034 792 2226 845 stultus
2268 796 2520 859 venerim,
2564 812 2682 848 cum
2718 798 2887 849 sedent
2920 797 3216 865 hujusmodi
3244 796 3394 852 Tibe-

1844 883 1965 932 rina
1999 882 2139 934 orbis
2171 893 2426 938 terrarum
2451 886 2696 940 barathro
2721 900 3035 941 commutare
3064 890 3395 957 pertinaciter

1838 972 2029 1025 uellem
2053 975 2079 1026 ἱ)
2118 972 2337 1028 Videtur
2361 992 2480 1045 spes
2508 993 2628 1032 cum
2656 979 2911 1048 Gregorio
2951 980 3165 1033 vivendi
3200 979 3392 1047 przeci-

1837 1078 1999 1131 puum
2044 1064 2210 1119 fuisse
2235 1081 2351 1120 com
2372 1069 2605 1135 modum,
2637 1072 2775 1140 quod
2817 1071 2917 1125 sibi
2944 1070 3171 1125 Basilius
3202 1070 3392 1140 praefe-

1838 1156 2002 1207 renda
2043 1156 2165 1210 aliis
2218 1156 2350 1212 locis
2388 1158 2636 1215 Tiberina
2684 1171 3021 1233 proponeret.
3070 1162 3174 1217 Sed
3228 1163 3391 1232 ipsius

1836 1255 2006 1299 mater
2028 1258 2080 1301 et
2101 1263 2275 1311 soror,
2310 1266 2533 1320 quarum
2561 1254 2817 1309 intererat
2837 1270 2954 1308 eum
2979 1269 3079 1307 non
3107 1263 3211 1307 tam
3237 1254 3391 1321 longe

1835 1340 2104 1407 secedere,
2153 1340 2275 1396 huic
2324 1344 2578 1410 consilio,
2620 1354 2677 1399 ut
2716 1345 3005 1400 verisimile
3036 1353 3140 1407 est,
3171 1343 3392 1397 obstite-

1835 1441 1977 1495 runt,
2003 1448 2064 1487 ac
2103 1437 2316 1489 orando
2343 1444 2395 1489 et
2436 1436 2683 1491 instando
2706 1440 2994 1509 pcrfeeere,
3028 1446 3085 1491 ut
3123 1436 3270 1490 illum
3303 1442 3387 1489 at-

1839 1523 2111 1577 traherent
2143 1525 2193 1578 in
2232 1526 2407 1579 locum
2434 1529 2546 1583 solo
2568 1528 2782 1584 ﬁumine
2825 1530 2892 1583 ab
2915 1543 3094 1587 earum
3126 1534 3391 1582 monasteo

1841 1614 1921 1666 rio
1951 1614 2219 1669 dissitum.

1911 1702 2197 1772 Postquam
2239 1703 2461 1769 degendi
2502 1718 2630 1758 cum
2672 1702 2927 1769 Gregorio
2978 1717 3101 1772 spes
3140 1704 3386 1770 evanuit,

220 1780 374 1848 Quod
409 1780 695 1834 metuebat
727 1780 979 1842 Basilius,
1024 1780 1148 1832 dum
1182 1788 1326 1834 esset
1360 1781 1724 1847 Alexandriae,

1836 1793 2070 1847 dolorem
2111 1809 2267 1848 suum
2301 1795 2525 1847 Basilius
2557 1808 2661 1846 non
2691 1794 2851 1847 corde
2882 1795 3097 1862 pressit,
3142 1796 3236 1849 sed
3273 1796 3391 1849 vio-

158 1888 217 1926 ne
248 1886 305 1926 se
335 1871 570 1925 morbus
600 1871 655 1924 in
681 1869 906 1939 patriam
935 1869 1113 1923 hieme
1142 1870 1317 1924 redire
1352 1886 1453 1923 non
1485 1871 1720 1934 sineret;

157 1964 204 2016 id
237 1973 568 2030 argumento
611 1971 697 2014 est
726 1977 847 2015 eum
877 1963 942 2016 de
972 1960 1129 2017 celeri
1175 1975 1239 2015 ac
1278 1970 1522 2031 prompto
1554 1962 1724 2016 reditu

156 2055 418 2123 cogitasse
470 2067 599 2105 cum
634 2052 747 2106 haec
777 2052 1058 2116 scriberet,
1096 2066 1159 2105 ac
1200 2053 1419 2120 proinde
1453 2052 1562 2118 jam
1612 2068 1726 2106 mo-

157 2148 386 2200 nasteria
418 2146 749 2210 Palaestina,
796 2145 1105 2213 leesyrize
1132 2154 1186 2199 et
1217 2145 1611 2215 Mesottotamia:
1644 2146 1722 2199 vi-

155 2242 360 2292 sitasse.
394 2238 506 2292 Sed
533 2254 657 2291 cum
687 2252 829 2307 smpe
858 2237 1119 2307 ejusmodi
1152 2237 1352 2291 morbis
1378 2236 1722 2299 lahoraverit,

154 2347 243 2385 nec
294 2331 510 2384 idcirco
557 2344 688 2383 suos
734 2328 1086 2382 intermiscrit
1137 2326 1367 2391 labores,
1422 2328 1715 2382 verisimile

152 2438 247 2476 non
286 2431 375 2475 est
424 2435 552 2473 eum
601 2420 787 2473 tandiu
828 2418 1163 2472 Alexandria:
1211 2419 1483 2473 detentum
1538 2417 1719 2475 fuisse.

154 2515 419 2567 Reversus
468 2520 655 2564 autem
689 2510 742 2563 in
787 2509 1040 2578 patriam,
1084 2523 1202 2562 cum
1234 2516 1377 2564 totus
1421 2509 1633 2562 arderet
1660 2524 1721 2561 ea

154 2605 389 2659 imitandi
433 2603 619 2657 studio
652 2601 754 2670 (α),
785 2615 903 2668 quae
943 2600 994 2652 in
1037 2599 1254 2655 remotis
1296 2600 1609 2668 regionibus
1642 2602 1724 2653 vi-

154 2698 326 2759 derat,
371 2694 585 2747 nullam
628 2692 838 2745 videtur
860 2706 1062 2744 moram
1089 2691 1487 2759 interposuisse,
1507 2692 1598 2745 sed
1617 2700 1727 2745 sta-

155 2790 239 2840 tim
288 2788 593 2849 perlecisse
627 2783 939 2845 consilium,
980 2783 1118 2851 quod
1157 2783 1350 2836 dudum
1388 2782 1722 2846 extenderat,

155 2888 309 2931 utsua
331 2877 526 2931 omnia
550 2874 881 2944 pauperibus
913 2875 1260 2929 distribueret
1288 2888 1351 2927 ac
1395 2888 1512 2929 sese
1541 2873 1593 2927 in
1637 2888 1726 2929 so-

154 2971 420 3024 [tudinem
456 2970 748 3038 reciperet.

214 3061 300 3115 ῩΙ.
356 3061 575 3114 Locum
634 3059 796 3129 elegit
846 3056 1083 3112 secessui
1145 3057 1413 3125 idoneum,
1482 3066 1720 3112 montem

1832 1883 1989 1935 latam
2040 1882 2105 1935 ab
2150 1884 2323 1937 amico
2372 1884 2751 1953 promissorum
2815 1882 2969 1937 ﬁdem
3021 1894 3242 1953 questus
3282 1897 3385 1940 est.

1831 1973 1943 2027 Non
1980 1974 2238 2028 habemus
2284 1974 2560 2044 epistolam
2600 1974 2652 2027 in
2688 1990 2789 2042 qua
2819 1974 2932 2027 haec
2955 1974 3253 2040 scribebat;
3286 1975 3382 2029 sed

1830 2072 2006 2116 exstat
2036 2062 2277 2133 Gregorii
2318 2065 2593 2131 responsio
2618 2064 2714 2134 (g),
2750 2065 2836 2134 qui
2867 2064 3132 2133 obiectum
3178 2066 3383 2120 crimen

1827 2169 1932 2208 non
1960 2154 2245 2208 inﬁciando
2265 2155 2492 2223 repellit,
2522 2154 2611 2208 sed
2632 2154 2844 2222 pietatis
2867 2154 3170 2223 parentibus
3196 2154 3386 2208 debila:

1826 2249 2339 2302 connuemoratione
2390 2251 2704 2319 deprecatur
2746 2266 2758 2302 :
2816 2264 2877 2302 ac
2926 2249 3035 2303 litis
3077 2250 3386 2304 dirimenda:

1826 2355 1987 2393 causa
2017 2340 2116 2393 hoc
2158 2350 2640 2409 temperamentum
2680 2340 2949 2407 proponit.
2984 2350 3039 2393 ut
3086 2341 3279 2409 partim
3319 2342 3383 2394 ad

1826 2440 1882 2478 sc
1917 2424 2161 2491 Basilius,
2194 2428 2394 2489 partim
2426 2428 2538 2495 ipse
2574 2429 2639 2480 ad
2668 2428 2917 2480 Basilinm
2944 2429 3189 2481 ventitet.

1897 2515 2068 2568 Aliam
2095 2517 2373 2571 amisimus
2402 2516 2580 2569 Basilii
2616 2518 2918 2586 epistolam,
2951 2519 3003 2571 in
3039 2534 3139 2587 qua
3165 2517 3385 2585 iocaba-

1828 2616 1911 2659 tur
1960 2607 2008 2659 in
2042 2607 2370 2662 Tiberinam.
2416 2607 2658 2660 Vicissim
2706 2624 2828 2662 cum
2862 2608 3147 2677 Gregorius
3190 2625 3379 2680 perur-

1827 2698 1980 2752 banis
2013 2699 2065 2752 in
2096 2698 2398 2753 Cmsaream
2420 2699 2504 2754 ubi
2528 2710 2682 2753 natus
2709 2710 2920 2765 erat,et
2945 2702 3386 2789 inPontumiquo

1825 2789 2127 2856 accedebat,
2160 2789 2397 2845 dicteriis
2442 2792 2711 2845 remordet
2754 2790 2831 2859 (It)
2873 2810 2886 2822 ·
2938 2791 3090 2845 Ponti
3139 2797 3385 2848 tenebras

1827 2880 2084 2947 exagitat,
2116 2881 2205 2935 ubi
2238 2880 2403 2935 solem
2431 2883 2496 2934 ad
2532 2892 2736 2935 certum
2767 2884 2979 2936 modum
3020 2885 3190 2953 accipi
3230 2886 3381 2941 dicit.

1833 2968 1982 3034 Quod
2005 2984 2210 3040 speetat
2234 2971 2297 3025 ad
2328 2970 2647 3038 Caesaream,
2693 2988 2789 3043 pro
2821 2972 2932 3027 luto
2968 2973 3153 3042 objicit
3182 2989 3384 3044 caupo-

1831 3076 1946 3124 nas,
1988 3071 2043 3115 et
2088 3062 2342 3131 quidquid
2375 3065 2534 3119 urbes
2574 3072 2729 3134 turpe
2760 3074 2815 3118 et
2856 3066 3257 3121 incommodum
3300 3066 3382 3121 fe-

154 3154 433 3222 quemdam
463 3152 534 3205 ad
573 3150 724 3218 ripas
754 3147 910 3202 lridis
938 3148 1103 3212 ﬂuvii,
1137 3149 1225 3218 qui
1260 3163 1323 3201 ex
1356 3148 1607 3202 Armenia
1634 3163 1723 3201 or-
1749 3130 1790 3185 (ἶ
1828 3164 1969 3206 runt.
2004 3130 2167 3207 Vocat
2200 3130 2452 3209 Basilium
2479 3155 2575 3209 luti
2611 3130 2887 3226 expertem
2916 3158 3116 3224 virum,
3148 3167 3202 3212 et
3235 3172 3383 3211 sum-

154 3258 229 3300 tus
256 3246 492 3300 Pontum
539 3244 752 3311 irrigat,
781 3251 835 3295 et
876 3243 927 3293 in
963 3241 1226 3294 Euxinum
1260 3239 1487 3294 Pontum
1521 3239 1724 3294 delabi-

152 3350 227 3391 tur
254 3338 352 3407 (b).
389 3337 478 3389 Ad
513 3335 745 3388 alteram
794 3331 940 3384 ﬂuvii
988 3332 1157 3399 ripam
1191 3330 1291 3383 sila
1323 3338 1439 3383 erat
1485 3330 1631 3392 villa,
1669 3329 1719 3383 in

154 3446 247 3499 qua
270 3429 532 3488 Basilius,
565 3426 708 3495 apud
734 3425 908 3477 aviam
933 3421 1220 3475 Macrinam
1244 3420 1503 3473 educatus
1528 3419 1717 3473 fuerat.

152 3520 252 3573 [lac
293 3521 345 3573 in
399 3517 561 3581 villa,
603 3530 723 3585 quae
766 3524 985 3582 paterna
1036 3511 1316 3565 hatreditas
1349 3517 1468 3563 erat
1507 3507 1723 3561 familia:

152 3612 203 3663 S.
233 3610 447 3673 Basilii,
480 3618 539 3661 et
577 3614 701 3675 post
729 3615 953 3657 mortem
990 3601 1046 3654 S.
1079 3599 1350 3654 Emmeliae
1382 3598 1460 3669 (c)
1493 3598 1550 3653 S.
1584 3597 1718 3652 Gre-

152 3704 290 3769 gorio
336 3698 605 3769 Nysseno
650 3694 838 3759 cessit,
881 3680 1251 3759 constructbm
1288 3697 1405 3742 erat
1454 3696 1724 3742 monaste~

154 3798 278 3849 rium
315 3809 345 3848 a
382 3793 611 3861 virgine
644 3787 903 3851 Macrina,
948 3787 999 3838 in
1032 3800 1136 3854 quo
1180 3782 1397 3837 fratrem
1429 3797 1587 3837 suum
1623 3780 1725 3835 Pe-

156 3900 280 3941 trum
312 3903 341 3940 a
376 3886 593 3940 teneris
620 3883 690 3937 ad
718 3897 930 3935 omnem
965 3882 1218 3933 virtutem
1251 3879 1423 3941 ﬁnxit,
1458 3886 1513 3930 et
1539 3890 1722 3930 saera-

158 3995 257 4031 rtun
288 3980 610 4032 litterarum
643 3972 952 4041 cognitione
981 3969 1170 4023 imbuit
1194 3967 1292 4037 (ά).
1329 3968 1587 4022 llemotus
1618 3982 1720 4020 non

160 4080 255 4123 erat
285 4070 375 4124 hic
411 4080 589 4135 pagus
625 4063 696 4117 ab
724 4063 853 4117 urbe
876 4060 1244 4124 Neocaesarea,
1286 4058 1426 4111 unde
1460 4056 1642 4112 Basilii
1669 4058 1721 4111 in

160 4162 283 4213 hunc
319 4159 509 4212 locum
546 4154 781 4207 adventu
807 4165 949 4204 anno
978 4149 1081 4203 375
1119 4157 1292 4202 terror
1322 4147 1553 4217 injectus
1585 4144 1724 4201 Neo—

158 4246 592 4307 rasariensibus,
642 4242 794 4309 quasi
843 4240 1069 4293 Basilius
1106 4241 1157 4291 in
1192 4253 1377 4292 eorum
1425 4239 1610 4291 urbem
1643 4239 1722 4292 in-

156 4340 282 4403 gredi
313 4343 577 4406 pararet.
610 4330 729 4384 Non
765 4340 941 4383 tamen
976 4329 1248 4398 subjectus
1284 4337 1403 4381 erat
1446 4327 1720 4382 Neocaesa-

155 4445 259 4495 τα,
292 4430 392 4482 sed
444 4426 653 4488 lborze,
684 4422 889 4491 exigue
916 4421 1117 4475 civitati
1163 4437 1264 4475 non
1300 4420 1484 4489 procul
1529 4422 1723 4475 distan-

163 4523 193 4574 ti
214 4522 305 4592 (e),
355 4520 527 4589 cujus
574 4516 858 4586 episcopus
908 4512 1138 4567 Araxius
1184 4511 1241 4566 S.
1284 4511 1533 4567 Macrime
1574 4513 1718 4580 justa

156 4612 404 4678 persolvit
427 4622 545 4661 una
575 4620 697 4660 cum
727 4600 783 4657 S.
810 4602 1071 4672 Gregorio
1102 4600 1345 4672 Nysseno
1368 4603 1456 4671 qui
1484 4617 1602 4656 eum
1630 4618 1721 4656 vo-

158 4713 226 4754 cat
274 4703 536 4755 locorum
602 4694 815 4747 illorum
862 4694 1282 4763 episcopumln.
1326 4692 1476 4748 llunc
1529 4708 1718 4762 pagum

160 4793 373 4845 Animos
448 4793 710 4838 vocatum
778 4784 942 4837 fuisse
993 4783 1346 4853 perspicimus
1409 4797 1471 4838 ex
1540 4783 1720 4837 Basilii

158 4882 298 4949 epist.
332 4880 389 4942 5,
420 4879 479 4929 in
516 4890 621 4943 qua
657 4874 892 4941 loquitur
921 4873 984 4926 de
1028 4873 1256 4941 quodam
1303 4873 1499 4942 agresti
1536 4889 1599 4927 ea:
1635 4875 1721 4941 iis,

159 4972 335 5040 inquit,
360 4970 458 5040 qui
489 4966 761 5019 nobiscum
789 4965 1008 5018 Annesis
1039 4973 1444 5018 commorantur.
1472 4962 1594 5019 "me
1629 4981 1723 5019 au-

160 5072 250 5115 tem
292 5064 358 5115 de
406 5076 556 5130 pago
592 5069 740 5112 trans
779 5060 970 5113 lridem
1015 5056 1116 5113 sito
1153 5058 1321 5126 accipi
1367 5058 1560 5112 debere
1600 5057 1723 5111 inde

163 5157 497 5223 perspicitur,
544 5153 688 5223 quod
720 5152 902 5206 Basilii
949 5152 1181 5207 solitudo
1225 5150 1291 5204 ab
1317 5149 1461 5204 omni
1492 5163 1713 5205 urorsus

164 5251 422 5305 hominum
450 5246 859 5304 consuetudine
890 5254 1093 5301 remota
1135 5254 1297 5301 esset.

222 5375 287 5434 la)
319 5376 418 5445 Ep.
456 5372 591 5445 Ξῖξ),
633 5387 687 5425 n.
719 5370 801 5445 ξ...
889 5437 919 5445 η
984 5412 1023 5445 ,Σ

223 5448 289 5512 (ὁ)
326 5437 496 5513 Greg.
536 5443 698 5512 Nyss.
740 5438 847 5493 Vit.
881 5437 1161 5513 Sullam,
1194 5454 1247 5509 p.
1291 5438 1409 5493 182.

226 5508 287 5581 (ι’)
318 5516 413 5570 0r.
440 5508 495 5567 in
530 5508 601 5567 ιιξ
634 5520 818 5581 ηψπ-ι’.³
853 5524 902 5574 p.
937 5508 1060 5562 ΞΗ.

228 5578 295 5648 (Α)
323 5586 481 5654 Nyss.
530 5584 633 5635 Vit.
758 5579 952 5642 Much,
984 5595 1036 5647 p.
1066 5578 1187 5654 18;}.

193 5658 287 5723 Αρ)
325 5650 484 5726 Nyss.
523 5655 620 5726 ορ
653 5652 709 5703 in
736 5665 804 5703 ιιι
831 5650 1247 5726 ηιίιξιηρζκὲίὲ.

229 5718 285 5796 in
330 5718 430 5780 rit.
459 5726 523 5781 s.
561 5721 759 5785 Μαενη
792 5734 844 5789 p.
876 5718 997 5782 eoo,
1024 5718 1146 5776 202.

1827 3243 1927 3297 mis
1968 3244 2196 3312 pedibus
2236 3245 2595 3311 incedentem,
2632 3256 2920 3316 pennatum
2968 3262 3033 3302 ac
3056 3248 3383 3316 pendulum,

1826 3347 1882 3389 ut
1912 3337 2156 3404 quamvis
2189 3336 2257 3388 sit
2294 3336 2601 3405 Cappadox,
2646 3336 3035 3405 Cappadociam
3087 3335 3271 3408 fugiat.
3308 3337 3385 3390 Ex

1825 3430 2017 3498 quibus
2048 3429 2227 3483 verbis
2264 3429 2458 3498 colligo
2494 3428 2750 3481 Basiliam
2789 3427 3022 3481 nondum
3055 3429 3382 3493 secessisse,

1824 3535 1942 3573 eum
1982 3521 2092 3573 haec
2132 3518 2391 3573 scriberet
2437 3518 2749 3589 Gregorius,
2797 3518 2888 3572 sed
2926 3527 3104 3572 tamen
3130 3518 3238 3585 jam
3274 3528 3384 3572 sta-

1828 3612 1989 3665 tuisse
2023 3610 2411 3681 Cappadociam
2455 3609 2637 3680 fugere
2666 3619 2721 3665 et
2767 3611 2819 3663 in
2857 3610 3084 3664 Pontum
3127 3625 3185 3666 se
3235 3610 3373 3665 reci-

1826 3719 1968 3772 pere.

1895 3793 2125 3847 Basilius
2166 3793 2414 3847 omnibus
2458 3794 2620 3847 rebus
2667 3792 2739 3846 ita
2786 3806 2905 3846 sese
2949 3792 3242 3845 nudaverat
3292 3790 3380 3861 (ἱ),

1828 3894 1886 3937 ttt
1918 3885 2046 3937 nihil
2079 3884 2298 3938 haberet
2330 3890 2521 3954 printer
2550 3900 2742 3952 corpus
2774 3892 2825 3936 et
2859 3884 3158 3937 necessaria
3191 3898 3382 3950 corpo-

1824 3976 1897 4029 ris
1920 3976 2308 4046 integumenta.
2336 3974 2525 4029 Cilicio
2548 3989 2742 4041 corpus
2766 3974 2975 4041 tegebat
2993 3972 3080 4042 (j),
3105 3973 3195 4026 sed
3224 3981 3379 4025 noctu

1826 4075 2052 4131 tantum,
2104 4077 2162 4118 ut
2198 4066 2383 4119 oculos
2436 4065 2710 4119 hominum
2760 4065 2972 4118 vitaret.
3019 4064 3186 4119 Nemo
3236 4073 3379 4117 tanta

1825 4157 1997 4212 inedia
2032 4158 2259 4211 exstitit.
2295 4157 2425 4209 Erat
2451 4157 2552 4220 illi,
2581 4156 2751 4223 inquit
2777 4154 3172 4217 Nazianzenus.
3206 4156 3381 4208 tunica

1824 4266 1949 4310 una,
1995 4257 2042 4301 et
2077 4247 2295 4316 pallium
2333 4262 2514 4310 unum,
2560 4255 2605 4299 et
2647 4255 2843 4298 stratus
2893 4244 3037 4296 humi
3082 4245 3298 4297 lectulus
3335 4253 3383 4298 et

1824 4340 2046 4403 illuvies,
2077 4349 2123 4392 et
2165 4339 2357 4406 vigilia:
2387 4336 2517 4405 (illa
2539 4337 2652 4405 ejus
2676 4337 2861 4388 decora
2891 4346 2940 4387 et
2971 4334 3306 4403 ornamenta)
3335 4344 3383 4386 et

1825 4430 2133 4482 suavissima
2172 4444 2312 4480 coma
2343 4439 2387 4479 et
2436 4426 2726 4486 obsonium,
2767 4424 2918 4492 panis
2956 4431 3005 4476 et
3039 4423 3141 4488 sal,
3172 4440 3380 4489 novum,

1826 4516 2059 4581 inquam,
2089 4513 2220 4566 illud
2259 4512 2660 4571 condimentum,
2692 4517 2738 4561 et
2774 4509 2913 4572 potio
2939 4508 3110 4561 sobria
3146 4516 3193 4561 et
3234 4509 3386 4560 uber-

1828 4607 1987 4670 rima,
2033 4620 2187 4674 quam
2219 4604 2362 4655 nobis
2414 4600 2544 4653 nihil
2579 4600 2932 4653 laborantibus
2968 4601 3133 4669 fontes
3162 4598 3383 4667 profun-

1831 4698 1981 4749 dunt.
2029 4694 2111 4748 Ea:
2161 4696 2364 4763 quibus,
2410 4695 2513 4745 imo
2565 4708 2681 4743 cum
2716 4692 2924 4760 quibus,
2956 4692 3122 4744 morbi
3154 4707 3214 4743 ac
3243 4706 3384 4742 mor-

1832 4786 2011 4839 borum
2074 4784 2369 4837 curationes
2422 4791 2804 4851 prontanarunt
2859 4795 2876 4832 :
2934 4781 3070 4850 quod
3120 4793 3386 4833 commune

1841 4878 2107 4944 utriusque
2142 4886 2371 4928 nostrum
2405 4874 2633 4927 studium
2668 4871 2785 4940 fuit.

1898 4968 2145 5021 Testatur
2176 4966 2335 5020 etiam
2362 4963 2634 5034 Nyssenus
2682 4962 2930 5017 Basilium
2970 4960 3041 5029 (li)
3085 4960 3383 5029 parcissimi

1829 5061 1932 5115 cibi
1969 5061 2162 5121 fuisse,
2194 5068 2245 5111 et
2277 5072 2401 5110 cum
2432 5068 2593 5108 carne
2620 5070 2713 5109 sua
2750 5070 2853 5107 nou
2883 5053 3057 5116 aliter,
3081 5067 3239 5122 quam
3264 5066 3384 5104 cum

1831 5166 1986 5207 servo
2012 5149 2235 5220 fugitivo
2256 5147 2639 5201 inexorabilem
2659 5147 2932 5201 dominum
2957 5144 3150 5213 egisse.
3176 5140 3384 5207 Quanto

1834 5244 2138 5299 sanctitatis
2166 5241 2216 5295 in
2249 5241 2426 5294 anima
2462 5252 2509 5294 et
2544 5253 2766 5309 corpore
2795 5238 3072 5299 servandae
3106 5235 3284 5289 studio
3307 5243 3385 5288 tev

1920 5366 1967 5435 θ)
2007 5364 2137 5419 Naz.
2165 5379 2249 5432 ep.
2281 5361 2333 5413 5.

1896 5366 1972 5507 in)
2013 5437 2108 5503 Ep.
2141 5435 2192 5488 6.
2286 5502 2333 5507 __

1921 5438 1972 5503 lt)
2013 5437 2108 5503 Ep.
2141 5435 2192 5488 6.

1894 5502 1956 5575 (ι)
2011 5502 2135 5557 Naz.
2170 5519 2251 5557 or.
2280 5502 2369 5555 20.

1898 5578 1963 5646 (λ)
2002 5576 2129 5646 Ibid:

1896 5640 1967 5717 (lt)
2014 5646 2078 5699 In
2106 5643 2270 5697 Basil.
2305 5659 2353 5711 ν.
2382 5640 2499 5706 tot),
2532 5640 2652 5694 tuo.

2689 5800 2776 5860 ,ρ
