3992 6392
641 399 691 438 νι

640 505 881 576 agnoscit
931 504 1179 571 Pontum,
1228 506 1353 561 ibid.
1386 520 1439 574 p.
1488 505 1611 564 182.
1643 505 1837 561 Narrat
1863 507 2091 563 Basilius
2132 510 2184 562 in
2220 514 2264 570 Α

638 597 797 666 epist.
824 596 883 650 5!
918 610 977 651 se
1004 612 1123 652 cum
1162 597 1342 653 multis
1374 599 1427 651 in
1473 598 1646 667 patria
1682 597 1847 652 Deum
1881 599 2196 656 timentibus

639 687 995 742 insolabiliter
1038 687 1293 753 doluisse,
1345 688 1483 757 quod
1526 688 1750 743 Dianius
1780 689 2020 744 formulae
2051 690 2194 745 Con-

639 778 980 849 stantinopoli
1010 779 1184 834 allatae
1207 782 1645 850 subscripsisset:
1677 785 1902 849 patriam
1925 781 2196 850 appellans

638 869 790 926 Ponti
817 871 1154 926 solitudinem
1186 872 1237 925 in
1270 888 1374 942 qua
1404 881 1531 928 tunc
1564 873 1929 929 delitescebat.
1958 872 2197 942 Cumque

639 962 924 1032 aliquando
976 978 1096 1018 sese
1146 978 1209 1016 ex
1264 964 1369 1018 hac
1419 964 1708 1019 solitudine
1758 967 1823 1017 ad
1877 964 2195 1033 Gregorium

634 1053 1032 1107 Nazianzenum
1086 1052 1398 1108 contulisset
1446 1063 1499 1109 et
1532 1057 1668 1123 apud
1721 1072 1843 1109 eum
1873 1066 2195 1120 moraretur,

639 1143 721 1195 sui
758 1142 907 1195 illum
955 1140 1153 1197 fratres
1200 1144 1480 1197 amicitiam
1533 1154 1579 1198 et
1606 1146 1827 1213 patriam
1885 1162 2194 1201 commemo—

638 1246 808 1289 rantes
838 1234 935 1304 (a),
964 1235 1124 1288 veluti
1154 1234 1439 1306 profugum
1481 1239 1762 1305 quemdam
1813 1251 2067 1294 revocare
2101 1254 2194 1294 co-

642 1327 752 1381 nati
781 1336 925 1381 sunt.
958 1326 1309 1397 Praepositum
1331 1329 1613 1394 quemdam
1647 1343 1903 1397 pagorum
1940 1330 1993 1384 in
2028 1329 2195 1386 Ponto

639 1419 867 1488 appellat
900 1420 1089 1488 patriae
1112 1418 1477 1488 praepositum,
1507 1420 1558 1474 in
1588 1421 1747 1489 epist.
1773 1421 1860 1475 87.

708 1507 833 1563 υἷες
870 1510 1171 1564 testimonia
1209 1509 1259 1563 in
1302 1511 1530 1578 speciem
1563 1512 1852 1580 pugnantia
1879 1513 1922 1566 si
1973 1513 2112 1567 inter
2137 1528 2197 1569 se

630 1600 1001 1665 conferantur,
1061 1600 1179 1669 plus
1232 1601 1480 1670 equidem
1547 1599 1803 1672 Gregorio
1857 1599 2193 1657 Nazianzeno

643 1694 893 1756 tribuam,
941 1692 1032 1761 qui
1072 1690 1330 1745 Basilium
1365 1691 1731 1760 Cappadocem
1763 1691 2013 1763 appellat,
2045 1700 2194 1746 ante-

638 1798 796 1851 quam
824 1781 925 1835 ulia
951 1782 997 1836 ei
1018 1782 1357 1837 necessitudo
1381 1796 1500 1835 cum
1527 1780 1858 1851 Cappadocia
1892 1784 2192 1837 intercede-

640 1885 741 1937 ret,
774 1882 969 1943 prmter
1002 1888 1117 1927 eam
1149 1887 1309 1942 quam
1341 1884 1530 1927 natura
1560 1875 1904 1930 coullaverat.
1949 1873 2196 1929 Nondum

635 1966 777 2020 enim
810 1965 1088 2035 episcopus
1113 1975 1232 2019 erat
1262 1974 1355 2018 aut
1381 1965 1684 2036 presbyter.
1720 1964 1938 2021 Litteris
1979 1966 2194 2035 quidem

634 2058 893 2113 Cmsarere
920 2071 1138 2126 operam
1172 2056 1424 2124 dederat;
1454 2058 1548 2113 sed
1580 2058 1632 2112 id
1657 2056 1789 2111 tanti
1818 2073 1922 2112 non
1948 2069 2085 2125 erat,
2104 2074 2198 2113 cur

635 2148 923 2216 Cappadox
951 2147 1253 2201 diceretur:
1290 2147 1408 2201 alia:
1432 2148 1577 2202 enim
1612 2148 1776 2203 urbes
1803 2149 1913 2218 pari
1949 2148 2069 2217 jure
2098 2147 2197 2200 Ba-

633 2240 812 2293 siliuut
844 2239 944 2293 sibi
978 2239 1360 2293 vindicassent.
1391 2238 1546 2293 Aliud
1581 2252 1707 2306 ergo
1752 2254 1926 2295 causae
1960 2254 2064 2293 non
2117 2239 2226 2316 vi-.

632 2329 792 2382 detur
828 2329 1098 2383 exstitisse
1136 2341 1232 2381 cur
1260 2327 1547 2397 Cappadox
1588 2328 1881 2393 diceretur,
1921 2329 2020 2383 nisi
2056 2330 2197 2398 quod

634 2419 893 2472 Caesarea:
924 2418 975 2471 in
1014 2417 1183 2471 lucem
1215 2418 1393 2472 editus
1434 2416 1625 2472 fuerat.
1651 2420 1721 2472 At
1750 2418 1956 2474 facilius
1979 2428 2061 2475 est
2101 2434 2193 2473 ex-

634 2504 834 2573 plicare
854 2520 950 2559 cur
976 2504 1202 2559 Pontum
1224 2505 1447 2572 patriam
1473 2506 1700 2575 appellet
1731 2506 1975 2569 Basilius,
2009 2523 2197 2576 quam-

634 2595 715 2649 vis
743 2605 898 2647 natus
922 2595 972 2647 in
1014 2595 1113 2649 hac
1146 2595 1361 2663 regione
1389 2610 1494 2649 non
1521 2594 1730 2651 fuisset.
1762 2596 1885 2652 lltec
1923 2598 2065 2651 enim
2100 2614 2199 2668 pa-

618 2688 736 2742 ‘tria
763 2687 1003 2754 parentis
1030 2696 1085 2741 et
1127 2702 1348 2742 avorum
1380 2707 1393 2741 :
1437 2688 1507 2743 ibi
1557 2700 1706 2759 pater
1735 2691 2063 2745 domicilium
2097 2693 2193 2745 ha-

640 2782 834 2835 buerat
866 2796 879 2832 :
918 2779 986 2833 ibi
1015 2781 1123 2835 nati
1168 2780 1379 2836 fuerant
1407 2780 1589 2834 Basilii
1618 2780 1812 2835 fratres
1843 2800 1858 2835 :
1908 2784 1975 2837 ibi
2006 2785 2197 2838 nutrici

635 2869 858 2924 traditus
878 2869 1135 2926 alendus:
1167 2872 1237 2926 ibi
1273 2872 1444 2943 prima
1481 2872 1622 2927 illius
1655 2883 1706 2927 et
1730 2873 1941 2939 pietatis
1976 2883 2027 2927 et
2056 2875 2198 2929 litte-

624 2977 818 3017 rarum
864 2964 1112 3018 tirocinia
1148 2981 1160 3015 :
1203 2964 1277 3019 ibi
1321 2964 1515 3020 dilecta
1564 2964 1818 3031 solitudo,
1847 2966 1899 3019 in
1929 2980 2088 3034 quam
2140 2982 2198 3022 se

634 3067 932 3126 receperat.
963 3055 1064 3111 Tot
1089 3071 1215 3128 ergo
1237 3057 1544 3112 nominibus
1573 3058 1697 3112 huic
1730 3058 1846 3113 loco
1879 3058 2195 3124 obstrictus,

634 3165 738 3205 non
769 3150 1038 3204 immerito
1068 3148 1215 3203 illum
1246 3150 1417 3204 instar
1440 3149 1625 3217 patria:
1663 3149 1911 3204 habebat.
1945 3148 2034 3204 Sic
2061 3149 2194 3205 Gre-

634 3240 817 3311 gorius
846 3240 1119 3312 Nyssenus
1153 3240 1353 3306 locum,
1406 3240 1458 3294 in
1510 3254 1616 3310 quo
1650 3241 2001 3311 quadraginta
2048 3256 2191 3295 mar-
2223 3217 2263 3275 C

634 3347 779 3410 tyres
828 3338 969 3408 passi
1016 3338 1247 3403 fuerant,
1291 3336 1515 3407 patriam
1551 3351 1701 3391 suam
1726 3350 1846 3392 esse
1871 3336 2019 3403 dicit,
2073 3336 2194 3405 quia

632 3438 843 3499 patrum
878 3444 1094 3484 suorum
1143 3429 1316 3497 patria
1344 3438 1484 3494 erat,
1504 3435 1643 3483 tam.
1676 3426 1764 3494 lll,
1799 3444 1852 3498 p.
1885 3427 2008 3483 500.
2052 3428 2195 3481 Idem

634 3522 685 3575 in
711 3522 952 3575 oratione
981 3522 1033 3575 in
1055 3521 1113 3576 S.
1148 3520 1494 3588 Theodorum,
1524 3536 1576 3590 p.
1599 3519 1722 3586 585,
1750 3521 2031 3576 Amaseam
2057 3519 2197 3573 illius

633 3612 856 3681 patriam
878 3622 1051 3674 vocat,
1070 3613 1213 3681 quia,
1237 3613 1502 3681 martyris,
1524 3613 1715 3683 inquit,
1746 3615 1919 3681 patria
1951 3613 2093 3667 locus
2119 3621 2196 3665 est

646 3704 924 3771 passionis.
950 3703 1086 3770 Quin
1116 3706 1278 3759 etiam
1303 3706 1415 3774 ipse
1436 3706 1663 3760 Basilius
1695 3706 1999 3761 Armeniam
2018 3706 2199 3775 appel-

636 3794 710 3848 lat
745 3796 969 3864 patriam
1008 3796 1059 3850 in
1094 3798 1251 3866 epist.
1291 3797 1416 3865 225,
1450 3815 1501 3853 n.
1540 3799 1592 3863 5,
1626 3800 1711 3854 ubi
1750 3799 1825 3853 ait
1856 3813 1914 3853 se
1937 3814 2001 3853 ex
2034 3799 2198 3854 variis

634 3888 1152 3958 peregrinationibus
1216 3891 1526 3945 redeuutem
1585 3891 1856 3947 invenisse
1916 3891 1970 3945 in
2027 3892 2198 3961 patria

634 3981 940 4045 nonnullos,
986 3982 1074 4050 qui
1132 3982 1293 4035 vitam
1354 3984 1700 4037 monasticam
1757 3981 2194 4052 profitebantur:

629 4073 826 4142 quibus
850 4072 1026 4127 verbis
1052 4072 1399 4127 Eustathium
1431 4074 1783 4130 Sebastenum
1808 4073 2073 4144 designat.
2103 4073 2199 4126 Mi-

634 4180 749 4219 rum
778 4173 958 4217 autem
992 4180 1095 4219 non
1126 4175 1207 4220 est
1238 4165 1491 4222 Basiliam
1534 4165 1792 4222 Caesareae
1822 4175 2006 4221 natum
2056 4180 2194 4233 esse,

631 4258 875 4329 quamvis
918 4258 1083 4326 ipsius
1116 4268 1263 4328 pater
1289 4259 1550 4328 praecipue
1586 4258 1639 4312 in
1663 4256 1835 4312 Ponto
1866 4258 2198 4312 domicilium

632 4356 895 4411 habuerit.
918 4352 1119 4422 Amplae
1134 4352 1280 4406 enim
1315 4350 1872 4420 possessiones,quas
1903 4350 1955 4403 in
1991 4348 2199 4419 Cappa-

634 4450 782 4503 docia
814 4447 1064 4511 habebat,
1109 4460 1251 4515 saepe
1284 4444 1439 4498 illum
1488 4442 1789 4497 Caesaream
1838 4451 2115 4496 traxerunt
2145 4450 2198 4495 et

632 4540 720 4592 diu
753 4541 803 4592 in
831 4540 931 4592 hac
964 4540 1095 4591 urbe
1139 4537 1512 4600 detinuerunt,
1558 4537 1690 4591 adeo
1724 4545 1781 4587 ut
1818 4532 1960 4587 illius
1990 4543 2043 4589 et
2071 4532 2194 4585 Em-
2230 4574 2276 4633 Β

633 4631 804 4685 melize
834 4629 1086 4697 praeclare
1146 4627 1287 4681 facta
1336 4627 1634 4698 Gregorius
1684 4628 1824 4681 inter
1868 4625 2095 4680 Pontum
2144 4633 2198 4679 et

631 4721 1026 4788 Cappadociam
1059 4719 1225 4771 divisa
1257 4718 1417 4775 fuisse
1451 4716 1677 4774 testetur
1710 4720 1809 4789 (ὁ).

702 4810 766 4865 ll.
824 4811 989 4865 Natus
1028 4820 1110 4865 est
1152 4808 1381 4864 Basilius
1429 4813 1571 4865 circa
1611 4802 1808 4864 annum
1862 4808 1991 4872 5‘29,
2035 4806 2200 4876 idque

632 4906 764 4960 satis
784 4905 1011 4972 quadrat
1040 4919 1161 4957 cum
1198 4902 1339 4957 illius
1365 4903 1666 4957 litterarum
1697 4901 1913 4964 studiis,
1945 4914 2061 4969 qua:
2101 4913 2198 4952 an-

632 5011 701 5048 no
725 4993 829 5049 555
852 5003 1080 5048 exeunte
1108 4994 1347 5049 absoluta
1383 4993 1617 5048 fuerunt.
1657 4992 1769 5048 Non
1805 4992 1948 5046 enim
2000 4991 2200 5060 patitur

629 5084 826 5139 eximia
855 5084 995 5137 illius
1042 5085 1238 5154 ingenii
1274 5085 1439 5149 acies,
1466 5100 1585 5155 qua:
1634 5094 1842 5138 mature
1903 5082 2200 5151 disciplinis

632 5175 939 5230 liberalibus
962 5178 1124 5245 C(Bpit
1154 5177 1345 5242 excoli,
1371 5187 1427 5232 ut
1456 5193 1600 5243 eum,
1626 5192 1747 5231 cum
1774 5175 2197 5241 rediitAthenis,

630 5283 799 5320 annos
828 5277 1006 5319 natum
1046 5268 1209 5323 fuisse
1237 5269 1514 5340 plusquam
1550 5271 1737 5341 viginti
1760 5280 1967 5337 septem
2007 5266 2201 5321 existi-

630 5374 857 5415 memus.
878 5359 982 5413 Sed
1017 5360 1117 5413 alia
1139 5361 1320 5416 subest
1352 5362 1503 5432 longe
1533 5362 1756 5433 gravior
1787 5362 1946 5417 ratio.
2001 5358 2198 5415 Junior

2233 1860 2273 1915 B

702 5535 776 5609 ((³)
811 5534 905 5609 Ep.
934 5535 991 5609 A8,
1020 5537 1149 5603 n.1,
1179 5553 1233 5609 p.
1259 5538 1347 5593 80.

702 5604 777 5674 (ὁ)
803 5606 894 5659 Οι·.
928 5605 1015 5661 20.

703 5674 771 5742 (ε)
812 5674 937 5729 Νςιῑ.
970 5694 1055 5743 ep.
1083 5680 1171 5733 53.

702 5748 777 5815 (d)
812 5746 931 5805 δέη.
968 5748 1039 5800 De
1064 5756 1163 5803 vim
1196 5766 1311 5803 sua.

703 5824 769 5887 (γ)
798 5815 896 5884 Ep.
939 5819 1055 5871 H52.

1984 382 2517 439 PROLEGOMENA.

2296 510 2577 579 aliquanto
2609 506 2709 561 fuit
2738 507 2998 578 Gregorio
3036 504 3383 563 Nazianzeno
3430 506 3523 578 (ε),
3551 505 3643 575 qui
3679 515 3824 557 cum
3865 500 3925 551 in

2302 600 2471 655 lucem
2504 609 2655 670 patre
2676 599 2930 669 episcopo
2960 599 3136 655 editus
3159 600 3251 664 sit,
3282 599 3442 655 citius
3472 598 3618 652 nasci
3654 610 3783 649 non
3818 606 3929 660 po—

2302 690 2401 744 tuit
2428 707 2568 745 anno
2593 689 2717 754 59.8,
2742 705 2849 757 quo
2880 690 3047 758 ipsius
3074 699 3227 758 pater
3250 690 3531 744 ordinatus
3563 695 3672 750 est,
3704 688 3929 751 utpote

2300 795 2537 838 mortuus
2565 799 2704 837 anno
2734 782 2837 836 575
2864 793 3095 838 exeunte
3130 792 3222 836 aut
3256 783 3472 835 ineunte
3502 780 3628 843 574,
3679 772 3924 830 emerio

2300 876 2365 928 tis
2387 874 2438 927 in
2478 874 2787 941 episcopatu
2836 872 3195 941 quadraginta
3251 872 3491 941 quinque
3523 868 3713 921 annis.
3777 860 3919 918 Jam

2296 982 2423 1022 vero
2468 966 2787 1035 Gregorium
2844 968 2896 1019 in
2942 966 3255 1035 episcopatu
3295 965 3463 1033 patris
3500 972 3687 1015 natum
3748 970 3915 1017 esse,

2294 1060 2392 1114 etsi
2420 1060 2613 1111 mirum
2651 1059 2702 1111 id
2734 1067 2787 1112 et
2810 1073 3029 1122 prorsus
3058 1058 3334 1112 insolitum
3361 1056 3591 1120 videtur,
3623 1067 3737 1105 nec
3770 1066 3918 1104 cum

2299 1152 2505 1221 legibus
2542 1150 2931 1204 ecclesiasticis
2964 1150 3117 1204 valde
3149 1164 3465 1211 consonum,
3501 1147 3648 1201 clare
3699 1152 3915 1197 tamen

2294 1242 2617 1313 perspicitur
2644 1256 2711 1296 ex
2748 1243 2830 1296 bis
2856 1241 3102 1311 Gregorii
3129 1240 3196 1295 ad
3228 1241 3393 1294 filium
3430 1238 3607 1293 verbis
3634 1237 3723 1304 (ά)
3772 1250 3788 1285 :

2434 1354 2597 1408 Οὔπω
2617 1355 2863 1408 τοσοῦτον
2893 1354 3309 1425 ὲκμεμέτρηκας
3334 1351 3463 1421 βίον,

2445 1428 2606 1488 "Coo;
2630 1425 2809 1496 διῆλθε
2837 1425 3034 1478 θυσιῶν
3056 1424 3176 1494 ἐμοὶ
3210 1424 3417 1495 χρόνος.

2454 1516 2701 1571 Nondum
2733 1505 2802 1569 tot
2834 1533 2999 1570 annos
3029 1518 3132 1570 vita
3159 1517 3412 1585 percurrit
3442 1523 3552 1575 tua,

2440 1588 2574 1653 Quot
2598 1589 2669 1640 mi
2704 1590 2757 1640 in
2784 1587 2946 1641 sacris
2974 1583 3217 1657 suntjam
3248 1585 3443 1655 peracti
3472 1583 3716 1638 victimis.

2292 1697 2513 1753 Frustra
2569 1695 2809 1768 Gregorii
2836 1705 2985 1752 ortus
3008 1698 3074 1752 ad
3104 1697 3305 1767 primos
3331 1697 3671 1766 episcopatus
3730 1706 3909 1745 men-

2299 1806 2386 1846 ses
2436 1789 2727 1845 referatur.
2769 1788 2846 1844 Ne
2888 1790 2966 1846 sic
3002 1791 3219 1861 quidem
3261 1789 3544 1845 difﬁcultas
3570 1787 3900 1845 minuetur,

2300 1898 2418 1937 cum
2445 1882 2738 1938 Cesarium
2776 1882 2994 1937 fratrem
3015 1881 3314 1953 Gregorius
3341 1881 3586 1936 habuerit
3609 1888 3746 1933 natu
3785 1877 3904 1930 mi-

2301 1987 2504 2030 norem.
2540 1971 2805 2027 Baronius
2826 1974 3290 2043 exaggerationem
3317 1973 3368 2027 in
3405 1971 3581 2026 verbis
3615 1967 3895 2037 Gregorii

2303 2063 2639 2131 suspicatur;
2682 2062 2776 2117 sed
2802 2063 2919 2117 sine
2951 2062 3056 2116 ulla
3081 2077 3303 2132 prorsus
3336 2062 3565 2116 ratione.
3594 2058 3894 2129 Papebro-

2300 2154 2451 2207 chius
2486 2167 2581 2222 pro
2621 2151 2821 2205 θυσιῶν
2850 2153 3130 2222 legendum
3158 2153 3374 2220 coniicit
3396 2151 3626 2222 ἐτησίων
3660 2159 3764 2203 aut
3802 2147 3897 2208 δὶς

2291 2244 2394 2323 id»)
2424 2246 2545 2316 ἐμοὶ
2567 2245 2774 2316 χρόνος.
2807 2244 2911 2298 Sed
2938 2246 3107 2299 satius
3140 2251 3222 2298 est
3259 2258 3378 2298 cum
3410 2241 3765 2296 Tillemontio
3804 2239 3895 2291 fa-

2300 2337 2397 2390 teri
2441 2336 2607 2407 legem
2660 2334 3089 2390 ecclesiasticam
3132 2334 3196 2388 de
3225 2334 3552 2389 continentia
3592 2333 3896 2401 episcopo-

2302 2445 2419 2483 rum
2451 2429 2685 2484 nondum
2716 2428 2769 2481 in
2792 2429 3044 2482 omnibus
3070 2427 3289 2481 omnino
3321 2425 3579 2480 Ecclesiis
3612 2424 3887 2493 viguisse,

2300 2536 2459 2590 quam
2485 2519 2883 2589 apertissimum
2913 2518 3087 2572 locum
3121 2517 3386 2586 ejusmodi
3421 2512 3751 2582 conjecturis
3798 2521 3891 2564 at—

2303 2622 2532 2668 tentare.
2573 2609 2911 2665 Probabilior
2941 2618 3083 2663 esset
3128 2607 3451 2663 diliicultatis
3493 2603 3765 2659 solvenda:
3790 2618 3886 2655 ra—

2303 2704 2391 2763 tio,
2421 2704 2465 2757 si
2496 2701 2809 2769 Gregorius,
2861 2701 2952 2771 qui
2996 2715 3137 2754 anno
3173 2700 3277 2754 525
3325 2700 3629 2768 baptizatus
3656 2704 3765 2761 est,
3827 2704 3886 2747 et

2302 2800 2441 2850 inter
2490 2796 2848 2849 sacerdotium
2894 2807 2957 2846 ac
3015 2790 3282 2859 baptisma
3341 2787 3555 2856 aliquod
3608 2788 3880 2854 temporis

2299 2886 2528 2955 spatium
2564 2884 2906 2954 interposuit,
2942 2882 2993 2935 in
3016 2880 3315 2951 presbyteri
3352 2878 3518 2947 gradu
3542 2877 3645 2931 dici
3682 2885 3880 2945 posset

2301 2978 2609 3047 aliquandiu
2647 2976 3008 3037 ministrasse,
3032 2983 3087 3027 et
3113 2974 3177 3027 ad
3214 2972 3350 3026 hanc
3380 2970 3694 3039 dignitatem
3726 2983 3875 3021 anno

2301 3070 2403 3124 527
2439 3069 2769 3139 pervenisse.
2803 3067 2907 3122 Sed
2952 3067 3111 3137 hujus
3147 3066 3220 3119 rei
3264 3064 3462 3118 nullum
3499 3066 3673 3118 exuat
3706 3061 3877 3114 vesti-

2301 3161 2467 3232 giunt.
2527 3159 2687 3213 Plura
2745 3159 2865 3213 vide
2903 3159 3042 3228 apud
3093 3155 3512 3221 Tillemontium,
3558 3162 3670 3207 not.
3725 3152 3783 3215 4,
3817 3151 3873 3203 in

2298 3251 2451 3322 Greg.
2480 3250 2620 3305 Naz.
2645 3251 2871 3306 Basilius
2892 3264 3039 3320 ergo,
3080 3248 3171 3318 qui
3204 3248 3477 3316 aliquanto
3511 3253 3633 3313 post
3659 3242 3875 3312 Grego-

2299 3344 2437 3398 rium
2488 3343 2542 3397 in
2596 3345 2768 3398 lucem
2812 3342 2988 3395 editus
3015 3347 3119 3403 est,
3161 3338 3307 3393 circa
3336 3352 3535 3392 artuum
3565 3336 3670 3395 529
3710 3344 3875 3389 natus

2298 3436 2547 3501 videtur;
2594 3444 2650 3488 et
2695 3448 2815 3488 cum
2850 3447 3031 3488 senem
3060 3446 3117 3487 se
3161 3446 3282 3485 esse
3311 3430 3439 3485 dicit
3467 3428 3539 3500 (e)
3574 3443 3712 3482 anno
3736 3427 3870 3489 574,

2300 3528 2350 3581 id
2385 3542 2491 3581 non
2527 3537 2632 3581 tam
2668 3526 2811 3579 illius
2844 3525 3000 3579 annis
3029 3524 3375 3578 tribuendum
3403 3537 3560 3591 quam
3594 3530 3872 3590 perpetuac

2301 3620 2513 3675 cuidam
2548 3619 2872 3683 infirmitati,
2898 3632 3019 3687 quae
3037 3617 3104 3671 ab
3129 3617 3348 3671 ineunte
3379 3624 3532 3669 aetate
3561 3612 3779 3681 incepit,
3808 3627 3871 3666 ac

2301 3722 2483 3782 postea
2525 3712 2851 3782 poenitentiae
2890 3721 2943 3765 et
2990 3709 3276 3765 sacerdotii
3316 3707 3586 3761 laboribus
3620 3714 3675 3760 et
3713 3705 3869 3759 novis

2301 3803 2802 3874 supervenientibus
2835 3800 3036 3855 morbis
3092 3800 3172 3855 sic
3229 3797 3489 3862 accrevit,
3536 3804 3593 3850 ut
3648 3797 3699 3851 in
3751 3797 3869 3866 ipso

2299 3895 2471 3949 atatis
2486 3895 2677 3949 robore
2697 3908 2860 3947 senex
2884 3892 3154 3947 videretur
3174 3889 3267 3962 (Γ),
3290 3904 3353 3945 ac
3380 3888 3628 3945 dentibus
3650 3898 3866 3943 careret

2301 3999 2472 4038 annos
2510 3994 2665 4037 natus
2696 3982 2783 4036 46.

2372 4073 2459 4130 lll.
2481 4074 2773 4129 Paternum
2812 4086 2979 4143 genus
3016 4070 3244 4127 Basilius
3277 4084 3307 4124 e
3333 4069 3526 4134 Ponto,
3554 4078 3611 4122 ut
3637 4076 3865 4123 testatur

2299 4165 2586 4235 Gregorius
2616 4163 2991 4218 Nazianzenus
3027 4161 3121 4233 (g),
3155 4170 3455 4216 maternum
3499 4175 3562 4215 ex
3587 4159 3861 4229 Cappado-

2300 4258 2383 4313 cia
2414 4258 2655 4312 ducebat.
2701 4256 3016 4325 Quanquam
3054 4236 3347 4324 Gregorius
3390 4254 3684 4323 Nyssenus,
3732 4266 3851 4305 cum

2299 4349 2652 4420 quadraginta
2687 4356 2952 4418 martyres
2990 4347 3043 4402 in
3073 4362 3136 4402 eo
3159 4346 3274 4399 loco
3304 4345 3566 4406 laudaret,
3603 4341 3691 4396 ubi
3721 4341 3861 4409 passi
3936 4414 3939 4421 Ι

2300 4442 2533 4503 fuerant,
2571 4439 2623 4494 id
2649 4450 2727 4494 cst
2753 4438 3011 4494 Sebastia:
3042 4438 3093 4491 in
3126 4435 3405 4497 Armenia,
3432 4433 3573 4486 hanc
3603 4431 3859 4501 majorum

2301 4548 2517 4587 suorum
2560 4531 2786 4601 patriam
2840 4545 2958 4585 esse
2998 4536 3290 4589 asseverat,
3325 4526 3437 4579 sive
3470 4524 3595 4593 quia
3645 4524 3765 4577 inde
3809 4522 3858 4574 iu

2305 4624 2531 4680 Puntum
2586 4633 2676 4677 aut
2724 4622 3112 4693 Cappadociam
3171 4618 3521 4680 transierant,
3578 4617 3689 4671 sive
3737 4616 3855 4684 quia

2304 4718 2429 4771 olim
2465 4716 2705 4771 Sebastia
2736 4713 3087 4783 Cappadocia:
3113 4710 3371 4764 attributa
3406 4719 3543 4762 erat.

2380 4807 2503 4860 Erat
2534 4816 2710 4859 autem
2742 4815 3026 4871 utrumque
3057 4801 3184 4856 illud
3215 4815 3383 4868 genus
3410 4798 3742 4860 militaribus,
3769 4811 3858 4865 pa-

2307 4897 2490 4951 latinis
2518 4904 2572 4949 et
2606 4892 3016 4963 municipalibus
3042 4890 3391 4961 dignitatibus
3427 4888 3656 4955 insigne,
3696 4902 3753 4940 ac
3781 4888 3859 4937 di-

2306 4988 2453 5042 vitiis
2494 4996 2547 5041 et
2580 4984 2795 5055 opibus,
2845 4990 2898 5038 et
2943 4981 3169 5037 excelsis
3203 4978 3408 5033 thronis
3452 4993 3514 5033 ac
3556 4979 3855 5047 eloquentia:

2306 5080 2450 5133 fama
2482 5078 2685 5133 clarum
2715 5074 2827 5147 (h);
2877 5074 2969 5129 sed
3009 5074 3211 5141 pietate
3259 5086 3323 5126 ac
3368 5070 3639 5139 religionis
3670 5068 3851 5131 studio,

2309 5181 2363 5226 et
2394 5172 2550 5225 rebus
2598 5182 2692 5236 pro
2741 5166 2954 5220 Christo
3006 5164 3217 5219 fortiter
3244 5162 3410 5231 gestis
3449 5161 3607 5229 longe
3653 5160 3850 5213 clarius.

2311 5262 2443 5316 Nam
2474 5272 2744 5315 maternus
2767 5256 2944 5311 Basilii
2971 5272 3101 5311 avus
3133 5256 3239 5309 vita
3276 5263 3328 5308 et
3367 5253 3520 5307 bonis
3549 5268 3640 5320 pro
3658 5252 3853 5305 Christo

2310 5353 2567 5425 spoliatus
2589 5351 2655 5404 ab
2688 5351 3011 5419 imperatore
3032 5348 3207 5404 fuerat
3243 5347 3326 5417 (ἱ).
3363 5344 3461 5399 Avi
3489 5354 3664 5397 autem
3696 5351 3851 5412 pater-

2372 5530 2436 5598 (ί)
2475 5529 2569 5597 Ep.
2606 5527 2731 5581 ἣδε.

2395 5600 2444 5667 g)
2470 5600 2560 5653 ον.
2592 5598 2685 5652 so.

2395 5670 2449 5739 Ιι)
2485 5669 2617 5739 tum.

2478 5738 2633 5809 Nyss.
2675 5738 2777 5792 Vit.
2811 5738 2867 5794 S.
2905 5736 3072 5791 Macr.
3107 5746 3233 5792 tom.
3264 5734 3330 5801 ll,
3368 5752 3417 5805 p.
3458 5734 3575 5789 191.
