3992 6392
1546 447 1780 506 ἮΤΑΞ

1886 443 2101 500 ASlLli.
3369 463 3440 501 vtl

138 622 141 625 δ
218 558 264 611 ni
285 567 442 613 erant
470 558 547 612 nli
562 558 783 630 quidem
807 572 870 613 ad
886 559 1064 613 omnia
1096 574 1190 630 pro
1218 558 1434 614 Christo
1462 558 1779 628 perferenda
1812 563 1856 618 Α
1885 557 2280 625 persecutionis
2318 556 2645 620 decertasse,
2681 555 2905 625 ejusque
2928 565 2981 609 et
3006 556 3189 609 mariti
3216 554 3351 610 bona
3378 562 3448 611 ot-

221 651 540 719 paratissimi
566 667 581 714 ;
614 650 711 705 sed
737 665 857 705 cum
901 651 1271 706 metttinissent
1296 649 1611 720 Gregorium
1639 650 1784 703 Neo-

219 742 592 795 czsariensem
626 742 681 799 in
717 743 1094 810 persecutione
1131 740 1277 796 Decii
1321 739 1613 810 (retinebat
1644 742 1783 792 enim

222 834 445 887 Murrina
487 834 636 887 illius
672 834 986 888 documenta
1014 831 1112 905 (α),
1149 847 1477 903 quaecunque
1519 832 1584 883 ad
1617 830 1783 899 ips:nn

220 924 488 976 memoria:
512 924 657 977 serie
699 926 1080 991 pervenerant)
1116 931 1167 975 et
1198 921 1397 991 fugisse
1423 929 1477 975 et
1512 920 1576 974 ad
1608 918 1784 989 fugant

215 1016 338 1067 alios
382 1014 735 1068 adhortatum
779 1028 938 1079 esse;
975 1020 1290 1083 receperunt
1332 1028 1389 1067 se
1420 1012 1471 1065 in
1500 1011 1784 1081 quamdam

214 1104 565 1159 Ponticarum
613 1107 873 1160 montium
929 1105 1116 1160 silvam
1158 1104 1255 1175 (ὁ)⁹
1306 1105 1491 1173 paucis
1533 1102 1785 1157 adhibitis

214 1197 344 1264 fugae
365 1197 607 1251 consciis
632 1206 687 1251 et
714 1198 890 1253 victus
942 1197 1225 1253 ministris.
1252 1198 1307 1251 ln
1343 1196 1446 1251 hoc
1481 1195 1672 1250 exsilio
1700 1210 1787 1247 se-

211 1299 352 1355 ptem
387 1303 567 1341 annos
593 1300 650 1341 et
688 1287 962 1357 aliquanto
994 1287 1225 1357 amplius
1255 1288 1355 1342 sub
1396 1287 1486 1341 dio
1515 1287 1781 1347 vixerunt,

214 1377 429 1445 pluviis,
453 1377 735 1446 algoribus
759 1388 813 1432 et
830 1378 1120 1446 frigoribus
1145 1376 1394 1446 expositi,
1428 1376 1496 1430 ab
1529 1376 1782 1430 omnibus

214 1471 331 1523 vitae
368 1472 696 1534 commodis,
734 1469 799 1524 ab
826 1470 1018 1524 amicis
1046 1479 1100 1524 et
1139 1471 1281 1524 omni
1313 1468 1588 1523 hominum
1614 1468 1786 1522 socie-

217 1570 320 1615 tate
352 1563 575 1617 remoti.
637 1562 745 1616 Sed
785 1561 1039 1617 Christus
1080 1561 1133 1614 in
1160 1575 1344 1616 eorum
1374 1558 1626 1615 solatium
1659 1573 1787 1613 con-

214 1668 365 1706 cessa
398 1653 531 1707 olim
582 1654 843 1708 lsraelitis
879 1651 1138 1707 miracula
1191 1653 1487 1706 renovavit.
1546 1652 1784 1718 Quodam

214 1746 355 1799 enim
381 1746 468 1799 die
493 1746 771 1801 subiiteos
791 1746 1037 1799 lautioris
1062 1760 1258 1799 mensae
1285 1743 1636 1811 desiderium;
1662 1760 1785 1797 nam

220 1839 546 1892 diuturnitas
574 1838 833 1908 temporis
860 1837 1136 1892 fastidium
1172 1839 1427 1891 attulerat
1453 1838 1785 1891 necessario-

221 1945 332 1981 rum
378 1930 651 1987 ciborum.
705 1934 777 1983 At
828 1944 1165 2000 nequaquam
1222 1929 1660 1993 mussitaverunt,
1727 1939 1783 1984 ut

221 2020 501 2084 lsra'eliue;
540 2022 638 2074 sed
665 2035 694 2073 a
722 2019 851 2083 Deo,
875 2034 1082 2074 summa
1113 2019 1253 2074 illius
1282 2020 1531 2089 potentiae
1564 2020 1777 2084 fiducia,

220 2112 520 2165 suaviorem
544 2112 725 2165 cibum
754 2112 1110 2182 postularunt,
1139 2111 1222 2166 vel
1261 2127 1328 2166 ex
1358 2111 1545 2165 avibus
1571 2112 1622 2165 in
1655 2126 1783 2166 aere

222 2204 583 2266 volitantibus,
620 2202 701 2255 vel
724 2216 755 2257 e
782 2201 934 2269 feris,
967 2216 1084 2270 qua:
1120 2201 1170 2254 in
1210 2201 1477 2256 montibus
1506 2202 1777 2256 errabant.

222 2291 499 2348 Vixiocuti
529 2301 706 2355 erant,
757 2308 877 2346 cum
914 2306 1097 2348 eorum
1132 2292 1353 2361 pedibus
1382 2291 1578 2347 accidit
1617 2293 1781 2348 obso-

221 2389 357 2442 nium
383 2398 576 2458 sponte
602 2388 867 2450 oblatum,
894 2387 1041 2442 cervi
1080 2387 1225 2440 mirae
1263 2385 1662 2456 magnitudinis,
1694 2401 1781 2441 re-

218 2490 374 2548 pente
398 2495 432 2532 e
462 2479 682 2533 tumulis
706 2488 1048 2548 apparentes,
1083 2494 1145 2531 ac
1173 2478 1522 2532 iunuentibus
1553 2464 1670 2532 sese
1692 2478 1783 2532 de-

219 2572 418 2633 dentes,
443 2585 509 2623 ex
537 2570 741 2638 quibus
758 2578 1017 2638 quantum
1045 2568 1288 2622 voluntas
1317 2567 1518 2622 ferebat
1542 2569 1781 2623 detinue-

224 2673 353 2726 ntnt,
396 2661 539 2731 quod
579 2668 865 2729 supererat
902 2660 952 2712 in
995 2658 1155 2712 silvas
1195 2659 1260 2712 ad
1293 2658 1434 2711 aliud
1478 2658 1779 2712 convivium

224 2755 554 2807 dimiserunt.
588 2752 666 2806 Ex
709 2752 791 2805 his
818 2750 1061 2821 Gregorii
1092 2751 1421 2805 Nazianzeni
1458 2750 1637 2804 verbis
1662 2765 1782 2819 per—

224 2847 436 2914 spicitur
467 2860 579 2899 non
615 2844 777 2898 unius
818 2843 921 2897 diei
960 2843 1136 2897 cibum
1186 2844 1287 2897 hoc
1321 2841 1577 2896 miraculo
1604 2842 1782 2911 provi-

220 2952 325 2991 sum
359 2937 442 2990 eis
489 2935 695 2996 fuisse;
728 2935 821 2988 sed
862 2934 927 2988 a'd
956 2944 1156 3004 septem
1195 2934 1369 2988 exsilii
1397 2948 1568 2987 annos
1606 2934 1783 2986 minus

221 3028 495 3082 commode
521 3024 845 3078 miraculum
881 3024 1121 3079 extendit
1156 3023 1571 3091 Papebrochius.

282 3118 403 3172 Haec
441 3129 629 3172 autem
675 3115 968 3185 contigisse
1002 3125 1185 3169 narrat
1215 3113 1507 3184 Gregorius
1543 3116 1597 3167 in
1633 3123 1777 3166 atro-

1889 647 2087 704 Cbristi
2112 646 2501 703 confessionem
2526 646 2689 701 fuisse
2719 646 3008 714 publicata.

1958 738 2106 793 lianc
2146 738 2547 791 dimicationem
2606 738 2879 792 existimat
2926 736 3305 791 Tillcmontius
3360 738 3440 790 vel

1887 831 1986 885 sub
2026 828 2314 884 Maximino
2343 828 2707 884 collocandatn
2736 844 2877 894 esse,
2896 830 2983 898 qui
3015 829 3442 898 persecutionem

1892 919 2277 989 redintegravit
2306 932 2445 973 anno
2467 917 2594 981 511,
2628 917 2815 987 paucis
2838 924 2959 986 post
2984 914 3184 970 Galerii
3216 928 3443 968 mortem

1890 1014 2181 1077 mensibus,
2208 1013 2288 1065 vel
2312 1012 2409 1067 sub
2434 1012 2640 1067 Licinio
2673 1012 2766 1081 qui
2807 1021 3119 1081 persecutus
3149 1019 3230 1065 est
3258 1008 3443 1063 Eccle-

1887 1103 2019 1157 siam
2053 1119 2194 1160 anno
2222 1103 2345 1171 520,
2384 1119 2450 1159 ac
2484 1104 2717 1159 maxime
2766 1106 2818 1158 in
2866 1104 3036 1159 Ponto
3069 1104 3440 1158 crudelitatem

1888 1210 2037 1251 suam
2090 1197 2355 1251 exercuit.
2390 1195 2506 1263 Quo
2554 1196 2768 1251 nomine
2814 1196 3109 1265 appellatus
3157 1195 3321 1250 fuerit
3352 1211 3444 1264 pa-

1890 1298 2072 1343 ternus
2122 1285 2211 1341 ille
2265 1302 2397 1341 avus
2458 1286 2668 1351 Basilii,
2718 1287 3011 1342 nescimus.
3057 1287 3203 1341 Avia:
3249 1301 3441 1340 nomen

1885 1378 2137 1434 Macrina:
2162 1376 2280 1442 fuit,
2314 1392 2433 1447 qua:
2462 1393 2584 1432 cum
2613 1378 2869 1433 Basilium
2901 1377 3159 1433 infantem
3195 1378 3441 1432 informa-

1886 1470 2022 1523 verit
2061 1479 2116 1524 et
2169 1468 2501 1536 instituerit,
2536 1470 2746 1524 videtur
2806 1484 2976 1539 usque
3017 1469 3083 1523 ad
3112 1484 3311 1523 annum
3340 1468 3443 1523 510

1886 1561 2098 1617 vixisse.

1954 1650 2041 1707 ιν.
2076 1652 2277 1709 Horum
2332 1652 2472 1709 filius
2508 1652 2745 1708 Basilius
2772 1692 2788 1718 ,
2829 1653 3001 1708 nostri
3056 1652 3237 1706 Basilii
3268 1660 3439 1720 pater,

1886 1744 2111 1800 eximias
2136 1745 2362 1802 virtutes
2388 1760 2510 1800 cum
2537 1745 2745 1815 magnis
2768 1743 3084 1799 eruditionis
3108 1752 3163 1797 et
3184 1742 3440 1811 eloquen-

1889 1833 1975 1890 tia:
1997 1837 2328 1892 ornamentis
2358 1836 2655 1907 conjunxit.
2676 1835 2935 1891 Inclaruit
2963 1836 3105 1889 enim
3139 1835 3191 1888 in
3208 1835 3329 1889 foro
3347 1835 3436 1904 (ε),

1885 1939 1940 1986 et
1971 1928 2330 1999 eloquentiam
2381 1942 2589 1983 summa
2625 1927 2937 1982 celebritate
2964 1928 3015 1981 in
3038 1927 3211 1981 Ponto
3235 1925 3438 1980 docuit.

1885 2023 1989 2079 Sed
2014 2036 2219 2077 morum
2246 2021 2530 2077 sanctitate
2566 2021 2760 2076 clarior
2786 2020 3011 2083 exstitit,
3044 2022 3117 2074 ita
3148 2030 3205 2074 ut
3226 2019 3431 2089 primas

1881 2116 1930 2171 ei
1962 2115 2014 2169 in
2040 2114 2140 2175 hoc
2162 2127 2359 2184 genere
2388 2113 2534 2168 solus
2563 2112 2705 2166 filius
2745 2111 2971 2167 Basilius
2996 2111 3256 2179 eripuisse
3284 2108 3435 2162 vide-

1884 2216 2031 2262 retur
2052 2207 2148 2278 (f).
2174 2204 2345 2275 Hujus
2367 2205 2497 2259 ﬁdes
2526 2203 2784 2258 miracula
2829 2201 3155 2272 impetravit,
3189 2210 3246 2255 ut
3281 2201 3438 2253 modo

1882 2298 2202 2354 videbimus.
2235 2294 2285 2351 Is
2320 2296 2374 2351 in
2415 2295 2818 2350 matrimonium
2840 2295 2991 2348 duxit
3017 2308 3196 2362 parem
3224 2293 3438 2362 generis

1881 2399 1935 2444 et
1961 2389 2220 2445 virtutum
2266 2386 2551 2457 splendore
2600 2386 2857 2443 feminam
2879 2426 2896 2451 ,
2929 2385 3243 2442 Emmeliam
3271 2424 3288 2449 ,
3321 2399 3439 2453 qua:

1883 2485 1934 2539 id
1972 2485 2112 2538 inter
2145 2480 2547 2545 mulieresJuit,
2576 2480 2717 2549 quod
2751 2479 2981 2536 Basilius
3018 2478 3159 2534 ﬁlius
3189 2479 3331 2533 inter
3358 2477 3435 2532 vi-

1884 2590 1991 2636 ros,
2027 2581 2161 2627 teste
2192 2569 2529 2625 Nazianzeno
2560 2568 2655 2639 (g).
2693 2569 2816 2624 Haec
2840 2569 3066 2625 libenter
3095 2568 3437 2623 matrimonio

1885 2662 2243 2733 virginitatem
2274 2660 2612 2731 praetulisset.
2652 2661 2755 2715 Sed
2782 2670 2835 2714 et
2871 2672 3043 2730 patre,
3072 2675 3227 2729 quem
3263 2660 3433 2727 impe-

1884 2761 2028 2806 rator
2061 2752 2168 2805 vita
2218 2758 2274 2805 et
2327 2751 2484 2805 bouis
2517 2749 2876 2819 spoliaverat,
2910 2758 2965 2804 et
3010 2758 3181 2803 matre
3232 2750 3283 2802 in
3321 2749 3435 2817 ipso

1881 2842 2057 2897 astatis
2085 2840 2217 2897 ﬂore
2244 2841 2458 2904 orbata,
2493 2850 2547 2893 ut
2581 2840 2775 2894 vitaret
2814 2838 3047 2909 pericula
3076 2839 3144 2893 ob
3168 2854 3429 2894 summam

1882 2942 2212 2990 venustatem
2248 2932 2581 2987 imminentia
2606 2930 2847 3003 (plurimi
2886 2931 3026 2985 enim
3059 2929 3198 2985 illius
3223 2930 3435 3000 nuptias

1880 3025 2176 3089 ambibant,
2204 3023 2445 3079 nonnulli
2483 3022 2645 3077 etiam
2674 3032 2883 3092 raptum
2918 3022 3162 3076 meditari
3189 3021 3438 3076 videban-

1882 3121 2011 3187 tur),
2062 3118 2129 3171 ad
2162 3116 2486 3171 matrimonii
2519 3123 2728 3183 portum
2764 3114 3035 3182 confugit,
3069 3130 3131 3169 ac
3157 3116 3271 3169 viro
3320 3130 3434 3169 mo-

218 3214 428 3267 cissima
495 3211 742 3263 omnium
799 3209 1135 3276 maximeque
1191 3207 1455 3262 horrenda
1498 3205 1773 3259 Maximini
1805 3241 1849 3301 Ο
1884 3226 1998 3267 rum
2027 3210 2293 3280 gravitate
2344 3215 2583 3277 Spectato
2622 3206 2787 3259 vitam
2839 3220 2990 3259 suam
3034 3206 3433 3261 custodiendam
3502 3228 3509 3231 -

220 3302 613 3370 persecutione,
644 3299 735 3368 qui
783 3313 905 3352 cum
945 3307 1062 3367 post
1100 3297 1277 3367 plures
1319 3297 1471 3361 alios,
1499 3297 1585 3366 qui
1621 3296 1774 3366 paulo

218 3404 333 3448 ante
371 3394 636 3456 fuerant,
676 3389 1001 3460 ingruisset,
1057 3389 1264 3443 laudem
1296 3388 1373 3442 eis
1429 3386 1779 3441 humanitatis

216 3501 305 3539 sua
332 3484 668 3538 crudelitate
717 3479 1042 3534 conciliavit.
1096 3478 1187 3533 llis
1217 3478 1492 3533 coloribus
1519 3476 1663 3531 clare
1690 3477 1778 3531 de-

219 3578 451 3647 pingitur
486 3574 819 3628 Maximinus
843 3571 1128 3637 secundus,
1162 3570 1382 3623 minime
1409 3584 1554 3634 vero,
1588 3576 1645 3622 ut
1673 3567 1779 3621 Pa-

220 3666 541 3735 pcbrochius
575 3666 831 3735 Opinatus
857 3673 940 3718 est
970 3705 985 3728 ,
1018 3660 1342 3715 Maximinus
1369 3661 1596 3729 primus,
1627 3660 1779 3728 cujus

220 3756 524 3824 persecutio
556 3770 657 3809 nec
693 3756 931 3809 omnium
981 3752 1351 3807 crudelissima
1400 3751 1605 3804 exstitit
1635 3791 1651 3815 ,
1684 3766 1780 3803 nec

220 3861 308 3911 per
328 3856 536 3914 septem
566 3859 773 3907 annos;
807 3859 905 3899 nec
936 3844 1067 3897 alias
1097 3842 1504 3912 persecutiones
1537 3841 1782 3910 proxime

220 3944 495 3993 subsecuta
523 3949 644 4001 est;
682 3945 1033 4005 praecesserat
1066 3935 1206 3988 enim
1246 3948 1347 4002 pax
1384 3931 1572 4001 viginti
1625 3932 1781 3999 quin-

222 4044 317 4097 que
340 4043 634 4082 annorum.
670 4026 778 4080 Sed
823 4041 944 4080 cum
990 4024 1314 4077 Maximinus
1358 4021 1624 4075 secundus
1679 4040 1780 4073 non

225 4120 521 4187 regnaverit
553 4120 605 4171 in
636 4117 807 4172 Ponto
833 4127 887 4170 et
911 4116 1037 4169 Asia
1093 4114 1294 4167 Minore
1319 4153 1333 4177 ,
1357 4114 1456 4167 nisi
1488 4128 1627 4168 anno
1656 4113 1779 4174 5H,

218 4222 331 4279 post
354 4223 592 4266 mortem
625 4209 860 4275 Galerii;
915 4207 1174 4262 Baronius
1204 4207 1271 4277 (ε)
1320 4217 1373 4261 et
1405 4205 1780 4259 Tillcmontius

216 4302 528 4355 existimant
571 4301 674 4353 hoc
701 4299 1014 4353 miraculum
1041 4309 1296 4366 regnante
1330 4297 1416 4350 illo
1452 4296 1503 4349 in
1542 4294 1778 4365 [Egypto

215 4400 267 4445 et
316 4391 476 4461 Syria
508 4389 842 4455 contigisse,
899 4404 962 4442 ac
1012 4404 1239 4457 proavos
1290 4388 1474 4443 Basilii
1511 4404 1652 4444 anno
1676 4387 1779 4442 504

208 4482 539 4545 secessisse,
584 4490 638 4533 et
667 4495 834 4548 usque
871 4481 938 4535 ad
976 4496 1171 4533 annum
1203 4481 1303 4534 3H
1354 4482 1645 4536 delituisse.
1700 4480 1779 4534 Ex

1882 3298 2167 3358 commisit.
2212 3296 2270 3351 ln
2325 3296 2426 3349 hoc
2480 3295 2864 3357 matrimonio,
2918 3294 3058 3363 quod
3095 3309 3200 3348 non
3257 3294 3432 3351 minus

1883 3393 2095 3448 virtutis
2129 3405 2288 3461 quam
2347 3402 2631 3458 corporum
2688 3397 2846 3450 erat,
2894 3386 3089 3440 enituit
3128 3402 3431 3458 pauperum

1879 3483 2193 3539 alendorum
2235 3488 2287 3535 et
2339 3480 2609 3548 hOSpituut
2658 3476 3095 3547 excipiendorum
3148 3479 3381 3533 studium
3414 3518 3431 3543 ,

1880 3576 2071 3631 animas
2100 3573 2344 3645 purgatio
2375 3587 2470 3642 per
2512 3570 2935 3635 continentiam,
2968 3569 3224 3625 bonorum
3256 3572 3432 3640 portio

1882 3670 1993 3725 Deo
2020 3676 2353 3729 consecrata,
2400 3679 2520 3733 qua:
2545 3677 2630 3717 res
2658 3662 2845 3732 paucis
2877 3671 3003 3716 tunc
3050 3663 3309 3732 exemplis
3337 3679 3430 3718 co-

1881 3743 2029 3830 gnita
2056 3764 2209 3820 erat,
2242 3755 2368 3824 quia
2416 3753 2515 3808 sub
2569 3751 2982 3821 imperatoribus
3030 3753 3261 3807 ethnicis
3314 3764 3428 3809 tuta

1882 3867 1989 3907 non
2015 3848 2205 3904 fuisset
2227 3845 2483 3901 Ecclesiis
2514 3845 2832 3915 praadiorum
2859 3845 3146 3913 possessio.
3190 3844 3312 3901 Haec
3340 3862 3435 3901 au-

1883 3952 1989 3996 tem
2018 3939 2069 3993 in
2093 3936 2362 3991 Ecclesias
2387 3946 2441 3989 et
2471 3950 2734 4004 pauperes
2779 3935 3073 3991 liberalitas
3099 3951 3433 4007 nequaquam

1879 4044 2066 4085 eorum
2119 4028 2332 4083 divitias
2360 4028 2718 4090 comminuit,
2765 4028 2857 4082 sed
2913 4028 3091 4097 potius
3146 4030 3251 4086 fide
3299 4031 3434 4085 adeo

1864 4119 2258 4196 Amultiplicavit
2287 4160 2301 4184 ,
2336 4129 2395 4173 ut
2420 4118 2781 4188 amplissimas
2823 4122 2873 4173 in
2921 4120 3093 4175 tribus
3143 4122 3433 4189 provinciis

1882 4211 2245 4275 possessiones
2274 4210 2554 4264 haberent.
2591 4208 2742 4275 Quod
2764 4224 2827 4263 eo
2847 4211 3144 4266 mirabilius
3172 4217 3431 4283 est,quod

1882 4301 2154 4356 Emmelia:
2207 4303 2396 4372 patris,
2434 4300 2617 4355 Basilii
2645 4310 2925 4369 parentum
2972 4302 3109 4355 bona
3162 4304 3431 4371 publicata

1885 4394 2117 4448 fuerant.
2168 4394 2306 4460 Quin
2334 4394 2497 4447 etiam
2529 4406 2711 4445 eorum
2748 4406 2805 4444 re
2837 4391 3094 4445 familiari
3130 4392 3182 4447 in
3236 4410 3428 4450 novem

1884 4471 2065 4555 partes
2093 4502 2189 4556 pro
2217 4486 2445 4539 filiorum
2501 4497 2725 4538 numero
2757 4483 2923 4538 divisa
2951 4522 2965 4548 ,
2997 4484 3220 4551 singula:
3246 4499 3431 4557 partes

216 4574 294 4627 bis
314 4586 514 4647 autem
549 4565 773 4626 latebris
826 4574 1151 4641 prodeuntes
1182 4588 1321 4626 anno
1350 4574 1479 4637 5H,
1503 4583 1618 4642 post
1656 4575 1777 4627 data
1814 4591 1853 4644 ο
1885 4584 2131 4644 paternas
2153 4588 2280 4642 opes
2307 4582 2649 4643 superarunt.

214 4680 240 4718 a
267 4664 487 4719 Galerio
520 4665 572 4717 in
599 4666 823 4731 gratiam
852 4663 1280 4718 Christianorum
1310 4665 1504 4729 edicta,
1531 4667 1779 4735 graviora

213 4756 463 4823 deinceps
513 4754 761 4807 videntur
814 4754 1045 4808 subiisse
1100 4755 1415 4809 certamina.
1482 4754 1570 4807 Ait
1633 4756 1773 4808 enim

211 4845 507 4916 Gregorius
561 4844 931 4899 Nazianzenus
975 4861 1067 4900 eos
1118 4846 1185 4899 ad
1245 4846 1609 4899 dimicandum
1658 4846 1775 4901 ala-

212 4942 413 4993 criores
441 4938 615 4991 factos
641 4952 760 4992 esse
795 4938 897 4990 hoc
928 4937 1186 4991 miraculo
1206 4978 1220 4999 ,
1252 4939 1391 5005 quod
1437 4938 1514 4992 eis
1546 4939 1687 4992 hunc
1722 4940 1774 4991 itt

214 5048 363 5087 usum
402 5049 432 5086 a
470 5030 583 5085 Deo
612 5044 925 5084 concessum
951 5029 1140 5084 fuerat.
1173 5029 1309 5084 Hinc
1338 5030 1497 5082 etiam
1541 5032 1616 5100 (p.
1646 5030 1770 5100 5f9)

209 5138 300 5176 eos
331 5134 585 5176 recenset
616 5122 752 5175 inter
777 5119 1099 5175 fortissimos
1133 5121 1391 5185 athletas,
1416 5122 1504 5190 qni
1536 5137 1655 5174 cum
1686 5138 1772 5189 pe-

220 5230 280 5267 ne
320 5228 494 5282 usque
544 5213 610 5266 ad
659 5224 885 5265 mortem
921 5212 1330 5275 decertassent,
1384 5212 1618 5266 victoria:
1667 5228 1775 5267 suae

222 5306 527 5373 superstites
583 5304 659 5374 (ιι)
706 5304 939 5357 fuerunt.
1002 5303 1275 5371 Nyssentts
1326 5319 1451 5358 vero
1500 5306 1776 5372 conceptis

221 5399 386 5452 verbis
425 5398 504 5449 ait
535 5395 827 5450 Macrinam
856 5397 908 5448 in
948 5396 1248 5451 confitendo
1273 5396 1489 5450 Christo
1531 5407 1772 5462 tempore

281 5574 353 5645 (α)
390 5576 551 5628 Basil.
589 5573 838 5645 ep.7205,
875 5590 927 5627 η.
960 5574 1011 5627 6.

281 5649 348 5715 (δ)
372 5646 502 5700 Naz.
522 5662 607 5699 or.
636 5644 728 5715 eo.

280 5713 348 5786 (ε)
383 5718 461 5786 Ad
496 5731 587 5786 an.
624 5713 752 5770 504.

278 5784 349 5852 (Δ)
383 5784 487 5839 γει.
523 5784 699 5838 Macr.
733 5802 783 5852 p.
817 5784 937 5847 178,
984 5784 1099 5838 191.

280 5864 347 5927 (ε)
372 5856 526 5927 Nyss.
575 5853 681 5911 Vit.
712 5853 877 5909 Macr.
913 5872 962 5924 p.
996 5856 1114 5909 592.

1958 4667 2063 4721 Sed
2099 4665 2363 4733 praecipua
2392 4663 2572 4718 Basilii
2600 4672 2653 4719 et
2687 4664 2958 4722 Emmelia:
3005 4669 3196 4738 gloria,
3263 4674 3435 4742 proles

1885 4758 2111 4813 exstitit.
2160 4757 2350 4810 Decem
2402 4755 2600 4811 liberos
2654 4770 3005 4826 susceperunt
3053 4762 3151 4833 (It),
3207 4778 3431 4831 quorum

1886 4859 1995 4903 tres
2023 4847 2260 4918 episcopi
2306 4864 2514 4901 summa
2547 4849 2853 4903 sanctitatis
2882 4859 2935 4903 et
2970 4852 3226 4908 doctrina:
3277 4856 3433 4912 laude

1880 4941 2192 4996 ﬂoruerunt.
2226 4939 2371 4995 Unus
2403 4940 2598 5010 aliquis
2647 4956 2711 4994 ex
2746 4939 2828 4994 his
2869 4941 3052 4996 liberis
3084 4944 3293 4999 videtur
3340 4951 3434 5002 ad-

1883 5036 2096 5091 modum
2128 5036 2303 5091 infans
2332 5047 2577 5090 mortuus
2616 5054 2629 5089 :
2666 5036 2925 5104 siquidem
2979 5038 3212 5094 obeunte
3243 5043 3435 5095 marito

1882 5130 2139 5184 Emmelia
2168 5139 2398 5199 quatuor
2426 5130 2658 5183 filiorum
2706 5139 2761 5183 et
2791 5130 3024 5200 quinque
3061 5131 3291 5187 filiarum
3322 5151 3433 5187 ma-

1878 5231 1961 5277 ter
1994 5232 2110 5277 erat
2140 5222 2226 5291 (ἱ),
2270 5236 2563 5291 eorumque
2596 5224 2730 5276 bona
2757 5222 2809 5276 in
2846 5238 3037 5277 novem
3063 5233 3241 5293 partes
3265 5225 3429 5278 divisa

1877 5319 2020 5366 sunt.
2051 5311 2299 5366 Omnium
2349 5322 2477 5365 natu
2525 5314 2754 5366 maxima
2786 5313 2885 5367 fuit
2923 5314 2979 5368 S.
3028 5312 3283 5369 Macrina.
3316 5314 3431 5367 Pri-

1880 5418 1997 5458 mus
2045 5402 2272 5457 filiorum
2306 5402 2362 5457 S.
2405 5403 2652 5470 Basilius,
2705 5406 2972 5460 secundus
3004 5403 3323 5459 Naucratius
3365 5408 3429 5460 de

1956 5577 2022 5647 (Γ)
2047 5578 2178 5633 Naz.
2202 5595 2281 5634 or.
2306 5579 2395 5633 20.

1954 5651 2025 5717 (ρ)
2050 5648 2183 5702 lhid.

1950 5719 2204 5789 (ltiNyss.
2259 5719 2357 5770 Vit.
2394 5718 2582 5786 Macr"
2616 5719 2734 5773 186.

1947 5787 2165 5859 (ί)11)111.
2204 5790 2467 5857 181,191.
