3992 6392
592 419 687 459 VIII

1967 394 2493 451 PROLEGOMENA.

593 538 698 591 quo
748 518 884 575 infra
928 516 1183 573 nonnulla
1224 516 1489 579 dicentur,
1524 515 1714 569 tertius
1759 515 1820 569 S.
1849 513 2141 585 Gregorius
2172 517 2214 573 Α
2245 511 2602 568 Neoezesarca:
2628 512 2821 568 vixisse
2850 522 3165 583 argumento
3197 525 3301 581 est,
3348 518 3490 585 quod
3519 532 3587 573 se
3650 516 3839 587 magi-

594 612 885 683 Nysscnus.
924 610 1172 665 Omnium
1224 617 1530 676 postremus
1581 606 1683 659 fuit
1722 606 1780 660 S.
1815 604 2009 659 Petrus
2042 603 2139 657 Se-

592 700 870 762 hastenns,
894 696 980 764 qni
1004 697 1183 750 statim
1212 703 1374 763 atque
1410 694 1461 747 in
1487 694 1661 747 lucem
1693 694 1871 748 editus
1910 703 2014 758 est,
2042 708 2139 762 pa-

599 799 730 842 trem
760 787 953 840 amisit.
984 783 1222 851 Quatuor
1268 785 1402 839 filias
1454 785 1751 841 honorifice
1779 785 2143 840 collocaverat

599 879 654 933 S.
686 876 965 940 Emmelia,
996 875 1149 946 paulo
1176 886 1459 944 antequam
1487 874 1715 930 Basilius
1738 875 1968 930 Athenis
2001 874 2148 928 redi-

599 979 697 1022 ret.
728 966 923 1021 Harum
955 982 1019 1021 ex
1054 966 1229 1036 aliqua
1267 966 1555 1037 progenita:
1617 966 1833 1020 fuerunt
1865 966 1967 1021 illa:
2003 965 2149 1021 Basi-

605 1060 661 1112 lii
715 1060 913 1115 sororis
979 1058 1099 1112 filia:
1122 1099 1137 1123 ,
1191 1071 1327 1128 quas
1360 1056 1692 1113 Gaudentius
1722 1056 1796 1128 (α)
1830 1057 2148 1113 Caesariensi

602 1152 926 1207 monasterio
972 1150 1247 1220 praefuisse
1279 1159 1523 1205 testatur.
1556 1149 1698 1205 Inter
1726 1150 2151 1220 consanguineos

600 1245 780 1299 Basilii
814 1244 1015 1299 eminet
1071 1243 1316 1312 inprimis
1360 1253 1584 1313 patruus
1619 1241 1734 1311 ejus
1765 1242 2061 1312 Gregorius
2097 1244 2150 1297 in

602 1336 935 1405 Cappadocia
996 1336 1281 1403 cpiscopus
1307 1375 1323 1399 ,
1359 1336 1447 1403 qui
1499 1350 1620 1389 cum
1662 1335 1760 1404 ipsi
1807 1350 1867 1389 ac
1892 1334 2151 1389 fratribus

602 1429 842 1497 parentis
875 1429 990 1483 loco
1012 1429 1325 1492 exstitisset,
1351 1437 1535 1497 postea
1568 1442 1687 1482 cum
1734 1426 1979 1496 pluribus
2033 1426 2153 1480 aliis

601 1518 950 1589 Cappadocia:
981 1520 1243 1589 episcopis
1288 1518 1401 1586 ejus
1447 1517 1769 1573 ordinationi
1820 1518 2148 1571 intercessit.

602 1612 871 1684 Cognatos
924 1611 1151 1665 Basilius
1204 1610 1390 1664 habuit
1436 1608 1714 1663 Atarbium
1764 1606 2157 1662 Neocmsarien-

605 1718 739 1769 sem,
798 1702 1060 1758 Soranum
1091 1700 1329 1772 Scythici
1384 1699 1568 1754 limitis
1594 1700 1803 1763 ducem,
1838 1710 1890 1751 et
1943 1697 2155 1752 Poeme-

604 1790 773 1859 nium,
803 1810 959 1864 quem
988 1792 1247 1849 Satalensi
1282 1791 1531 1846 Ecclesiae
1555 1792 1860 1861 epise0pum
1896 1789 2154 1861 dedit(b),

2247 614 2390 658 stros
2418 605 2793 675 mysteriorum
2824 614 2875 658 et
2899 617 3078 673 patres
3101 606 3405 674 spirituales
3433 608 3710 669 habuisse
3744 607 3836 661 di-

2247 695 2318 748 cit
2353 693 2449 764 (g),
2481 692 2810 763 Gregorium,
2861 711 3119 748 summum
3168 695 3317 749 illum
3351 699 3515 751 virum
3556 707 3613 751 et
3662 708 3835 767 quot-

2247 796 2369 857 quot
2398 796 2511 855 post
2545 803 2662 840 eum
2694 786 2805 840 sedi
2829 787 3108 855 episwpali
3139 790 3489 855 succedentes,
3521 790 3679 843 alius
3712 798 3839 854 post

2248 880 2407 932 alium
2434 877 2588 933 veluti
2614 877 2778 931 stella:
2811 878 3051 947 quwdam
3082 879 3391 942 exorientes,
3426 880 3626 934 iisdem
3669 877 3845 932 uesti—

2249 972 2345 1041 giis
2383 972 2702 1025 institerunt.
2740 969 2882 1025 Inter
2916 971 3013 1025 hos
3046 970 3293 1040 Gregorii
3327 984 3693 1026 successores
3725 984 3841 1022 nu—

2249 1074 2422 1120 merat
2451 1064 2590 1118 haud
2622 1063 2781 1118 dubie
2812 1062 3113 1117 Musonium
3142 1102 3158 1128 ,
3193 1063 3723 1133 praestantissimum
3754 1060 3843 1112 vi—

2253 1170 2408 1217 rum,
2444 1154 2530 1209 cui
2590 1154 2746 1226 longe
2804 1154 3082 1209 dissimilis
3128 1156 3384 1209 Atarbins
3438 1158 3840 1210 successerat.

2252 1245 2417 1301 Porro
2467 1256 2690 1301 cancros
2737 1246 2955 1315 quidem
3011 1246 3290 1315 episcopos
3345 1246 3845 1303 Neocagsarienses

2252 1338 2373 1391 avia
2414 1346 2669 1392 narrante
2700 1338 2949 1406 cognovit
2975 1337 3243 1403 Basilius;
3288 1346 3343 1392 at
3371 1338 3692 1395 Musonium
3735 1351 3843 1406 per

2254 1442 2312 1483 se
2342 1428 2455 1497 ipse
2480 1442 2611 1497 puer
2635 1428 2844 1482 videtur
2874 1427 3127 1483 audiisse.
3158 1426 3208 1483 Is
3234 1431 3375 1485 enim
3406 1446 3527 1485 cum
3560 1437 3842 1484 mortuus

2254 1518 2323 1573 sit
2354 1534 2494 1571 anno
2515 1518 2619 1573 568
2648 1527 2739 1572 aut
2775 1518 2901 1582 569,
2949 1534 3049 1573 non
3077 1521 3359 1574 admodum
3390 1535 3583 1585 senex,
3618 1520 3839 1573 docere

2255 1625 2363 1665 non
2394 1610 2565 1680 potuit
2597 1608 2890 1664 Macrinam
2917 1647 2934 1672 ,
2960 1623 3077 1677 quae
3117 1609 3168 1664 in
3195 1609 3298 1663 alia
3328 1609 3550 1664 ditecesi
3587 1608 3843 1676 degebat

2258 1717 2360 1756 non
2385 1701 2551 1756 multo
2585 1709 2705 1769 post
2734 1715 2931 1754 annum
2970 1699 3093 1764 550,
3120 1715 3309 1769 nempe
3341 1701 3393 1754 in
3422 1701 3514 1755 illo
3546 1713 3705 1771 pago
3741 1698 3839 1752 ubi

2257 1788 2510 1843 Basilium
2542 1788 2807 1843 educavit.

606 1885 917 1953 Palladiam,
949 1900 1105 1956 quam
1141 1895 1250 1937 tum
1288 1884 1355 1939 ob
1386 1883 1629 1953 egregios
1681 1898 1879 1948 mores,
1913 1892 2023 1934 ttnn
2083 1882 2151 1933 ob
2188 1858 2229 1911 Β
2328 1880 2641 1933 Translatus
2669 1877 3068 1932 Neocaesaream
3104 1878 3334 1933 Basilius
3362 1880 3570 1934 invenit
3610 1879 3669 1933 in
3700 1877 3841 1931 Em-

607 1976 1120 2046 consangninitatem
1157 1975 1210 2027 in
1271 1973 1460 2027 matris
1515 1972 1629 2027 loco
1665 1972 2028 2037 reverebatur,
2098 1981 2156 2025 ut

606 2068 720 2134 ipse
752 2075 977 2120 testatur
1007 2065 1057 2119 in
1082 2066 1237 2134 epist.
1268 2064 1395 2118 I57.

678 2156 741 2211 γ.
777 2158 870 2211 llis
905 2166 1052 2211 ortus
1074 2156 1383 2225 parentibus
1407 2153 1653 2218 Basilius,
1682 2166 1839 2222 quem
1871 2152 2157 2221 Gregorius

610 2250 776 2304 frater
799 2232 917 2303 cum
944 2245 1190 2300 Sainuele
1225 2247 1277 2298 in
1305 2260 1368 2300 eo
1398 2254 1673 2314 comparat
1700 2242 1795 2313 (c),
1820 2243 1961 2313 quod
1989 2250 2045 2295 ut
2072 2241 2157 2294 ille

611 2341 820 2403 matris,
853 2340 921 2393 ita
948 2339 1049 2393 iste
1071 2336 1238 2407 patris
1279 2336 1526 2405 precibus
1550 2350 1581 2389 a
1613 2334 1719 2389 Deo
1740 2348 2025 2390 concessus
2050 2333 2160 2387 fue-

614 2432 702 2485 rit.
738 2431 934 2484 Eadem
960 2430 1126 2499 patris
1154 2428 1255 2481 fide
1285 2441 1352 2481 ex
1399 2424 1577 2480 lethali
1622 2426 1806 2479 morbo
1834 2425 2012 2479 infans
2040 2438 2159 2478 ere-

609 2533 734 2593 ptus
776 2530 891 2588 est;
942 2535 1063 2575 cum
1103 2514 1351 2573 Christus
1400 2517 1538 2587 patri
1570 2516 1621 2571 in
1662 2518 1866 2572 somnis
1888 2517 2032 2570 visus
2080 2514 2159 2568 di-

615 2617 784 2669 xisset
813 2654 827 2678 ,
857 2611 1061 2666 utolim
1098 2609 1283 2678 regulo
1332 2607 1705 2679 Capharnaita:
1729 2647 1744 2673 ,
1806 2605 1964 2670 Vade,
2009 2604 2153 2675 filius

609 2718 728 2760 tuus
754 2705 896 2759 vivit.
930 2700 1118 2772 Reguli
1151 2700 1308 2754 ﬁdem
1341 2699 1582 2753 imitatus
1629 2697 1858 2752 Basilius
1885 2697 2052 2751 filium
2077 2697 2159 2751 in-

610 2798 868 2853 columem
903 2795 1119 2861 recepit.
1148 2789 1261 2846 Non
1293 2792 1345 2845 in
1365 2789 1701 2860 Cappadocia
1725 2789 1956 2843 nutritus
1998 2786 2155 2842 Basi-

610 2890 710 2942 lius
740 2886 853 2955 (Δ).
893 2886 985 2942 sed
1036 2886 1088 2940 in
1144 2883 1374 2953 quodam
1403 2895 1540 2952 pago
1574 2922 1589 2947 ,
1618 2895 1777 2951 quem
1804 2889 2054 2949 parentes
2107 2882 2160 2933 in

610 2980 778 3034 Ponto
800 2976 1160 3048 possidebant.
1202 2973 1464 3045 Regendte
1494 2972 1728 3027 infantiae
1766 2972 1948 3027 Basilii
1974 2957 2161 3026 curam

611 3071 844 3140 suscepit
870 3068 1211 3124 ornatissima
1236 3065 1454 3131 femina,
1486 3066 1603 3120 avia
1638 3064 1900 3131 Macrino,
1924 3080 1987 3120 ac
2014 3073 2163 3119 tene-

610 3178 685 3218 rae
730 3161 893 3217 menti
948 3174 1094 3215 sana:
1147 3157 1401 3213 doctrina:
1454 3156 1659 3213 semina
1711 3156 2000 3220 mandavit,
2043 3171 2161 3226 qua:

614 3254 756 3309 nulla
783 3266 1015 3323 unquam
1041 3257 1336 3320 temporum
1363 3250 1731 3305 vicissitudine
1750 3249 2161 3314 immutata,sed

614 3355 766 3401 aucta
790 3358 999 3414 semper
1020 3352 1074 3399 et
1100 3342 1315 3399 exculta
1348 3342 1787 3412 praeclarissimas
1828 3339 2036 3395 fructus
2064 3354 2162 3393 ex-

616 3441 869 3496 tulerunt.
915 3436 1202 3508 Permagni
1235 3438 1494 3492 intererat
1522 3435 1600 3491 sic
1631 3432 1837 3489 institui
1875 3431 2161 3497 Basilium,

614 3550 720 3588 non
770 3532 942 3589 solum
976 3542 1034 3586 ut
1077 3530 1358 3586 veritatem
1402 3538 1610 3583 mature
1635 3525 1968 3582 combiberet
1996 3563 2013 3588 ,
2066 3522 2165 3579 sed

613 3625 774 3680 etiam
824 3632 884 3679 ut
925 3622 1209 3679 calumniis
1266 3620 1603 3675 inimicorum
1626 3624 1956 3673 occurreret.
1994 3614 2165 3682 Quid-

620 3713 747 3784 quid
779 3713 921 3769 enim
950 3727 981 3766 a
1005 3711 1339 3768 sanctissima
1386 3708 1474 3763 illa
1513 3706 1735 3762 muliere
1775 3715 2076 3775 acceperat,
2133 3719 2163 3759 a

617 3805 876 3875 Gregorio
904 3800 1319 3858 Neocaesariensi
1369 3798 1643 3868 accepisse
1671 3796 1972 3860 videbatur,
2006 3808 2164 3865 quem

618 3897 707 3951 illa
730 3897 810 3952 sic
831 3893 1061 3958 colebat,
1095 3901 1151 3946 ut
1176 3890 1356 3947 omnia
1404 3887 1547 3943 illius
1590 3886 1776 3950 verba,
1827 3899 2167 3954 quaecunque

620 3988 686 4043 ad
710 3986 879 4056 ipsam
903 3981 1040 4039 serie
1078 3980 1348 4056 memoria}
1375 3985 1754 4049 pervenerant,
1789 3984 2046 4029 accurate
2075 3988 2163 4029 re-

622 4053 816 4134 tineret
855 4074 947 4147 (ε).
980 4071 1074 4129 His
1118 4087 1178 4128 se
1229 4053 1458 4127 Baﬁlius
1486 4069 1553 4123 ab
1581 4082 1645 4123 ea
1702 4066 1963 4121 imbutum
2004 4063 2171 4118 fuisse

621 4177 852 4226 testatur
896 4168 950 4222 in
986 4166 1141 4237 epist.
1169 4161 1295 4228 204,
1323 4160 1507 4216 ethoc
1567 4159 1668 4215 telo
1704 4155 1917 4227 repellit
1964 4156 2173 4212 inustas

625 4262 747 4318 fidei
782 4272 893 4315 suae
927 4256 1345 4313 criminationes.
1382 4252 1473 4308 Sic
1497 4252 1657 4307 etiam
1685 4250 1736 4303 in
1788 4263 1873 4319 ep.
1901 4247 2007 4303 225
2041 4257 2094 4302 et
2118 4247 2171 4301 in

628 4351 889 4427 procemio
948 4348 1250 4403 Moralium.
1301 4344 1531 4400 llaaresis
1579 4344 1776 4398 Ariaua
1806 4383 1821 4407 ,
1876 4357 1993 4412 quae
2051 4352 2175 4396 tunc

626 4443 990 4516 grassabatur,
1018 4454 1201 4494 curant
1236 4435 1505 4506 injiciebat
1531 4434 1812 4490 catholicis
1838 4433 2168 4503 parentibus,

624 4545 682 4591 ut
717 4542 924 4590 mature
953 4532 1181 4586 filiorum
1219 4530 1424 4583 animos
1449 4527 1858 4583 communirent.

695 4628 771 4683 Eo
808 4633 985 4681 autem
1037 4621 1329 4677 mirabilius
1370 4619 1550 4674 Basilii
1587 4618 1640 4674 in
1679 4618 1759 4673 his
1814 4616 2173 4688 percipiendis

626 4718 958 4777 documentis
1004 4728 1229 4770 acumen
1279 4720 1334 4769 et
1390 4713 1441 4767 in
1485 4710 1783 4767 retinendis
1839 4709 2135 4764 constantia
2163 4748 2177 4772 ,

627 4814 765 4885 quod
790 4813 889 4867 sub
923 4809 1042 4863 avia
1075 4808 1211 4861 ultra
1258 4813 1496 4859 teneram
1548 4800 1831 4858 infantiam
1885 4816 1988 4855 non
2053 4799 2173 4853 fuit.

630 4905 763 4960 Nam
793 4902 879 4957 ubi
908 4900 1135 4970 primum
1172 4896 1363 4952 litteris
1383 4894 1685 4951 ediscendis
1712 4892 1939 4948 idoneus
1966 4890 2084 4957 fuit,
2109 4905 2174 4943 ex

629 4997 763 5051 avia:
789 4993 1035 5049 manibus
1063 4990 1131 5044 ad
1176 4988 1343 5059 patris
1390 4986 1723 5057 disciplinam
1768 4984 2035 5048 transiit,
2082 4982 2176 5052 qui

630 5084 954 5143 rhetoricam
982 5096 1174 5150 magna
1202 5078 1510 5135 celebritate
1537 5079 1591 5132 in
1623 5075 1796 5132 Ponto
1833 5075 2059 5130 docebat
2084 5074 2174 5144 (ι),

631 5190 803 5248 neque
840 5176 942 5229 hoc
981 5186 1173 5227 munus
1200 5171 1253 5224 in
1293 5184 1427 5240 pago
1452 5208 1467 5233 ,
1504 5167 1593 5221 ubi
1625 5167 1882 5220 educatus
1922 5163 2177 5228 Basilius,

630 5282 818 5340 gerere
849 5266 1041 5335 potuit,
1069 5264 1163 5318 sed
1193 5262 1245 5317 in
1284 5275 1475 5332 magna
1510 5260 1687 5328 aliqua
1718 5257 1877 5321 urbe,
1906 5267 2086 5326 atque,
2126 5264 2182 5307 ut

632 5356 918 5414 verisimile
964 5364 1089 5421 est,
1122 5354 1500 5409 Neocaesaream
1555 5350 1811 5407 Basilium
1863 5348 2175 5421 aliquandiu

705 5536 778 5607 (α)
801 5536 995 5607 Homil.
1012 5538 1043 5607 Vl
1059 5535 1109 5587 7.

702 5602 776 5677 (θ)
800 5608 906 5677 ep.
938 5606 1058 5677 155,
1088 5602 1361 5677 165,102.

704 5672 771 5745 (ε)
795 5672 949 5744 Nyss.
988 5675 1054 5728 De
1080 5672 1241 5745 Busil.
1274 5688 1323 5740 p.
1353 5672 1482 5725 292.

702 5742 778 5815 (a)
810 5742 902 5813 Ep.
932 5746 995 5815 57
1020 5742 1214 5815 ςιιιίυ,
1253 5760 1301 5794 ιι.
1333 5744 1381 5795 ι.

707 5828 776 5883 (ρ)
810 5816 902 5882 Ep.
939 5814 1063 5879 aut,
1102 5829 1154 5864 ιι.
1188 5814 1239 5862 u.

2260 1972 2416 2026 nielia
2451 1979 2621 2025 matre
2644 1970 2867 2024 alteram
2895 1969 3206 2024 Macrinam.
3243 1970 3374 2025 Nam
3424 1970 3490 2025 ab
3511 1986 3574 2025 ea
3604 1985 3839 2040 quoque

2259 2064 2574 2121 catholicam
2631 2065 2923 2118 doctrinam
2984 2064 3254 2131 accepisse
3302 2078 3361 2119 se
3411 2063 3688 2131 gloriatur
3734 2064 3841 2132 (h).

2258 2158 2376 2228 Ipse
2402 2157 2564 2211 etiam
2594 2166 2748 2225 pater
2776 2171 2997 2224 operam
3035 2170 3187 2207 suam
3218 2154 3538 2225 adjungebat
3571 2156 3751 2210 uxori
3782 2157 3837 2209 in

2262 2250 2588 2303 instituendo
2610 2249 2675 2301 ad
2711 2249 2961 2316 pietatem
2992 2247 3099 2302 filio
3148 2246 3244 2318 (i);
3273 2246 3366 2301 sed
3395 2246 3536 2303 illius
3570 2248 3840 2302 animum

2260 2340 2568 2395 liberalibus
2597 2340 2891 2408 disciplinis
2927 2339 3165 2393 imbuere
3196 2339 3470 2407 proprium
3502 2355 3671 2394 suum
3710 2356 3831 2394 mu-

2259 2447 2358 2486 nus
2395 2446 2514 2486 esse
2546 2432 2793 2493 ducebat,
2819 2431 2899 2482 vir
2929 2441 3153 2497 utraque
3181 2428 3337 2483 laude
3394 2429 3449 2483 in
3505 2428 3693 2484 Ponto
3722 2446 3827 2483 ex-

2259 2522 2476 2586 cellens,
2513 2530 2566 2576 et
2596 2521 2793 2589 pietate
2842 2530 2895 2574 et
2932 2520 3254 2588 eloquentia.
3288 2520 3400 2576 Sub
3431 2530 3617 2577 'tanto
3652 2521 3835 2589 magi-

2264 2626 2378 2670 stro
2431 2614 2653 2669 mirifice
2698 2613 2926 2683 profecit
2963 2614 3225 2680 Basilius;
3258 2614 3349 2669 sed
3381 2629 3500 2669 cum
3538 2630 3665 2670 eum
3705 2615 3832 2669 nul-

2262 2708 2365 2762 lius
2394 2707 2470 2761 rei
2508 2715 2783 2777 expertem
2836 2719 2956 2759 esse
2982 2713 3269 2772 oporteret.
3296 2714 3356 2759 ut
3392 2705 3469 2760 ait
3515 2704 3829 2775 Gregorius

2261 2796 2660 2861 Nazianzenus,
2713 2796 2765 2850 in
2825 2796 2959 2851 alias
2990 2796 3292 2866 provincias
3332 2794 3581 2859 mittitur,
3613 2806 3677 2849 ut
3704 2795 3829 2848 vcl-

2263 2899 2319 2943 ut
2352 2902 2479 2957 apes
2510 2904 2572 2942 ex
2600 2888 2764 2942 variis
2797 2886 3036 2952 floribus,
3084 2888 3163 2942 sic
3186 2887 3297 2956 ipse
3319 2900 3382 2939 ex
3417 2885 3582 2940 variis
3640 2886 3822 2957 magi-

2263 2981 2392 3036 stris
2413 2980 2690 3034 utilissima
2723 2992 2947 3047 quaeque
2978 2978 3291 3047 perciperet.
3312 2976 3446 3031 Hine
3476 2990 3596 3030 eum
3633 2974 3823 3031 Caesa-

2264 3088 2374 3135 rea,
2395 3087 2459 3127 ac
2482 3072 2672 3126 deinde
2696 3070 3205 3140 Constantinopolis,
3240 3077 3294 3125 et
3346 3068 3557 3123 tandem
3586 3068 3821 3124 Athena:

2190 3193 2237 3256 ρ
2268 3166 2588 3256 habuerunt.

2338 3254 2424 3310 Vl.
2448 3254 2551 3309 Sed
2581 3262 2698 3307 utra
2726 3251 2977 3308 Basilium
3009 3249 3254 3306 habuerit
3280 3250 3545 3316 Cmsarea,
3571 3265 3691 3321 qua:
3715 3252 3824 3308 sita

2266 3355 2348 3401 est
2370 3347 2421 3399 in
2448 3344 2799 3413 Cappadocia,
2824 3358 2890 3397 an
2918 3357 3036 3412 quae
3067 3342 3119 3395 in
3145 3340 3446 3407 Palatstina,
3474 3356 3666 3412 magna
3694 3357 3824 3398 sen-

2270 3438 2552 3491 tentiarum
2580 3436 2840 3490 varietate
2876 3433 3183 3504 ambigitur.
3232 3432 3410 3489 Multis
3452 3435 3701 3503 partibus
3730 3435 3821 3488 vi-

2268 3529 2422 3583 detur
2450 3525 2779 3597 prmferenda
2828 3539 3012 3581 eorum
3055 3524 3258 3591 opinio,
3286 3525 3375 3588 qui
3406 3524 3661 3581 Basilium
3707 3527 3828 3582 Ca:-

2271 3632 2437 3672 sarea:
2466 3617 2518 3671 in
2543 3616 2873 3686 Cappadocia
2909 3616 3105 3670 litteris
3131 3630 3349 3685 operam
3375 3617 3585 3672 dedisse
3607 3618 3821 3672 volunt.

2271 3709 2325 3763 1ο
2363 3707 2589 3763 Basilius
2611 3717 2759 3778 optat
2792 3708 2843 3762 in
2871 3709 3029 3776 epist.
3055 3705 3122 3760 64
3171 3715 3229 3759 ut
3254 3704 3572 3777 Hesychius,
3601 3708 3821 3778 quicum

2270 3816 2330 3856 se
2360 3801 2539 3856 multis
2563 3801 2724 3855 rebus
2774 3799 2842 3854 ab
2890 3800 3045 3853 initio
3085 3798 3429 3867 coniunctum
3475 3799 3638 3855 fuisse
3663 3802 3823 3865 dicit,

2278 3892 2564 3962 aliquando
2593 3892 2659 3945 ad
2694 3890 2943 3959 antiquos
2977 3890 3257 3960 utriusque
3284 3890 3427 3945 lares
3470 3906 3529 3945 se
3555 3890 3821 3945 conferat.

2271 3981 2564 4051 Antiquum
2588 3979 2716 4034 illud
2738 3976 2923 4032 Basilii
2953 3987 3009 4032 et
3033 3976 3280 4048 liesyebii
3305 3977 3630 4033 domicilium
3675 3980 3825 4033 aliud

2272 4088 2390 4129 esse
2413 4087 2515 4128 non
2560 4080 2735 4142 p0test
2773 4086 2933 4138 quam
2968 4070 3237 4133 Caesarea,
3271 4070 3410 4123 unde
3437 4069 3703 4124 scribebat
3725 4069 3828 4123 Ba-

2274 4163 2425 4217 silius
2453 4202 2469 4226 ,
2508 4176 2607 4218 nec
2640 4161 2781 4215 aliud
2829 4171 3038 4227 tempus
3062 4158 3322 4230 assignari
3358 4168 3552 4229 potest,
3575 4174 3680 4229 quo
3708 4175 3826 4214 sese

2275 4252 2532 4308 Caesarea:
2553 4252 2823 4312 noverint.
2850 4249 2953 4304 nisi
2984 4265 3104 4305 cum
3137 4258 3361 4320 uterque
3384 4249 3577 4304 litteris
3604 4265 3823 4319 operam

2276 4348 2445 4403 daret.

2341 4438 2402 4491 2°
2452 4435 2644 4490 Narrat
2670 4433 2964 4505 Gregorius
3006 4432 3481 4503 Nazianzenus.(j)
3505 4446 3563 4487 se
3600 4441 3653 4485 et
3680 4431 3825 4485 Basi-

2206 4533 2249 4592 D
2277 4530 2426 4594 lium,
2452 4525 2609 4581 veluti
2632 4526 2838 4594 [limum
2864 4526 3135 4594 quemdam
3166 4522 3421 4591 ﬂuminis,
3447 4537 3511 4574 ea:
3534 4522 3711 4575 eodem
3731 4540 3795 4586 pa
3812 4550 3827 4563 ο

2275 4622 2387 4676 trite
2424 4620 2565 4689 [ante
2597 4619 2650 4671 in
2695 4618 2927 4670 diversas
2974 4616 3207 4685 regiones
3255 4612 3508 4666 doetrime
3550 4614 3829 4682 cupiditaie

2277 4713 2553 4771 dissectos,
2584 4722 2787 4768 rursus,
2823 4704 2956 4759 velut
3004 4719 3067 4757 ea:
3095 4702 3376 4768 composito
3401 4741 3417 4768 ,
3452 4699 3561 4754 Deo
3598 4700 3827 4755 videlicet

2279 4805 2355 4855 ita
2394 4798 2684 4868 impellente
2714 4837 2729 4862 ,
2767 4795 2981 4849 Athenis
3037 4792 3271 4846 sciuisse.
3318 4788 3553 4861 Uterque
3603 4804 3734 4860 ergo
3776 4794 3826 4844 in

2279 4893 2616 4963 Cappadocia
2643 4888 2958 4957 coniunctus
2998 4885 3197 4949 fuerat,
3240 4895 3464 4951 uterque
3491 4883 3613 4937 inde
3643 4883 3695 4936 in
3738 4897 3827 4934 Va-

2282 4980 2389 5038 rias
2418 4982 2663 5051 regiones
2694 4976 2986 5048 profectus,
3038 4992 3145 5030 non
3188 4976 3323 5029 alter
3353 4989 3383 5030 e
3411 4973 3605 5039 Ponto,
3644 4972 3777 5028 alter
3799 4987 3827 5025 e

2278 5072 2631 5144 Cappadocia.
2685 5070 2859 5138 Atque
2911 5067 2963 5121 id
3016 5066 3367 5121 confirmatur
3420 5074 3530 5118 tum
3586 5062 3825 5133 Gregorii

2280 5161 2579 5237 presbyteri
2603 5158 2929 5220 testimonio,
2966 5159 3053 5226 qui
3090 5156 3408 5227 Gregorium
3433 5152 3822 5208 Nazianzenuin

2283 5264 2561 5317 utramque
2582 5249 2885 5305 Caesaream
2917 5247 3214 5300 studiorum
3236 5260 3394 5300 causa
3425 5244 3642 5314 petiisse
3667 5254 3826 5298 testa-

2286 5355 2408 5411 tur;
2441 5353 2549 5398 tum
2575 5340 2743 5411 ipsius
2768 5339 2929 5393 etiam
2959 5336 3201 5408 Gregorii
3234 5337 3583 5403 Nazianzeni,
3614 5335 3701 5406 qui
3729 5333 3825 5387 Ba-

2352 5520 2418 5591 (f)
2451 5518 2579 5585 Νη.
2613 5534 2693 5591 or.
2729 5518 3014 5591 20;Nyss.
3056 5516 3155 5572 Vit.
3191 5514 3386 5581 Mam,
3422 5512 3544 5569 192.

2352 5589 2426 5662 (9')
2456 5590 2562 5662 EP-
2585 5589 2709 5662 ἓοέο
2752 5606 2807 5643 ne
2826 5590 2899 5662 βο

2351 5658 2429 5730 (ἦ)
2455 5660 2549 5728 Ep.
2577 5658 2706 5726 225,
2740 5676 2792 5712 n.
2824 5660 2878 5716 '5.

2356 5730 2416 5799 (ἕ)
2445 5730 2567 5782 Naz.
2586 5744 2682 5799 or.
2713 5730 2808 5787 ἳΟ.

2359 5797 2419 5872 (i)
2450 5800 2540 5855 Οι·.
2573 5797 2661 5855 29.
