  <div class='ocr_page' id='page_1' title='image "/cluster/home/n/w/nwhite01/storage/ocr_20150623/29/hvd.32044011320256/024.png"; bbox 0 0 3992 6392; ppageno 0'>
   <div class='ocr_carea' id='block_1_1' title="bbox 1533 288 3418 397">
    <p class='ocr_par' dir='ltr' id='par_1_1' title="bbox 1533 288 3418 397">
     <span class='ocr_line' id='line_1_1' title="bbox 1533 288 3418 397; baseline -0.015 -1"><span class='ocrx_word' id='word_1_1' title='bbox 1533 340 1690 397; x_wconf 82' lang='lat' dir='ltr'><strong>VITA</strong></span> <span class='ocrx_word' id='word_1_2' title='bbox 1729 339 1787 393; x_wconf 71' lang='grc' dir='ltr'><strong>δ.</strong></span> <span class='ocrx_word' id='word_1_3' title='bbox 1828 332 2088 390; x_wconf 77' lang='lat' dir='ltr'><strong>BASILII.</strong></span> <span class='ocrx_word' id='word_1_4' title='bbox 2282 288 2283 293; x_wconf 7' lang='grc' dir='ltr'><strong><em>Ν</em></strong></span> <span class='ocrx_word' id='word_1_5' title='bbox 3360 326 3418 368; x_wconf 70' lang='grc' dir='ltr'><strong>ιι</strong></span> 
     </span>
    </p>
   </div>
   <div class='ocr_carea' id='block_1_2' title="bbox 204 429 3416 541">
    <p class='ocr_par' dir='ltr' id='par_1_2' title="bbox 204 429 3416 541">
     <span class='ocr_line' id='line_1_2' title="bbox 204 429 3416 541; baseline -0.011 -8"><span class='ocrx_word' id='word_1_6' title='bbox 204 476 370 533; x_wconf 64' lang='lat' dir='ltr'><strong>silium</strong></span> <span class='ocrx_word' id='word_1_7' title='bbox 419 470 531 528; x_wconf 87' lang='lat' dir='ltr'><strong>sibi</strong></span> <span class='ocrx_word' id='word_1_8' title='bbox 594 468 807 541; x_wconf 85' lang='lat' dir='ltr'><strong>plenius</strong></span> <span class='ocrx_word' id='word_1_9' title='bbox 856 464 1086 522; x_wconf 74' lang='lat' dir='ltr'><strong>Athenis</strong></span> <span class='ocrx_word' id='word_1_10' title='bbox 1114 463 1395 535; x_wconf 87' lang='lat' dir='ltr'><strong>cognitum</strong></span> <span class='ocrx_word' id='word_1_11' title='bbox 1425 462 1589 518; x_wconf 87' lang='lat' dir='ltr'><strong>fuisse</strong></span> <span class='ocrx_word' id='word_1_12' title='bbox 1612 460 1762 521; x_wconf 95' lang='lat' dir='ltr'><strong>dicit,</strong></span> <span class='ocrx_word' id='word_1_13' title='bbox 1794 460 1836 514; x_wconf 77' lang='grc' dir='ltr'><strong>Α</strong></span> <span class='ocrx_word' id='word_1_14' title='bbox 1868 452 2182 507; x_wconf 80' lang='lat' dir='ltr'><strong>cherrimam</strong></span> <span class='ocrx_word' id='word_1_15' title='bbox 2214 447 2415 516; x_wconf 68' lang='lat' dir='ltr'><strong>ipsique</strong></span> <span class='ocrx_word' id='word_1_16' title='bbox 2437 442 2660 497; x_wconf 66' lang='lat' dir='ltr'><strong>maxime</strong></span> <span class='ocrx_word' id='word_1_17' title='bbox 2700 436 2962 540; x_wconf 62' lang='grc' dir='ltr'>ρτορνξαπι</span> <span class='ocrx_word' id='word_1_18' title='bbox 2987 429 3416 541; x_wconf 35' lang='lat' dir='ltr'><strong>eripuerit-ﬁam.</strong></span> 
     </span>
    </p>
   </div>
   <div class='ocr_carea' id='block_1_3' title="bbox 206 551 1762 630">
    <p class='ocr_par' dir='ltr' id='par_1_3' title="bbox 206 551 1762 630">
     <span class='ocr_line' id='line_1_3' title="bbox 206 551 1762 630; baseline -0.007 -14"><span class='ocrx_word' id='word_1_19' title='bbox 206 579 314 617; x_wconf 74' lang='lat' dir='ltr'><strong>cum</strong></span> <span class='ocrx_word' id='word_1_20' title='bbox 341 570 509 615; x_wconf 85' lang='lat' dir='ltr'><strong>antea</strong></span> <span class='ocrx_word' id='word_1_21' title='bbox 536 559 753 630; x_wconf 83' lang='lat' dir='ltr'><strong>ignotus</strong></span> <span class='ocrx_word' id='word_1_22' title='bbox 778 570 881 611; x_wconf 92' lang='lat' dir='ltr'><strong>non</strong></span> <span class='ocrx_word' id='word_1_23' title='bbox 907 556 1114 611; x_wconf 90' lang='lat' dir='ltr'><strong>fuisset.</strong></span> <span class='ocrx_word' id='word_1_24' title='bbox 1149 553 1280 610; x_wconf 87' lang='lat' dir='ltr'><strong>Sese</strong></span> <span class='ocrx_word' id='word_1_25' title='bbox 1303 565 1478 608; x_wconf 89' lang='lat' dir='ltr'><strong>autem</strong></span> <span class='ocrx_word' id='word_1_26' title='bbox 1507 551 1633 607; x_wconf 84' lang='lat' dir='ltr'><strong>alibi</strong></span> <span class='ocrx_word' id='word_1_27' title='bbox 1660 566 1762 606; x_wconf 91' lang='lat' dir='ltr'><strong>non</strong></span> 
     </span>
    </p>
   </div>
   <div class='ocr_carea' id='block_1_4' title="bbox 206 647 1375 719">
    <p class='ocr_par' dir='ltr' id='par_1_4' title="bbox 206 647 1375 719">
     <span class='ocr_line' id='line_1_4' title="bbox 206 647 1375 719; baseline -0.003 -15"><span class='ocrx_word' id='word_1_28' title='bbox 206 656 446 707; x_wconf 70' lang='lat' dir='ltr'><strong>ridentur</strong></span> <span class='ocrx_word' id='word_1_29' title='bbox 473 651 721 715; x_wconf 83' lang='lat' dir='ltr'><strong>novisse,</strong></span> <span class='ocrx_word' id='word_1_30' title='bbox 746 665 907 719; x_wconf 90' lang='lat' dir='ltr'><strong>quam</strong></span> <span class='ocrx_word' id='word_1_31' title='bbox 931 650 984 703; x_wconf 92' lang='lat' dir='ltr'><strong>in</strong></span> <span class='ocrx_word' id='word_1_32' title='bbox 1013 647 1375 717; x_wconf 76' lang='lat' dir='ltr'><strong>Cappadocia.</strong></span> 
     </span>
    </p>
   </div>
   <div class='ocr_carea' id='block_1_5' title="bbox 270 737 1767 811">
    <p class='ocr_par' dir='ltr' id='par_1_5' title="bbox 270 737 1767 811">
     <span class='ocr_line' id='line_1_5' title="bbox 270 737 1767 811; baseline -0.007 -11"><span class='ocrx_word' id='word_1_33' title='bbox 270 747 323 800; x_wconf 80' lang='grc'><strong>’5⁵</strong></span> <span class='ocrx_word' id='word_1_34' title='bbox 350 744 561 799; x_wconf 84' lang='lat' dir='ltr'><strong>Scribit</strong></span> <span class='ocrx_word' id='word_1_35' title='bbox 600 742 831 797; x_wconf 81' lang='lat' dir='ltr'><strong>Basilius</strong></span> <span class='ocrx_word' id='word_1_36' title='bbox 853 743 905 795; x_wconf 89' lang='lat' dir='ltr'><strong>in</strong></span> <span class='ocrx_word' id='word_1_37' title='bbox 936 742 1096 811; x_wconf 90' lang='lat' dir='ltr'><strong>epist.</strong></span> <span class='ocrx_word' id='word_1_38' title='bbox 1123 741 1186 795; x_wconf 77' lang='grc'><strong>51</strong></span> <span class='ocrx_word' id='word_1_39' title='bbox 1221 755 1278 795; x_wconf 92' lang='lat' dir='ltr'><strong>se</strong></span> <span class='ocrx_word' id='word_1_40' title='bbox 1325 754 1353 793; x_wconf 90' lang='lat' dir='ltr'><strong>a</strong></span> <span class='ocrx_word' id='word_1_41' title='bbox 1388 737 1563 807; x_wconf 90' lang='lat' dir='ltr'><strong>prima</strong></span> <span class='ocrx_word' id='word_1_42' title='bbox 1611 744 1767 792; x_wconf 78' lang='lat' dir='ltr'><strong>actate</strong></span> 
     </span>
    </p>
   </div>
   <div class='ocr_carea' id='block_1_6' title="bbox 211 830 1763 902">
    <p class='ocr_par' dir='ltr' id='par_1_6' title="bbox 211 830 1763 902">
     <span class='ocr_line' id='line_1_6' title="bbox 211 830 1763 902; baseline -0.006 -11"><span class='ocrx_word' id='word_1_43' title='bbox 211 840 458 891; x_wconf 74' lang='lat' dir='ltr'><strong>nutritum</strong></span> <span class='ocrx_word' id='word_1_44' title='bbox 495 835 672 890; x_wconf 89' lang='lat' dir='ltr'><strong>fuisse</strong></span> <span class='ocrx_word' id='word_1_45' title='bbox 698 836 752 889; x_wconf 93' lang='lat' dir='ltr'><strong>in</strong></span> <span class='ocrx_word' id='word_1_46' title='bbox 781 848 964 889; x_wconf 90' lang='lat' dir='ltr'><strong>amore</strong></span> <span class='ocrx_word' id='word_1_47' title='bbox 988 834 1162 888; x_wconf 89' lang='lat' dir='ltr'><strong>Dianii</strong></span> <span class='ocrx_word' id='word_1_48' title='bbox 1193 832 1427 902; x_wconf 83' lang='lat' dir='ltr'><strong>episcopi</strong></span> <span class='ocrx_word' id='word_1_49' title='bbox 1471 830 1763 886; x_wconf 57' lang='lat' dir='ltr'><strong>Caesarien-</strong></span> 
     </span>
    </p>
   </div>
   <div class='ocr_carea' id='block_1_7' title="bbox 211 920 1766 993">
    <p class='ocr_par' dir='ltr' id='par_1_7' title="bbox 211 920 1766 993">
     <span class='ocr_line' id='line_1_7' title="bbox 211 920 1766 993; baseline -0.007 -10"><span class='ocrx_word' id='word_1_50' title='bbox 211 934 307 989; x_wconf 57' lang='lat' dir='ltr'><strong>sis.</strong></span> <span class='ocrx_word' id='word_1_51' title='bbox 339 936 395 980; x_wconf 89' lang='lat' dir='ltr'><strong>et</strong></span> <span class='ocrx_word' id='word_1_52' title='bbox 452 926 838 981; x_wconf 81' lang='lat' dir='ltr'><strong>considerasse</strong></span> <span class='ocrx_word' id='word_1_53' title='bbox 882 938 1044 993; x_wconf 88' lang='lat' dir='ltr'><strong>quam</strong></span> <span class='ocrx_word' id='word_1_54' title='bbox 1098 931 1246 977; x_wconf 90' lang='lat' dir='ltr'><strong>esset</strong></span> <span class='ocrx_word' id='word_1_55' title='bbox 1282 920 1368 975; x_wconf 93' lang='lat' dir='ltr'><strong>ille</strong></span> <span class='ocrx_word' id='word_1_56' title='bbox 1406 920 1489 975; x_wconf 90' lang='lat' dir='ltr'><strong>vir</strong></span> <span class='ocrx_word' id='word_1_57' title='bbox 1547 930 1766 990; x_wconf 91' lang='lat' dir='ltr'><strong>aspectu</strong></span> 
     </span>
    </p>
   </div>
   <div class='ocr_carea' id='block_1_8' title="bbox 211 1011 1766 1087">
    <p class='ocr_par' dir='ltr' id='par_1_8' title="bbox 211 1011 1766 1087">
     <span class='ocr_line' id='line_1_8' title="bbox 211 1011 1766 1087; baseline -0.003 -18"><span class='ocrx_word' id='word_1_58' title='bbox 211 1018 554 1082; x_wconf 76' lang='lat' dir='ltr'><strong>renerabilis,</strong></span> <span class='ocrx_word' id='word_1_59' title='bbox 587 1026 643 1073; x_wconf 92' lang='lat' dir='ltr'><strong>et</strong></span> <span class='ocrx_word' id='word_1_60' title='bbox 689 1026 973 1087; x_wconf 74' lang='lat' dir='ltr'><strong>postquam</strong></span> <span class='ocrx_word' id='word_1_61' title='bbox 1016 1014 1188 1070; x_wconf 90' lang='lat' dir='ltr'><strong>adfuit</strong></span> <span class='ocrx_word' id='word_1_62' title='bbox 1231 1013 1389 1076; x_wconf 89' lang='lat' dir='ltr'><strong>ratio,</strong></span> <span class='ocrx_word' id='word_1_63' title='bbox 1426 1012 1572 1066; x_wconf 93' lang='lat' dir='ltr'><strong>illum</strong></span> <span class='ocrx_word' id='word_1_64' title='bbox 1602 1011 1766 1067; x_wconf 87' lang='lat' dir='ltr'><strong>etiam</strong></span> 
     </span>
    </p>
   </div>
   <div class='ocr_carea' id='block_1_9' title="bbox 209 1103 1772 1178">
    <p class='ocr_par' dir='ltr' id='par_1_9' title="bbox 209 1103 1772 1178">
     <span class='ocr_line' id='line_1_9' title="bbox 209 1103 1772 1178; baseline -0.006 -13"><span class='ocrx_word' id='word_1_65' title='bbox 209 1128 263 1165; x_wconf 75' lang='lat' dir='ltr'><strong>es</strong></span> <span class='ocrx_word' id='word_1_66' title='bbox 292 1110 655 1165; x_wconf 88' lang='lat' dir='ltr'><strong>interioribus</strong></span> <span class='ocrx_word' id='word_1_67' title='bbox 687 1109 846 1165; x_wconf 86' lang='lat' dir='ltr'><strong>bonis</strong></span> <span class='ocrx_word' id='word_1_68' title='bbox 878 1108 1195 1178; x_wconf 79' lang='lat' dir='ltr'><strong>cognovisse</strong></span> <span class='ocrx_word' id='word_1_69' title='bbox 1215 1146 1230 1169; x_wconf 89' lang='lat'><strong>,</strong></span> <span class='ocrx_word' id='word_1_70' title='bbox 1262 1106 1510 1172; x_wconf 78' lang='lat' dir='ltr'><strong>illiusque</strong></span> <span class='ocrx_word' id='word_1_71' title='bbox 1534 1103 1772 1159; x_wconf 83' lang='lat' dir='ltr'><strong>delecta-</strong></span> 
     </span>
    </p>
   </div>
   <div class='ocr_carea' id='block_1_10' title="bbox 210 1196 1767 1270">
    <p class='ocr_par' dir='ltr' id='par_1_10' title="bbox 210 1196 1767 1270">
     <span class='ocr_line' id='line_1_10' title="bbox 210 1196 1767 1270; baseline -0.005 -15"><span class='ocrx_word' id='word_1_72' title='bbox 210 1212 308 1255; x_wconf 80' lang='lat' dir='ltr'><strong>tum</strong></span> <span class='ocrx_word' id='word_1_73' title='bbox 332 1200 752 1257; x_wconf 75' lang='lat' dir='ltr'><strong>consuetudine.</strong></span> <span class='ocrx_word' id='word_1_74' title='bbox 805 1200 899 1253; x_wconf 83' lang='grc' dir='ltr'><strong>Ἐκ</strong></span> <span class='ocrx_word' id='word_1_75' title='bbox 933 1198 1155 1270; x_wconf 81' lang='grc' dir='ltr'><strong>πρώτης</strong></span> <span class='ocrx_word' id='word_1_76' title='bbox 1181 1198 1396 1270; x_wconf 80' lang='grc' dir='ltr'>ἡλικίας</span> <span class='ocrx_word' id='word_1_77' title='bbox 1430 1196 1767 1266; x_wconf 78' lang='grc' dir='ltr'>συνετράφην</span> 
     </span>
    </p>
   </div>
   <div class='ocr_carea' id='block_1_11' title="bbox 206 1287 1773 1362">
    <p class='ocr_par' dir='ltr' id='par_1_11' title="bbox 206 1287 1773 1362">
     <span class='ocr_line' id='line_1_11' title="bbox 206 1287 1773 1362; baseline -0.003 -18"><span class='ocrx_word' id='word_1_78' title='bbox 206 1292 273 1362; x_wconf 71' lang='grc' dir='ltr'><strong>τῷ</strong></span> <span class='ocrx_word' id='word_1_79' title='bbox 296 1292 425 1362; x_wconf 69' lang='grc' dir='ltr'>περὶ</span> <span class='ocrx_word' id='word_1_80' title='bbox 455 1292 629 1346; x_wconf 77' lang='grc' dir='ltr'>αὐτὸν</span> <span class='ocrx_word' id='word_1_81' title='bbox 657 1291 936 1362; x_wconf 78' lang='grc' dir='ltr'><strong>φίλτρῳ...</strong></span> <span class='ocrx_word' id='word_1_82' title='bbox 967 1290 1090 1343; x_wconf 78' lang='grc' dir='ltr'>ἐπεὶ</span> <span class='ocrx_word' id='word_1_83' title='bbox 1111 1290 1167 1342; x_wconf 82' lang='grc' dir='ltr'><strong>δέ</strong></span> <span class='ocrx_word' id='word_1_84' title='bbox 1204 1307 1292 1359; x_wconf 86' lang='grc' dir='ltr'><strong>μοι</strong></span> <span class='ocrx_word' id='word_1_85' title='bbox 1317 1288 1501 1342; x_wconf 84' lang='grc' dir='ltr'>λοιπὸν</span> <span class='ocrx_word' id='word_1_86' title='bbox 1525 1288 1664 1341; x_wconf 83' lang='grc' dir='ltr'>καὶὸ</span> <span class='ocrx_word' id='word_1_87' title='bbox 1687 1287 1773 1340; x_wconf 82' lang='grc' dir='ltr'><strong>λό-</strong></span> 
     </span>
    </p>
   </div>
   <div class='ocr_carea' id='block_1_12' title="bbox 208 1375 1771 1454">
    <p class='ocr_par' dir='ltr' id='par_1_12' title="bbox 208 1375 1771 1454">
     <span class='ocr_line' id='line_1_12' title="bbox 208 1375 1771 1454; baseline -0.004 -19"><span class='ocrx_word' id='word_1_88' title='bbox 208 1401 292 1450; x_wconf 64' lang='grc' dir='ltr'><strong>γος</strong></span> <span class='ocrx_word' id='word_1_89' title='bbox 316 1382 531 1454; x_wconf 79' lang='grc' dir='ltr'>παρῆν,</span> <span class='ocrx_word' id='word_1_90' title='bbox 564 1382 688 1435; x_wconf 76' lang='grc' dir='ltr'><strong>τότε</strong></span> <span class='ocrx_word' id='word_1_91' title='bbox 720 1382 787 1453; x_wconf 79' lang='grc' dir='ltr'><strong>δὴ</strong></span> <span class='ocrx_word' id='word_1_92' title='bbox 810 1382 904 1433; x_wconf 78' lang='grc' dir='ltr'>καὶ</span> <span class='ocrx_word' id='word_1_93' title='bbox 929 1380 1038 1434; x_wconf 81' lang='grc' dir='ltr'><strong>ἀπὸ</strong></span> <span class='ocrx_word' id='word_1_94' title='bbox 1071 1380 1179 1432; x_wconf 84' lang='grc' dir='ltr'>τῶν</span> <span class='ocrx_word' id='word_1_95' title='bbox 1211 1379 1311 1449; x_wconf 80' lang='grc' dir='ltr'><strong>τῆς</strong></span> <span class='ocrx_word' id='word_1_96' title='bbox 1337 1378 1515 1448; x_wconf 72' lang='grc' dir='ltr'>ψυχῆς</span> <span class='ocrx_word' id='word_1_97' title='bbox 1552 1375 1771 1445; x_wconf 81' lang='grc' dir='ltr'><strong>ἀγαθῶν</strong></span> 
     </span>
    </p>
   </div>
   <div class='ocr_carea' id='block_1_13' title="bbox 206 1469 1775 1545">
    <p class='ocr_par' dir='ltr' id='par_1_13' title="bbox 206 1469 1775 1545">
     <span class='ocr_line' id='line_1_13' title="bbox 206 1469 1775 1545; baseline -0.004 -17"><span class='ocrx_word' id='word_1_98' title='bbox 206 1475 359 1527; x_wconf 66' lang='grc' dir='ltr'>αὐτὸν</span> <span class='ocrx_word' id='word_1_99' title='bbox 413 1474 795 1542; x_wconf 74' lang='grc' dir='ltr'>ἐπεγίνωσκον</span> <span class='ocrx_word' id='word_1_100' title='bbox 841 1472 935 1526; x_wconf 75' lang='grc' dir='ltr'>καὶ</span> <span class='ocrx_word' id='word_1_101' title='bbox 980 1471 1193 1545; x_wconf 75' lang='grc' dir='ltr'>ἔχαιρον</span> <span class='ocrx_word' id='word_1_102' title='bbox 1252 1469 1414 1523; x_wconf 75' lang='grc' dir='ltr'>αὑτοῦ</span> <span class='ocrx_word' id='word_1_103' title='bbox 1469 1472 1535 1540; x_wconf 79' lang='grc' dir='ltr'><strong>τῇ</strong></span> <span class='ocrx_word' id='word_1_104' title='bbox 1588 1486 1775 1523; x_wconf 86' lang='grc' dir='ltr'>συνου-</span> 
     </span>
    </p>
   </div>
   <div class='ocr_carea' id='block_1_14' title="bbox 209 1559 1772 1633">
    <p class='ocr_par' dir='ltr' id='par_1_14' title="bbox 209 1559 1772 1633">
     <span class='ocr_line' id='line_1_14' title="bbox 209 1559 1772 1633; baseline -0.004 -16"><span class='ocrx_word' id='word_1_105' title='bbox 209 1568 311 1633; x_wconf 69' lang='grc' dir='ltr'>σία.</span> <span class='ocrx_word' id='word_1_106' title='bbox 345 1563 423 1618; x_wconf 77' lang='lat' dir='ltr'><strong>Ex</strong></span> <span class='ocrx_word' id='word_1_107' title='bbox 457 1564 552 1619; x_wconf 81' lang='lat' dir='ltr'><strong>bis</strong></span> <span class='ocrx_word' id='word_1_108' title='bbox 583 1563 782 1633; x_wconf 86' lang='lat' dir='ltr'><strong>colligo</strong></span> <span class='ocrx_word' id='word_1_109' title='bbox 804 1562 1059 1618; x_wconf 82' lang='lat' dir='ltr'><strong>Basiliam</strong></span> <span class='ocrx_word' id='word_1_110' title='bbox 1093 1561 1353 1616; x_wconf 68' lang='lat' dir='ltr'><strong>Caesarea:</strong></span> <span class='ocrx_word' id='word_1_111' title='bbox 1380 1559 1772 1614; x_wconf 84' lang='lat' dir='ltr'><strong>adolescentem</strong></span> 
     </span>
    </p>
   </div>
   <div class='ocr_carea' id='block_1_15' title="bbox 213 1648 1774 1725">
    <p class='ocr_par' dir='ltr' id='par_1_15' title="bbox 213 1648 1774 1725">
     <span class='ocr_line' id='line_1_15' title="bbox 213 1648 1774 1725; baseline -0.003 -19"><span class='ocrx_word' id='word_1_112' title='bbox 213 1655 456 1725; x_wconf 81' lang='lat' dir='ltr'><strong>pluribus</strong></span> <span class='ocrx_word' id='word_1_113' title='bbox 492 1654 657 1710; x_wconf 87' lang='lat' dir='ltr'><strong>annis</strong></span> <span class='ocrx_word' id='word_1_114' title='bbox 687 1662 1077 1709; x_wconf 88' lang='lat' dir='ltr'><strong>commoratum</strong></span> <span class='ocrx_word' id='word_1_115' title='bbox 1100 1652 1287 1714; x_wconf 88' lang='lat' dir='ltr'><strong>fuisse,</strong></span> <span class='ocrx_word' id='word_1_116' title='bbox 1320 1649 1496 1720; x_wconf 87' lang='lat' dir='ltr'><strong>ibique</strong></span> <span class='ocrx_word' id='word_1_117' title='bbox 1527 1649 1661 1705; x_wconf 89' lang='lat' dir='ltr'><strong>satis</strong></span> <span class='ocrx_word' id='word_1_118' title='bbox 1684 1648 1774 1703; x_wconf 94' lang='lat' dir='ltr'><strong>diu</strong></span> 
     </span>
    </p>
   </div>
   <div class='ocr_carea' id='block_1_16' title="bbox 206 1737 1774 1812">
    <p class='ocr_par' dir='ltr' id='par_1_16' title="bbox 206 1737 1774 1812">
     <span class='ocr_line' id='line_1_16' title="bbox 206 1737 1774 1812; baseline -0.007 -12"><span class='ocrx_word' id='word_1_119' title='bbox 206 1746 512 1809; x_wconf 78' lang='lat' dir='ltr'><strong>educatum,</strong></span> <span class='ocrx_word' id='word_1_120' title='bbox 544 1752 603 1797; x_wconf 90' lang='lat' dir='ltr'><strong>ut</strong></span> <span class='ocrx_word' id='word_1_121' title='bbox 632 1750 821 1812; x_wconf 82' lang='lat' dir='ltr'><strong>posset</strong></span> <span class='ocrx_word' id='word_1_122' title='bbox 847 1756 908 1796; x_wconf 91' lang='lat' dir='ltr'><strong>se</strong></span> <span class='ocrx_word' id='word_1_123' title='bbox 955 1742 1006 1794; x_wconf 91' lang='lat' dir='ltr'><strong>in</strong></span> <span class='ocrx_word' id='word_1_124' title='bbox 1038 1739 1267 1795; x_wconf 90' lang='lat' dir='ltr'><strong>amando</strong></span> <span class='ocrx_word' id='word_1_125' title='bbox 1305 1738 1491 1793; x_wconf 89' lang='lat' dir='ltr'><strong>Dianio</strong></span> <span class='ocrx_word' id='word_1_126' title='bbox 1514 1746 1568 1792; x_wconf 89' lang='lat' dir='ltr'><strong>et</strong></span> <span class='ocrx_word' id='word_1_127' title='bbox 1597 1737 1774 1792; x_wconf 89' lang='lat' dir='ltr'><strong>consi-</strong></span> 
     </span>
    </p>
   </div>
   <div class='ocr_carea' id='block_1_17' title="bbox 1866 519 3417 600">
    <p class='ocr_par' dir='ltr' id='par_1_17' title="bbox 1866 519 3417 600">
     <span class='ocr_line' id='line_1_17' title="bbox 1866 519 3417 600; baseline -0.02 0"><span class='ocrx_word' id='word_1_128' title='bbox 1866 561 1984 600; x_wconf 89' lang='lat' dir='ltr'><strong>cum</strong></span> <span class='ocrx_word' id='word_1_129' title='bbox 2018 542 2135 597; x_wconf 68' lang='lat' dir='ltr'><strong>alia:</strong></span> <span class='ocrx_word' id='word_1_130' title='bbox 2158 540 2389 594; x_wconf 83' lang='lat' dir='ltr'><strong>civitates</strong></span> <span class='ocrx_word' id='word_1_131' title='bbox 2420 536 2539 589; x_wconf 87' lang='lat' dir='ltr'><strong>aliis</strong></span> <span class='ocrx_word' id='word_1_132' title='bbox 2578 529 2917 592; x_wconf 78' lang='lat' dir='ltr'><strong>ornamentis,</strong></span> <span class='ocrx_word' id='word_1_133' title='bbox 2953 524 3029 579; x_wconf 83' lang='lat' dir='ltr'><strong>vel</strong></span> <span class='ocrx_word' id='word_1_134' title='bbox 3066 523 3315 589; x_wconf 88' lang='lat' dir='ltr'><strong>antiquis,</strong></span> <span class='ocrx_word' id='word_1_135' title='bbox 3343 519 3417 572; x_wconf 81' lang='lat' dir='ltr'><strong>rel</strong></span> 
     </span>
    </p>
   </div>
   <div class='ocr_carea' id='block_1_18' title="bbox 1869 610 3420 703">
    <p class='ocr_par' dir='ltr' id='par_1_18' title="bbox 1869 610 3420 703">
     <span class='ocr_line' id='line_1_18' title="bbox 1869 610 3420 703; baseline -0.019 -13"><span class='ocrx_word' id='word_1_136' title='bbox 1869 636 2012 690; x_wconf 86' lang='lat' dir='ltr'><strong>novis</strong></span> <span class='ocrx_word' id='word_1_137' title='bbox 2042 632 2357 703; x_wconf 87' lang='lat' dir='ltr'><strong>glorientur,</strong></span> <span class='ocrx_word' id='word_1_138' title='bbox 2388 634 2564 694; x_wconf 90' lang='lat' dir='ltr'><strong>prout,</strong></span> <span class='ocrx_word' id='word_1_139' title='bbox 2593 622 2795 692; x_wconf 81' lang='lat' dir='ltr'><strong>opinor,</strong></span> <span class='ocrx_word' id='word_1_140' title='bbox 2826 616 2901 671; x_wconf 84' lang='lat' dir='ltr'><strong>vel</strong></span> <span class='ocrx_word' id='word_1_141' title='bbox 2940 614 3174 668; x_wconf 82' lang='lat' dir='ltr'><strong>historiis</strong></span> <span class='ocrx_word' id='word_1_142' title='bbox 3200 653 3214 672; x_wconf 86' lang='lat'><strong>,</strong></span> <span class='ocrx_word' id='word_1_143' title='bbox 3239 610 3315 664; x_wconf 75' lang='lat' dir='ltr'><strong>vel</strong></span> <span class='ocrx_word' id='word_1_144' title='bbox 3342 626 3420 661; x_wconf 87' lang='lat' dir='ltr'><strong>re-</strong></span> 
     </span>
    </p>
   </div>
   <div class='ocr_carea' id='block_1_19' title="bbox 1870 703 3417 795">
    <p class='ocr_par' dir='ltr' id='par_1_19' title="bbox 1870 703 3417 795">
     <span class='ocr_line' id='line_1_19' title="bbox 1870 703 3417 795; baseline -0.021 -14"><span class='ocrx_word' id='word_1_145' title='bbox 1870 728 1963 780; x_wconf 97' lang='lat' dir='ltr'><strong>bus</strong></span> <span class='ocrx_word' id='word_1_146' title='bbox 2013 720 2323 795; x_wconf 82' lang='lat' dir='ltr'><strong>quibusdam</strong></span> <span class='ocrx_word' id='word_1_147' title='bbox 2372 713 2594 771; x_wconf 81' lang='lat' dir='ltr'><strong>visendis</strong></span> <span class='ocrx_word' id='word_1_148' title='bbox 2626 719 2827 763; x_wconf 77' lang='lat' dir='ltr'><strong>ornata:</strong></span> <span class='ocrx_word' id='word_1_149' title='bbox 2853 713 2972 759; x_wconf 88' lang='lat' dir='ltr'><strong>sunt</strong></span> <span class='ocrx_word' id='word_1_150' title='bbox 3001 717 3018 756; x_wconf 92' lang='lat'><strong><em>:</em></strong></span> <span class='ocrx_word' id='word_1_151' title='bbox 3054 703 3187 755; x_wconf 87' lang='lat' dir='ltr'><strong>hanc</strong></span> <span class='ocrx_word' id='word_1_152' title='bbox 3214 708 3417 758; x_wconf 84' lang='lat' dir='ltr'><strong>contra,</strong></span> 
     </span>
    </p>
   </div>
   <div class='ocr_carea' id='block_1_20' title="bbox 1869 788 3416 877">
    <p class='ocr_par' dir='ltr' id='par_1_20' title="bbox 1869 788 3416 877">
     <span class='ocr_line' id='line_1_20' title="bbox 1869 788 3416 877; baseline -0.021 -7"><span class='ocrx_word' id='word_1_153' title='bbox 1869 826 1923 870; x_wconf 91' lang='lat' dir='ltr'><strong>ut</strong></span> <span class='ocrx_word' id='word_1_154' title='bbox 1946 788 2095 868; x_wconf 80' lang='lat' dir='ltr'><strong>arma</strong></span> <span class='ocrx_word' id='word_1_155' title='bbox 2119 810 2196 866; x_wconf 84' lang='lat' dir='ltr'><strong>vel</strong></span> <span class='ocrx_word' id='word_1_156' title='bbox 2229 806 2510 877; x_wconf 77' lang='lat' dir='ltr'><strong>tragoedias</strong></span> <span class='ocrx_word' id='word_1_157' title='bbox 2541 810 2677 856; x_wconf 75' lang='lat' dir='ltr'><strong>notw</strong></span> <span class='ocrx_word' id='word_1_158' title='bbox 2718 798 2958 869; x_wconf 72' lang='lat' dir='ltr'><strong>quardam</strong></span> <span class='ocrx_word' id='word_1_159' title='bbox 2980 802 3133 861; x_wconf 88' lang='lat' dir='ltr'><strong>atque</strong></span> <span class='ocrx_word' id='word_1_160' title='bbox 3165 788 3416 877; x_wconf 77' lang='lat' dir='ltr'><strong>insignia,</strong></span> 
     </span>
    </p>
   </div>
   <div class='ocr_carea' id='block_1_21' title="bbox 1868 873 3417 968">
    <p class='ocr_par' dir='ltr' id='par_1_21' title="bbox 1868 873 3417 968">
     <span class='ocr_line' id='line_1_21' title="bbox 1868 873 3417 968; baseline -0.02 -6"><span class='ocrx_word' id='word_1_161' title='bbox 1868 908 1941 962; x_wconf 83' lang='lat' dir='ltr'><strong>sic</strong></span> <span class='ocrx_word' id='word_1_162' title='bbox 1983 906 2277 958; x_wconf 87' lang='lat' dir='ltr'><strong>litterarum</strong></span> <span class='ocrx_word' id='word_1_163' title='bbox 2316 873 2497 968; x_wconf 39' lang='lat' dir='ltr'><strong>&#39;gloria</strong></span> <span class='ocrx_word' id='word_1_164' title='bbox 2542 890 2794 946; x_wconf 45' lang='lat' dir='ltr'><strong>nobilitat.</strong></span> <span class='ocrx_word' id='word_1_165' title='bbox 2844 886 3196 950; x_wconf 80' lang='lat' dir='ltr'><strong>illustremque</strong></span> <span class='ocrx_word' id='word_1_166' title='bbox 3228 873 3417 931; x_wconf 81' lang='lat' dir='ltr'><strong>reddit.</strong></span> 
     </span>
    </p>
   </div>
   <div class='ocr_carea' id='block_1_22' title="bbox 1939 968 3422 1053">
    <p class='ocr_par' dir='ltr' id='par_1_22' title="bbox 1939 968 3422 1053">
     <span class='ocr_line' id='line_1_22' title="bbox 1939 968 3422 1053; baseline -0.022 0"><span class='ocrx_word' id='word_1_167' title='bbox 1939 996 2081 1053; x_wconf 84' lang='lat' dir='ltr'><strong>Nihil</strong></span> <span class='ocrx_word' id='word_1_168' title='bbox 2101 1002 2187 1051; x_wconf 87' lang='lat' dir='ltr'><strong>est</strong></span> <span class='ocrx_word' id='word_1_169' title='bbox 2222 992 2309 1047; x_wconf 90' lang='lat' dir='ltr'><strong>his</strong></span> <span class='ocrx_word' id='word_1_170' title='bbox 2336 990 2390 1044; x_wconf 91' lang='lat' dir='ltr'><strong>in</strong></span> <span class='ocrx_word' id='word_1_171' title='bbox 2418 986 2597 1042; x_wconf 87' lang='lat' dir='ltr'><strong>verbis</strong></span> <span class='ocrx_word' id='word_1_172' title='bbox 2629 980 2771 1051; x_wconf 92' lang='lat' dir='ltr'><strong>quod</strong></span> <span class='ocrx_word' id='word_1_173' title='bbox 2796 993 2898 1033; x_wconf 92' lang='lat' dir='ltr'><strong>non</strong></span> <span class='ocrx_word' id='word_1_174' title='bbox 2923 975 3181 1030; x_wconf 68' lang='lat' dir='ltr'><strong>Caesareae</strong></span> <span class='ocrx_word' id='word_1_175' title='bbox 3212 968 3422 1039; x_wconf 86' lang='lat' dir='ltr'><strong>Cappa-</strong></span> 
     </span>
    </p>
   </div>
   <div class='ocr_carea' id='block_1_23' title="bbox 1878 1060 3423 1157">
    <p class='ocr_par' dir='ltr' id='par_1_23' title="bbox 1878 1060 3423 1157">
     <span class='ocr_line' id='line_1_23' title="bbox 1878 1060 3423 1157; baseline -0.023 -9"><span class='ocrx_word' id='word_1_176' title='bbox 1878 1094 2069 1148; x_wconf 91' lang='lat' dir='ltr'><strong>docum</strong></span> <span class='ocrx_word' id='word_1_177' title='bbox 2100 1087 2302 1157; x_wconf 91' lang='lat' dir='ltr'><strong>optime</strong></span> <span class='ocrx_word' id='word_1_178' title='bbox 2329 1086 2617 1151; x_wconf 82' lang='lat' dir='ltr'><strong>congruat;</strong></span> <span class='ocrx_word' id='word_1_179' title='bbox 2649 1069 2899 1129; x_wconf 87' lang='lat' dir='ltr'><strong>nonnulla</strong></span> <span class='ocrx_word' id='word_1_180' title='bbox 2942 1068 2997 1123; x_wconf 91' lang='lat' dir='ltr'><strong>in</strong></span> <span class='ocrx_word' id='word_1_181' title='bbox 3046 1065 3266 1119; x_wconf 86' lang='lat' dir='ltr'><strong>alteram</strong></span> <span class='ocrx_word' id='word_1_182' title='bbox 3305 1060 3423 1115; x_wconf 71' lang='lat' dir='ltr'><strong>Cre-</strong></span> 
     </span>
    </p>
   </div>
   <div class='ocr_carea' id='block_1_24' title="bbox 1872 1157 3419 1245">
    <p class='ocr_par' dir='ltr' id='par_1_24' title="bbox 1872 1157 3419 1245">
     <span class='ocr_line' id='line_1_24' title="bbox 1872 1157 3419 1245; baseline -0.021 -9"><span class='ocrx_word' id='word_1_183' title='bbox 1872 1195 2081 1237; x_wconf 89' lang='lat' dir='ltr'><strong>saream</strong></span> <span class='ocrx_word' id='word_1_184' title='bbox 2113 1179 2290 1245; x_wconf 89' lang='lat' dir='ltr'><strong>inepte</strong></span> <span class='ocrx_word' id='word_1_185' title='bbox 2335 1183 2557 1240; x_wconf 90' lang='lat' dir='ltr'><strong>prorsus</strong></span> <span class='ocrx_word' id='word_1_186' title='bbox 2610 1181 2673 1222; x_wconf 89' lang='lat' dir='ltr'><strong>ac</strong></span> <span class='ocrx_word' id='word_1_187' title='bbox 2716 1162 2975 1219; x_wconf 82' lang='lat' dir='ltr'><strong>inurbane</strong></span> <span class='ocrx_word' id='word_1_188' title='bbox 3025 1157 3165 1212; x_wconf 87' lang='lat' dir='ltr'><strong>dicta</strong></span> <span class='ocrx_word' id='word_1_189' title='bbox 3217 1159 3419 1209; x_wconf 84' lang='lat' dir='ltr'><strong>essent.</strong></span> 
     </span>
    </p>
   </div>
   <div class='ocr_carea' id='block_1_25' title="bbox 1875 1250 3424 1338">
    <p class='ocr_par' dir='ltr' id='par_1_25' title="bbox 1875 1250 3424 1338">
     <span class='ocr_line' id='line_1_25' title="bbox 1875 1250 3424 1338; baseline -0.021 -9"><span class='ocrx_word' id='word_1_190' title='bbox 1875 1274 2021 1330; x_wconf 87' lang='lat' dir='ltr'><strong>Satis</strong></span> <span class='ocrx_word' id='word_1_191' title='bbox 2054 1279 2175 1338; x_wconf 88' lang='lat' dir='ltr'><strong>apte</strong></span> <span class='ocrx_word' id='word_1_192' title='bbox 2215 1262 2508 1335; x_wconf 81' lang='lat' dir='ltr'><strong>Gregorius</strong></span> <span class='ocrx_word' id='word_1_193' title='bbox 2536 1259 2745 1319; x_wconf 88' lang='lat' dir='ltr'><strong>urbem,</strong></span> <span class='ocrx_word' id='word_1_194' title='bbox 2772 1256 2822 1309; x_wconf 93' lang='lat' dir='ltr'><strong>in</strong></span> <span class='ocrx_word' id='word_1_195' title='bbox 2866 1268 2971 1322; x_wconf 88' lang='lat' dir='ltr'><strong>qua</strong></span> <span class='ocrx_word' id='word_1_196' title='bbox 3010 1250 3324 1319; x_wconf 84' lang='lat' dir='ltr'><strong>loquebatur</strong></span> <span class='ocrx_word' id='word_1_197' title='bbox 3369 1253 3424 1297; x_wconf 89' lang='lat' dir='ltr'><strong>et</strong></span> 
     </span>
    </p>
   </div>
   <div class='ocr_carea' id='block_1_26' title="bbox 1872 1334 3425 1422">
    <p class='ocr_par' dir='ltr' id='par_1_26' title="bbox 1872 1334 3425 1422">
     <span class='ocr_line' id='line_1_26' title="bbox 1872 1334 3425 1422; baseline -0.021 -5"><span class='ocrx_word' id='word_1_198' title='bbox 1872 1377 2000 1417; x_wconf 89' lang='lat' dir='ltr'><strong>voce</strong></span> <span class='ocrx_word' id='word_1_199' title='bbox 2015 1369 2069 1415; x_wconf 88' lang='lat' dir='ltr'><strong>et</strong></span> <span class='ocrx_word' id='word_1_200' title='bbox 2090 1334 2249 1413; x_wconf 79' lang='lat' dir='ltr'><strong>manu</strong></span> <span class='ocrx_word' id='word_1_201' title='bbox 2270 1334 2558 1422; x_wconf 82' lang='lat' dir='ltr'><strong>designans</strong></span> <span class='ocrx_word' id='word_1_202' title='bbox 2575 1347 2806 1407; x_wconf 88' lang='lat' dir='ltr'><strong>dicebat,</strong></span> <span class='ocrx_word' id='word_1_203' title='bbox 2842 1343 3016 1408; x_wconf 85' lang='lat' dir='ltr'><strong>Hanc,</strong></span> <span class='ocrx_word' id='word_1_204' title='bbox 3048 1342 3280 1409; x_wconf 77' lang='lat' dir='ltr'><strong>inquam,</strong></span> <span class='ocrx_word' id='word_1_205' title='bbox 3302 1334 3425 1388; x_wconf 83' lang='lat' dir='ltr'><strong>illu-</strong></span> 
     </span>
    </p>
   </div>
   <div class='ocr_carea' id='block_1_27' title="bbox 1874 1426 3423 1509">
    <p class='ocr_par' dir='ltr' id='par_1_27' title="bbox 1874 1426 3423 1509">
     <span class='ocr_line' id='line_1_27' title="bbox 1874 1426 3423 1509; baseline -0.018 -4"><span class='ocrx_word' id='word_1_206' title='bbox 1874 1462 2027 1505; x_wconf 86' lang='lat' dir='ltr'><strong>strem</strong></span> <span class='ocrx_word' id='word_1_207' title='bbox 2066 1447 2344 1502; x_wconf 84' lang='lat' dir='ltr'><strong>civitatem.</strong></span> <span class='ocrx_word' id='word_1_208' title='bbox 2367 1441 2483 1497; x_wconf 86' lang='lat' dir='ltr'><strong>Non</strong></span> <span class='ocrx_word' id='word_1_209' title='bbox 2524 1430 3066 1509; x_wconf 88' lang='lat' dir='ltr'><strong>putatTillemontius</strong></span> <span class='ocrx_word' id='word_1_210' title='bbox 3085 1430 3223 1483; x_wconf 86' lang='lat' dir='ltr'><strong>hanc</strong></span> <span class='ocrx_word' id='word_1_211' title='bbox 3246 1426 3423 1481; x_wconf 68' lang='lat' dir='ltr'><strong>Caesa-</strong></span> 
     </span>
    </p>
   </div>
   <div class='ocr_carea' id='block_1_28' title="bbox 1876 1520 3417 1595">
    <p class='ocr_par' dir='ltr' id='par_1_28' title="bbox 1876 1520 3417 1595">
     <span class='ocr_line' id='line_1_28' title="bbox 1876 1520 3417 1595; baseline -0.018 0"><span class='ocrx_word' id='word_1_212' title='bbox 1876 1555 2019 1595; x_wconf 89' lang='lat' dir='ltr'><strong>ream</strong></span> <span class='ocrx_word' id='word_1_213' title='bbox 2043 1554 2072 1594; x_wconf 89' lang='lat' dir='ltr'><strong>a</strong></span> <span class='ocrx_word' id='word_1_214' title='bbox 2093 1537 2284 1593; x_wconf 89' lang='lat' dir='ltr'><strong>studiis</strong></span> <span class='ocrx_word' id='word_1_215' title='bbox 2314 1534 2615 1588; x_wconf 88' lang='lat' dir='ltr'><strong>litterarum</strong></span> <span class='ocrx_word' id='word_1_216' title='bbox 2646 1568 2660 1593; x_wconf 94' lang='lat'><strong>,</strong></span> <span class='ocrx_word' id='word_1_217' title='bbox 2691 1538 2749 1583; x_wconf 93' lang='lat' dir='ltr'><strong>ut</strong></span> <span class='ocrx_word' id='word_1_218' title='bbox 2793 1540 2822 1580; x_wconf 89' lang='lat' dir='ltr'><strong>a</strong></span> <span class='ocrx_word' id='word_1_219' title='bbox 2851 1521 3119 1595; x_wconf 61' lang='lat' dir='ltr'><strong>praecipuo</strong></span> <span class='ocrx_word' id='word_1_220' title='bbox 3147 1520 3292 1573; x_wconf 89' lang='lat' dir='ltr'><strong>urbis</strong></span> <span class='ocrx_word' id='word_1_221' title='bbox 3328 1531 3417 1570; x_wconf 87' lang='lat' dir='ltr'><strong>or-</strong></span> 
     </span>
    </p>
   </div>
   <div class='ocr_carea' id='block_1_29' title="bbox 1876 1609 3426 1696">
    <p class='ocr_par' dir='ltr' id='par_1_29' title="bbox 1876 1609 3426 1696">
     <span class='ocr_line' id='line_1_29' title="bbox 1876 1609 3426 1696; baseline -0.017 -9"><span class='ocrx_word' id='word_1_222' title='bbox 1876 1640 2151 1696; x_wconf 87' lang='lat' dir='ltr'><strong>namento,</strong></span> <span class='ocrx_word' id='word_1_223' title='bbox 2184 1625 2391 1682; x_wconf 86' lang='lat' dir='ltr'><strong>laudari</strong></span> <span class='ocrx_word' id='word_1_224' title='bbox 2439 1620 2708 1677; x_wconf 88' lang='lat' dir='ltr'><strong>debuisse.</strong></span> <span class='ocrx_word' id='word_1_225' title='bbox 2755 1617 2861 1674; x_wconf 88' lang='lat' dir='ltr'><strong>Sed</strong></span> <span class='ocrx_word' id='word_1_226' title='bbox 2894 1625 2950 1670; x_wconf 92' lang='lat' dir='ltr'><strong>ut</strong></span> <span class='ocrx_word' id='word_1_227' title='bbox 2982 1613 3232 1671; x_wconf 84' lang='lat' dir='ltr'><strong>omittam</strong></span> <span class='ocrx_word' id='word_1_228' title='bbox 3262 1609 3426 1663; x_wconf 82' lang='lat' dir='ltr'><strong>Euse—</strong></span> 
     </span>
    </p>
   </div>
   <div class='ocr_carea' id='block_1_30' title="bbox 1879 1704 3422 1793">
    <p class='ocr_par' dir='ltr' id='par_1_30' title="bbox 1879 1704 3422 1793">
     <span class='ocr_line' id='line_1_30' title="bbox 1879 1704 3422 1793; baseline -0.016 -14"><span class='ocrx_word' id='word_1_229' title='bbox 1879 1725 2044 1787; x_wconf 86' lang='lat' dir='ltr'><strong>bium,</strong></span> <span class='ocrx_word' id='word_1_230' title='bbox 2072 1722 2163 1793; x_wconf 90' lang='lat' dir='ltr'><strong>qui</strong></span> <span class='ocrx_word' id='word_1_231' title='bbox 2195 1720 2546 1790; x_wconf 72' lang='lat' dir='ltr'><strong>Cappadocia:</strong></span> <span class='ocrx_word' id='word_1_232' title='bbox 2567 1714 2824 1788; x_wconf 69' lang='lat' dir='ltr'><strong>praesules</strong></span> <span class='ocrx_word' id='word_1_233' title='bbox 2847 1712 3089 1767; x_wconf 85' lang='lat' dir='ltr'><strong>doctrina</strong></span> <span class='ocrx_word' id='word_1_234' title='bbox 3122 1709 3264 1763; x_wconf 88' lang='lat' dir='ltr'><strong>inter</strong></span> <span class='ocrx_word' id='word_1_235' title='bbox 3287 1704 3422 1757; x_wconf 89' lang='lat' dir='ltr'><strong>alios</strong></span> 
     </span>
    </p>
   </div>
   <div class='ocr_carea' id='block_1_31' title="bbox 209 1794 3424 1902">
    <p class='ocr_par' dir='ltr' id='par_1_31' title="bbox 209 1794 3424 1902">
     <span class='ocr_line' id='line_1_31' title="bbox 209 1794 3424 1902; baseline -0.007 -13"><span class='ocrx_word' id='word_1_236' title='bbox 209 1837 441 1890; x_wconf 81' lang='lat' dir='ltr'><strong>deranda</strong></span> <span class='ocrx_word' id='word_1_237' title='bbox 470 1794 765 1890; x_wconf 59' lang='lat' dir='ltr'><strong>illiusroris</strong></span> <span class='ocrx_word' id='word_1_238' title='bbox 795 1833 1076 1902; x_wconf 73' lang='lat' dir='ltr'><strong>majestate</strong></span> <span class='ocrx_word' id='word_1_239' title='bbox 1106 1831 1363 1886; x_wconf 90' lang='lat' dir='ltr'><strong>nutritum</strong></span> <span class='ocrx_word' id='word_1_240' title='bbox 1395 1829 1592 1885; x_wconf 84' lang='lat' dir='ltr'><strong>dicere.</strong></span> <span class='ocrx_word' id='word_1_241' title='bbox 1617 1827 1776 1885; x_wconf 88' lang='lat' dir='ltr'><strong>Tille-</strong></span> <span class='ocrx_word' id='word_1_242' title='bbox 1806 1797 1851 1855; x_wconf 68' lang='grc' dir='ltr'><strong>Β</strong></span> <span class='ocrx_word' id='word_1_243' title='bbox 1883 1815 2144 1873; x_wconf 75' lang='lat' dir='ltr'><strong>enituisse</strong></span> <span class='ocrx_word' id='word_1_244' title='bbox 2196 1823 2425 1869; x_wconf 70' lang='lat' dir='ltr'><strong>testatur</strong></span> <span class='ocrx_word' id='word_1_245' title='bbox 2451 1811 2551 1881; x_wconf 83' lang='grc' dir='ltr'><strong>(α),</strong></span> <span class='ocrx_word' id='word_1_246' title='bbox 2584 1811 2698 1902; x_wconf 59' lang='lat' dir='ltr'><strong>ipse</strong></span> <span class='ocrx_word' id='word_1_247' title='bbox 2734 1805 2965 1902; x_wconf 65' lang='lat' dir='ltr'><strong>Basilius</strong></span> <span class='ocrx_word' id='word_1_248' title='bbox 2991 1799 3235 1902; x_wconf 60' lang='lat' dir='ltr'><strong>Gregorii</strong></span> <span class='ocrx_word' id='word_1_249' title='bbox 3270 1794 3424 1851; x_wconf 67' lang='lat' dir='ltr'><strong>testi-</strong></span> 
     </span>
    </p>
   </div>
   <div class='ocr_carea' id='block_1_32' title="bbox 212 1921 1778 1994">
    <p class='ocr_par' dir='ltr' id='par_1_32' title="bbox 212 1921 1778 1994">
     <span class='ocr_line' id='line_1_32' title="bbox 212 1921 1778 1994; baseline -0.004 -11"><span class='ocrx_word' id='word_1_250' title='bbox 212 1928 461 1994; x_wconf 88' lang='lat' dir='ltr'><strong>montius,</strong></span> <span class='ocrx_word' id='word_1_251' title='bbox 500 1936 564 1981; x_wconf 87' lang='lat' dir='ltr'><strong>ut</strong></span> <span class='ocrx_word' id='word_1_252' title='bbox 596 1927 743 1982; x_wconf 89' lang='lat' dir='ltr'><strong>hunc</strong></span> <span class='ocrx_word' id='word_1_253' title='bbox 769 1925 945 1980; x_wconf 91' lang='lat' dir='ltr'><strong>locum</strong></span> <span class='ocrx_word' id='word_1_254' title='bbox 980 1923 1212 1993; x_wconf 76' lang='lat' dir='ltr'><strong>explicet</strong></span> <span class='ocrx_word' id='word_1_255' title='bbox 1240 1964 1255 1989; x_wconf 90' lang='lat'><strong>,</strong></span> <span class='ocrx_word' id='word_1_256' title='bbox 1284 1921 1537 1978; x_wconf 85' lang='lat' dir='ltr'><strong>Basilium</strong></span> <span class='ocrx_word' id='word_1_257' title='bbox 1562 1921 1778 1992; x_wconf 90' lang='lat' dir='ltr'><strong>conjicit</strong></span> 
     </span>
    </p>
   </div>
   <div class='ocr_carea' id='block_1_33' title="bbox 213 2012 1775 2082">
    <p class='ocr_par' dir='ltr' id='par_1_33' title="bbox 213 2012 1775 2082">
     <span class='ocr_line' id='line_1_33' title="bbox 213 2012 1775 2082; baseline -0.004 -11"><span class='ocrx_word' id='word_1_258' title='bbox 213 2019 497 2073; x_wconf 77' lang='lat' dir='ltr'><strong>admodum</strong></span> <span class='ocrx_word' id='word_1_259' title='bbox 546 2016 817 2070; x_wconf 84' lang='lat' dir='ltr'><strong>infantem</strong></span> <span class='ocrx_word' id='word_1_260' title='bbox 847 2015 1153 2070; x_wconf 72' lang='lat' dir='ltr'><strong>Caesaream</strong></span> <span class='ocrx_word' id='word_1_261' title='bbox 1213 2028 1243 2067; x_wconf 93' lang='lat' dir='ltr'><strong>a</strong></span> <span class='ocrx_word' id='word_1_262' title='bbox 1295 2012 1609 2082; x_wconf 87' lang='lat' dir='ltr'><strong>parentibus</strong></span> <span class='ocrx_word' id='word_1_263' title='bbox 1638 2028 1775 2066; x_wconf 86' lang='lat' dir='ltr'><strong>non-</strong></span> 
     </span>
    </p>
   </div>
   <div class='ocr_carea' id='block_1_34' title="bbox 215 2104 1773 2180">
    <p class='ocr_par' dir='ltr' id='par_1_34' title="bbox 215 2104 1773 2180">
     <span class='ocr_line' id='line_1_34' title="bbox 215 2104 1773 2180; baseline -0.004 -17"><span class='ocrx_word' id='word_1_264' title='bbox 215 2126 484 2179; x_wconf 85' lang='lat' dir='ltr'><strong>nunquam</strong></span> <span class='ocrx_word' id='word_1_265' title='bbox 524 2119 804 2180; x_wconf 88' lang='lat' dir='ltr'><strong>portatum</strong></span> <span class='ocrx_word' id='word_1_266' title='bbox 859 2107 1044 2161; x_wconf 86' lang='lat' dir='ltr'><strong>fuisse.</strong></span> <span class='ocrx_word' id='word_1_267' title='bbox 1082 2104 1189 2161; x_wconf 87' lang='lat' dir='ltr'><strong>Sed</strong></span> <span class='ocrx_word' id='word_1_268' title='bbox 1219 2104 1380 2175; x_wconf 84' lang='lat' dir='ltr'><strong>hujus</strong></span> <span class='ocrx_word' id='word_1_269' title='bbox 1432 2104 1773 2175; x_wconf 65' lang='lat' dir='ltr'><strong>conjecturae,</strong></span> 
     </span>
    </p>
   </div>
   <div class='ocr_carea' id='block_1_35' title="bbox 217 2195 1774 2271">
    <p class='ocr_par' dir='ltr' id='par_1_35' title="bbox 217 2195 1774 2271">
     <span class='ocr_line' id='line_1_35' title="bbox 217 2195 1774 2271; baseline -0.005 -14"><span class='ocrx_word' id='word_1_270' title='bbox 217 2217 327 2271; x_wconf 71' lang='lat' dir='ltr'><strong>quae</strong></span> <span class='ocrx_word' id='word_1_271' title='bbox 370 2218 473 2257; x_wconf 86' lang='lat' dir='ltr'><strong>sua</strong></span> <span class='ocrx_word' id='word_1_272' title='bbox 533 2211 729 2270; x_wconf 90' lang='lat' dir='ltr'><strong>sponte</strong></span> <span class='ocrx_word' id='word_1_273' title='bbox 755 2215 944 2270; x_wconf 89' lang='lat' dir='ltr'><strong>parum</strong></span> <span class='ocrx_word' id='word_1_274' title='bbox 977 2197 1225 2267; x_wconf 75' lang='lat' dir='ltr'><strong>congruit</strong></span> <span class='ocrx_word' id='word_1_275' title='bbox 1269 2195 1525 2263; x_wconf 69' lang='lat' dir='ltr'><strong>infantiae,</strong></span> <span class='ocrx_word' id='word_1_276' title='bbox 1573 2196 1774 2251; x_wconf 92' lang='lat' dir='ltr'><strong>nullum</strong></span> 
     </span>
    </p>
   </div>
   <div class='ocr_carea' id='block_1_36' title="bbox 216 2288 1777 2363">
    <p class='ocr_par' dir='ltr' id='par_1_36' title="bbox 216 2288 1777 2363">
     <span class='ocr_line' id='line_1_36' title="bbox 216 2288 1777 2363; baseline -0.004 -15"><span class='ocrx_word' id='word_1_277' title='bbox 216 2294 409 2363; x_wconf 79' lang='lat' dir='ltr'><strong>profert</strong></span> <span class='ocrx_word' id='word_1_278' title='bbox 467 2300 853 2362; x_wconf 83' lang='lat' dir='ltr'><strong>argumentum</strong></span> <span class='ocrx_word' id='word_1_279' title='bbox 915 2288 1264 2344; x_wconf 88' lang='lat' dir='ltr'><strong>doctissimus</strong></span> <span class='ocrx_word' id='word_1_280' title='bbox 1314 2288 1777 2357; x_wconf 82' lang='lat' dir='ltr'><strong>scriptorzatque</strong></span> 
     </span>
    </p>
   </div>
   <div class='ocr_carea' id='block_1_37' title="bbox 212 2379 1779 2453">
    <p class='ocr_par' dir='ltr' id='par_1_37' title="bbox 212 2379 1779 2453">
     <span class='ocr_line' id='line_1_37' title="bbox 212 2379 1779 2453; baseline -0.002 -16"><span class='ocrx_word' id='word_1_281' title='bbox 212 2385 420 2439; x_wconf 72' lang='lat' dir='ltr'><strong>etiamsi</strong></span> <span class='ocrx_word' id='word_1_282' title='bbox 457 2384 779 2453; x_wconf 88' lang='lat' dir='ltr'><strong>proferret,</strong></span> <span class='ocrx_word' id='word_1_283' title='bbox 826 2396 955 2435; x_wconf 90' lang='lat' dir='ltr'><strong>num</strong></span> <span class='ocrx_word' id='word_1_284' title='bbox 1003 2394 1061 2434; x_wconf 86' lang='lat' dir='ltr'><strong>se</strong></span> <span class='ocrx_word' id='word_1_285' title='bbox 1115 2379 1169 2433; x_wconf 92' lang='lat' dir='ltr'><strong>in</strong></span> <span class='ocrx_word' id='word_1_286' title='bbox 1208 2380 1437 2434; x_wconf 89' lang='lat' dir='ltr'><strong>amando</strong></span> <span class='ocrx_word' id='word_1_287' title='bbox 1468 2388 1522 2435; x_wconf 86' lang='lat' dir='ltr'><strong>et</strong></span> <span class='ocrx_word' id='word_1_288' title='bbox 1551 2379 1779 2435; x_wconf 87' lang='lat' dir='ltr'><strong>videndo</strong></span> 
     </span>
    </p>
   </div>
   <div class='ocr_carea' id='block_1_38' title="bbox 226 2471 1777 2542">
    <p class='ocr_par' dir='ltr' id='par_1_38' title="bbox 226 2471 1777 2542">
     <span class='ocr_line' id='line_1_38' title="bbox 226 2471 1777 2542; baseline -0.004 -11"><span class='ocrx_word' id='word_1_289' title='bbox 226 2477 418 2531; x_wconf 72' lang='lat' dir='ltr'><strong>Diania</strong></span> <span class='ocrx_word' id='word_1_290' title='bbox 441 2476 706 2528; x_wconf 79' lang='lat' dir='ltr'><strong>nutritum</strong></span> <span class='ocrx_word' id='word_1_291' title='bbox 751 2481 932 2542; x_wconf 86' lang='lat' dir='ltr'><strong>posset</strong></span> <span class='ocrx_word' id='word_1_292' title='bbox 958 2471 1137 2525; x_wconf 89' lang='lat' dir='ltr'><strong>dicere</strong></span> <span class='ocrx_word' id='word_1_293' title='bbox 1163 2511 1177 2538; x_wconf 92' lang='lat'><strong>,</strong></span> <span class='ocrx_word' id='word_1_294' title='bbox 1206 2485 1362 2541; x_wconf 91' lang='lat' dir='ltr'><strong>quem</strong></span> <span class='ocrx_word' id='word_1_295' title='bbox 1397 2486 1777 2541; x_wconf 81' lang='lat' dir='ltr'><strong>nonnunquam</strong></span> 
     </span>
    </p>
   </div>
   <div class='ocr_carea' id='block_1_39' title="bbox 217 2562 1777 2631">
    <p class='ocr_par' dir='ltr' id='par_1_39' title="bbox 217 2562 1777 2631">
     <span class='ocr_line' id='line_1_39' title="bbox 217 2562 1777 2631; baseline -0.003 -10"><span class='ocrx_word' id='word_1_296' title='bbox 217 2569 389 2622; x_wconf 77' lang='lat' dir='ltr'><strong>infans</strong></span> <span class='ocrx_word' id='word_1_297' title='bbox 428 2565 705 2621; x_wconf 81' lang='lat' dir='ltr'><strong>vidisset?</strong></span> <span class='ocrx_word' id='word_1_298' title='bbox 737 2565 843 2620; x_wconf 81' lang='lat' dir='ltr'><strong>Nec</strong></span> <span class='ocrx_word' id='word_1_299' title='bbox 864 2562 1212 2618; x_wconf 80' lang='lat' dir='ltr'><strong>Tillemontio</strong></span> <span class='ocrx_word' id='word_1_300' title='bbox 1242 2563 1423 2619; x_wconf 86' lang='lat' dir='ltr'><strong>favent</strong></span> <span class='ocrx_word' id='word_1_301' title='bbox 1448 2563 1562 2618; x_wconf 64' lang='lat' dir='ltr'><strong>haec</strong></span> <span class='ocrx_word' id='word_1_302' title='bbox 1595 2566 1777 2631; x_wconf 85' lang='lat' dir='ltr'><strong>verba,</strong></span> 
     </span>
    </p>
   </div>
   <div class='ocr_carea' id='block_1_40' title="bbox 220 2655 1781 2727">
    <p class='ocr_par' dir='ltr' id='par_1_40' title="bbox 220 2655 1781 2727">
     <span class='ocr_line' id='line_1_40' title="bbox 220 2655 1781 2727; baseline -0.003 -14"><span class='ocrx_word' id='word_1_303' title='bbox 220 2680 245 2713; x_wconf 76' lang='grc' dir='ltr'><strong>α</strong></span> <span class='ocrx_word' id='word_1_304' title='bbox 278 2662 447 2727; x_wconf 82' lang='lat' dir='ltr'><strong>prima</strong></span> <span class='ocrx_word' id='word_1_305' title='bbox 497 2668 654 2713; x_wconf 70' lang='lat' dir='ltr'><strong>etate</strong></span> <span class='ocrx_word' id='word_1_306' title='bbox 687 2675 704 2713; x_wconf 93' lang='lat'><em>:</em></span> <span class='ocrx_word' id='word_1_307' title='bbox 733 2657 938 2727; x_wconf 88' lang='lat' dir='ltr'><strong>optime</strong></span> <span class='ocrx_word' id='word_1_308' title='bbox 967 2656 1107 2712; x_wconf 91' lang='lat' dir='ltr'><strong>enim</strong></span> <span class='ocrx_word' id='word_1_309' title='bbox 1150 2655 1460 2711; x_wconf 86' lang='lat' dir='ltr'><strong>referuntur</strong></span> <span class='ocrx_word' id='word_1_310' title='bbox 1487 2657 1551 2710; x_wconf 91' lang='lat' dir='ltr'><strong>ad</strong></span> <span class='ocrx_word' id='word_1_311' title='bbox 1603 2656 1781 2710; x_wconf 87' lang='lat' dir='ltr'><strong>adole-</strong></span> 
     </span>
    </p>
   </div>
   <div class='ocr_carea' id='block_1_41' title="bbox 221 2745 1780 2816">
    <p class='ocr_par' dir='ltr' id='par_1_41' title="bbox 221 2745 1780 2816">
     <span class='ocr_line' id='line_1_41' title="bbox 221 2745 1780 2816; baseline -0.002 -13"><span class='ocrx_word' id='word_1_312' title='bbox 221 2750 498 2803; x_wconf 72' lang='lat' dir='ltr'><strong>scentiam.</strong></span> <span class='ocrx_word' id='word_1_313' title='bbox 533 2748 671 2802; x_wconf 79' lang='lat' dir='ltr'><strong>Nam</strong></span> <span class='ocrx_word' id='word_1_314' title='bbox 708 2756 761 2802; x_wconf 84' lang='lat' dir='ltr'><strong>et</strong></span> <span class='ocrx_word' id='word_1_315' title='bbox 806 2762 927 2816; x_wconf 77' lang='lat' dir='ltr'><strong>qua:</strong></span> <span class='ocrx_word' id='word_1_316' title='bbox 962 2759 1276 2816; x_wconf 90' lang='lat' dir='ltr'><strong>sequuntur,</strong></span> <span class='ocrx_word' id='word_1_317' title='bbox 1308 2756 1575 2815; x_wconf 84' lang='lat' dir='ltr'><strong>postquam</strong></span> <span class='ocrx_word' id='word_1_318' title='bbox 1609 2745 1780 2815; x_wconf 75' lang='lat' dir='ltr'><strong>adfuit</strong></span> 
     </span>
    </p>
   </div>
   <div class='ocr_carea' id='block_1_42' title="bbox 224 2838 1783 2904">
    <p class='ocr_par' dir='ltr' id='par_1_42' title="bbox 224 2838 1783 2904">
     <span class='ocr_line' id='line_1_42' title="bbox 224 2838 1783 2904; baseline 0.001 -13"><span class='ocrx_word' id='word_1_319' title='bbox 224 2844 368 2904; x_wconf 72' lang='lat' dir='ltr'><strong>ratio,</strong></span> <span class='ocrx_word' id='word_1_320' title='bbox 402 2842 713 2894; x_wconf 81' lang='lat' dir='ltr'><strong>delectabar</strong></span> <span class='ocrx_word' id='word_1_321' title='bbox 753 2839 899 2893; x_wconf 88' lang='lat' dir='ltr'><strong>illius</strong></span> <span class='ocrx_word' id='word_1_322' title='bbox 936 2840 1310 2894; x_wconf 76' lang='lat' dir='ltr'><strong>consuetudine</strong></span> <span class='ocrx_word' id='word_1_323' title='bbox 1358 2854 1462 2893; x_wconf 92' lang='lat' dir='ltr'><strong>non</strong></span> <span class='ocrx_word' id='word_1_324' title='bbox 1498 2838 1564 2893; x_wconf 91' lang='lat' dir='ltr'><strong>de</strong></span> <span class='ocrx_word' id='word_1_325' title='bbox 1603 2839 1783 2893; x_wconf 84' lang='lat' dir='ltr'><strong>adole-</strong></span> 
     </span>
    </p>
   </div>
   <div class='ocr_carea' id='block_1_43' title="bbox 225 2929 1782 2997">
    <p class='ocr_par' dir='ltr' id='par_1_43' title="bbox 225 2929 1782 2997">
     <span class='ocr_line' id='line_1_43' title="bbox 225 2929 1782 2997; baseline -0.001 -12"><span class='ocrx_word' id='word_1_326' title='bbox 225 2933 420 2985; x_wconf 77' lang='lat' dir='ltr'><strong>scentia</strong></span> <span class='ocrx_word' id='word_1_327' title='bbox 447 2972 463 2994; x_wconf 84' lang='lat'><strong>,</strong></span> <span class='ocrx_word' id='word_1_328' title='bbox 518 2930 615 2984; x_wconf 88' lang='lat' dir='ltr'><strong>sed</strong></span> <span class='ocrx_word' id='word_1_329' title='bbox 644 2931 710 2985; x_wconf 89' lang='lat' dir='ltr'><strong>de</strong></span> <span class='ocrx_word' id='word_1_330' title='bbox 758 2930 901 2983; x_wconf 85' lang='lat' dir='ltr'><strong>virili</strong></span> <span class='ocrx_word' id='word_1_331' title='bbox 936 2937 1096 2983; x_wconf 72' lang='lat' dir='ltr'><strong>aetate</strong></span> <span class='ocrx_word' id='word_1_332' title='bbox 1129 2930 1301 2997; x_wconf 90' lang='lat' dir='ltr'><strong>accipi</strong></span> <span class='ocrx_word' id='word_1_333' title='bbox 1342 2929 1577 2993; x_wconf 87' lang='lat' dir='ltr'><strong>debent,</strong></span> <span class='ocrx_word' id='word_1_334' title='bbox 1609 2943 1782 2997; x_wconf 91' lang='lat' dir='ltr'><strong>neque</strong></span> 
     </span>
    </p>
   </div>
   <div class='ocr_carea' id='block_1_44' title="bbox 225 3019 1782 3077">
    <p class='ocr_par' dir='ltr' id='par_1_44' title="bbox 225 3019 1782 3077">
     <span class='ocr_line' id='line_1_44' title="bbox 225 3019 1782 3077; baseline -0.003 -1"><span class='ocrx_word' id='word_1_335' title='bbox 225 3026 356 3077; x_wconf 73' lang='lat' dir='ltr'><strong>enim</strong></span> <span class='ocrx_word' id='word_1_336' title='bbox 412 3023 732 3077; x_wconf 86' lang='lat' dir='ltr'><strong>adolescens</strong></span> <span class='ocrx_word' id='word_1_337' title='bbox 799 3020 1030 3075; x_wconf 89' lang='lat' dir='ltr'><strong>Basilius</strong></span> <span class='ocrx_word' id='word_1_338' title='bbox 1082 3021 1132 3073; x_wconf 90' lang='lat' dir='ltr'><strong>in</strong></span> <span class='ocrx_word' id='word_1_339' title='bbox 1210 3019 1384 3073; x_wconf 86' lang='lat' dir='ltr'><strong>Dianii</strong></span> <span class='ocrx_word' id='word_1_340' title='bbox 1443 3019 1782 3073; x_wconf 85' lang='lat' dir='ltr'><strong>consuetudi-</strong></span> 
     </span>
    </p>
   </div>
   <div class='ocr_carea' id='block_1_45' title="bbox 1878 1890 3428 1974">
    <p class='ocr_par' dir='ltr' id='par_1_45' title="bbox 1878 1890 3428 1974">
     <span class='ocr_line' id='line_1_45' title="bbox 1878 1890 3428 1974; baseline -0.014 -13"><span class='ocrx_word' id='word_1_341' title='bbox 1878 1910 2056 1962; x_wconf 88' lang='lat' dir='ltr'><strong>monio</strong></span> <span class='ocrx_word' id='word_1_342' title='bbox 2085 1921 2240 1962; x_wconf 84' lang='lat' dir='ltr'><strong>suum</strong></span> <span class='ocrx_word' id='word_1_343' title='bbox 2272 1904 2532 1974; x_wconf 77' lang='lat' dir='ltr'><strong>adiungit,</strong></span> <span class='ocrx_word' id='word_1_344' title='bbox 2560 1912 2613 1958; x_wconf 89' lang='lat' dir='ltr'><strong>et</strong></span> <span class='ocrx_word' id='word_1_345' title='bbox 2644 1899 2859 1965; x_wconf 88' lang='lat' dir='ltr'><strong>litteris,</strong></span> <span class='ocrx_word' id='word_1_346' title='bbox 2890 1897 3028 1951; x_wconf 91' lang='lat' dir='ltr'><strong>inter</strong></span> <span class='ocrx_word' id='word_1_347' title='bbox 3051 1890 3239 1961; x_wconf 72' lang='lat' dir='ltr'><strong>patriae</strong></span> <span class='ocrx_word' id='word_1_348' title='bbox 3266 1901 3428 1944; x_wconf 88' lang='lat' dir='ltr'><strong>orna-</strong></span> 
     </span>
    </p>
   </div>
   <div class='ocr_carea' id='block_1_46' title="bbox 1878 1977 3429 2067">
    <p class='ocr_par' dir='ltr' id='par_1_46' title="bbox 1878 1977 3429 2067">
     <span class='ocr_line' id='line_1_46' title="bbox 1878 1977 3429 2067; baseline -0.016 -13"><span class='ocrx_word' id='word_1_349' title='bbox 1878 2008 2083 2064; x_wconf 90' lang='lat' dir='ltr'><strong>menta,</strong></span> <span class='ocrx_word' id='word_1_350' title='bbox 2141 1998 2375 2067; x_wconf 85' lang='lat' dir='ltr'><strong>palmam</strong></span> <span class='ocrx_word' id='word_1_351' title='bbox 2426 1998 2536 2050; x_wconf 89' lang='lat' dir='ltr'><strong>dat.</strong></span> <span class='ocrx_word' id='word_1_352' title='bbox 2565 1993 2656 2048; x_wconf 91' lang='lat' dir='ltr'><strong>Sic</strong></span> <span class='ocrx_word' id='word_1_353' title='bbox 2696 1991 2838 2046; x_wconf 92' lang='lat' dir='ltr'><strong>enim</strong></span> <span class='ocrx_word' id='word_1_354' title='bbox 2869 1988 2937 2043; x_wconf 91' lang='lat' dir='ltr'><strong>de</strong></span> <span class='ocrx_word' id='word_1_355' title='bbox 2965 1985 3055 2041; x_wconf 92' lang='lat' dir='ltr'><strong>illo</strong></span> <span class='ocrx_word' id='word_1_356' title='bbox 3088 1990 3231 2039; x_wconf 88' lang='lat' dir='ltr'><strong>statu</strong></span> <span class='ocrx_word' id='word_1_357' title='bbox 3257 1977 3429 2047; x_wconf 90' lang='lat' dir='ltr'><strong>loqui-</strong></span> 
     </span>
    </p>
   </div>
   <div class='ocr_carea' id='block_1_47' title="bbox 1880 2074 3424 2162">
    <p class='ocr_par' dir='ltr' id='par_1_47' title="bbox 1880 2074 3424 2162">
     <span class='ocr_line' id='line_1_47' title="bbox 1880 2074 3424 2162; baseline -0.015 -17"><span class='ocrx_word' id='word_1_358' title='bbox 1880 2100 1964 2145; x_wconf 85' lang='lat' dir='ltr'><strong>tur</strong></span> <span class='ocrx_word' id='word_1_359' title='bbox 1998 2088 2093 2162; x_wconf 89' lang='lat' dir='ltr'><strong>(b),</strong></span> <span class='ocrx_word' id='word_1_360' title='bbox 2126 2091 2179 2144; x_wconf 92' lang='lat' dir='ltr'><strong>in</strong></span> <span class='ocrx_word' id='word_1_361' title='bbox 2202 2103 2359 2158; x_wconf 88' lang='lat' dir='ltr'><strong>quem</strong></span> <span class='ocrx_word' id='word_1_362' title='bbox 2387 2086 2648 2142; x_wconf 89' lang='lat' dir='ltr'><strong>divisione</strong></span> <span class='ocrx_word' id='word_1_363' title='bbox 2669 2080 3015 2154; x_wconf 66' lang='lat' dir='ltr'><strong>Cappadociae</strong></span> <span class='ocrx_word' id='word_1_364' title='bbox 3043 2074 3382 2145; x_wconf 88' lang='lat' dir='ltr'><strong>redigebatur</strong></span> <span class='ocrx_word' id='word_1_365' title='bbox 3410 2086 3424 2122; x_wconf 84' lang='lat'>:</span> 
     </span>
    </p>
   </div>
   <div class='ocr_carea' id='block_1_48' title="bbox 1881 2163 3431 2249">
    <p class='ocr_par' dir='ltr' id='par_1_48' title="bbox 1881 2163 3431 2249">
     <span class='ocr_line' id='line_1_48' title="bbox 1881 2163 3431 2249; baseline -0.015 -12"><span class='ocrx_word' id='word_1_366' title='bbox 1881 2178 2244 2249; x_wconf 84' lang='lat' dir='ltr'><strong>Spectaculum</strong></span> <span class='ocrx_word' id='word_1_367' title='bbox 2268 2177 2606 2248; x_wconf 74' lang='lat' dir='ltr'><strong>foedissimum</strong></span> <span class='ocrx_word' id='word_1_368' title='bbox 2642 2174 2782 2242; x_wconf 76' lang='lat' dir='ltr'><strong>facta</strong></span> <span class='ocrx_word' id='word_1_369' title='bbox 2808 2182 2905 2234; x_wconf 87' lang='lat' dir='ltr'><strong>est,</strong></span> <span class='ocrx_word' id='word_1_370' title='bbox 2927 2168 3124 2249; x_wconf 85' lang='lat' dir='ltr'><strong>inquit,</strong></span> <span class='ocrx_word' id='word_1_371' title='bbox 3147 2180 3262 2237; x_wconf 68' lang='lat' dir='ltr'><strong>qua&#39;</strong></span> <span class='ocrx_word' id='word_1_372' title='bbox 3287 2163 3431 2231; x_wconf 64' lang='lat' dir='ltr'><strong>prius</strong></span> 
     </span>
    </p>
   </div>
   <div class='ocr_carea' id='block_1_49' title="bbox 1881 2248 3429 2332">
    <p class='ocr_par' dir='ltr' id='par_1_49' title="bbox 1881 2248 3429 2332">
     <span class='ocr_line' id='line_1_49' title="bbox 1881 2248 3429 2332; baseline -0.014 -6"><span class='ocrx_word' id='word_1_373' title='bbox 1881 2248 1990 2326; x_wconf 87' lang='lat' dir='ltr'><strong>tum</strong></span> <span class='ocrx_word' id='word_1_374' title='bbox 2029 2272 2091 2325; x_wconf 87' lang='lat' dir='ltr'><strong>de</strong></span> <span class='ocrx_word' id='word_1_375' title='bbox 2146 2270 2393 2325; x_wconf 81' lang='lat' dir='ltr'><strong>litteratis</strong></span> <span class='ocrx_word' id='word_1_376' title='bbox 2424 2269 2553 2322; x_wconf 87' lang='lat' dir='ltr'><strong>viris</strong></span> <span class='ocrx_word' id='word_1_377' title='bbox 2580 2307 2594 2332; x_wconf 91' lang='lat'><strong>,</strong></span> <span class='ocrx_word' id='word_1_378' title='bbox 2627 2277 2734 2319; x_wconf 88' lang='lat' dir='ltr'><strong>tum</strong></span> <span class='ocrx_word' id='word_1_379' title='bbox 2775 2265 2838 2319; x_wconf 87' lang='lat' dir='ltr'><strong>de</strong></span> <span class='ocrx_word' id='word_1_380' title='bbox 2867 2262 2985 2316; x_wconf 87' lang='lat' dir='ltr'><strong>aliis</strong></span> <span class='ocrx_word' id='word_1_381' title='bbox 3024 2248 3169 2314; x_wconf 63' lang='lat' dir='ltr'><strong>bon’is</strong></span> <span class='ocrx_word' id='word_1_382' title='bbox 3198 2297 3213 2318; x_wconf 97' lang='lat'><strong>,</strong></span> <span class='ocrx_word' id='word_1_383' title='bbox 3246 2254 3429 2326; x_wconf 80' lang='lat' dir='ltr'><strong>quibus</strong></span> 
     </span>
    </p>
   </div>
   <div class='ocr_carea' id='block_1_50' title="bbox 1892 2347 3429 2434">
    <p class='ocr_par' dir='ltr' id='par_1_50' title="bbox 1892 2347 3429 2434">
     <span class='ocr_line' id='line_1_50' title="bbox 1892 2347 3429 2434; baseline -0.012 -16"><span class='ocrx_word' id='word_1_384' title='bbox 1892 2363 2148 2434; x_wconf 75' lang='lat' dir='ltr'><strong>opulenta:</strong></span> <span class='ocrx_word' id='word_1_385' title='bbox 2178 2361 2333 2416; x_wconf 87' lang='lat' dir='ltr'><strong>urbes</strong></span> <span class='ocrx_word' id='word_1_386' title='bbox 2353 2360 2642 2424; x_wconf 87' lang='lat' dir='ltr'><strong>abundant,</strong></span> <span class='ocrx_word' id='word_1_387' title='bbox 2690 2357 3032 2428; x_wconf 84' lang='lat' dir='ltr'><strong>gloriabatur.</strong></span> <span class='ocrx_word' id='word_1_388' title='bbox 3071 2350 3329 2407; x_wconf 90' lang='lat' dir='ltr'><strong>Similiter</strong></span> <span class='ocrx_word' id='word_1_389' title='bbox 3376 2347 3429 2399; x_wconf 92' lang='lat' dir='ltr'><strong>in</strong></span> 
     </span>
    </p>
   </div>
   <div class='ocr_carea' id='block_1_51' title="bbox 1893 2440 3433 2525">
    <p class='ocr_par' dir='ltr' id='par_1_51' title="bbox 1893 2440 3433 2525">
     <span class='ocr_line' id='line_1_51' title="bbox 1893 2440 3433 2525; baseline -0.011 -15"><span class='ocrx_word' id='word_1_390' title='bbox 1893 2457 2051 2525; x_wconf 88' lang='lat' dir='ltr'><strong>epist.</strong></span> <span class='ocrx_word' id='word_1_391' title='bbox 2084 2454 2172 2520; x_wconf 76' lang='grc'><strong>74,</strong></span> <span class='ocrx_word' id='word_1_392' title='bbox 2204 2470 2258 2507; x_wconf 95' lang='lat' dir='ltr'><strong>n.</strong></span> <span class='ocrx_word' id='word_1_393' title='bbox 2288 2455 2343 2517; x_wconf 79' lang='lat'><strong>5,</strong></span> <span class='ocrx_word' id='word_1_394' title='bbox 2365 2453 2665 2506; x_wconf 89' lang='lat' dir='ltr'><strong>litterarum</strong></span> <span class='ocrx_word' id='word_1_395' title='bbox 2696 2448 2890 2511; x_wconf 89' lang='lat' dir='ltr'><strong>studia,</strong></span> <span class='ocrx_word' id='word_1_396' title='bbox 2914 2448 3126 2501; x_wconf 87' lang='lat' dir='ltr'><strong>interea</strong></span> <span class='ocrx_word' id='word_1_397' title='bbox 3156 2456 3272 2512; x_wconf 70' lang='lat' dir='ltr'><strong>qua:</strong></span> <span class='ocrx_word' id='word_1_398' title='bbox 3300 2440 3433 2495; x_wconf 88' lang='lat' dir='ltr'><strong>civi—</strong></span> 
     </span>
    </p>
   </div>
   <div class='ocr_carea' id='block_1_52' title="bbox 1884 2536 3434 2612">
    <p class='ocr_par' dir='ltr' id='par_1_52' title="bbox 1884 2536 3434 2612">
     <span class='ocr_line' id='line_1_52' title="bbox 1884 2536 3434 2612; baseline -0.011 -9"><span class='ocrx_word' id='word_1_399' title='bbox 1884 2548 1978 2603; x_wconf 88' lang='lat' dir='ltr'><strong>tati</strong></span> <span class='ocrx_word' id='word_1_400' title='bbox 2009 2562 2200 2603; x_wconf 90' lang='lat' dir='ltr'><strong>nomen</strong></span> <span class='ocrx_word' id='word_1_401' title='bbox 2237 2554 2294 2600; x_wconf 90' lang='lat' dir='ltr'><strong>et</strong></span> <span class='ocrx_word' id='word_1_402' title='bbox 2348 2543 2545 2598; x_wconf 90' lang='lat' dir='ltr'><strong>famam</strong></span> <span class='ocrx_word' id='word_1_403' title='bbox 2594 2549 2915 2612; x_wconf 85' lang='lat' dir='ltr'><strong>pepererant</strong></span> <span class='ocrx_word' id='word_1_404' title='bbox 2946 2580 2960 2605; x_wconf 90' lang='lat'><strong>,</strong></span> <span class='ocrx_word' id='word_1_405' title='bbox 2994 2536 3263 2607; x_wconf 64' lang='lat' dir='ltr'><strong>praecipue</strong></span> <span class='ocrx_word' id='word_1_406' title='bbox 3288 2548 3434 2589; x_wconf 86' lang='lat' dir='ltr'><strong>com-</strong></span> 
     </span>
    </p>
   </div>
   <div class='ocr_carea' id='block_1_53' title="bbox 1882 2624 3433 2704">
    <p class='ocr_par' dir='ltr' id='par_1_53' title="bbox 1882 2624 3433 2704">
     <span class='ocr_line' id='line_1_53' title="bbox 1882 2624 3433 2704; baseline -0.012 -11"><span class='ocrx_word' id='word_1_407' title='bbox 1882 2646 2168 2693; x_wconf 90' lang='lat' dir='ltr'><strong>memorat.</strong></span> <span class='ocrx_word' id='word_1_408' title='bbox 2216 2635 2330 2704; x_wconf 86' lang='lat' dir='ltr'><strong>Qua</strong></span> <span class='ocrx_word' id='word_1_409' title='bbox 2361 2643 2541 2689; x_wconf 87' lang='lat' dir='ltr'><strong>autem</strong></span> <span class='ocrx_word' id='word_1_410' title='bbox 2595 2639 2713 2688; x_wconf 88' lang='lat' dir='ltr'><strong>erat</strong></span> <span class='ocrx_word' id='word_1_411' title='bbox 2761 2629 3065 2685; x_wconf 89' lang='lat' dir='ltr'><strong>urbanitate</strong></span> <span class='ocrx_word' id='word_1_412' title='bbox 3120 2624 3433 2695; x_wconf 77' lang='lat' dir='ltr'><strong>Gregorius,</strong></span> 
     </span>
    </p>
   </div>
   <div class='ocr_carea' id='block_1_54' title="bbox 1884 2716 3435 2799">
    <p class='ocr_par' dir='ltr' id='par_1_54' title="bbox 1884 2716 3435 2799">
     <span class='ocr_line' id='line_1_54' title="bbox 1884 2716 3435 2799; baseline -0.012 -15"><span class='ocrx_word' id='word_1_413' title='bbox 1884 2746 2007 2784; x_wconf 90' lang='lat' dir='ltr'><strong>num</strong></span> <span class='ocrx_word' id='word_1_414' title='bbox 2045 2729 2237 2799; x_wconf 90' lang='lat' dir='ltr'><strong>potuit,</strong></span> <span class='ocrx_word' id='word_1_415' title='bbox 2270 2728 2529 2783; x_wconf 62' lang='lat' dir='ltr'><strong>Caesareae</strong></span> <span class='ocrx_word' id='word_1_416' title='bbox 2567 2723 2786 2779; x_wconf 89' lang='lat' dir='ltr'><strong>nomine</strong></span> <span class='ocrx_word' id='word_1_417' title='bbox 2831 2720 3195 2790; x_wconf 88' lang='lat' dir='ltr'><strong>pronuntiato,</strong></span> <span class='ocrx_word' id='word_1_418' title='bbox 3223 2716 3435 2769; x_wconf 81' lang='lat' dir='ltr'><strong>audito-</strong></span> 
     </span>
    </p>
   </div>
   <div class='ocr_carea' id='block_1_55' title="bbox 1887 2808 3435 2885">
    <p class='ocr_par' dir='ltr' id='par_1_55' title="bbox 1887 2808 3435 2885">
     <span class='ocr_line' id='line_1_55' title="bbox 1887 2808 3435 2885; baseline -0.01 -10"><span class='ocrx_word' id='word_1_419' title='bbox 1887 2836 1971 2875; x_wconf 89' lang='lat' dir='ltr'><strong>res</strong></span> <span class='ocrx_word' id='word_1_420' title='bbox 2003 2822 2313 2885; x_wconf 89' lang='lat' dir='ltr'><strong>admonere,</strong></span> <span class='ocrx_word' id='word_1_421' title='bbox 2362 2833 2468 2872; x_wconf 91' lang='lat' dir='ltr'><strong>non</strong></span> <span class='ocrx_word' id='word_1_422' title='bbox 2494 2832 2610 2873; x_wconf 89' lang='lat' dir='ltr'><strong>eam</strong></span> <span class='ocrx_word' id='word_1_423' title='bbox 2639 2815 2937 2872; x_wconf 82' lang='lat' dir='ltr'><strong>Caesaream</strong></span> <span class='ocrx_word' id='word_1_424' title='bbox 2964 2854 2980 2881; x_wconf 91' lang='lat'><strong>,</strong></span> <span class='ocrx_word' id='word_1_425' title='bbox 3011 2813 3063 2866; x_wconf 90' lang='lat' dir='ltr'><strong>in</strong></span> <span class='ocrx_word' id='word_1_426' title='bbox 3102 2825 3204 2875; x_wconf 88' lang='lat' dir='ltr'><strong>qua</strong></span> <span class='ocrx_word' id='word_1_427' title='bbox 3232 2808 3435 2863; x_wconf 83' lang='lat' dir='ltr'><strong>oratiu-</strong></span> 
     </span>
    </p>
   </div>
   <div class='ocr_carea' id='block_1_56' title="bbox 1887 2899 3438 2974">
    <p class='ocr_par' dir='ltr' id='par_1_56' title="bbox 1887 2899 3438 2974">
     <span class='ocr_line' id='line_1_56' title="bbox 1887 2899 3438 2974; baseline -0.008 -9"><span class='ocrx_word' id='word_1_428' title='bbox 1887 2927 2006 2965; x_wconf 86' lang='lat' dir='ltr'><strong>nem</strong></span> <span class='ocrx_word' id='word_1_429' title='bbox 2040 2910 2294 2974; x_wconf 88' lang='lat' dir='ltr'><strong>habebat,</strong></span> <span class='ocrx_word' id='word_1_430' title='bbox 2324 2909 2419 2964; x_wconf 88' lang='lat' dir='ltr'><strong>sed</strong></span> <span class='ocrx_word' id='word_1_431' title='bbox 2446 2907 2706 2962; x_wconf 90' lang='lat' dir='ltr'><strong>illustrem</strong></span> <span class='ocrx_word' id='word_1_432' title='bbox 2733 2906 2876 2959; x_wconf 91' lang='lat' dir='ltr'><strong>illam</strong></span> <span class='ocrx_word' id='word_1_433' title='bbox 2912 2904 2966 2959; x_wconf 89' lang='lat' dir='ltr'><strong>in</strong></span> <span class='ocrx_word' id='word_1_434' title='bbox 3001 2901 3279 2957; x_wconf 77' lang='lat' dir='ltr'><strong>Palzrstina</strong></span> <span class='ocrx_word' id='word_1_435' title='bbox 3308 2899 3438 2954; x_wconf 83' lang='lat' dir='ltr'><strong>civi—</strong></span> 
     </span>
    </p>
   </div>
   <div class='ocr_carea' id='block_1_57' title="bbox 1891 2992 3441 3071">
    <p class='ocr_par' dir='ltr' id='par_1_57' title="bbox 1891 2992 3441 3071">
     <span class='ocr_line' id='line_1_57' title="bbox 1891 2992 3441 3071; baseline -0.009 -14"><span class='ocrx_word' id='word_1_436' title='bbox 1891 3011 2054 3057; x_wconf 88' lang='lat' dir='ltr'><strong>tatem</strong></span> <span class='ocrx_word' id='word_1_437' title='bbox 2080 3017 2109 3057; x_wconf 88' lang='lat' dir='ltr'><strong>a</strong></span> <span class='ocrx_word' id='word_1_438' title='bbox 2141 3017 2199 3057; x_wconf 92' lang='lat' dir='ltr'><strong>se</strong></span> <span class='ocrx_word' id='word_1_439' title='bbox 2228 2999 2500 3071; x_wconf 83' lang='lat' dir='ltr'><strong>designari</strong></span> <span class='ocrx_word' id='word_1_440' title='bbox 2532 2999 2555 3053; x_wconf 82' lang='lat'><strong>‘?</strong></span> <span class='ocrx_word' id='word_1_441' title='bbox 2601 2997 2884 3067; x_wconf 83' lang='lat' dir='ltr'><strong>Nunquam</strong></span> <span class='ocrx_word' id='word_1_442' title='bbox 2924 3009 3045 3051; x_wconf 90' lang='lat' dir='ltr'><strong>eum</strong></span> <span class='ocrx_word' id='word_1_443' title='bbox 3088 3003 3193 3047; x_wconf 91' lang='lat' dir='ltr'><strong>tam</strong></span> <span class='ocrx_word' id='word_1_444' title='bbox 3224 2992 3441 3048; x_wconf 87' lang='lat' dir='ltr'><strong>inurba—</strong></span> 
     </span>
    </p>
   </div>
   <div class='ocr_carea' id='block_1_58' title="bbox 230 3083 1785 3192">
    <p class='ocr_par' dir='ltr' id='par_1_58' title="bbox 230 3110 1778 3181">
     <span class='ocr_line' id='line_1_58' title="bbox 230 3110 1778 3181; baseline -0.003 -14"><span class='ocrx_word' id='word_1_445' title='bbox 230 3132 340 3167; x_wconf 79' lang='lat' dir='ltr'><strong>rzem</strong></span> <span class='ocrx_word' id='word_1_446' title='bbox 402 3114 682 3167; x_wconf 86' lang='lat' dir='ltr'><strong>admissus</strong></span> <span class='ocrx_word' id='word_1_447' title='bbox 719 3154 733 3176; x_wconf 90' lang='lat'><strong>,</strong></span> <span class='ocrx_word' id='word_1_448' title='bbox 807 3112 901 3166; x_wconf 88' lang='lat' dir='ltr'><strong>sed</strong></span> <span class='ocrx_word' id='word_1_449' title='bbox 965 3122 1250 3181; x_wconf 86' lang='lat' dir='ltr'><strong>postquam</strong></span> <span class='ocrx_word' id='word_1_450' title='bbox 1322 3110 1480 3166; x_wconf 87' lang='lat' dir='ltr'><strong>rediit</strong></span> <span class='ocrx_word' id='word_1_451' title='bbox 1536 3110 1778 3165; x_wconf 81' lang='lat' dir='ltr'><strong>Athenis.</strong></span> 
     </span>
    </p>
   </div>
   <div class='ocr_carea' id='block_1_59' title="bbox 1889 3083 3439 3192">
    <p class='ocr_par' dir='ltr' id='par_1_59' title="bbox 1889 3083 3439 3164">
     <span class='ocr_line' id='line_1_59' title="bbox 1889 3083 3439 3164; baseline -0.009 -14"><span class='ocrx_word' id='word_1_452' title='bbox 1889 3112 1954 3152; x_wconf 92' lang='lat' dir='ltr'><strong>ne</strong></span> <span class='ocrx_word' id='word_1_453' title='bbox 2004 3106 2219 3164; x_wconf 87' lang='lat' dir='ltr'><strong>tamque</strong></span> <span class='ocrx_word' id='word_1_454' title='bbox 2265 3092 2443 3164; x_wconf 87' lang='lat' dir='ltr'><strong>pingui</strong></span> <span class='ocrx_word' id='word_1_455' title='bbox 2481 3091 2724 3146; x_wconf 81' lang='lat' dir='ltr'><strong>Minerva</strong></span> <span class='ocrx_word' id='word_1_456' title='bbox 2762 3088 2995 3143; x_wconf 90' lang='lat' dir='ltr'><strong>locutum</strong></span> <span class='ocrx_word' id='word_1_457' title='bbox 3022 3088 3263 3141; x_wconf 90' lang='lat' dir='ltr'><strong>credam.</strong></span> <span class='ocrx_word' id='word_1_458' title='bbox 3309 3083 3439 3151; x_wconf 61' lang='lat' dir='ltr'><strong>Quae</strong></span> 
     </span>
    </p>
   </div>
   <div class='ocr_carea' id='block_1_60' title="bbox 231 3200 1784 3272">
    <p class='ocr_par' dir='ltr' id='par_1_60' title="bbox 231 3200 1784 3272">
     <span class='ocr_line' id='line_1_60' title="bbox 231 3200 1784 3272; baseline -0.003 -14"><span class='ocrx_word' id='word_1_459' title='bbox 231 3208 444 3261; x_wconf 69' lang='lat' dir='ltr'><strong>Virilem</strong></span> <span class='ocrx_word' id='word_1_460' title='bbox 494 3215 711 3259; x_wconf 66' lang='lat' dir='ltr'><strong>aetatem</strong></span> <span class='ocrx_word' id='word_1_461' title='bbox 762 3203 1015 3258; x_wconf 87' lang='lat' dir='ltr'><strong>similiter</strong></span> <span class='ocrx_word' id='word_1_462' title='bbox 1065 3203 1308 3272; x_wconf 78' lang='lat' dir='ltr'><strong>designat</strong></span> <span class='ocrx_word' id='word_1_463' title='bbox 1359 3202 1410 3255; x_wconf 92' lang='lat' dir='ltr'><strong>in</strong></span> <span class='ocrx_word' id='word_1_464' title='bbox 1463 3202 1622 3270; x_wconf 81' lang='lat' dir='ltr'><strong>epist.</strong></span> <span class='ocrx_word' id='word_1_465' title='bbox 1658 3200 1784 3265; x_wconf 73' lang='lat'><strong>225,</strong></span> 
     </span>
    </p>
   </div>
   <div class='ocr_carea' id='block_1_61' title="bbox 231 3288 1789 3360">
    <p class='ocr_par' dir='ltr' id='par_1_61' title="bbox 231 3288 1789 3360">
     <span class='ocr_line' id='line_1_61' title="bbox 231 3288 1789 3360; baseline -0.006 -11"><span class='ocrx_word' id='word_1_466' title='bbox 231 3298 308 3349; x_wconf 77' lang='lat' dir='ltr'><strong>ubi</strong></span> <span class='ocrx_word' id='word_1_467' title='bbox 336 3311 395 3349; x_wconf 88' lang='lat' dir='ltr'><strong>se</strong></span> <span class='ocrx_word' id='word_1_468' title='bbox 417 3296 584 3347; x_wconf 87' lang='lat' dir='ltr'><strong>aliam</strong></span> <span class='ocrx_word' id='word_1_469' title='bbox 616 3308 683 3347; x_wconf 80' lang='lat' dir='ltr'><strong>ex</strong></span> <span class='ocrx_word' id='word_1_470' title='bbox 711 3292 815 3346; x_wconf 83' lang='lat' dir='ltr'><strong>alia</strong></span> <span class='ocrx_word' id='word_1_471' title='bbox 843 3291 1136 3345; x_wconf 89' lang='lat' dir='ltr'><strong>doctrinam</strong></span> <span class='ocrx_word' id='word_1_472' title='bbox 1169 3292 1227 3343; x_wconf 78' lang='grc' dir='ltr'><strong>ὲν</strong></span> <span class='ocrx_word' id='word_1_473' title='bbox 1252 3292 1318 3360; x_wconf 82' lang='grc' dir='ltr'><strong>τῇ</strong></span> <span class='ocrx_word' id='word_1_474' title='bbox 1344 3288 1437 3341; x_wconf 82' lang='grc' dir='ltr'>τοῦ</span> <span class='ocrx_word' id='word_1_475' title='bbox 1465 3289 1622 3357; x_wconf 83' lang='grc' dir='ltr'><strong>λόγου</strong></span> <span class='ocrx_word' id='word_1_476' title='bbox 1654 3305 1789 3358; x_wconf 83' lang='grc' dir='ltr'>συμ-</span> 
     </span>
    </p>
   </div>
   <div class='ocr_carea' id='block_1_62' title="bbox 233 3381 1787 3460">
    <p class='ocr_par' dir='ltr' id='par_1_62' title="bbox 233 3381 1787 3460">
     <span class='ocr_line' id='line_1_62' title="bbox 233 3381 1787 3460; baseline -0.003 -21"><span class='ocrx_word' id='word_1_477' title='bbox 233 3389 525 3460; x_wconf 66' lang='grc' dir='ltr'>πληρώσει,</span> <span class='ocrx_word' id='word_1_478' title='bbox 588 3402 704 3439; x_wconf 85' lang='lat' dir='ltr'><strong>cum</strong></span> <span class='ocrx_word' id='word_1_479' title='bbox 762 3384 991 3438; x_wconf 82' lang='lat' dir='ltr'><strong>adolevit</strong></span> <span class='ocrx_word' id='word_1_480' title='bbox 1022 3384 1182 3449; x_wconf 90' lang='lat' dir='ltr'><strong>ratio,</strong></span> <span class='ocrx_word' id='word_1_481' title='bbox 1215 3398 1321 3435; x_wconf 91' lang='lat' dir='ltr'><strong>non</strong></span> <span class='ocrx_word' id='word_1_482' title='bbox 1383 3390 1638 3443; x_wconf 86' lang='lat' dir='ltr'><strong>mutasse,</strong></span> <span class='ocrx_word' id='word_1_483' title='bbox 1694 3381 1787 3434; x_wconf 88' lang='lat' dir='ltr'><strong>sed</strong></span> 
     </span>
    </p>
   </div>
   <div class='ocr_carea' id='block_1_63' title="bbox 235 3473 1791 3549">
    <p class='ocr_par' dir='ltr' id='par_1_63' title="bbox 235 3473 1791 3549">
     <span class='ocr_line' id='line_1_63' title="bbox 235 3473 1791 3549; baseline -0.003 -18"><span class='ocrx_word' id='word_1_484' title='bbox 235 3491 443 3549; x_wconf 68' lang='lat' dir='ltr'><strong>accepta</strong></span> <span class='ocrx_word' id='word_1_485' title='bbox 479 3481 548 3531; x_wconf 88' lang='lat' dir='ltr'><strong>ab</strong></span> <span class='ocrx_word' id='word_1_486' title='bbox 579 3479 693 3531; x_wconf 82' lang='lat' dir='ltr'><strong>avia</strong></span> <span class='ocrx_word' id='word_1_487' title='bbox 722 3490 775 3530; x_wconf 89' lang='lat' dir='ltr'><strong>et</strong></span> <span class='ocrx_word' id='word_1_488' title='bbox 812 3487 983 3529; x_wconf 90' lang='lat' dir='ltr'><strong>matre</strong></span> <span class='ocrx_word' id='word_1_489' title='bbox 1007 3473 1268 3544; x_wconf 87' lang='lat' dir='ltr'><strong>principia</strong></span> <span class='ocrx_word' id='word_1_490' title='bbox 1296 3475 1580 3529; x_wconf 88' lang='lat' dir='ltr'><strong>retinuisse</strong></span> <span class='ocrx_word' id='word_1_491' title='bbox 1613 3473 1791 3528; x_wconf 89' lang='lat' dir='ltr'><strong>decla-</strong></span> 
     </span>
    </p>
   </div>
   <div class='ocr_carea' id='block_1_64' title="bbox 238 3584 329 3624">
    <p class='ocr_par' dir='ltr' id='par_1_64' title="bbox 238 3584 329 3624">
     <span class='ocr_line' id='line_1_64' title="bbox 238 3584 329 3624; baseline -0.011 0"><span class='ocrx_word' id='word_1_492' title='bbox 238 3584 329 3624; x_wconf 76' lang='lat' dir='ltr'><strong>rat.</strong></span> 
     </span>
    </p>
   </div>
   <div class='ocr_carea' id='block_1_65' title="bbox 296 3656 1789 3728">
    <p class='ocr_par' dir='ltr' id='par_1_65' title="bbox 296 3656 1789 3728">
     <span class='ocr_line' id='line_1_65' title="bbox 296 3656 1789 3728; baseline -0.005 -11"><span class='ocrx_word' id='word_1_493' title='bbox 296 3666 351 3717; x_wconf 67' lang='grc'><strong>4⁸</strong></span> <span class='ocrx_word' id='word_1_494' title='bbox 382 3662 531 3716; x_wconf 83' lang='lat' dir='ltr'><strong>Idem</strong></span> <span class='ocrx_word' id='word_1_495' title='bbox 561 3660 791 3715; x_wconf 82' lang='lat' dir='ltr'><strong>cﬂicitnr</strong></span> <span class='ocrx_word' id='word_1_496' title='bbox 812 3675 877 3713; x_wconf 81' lang='lat' dir='ltr'><strong>ex</strong></span> <span class='ocrx_word' id='word_1_497' title='bbox 907 3660 1040 3728; x_wconf 84' lang='lat' dir='ltr'><strong>ipsis</strong></span> <span class='ocrx_word' id='word_1_498' title='bbox 1090 3657 1334 3728; x_wconf 88' lang='lat' dir='ltr'><strong>Gregorii</strong></span> <span class='ocrx_word' id='word_1_499' title='bbox 1364 3657 1564 3721; x_wconf 82' lang='lat' dir='ltr'><strong>verbis,</strong></span> <span class='ocrx_word' id='word_1_500' title='bbox 1596 3656 1789 3725; x_wconf 88' lang='lat' dir='ltr'><strong>quibus</strong></span> 
     </span>
    </p>
   </div>
   <div class='ocr_carea' id='block_1_66' title="bbox 236 3749 1791 3822">
    <p class='ocr_par' dir='ltr' id='par_1_66' title="bbox 236 3749 1791 3822">
     <span class='ocr_line' id='line_1_66' title="bbox 236 3749 1791 3822; baseline -0.003 -15"><span class='ocrx_word' id='word_1_501' title='bbox 236 3768 346 3822; x_wconf 75' lang='lat' dir='ltr'><strong>post</strong></span> <span class='ocrx_word' id='word_1_502' title='bbox 380 3756 599 3808; x_wconf 80' lang='lat' dir='ltr'><strong>Billinm</strong></span> <span class='ocrx_word' id='word_1_503' title='bbox 624 3763 679 3807; x_wconf 87' lang='lat' dir='ltr'><strong>et</strong></span> <span class='ocrx_word' id='word_1_504' title='bbox 710 3752 997 3807; x_wconf 87' lang='lat' dir='ltr'><strong>Baronium</strong></span> <span class='ocrx_word' id='word_1_505' title='bbox 1024 3750 1396 3805; x_wconf 89' lang='lat' dir='ltr'><strong>Tillemontius</strong></span> <span class='ocrx_word' id='word_1_506' title='bbox 1420 3749 1718 3804; x_wconf 58' lang='lat' dir='ltr'><strong>Caesaream</strong></span> <span class='ocrx_word' id='word_1_507' title='bbox 1741 3749 1791 3802; x_wconf 92' lang='lat' dir='ltr'><strong>in</strong></span> 
     </span>
    </p>
   </div>
   <div class='ocr_carea' id='block_1_67' title="bbox 244 3839 1795 3911">
    <p class='ocr_par' dir='ltr' id='par_1_67' title="bbox 244 3839 1795 3911">
     <span class='ocr_line' id='line_1_67' title="bbox 244 3839 1795 3911; baseline -0.004 -12"><span class='ocrx_word' id='word_1_508' title='bbox 244 3847 523 3899; x_wconf 63' lang='lat' dir='ltr'><strong>Palrstina</strong></span> <span class='ocrx_word' id='word_1_509' title='bbox 554 3845 781 3899; x_wconf 87' lang='lat' dir='ltr'><strong>indicari</strong></span> <span class='ocrx_word' id='word_1_510' title='bbox 820 3844 1133 3895; x_wconf 86' lang='lat' dir='ltr'><strong>arbitratur.</strong></span> <span class='ocrx_word' id='word_1_511' title='bbox 1168 3841 1258 3896; x_wconf 87' lang='lat' dir='ltr'><strong>Sic</strong></span> <span class='ocrx_word' id='word_1_512' title='bbox 1306 3842 1469 3911; x_wconf 84' lang='lat' dir='ltr'><strong>igitur</strong></span> <span class='ocrx_word' id='word_1_513' title='bbox 1505 3839 1795 3908; x_wconf 80' lang='lat' dir='ltr'><strong>Gregorius</strong></span> 
     </span>
    </p>
   </div>
   <div class='ocr_carea' id='block_1_68' title="bbox 239 3928 1797 4002">
    <p class='ocr_par' dir='ltr' id='par_1_68' title="bbox 239 3928 1797 4002">
     <span class='ocr_line' id='line_1_68' title="bbox 239 3928 1797 4002; baseline -0.006 -12"><span class='ocrx_word' id='word_1_514' title='bbox 239 3942 285 3991; x_wconf 75' lang='lat' dir='ltr'><strong>in</strong></span> <span class='ocrx_word' id='word_1_515' title='bbox 315 3938 567 3990; x_wconf 87' lang='lat' dir='ltr'><strong>oratione</strong></span> <span class='ocrx_word' id='word_1_516' title='bbox 592 3949 753 4002; x_wconf 90' lang='lat' dir='ltr'><strong>quam</strong></span> <span class='ocrx_word' id='word_1_517' title='bbox 780 3934 848 3986; x_wconf 77' lang='lat' dir='ltr'><strong>de</strong></span> <span class='ocrx_word' id='word_1_518' title='bbox 892 3932 1073 3986; x_wconf 85' lang='lat' dir='ltr'><strong>Basilii</strong></span> <span class='ocrx_word' id='word_1_519' title='bbox 1128 3931 1369 3983; x_wconf 89' lang='lat' dir='ltr'><strong>laudibus</strong></span> <span class='ocrx_word' id='word_1_520' title='bbox 1405 3929 1588 3984; x_wconf 87' lang='lat' dir='ltr'><strong>habuit</strong></span> <span class='ocrx_word' id='word_1_521' title='bbox 1621 3928 1797 3982; x_wconf 65' lang='lat' dir='ltr'><strong>Caesa-</strong></span> 
     </span>
    </p>
   </div>
   <div class='ocr_carea' id='block_1_69' title="bbox 242 4022 1796 4095">
    <p class='ocr_par' dir='ltr' id='par_1_69' title="bbox 242 4022 1796 4095">
     <span class='ocr_line' id='line_1_69' title="bbox 242 4022 1796 4095; baseline -0.004 -14"><span class='ocrx_word' id='word_1_522' title='bbox 242 4047 334 4083; x_wconf 54' lang='lat' dir='ltr'><strong>reae</strong></span> <span class='ocrx_word' id='word_1_523' title='bbox 360 4049 373 4083; x_wconf 88' lang='lat'>:</span> <span class='ocrx_word' id='word_1_524' title='bbox 416 4027 543 4081; x_wconf 70' lang='grc' dir='ltr'>Ἐπὶ</span> <span class='ocrx_word' id='word_1_525' title='bbox 574 4028 673 4095; x_wconf 73' lang='grc' dir='ltr'>τὴν</span> <span class='ocrx_word' id='word_1_526' title='bbox 698 4025 1014 4095; x_wconf 76' lang='grc' dir='ltr'><strong>Καισαρέων</strong></span> <span class='ocrx_word' id='word_1_527' title='bbox 1056 4022 1205 4075; x_wconf 73' lang='grc' dir='ltr'>πόλιν</span> <span class='ocrx_word' id='word_1_528' title='bbox 1238 4023 1533 4090; x_wconf 81' lang='grc' dir='ltr'>ἐπείγεται,</span> <span class='ocrx_word' id='word_1_529' title='bbox 1565 4023 1669 4076; x_wconf 81' lang='grc' dir='ltr'>τῶν</span> <span class='ocrx_word' id='word_1_530' title='bbox 1702 4025 1796 4093; x_wconf 71' lang='grc' dir='ltr'><strong>τῇ·</strong></span> 
     </span>
    </p>
   </div>
   <div class='ocr_carea' id='block_1_70' title="bbox 241 4113 1798 4187">
    <p class='ocr_par' dir='ltr' id='par_1_70' title="bbox 241 4113 1798 4187">
     <span class='ocr_line' id='line_1_70' title="bbox 241 4113 1798 4187; baseline -0.004 -17"><span class='ocrx_word' id='word_1_531' title='bbox 241 4121 290 4171; x_wconf 70' lang='grc' dir='ltr'><strong>ὗε</strong></span> <span class='ocrx_word' id='word_1_532' title='bbox 318 4118 560 4187; x_wconf 73' lang='grc' dir='ltr'>μεθέξων</span> <span class='ocrx_word' id='word_1_533' title='bbox 591 4115 1007 4185; x_wconf 76' lang='grc' dir='ltr'>παιδευτηρξων,</span> <span class='ocrx_word' id='word_1_534' title='bbox 1033 4113 1233 4183; x_wconf 82' lang='grc' dir='ltr'><strong>ταύτην</strong></span> <span class='ocrx_word' id='word_1_535' title='bbox 1262 4114 1317 4165; x_wconf 77' lang='grc' dir='ltr'><strong>δὲ</strong></span> <span class='ocrx_word' id='word_1_536' title='bbox 1340 4113 1480 4182; x_wconf 76' lang='grc' dir='ltr'>λέγω</span> <span class='ocrx_word' id='word_1_537' title='bbox 1501 4113 1598 4183; x_wconf 81' lang='grc' dir='ltr'>τὴν</span> <span class='ocrx_word' id='word_1_538' title='bbox 1643 4130 1798 4184; x_wconf 84' lang='grc' dir='ltr'>περι-</span> 
     </span>
    </p>
   </div>
   <div class='ocr_carea' id='block_1_71' title="bbox 242 4204 1799 4281">
    <p class='ocr_par' dir='ltr' id='par_1_71' title="bbox 242 4204 1799 4281">
     <span class='ocr_line' id='line_1_71' title="bbox 242 4204 1799 4281; baseline -0.006 -16"><span class='ocrx_word' id='word_1_539' title='bbox 242 4212 373 4281; x_wconf 70' lang='grc' dir='ltr'>ςανῆ</span> <span class='ocrx_word' id='word_1_540' title='bbox 420 4228 478 4263; x_wconf 83' lang='grc' dir='ltr'><strong>τε</strong></span> <span class='ocrx_word' id='word_1_541' title='bbox 530 4210 626 4261; x_wconf 70' lang='grc' dir='ltr'>καὶ</span> <span class='ocrx_word' id='word_1_542' title='bbox 673 4207 945 4278; x_wconf 79' lang='grc' dir='ltr'><strong>ἡμετέραν</strong></span> <span class='ocrx_word' id='word_1_543' title='bbox 986 4206 1139 4274; x_wconf 71' lang='grc' dir='ltr'>(ἐπεὶ</span> <span class='ocrx_word' id='word_1_544' title='bbox 1176 4206 1268 4258; x_wconf 75' lang='grc' dir='ltr'>καὶ</span> <span class='ocrx_word' id='word_1_545' title='bbox 1309 4205 1415 4257; x_wconf 84' lang='grc' dir='ltr'>τῶν</span> <span class='ocrx_word' id='word_1_546' title='bbox 1452 4204 1599 4275; x_wconf 80' lang='grc' dir='ltr'>ἐμῶν</span> <span class='ocrx_word' id='word_1_547' title='bbox 1630 4205 1799 4272; x_wconf 84' lang='grc' dir='ltr'>λόγων</span> 
     </span>
    </p>
   </div>
   <div class='ocr_carea' id='block_1_72' title="bbox 240 4291 1800 4371">
    <p class='ocr_par' dir='ltr' id='par_1_72' title="bbox 240 4291 1800 4371">
     <span class='ocr_line' id='line_1_72' title="bbox 240 4291 1800 4371; baseline -0.005 -16"><span class='ocrx_word' id='word_1_548' title='bbox 240 4302 367 4371; x_wconf 71' lang='grc' dir='ltr'>αὕτη</span> <span class='ocrx_word' id='word_1_549' title='bbox 424 4299 761 4369; x_wconf 78' lang='grc' dir='ltr'><strong>καθηγεμὼν</strong></span> <span class='ocrx_word' id='word_1_550' title='bbox 811 4299 905 4349; x_wconf 71' lang='grc' dir='ltr'><strong>καὶ</strong></span> <span class='ocrx_word' id='word_1_551' title='bbox 948 4295 1336 4365; x_wconf 76' lang='grc' dir='ltr'>διδάσκαλος),</span> <span class='ocrx_word' id='word_1_552' title='bbox 1377 4296 1472 4366; x_wconf 78' lang='grc' dir='ltr'>τὴν</span> <span class='ocrx_word' id='word_1_553' title='bbox 1516 4295 1611 4365; x_wconf 76' lang='grc' dir='ltr'>οὐχ</span> <span class='ocrx_word' id='word_1_554' title='bbox 1641 4291 1800 4365; x_wconf 82' lang='grc' dir='ltr'>ἦττον</span> 
     </span>
    </p>
   </div>
   <div class='ocr_carea' id='block_1_73' title="bbox 238 4384 1800 4464">
    <p class='ocr_par' dir='ltr' id='par_1_73' title="bbox 238 4384 1800 4464">
     <span class='ocr_line' id='line_1_73' title="bbox 238 4384 1800 4464; baseline -0.003 -21"><span class='ocrx_word' id='word_1_555' title='bbox 238 4396 401 4462; x_wconf 70' lang='grc' dir='ltr'>λόγων</span> <span class='ocrx_word' id='word_1_556' title='bbox 430 4391 787 4464; x_wconf 75' lang='grc' dir='ltr'><strong>μητρόπολιν,</strong></span> <span class='ocrx_word' id='word_1_557' title='bbox 816 4391 849 4460; x_wconf 85' lang='grc' dir='ltr'>ἦ</span> <span class='ocrx_word' id='word_1_558' title='bbox 875 4388 982 4443; x_wconf 84' lang='grc' dir='ltr'><strong>τῶν</strong></span> <span class='ocrx_word' id='word_1_559' title='bbox 1014 4388 1217 4441; x_wconf 85' lang='grc' dir='ltr'>πόλεων</span> <span class='ocrx_word' id='word_1_560' title='bbox 1237 4384 1309 4441; x_wconf 81' lang='grc' dir='ltr'>ὧν</span> <span class='ocrx_word' id='word_1_561' title='bbox 1339 4390 1674 4459; x_wconf 77' lang='grc' dir='ltr'><strong>ὑπέρκειται,</strong></span> <span class='ocrx_word' id='word_1_562' title='bbox 1708 4388 1800 4440; x_wconf 69' lang='grc' dir='ltr'><strong>καὶ</strong></span> 
     </span>
    </p>
   </div>
   <div class='ocr_carea' id='block_1_74' title="bbox 1889 3175 3439 3256">
    <p class='ocr_par' dir='ltr' id='par_1_74' title="bbox 1889 3175 3439 3256">
     <span class='ocr_line' id='line_1_74' title="bbox 1889 3175 3439 3256; baseline -0.01 -15"><span class='ocrx_word' id='word_1_563' title='bbox 1889 3198 2186 3256; x_wconf 88' lang='lat' dir='ltr'><strong>sequuntur</strong></span> <span class='ocrx_word' id='word_1_564' title='bbox 2216 3186 2282 3240; x_wconf 91' lang='lat' dir='ltr'><strong>de</strong></span> <span class='ocrx_word' id='word_1_565' title='bbox 2329 3185 2627 3239; x_wconf 90' lang='lat' dir='ltr'><strong>litterarum</strong></span> <span class='ocrx_word' id='word_1_566' title='bbox 2661 3179 2883 3242; x_wconf 89' lang='lat' dir='ltr'><strong>studiis,</strong></span> <span class='ocrx_word' id='word_1_567' title='bbox 2923 3193 3026 3232; x_wconf 92' lang='lat' dir='ltr'><strong>non</strong></span> <span class='ocrx_word' id='word_1_568' title='bbox 3078 3177 3256 3231; x_wconf 88' lang='lat' dir='ltr'><strong>minus</strong></span> <span class='ocrx_word' id='word_1_569' title='bbox 3290 3175 3439 3229; x_wconf 88' lang='lat' dir='ltr'><strong>inor-</strong></span> 
     </span>
    </p>
   </div>
   <div class='ocr_carea' id='block_1_75' title="bbox 1890 3269 3443 3347">
    <p class='ocr_par' dir='ltr' id='par_1_75' title="bbox 1890 3269 3443 3347">
     <span class='ocr_line' id='line_1_75' title="bbox 1890 3269 3443 3347; baseline -0.007 -15"><span class='ocrx_word' id='word_1_570' title='bbox 1890 3291 2010 3333; x_wconf 89' lang='lat' dir='ltr'><strong>nata</strong></span> <span class='ocrx_word' id='word_1_571' title='bbox 2039 3288 2092 3333; x_wconf 89' lang='lat' dir='ltr'><strong>et</strong></span> <span class='ocrx_word' id='word_1_572' title='bbox 2136 3278 2352 3347; x_wconf 84' lang='lat' dir='ltr'><strong>illepida</strong></span> <span class='ocrx_word' id='word_1_573' title='bbox 2391 3284 2595 3340; x_wconf 89' lang='lat' dir='ltr'><strong>essent,</strong></span> <span class='ocrx_word' id='word_1_574' title='bbox 2628 3275 2673 3329; x_wconf 88' lang='lat' dir='ltr'><strong>si</strong></span> <span class='ocrx_word' id='word_1_575' title='bbox 2702 3274 2765 3327; x_wconf 91' lang='lat' dir='ltr'><strong>ad</strong></span> <span class='ocrx_word' id='word_1_576' title='bbox 2797 3273 3096 3327; x_wconf 59' lang='lat' dir='ltr'><strong>Caesaream</strong></span> <span class='ocrx_word' id='word_1_577' title='bbox 3144 3269 3443 3324; x_wconf 60' lang='lat' dir='ltr'><strong>Palasstinae</strong></span> 
     </span>
    </p>
   </div>
   <div class='ocr_carea' id='block_1_76' title="bbox 1890 3360 3445 3435">
    <p class='ocr_par' dir='ltr' id='par_1_76' title="bbox 1890 3360 3445 3435">
     <span class='ocr_line' id='line_1_76' title="bbox 1890 3360 3445 3435; baseline -0.009 -9"><span class='ocrx_word' id='word_1_578' title='bbox 1890 3371 2253 3435; x_wconf 83' lang='lat' dir='ltr'><strong>referrentur;</strong></span> <span class='ocrx_word' id='word_1_579' title='bbox 2306 3383 2426 3423; x_wconf 91' lang='lat' dir='ltr'><strong>cum</strong></span> <span class='ocrx_word' id='word_1_580' title='bbox 2456 3366 2819 3421; x_wconf 66' lang='lat' dir='ltr'><strong>Cmsarienses</strong></span> <span class='ocrx_word' id='word_1_581' title='bbox 2846 3404 2861 3429; x_wconf 90' lang='lat'><strong>,</strong></span> <span class='ocrx_word' id='word_1_582' title='bbox 2896 3377 3028 3432; x_wconf 89' lang='lat' dir='ltr'><strong>quos</strong></span> <span class='ocrx_word' id='word_1_583' title='bbox 3073 3360 3445 3431; x_wconf 83' lang='lat' dir='ltr'><strong>alloquebatur</strong></span> 
     </span>
    </p>
   </div>
   <div class='ocr_carea' id='block_1_77' title="bbox 1891 3451 3445 3530">
    <p class='ocr_par' dir='ltr' id='par_1_77' title="bbox 1891 3451 3445 3530">
     <span class='ocr_line' id='line_1_77' title="bbox 1891 3451 3445 3530; baseline -0.009 -12"><span class='ocrx_word' id='word_1_584' title='bbox 1891 3461 2207 3530; x_wconf 73' lang='lat' dir='ltr'><strong>Gregorius,</strong></span> <span class='ocrx_word' id='word_1_585' title='bbox 2240 3460 2377 3513; x_wconf 87' lang='lat' dir='ltr'><strong>hanc</strong></span> <span class='ocrx_word' id='word_1_586' title='bbox 2411 3457 2624 3512; x_wconf 87' lang='lat' dir='ltr'><strong>laudem</strong></span> <span class='ocrx_word' id='word_1_587' title='bbox 2647 3498 2661 3521; x_wconf 91' lang='lat'><strong>,</strong></span> <span class='ocrx_word' id='word_1_588' title='bbox 2696 3466 2755 3511; x_wconf 91' lang='lat' dir='ltr'><strong>ut</strong></span> <span class='ocrx_word' id='word_1_589' title='bbox 2789 3456 2898 3526; x_wconf 88' lang='lat' dir='ltr'><strong>jam</strong></span> <span class='ocrx_word' id='word_1_590' title='bbox 2947 3453 3082 3520; x_wconf 77' lang='lat' dir='ltr'><strong>dixi,</strong></span> <span class='ocrx_word' id='word_1_591' title='bbox 3111 3454 3229 3507; x_wconf 87' lang='lat' dir='ltr'><strong>aliis</strong></span> <span class='ocrx_word' id='word_1_592' title='bbox 3261 3451 3445 3507; x_wconf 86' lang='lat' dir='ltr'><strong>civita-</strong></span> 
     </span>
    </p>
   </div>
   <div class='ocr_carea' id='block_1_78' title="bbox 1893 3554 2575 3608">
    <p class='ocr_par' dir='ltr' id='par_1_78' title="bbox 1893 3554 2575 3608">
     <span class='ocr_line' id='line_1_78' title="bbox 1893 3554 2575 3608; baseline -0.006 -2"><span class='ocrx_word' id='word_1_593' title='bbox 1893 3554 2031 3608; x_wconf 87' lang='lat' dir='ltr'><strong>tibus</strong></span> <span class='ocrx_word' id='word_1_594' title='bbox 2062 3568 2163 3606; x_wconf 90' lang='lat' dir='ltr'><strong>non</strong></span> <span class='ocrx_word' id='word_1_595' title='bbox 2196 3554 2575 3606; x_wconf 86' lang='lat' dir='ltr'><strong>concederent.</strong></span> 
     </span>
    </p>
   </div>
   <div class='ocr_carea' id='block_1_79' title="bbox 1962 3637 3446 3711">
    <p class='ocr_par' dir='ltr' id='par_1_79' title="bbox 1962 3637 3446 3711">
     <span class='ocr_line' id='line_1_79' title="bbox 1962 3637 3446 3711; baseline -0.008 -13"><span class='ocrx_word' id='word_1_596' title='bbox 1962 3644 2075 3698; x_wconf 84' lang='lat' dir='ltr'><strong>Non</strong></span> <span class='ocrx_word' id='word_1_597' title='bbox 2130 3644 2480 3698; x_wconf 87' lang='lat' dir='ltr'><strong>omittendum</strong></span> <span class='ocrx_word' id='word_1_598' title='bbox 2535 3642 2678 3711; x_wconf 92' lang='lat' dir='ltr'><strong>quod</strong></span> <span class='ocrx_word' id='word_1_599' title='bbox 2732 3641 2880 3693; x_wconf 87' lang='lat' dir='ltr'><strong>addit</strong></span> <span class='ocrx_word' id='word_1_600' title='bbox 2931 3639 3263 3710; x_wconf 76' lang='lat' dir='ltr'><strong>Gregorius:</strong></span> <span class='ocrx_word' id='word_1_601' title='bbox 3323 3637 3446 3690; x_wconf 84' lang='lat' dir='ltr'><strong>Jam</strong></span> 
     </span>
    </p>
   </div>
   <div class='ocr_carea' id='block_1_80' title="bbox 1892 3730 3448 3805">
    <p class='ocr_par' dir='ltr' id='par_1_80' title="bbox 1892 3730 3448 3805">
     <span class='ocr_line' id='line_1_80' title="bbox 1892 3730 3448 3805; baseline -0.005 -17"><span class='ocrx_word' id='word_1_602' title='bbox 1892 3753 2008 3805; x_wconf 80' lang='lat' dir='ltr'><strong>qua:</strong></span> <span class='ocrx_word' id='word_1_603' title='bbox 2060 3746 2366 3805; x_wconf 82' lang='lat' dir='ltr'><strong>sequuntur,</strong></span> <span class='ocrx_word' id='word_1_604' title='bbox 2414 3735 2449 3786; x_wconf 88' lang='lat' dir='ltr'><strong>ii</strong></span> <span class='ocrx_word' id='word_1_605' title='bbox 2501 3741 2759 3801; x_wconf 74' lang='lat' dir='ltr'><strong>exponant</strong></span> <span class='ocrx_word' id='word_1_606' title='bbox 2810 3732 2898 3801; x_wconf 88' lang='lat' dir='ltr'><strong>qui</strong></span> <span class='ocrx_word' id='word_1_607' title='bbox 2945 3740 2991 3784; x_wconf 85' lang='lat' dir='ltr'><strong>et</strong></span> <span class='ocrx_word' id='word_1_608' title='bbox 3045 3745 3159 3783; x_wconf 87' lang='lat' dir='ltr'><strong>eum</strong></span> <span class='ocrx_word' id='word_1_609' title='bbox 3211 3730 3349 3797; x_wconf 88' lang='lat' dir='ltr'><strong>apud</strong></span> <span class='ocrx_word' id='word_1_610' title='bbox 3396 3744 3448 3781; x_wconf 89' lang='lat' dir='ltr'><strong>se</strong></span> 
     </span>
    </p>
   </div>
   <div class='ocr_carea' id='block_1_81' title="bbox 1894 3822 3446 3895">
    <p class='ocr_par' dir='ltr' id='par_1_81' title="bbox 1894 3822 3446 3895">
     <span class='ocr_line' id='line_1_81' title="bbox 1894 3822 3446 3895; baseline -0.007 -13"><span class='ocrx_word' id='word_1_611' title='bbox 1894 3830 2190 3883; x_wconf 84' lang='lat' dir='ltr'><strong>erudierunt</strong></span> <span class='ocrx_word' id='word_1_612' title='bbox 2222 3838 2266 3879; x_wconf 88' lang='lat' dir='ltr'><strong>et</strong></span> <span class='ocrx_word' id='word_1_613' title='bbox 2298 3826 2526 3895; x_wconf 73' lang='lat' dir='ltr'><strong>fructum</strong></span> <span class='ocrx_word' id='word_1_614' title='bbox 2560 3840 2625 3877; x_wconf 70' lang='lat' dir='ltr'><strong>ea:</strong></span> <span class='ocrx_word' id='word_1_615' title='bbox 2654 3824 2820 3893; x_wconf 81' lang='lat' dir='ltr'><strong>ipsius</strong></span> <span class='ocrx_word' id='word_1_616' title='bbox 2862 3822 3153 3875; x_wconf 87' lang='lat' dir='ltr'><strong>eruditione</strong></span> <span class='ocrx_word' id='word_1_617' title='bbox 3182 3829 3446 3887; x_wconf 80' lang='lat' dir='ltr'><strong>ceperunt,</strong></span> 
     </span>
    </p>
   </div>
   <div class='ocr_carea' id='block_1_82' title="bbox 1895 3914 3451 3991">
    <p class='ocr_par' dir='ltr' id='par_1_82' title="bbox 1895 3914 3451 3991">
     <span class='ocr_line' id='line_1_82' title="bbox 1895 3914 3451 3991; baseline -0.005 -17"><span class='ocrx_word' id='word_1_618' title='bbox 1895 3932 2115 3991; x_wconf 81' lang='lat' dir='ltr'><strong>quantus</strong></span> <span class='ocrx_word' id='word_1_619' title='bbox 2150 3919 2379 3973; x_wconf 86' lang='lat' dir='ltr'><strong>videlicet</strong></span> <span class='ocrx_word' id='word_1_620' title='bbox 2428 3920 2727 3989; x_wconf 85' lang='lat' dir='ltr'><strong>magistris,</strong></span> <span class='ocrx_word' id='word_1_621' title='bbox 2774 3925 2999 3986; x_wconf 88' lang='lat' dir='ltr'><strong>quantus</strong></span> <span class='ocrx_word' id='word_1_622' title='bbox 3042 3914 3325 3979; x_wconf 58' lang='lat' dir='ltr'><strong>aequalibus</strong></span> <span class='ocrx_word' id='word_1_623' title='bbox 3368 3929 3451 3966; x_wconf 87' lang='lat' dir='ltr'><strong>es-</strong></span> 
     </span>
    </p>
   </div>
   <div class='ocr_carea' id='block_1_83' title="bbox 1896 4003 3451 4080">
    <p class='ocr_par' dir='ltr' id='par_1_83' title="bbox 1896 4003 3451 4080">
     <span class='ocr_line' id='line_1_83' title="bbox 1896 4003 3451 4080; baseline -0.006 -13"><span class='ocrx_word' id='word_1_624' title='bbox 1896 4023 1992 4079; x_wconf 84' lang='lat' dir='ltr'><strong>set,</strong></span> <span class='ocrx_word' id='word_1_625' title='bbox 2017 4024 2119 4067; x_wconf 90' lang='lat' dir='ltr'><strong>etc.</strong></span> <span class='ocrx_word' id='word_1_626' title='bbox 2154 4012 2268 4066; x_wconf 85' lang='lat' dir='ltr'><strong>Non</strong></span> <span class='ocrx_word' id='word_1_627' title='bbox 2306 4022 2548 4080; x_wconf 86' lang='lat' dir='ltr'><strong>superest</strong></span> <span class='ocrx_word' id='word_1_628' title='bbox 2578 4008 2880 4079; x_wconf 86' lang='lat' dir='ltr'><strong>ambigendi</strong></span> <span class='ocrx_word' id='word_1_629' title='bbox 2912 4009 3063 4062; x_wconf 84' lang='lat' dir='ltr'><strong>locus</strong></span> <span class='ocrx_word' id='word_1_630' title='bbox 3109 4005 3243 4059; x_wconf 89' lang='lat' dir='ltr'><strong>utris</strong></span> <span class='ocrx_word' id='word_1_631' title='bbox 3272 4003 3451 4059; x_wconf 71' lang='lat' dir='ltr'><strong>Caesa-</strong></span> 
     </span>
    </p>
   </div>
   <div class='ocr_carea' id='block_1_84' title="bbox 1902 4097 3457 4169">
    <p class='ocr_par' dir='ltr' id='par_1_84' title="bbox 1902 4097 3457 4169">
     <span class='ocr_line' id='line_1_84' title="bbox 1902 4097 3457 4169; baseline -0.005 -11"><span class='ocrx_word' id='word_1_632' title='bbox 1902 4105 2167 4159; x_wconf 88' lang='lat' dir='ltr'><strong>riensibus</strong></span> <span class='ocrx_word' id='word_1_633' title='bbox 2211 4104 2324 4157; x_wconf 69' lang='lat' dir='ltr'><strong>haec</strong></span> <span class='ocrx_word' id='word_1_634' title='bbox 2378 4104 2653 4157; x_wconf 90' lang='lat' dir='ltr'><strong>narranda</strong></span> <span class='ocrx_word' id='word_1_635' title='bbox 2703 4100 2994 4169; x_wconf 83' lang='lat' dir='ltr'><strong>Gregorius</strong></span> <span class='ocrx_word' id='word_1_636' title='bbox 3041 4098 3341 4166; x_wconf 88' lang='lat' dir='ltr'><strong>relinquat;</strong></span> <span class='ocrx_word' id='word_1_637' title='bbox 3386 4097 3457 4151; x_wconf 82' lang='lat' dir='ltr'><strong>iis</strong></span> 
     </span>
    </p>
   </div>
   <div class='ocr_carea' id='block_1_85' title="bbox 1899 4189 3454 4268">
    <p class='ocr_par' dir='ltr' id='par_1_85' title="bbox 1899 4189 3454 4268">
     <span class='ocr_line' id='line_1_85' title="bbox 1899 4189 3454 4268; baseline -0.003 -21"><span class='ocrx_word' id='word_1_638' title='bbox 1899 4198 1987 4267; x_wconf 85' lang='lat' dir='ltr'><strong>qui</strong></span> <span class='ocrx_word' id='word_1_639' title='bbox 2020 4198 2174 4268; x_wconf 87' lang='lat' dir='ltr'><strong>longe</strong></span> <span class='ocrx_word' id='word_1_640' title='bbox 2209 4197 2401 4250; x_wconf 88' lang='lat' dir='ltr'><strong>remoti</strong></span> <span class='ocrx_word' id='word_1_641' title='bbox 2432 4205 2609 4261; x_wconf 88' lang='lat' dir='ltr'><strong>erant,</strong></span> <span class='ocrx_word' id='word_1_642' title='bbox 2637 4208 2811 4263; x_wconf 79' lang='lat' dir='ltr'><strong>neque</strong></span> <span class='ocrx_word' id='word_1_643' title='bbox 2834 4208 2899 4248; x_wconf 78' lang='lat' dir='ltr'><strong>ex</strong></span> <span class='ocrx_word' id='word_1_644' title='bbox 2936 4190 3121 4245; x_wconf 84' lang='lat' dir='ltr'><strong>Basilii</strong></span> <span class='ocrx_word' id='word_1_645' title='bbox 3147 4189 3454 4244; x_wconf 83' lang='lat' dir='ltr'><strong>eruditione</strong></span> 
     </span>
    </p>
   </div>
   <div class='ocr_carea' id='block_1_86' title="bbox 1901 4283 3456 4358">
    <p class='ocr_par' dir='ltr' id='par_1_86' title="bbox 1901 4283 3456 4358">
     <span class='ocr_line' id='line_1_86' title="bbox 1901 4283 3456 4358; baseline -0.006 -16"><span class='ocrx_word' id='word_1_646' title='bbox 1901 4288 2152 4358; x_wconf 80' lang='lat' dir='ltr'><strong>majorem</strong></span> <span class='ocrx_word' id='word_1_647' title='bbox 2195 4304 2353 4357; x_wconf 86' lang='lat' dir='ltr'><strong>quam</strong></span> <span class='ocrx_word' id='word_1_648' title='bbox 2408 4287 2524 4341; x_wconf 72' lang='lat' dir='ltr'><strong>alia:</strong></span> <span class='ocrx_word' id='word_1_649' title='bbox 2570 4286 2816 4340; x_wconf 89' lang='lat' dir='ltr'><strong>civitates</strong></span> <span class='ocrx_word' id='word_1_650' title='bbox 2858 4283 3140 4337; x_wconf 90' lang='lat' dir='ltr'><strong>utilitatem</strong></span> <span class='ocrx_word' id='word_1_651' title='bbox 3200 4293 3456 4349; x_wconf 88' lang='lat' dir='ltr'><strong>percepe-</strong></span> 
     </span>
    </p>
   </div>
   <div class='ocr_carea' id='block_1_87' title="bbox 1902 4372 3460 4450">
    <p class='ocr_par' dir='ltr' id='par_1_87' title="bbox 1902 4372 3460 4450">
     <span class='ocr_line' id='line_1_87' title="bbox 1902 4372 3460 4450; baseline -0.007 -15"><span class='ocrx_word' id='word_1_652' title='bbox 1902 4394 2038 4447; x_wconf 86' lang='lat' dir='ltr'><strong>rant,</strong></span> <span class='ocrx_word' id='word_1_653' title='bbox 2076 4397 2139 4434; x_wconf 89' lang='lat' dir='ltr'><strong>an</strong></span> <span class='ocrx_word' id='word_1_654' title='bbox 2182 4382 2246 4437; x_wconf 87' lang='lat' dir='ltr'><strong>iis</strong></span> <span class='ocrx_word' id='word_1_655' title='bbox 2275 4396 2409 4450; x_wconf 83' lang='lat' dir='ltr'><strong>quos</strong></span> <span class='ocrx_word' id='word_1_656' title='bbox 2452 4378 2821 4447; x_wconf 83' lang='lat' dir='ltr'><strong>alloquebatur</strong></span> <span class='ocrx_word' id='word_1_657' title='bbox 2898 4374 3210 4444; x_wconf 86' lang='lat' dir='ltr'><strong>Gregorius,</strong></span> <span class='ocrx_word' id='word_1_658' title='bbox 3258 4372 3460 4443; x_wconf 86' lang='lat' dir='ltr'><strong>quique.</strong></span> 
     </span>
    </p>
   </div>
   <div class='ocr_carea' id='block_1_88' title="bbox 238 4464 1785 4551">
    <p class='ocr_par' dir='ltr' id='par_1_88' title="bbox 238 4477 1785 4551">
     <span class='ocr_line' id='line_1_88' title="bbox 238 4477 1785 4551; baseline -0.003 -16"><span class='ocrx_word' id='word_1_659' title='bbox 238 4484 351 4535; x_wconf 78' lang='grc' dir='ltr'>καθ’</span> <span class='ocrx_word' id='word_1_660' title='bbox 380 4478 456 4535; x_wconf 81' lang='grc' dir='ltr'>ὧν</span> <span class='ocrx_word' id='word_1_661' title='bbox 490 4482 605 4551; x_wconf 79' lang='grc' dir='ltr'>ἔχει</span> <span class='ocrx_word' id='word_1_662' title='bbox 624 4480 723 4551; x_wconf 79' lang='grc' dir='ltr'>τὴν</span> <span class='ocrx_word' id='word_1_663' title='bbox 748 4478 1060 4532; x_wconf 75' lang='grc' dir='ltr'>δυναστείαν</span> <span class='ocrx_word' id='word_1_664' title='bbox 1086 4493 1100 4506; x_wconf 84' lang='grc'><em>’</em></span> <span class='ocrx_word' id='word_1_665' title='bbox 1127 4479 1192 4547; x_wconf 80' lang='grc' dir='ltr'>ἢν</span> <span class='ocrx_word' id='word_1_666' title='bbox 1221 4481 1272 4531; x_wconf 79' lang='grc' dir='ltr'>εἴ</span> <span class='ocrx_word' id='word_1_667' title='bbox 1302 4495 1382 4541; x_wconf 85' lang='grc' dir='ltr'>τις</span> <span class='ocrx_word' id='word_1_668' title='bbox 1410 4477 1502 4530; x_wconf 76' lang='grc' dir='ltr'><strong>τοῦ</strong></span> <span class='ocrx_word' id='word_1_669' title='bbox 1537 4480 1593 4531; x_wconf 74' lang='grc' dir='ltr'><strong>ἐν</strong></span> <span class='ocrx_word' id='word_1_670' title='bbox 1625 4477 1785 4546; x_wconf 75' lang='grc' dir='ltr'>λόγοις</span> 
     </span>
    </p>
   </div>
   <div class='ocr_carea' id='block_1_89' title="bbox 1889 4464 3459 4551">
    <p class='ocr_par' dir='ltr' id='par_1_89' title="bbox 1904 4464 3459 4538">
     <span class='ocr_line' id='line_1_89' title="bbox 1904 4464 3459 4538; baseline -0.007 -10"><span class='ocrx_word' id='word_1_671' title='bbox 1904 4484 1957 4528; x_wconf 90' lang='lat' dir='ltr'><strong>et</strong></span> <span class='ocrx_word' id='word_1_672' title='bbox 1989 4472 2169 4527; x_wconf 76' lang='lat' dir='ltr'><strong>Basilii</strong></span> <span class='ocrx_word' id='word_1_673' title='bbox 2208 4474 2508 4524; x_wconf 74' lang='lat' dir='ltr'><strong>studiorum</strong></span> <span class='ocrx_word' id='word_1_674' title='bbox 2544 4478 2795 4538; x_wconf 85' lang='lat' dir='ltr'><strong>poterant</strong></span> <span class='ocrx_word' id='word_1_675' title='bbox 2839 4465 3170 4527; x_wconf 86' lang='lat' dir='ltr'><strong>meminisse,</strong></span> <span class='ocrx_word' id='word_1_676' title='bbox 3218 4474 3271 4519; x_wconf 91' lang='lat' dir='ltr'><strong>et</strong></span> <span class='ocrx_word' id='word_1_677' title='bbox 3316 4464 3459 4517; x_wconf 89' lang='lat' dir='ltr'><strong>illius</strong></span> 
     </span>
    </p>
   </div>
   <div class='ocr_carea' id='block_1_90' title="bbox 239 4566 1800 4644">
    <p class='ocr_par' dir='ltr' id='par_1_90' title="bbox 239 4566 1800 4644">
     <span class='ocr_line' id='line_1_90' title="bbox 239 4566 1800 4644; baseline -0.004 -19"><span class='ocrx_word' id='word_1_678' title='bbox 239 4575 467 4644; x_wconf 70' lang='grc' dir='ltr'>κράτους</span> <span class='ocrx_word' id='word_1_679' title='bbox 492 4571 936 4641; x_wconf 84' lang='grc' dir='ltr'>ἁποστερήσειεν,</span> <span class='ocrx_word' id='word_1_680' title='bbox 958 4566 1256 4638; x_wconf 75' lang='grc' dir='ltr'>ἀφῃρηκὼς</span> <span class='ocrx_word' id='word_1_681' title='bbox 1278 4567 1424 4621; x_wconf 78' lang='grc' dir='ltr'>ἔσται</span> <span class='ocrx_word' id='word_1_682' title='bbox 1442 4567 1571 4621; x_wconf 78' lang='grc' dir='ltr'>αὐτὸ</span> <span class='ocrx_word' id='word_1_683' title='bbox 1588 4567 1647 4620; x_wconf 85' lang='grc' dir='ltr'>τὸ</span> <span class='ocrx_word' id='word_1_684' title='bbox 1674 4566 1800 4620; x_wconf 79' lang='grc' dir='ltr'>καλ-</span> 
     </span>
    </p>
   </div>
   <div class='ocr_carea' id='block_1_91' title="bbox 240 4660 1800 4731">
    <p class='ocr_par' dir='ltr' id='par_1_91' title="bbox 240 4660 1800 4731">
     <span class='ocr_line' id='line_1_91' title="bbox 240 4660 1800 4731; baseline -0.003 -14"><span class='ocrx_word' id='word_1_685' title='bbox 240 4665 409 4718; x_wconf 67' lang='grc' dir='ltr'>λιστόν</span> <span class='ocrx_word' id='word_1_686' title='bbox 434 4682 497 4716; x_wconf 84' lang='grc' dir='ltr'>τε</span> <span class='ocrx_word' id='word_1_687' title='bbox 524 4665 621 4716; x_wconf 75' lang='grc' dir='ltr'><strong>καὶ</strong></span> <span class='ocrx_word' id='word_1_688' title='bbox 647 4661 977 4716; x_wconf 77' lang='grc' dir='ltr'><strong>ἰδικώτατον.</strong></span> <span class='ocrx_word' id='word_1_689' title='bbox 1006 4660 1191 4714; x_wconf 82' lang='grc' dir='ltr'>’Λλλαι</span> <span class='ocrx_word' id='word_1_690' title='bbox 1216 4662 1310 4730; x_wconf 81' lang='grc' dir='ltr'>μὲν</span> <span class='ocrx_word' id='word_1_691' title='bbox 1333 4660 1440 4731; x_wconf 80' lang='grc' dir='ltr'><strong>γὰρ</strong></span> <span class='ocrx_word' id='word_1_692' title='bbox 1465 4660 1572 4712; x_wconf 82' lang='grc' dir='ltr'>τῶν</span> <span class='ocrx_word' id='word_1_693' title='bbox 1598 4660 1800 4713; x_wconf 82' lang='grc' dir='ltr'>πόλεων</span> 
     </span>
    </p>
   </div>
   <div class='ocr_carea' id='block_1_92' title="bbox 240 4752 1799 4825">
    <p class='ocr_par' dir='ltr' id='par_1_92' title="bbox 240 4752 1799 4825">
     <span class='ocr_line' id='line_1_92' title="bbox 240 4752 1799 4825; baseline -0.004 -14"><span class='ocrx_word' id='word_1_694' title='bbox 240 4759 411 4820; x_wconf 67' lang='grc' dir='ltr'>ἄλλοις</span> <span class='ocrx_word' id='word_1_695' title='bbox 424 4756 753 4825; x_wconf 78' lang='grc' dir='ltr'>ἀγάλλονται</span> <span class='ocrx_word' id='word_1_696' title='bbox 770 4754 1232 4825; x_wconf 78' lang='grc' dir='ltr'>καλλωπίσμασιν,</span> <span class='ocrx_word' id='word_1_697' title='bbox 1255 4753 1287 4825; x_wconf 85' lang='grc' dir='ltr'>ἢ</span> <span class='ocrx_word' id='word_1_698' title='bbox 1309 4752 1575 4817; x_wconf 79' lang='grc' dir='ltr'>παλαιοῖς,</span> <span class='ocrx_word' id='word_1_699' title='bbox 1594 4752 1625 4822; x_wconf 79' lang='grc' dir='ltr'>ἢ</span> <span class='ocrx_word' id='word_1_700' title='bbox 1644 4755 1799 4815; x_wconf 81' lang='grc' dir='ltr'>νέοις,</span> 
     </span>
    </p>
   </div>
   <div class='ocr_carea' id='block_1_93' title="bbox 238 4843 1798 4917">
    <p class='ocr_par' dir='ltr' id='par_1_93' title="bbox 238 4843 1798 4917">
     <span class='ocr_line' id='line_1_93' title="bbox 238 4843 1798 4917; baseline -0.003 -17"><span class='ocrx_word' id='word_1_701' title='bbox 238 4852 378 4912; x_wconf 73' lang='grc' dir='ltr'>ὅπως</span> <span class='ocrx_word' id='word_1_702' title='bbox 409 4849 477 4902; x_wconf 79' lang='grc' dir='ltr'>ἂν</span> <span class='ocrx_word' id='word_1_703' title='bbox 506 4844 660 4917; x_wconf 78' lang='grc' dir='ltr'>οἶμαι</span> <span class='ocrx_word' id='word_1_704' title='bbox 696 4847 804 4899; x_wconf 85' lang='grc' dir='ltr'>τῶν</span> <span class='ocrx_word' id='word_1_705' title='bbox 827 4846 1175 4917; x_wconf 80' lang='grc' dir='ltr'><strong>διηγημάτων</strong></span> <span class='ocrx_word' id='word_1_706' title='bbox 1205 4844 1398 4914; x_wconf 78' lang='grc' dir='ltr'>ἔχωσιν</span> <span class='ocrx_word' id='word_1_707' title='bbox 1426 4846 1458 4915; x_wconf 83' lang='grc' dir='ltr'>ἢ</span> <span class='ocrx_word' id='word_1_708' title='bbox 1504 4843 1611 4896; x_wconf 84' lang='grc' dir='ltr'><strong>τῶν</strong></span> <span class='ocrx_word' id='word_1_709' title='bbox 1658 4847 1798 4915; x_wconf 84' lang='grc' dir='ltr'>ὁρω-</span> 
     </span>
    </p>
   </div>
   <div class='ocr_carea' id='block_1_94' title="bbox 243 4935 1803 5008">
    <p class='ocr_par' dir='ltr' id='par_1_94' title="bbox 243 4935 1803 5008">
     <span class='ocr_line' id='line_1_94' title="bbox 243 4935 1803 5008; baseline -0.004 -16"><span class='ocrx_word' id='word_1_710' title='bbox 243 4942 412 5008; x_wconf 73' lang='grc' dir='ltr'>μένων</span> <span class='ocrx_word' id='word_1_711' title='bbox 429 4958 443 4968; x_wconf 89' lang='grc'><strong>·</strong></span> <span class='ocrx_word' id='word_1_712' title='bbox 465 4938 594 5008; x_wconf 74' lang='grc' dir='ltr'><strong>τῇδε</strong></span> <span class='ocrx_word' id='word_1_713' title='bbox 619 4938 764 5006; x_wconf 85' lang='grc' dir='ltr'>λόγοι</span> <span class='ocrx_word' id='word_1_714' title='bbox 786 4938 845 4990; x_wconf 79' lang='grc' dir='ltr'>τὸ</span> <span class='ocrx_word' id='word_1_715' title='bbox 861 4937 1165 5007; x_wconf 81' lang='grc' dir='ltr'>γνώρισμα,</span> <span class='ocrx_word' id='word_1_716' title='bbox 1194 4936 1382 5006; x_wconf 82' lang='grc' dir='ltr'>ὥσπερ</span> <span class='ocrx_word' id='word_1_717' title='bbox 1406 4938 1461 4989; x_wconf 81' lang='grc' dir='ltr'><strong>ὲν</strong></span> <span class='ocrx_word' id='word_1_718' title='bbox 1481 4937 1592 4998; x_wconf 85' lang='grc' dir='ltr'>τοῖς</span> <span class='ocrx_word' id='word_1_719' title='bbox 1620 4935 1803 4997; x_wconf 84' lang='grc' dir='ltr'>ὅπλοις</span> 
     </span>
    </p>
   </div>
   <div class='ocr_carea' id='block_1_95' title="bbox 246 5024 1808 5099">
    <p class='ocr_par' dir='ltr' id='par_1_95' title="bbox 246 5024 1808 5099">
     <span class='ocr_line' id='line_1_95' title="bbox 246 5024 1808 5099; baseline -0.003 -18"><span class='ocrx_word' id='word_1_720' title='bbox 246 5030 275 5099; x_wconf 76' lang='grc' dir='ltr'><strong>ἢ</strong></span> <span class='ocrx_word' id='word_1_721' title='bbox 307 5032 418 5092; x_wconf 79' lang='grc' dir='ltr'>τοῖς</span> <span class='ocrx_word' id='word_1_722' title='bbox 450 5030 695 5099; x_wconf 79' lang='grc' dir='ltr'>δράμασι</span> <span class='ocrx_word' id='word_1_723' title='bbox 721 5027 791 5080; x_wconf 81' lang='grc' dir='ltr'><strong>τὰ</strong></span> <span class='ocrx_word' id='word_1_724' title='bbox 829 5028 1093 5098; x_wconf 76' lang='grc' dir='ltr'>ἐπίσημα.</span> <span class='ocrx_word' id='word_1_725' title='bbox 1133 5028 1449 5093; x_wconf 65' lang='lat' dir='ltr'><strong>Ca’saream,</strong></span> <span class='ocrx_word' id='word_1_726' title='bbox 1492 5037 1544 5079; x_wconf 86' lang='lat' dir='ltr'><strong>ut</strong></span> <span class='ocrx_word' id='word_1_727' title='bbox 1601 5024 1808 5079; x_wconf 80' lang='lat' dir='ltr'><strong>schola-</strong></span> 
     </span>
    </p>
   </div>
   <div class='ocr_carea' id='block_1_96' title="bbox 248 5117 1802 5191">
    <p class='ocr_par' dir='ltr' id='par_1_96' title="bbox 248 5117 1802 5191">
     <span class='ocr_line' id='line_1_96' title="bbox 248 5117 1802 5191; baseline -0.004 -18"><span class='ocrx_word' id='word_1_728' title='bbox 248 5140 356 5175; x_wconf 83' lang='lat' dir='ltr'><strong>rum</strong></span> <span class='ocrx_word' id='word_1_729' title='bbox 380 5123 528 5175; x_wconf 83' lang='lat' dir='ltr'><strong>urbis</strong></span> <span class='ocrx_word' id='word_1_730' title='bbox 562 5122 707 5175; x_wconf 87' lang='lat' dir='ltr'><strong>illius</strong></span> <span class='ocrx_word' id='word_1_731' title='bbox 738 5122 997 5191; x_wconf 83' lang='lat' dir='ltr'><strong>particeps</strong></span> <span class='ocrx_word' id='word_1_732' title='bbox 1027 5131 1179 5187; x_wconf 77' lang='lat' dir='ltr'><strong>esset,</strong></span> <span class='ocrx_word' id='word_1_733' title='bbox 1219 5118 1523 5184; x_wconf 87' lang='lat' dir='ltr'><strong>contendit,</strong></span> <span class='ocrx_word' id='word_1_734' title='bbox 1549 5119 1684 5171; x_wconf 85' lang='lat' dir='ltr'><strong>hanc</strong></span> <span class='ocrx_word' id='word_1_735' title='bbox 1716 5117 1802 5169; x_wconf 77' lang='grc' dir='ltr'><strong>ἰη-</strong></span> 
     </span>
    </p>
   </div>
   <div class='ocr_carea' id='block_1_97' title="bbox 248 5210 1805 5281">
    <p class='ocr_par' dir='ltr' id='par_1_97' title="bbox 248 5210 1805 5281">
     <span class='ocr_line' id='line_1_97' title="bbox 248 5210 1805 5281; baseline -0.004 -16"><span class='ocrx_word' id='word_1_736' title='bbox 248 5231 396 5275; x_wconf 74' lang='lat' dir='ltr'><strong>quam</strong></span> <span class='ocrx_word' id='word_1_737' title='bbox 428 5214 690 5267; x_wconf 87' lang='lat' dir='ltr'><strong>illustrem</strong></span> <span class='ocrx_word' id='word_1_738' title='bbox 717 5213 983 5266; x_wconf 82' lang='lat' dir='ltr'><strong>civitatem</strong></span> <span class='ocrx_word' id='word_1_739' title='bbox 1007 5254 1021 5278; x_wconf 95' lang='lat'><strong>,</strong></span> <span class='ocrx_word' id='word_1_740' title='bbox 1050 5222 1095 5265; x_wconf 89' lang='lat' dir='ltr'><strong>et</strong></span> <span class='ocrx_word' id='word_1_741' title='bbox 1122 5220 1352 5264; x_wconf 87' lang='lat' dir='ltr'><strong>nostram</strong></span> <span class='ocrx_word' id='word_1_742' title='bbox 1402 5210 1543 5281; x_wconf 86' lang='lat' dir='ltr'><strong>(nam</strong></span> <span class='ocrx_word' id='word_1_743' title='bbox 1572 5224 1805 5261; x_wconf 84' lang='lat' dir='ltr'><strong>meorum</strong></span> 
     </span>
    </p>
   </div>
   <div class='ocr_carea' id='block_1_98' title="bbox 253 5299 1805 5375">
    <p class='ocr_par' dir='ltr' id='par_1_98' title="bbox 253 5299 1805 5375">
     <span class='ocr_line' id='line_1_98' title="bbox 253 5299 1805 5375; baseline -0.004 -19"><span class='ocrx_word' id='word_1_744' title='bbox 253 5321 444 5375; x_wconf 80' lang='lat' dir='ltr'><strong>quoque</strong></span> <span class='ocrx_word' id='word_1_745' title='bbox 478 5304 780 5357; x_wconf 87' lang='lat' dir='ltr'><strong>studiorum</strong></span> <span class='ocrx_word' id='word_1_746' title='bbox 814 5301 923 5356; x_wconf 79' lang='lat' dir='ltr'><strong>dua:</strong></span> <span class='ocrx_word' id='word_1_747' title='bbox 952 5313 998 5355; x_wconf 86' lang='lat' dir='ltr'><strong>et</strong></span> <span class='ocrx_word' id='word_1_748' title='bbox 1023 5304 1274 5371; x_wconf 86' lang='lat' dir='ltr'><strong>magistra</strong></span> <span class='ocrx_word' id='word_1_749' title='bbox 1298 5299 1543 5363; x_wconf 77' lang='lat' dir='ltr'><strong>exstititl,</strong></span> <span class='ocrx_word' id='word_1_750' title='bbox 1565 5314 1680 5369; x_wconf 77' lang='lat' dir='ltr'><strong>qua:</strong></span> <span class='ocrx_word' id='word_1_751' title='bbox 1706 5314 1805 5350; x_wconf 86' lang='lat' dir='ltr'><strong>non</strong></span> 
     </span>
    </p>
   </div>
   <div class='ocr_carea' id='block_1_99' title="bbox 254 5390 1807 5463">
    <p class='ocr_par' dir='ltr' id='par_1_99' title="bbox 254 5390 1807 5463">
     <span class='ocr_line' id='line_1_99' title="bbox 254 5390 1807 5463; baseline -0.003 -16"><span class='ocrx_word' id='word_1_752' title='bbox 254 5400 414 5450; x_wconf 76' lang='lat' dir='ltr'><strong>minus</strong></span> <span class='ocrx_word' id='word_1_753' title='bbox 443 5398 748 5450; x_wconf 84' lang='lat' dir='ltr'><strong>litterarum</strong></span> <span class='ocrx_word' id='word_1_754' title='bbox 777 5409 929 5463; x_wconf 83' lang='lat' dir='ltr'><strong>atque</strong></span> <span class='ocrx_word' id='word_1_755' title='bbox 950 5394 1226 5455; x_wconf 64' lang='lat' dir='ltr'><strong>doctrinae,</strong></span> <span class='ocrx_word' id='word_1_756' title='bbox 1263 5409 1417 5463; x_wconf 88' lang='lat' dir='ltr'><strong>quam</strong></span> <span class='ocrx_word' id='word_1_757' title='bbox 1459 5391 1665 5446; x_wconf 87' lang='lat' dir='ltr'><strong>urbium</strong></span> <span class='ocrx_word' id='word_1_758' title='bbox 1692 5390 1807 5460; x_wconf 83' lang='lat' dir='ltr'><strong>qui-</strong></span> 
     </span>
    </p>
   </div>
   <div class='ocr_carea' id='block_1_100' title="bbox 259 5481 1804 5555">
    <p class='ocr_par' dir='ltr' id='par_1_100' title="bbox 259 5481 1804 5555">
     <span class='ocr_line' id='line_1_100' title="bbox 259 5481 1804 5555; baseline -0.004 -18"><span class='ocrx_word' id='word_1_759' title='bbox 259 5485 341 5538; x_wconf 81' lang='lat' dir='ltr'><strong>bus</strong></span> <span class='ocrx_word' id='word_1_760' title='bbox 385 5486 643 5555; x_wconf 69' lang='lat' dir='ltr'><strong>praecellit</strong></span> <span class='ocrx_word' id='word_1_761' title='bbox 696 5495 744 5538; x_wconf 89' lang='lat' dir='ltr'><strong>et</strong></span> <span class='ocrx_word' id='word_1_762' title='bbox 795 5484 1114 5549; x_wconf 84' lang='lat' dir='ltr'><strong>dominatur,</strong></span> <span class='ocrx_word' id='word_1_763' title='bbox 1162 5484 1461 5552; x_wconf 86' lang='lat' dir='ltr'><strong>metropolis</strong></span> <span class='ocrx_word' id='word_1_764' title='bbox 1493 5499 1511 5536; x_wconf 90' lang='lat'><strong><em>:</em></strong></span> <span class='ocrx_word' id='word_1_765' title='bbox 1558 5497 1710 5551; x_wconf 86' lang='lat' dir='ltr'><strong>quam</strong></span> <span class='ocrx_word' id='word_1_766' title='bbox 1758 5481 1804 5532; x_wconf 79' lang='lat' dir='ltr'><strong>si</strong></span> 
     </span>
    </p>
   </div>
   <div class='ocr_carea' id='block_1_101' title="bbox 260 5570 1802 5643">
    <p class='ocr_par' dir='ltr' id='par_1_101' title="bbox 260 5570 1802 5643">
     <span class='ocr_line' id='line_1_101' title="bbox 260 5570 1802 5643; baseline -0.001 -18"><span class='ocrx_word' id='word_1_767' title='bbox 260 5576 364 5639; x_wconf 84' lang='lat' dir='ltr'><strong>quis</strong></span> <span class='ocrx_word' id='word_1_768' title='bbox 388 5578 647 5629; x_wconf 73' lang='lat' dir='ltr'><strong>doctrina:</strong></span> <span class='ocrx_word' id='word_1_769' title='bbox 675 5574 851 5643; x_wconf 88' lang='lat' dir='ltr'><strong>palma</strong></span> <span class='ocrx_word' id='word_1_770' title='bbox 890 5573 1211 5640; x_wconf 84' lang='lat' dir='ltr'><strong>spoliaverit,</strong></span> <span class='ocrx_word' id='word_1_771' title='bbox 1255 5591 1356 5628; x_wconf 87' lang='lat' dir='ltr'><strong>rem</strong></span> <span class='ocrx_word' id='word_1_772' title='bbox 1407 5573 1636 5626; x_wconf 82' lang='lat' dir='ltr'><strong>omnium</strong></span> <span class='ocrx_word' id='word_1_773' title='bbox 1688 5570 1802 5639; x_wconf 86' lang='lat' dir='ltr'><strong>pul-</strong></span> 
     </span>
    </p>
   </div>
   <div class='ocr_carea' id='block_1_102' title="bbox 326 5754 1141 5830">
    <p class='ocr_par' dir='ltr' id='par_1_102' title="bbox 326 5754 1141 5830">
     <span class='ocr_line' id='line_1_102' title="bbox 326 5754 1141 5830; baseline 0.002 -21"><span class='ocrx_word' id='word_1_774' title='bbox 326 5758 393 5830; x_wconf 85' lang='lat' dir='ltr'><strong>(a)</strong></span> <span class='ocrx_word' id='word_1_775' title='bbox 429 5758 485 5815; x_wconf 87' lang='lat' dir='ltr'><strong>lu</strong></span> <span class='ocrx_word' id='word_1_776' title='bbox 526 5754 653 5813; x_wconf 72' lang='lat' dir='ltr'><strong>Vita</strong></span> <span class='ocrx_word' id='word_1_777' title='bbox 681 5755 881 5824; x_wconf 58' lang='lat' dir='ltr'><strong>Camn,</strong></span> <span class='ocrx_word' id='word_1_778' title='bbox 913 5769 1029 5827; x_wconf 90' lang='lat' dir='ltr'><strong>cap.</strong></span> <span class='ocrx_word' id='word_1_779' title='bbox 1055 5755 1141 5812; x_wconf 76' lang='grc'><strong>45.</strong></span> 
     </span>
    </p>
   </div>
   <div class='ocr_carea' id='block_1_103' title="bbox 1907 4555 3462 4632">
    <p class='ocr_par' dir='ltr' id='par_1_103' title="bbox 1907 4555 3462 4632">
     <span class='ocr_line' id='line_1_103' title="bbox 1907 4555 3462 4632; baseline -0.007 -13"><span class='ocrx_word' id='word_1_780' title='bbox 1907 4566 2149 4619; x_wconf 82' lang='lat' dir='ltr'><strong>doctrina</strong></span> <span class='ocrx_word' id='word_1_781' title='bbox 2193 4578 2286 4632; x_wconf 87' lang='lat' dir='ltr'><strong>per</strong></span> <span class='ocrx_word' id='word_1_782' title='bbox 2324 4572 2398 4616; x_wconf 89' lang='lat' dir='ltr'><strong>tot</strong></span> <span class='ocrx_word' id='word_1_783' title='bbox 2431 4575 2602 4615; x_wconf 90' lang='lat' dir='ltr'><strong>annos</strong></span> <span class='ocrx_word' id='word_1_784' title='bbox 2649 4559 2835 4614; x_wconf 88' lang='lat' dir='ltr'><strong>imbuti</strong></span> <span class='ocrx_word' id='word_1_785' title='bbox 2874 4558 3102 4613; x_wconf 87' lang='lat' dir='ltr'><strong>fuerant.</strong></span> <span class='ocrx_word' id='word_1_786' title='bbox 3127 4556 3262 4612; x_wconf 88' lang='lat' dir='ltr'><strong>Cum</strong></span> <span class='ocrx_word' id='word_1_787' title='bbox 3298 4555 3462 4625; x_wconf 86' lang='lat' dir='ltr'><strong>igitur</strong></span> 
     </span>
    </p>
   </div>
   <div class='ocr_carea' id='block_1_104' title="bbox 1909 4647 3461 4722">
    <p class='ocr_par' dir='ltr' id='par_1_104' title="bbox 1909 4647 3461 4722">
     <span class='ocr_line' id='line_1_104' title="bbox 1909 4647 3461 4722; baseline -0.007 -12"><span class='ocrx_word' id='word_1_788' title='bbox 1909 4657 1991 4710; x_wconf 89' lang='lat' dir='ltr'><strong>his</strong></span> <span class='ocrx_word' id='word_1_789' title='bbox 2027 4654 2204 4709; x_wconf 84' lang='lat' dir='ltr'><strong>verbis</strong></span> <span class='ocrx_word' id='word_1_790' title='bbox 2233 4654 2483 4708; x_wconf 72' lang='lat' dir='ltr'><strong>Caesarea</strong></span> <span class='ocrx_word' id='word_1_791' title='bbox 2537 4651 2915 4722; x_wconf 88' lang='lat' dir='ltr'><strong>Cappadocum</strong></span> <span class='ocrx_word' id='word_1_792' title='bbox 2944 4650 3307 4720; x_wconf 86' lang='lat' dir='ltr'><strong>dignoscatur,</strong></span> <span class='ocrx_word' id='word_1_793' title='bbox 3356 4647 3461 4700; x_wconf 90' lang='lat' dir='ltr'><strong>im-</strong></span> 
     </span>
    </p>
   </div>
   <div class='ocr_carea' id='block_1_105' title="bbox 1910 4736 3463 4813">
    <p class='ocr_par' dir='ltr' id='par_1_105' title="bbox 1910 4736 3463 4813">
     <span class='ocr_line' id='line_1_105' title="bbox 1910 4736 3463 4813; baseline -0.008 -12"><span class='ocrx_word' id='word_1_794' title='bbox 1910 4748 2100 4801; x_wconf 90' lang='lat' dir='ltr'><strong>merito</strong></span> <span class='ocrx_word' id='word_1_795' title='bbox 2132 4745 2325 4813; x_wconf 76' lang='lat' dir='ltr'><strong>qua-rit</strong></span> <span class='ocrx_word' id='word_1_796' title='bbox 2350 4742 2743 4806; x_wconf 85' lang='lat' dir='ltr'><strong>Tillemontius,</strong></span> <span class='ocrx_word' id='word_1_797' title='bbox 2769 4757 2865 4797; x_wconf 90' lang='lat' dir='ltr'><strong>cur</strong></span> <span class='ocrx_word' id='word_1_798' title='bbox 2890 4741 3202 4811; x_wconf 86' lang='lat' dir='ltr'><strong>Gregorius,</strong></span> <span class='ocrx_word' id='word_1_799' title='bbox 3238 4738 3325 4806; x_wconf 89' lang='lat' dir='ltr'><strong>qui</strong></span> <span class='ocrx_word' id='word_1_800' title='bbox 3352 4736 3463 4790; x_wconf 70' lang='lat' dir='ltr'><strong>Grc-</strong></span> 
     </span>
    </p>
   </div>
   <div class='ocr_carea' id='block_1_106' title="bbox 1911 4829 3463 4906">
    <p class='ocr_par' dir='ltr' id='par_1_106' title="bbox 1911 4829 3463 4906">
     <span class='ocr_line' id='line_1_106' title="bbox 1911 4829 3463 4906; baseline -0.009 -13"><span class='ocrx_word' id='word_1_801' title='bbox 1911 4853 2075 4895; x_wconf 68' lang='lat' dir='ltr'><strong>sarem</strong></span> <span class='ocrx_word' id='word_1_802' title='bbox 2104 4837 2413 4906; x_wconf 83' lang='lat' dir='ltr'><strong>perorabat,</strong></span> <span class='ocrx_word' id='word_1_803' title='bbox 2444 4834 2695 4890; x_wconf 89' lang='lat' dir='ltr'><strong>Basilium</strong></span> <span class='ocrx_word' id='word_1_804' title='bbox 2733 4839 2784 4888; x_wconf 92' lang='lat' dir='ltr'><strong>in</strong></span> <span class='ocrx_word' id='word_1_805' title='bbox 2822 4836 2958 4888; x_wconf 80' lang='lat' dir='ltr'><strong>lrmc</strong></span> <span class='ocrx_word' id='word_1_806' title='bbox 2984 4833 3165 4887; x_wconf 89' lang='lat' dir='ltr'><strong>urbem</strong></span> <span class='ocrx_word' id='word_1_807' title='bbox 3188 4829 3463 4895; x_wconf 89' lang='lat' dir='ltr'><strong>conceptis</strong></span> 
     </span>
    </p>
   </div>
   <div class='ocr_carea' id='block_1_107' title="bbox 1912 4921 3458 4991">
    <p class='ocr_par' dir='ltr' id='par_1_107' title="bbox 1912 4921 3458 4991">
     <span class='ocr_line' id='line_1_107' title="bbox 1912 4921 3458 4991; baseline -0.005 -12"><span class='ocrx_word' id='word_1_808' title='bbox 1912 4926 2085 4980; x_wconf 88' lang='lat' dir='ltr'><strong>verbis</strong></span> <span class='ocrx_word' id='word_1_809' title='bbox 2120 4924 2335 4980; x_wconf 89' lang='lat' dir='ltr'><strong>venisse</strong></span> <span class='ocrx_word' id='word_1_810' title='bbox 2382 4940 2486 4979; x_wconf 92' lang='lat' dir='ltr'><strong>non</strong></span> <span class='ocrx_word' id='word_1_811' title='bbox 2533 4925 2708 4991; x_wconf 89' lang='lat' dir='ltr'><strong>dicat;</strong></span> <span class='ocrx_word' id='word_1_812' title='bbox 2752 4941 2847 4980; x_wconf 88' lang='lat' dir='ltr'><strong>cur</strong></span> <span class='ocrx_word' id='word_1_813' title='bbox 2882 4940 2985 4979; x_wconf 92' lang='lat' dir='ltr'><strong>non</strong></span> <span class='ocrx_word' id='word_1_814' title='bbox 3027 4938 3143 4977; x_wconf 90' lang='lat' dir='ltr'><strong>eam</strong></span> <span class='ocrx_word' id='word_1_815' title='bbox 3189 4921 3458 4989; x_wconf 85' lang='lat' dir='ltr'><strong>designet,</strong></span> 
     </span>
    </p>
   </div>
   <div class='ocr_carea' id='block_1_108' title="bbox 1911 5012 3465 5085">
    <p class='ocr_par' dir='ltr' id='par_1_108' title="bbox 1911 5012 3465 5085">
     <span class='ocr_line' id='line_1_108' title="bbox 1911 5012 3465 5085; baseline -0.006 -14"><span class='ocrx_word' id='word_1_816' title='bbox 1911 5017 2016 5072; x_wconf 89' lang='lat' dir='ltr'><strong>nisi</strong></span> <span class='ocrx_word' id='word_1_817' title='bbox 2056 5016 2313 5085; x_wconf 90' lang='lat' dir='ltr'><strong>ejusmodi</strong></span> <span class='ocrx_word' id='word_1_818' title='bbox 2347 5016 2509 5080; x_wconf 90' lang='lat' dir='ltr'><strong>notis,</strong></span> <span class='ocrx_word' id='word_1_819' title='bbox 2543 5032 2659 5084; x_wconf 82' lang='lat' dir='ltr'><strong>quae</strong></span> <span class='ocrx_word' id='word_1_820' title='bbox 2698 5016 2884 5071; x_wconf 87' lang='lat' dir='ltr'><strong>saltem</strong></span> <span class='ocrx_word' id='word_1_821' title='bbox 2920 5015 2969 5070; x_wconf 89' lang='lat' dir='ltr'><strong>ei</strong></span> <span class='ocrx_word' id='word_1_822' title='bbox 2995 5030 3114 5070; x_wconf 92' lang='lat' dir='ltr'><strong>cum</strong></span> <span class='ocrx_word' id='word_1_823' title='bbox 3147 5012 3313 5067; x_wconf 88' lang='lat' dir='ltr'><strong>altera</strong></span> <span class='ocrx_word' id='word_1_824' title='bbox 3352 5012 3465 5064; x_wconf 67' lang='lat' dir='ltr'><strong>Ca:-</strong></span> 
     </span>
    </p>
   </div>
   <div class='ocr_carea' id='block_1_109' title="bbox 1910 5111 2559 5167">
    <p class='ocr_par' dir='ltr' id='par_1_109' title="bbox 1910 5111 2559 5167">
     <span class='ocr_line' id='line_1_109' title="bbox 1910 5111 2559 5167; baseline -0.006 -1"><span class='ocrx_word' id='word_1_825' title='bbox 1910 5126 2062 5167; x_wconf 88' lang='lat' dir='ltr'><strong>sarea</strong></span> <span class='ocrx_word' id='word_1_826' title='bbox 2092 5125 2404 5166; x_wconf 86' lang='lat' dir='ltr'><strong>communes</strong></span> <span class='ocrx_word' id='word_1_827' title='bbox 2431 5111 2559 5166; x_wconf 87' lang='lat' dir='ltr'><strong>sint.</strong></span> 
     </span>
    </p>
   </div>
   <div class='ocr_carea' id='block_1_110' title="bbox 1980 5196 3463 5270">
    <p class='ocr_par' dir='ltr' id='par_1_110' title="bbox 1980 5196 3463 5270">
     <span class='ocr_line' id='line_1_110' title="bbox 1980 5196 3463 5270; baseline -0.009 -12"><span class='ocrx_word' id='word_1_828' title='bbox 1980 5203 2084 5260; x_wconf 91' lang='lat' dir='ltr'><strong>Sed</strong></span> <span class='ocrx_word' id='word_1_829' title='bbox 2124 5205 2263 5259; x_wconf 85' lang='lat' dir='ltr'><strong>idem</strong></span> <span class='ocrx_word' id='word_1_830' title='bbox 2308 5203 2650 5258; x_wconf 89' lang='lat' dir='ltr'><strong>doctissimus</strong></span> <span class='ocrx_word' id='word_1_831' title='bbox 2698 5201 2929 5270; x_wconf 90' lang='lat' dir='ltr'><strong>scriptor</strong></span> <span class='ocrx_word' id='word_1_832' title='bbox 2973 5199 3075 5253; x_wconf 89' lang='lat' dir='ltr'><strong>hoc</strong></span> <span class='ocrx_word' id='word_1_833' title='bbox 3125 5196 3463 5267; x_wconf 89' lang='lat' dir='ltr'><strong>potissimum</strong></span> 
     </span>
    </p>
   </div>
   <div class='ocr_carea' id='block_1_111' title="bbox 1909 5288 3466 5367">
    <p class='ocr_par' dir='ltr' id='par_1_111' title="bbox 1909 5288 3466 5367">
     <span class='ocr_line' id='line_1_111' title="bbox 1909 5288 3466 5367; baseline -0.006 -17"><span class='ocrx_word' id='word_1_834' title='bbox 1909 5306 2227 5367; x_wconf 87' lang='lat' dir='ltr'><strong>argumento</strong></span> <span class='ocrx_word' id='word_1_835' title='bbox 2260 5296 2469 5358; x_wconf 92' lang='lat' dir='ltr'><strong>nititur,</strong></span> <span class='ocrx_word' id='word_1_836' title='bbox 2498 5294 2638 5364; x_wconf 88' lang='lat' dir='ltr'><strong>quod</strong></span> <span class='ocrx_word' id='word_1_837' title='bbox 2673 5292 2983 5364; x_wconf 86' lang='lat' dir='ltr'><strong>Gregorius,</strong></span> <span class='ocrx_word' id='word_1_838' title='bbox 3021 5302 3307 5361; x_wconf 87' lang='lat' dir='ltr'><strong>postquam</strong></span> <span class='ocrx_word' id='word_1_839' title='bbox 3350 5288 3466 5341; x_wconf 81' lang='lat' dir='ltr'><strong>Cac—</strong></span> 
     </span>
    </p>
   </div>
   <div class='ocr_carea' id='block_1_112' title="bbox 1910 5386 3464 5451">
    <p class='ocr_par' dir='ltr' id='par_1_112' title="bbox 1910 5386 3464 5451">
     <span class='ocr_line' id='line_1_112' title="bbox 1910 5386 3464 5451; baseline -0.006 -7"><span class='ocrx_word' id='word_1_840' title='bbox 1910 5403 2123 5446; x_wconf 90' lang='lat' dir='ltr'><strong>saream</strong></span> <span class='ocrx_word' id='word_1_841' title='bbox 2163 5403 2315 5443; x_wconf 83' lang='lat' dir='ltr'><strong>suam</strong></span> <span class='ocrx_word' id='word_1_842' title='bbox 2349 5401 2470 5443; x_wconf 87' lang='lat' dir='ltr'><strong>esse</strong></span> <span class='ocrx_word' id='word_1_843' title='bbox 2513 5387 2681 5451; x_wconf 79' lang='lat' dir='ltr'><strong>dixit,</strong></span> <span class='ocrx_word' id='word_1_844' title='bbox 2723 5386 2905 5441; x_wconf 89' lang='lat' dir='ltr'><strong>statim</strong></span> <span class='ocrx_word' id='word_1_845' title='bbox 2951 5387 3113 5442; x_wconf 89' lang='lat' dir='ltr'><strong>addat</strong></span> <span class='ocrx_word' id='word_1_846' title='bbox 3152 5387 3273 5440; x_wconf 86' lang='lat' dir='ltr'><strong>ideo</strong></span> <span class='ocrx_word' id='word_1_847' title='bbox 3314 5400 3464 5439; x_wconf 83' lang='lat' dir='ltr'><strong>suam</strong></span> 
     </span>
    </p>
   </div>
   <div class='ocr_carea' id='block_1_113' title="bbox 1911 5478 3467 5550">
    <p class='ocr_par' dir='ltr' id='par_1_113' title="bbox 1911 5478 3467 5550">
     <span class='ocr_line' id='line_1_113' title="bbox 1911 5478 3467 5550; baseline -0.006 -14"><span class='ocrx_word' id='word_1_848' title='bbox 1911 5496 2048 5548; x_wconf 89' lang='lat' dir='ltr'><strong>esse,</strong></span> <span class='ocrx_word' id='word_1_849' title='bbox 2072 5480 2193 5550; x_wconf 90' lang='lat' dir='ltr'><strong>quia</strong></span> <span class='ocrx_word' id='word_1_850' title='bbox 2213 5480 2285 5534; x_wconf 89' lang='lat' dir='ltr'><strong>ibi</strong></span> <span class='ocrx_word' id='word_1_851' title='bbox 2305 5480 2493 5535; x_wconf 90' lang='lat' dir='ltr'><strong>litteris</strong></span> <span class='ocrx_word' id='word_1_852' title='bbox 2514 5495 2730 5549; x_wconf 89' lang='lat' dir='ltr'><strong>operam</strong></span> <span class='ocrx_word' id='word_1_853' title='bbox 2753 5480 2973 5535; x_wconf 88' lang='lat' dir='ltr'><strong>dederat</strong></span> <span class='ocrx_word' id='word_1_854' title='bbox 2999 5498 3011 5534; x_wconf 94' lang='lat'>:</span> <span class='ocrx_word' id='word_1_855' title='bbox 3033 5478 3201 5542; x_wconf 82' lang='lat' dir='ltr'><strong>Hanc,</strong></span> <span class='ocrx_word' id='word_1_856' title='bbox 3234 5479 3467 5546; x_wconf 84' lang='lat' dir='ltr'><strong>inquam,</strong></span> 
     </span>
    </p>
   </div>
   <div class='ocr_carea' id='block_1_114' title="bbox 1910 5568 3469 5637">
    <p class='ocr_par' dir='ltr' id='par_1_114' title="bbox 1910 5568 3469 5637">
     <span class='ocr_line' id='line_1_114' title="bbox 1910 5568 3469 5637; baseline -0.003 -14"><span class='ocrx_word' id='word_1_857' title='bbox 1910 5571 2165 5624; x_wconf 81' lang='lat' dir='ltr'><strong>illustrem</strong></span> <span class='ocrx_word' id='word_1_858' title='bbox 2198 5568 2476 5636; x_wconf 82' lang='lat' dir='ltr'><strong>civitatem,</strong></span> <span class='ocrx_word' id='word_1_859' title='bbox 2518 5582 2564 5625; x_wconf 89' lang='lat' dir='ltr'><strong>et</strong></span> <span class='ocrx_word' id='word_1_860' title='bbox 2602 5580 2864 5633; x_wconf 83' lang='lat' dir='ltr'><strong>nostram;</strong></span> <span class='ocrx_word' id='word_1_861' title='bbox 2909 5585 3025 5623; x_wconf 89' lang='lat' dir='ltr'><strong>nam</strong></span> <span class='ocrx_word' id='word_1_862' title='bbox 3074 5584 3302 5622; x_wconf 83' lang='lat' dir='ltr'><strong>meorum</strong></span> <span class='ocrx_word' id='word_1_863' title='bbox 3340 5584 3469 5637; x_wconf 84' lang='lat' dir='ltr'><strong>quo-</strong></span> 
     </span>
    </p>
   </div>
   <div class='ocr_carea' id='block_1_115' title="bbox 1989 5748 2317 5822">
    <p class='ocr_par' dir='ltr' id='par_1_115' title="bbox 1989 5748 2317 5822">
     <span class='ocr_line' id='line_1_115' title="bbox 1989 5748 2317 5822; baseline 0.003 -20"><span class='ocrx_word' id='word_1_864' title='bbox 1989 5749 2060 5822; x_wconf 91' lang='lat' dir='ltr'><strong>(b)</strong></span> <span class='ocrx_word' id='word_1_865' title='bbox 2102 5748 2195 5819; x_wconf 82' lang='lat' dir='ltr'><strong>Ep.</strong></span> <span class='ocrx_word' id='word_1_866' title='bbox 2232 5749 2317 5803; x_wconf 85' lang='lat'><strong>76.</strong></span> 
     </span>
    </p>
   </div>
  </div>
