  <div class='ocr_page' id='page_1' title='image "/cluster/home/n/w/nwhite01/storage/ocr_20150623/29/hvd.32044011320256/025.png"; bbox 0 0 3992 6392; ppageno 0'>
   <div class='ocr_carea' id='block_1_1' title="bbox 524 288 2412 349">
    <p class='ocr_par' dir='ltr' id='par_1_1' title="bbox 524 288 2412 349">
     <span class='ocr_line' id='line_1_1' title="bbox 524 288 2412 349; baseline 0.011 -20"><span class='ocrx_word' id='word_1_1' title='bbox 524 292 557 329; x_wconf 76' lang='grc' dir='ltr'><strong>ι</strong></span> <span class='ocrx_word' id='word_1_2' title='bbox 1890 288 2412 349; x_wconf 74' lang='lat' dir='ltr'><strong>PBOLEGOMENA.</strong></span> 
     </span>
    </p>
   </div>
   <div class='ocr_carea' id='block_1_2' title="bbox 524 392 2078 487">
    <p class='ocr_par' dir='ltr' id='par_1_2' title="bbox 524 392 2074 476">
     <span class='ocr_line' id='line_1_2' title="bbox 524 392 2074 476; baseline 0.013 -35"><span class='ocrx_word' id='word_1_3' title='bbox 524 408 622 458; x_wconf 72' lang='lat' dir='ltr'><strong>que</strong></span> <span class='ocrx_word' id='word_1_4' title='bbox 670 392 963 446; x_wconf 82' lang='lat' dir='ltr'><strong>studiorum</strong></span> <span class='ocrx_word' id='word_1_5' title='bbox 991 395 1097 448; x_wconf 74' lang='lat' dir='ltr'><strong>(tua:</strong></span> <span class='ocrx_word' id='word_1_6' title='bbox 1130 408 1174 448; x_wconf 85' lang='lat' dir='ltr'><strong>et</strong></span> <span class='ocrx_word' id='word_1_7' title='bbox 1214 400 1458 467; x_wconf 80' lang='lat' dir='ltr'><strong>magistra</strong></span> <span class='ocrx_word' id='word_1_8' title='bbox 1503 403 1721 458; x_wconf 63' lang='lat' dir='ltr'><strong>exstitit.</strong></span> <span class='ocrx_word' id='word_1_9' title='bbox 1756 403 1926 476; x_wconf 80' lang='lat' dir='ltr'><strong>Negat</strong></span> <span class='ocrx_word' id='word_1_10' title='bbox 1957 408 2074 463; x_wconf 63' lang='grc' dir='ltr'><strong>στει-</strong></span> 
     </span>
    </p>
   </div>
   <div class='ocr_carea' id='block_1_3' title="bbox 2180 392 3740 487">
    <p class='ocr_par' dir='ltr' id='par_1_3' title="bbox 2180 418 3740 487">
     <span class='ocr_line' id='line_1_3' title="bbox 2180 418 3740 487; baseline 0.01 -23"><span class='ocrx_word' id='word_1_11' title='bbox 2180 418 2527 484; x_wconf 67' lang='lat' dir='ltr'><strong>pliilosopmae</strong></span> <span class='ocrx_word' id='word_1_12' title='bbox 2570 430 2787 482; x_wconf 86' lang='lat' dir='ltr'><strong>operam</strong></span> <span class='ocrx_word' id='word_1_13' title='bbox 2841 434 2941 473; x_wconf 90' lang='lat' dir='ltr'><strong>non</strong></span> <span class='ocrx_word' id='word_1_14' title='bbox 2977 418 3206 487; x_wconf 81' lang='lat' dir='ltr'><strong>dedisse,</strong></span> <span class='ocrx_word' id='word_1_15' title='bbox 3252 422 3341 478; x_wconf 86' lang='lat' dir='ltr'><strong>sed</strong></span> <span class='ocrx_word' id='word_1_16' title='bbox 3389 423 3527 478; x_wconf 84' lang='lat' dir='ltr'><strong>hanc</strong></span> <span class='ocrx_word' id='word_1_17' title='bbox 3569 424 3740 479; x_wconf 77' lang='lat' dir='ltr'><strong>disci-</strong></span> 
     </span>
    </p>
   </div>
   <div class='ocr_carea' id='block_1_4' title="bbox 526 478 2078 568">
    <p class='ocr_par' dir='ltr' id='par_1_4' title="bbox 526 478 2078 568">
     <span class='ocr_line' id='line_1_4' title="bbox 526 478 2078 568; baseline 0.018 -40"><span class='ocrx_word' id='word_1_18' title='bbox 526 478 813 535; x_wconf 66' lang='lat' dir='ltr'><strong>lr’lllonliUS</strong></span> <span class='ocrx_word' id='word_1_19' title='bbox 860 483 971 536; x_wconf 70' lang='lat' dir='ltr'><strong>ha&#39;c</strong></span> <span class='ocrx_word' id='word_1_20' title='bbox 1025 489 1312 542; x_wconf 90' lang='lat' dir='ltr'><strong>convenire</strong></span> <span class='ocrx_word' id='word_1_21' title='bbox 1361 492 1413 543; x_wconf 92' lang='lat' dir='ltr'><strong>in</strong></span> <span class='ocrx_word' id='word_1_22' title='bbox 1454 490 1748 549; x_wconf 67' lang='lat' dir='ltr'><strong>Ctesaream</strong></span> <span class='ocrx_word' id='word_1_23' title='bbox 1797 496 2078 568; x_wconf 85' lang='lat' dir='ltr'><strong>Cappado-</strong></span> 
     </span>
    </p>
   </div>
   <div class='ocr_carea' id='block_1_5' title="bbox 526 571 2081 644">
    <p class='ocr_par' dir='ltr' id='par_1_5' title="bbox 526 571 2081 644">
     <span class='ocr_line' id='line_1_5' title="bbox 526 571 2081 644; baseline 0.017 -28"><span class='ocrx_word' id='word_1_24' title='bbox 526 571 641 629; x_wconf 64' lang='lat' dir='ltr'><strong>ciae.</strong></span> <span class='ocrx_word' id='word_1_25' title='bbox 690 584 849 639; x_wconf 86' lang='lat' dir='ltr'><strong>quam</strong></span> <span class='ocrx_word' id='word_1_26' title='bbox 886 574 1176 644; x_wconf 77' lang='lat' dir='ltr'><strong>Gregorius</strong></span> <span class='ocrx_word' id='word_1_27' title='bbox 1219 594 1367 633; x_wconf 88' lang='lat' dir='ltr'><strong>suam</strong></span> <span class='ocrx_word' id='word_1_28' title='bbox 1400 582 1520 637; x_wconf 90' lang='lat' dir='ltr'><strong>aliis</strong></span> <span class='ocrx_word' id='word_1_29' title='bbox 1553 583 1620 638; x_wconf 90' lang='lat' dir='ltr'><strong>de</strong></span> <span class='ocrx_word' id='word_1_30' title='bbox 1668 586 1847 640; x_wconf 89' lang='lat' dir='ltr'><strong>causis</strong></span> <span class='ocrx_word' id='word_1_31' title='bbox 1893 602 2081 643; x_wconf 87' lang='lat' dir='ltr'><strong>vocare</strong></span> 
     </span>
    </p>
   </div>
   <div class='ocr_carea' id='block_1_6' title="bbox 532 666 2079 749">
    <p class='ocr_par' dir='ltr' id='par_1_6' title="bbox 532 666 2079 749">
     <span class='ocr_line' id='line_1_6' title="bbox 532 666 2079 749; baseline 0.014 -36"><span class='ocrx_word' id='word_1_32' title='bbox 532 672 763 728; x_wconf 81' lang='lat' dir='ltr'><strong>poterat,</strong></span> <span class='ocrx_word' id='word_1_33' title='bbox 818 666 1085 735; x_wconf 84' lang='lat' dir='ltr'><strong>inprimis,</strong></span> <span class='ocrx_word' id='word_1_34' title='bbox 1125 672 1248 739; x_wconf 87' lang='lat' dir='ltr'><strong>quia</strong></span> <span class='ocrx_word' id='word_1_35' title='bbox 1280 687 1397 726; x_wconf 86' lang='lat' dir='ltr'><strong>eam</strong></span> <span class='ocrx_word' id='word_1_36' title='bbox 1428 676 1710 742; x_wconf 69' lang='lat' dir='ltr'><strong>provinciae</strong></span> <span class='ocrx_word' id='word_1_37' title='bbox 1743 680 2079 749; x_wconf 89' lang='lat' dir='ltr'><strong>metropolim</strong></span> 
     </span>
    </p>
   </div>
   <div class='ocr_carea' id='block_1_7' title="bbox 523 760 2078 836">
    <p class='ocr_par' dir='ltr' id='par_1_7' title="bbox 523 760 2078 836">
     <span class='ocr_line' id='line_1_7' title="bbox 523 760 2078 836; baseline 0.015 -35"><span class='ocrx_word' id='word_1_38' title='bbox 523 760 881 821; x_wconf 63' lang='lat' dir='ltr'><strong>agnoscebat;</strong></span> <span class='ocrx_word' id='word_1_39' title='bbox 946 761 1084 826; x_wconf 89' lang='lat' dir='ltr'><strong>quod</strong></span> <span class='ocrx_word' id='word_1_40' title='bbox 1154 778 1273 815; x_wconf 91' lang='lat' dir='ltr'><strong>cum</strong></span> <span class='ocrx_word' id='word_1_41' title='bbox 1339 766 1588 820; x_wconf 88' lang='lat' dir='ltr'><strong>omnibus</strong></span> <span class='ocrx_word' id='word_1_42' title='bbox 1658 776 1839 823; x_wconf 90' lang='lat' dir='ltr'><strong>notum</strong></span> <span class='ocrx_word' id='word_1_43' title='bbox 1902 781 2078 836; x_wconf 88' lang='lat' dir='ltr'><strong>esset,</strong></span> 
     </span>
    </p>
   </div>
   <div class='ocr_carea' id='block_1_8' title="bbox 523 846 2080 925">
    <p class='ocr_par' dir='ltr' id='par_1_8' title="bbox 523 846 2080 925">
     <span class='ocr_line' id='line_1_8' title="bbox 523 846 2080 925; baseline 0.015 -32"><span class='ocrx_word' id='word_1_44' title='bbox 523 859 672 898; x_wconf 82' lang='lat' dir='ltr'><strong>suam</strong></span> <span class='ocrx_word' id='word_1_45' title='bbox 703 846 882 901; x_wconf 83' lang='lat' dir='ltr'><strong>dicere</strong></span> <span class='ocrx_word' id='word_1_46' title='bbox 910 849 1113 915; x_wconf 78' lang='lat' dir='ltr'><strong>debuit,</strong></span> <span class='ocrx_word' id='word_1_47' title='bbox 1142 852 1283 905; x_wconf 87' lang='lat' dir='ltr'><strong>nulla</strong></span> <span class='ocrx_word' id='word_1_48' title='bbox 1318 853 1498 909; x_wconf 90' lang='lat' dir='ltr'><strong>addita</strong></span> <span class='ocrx_word' id='word_1_49' title='bbox 1530 858 1760 925; x_wconf 88' lang='lat' dir='ltr'><strong>ratione,</strong></span> <span class='ocrx_word' id='word_1_50' title='bbox 1788 869 1845 913; x_wconf 88' lang='lat' dir='ltr'><strong>ut</strong></span> <span class='ocrx_word' id='word_1_51' title='bbox 1878 861 1930 915; x_wconf 91' lang='lat' dir='ltr'><strong>in</strong></span> <span class='ocrx_word' id='word_1_52' title='bbox 1961 861 2080 917; x_wconf 90' lang='lat' dir='ltr'><strong>aliis</strong></span> 
     </span>
    </p>
   </div>
   <div class='ocr_carea' id='block_1_9' title="bbox 525 934 845 991">
    <p class='ocr_par' dir='ltr' id='par_1_9' title="bbox 525 934 845 991">
     <span class='ocr_line' id='line_1_9' title="bbox 525 934 845 991; baseline 0.025 -7"><span class='ocrx_word' id='word_1_53' title='bbox 525 934 662 989; x_wconf 88' lang='lat' dir='ltr'><strong>lacis</strong></span> <span class='ocrx_word' id='word_1_54' title='bbox 695 936 845 991; x_wconf 80' lang='lat' dir='ltr'><strong>facit.</strong></span> 
     </span>
    </p>
   </div>
   <div class='ocr_carea' id='block_1_10' title="bbox 595 1029 2073 1111">
    <p class='ocr_par' dir='ltr' id='par_1_10' title="bbox 595 1029 2073 1111">
     <span class='ocr_line' id='line_1_10' title="bbox 595 1029 2073 1111; baseline 0.012 -29"><span class='ocrx_word' id='word_1_55' title='bbox 595 1029 751 1095; x_wconf 87' lang='lat' dir='ltr'><strong>Quod</strong></span> <span class='ocrx_word' id='word_1_56' title='bbox 787 1031 955 1085; x_wconf 87' lang='lat' dir='ltr'><strong>instar</strong></span> <span class='ocrx_word' id='word_1_57' title='bbox 1001 1035 1321 1092; x_wconf 88' lang='lat' dir='ltr'><strong>incommodi</strong></span> <span class='ocrx_word' id='word_1_58' title='bbox 1355 1038 1541 1105; x_wconf 75' lang='lat' dir='ltr'><strong>objicit</strong></span> <span class='ocrx_word' id='word_1_59' title='bbox 1590 1041 1982 1111; x_wconf 87' lang='lat' dir='ltr'><strong>Tillemontius,</strong></span> <span class='ocrx_word' id='word_1_60' title='bbox 2020 1044 2073 1100; x_wconf 91' lang='lat' dir='ltr'><strong>id</strong></span> 
     </span>
    </p>
   </div>
   <div class='ocr_carea' id='block_1_11' title="bbox 523 1123 2075 1203">
    <p class='ocr_par' dir='ltr' id='par_1_11' title="bbox 523 1123 2075 1203">
     <span class='ocr_line' id='line_1_11' title="bbox 523 1123 2075 1203; baseline 0.012 -33"><span class='ocrx_word' id='word_1_61' title='bbox 523 1123 821 1188; x_wconf 80' lang='lat' dir='ltr'><strong>argumenti</strong></span> <span class='ocrx_word' id='word_1_62' title='bbox 864 1123 979 1178; x_wconf 90' lang='lat' dir='ltr'><strong>loco</strong></span> <span class='ocrx_word' id='word_1_63' title='bbox 1009 1126 1265 1181; x_wconf 87' lang='lat' dir='ltr'><strong>adhibere</strong></span> <span class='ocrx_word' id='word_1_64' title='bbox 1304 1144 1608 1199; x_wconf 88' lang='lat' dir='ltr'><strong>possumus,</strong></span> <span class='ocrx_word' id='word_1_65' title='bbox 1650 1135 1898 1203; x_wconf 86' lang='lat' dir='ltr'><strong>quamvis</strong></span> <span class='ocrx_word' id='word_1_66' title='bbox 1929 1135 2075 1189; x_wconf 92' lang='lat' dir='ltr'><strong>illum</strong></span> 
     </span>
    </p>
   </div>
   <div class='ocr_carea' id='block_1_12' title="bbox 523 1212 2076 1290">
    <p class='ocr_par' dir='ltr' id='par_1_12' title="bbox 523 1212 2076 1290">
     <span class='ocr_line' id='line_1_12' title="bbox 523 1212 2076 1290; baseline 0.011 -27"><span class='ocrx_word' id='word_1_67' title='bbox 523 1212 575 1263; x_wconf 94' lang='lat' dir='ltr'><strong>in</strong></span> <span class='ocrx_word' id='word_1_68' title='bbox 618 1213 1062 1281; x_wconf 83' lang='lat' dir='ltr'><strong>interpretatione</strong></span> <span class='ocrx_word' id='word_1_69' title='bbox 1096 1218 1252 1287; x_wconf 90' lang='lat' dir='ltr'><strong>httjus</strong></span> <span class='ocrx_word' id='word_1_70' title='bbox 1284 1220 1383 1274; x_wconf 91' lang='lat' dir='ltr'><strong>loci</strong></span> <span class='ocrx_word' id='word_1_71' title='bbox 1434 1236 1744 1290; x_wconf 85' lang='lat' dir='ltr'><strong>sequamur.</strong></span> <span class='ocrx_word' id='word_1_72' title='bbox 1788 1224 1921 1279; x_wconf 86' lang='lat' dir='ltr'><strong>Nam</strong></span> <span class='ocrx_word' id='word_1_73' title='bbox 1955 1242 2076 1280; x_wconf 85' lang='lat' dir='ltr'><strong>cum</strong></span> 
     </span>
    </p>
   </div>
   <div class='ocr_carea' id='block_1_13' title="bbox 523 1306 2078 1386">
    <p class='ocr_par' dir='ltr' id='par_1_13' title="bbox 523 1306 2078 1386">
     <span class='ocr_line' id='line_1_13' title="bbox 523 1306 2078 1386; baseline 0.013 -35"><span class='ocrx_word' id='word_1_74' title='bbox 523 1306 818 1359; x_wconf 55' lang='lat' dir='ltr'><strong>tlavsaream</strong></span> <span class='ocrx_word' id='word_1_75' title='bbox 868 1306 1152 1378; x_wconf 82' lang='lat' dir='ltr'><strong>Gregorius</strong></span> <span class='ocrx_word' id='word_1_76' title='bbox 1195 1313 1263 1365; x_wconf 93' lang='lat' dir='ltr'><strong>ob</strong></span> <span class='ocrx_word' id='word_1_77' title='bbox 1293 1313 1620 1381; x_wconf 83' lang='lat' dir='ltr'><strong>disciplinas,</strong></span> <span class='ocrx_word' id='word_1_78' title='bbox 1663 1331 1799 1383; x_wconf 90' lang='lat' dir='ltr'><strong>quas</strong></span> <span class='ocrx_word' id='word_1_79' title='bbox 1842 1317 1915 1371; x_wconf 86' lang='lat' dir='ltr'><strong>ibi</strong></span> <span class='ocrx_word' id='word_1_80' title='bbox 1962 1332 2078 1386; x_wconf 89' lang='lat' dir='ltr'><strong>per-</strong></span> 
     </span>
    </p>
   </div>
   <div class='ocr_carea' id='block_1_14' title="bbox 524 1401 2079 1475">
    <p class='ocr_par' dir='ltr' id='par_1_14' title="bbox 524 1401 2079 1475">
     <span class='ocr_line' id='line_1_14' title="bbox 524 1401 2079 1475; baseline 0.01 -29"><span class='ocrx_word' id='word_1_81' title='bbox 524 1406 756 1465; x_wconf 76' lang='lat' dir='ltr'><strong>ceperat,</strong></span> <span class='ocrx_word' id='word_1_82' title='bbox 787 1414 891 1453; x_wconf 90' lang='lat' dir='ltr'><strong>non</strong></span> <span class='ocrx_word' id='word_1_83' title='bbox 924 1401 1094 1454; x_wconf 90' lang='lat' dir='ltr'><strong>solum</strong></span> <span class='ocrx_word' id='word_1_84' title='bbox 1130 1402 1199 1455; x_wconf 89' lang='lat' dir='ltr'><strong>ob</strong></span> <span class='ocrx_word' id='word_1_85' title='bbox 1236 1406 1622 1473; x_wconf 87' lang='lat' dir='ltr'><strong>metropolitica</strong></span> <span class='ocrx_word' id='word_1_86' title='bbox 1650 1406 1771 1475; x_wconf 85' lang='lat' dir='ltr'><strong>jura</strong></span> <span class='ocrx_word' id='word_1_87' title='bbox 1810 1422 1959 1461; x_wconf 89' lang='lat' dir='ltr'><strong>suam</strong></span> <span class='ocrx_word' id='word_1_88' title='bbox 1997 1408 2079 1461; x_wconf 91' lang='lat' dir='ltr'><strong>di-</strong></span> 
     </span>
    </p>
   </div>
   <div class='ocr_carea' id='block_1_15' title="bbox 523 1490 2061 1565">
    <p class='ocr_par' dir='ltr' id='par_1_15' title="bbox 523 1490 2061 1565">
     <span class='ocr_line' id='line_1_15' title="bbox 523 1490 2061 1565; baseline 0.01 -28"><span class='ocrx_word' id='word_1_89' title='bbox 523 1497 697 1553; x_wconf 82' lang='lat' dir='ltr'><strong>ceret;</strong></span> <span class='ocrx_word' id='word_1_90' title='bbox 748 1490 1003 1545; x_wconf 89' lang='lat' dir='ltr'><strong>rationem</strong></span> <span class='ocrx_word' id='word_1_91' title='bbox 1037 1493 1232 1548; x_wconf 88' lang='lat' dir='ltr'><strong>addere</strong></span> <span class='ocrx_word' id='word_1_92' title='bbox 1262 1494 1463 1563; x_wconf 85' lang='lat' dir='ltr'><strong>debuit,</strong></span> <span class='ocrx_word' id='word_1_93' title='bbox 1508 1512 1603 1551; x_wconf 89' lang='lat' dir='ltr'><strong>cur</strong></span> <span class='ocrx_word' id='word_1_94' title='bbox 1639 1512 1756 1551; x_wconf 91' lang='lat' dir='ltr'><strong>eam</strong></span> <span class='ocrx_word' id='word_1_95' title='bbox 1804 1498 2061 1565; x_wconf 76' lang='lat' dir='ltr'><strong>singulari</strong></span> 
     </span>
    </p>
   </div>
   <div class='ocr_carea' id='block_1_16' title="bbox 522 1580 2079 1656">
    <p class='ocr_par' dir='ltr' id='par_1_16' title="bbox 522 1580 2079 1656">
     <span class='ocr_line' id='line_1_16' title="bbox 522 1580 2079 1656; baseline 0.01 -25"><span class='ocrx_word' id='word_1_96' title='bbox 522 1580 679 1634; x_wconf 80' lang='lat' dir='ltr'><strong>modo</strong></span> <span class='ocrx_word' id='word_1_97' title='bbox 712 1596 859 1635; x_wconf 87' lang='lat' dir='ltr'><strong>suam</strong></span> <span class='ocrx_word' id='word_1_98' title='bbox 886 1583 1101 1639; x_wconf 89' lang='lat' dir='ltr'><strong>diceret.</strong></span> <span class='ocrx_word' id='word_1_99' title='bbox 1126 1585 1335 1656; x_wconf 83' lang='lat' dir='ltr'><strong>Alioqui</strong></span> <span class='ocrx_word' id='word_1_100' title='bbox 1368 1596 1525 1643; x_wconf 84' lang='lat' dir='ltr'><strong>nemo</strong></span> <span class='ocrx_word' id='word_1_101' title='bbox 1564 1605 1671 1644; x_wconf 91' lang='lat' dir='ltr'><strong>non</strong></span> <span class='ocrx_word' id='word_1_102' title='bbox 1720 1591 2079 1647; x_wconf 78' lang='lat' dir='ltr'><strong>existimasset</strong></span> 
     </span>
    </p>
   </div>
   <div class='ocr_carea' id='block_1_17' title="bbox 520 1674 2076 1749">
    <p class='ocr_par' dir='ltr' id='par_1_17' title="bbox 520 1674 2076 1749">
     <span class='ocr_line' id='line_1_17' title="bbox 520 1674 2076 1749; baseline 0.011 -29"><span class='ocrx_word' id='word_1_103' title='bbox 520 1687 639 1724; x_wconf 68' lang='grc' dir='ltr'>(ειιιιι</span> <span class='ocrx_word' id='word_1_104' title='bbox 671 1674 736 1727; x_wconf 86' lang='lat' dir='ltr'><strong>ad</strong></span> <span class='ocrx_word' id='word_1_105' title='bbox 767 1675 1074 1743; x_wconf 88' lang='lat' dir='ltr'><strong>metropolis</strong></span> <span class='ocrx_word' id='word_1_106' title='bbox 1096 1675 1217 1745; x_wconf 91' lang='lat' dir='ltr'><strong>jura</strong></span> <span class='ocrx_word' id='word_1_107' title='bbox 1256 1680 1540 1748; x_wconf 86' lang='lat' dir='ltr'><strong>respicere.</strong></span> <span class='ocrx_word' id='word_1_108' title='bbox 1586 1679 1771 1749; x_wconf 86' lang='lat' dir='ltr'><strong>Itaque</strong></span> <span class='ocrx_word' id='word_1_109' title='bbox 1802 1683 1902 1737; x_wconf 88' lang='lat' dir='ltr'><strong>etsi</strong></span> <span class='ocrx_word' id='word_1_110' title='bbox 1935 1684 2076 1737; x_wconf 89' lang='lat' dir='ltr'><strong>hunc</strong></span> 
     </span>
    </p>
   </div>
   <div class='ocr_carea' id='block_1_18' title="bbox 526 1746 2151 1840">
    <p class='ocr_par' dir='ltr' id='par_1_18' title="bbox 526 1746 2151 1840">
     <span class='ocr_line' id='line_1_18' title="bbox 526 1746 2151 1840; baseline 0.01 -27"><span class='ocrx_word' id='word_1_111' title='bbox 526 1763 698 1817; x_wconf 88' lang='lat' dir='ltr'><strong>locum</strong></span> <span class='ocrx_word' id='word_1_112' title='bbox 732 1766 1091 1838; x_wconf 83' lang='lat' dir='ltr'><strong>intelligimus,</strong></span> <span class='ocrx_word' id='word_1_113' title='bbox 1120 1780 1179 1822; x_wconf 86' lang='grc' dir='ltr'><strong>ιιι</strong></span> <span class='ocrx_word' id='word_1_114' title='bbox 1222 1746 1467 1840; x_wconf 81' lang='lat' dir='ltr'><strong>intelligit</strong></span> <span class='ocrx_word' id='word_1_115' title='bbox 1497 1746 1901 1838; x_wconf 74' lang='lat' dir='ltr'><strong>Tillemontius;</strong></span> <span class='ocrx_word' id='word_1_116' title='bbox 1942 1774 2075 1828; x_wconf 87' lang='lat' dir='ltr'><strong>nihil</strong></span> <span class='ocrx_word' id='word_1_117' title='bbox 2110 1746 2151 1803; x_wconf 71' lang='grc' dir='ltr'>Β</span> 
     </span>
    </p>
   </div>
   <div class='ocr_carea' id='block_1_19' title="bbox 525 1858 2079 1933">
    <p class='ocr_par' dir='ltr' id='par_1_19' title="bbox 525 1858 2079 1933">
     <span class='ocr_line' id='line_1_19' title="bbox 525 1858 2079 1933; baseline 0.008 -27"><span class='ocrx_word' id='word_1_118' title='bbox 525 1866 668 1909; x_wconf 80' lang='lat' dir='ltr'><strong>vetat</strong></span> <span class='ocrx_word' id='word_1_119' title='bbox 712 1858 778 1913; x_wconf 92' lang='lat' dir='ltr'><strong>de</strong></span> <span class='ocrx_word' id='word_1_120' title='bbox 825 1859 1066 1915; x_wconf 61' lang='lat' dir='ltr'><strong>Carsarea</strong></span> <span class='ocrx_word' id='word_1_121' title='bbox 1122 1861 1498 1931; x_wconf 85' lang='lat' dir='ltr'><strong>Cappadocum</strong></span> <span class='ocrx_word' id='word_1_122' title='bbox 1558 1864 1806 1933; x_wconf 76' lang='lat' dir='ltr'><strong>intelligi.</strong></span> <span class='ocrx_word' id='word_1_123' title='bbox 1887 1864 2079 1919; x_wconf 84' lang='lat' dir='ltr'><strong>Verum</strong></span> 
     </span>
    </p>
   </div>
   <div class='ocr_carea' id='block_1_20' title="bbox 526 1947 2081 2024">
    <p class='ocr_par' dir='ltr' id='par_1_20' title="bbox 526 1947 2081 2024">
     <span class='ocr_line' id='line_1_20' title="bbox 526 1947 2081 2024; baseline 0.006 -25"><span class='ocrx_word' id='word_1_124' title='bbox 526 1947 767 2018; x_wconf 81' lang='lat' dir='ltr'><strong>Gregorii</strong></span> <span class='ocrx_word' id='word_1_125' title='bbox 796 1951 956 2004; x_wconf 89' lang='lat' dir='ltr'><strong>verba</strong></span> <span class='ocrx_word' id='word_1_126' title='bbox 991 1951 1069 2005; x_wconf 87' lang='lat' dir='ltr'><strong>sic</strong></span> <span class='ocrx_word' id='word_1_127' title='bbox 1100 1953 1268 2022; x_wconf 88' lang='lat' dir='ltr'><strong>accipi</strong></span> <span class='ocrx_word' id='word_1_128' title='bbox 1306 1964 1522 2022; x_wconf 89' lang='lat' dir='ltr'><strong>possent</strong></span> <span class='ocrx_word' id='word_1_129' title='bbox 1552 1954 1603 2007; x_wconf 89' lang='lat' dir='ltr'><strong>in</strong></span> <span class='ocrx_word' id='word_1_130' title='bbox 1648 1954 1781 2007; x_wconf 90' lang='lat' dir='ltr'><strong>Billii</strong></span> <span class='ocrx_word' id='word_1_131' title='bbox 1819 1955 2081 2024; x_wconf 90' lang='lat' dir='ltr'><strong>interpre-</strong></span> 
     </span>
    </p>
   </div>
   <div class='ocr_carea' id='block_1_21' title="bbox 526 2041 2079 2115">
    <p class='ocr_par' dir='ltr' id='par_1_21' title="bbox 526 2041 2079 2115">
     <span class='ocr_line' id='line_1_21' title="bbox 526 2041 2079 2115; baseline 0.005 -25"><span class='ocrx_word' id='word_1_132' title='bbox 526 2041 747 2103; x_wconf 81' lang='lat' dir='ltr'><strong>tatione.</strong></span> <span class='ocrx_word' id='word_1_133' title='bbox 791 2050 849 2096; x_wconf 88' lang='lat' dir='ltr'><strong>ut</strong></span> <span class='ocrx_word' id='word_1_134' title='bbox 890 2042 1016 2096; x_wconf 92' lang='lat' dir='ltr'><strong>illud</strong></span> <span class='ocrx_word' id='word_1_135' title='bbox 1064 2054 1293 2097; x_wconf 86' lang='lat' dir='ltr'><strong>nostram</strong></span> <span class='ocrx_word' id='word_1_136' title='bbox 1336 2044 1600 2099; x_wconf 79' lang='lat' dir='ltr'><strong>referatur</strong></span> <span class='ocrx_word' id='word_1_137' title='bbox 1640 2046 1704 2098; x_wconf 86' lang='lat' dir='ltr'><strong>ad</strong></span> <span class='ocrx_word' id='word_1_138' title='bbox 1751 2045 2079 2115; x_wconf 85' lang='lat' dir='ltr'><strong>metropolim</strong></span> 
     </span>
    </p>
   </div>
   <div class='ocr_carea' id='block_1_22' title="bbox 520 2133 2078 2207">
    <p class='ocr_par' dir='ltr' id='par_1_22' title="bbox 520 2133 2078 2207">
     <span class='ocr_line' id='line_1_22' title="bbox 520 2133 2078 2207; baseline 0.005 -24"><span class='ocrx_word' id='word_1_139' title='bbox 520 2133 623 2185; x_wconf 88' lang='lat' dir='ltr'><strong>hoc</strong></span> <span class='ocrx_word' id='word_1_140' title='bbox 667 2133 850 2196; x_wconf 87' lang='lat' dir='ltr'><strong>modo,</strong></span> <span class='ocrx_word' id='word_1_141' title='bbox 893 2144 1122 2189; x_wconf 83' lang='lat' dir='ltr'><strong>nostram</strong></span> <span class='ocrx_word' id='word_1_142' title='bbox 1180 2153 1281 2189; x_wconf 89' lang='lat' dir='ltr'><strong>non</strong></span> <span class='ocrx_word' id='word_1_143' title='bbox 1326 2138 1495 2192; x_wconf 86' lang='lat' dir='ltr'><strong>minus</strong></span> <span class='ocrx_word' id='word_1_144' title='bbox 1565 2136 1855 2191; x_wconf 82' lang='lat' dir='ltr'><strong>litterarum</strong></span> <span class='ocrx_word' id='word_1_145' title='bbox 1923 2149 2078 2207; x_wconf 84' lang='lat' dir='ltr'><strong>atque</strong></span> 
     </span>
    </p>
   </div>
   <div class='ocr_carea' id='block_1_23' title="bbox 520 2222 2081 2297">
    <p class='ocr_par' dir='ltr' id='par_1_23' title="bbox 520 2222 2081 2297">
     <span class='ocr_line' id='line_1_23' title="bbox 520 2222 2081 2297; baseline 0.005 -24"><span class='ocrx_word' id='word_1_146' title='bbox 520 2222 794 2287; x_wconf 68' lang='lat' dir='ltr'><strong>doctrinm,</strong></span> <span class='ocrx_word' id='word_1_147' title='bbox 825 2228 980 2293; x_wconf 75' lang='lat' dir='ltr'><strong>qdam</strong></span> <span class='ocrx_word' id='word_1_148' title='bbox 1019 2226 1246 2292; x_wconf 82' lang='lat' dir='ltr'><strong>urbium,</strong></span> <span class='ocrx_word' id='word_1_149' title='bbox 1295 2228 1481 2297; x_wconf 80' lang='lat' dir='ltr'><strong>quibus</strong></span> <span class='ocrx_word' id='word_1_150' title='bbox 1528 2228 1773 2296; x_wconf 69' lang='lat' dir='ltr'><strong>praecellit</strong></span> <span class='ocrx_word' id='word_1_151' title='bbox 1817 2237 1866 2281; x_wconf 85' lang='lat' dir='ltr'><strong>et</strong></span> <span class='ocrx_word' id='word_1_152' title='bbox 1912 2230 2081 2282; x_wconf 87' lang='lat' dir='ltr'><strong>domi-</strong></span> 
     </span>
    </p>
   </div>
   <div class='ocr_carea' id='block_1_24' title="bbox 522 2316 2081 2387">
    <p class='ocr_par' dir='ltr' id='par_1_24' title="bbox 522 2316 2081 2387">
     <span class='ocr_line' id='line_1_24' title="bbox 522 2316 2081 2387; baseline 0.006 -24"><span class='ocrx_word' id='word_1_153' title='bbox 522 2323 698 2377; x_wconf 83' lang='lat' dir='ltr'><strong>natur,</strong></span> <span class='ocrx_word' id='word_1_154' title='bbox 752 2316 1100 2384; x_wconf 81' lang='lat' dir='ltr'><strong>metropotim.</strong></span> <span class='ocrx_word' id='word_1_155' title='bbox 1161 2316 1253 2373; x_wconf 91' lang='lat' dir='ltr'><strong>Sic</strong></span> <span class='ocrx_word' id='word_1_156' title='bbox 1318 2319 1719 2387; x_wconf 90' lang='lat' dir='ltr'><strong>interpretando</strong></span> <span class='ocrx_word' id='word_1_157' title='bbox 1781 2320 2081 2373; x_wconf 81' lang='lat' dir='ltr'><strong>restituitur</strong></span> 
     </span>
    </p>
   </div>
   <div class='ocr_carea' id='block_1_25' title="bbox 520 2407 2077 2476">
    <p class='ocr_par' dir='ltr' id='par_1_25' title="bbox 520 2407 2077 2476">
     <span class='ocr_line' id='line_1_25' title="bbox 520 2407 2077 2476; baseline 0.004 -19"><span class='ocrx_word' id='word_1_158' title='bbox 520 2407 706 2472; x_wconf 69' lang='lat' dir='ltr'><strong>patria:</strong></span> <span class='ocrx_word' id='word_1_159' title='bbox 751 2421 859 2461; x_wconf 68' lang='lat' dir='ltr'><strong>sum</strong></span> <span class='ocrx_word' id='word_1_160' title='bbox 904 2407 1147 2476; x_wconf 85' lang='lat' dir='ltr'><strong>Basilius,</strong></span> <span class='ocrx_word' id='word_1_161' title='bbox 1186 2424 1286 2464; x_wconf 91' lang='lat' dir='ltr'><strong>nec</strong></span> <span class='ocrx_word' id='word_1_162' title='bbox 1329 2410 1469 2464; x_wconf 86' lang='lat' dir='ltr'><strong>illius</strong></span> <span class='ocrx_word' id='word_1_163' title='bbox 1503 2412 1555 2465; x_wconf 93' lang='lat' dir='ltr'><strong>in</strong></span> <span class='ocrx_word' id='word_1_164' title='bbox 1618 2410 1812 2464; x_wconf 86' lang='lat' dir='ltr'><strong>litteris</strong></span> <span class='ocrx_word' id='word_1_165' title='bbox 1860 2410 2077 2463; x_wconf 76' lang='lat' dir='ltr'><strong>institu-</strong></span> 
     </span>
    </p>
   </div>
   <div class='ocr_carea' id='block_1_26' title="bbox 520 2495 2080 2565">
    <p class='ocr_par' dir='ltr' id='par_1_26' title="bbox 520 2495 2080 2565">
     <span class='ocr_line' id='line_1_26' title="bbox 520 2495 2080 2565; baseline 0.003 -21"><span class='ocrx_word' id='word_1_166' title='bbox 520 2495 683 2549; x_wconf 87' lang='lat' dir='ltr'><strong>tionis</strong></span> <span class='ocrx_word' id='word_1_167' title='bbox 730 2507 914 2565; x_wconf 88' lang='lat' dir='ltr'><strong>partes</strong></span> <span class='ocrx_word' id='word_1_168' title='bbox 947 2496 1081 2552; x_wconf 89' lang='lat' dir='ltr'><strong>ullas</strong></span> <span class='ocrx_word' id='word_1_169' title='bbox 1113 2499 1351 2553; x_wconf 65' lang='lat' dir='ltr'><strong>Ctesarea</strong></span> <span class='ocrx_word' id='word_1_170' title='bbox 1403 2499 1568 2552; x_wconf 89' lang='lat' dir='ltr'><strong>altera</strong></span> <span class='ocrx_word' id='word_1_171' title='bbox 1618 2500 1833 2552; x_wconf 89' lang='lat' dir='ltr'><strong>retinet.</strong></span> <span class='ocrx_word' id='word_1_172' title='bbox 1885 2499 2080 2552; x_wconf 88' lang='lat' dir='ltr'><strong>Fateor</strong></span> 
     </span>
    </p>
   </div>
   <div class='ocr_carea' id='block_1_27' title="bbox 522 2586 2078 2657">
    <p class='ocr_par' dir='ltr' id='par_1_27' title="bbox 522 2586 2078 2657">
     <span class='ocr_line' id='line_1_27' title="bbox 522 2586 2078 2657; baseline 0.004 -22"><span class='ocrx_word' id='word_1_173' title='bbox 522 2594 700 2638; x_wconf 83' lang='lat' dir='ltr'><strong>tamen</strong></span> <span class='ocrx_word' id='word_1_174' title='bbox 736 2586 873 2641; x_wconf 79' lang='lat' dir='ltr'><strong>inibi</strong></span> <span class='ocrx_word' id='word_1_175' title='bbox 905 2600 1009 2641; x_wconf 93' lang='lat' dir='ltr'><strong>non</strong></span> <span class='ocrx_word' id='word_1_176' title='bbox 1040 2588 1278 2642; x_wconf 86' lang='lat' dir='ltr'><strong>arridere</strong></span> <span class='ocrx_word' id='word_1_177' title='bbox 1312 2592 1450 2643; x_wconf 83' lang='lat' dir='ltr'><strong>hanc</strong></span> <span class='ocrx_word' id='word_1_178' title='bbox 1490 2588 1875 2657; x_wconf 85' lang='lat' dir='ltr'><strong>interpretandi</strong></span> <span class='ocrx_word' id='word_1_179' title='bbox 1917 2589 2078 2642; x_wconf 71' lang='lat' dir='ltr'><strong>rario-</strong></span> 
     </span>
    </p>
   </div>
   <div class='ocr_carea' id='block_1_28' title="bbox 526 2677 2077 2746">
    <p class='ocr_par' dir='ltr' id='par_1_28' title="bbox 526 2677 2077 2746">
     <span class='ocr_line' id='line_1_28' title="bbox 526 2677 2077 2746; baseline 0.002 -18"><span class='ocrx_word' id='word_1_180' title='bbox 526 2690 673 2738; x_wconf 89' lang='lat' dir='ltr'><strong>ncm,</strong></span> <span class='ocrx_word' id='word_1_181' title='bbox 701 2692 820 2743; x_wconf 70' lang='lat' dir='ltr'><strong>qua:</strong></span> <span class='ocrx_word' id='word_1_182' title='bbox 854 2692 960 2730; x_wconf 85' lang='lat' dir='ltr'><strong>non</strong></span> <span class='ocrx_word' id='word_1_183' title='bbox 1001 2678 1229 2746; x_wconf 86' lang='lat' dir='ltr'><strong>quadrat</strong></span> <span class='ocrx_word' id='word_1_184' title='bbox 1259 2696 1377 2733; x_wconf 88' lang='lat' dir='ltr'><strong>cum</strong></span> <span class='ocrx_word' id='word_1_185' title='bbox 1410 2679 1595 2734; x_wconf 72' lang='lat' dir='ltr'><strong>Cra-co</strong></span> <span class='ocrx_word' id='word_1_186' title='bbox 1622 2687 1899 2733; x_wconf 84' lang='lat' dir='ltr'><strong>contextu.</strong></span> <span class='ocrx_word' id='word_1_187' title='bbox 1945 2677 2077 2733; x_wconf 77' lang='lat' dir='ltr'><strong>Illud</strong></span> 
     </span>
    </p>
   </div>
   <div class='ocr_carea' id='block_1_29' title="bbox 515 2762 2082 2840">
    <p class='ocr_par' dir='ltr' id='par_1_29' title="bbox 515 2762 2082 2840">
     <span class='ocr_line' id='line_1_29' title="bbox 515 2762 2082 2840; baseline 0.004 -24"><span class='ocrx_word' id='word_1_188' title='bbox 515 2765 660 2818; x_wconf 83' lang='lat' dir='ltr'><strong>enim</strong></span> <span class='ocrx_word' id='word_1_189' title='bbox 702 2765 802 2836; x_wconf 81' lang='grc' dir='ltr'>τὴν</span> <span class='ocrx_word' id='word_1_190' title='bbox 843 2767 941 2837; x_wconf 80' lang='grc' dir='ltr'>οὐχ</span> <span class='ocrx_word' id='word_1_191' title='bbox 979 2762 1162 2840; x_wconf 84' lang='grc' dir='ltr'><strong>ἦττον,</strong></span> <span class='ocrx_word' id='word_1_192' title='bbox 1194 2784 1303 2823; x_wconf 88' lang='lat' dir='ltr'><strong>non</strong></span> <span class='ocrx_word' id='word_1_193' title='bbox 1351 2768 1581 2824; x_wconf 78' lang='lat' dir='ltr'><strong>refertur</strong></span> <span class='ocrx_word' id='word_1_194' title='bbox 1623 2771 1689 2824; x_wconf 90' lang='lat' dir='ltr'><strong>ad</strong></span> <span class='ocrx_word' id='word_1_195' title='bbox 1719 2784 1901 2823; x_wconf 87' lang='lat' dir='ltr'><strong>vocem</strong></span> <span class='ocrx_word' id='word_1_196' title='bbox 1946 2771 2082 2839; x_wconf 80' lang='grc' dir='ltr'><strong>ἠμε-</strong></span> 
     </span>
    </p>
   </div>
   <div class='ocr_carea' id='block_1_30' title="bbox 518 2858 2074 2930">
    <p class='ocr_par' dir='ltr' id='par_1_30' title="bbox 518 2858 2074 2930">
     <span class='ocr_line' id='line_1_30' title="bbox 518 2858 2074 2930; baseline 0.002 -20"><span class='ocrx_word' id='word_1_197' title='bbox 518 2860 705 2926; x_wconf 68' lang='grc' dir='ltr'><strong>τέραν,</strong></span> <span class='ocrx_word' id='word_1_198' title='bbox 737 2873 853 2927; x_wconf 82' lang='lat' dir='ltr'><strong>quac</strong></span> <span class='ocrx_word' id='word_1_199' title='bbox 888 2859 1126 2926; x_wconf 88' lang='lat' dir='ltr'><strong>pluribus</strong></span> <span class='ocrx_word' id='word_1_200' title='bbox 1159 2858 1278 2915; x_wconf 88' lang='lat' dir='ltr'><strong>aliis</strong></span> <span class='ocrx_word' id='word_1_201' title='bbox 1310 2860 1608 2930; x_wconf 85' lang='lat' dir='ltr'><strong>interjectis</strong></span> <span class='ocrx_word' id='word_1_202' title='bbox 1640 2860 1907 2930; x_wconf 65' lang='lat' dir='ltr'><strong>praecedit.</strong></span> <span class='ocrx_word' id='word_1_203' title='bbox 1936 2860 2074 2914; x_wconf 74' lang='lat' dir='ltr'><strong>Praz-</strong></span> 
     </span>
    </p>
   </div>
   <div class='ocr_carea' id='block_1_31' title="bbox 519 2949 2072 3023">
    <p class='ocr_par' dir='ltr' id='par_1_31' title="bbox 519 2949 2072 3023">
     <span class='ocr_line' id='line_1_31' title="bbox 519 2949 2072 3023; baseline 0.003 -22"><span class='ocrx_word' id='word_1_204' title='bbox 519 2957 663 3003; x_wconf 85' lang='lat' dir='ltr'><strong>terca</strong></span> <span class='ocrx_word' id='word_1_205' title='bbox 713 2949 1010 3005; x_wconf 58' lang='lat' dir='ltr'><strong>Caesaream</strong></span> <span class='ocrx_word' id='word_1_206' title='bbox 1067 2950 1356 3022; x_wconf 78' lang='lat' dir='ltr'><strong>Gregorius</strong></span> <span class='ocrx_word' id='word_1_207' title='bbox 1418 2953 1676 3008; x_wconf 71' lang='lat' dir='ltr'><strong>doctrina:</strong></span> <span class='ocrx_word' id='word_1_208' title='bbox 1737 2954 2072 3023; x_wconf 85' lang='lat' dir='ltr'><strong>metropolim</strong></span> 
     </span>
    </p>
   </div>
   <div class='ocr_carea' id='block_1_32' title="bbox 518 3040 2075 3110">
    <p class='ocr_par' dir='ltr' id='par_1_32' title="bbox 518 3040 2075 3110">
     <span class='ocr_line' id='line_1_32' title="bbox 518 3040 2075 3110; baseline 0.005 -20"><span class='ocrx_word' id='word_1_209' title='bbox 518 3048 704 3105; x_wconf 85' lang='lat' dir='ltr'><strong>vocat,</strong></span> <span class='ocrx_word' id='word_1_210' title='bbox 750 3053 852 3092; x_wconf 88' lang='lat' dir='ltr'><strong>non</strong></span> <span class='ocrx_word' id='word_1_211' title='bbox 898 3040 1022 3109; x_wconf 83' lang='lat' dir='ltr'><strong>quia</strong></span> <span class='ocrx_word' id='word_1_212' title='bbox 1065 3041 1134 3095; x_wconf 89' lang='lat' dir='ltr'><strong>ibi</strong></span> <span class='ocrx_word' id='word_1_213' title='bbox 1180 3040 1379 3097; x_wconf 86' lang='lat' dir='ltr'><strong>litteris</strong></span> <span class='ocrx_word' id='word_1_214' title='bbox 1426 3056 1640 3110; x_wconf 90' lang='lat' dir='ltr'><strong>operam</strong></span> <span class='ocrx_word' id='word_1_215' title='bbox 1684 3042 1939 3106; x_wconf 86' lang='lat' dir='ltr'><strong>dederat,</strong></span> <span class='ocrx_word' id='word_1_216' title='bbox 1986 3042 2075 3098; x_wconf 90' lang='lat' dir='ltr'><strong>sed</strong></span> 
     </span>
    </p>
   </div>
   <div class='ocr_carea' id='block_1_33' title="bbox 522 3128 1551 3197">
    <p class='ocr_par' dir='ltr' id='par_1_33' title="bbox 522 3128 1551 3197">
     <span class='ocr_line' id='line_1_33' title="bbox 522 3128 1551 3197; baseline 0.008 -20"><span class='ocrx_word' id='word_1_217' title='bbox 522 3129 644 3197; x_wconf 84' lang='lat' dir='ltr'><strong>quia</strong></span> <span class='ocrx_word' id='word_1_218' title='bbox 680 3129 731 3183; x_wconf 90' lang='lat' dir='ltr'><strong>iu</strong></span> <span class='ocrx_word' id='word_1_219' title='bbox 760 3128 860 3184; x_wconf 82' lang='lat' dir='ltr'><strong>hac</strong></span> <span class='ocrx_word' id='word_1_220' title='bbox 891 3131 1020 3185; x_wconf 87' lang='lat' dir='ltr'><strong>urbe</strong></span> <span class='ocrx_word' id='word_1_221' title='bbox 1050 3130 1242 3185; x_wconf 60' lang='lat' dir='ltr'><strong>litterae</strong></span> <span class='ocrx_word' id='word_1_222' title='bbox 1271 3130 1551 3187; x_wconf 85' lang='lat' dir='ltr'><strong>ﬂorebant.</strong></span> 
     </span>
    </p>
   </div>
   <div class='ocr_carea' id='block_1_34' title="bbox 1159 3244 1483 3301">
    <p class='ocr_par' dir='ltr' id='par_1_34' title="bbox 1159 3244 1483 3301">
     <span class='ocr_line' id='line_1_34' title="bbox 1159 3244 1483 3301; baseline 0.006 -3"><span class='ocrx_word' id='word_1_223' title='bbox 1159 3244 1383 3299; x_wconf 85' lang='lat' dir='ltr'><strong>CAPUT</strong></span> <span class='ocrx_word' id='word_1_224' title='bbox 1423 3245 1483 3301; x_wconf 81' lang='lat' dir='ltr'><strong>ll.</strong></span> 
     </span>
    </p>
   </div>
   <div class='ocr_carea' id='block_1_35' title="bbox 518 3334 2077 3406">
    <p class='ocr_par' dir='ltr' id='par_1_35' title="bbox 518 3334 2077 3406">
     <span class='ocr_line' id='line_1_35' title="bbox 518 3334 2077 3406; baseline 0.003 -18"><span class='ocrx_word' id='word_1_225' title='bbox 518 3336 557 3388; x_wconf 88' lang='lat' dir='ltr'><strong>l.</strong></span> <span class='ocrx_word' id='word_1_226' title='bbox 592 3334 811 3406; x_wconf 74' lang='lat' dir='ltr'><strong>Sanctus</strong></span> <span class='ocrx_word' id='word_1_227' title='bbox 826 3334 1049 3390; x_wconf 76' lang='lat' dir='ltr'><strong>Basilius</strong></span> <span class='ocrx_word' id='word_1_228' title='bbox 1066 3353 1093 3390; x_wconf 85' lang='lat' dir='ltr'><strong>e</strong></span> <span class='ocrx_word' id='word_1_229' title='bbox 1112 3337 1441 3405; x_wconf 80' lang='lat' dir='ltr'><strong>Cappadocia</strong></span> <span class='ocrx_word' id='word_1_230' title='bbox 1457 3336 1952 3406; x_wconf 76' lang='lat' dir='ltr'><strong>Constantinopolim</strong></span> <span class='ocrx_word' id='word_1_231' title='bbox 1966 3340 2077 3393; x_wconf 87' lang='lat' dir='ltr'><strong>mit-</strong></span> 
     </span>
    </p>
   </div>
   <div class='ocr_carea' id='block_1_36' title="bbox 590 3405 2081 3477">
    <p class='ocr_par' dir='ltr' id='par_1_36' title="bbox 590 3405 2081 3477">
     <span class='ocr_line' id='line_1_36' title="bbox 590 3405 2081 3477; baseline 0.002 -20"><span class='ocrx_word' id='word_1_232' title='bbox 590 3408 739 3461; x_wconf 86' lang='lat' dir='ltr'><strong>titur.</strong></span> <span class='ocrx_word' id='word_1_233' title='bbox 768 3405 829 3459; x_wconf 90' lang='grc' dir='ltr'>ιι.</span> <span class='ocrx_word' id='word_1_234' title='bbox 864 3406 996 3477; x_wconf 79' lang='lat' dir='ltr'><strong>Inde</strong></span> <span class='ocrx_word' id='word_1_235' title='bbox 1024 3406 1251 3477; x_wconf 75' lang='lat' dir='ltr'><strong>Athenas</strong></span> <span class='ocrx_word' id='word_1_236' title='bbox 1278 3410 1435 3462; x_wconf 78' lang='lat' dir='ltr'><strong>venit.</strong></span> <span class='ocrx_word' id='word_1_237' title='bbox 1462 3408 1547 3461; x_wconf 90' lang='lat' dir='ltr'><strong>Ill.</strong></span> <span class='ocrx_word' id='word_1_238' title='bbox 1578 3405 1928 3477; x_wconf 75' lang='lat' dir='ltr'><strong>Coniungitur</strong></span> <span class='ocrx_word' id='word_1_239' title='bbox 1954 3412 2081 3460; x_wconf 90' lang='lat' dir='ltr'><strong>ami-</strong></span> 
     </span>
    </p>
   </div>
   <div class='ocr_carea' id='block_1_37' title="bbox 590 3475 2076 3545">
    <p class='ocr_par' dir='ltr' id='par_1_37' title="bbox 590 3475 2076 3545">
     <span class='ocr_line' id='line_1_37' title="bbox 590 3475 2076 3545; baseline 0.002 -19"><span class='ocrx_word' id='word_1_240' title='bbox 590 3476 716 3527; x_wconf 76' lang='lat' dir='ltr'><strong>citia</strong></span> <span class='ocrx_word' id='word_1_241' title='bbox 761 3491 876 3528; x_wconf 87' lang='lat' dir='ltr'><strong>cum</strong></span> <span class='ocrx_word' id='word_1_242' title='bbox 905 3476 1152 3545; x_wconf 80' lang='lat' dir='ltr'><strong>Gregorio</strong></span> <span class='ocrx_word' id='word_1_243' title='bbox 1187 3475 1541 3530; x_wconf 75' lang='lat' dir='ltr'><strong>Nazianzeno.</strong></span> <span class='ocrx_word' id='word_1_244' title='bbox 1570 3477 1656 3531; x_wconf 88' lang='lat' dir='ltr'><strong>IV.</strong></span> <span class='ocrx_word' id='word_1_245' title='bbox 1686 3475 1876 3529; x_wconf 70' lang='lat' dir='ltr'><strong>Eorum</strong></span> <span class='ocrx_word' id='word_1_246' title='bbox 1906 3479 2076 3530; x_wconf 85' lang='lat' dir='ltr'><strong>studia</strong></span> 
     </span>
    </p>
   </div>
   <div class='ocr_carea' id='block_1_38' title="bbox 589 3545 2077 3614">
    <p class='ocr_par' dir='ltr' id='par_1_38' title="bbox 589 3545 2077 3614">
     <span class='ocr_line' id='line_1_38' title="bbox 589 3545 2077 3614; baseline 0.003 -19"><span class='ocrx_word' id='word_1_247' title='bbox 589 3558 636 3595; x_wconf 86' lang='lat' dir='ltr'><strong>et</strong></span> <span class='ocrx_word' id='word_1_248' title='bbox 697 3548 936 3614; x_wconf 81' lang='lat' dir='ltr'><strong>magistri</strong></span> <span class='ocrx_word' id='word_1_249' title='bbox 991 3559 1035 3597; x_wconf 69' lang='lat' dir='ltr'><strong>et</strong></span> <span class='ocrx_word' id='word_1_250' title='bbox 1088 3548 1449 3611; x_wconf 78' lang='lat' dir='ltr'><strong>condiscipuli.</strong></span> <span class='ocrx_word' id='word_1_251' title='bbox 1494 3545 1559 3599; x_wconf 62' lang='grc' dir='ltr'><strong>Υ.</strong></span> <span class='ocrx_word' id='word_1_252' title='bbox 1607 3545 1798 3600; x_wconf 79' lang='lat' dir='ltr'><strong>Scribit</strong></span> <span class='ocrx_word' id='word_1_253' title='bbox 1850 3546 2077 3600; x_wconf 79' lang='lat' dir='ltr'><strong>Basilius</strong></span> 
     </span>
    </p>
   </div>
   <div class='ocr_carea' id='block_1_39' title="bbox 595 3615 1759 3685">
    <p class='ocr_par' dir='ltr' id='par_1_39' title="bbox 595 3615 1759 3685">
     <span class='ocr_line' id='line_1_39' title="bbox 595 3615 1759 3685; baseline 0.003 -18"><span class='ocrx_word' id='word_1_254' title='bbox 595 3616 945 3677; x_wconf 84' lang='lat' dir='ltr'><strong>Apollinario.</strong></span> <span class='ocrx_word' id='word_1_255' title='bbox 972 3615 1086 3680; x_wconf 79' lang='lat' dir='ltr'><strong>Quo</strong></span> <span class='ocrx_word' id='word_1_256' title='bbox 1119 3634 1255 3669; x_wconf 87' lang='lat' dir='ltr'><strong>anno</strong></span> <span class='ocrx_word' id='word_1_257' title='bbox 1280 3617 1507 3670; x_wconf 80' lang='lat' dir='ltr'><strong>Athenas</strong></span> <span class='ocrx_word' id='word_1_258' title='bbox 1536 3618 1759 3685; x_wconf 80' lang='lat' dir='ltr'><strong>reliquit.</strong></span> 
     </span>
    </p>
   </div>
   <div class='ocr_carea' id='block_1_40' title="bbox 598 3702 2076 3774">
    <p class='ocr_par' dir='ltr' id='par_1_40' title="bbox 598 3702 2076 3774">
     <span class='ocr_line' id='line_1_40' title="bbox 598 3702 2076 3774; baseline 0.001 -17"><span class='ocrx_word' id='word_1_259' title='bbox 598 3704 643 3761; x_wconf 91' lang='grc' dir='ltr'><strong>Ι.</strong></span> <span class='ocrx_word' id='word_1_260' title='bbox 678 3702 888 3758; x_wconf 80' lang='lat' dir='ltr'><strong>Nemini</strong></span> <span class='ocrx_word' id='word_1_261' title='bbox 935 3704 1158 3759; x_wconf 88' lang='lat' dir='ltr'><strong>cedebat</strong></span> <span class='ocrx_word' id='word_1_262' title='bbox 1225 3704 1451 3760; x_wconf 82' lang='lat' dir='ltr'><strong>Basilius</strong></span> <span class='ocrx_word' id='word_1_263' title='bbox 1500 3705 1733 3773; x_wconf 88' lang='lat' dir='ltr'><strong>corporis</strong></span> <span class='ocrx_word' id='word_1_264' title='bbox 1783 3703 2076 3774; x_wconf 85' lang='lat' dir='ltr'><strong>pulchritu-</strong></span> 
     </span>
    </p>
   </div>
   <div class='ocr_carea' id='block_1_41' title="bbox 523 3796 2077 3867">
    <p class='ocr_par' dir='ltr' id='par_1_41' title="bbox 523 3796 2077 3867">
     <span class='ocr_line' id='line_1_41' title="bbox 523 3796 2077 3867; baseline 0.005 -22"><span class='ocrx_word' id='word_1_265' title='bbox 523 3798 650 3850; x_wconf 83' lang='lat' dir='ltr'><strong>dine</strong></span> <span class='ocrx_word' id='word_1_266' title='bbox 677 3807 731 3851; x_wconf 91' lang='lat' dir='ltr'><strong>et</strong></span> <span class='ocrx_word' id='word_1_267' title='bbox 762 3798 953 3851; x_wconf 87' lang='lat' dir='ltr'><strong>robore</strong></span> <span class='ocrx_word' id='word_1_268' title='bbox 994 3811 1055 3851; x_wconf 91' lang='lat' dir='ltr'><strong>ac</strong></span> <span class='ocrx_word' id='word_1_269' title='bbox 1082 3798 1419 3867; x_wconf 81' lang='lat' dir='ltr'><strong>proceritate,</strong></span> <span class='ocrx_word' id='word_1_270' title='bbox 1450 3809 1732 3867; x_wconf 85' lang='lat' dir='ltr'><strong>antequam</strong></span> <span class='ocrx_word' id='word_1_271' title='bbox 1767 3796 1915 3851; x_wconf 87' lang='lat' dir='ltr'><strong>illum</strong></span> <span class='ocrx_word' id='word_1_272' title='bbox 1960 3810 2077 3866; x_wconf 74' lang='lat' dir='ltr'><strong>pte-</strong></span> 
     </span>
    </p>
   </div>
   <div class='ocr_carea' id='block_1_42' title="bbox 520 3887 2073 3956">
    <p class='ocr_par' dir='ltr' id='par_1_42' title="bbox 520 3887 2073 3956">
     <span class='ocr_line' id='line_1_42' title="bbox 520 3887 2073 3956; baseline 0 -15"><span class='ocrx_word' id='word_1_273' title='bbox 520 3889 757 3942; x_wconf 71' lang='lat' dir='ltr'><strong>nitenliae</strong></span> <span class='ocrx_word' id='word_1_274' title='bbox 802 3888 1012 3943; x_wconf 85' lang='lat' dir='ltr'><strong>labores</strong></span> <span class='ocrx_word' id='word_1_275' title='bbox 1066 3887 1460 3951; x_wconf 88' lang='lat' dir='ltr'><strong>debilitassent;</strong></span> <span class='ocrx_word' id='word_1_276' title='bbox 1508 3888 1599 3943; x_wconf 85' lang='lat' dir='ltr'><strong>sed</strong></span> <span class='ocrx_word' id='word_1_277' title='bbox 1648 3902 1767 3940; x_wconf 83' lang='lat' dir='ltr'><strong>cum</strong></span> <span class='ocrx_word' id='word_1_278' title='bbox 1817 3889 1884 3942; x_wconf 88' lang='lat' dir='ltr'><strong>ab</strong></span> <span class='ocrx_word' id='word_1_279' title='bbox 1930 3889 2073 3956; x_wconf 85' lang='lat' dir='ltr'><strong>ejus-</strong></span> 
     </span>
    </p>
   </div>
   <div class='ocr_carea' id='block_1_43' title="bbox 520 3979 2076 4047">
    <p class='ocr_par' dir='ltr' id='par_1_43' title="bbox 520 3979 2076 4047">
     <span class='ocr_line' id='line_1_43' title="bbox 520 3979 2076 4047; baseline 0 -15"><span class='ocrx_word' id='word_1_280' title='bbox 520 3980 660 4033; x_wconf 82' lang='lat' dir='ltr'><strong>modi</strong></span> <span class='ocrx_word' id='word_1_281' title='bbox 703 3980 1036 4035; x_wconf 87' lang='lat' dir='ltr'><strong>ornamentis</strong></span> <span class='ocrx_word' id='word_1_282' title='bbox 1068 3980 1289 4035; x_wconf 84' lang='lat' dir='ltr'><strong>laudare</strong></span> <span class='ocrx_word' id='word_1_283' title='bbox 1323 3980 1496 4034; x_wconf 89' lang='lat' dir='ltr'><strong>noluit</strong></span> <span class='ocrx_word' id='word_1_284' title='bbox 1534 3979 1840 4047; x_wconf 71' lang='lat' dir='ltr'><strong>Gregorius.</strong></span> <span class='ocrx_word' id='word_1_285' title='bbox 1879 3979 2076 4034; x_wconf 85' lang='lat' dir='ltr'><strong>Liben-</strong></span> 
     </span>
    </p>
   </div>
   <div class='ocr_carea' id='block_1_44' title="bbox 521 4072 2077 4140">
    <p class='ocr_par' dir='ltr' id='par_1_44' title="bbox 521 4072 2077 4140">
     <span class='ocr_line' id='line_1_44' title="bbox 521 4072 2077 4140; baseline -0.003 -15"><span class='ocrx_word' id='word_1_286' title='bbox 521 4074 625 4126; x_wconf 86' lang='lat' dir='ltr'><strong>tius</strong></span> <span class='ocrx_word' id='word_1_287' title='bbox 654 4083 871 4128; x_wconf 87' lang='lat' dir='ltr'><strong>enarrat</strong></span> <span class='ocrx_word' id='word_1_288' title='bbox 902 4074 977 4140; x_wconf 82' lang='lat' dir='ltr'><strong>(a)</strong></span> <span class='ocrx_word' id='word_1_289' title='bbox 1009 4072 1149 4124; x_wconf 83' lang='lat' dir='ltr'><strong>illius</strong></span> <span class='ocrx_word' id='word_1_290' title='bbox 1193 4072 1243 4123; x_wconf 91' lang='lat' dir='ltr'><strong>in</strong></span> <span class='ocrx_word' id='word_1_291' title='bbox 1279 4073 1475 4125; x_wconf 88' lang='lat' dir='ltr'><strong>virtute</strong></span> <span class='ocrx_word' id='word_1_292' title='bbox 1508 4087 1571 4125; x_wconf 89' lang='lat' dir='ltr'><strong>ac</strong></span> <span class='ocrx_word' id='word_1_293' title='bbox 1604 4072 1797 4125; x_wconf 85' lang='lat' dir='ltr'><strong>litteris</strong></span> <span class='ocrx_word' id='word_1_294' title='bbox 1831 4085 2077 4139; x_wconf 75' lang='lat' dir='ltr'><strong>progres-</strong></span> 
     </span>
    </p>
   </div>
   <div class='ocr_carea' id='block_1_45' title="bbox 520 4161 2079 4231">
    <p class='ocr_par' dir='ltr' id='par_1_45' title="bbox 520 4161 2079 4231">
     <span class='ocr_line' id='line_1_45' title="bbox 520 4161 2079 4231; baseline -0.001 -16"><span class='ocrx_word' id='word_1_295' title='bbox 520 4177 634 4216; x_wconf 86' lang='lat' dir='ltr'><strong>sus.</strong></span> <span class='ocrx_word' id='word_1_296' title='bbox 664 4161 794 4215; x_wconf 90' lang='lat' dir='ltr'><strong>Cum</strong></span> <span class='ocrx_word' id='word_1_297' title='bbox 824 4171 965 4215; x_wconf 88' lang='lat' dir='ltr'><strong>esset</strong></span> <span class='ocrx_word' id='word_1_298' title='bbox 996 4161 1276 4229; x_wconf 80' lang='lat' dir='ltr'><strong>C:esareae,</strong></span> <span class='ocrx_word' id='word_1_299' title='bbox 1320 4162 1513 4217; x_wconf 80' lang='lat' dir='ltr'><strong>cliarus</strong></span> <span class='ocrx_word' id='word_1_300' title='bbox 1557 4163 1984 4231; x_wconf 77' lang='lat' dir='ltr'><strong>eratzequalibus</strong></span> <span class='ocrx_word' id='word_1_301' title='bbox 2028 4170 2079 4214; x_wconf 87' lang='lat' dir='ltr'><strong>et</strong></span> 
     </span>
    </p>
   </div>
   <div class='ocr_carea' id='block_1_46' title="bbox 520 4253 2074 4324">
    <p class='ocr_par' dir='ltr' id='par_1_46' title="bbox 520 4253 2074 4324">
     <span class='ocr_line' id='line_1_46' title="bbox 520 4253 2074 4324; baseline -0.001 -17"><span class='ocrx_word' id='word_1_302' title='bbox 520 4253 811 4323; x_wconf 84' lang='lat' dir='ltr'><strong>magistris,</strong></span> <span class='ocrx_word' id='word_1_303' title='bbox 840 4267 901 4308; x_wconf 90' lang='lat' dir='ltr'><strong>ac</strong></span> <span class='ocrx_word' id='word_1_304' title='bbox 943 4253 1090 4307; x_wconf 89' lang='lat' dir='ltr'><strong>brevi</strong></span> <span class='ocrx_word' id='word_1_305' title='bbox 1136 4262 1378 4323; x_wconf 88' lang='lat' dir='ltr'><strong>tempore</strong></span> <span class='ocrx_word' id='word_1_306' title='bbox 1411 4268 1606 4324; x_wconf 76' lang='lat' dir='ltr'><strong>magno</strong></span> <span class='ocrx_word' id='word_1_307' title='bbox 1640 4254 1690 4305; x_wconf 91' lang='lat' dir='ltr'><strong>in</strong></span> <span class='ocrx_word' id='word_1_308' title='bbox 1733 4253 1906 4321; x_wconf 88' lang='lat' dir='ltr'><strong>pretio</strong></span> <span class='ocrx_word' id='word_1_309' title='bbox 1936 4254 2074 4322; x_wconf 88' lang='lat' dir='ltr'><strong>apud</strong></span> 
     </span>
    </p>
   </div>
   <div class='ocr_carea' id='block_1_47' title="bbox 518 4345 2078 4413">
    <p class='ocr_par' dir='ltr' id='par_1_47' title="bbox 518 4345 2078 4413">
     <span class='ocr_line' id='line_1_47' title="bbox 518 4345 2078 4413; baseline 0.001 -16"><span class='ocrx_word' id='word_1_310' title='bbox 518 4346 755 4413; x_wconf 87' lang='lat' dir='ltr'><strong>plebeios</strong></span> <span class='ocrx_word' id='word_1_311' title='bbox 796 4353 849 4399; x_wconf 91' lang='lat' dir='ltr'><strong>et</strong></span> <span class='ocrx_word' id='word_1_312' title='bbox 896 4345 1154 4411; x_wconf 86' lang='lat' dir='ltr'><strong>primores</strong></span> <span class='ocrx_word' id='word_1_313' title='bbox 1182 4346 1432 4407; x_wconf 63' lang='lat' dir='ltr'><strong>{civitatis</strong></span> <span class='ocrx_word' id='word_1_314' title='bbox 1470 4363 1483 4398; x_wconf 88' lang='lat'><strong>:</strong></span> <span class='ocrx_word' id='word_1_315' title='bbox 1533 4347 1713 4400; x_wconf 77' lang='lat' dir='ltr'><strong>rhetor</strong></span> <span class='ocrx_word' id='word_1_316' title='bbox 1767 4346 1906 4401; x_wconf 88' lang='lat' dir='ltr'><strong>inter</strong></span> <span class='ocrx_word' id='word_1_317' title='bbox 1956 4348 2078 4401; x_wconf 84' lang='lat' dir='ltr'><strong>rhe-</strong></span> 
     </span>
    </p>
   </div>
   <div class='ocr_carea' id='block_1_48' title="bbox 2190 504 3739 585">
    <p class='ocr_par' dir='ltr' id='par_1_48' title="bbox 2190 504 3739 585">
     <span class='ocr_line' id='line_1_48' title="bbox 2190 504 3739 585; baseline 0.012 -32"><span class='ocrx_word' id='word_1_318' title='bbox 2190 504 2388 566; x_wconf 87' lang='lat' dir='ltr'><strong>plinam</strong></span> <span class='ocrx_word' id='word_1_319' title='bbox 2427 520 2547 559; x_wconf 90' lang='lat' dir='ltr'><strong>cum</strong></span> <span class='ocrx_word' id='word_1_320' title='bbox 2578 506 2843 562; x_wconf 88' lang='lat' dir='ltr'><strong>rhetorica</strong></span> <span class='ocrx_word' id='word_1_321' title='bbox 2879 508 3340 582; x_wconf 86' lang='lat' dir='ltr'><strong>Constantinopoli</strong></span> <span class='ocrx_word' id='word_1_322' title='bbox 3375 514 3599 585; x_wconf 74' lang='lat' dir='ltr'><strong>jungere</strong></span> <span class='ocrx_word' id='word_1_323' title='bbox 3624 530 3739 571; x_wconf 75' lang='lat' dir='ltr'><strong>caa-</strong></span> 
     </span>
    </p>
   </div>
   <div class='ocr_carea' id='block_1_49' title="bbox 2182 595 2344 662">
    <p class='ocr_par' dir='ltr' id='par_1_49' title="bbox 2182 595 2344 662">
     <span class='ocr_line' id='line_1_49' title="bbox 2182 595 2344 662; baseline 0.019 -18"><span class='ocrx_word' id='word_1_324' title='bbox 2182 595 2344 662; x_wconf 87' lang='lat' dir='ltr'><strong>pisse.</strong></span> 
     </span>
    </p>
   </div>
   <div class='ocr_carea' id='block_1_50' title="bbox 2260 689 3736 763">
    <p class='ocr_par' dir='ltr' id='par_1_50' title="bbox 2260 689 3736 763">
     <span class='ocr_line' id='line_1_50' title="bbox 2260 689 3736 763; baseline 0.005 -20"><span class='ocrx_word' id='word_1_325' title='bbox 2260 689 2317 743; x_wconf 83' lang='lat' dir='ltr'><strong>Si</strong></span> <span class='ocrx_word' id='word_1_326' title='bbox 2360 689 2602 758; x_wconf 79' lang='lat' dir='ltr'><strong>genuinae</strong></span> <span class='ocrx_word' id='word_1_327' title='bbox 2638 701 2764 745; x_wconf 87' lang='lat' dir='ltr'><strong>sunt</strong></span> <span class='ocrx_word' id='word_1_328' title='bbox 2796 694 3003 763; x_wconf 64' lang='lat' dir='ltr'><strong>scriptae</strong></span> <span class='ocrx_word' id='word_1_329' title='bbox 3032 693 3279 749; x_wconf 83' lang='lat' dir='ltr'><strong>Basiliam</strong></span> <span class='ocrx_word' id='word_1_330' title='bbox 3314 694 3455 749; x_wconf 90' lang='lat' dir='ltr'><strong>inter</strong></span> <span class='ocrx_word' id='word_1_331' title='bbox 3480 705 3532 751; x_wconf 90' lang='lat' dir='ltr'><strong>et</strong></span> <span class='ocrx_word' id='word_1_332' title='bbox 3575 696 3736 751; x_wconf 84' lang='lat' dir='ltr'><strong>Liba-</strong></span> 
     </span>
    </p>
   </div>
   <div class='ocr_carea' id='block_1_51' title="bbox 2189 780 3733 857">
    <p class='ocr_par' dir='ltr' id='par_1_51' title="bbox 2189 780 3733 857">
     <span class='ocr_line' id='line_1_51' title="bbox 2189 780 3733 857; baseline 0.006 -25"><span class='ocrx_word' id='word_1_333' title='bbox 2189 780 2333 832; x_wconf 90' lang='lat' dir='ltr'><strong>nium</strong></span> <span class='ocrx_word' id='word_1_334' title='bbox 2369 781 2580 845; x_wconf 72' lang='lat' dir='ltr'><strong>litterze,</strong></span> <span class='ocrx_word' id='word_1_335' title='bbox 2609 784 2824 838; x_wconf 91' lang='lat' dir='ltr'><strong>dubium</strong></span> <span class='ocrx_word' id='word_1_336' title='bbox 2858 802 2963 840; x_wconf 89' lang='lat' dir='ltr'><strong>non</strong></span> <span class='ocrx_word' id='word_1_337' title='bbox 2994 796 3075 841; x_wconf 90' lang='lat' dir='ltr'><strong>est</strong></span> <span class='ocrx_word' id='word_1_338' title='bbox 3107 789 3231 856; x_wconf 92' lang='lat' dir='ltr'><strong>quin</strong></span> <span class='ocrx_word' id='word_1_339' title='bbox 3267 788 3410 844; x_wconf 80' lang='lat' dir='ltr'><strong>hunc</strong></span> <span class='ocrx_word' id='word_1_340' title='bbox 3439 790 3733 857; x_wconf 89' lang='lat' dir='ltr'><strong>sophistam</strong></span> 
     </span>
    </p>
   </div>
   <div class='ocr_carea' id='block_1_52' title="bbox 2192 870 3734 945">
    <p class='ocr_par' dir='ltr' id='par_1_52' title="bbox 2192 870 3734 945">
     <span class='ocr_line' id='line_1_52' title="bbox 2192 870 3734 945; baseline 0.008 -22"><span class='ocrx_word' id='word_1_341' title='bbox 2192 870 2421 926; x_wconf 85' lang='lat' dir='ltr'><strong>Basilius</strong></span> <span class='ocrx_word' id='word_1_342' title='bbox 2446 874 2901 945; x_wconf 87' lang='lat' dir='ltr'><strong>Constantinopoli</strong></span> <span class='ocrx_word' id='word_1_343' title='bbox 2930 879 3222 933; x_wconf 88' lang='lat' dir='ltr'><strong>studiorum</strong></span> <span class='ocrx_word' id='word_1_344' title='bbox 3251 879 3454 934; x_wconf 91' lang='lat' dir='ltr'><strong>socium</strong></span> <span class='ocrx_word' id='word_1_345' title='bbox 3486 880 3734 935; x_wconf 80' lang='lat' dir='ltr'><strong>habuerit</strong></span> 
     </span>
    </p>
   </div>
   <div class='ocr_carea' id='block_1_53' title="bbox 2187 964 3738 1040">
    <p class='ocr_par' dir='ltr' id='par_1_53' title="bbox 2187 964 3738 1040">
     <span class='ocr_line' id='line_1_53' title="bbox 2187 964 3738 1040; baseline 0.006 -25"><span class='ocrx_word' id='word_1_346' title='bbox 2187 971 2281 1016; x_wconf 89' lang='lat' dir='ltr'><strong>aut</strong></span> <span class='ocrx_word' id='word_1_347' title='bbox 2324 964 2655 1032; x_wconf 77' lang='lat' dir='ltr'><strong>magistrum.</strong></span> <span class='ocrx_word' id='word_1_348' title='bbox 2681 965 3076 1024; x_wconf 83' lang='lat' dir='ltr'><strong>Commemorat</strong></span> <span class='ocrx_word' id='word_1_349' title='bbox 3120 968 3373 1023; x_wconf 88' lang='lat' dir='ltr'><strong>Libanius</strong></span> <span class='ocrx_word' id='word_1_350' title='bbox 3421 970 3494 1040; x_wconf 73' lang='grc' dir='ltr'><strong>(ὁ)</strong></span> <span class='ocrx_word' id='word_1_351' title='bbox 3546 970 3738 1025; x_wconf 83' lang='lat' dir='ltr'><strong>amici-</strong></span> 
     </span>
    </p>
   </div>
   <div class='ocr_carea' id='block_1_54' title="bbox 2183 1056 3735 1132">
    <p class='ocr_par' dir='ltr' id='par_1_54' title="bbox 2183 1056 3735 1132">
     <span class='ocr_line' id='line_1_54' title="bbox 2183 1056 3735 1132; baseline 0.006 -27"><span class='ocrx_word' id='word_1_352' title='bbox 2183 1056 2312 1107; x_wconf 88' lang='lat' dir='ltr'><strong>tiam</strong></span> <span class='ocrx_word' id='word_1_353' title='bbox 2347 1070 2767 1127; x_wconf 88' lang='lat' dir='ltr'><strong>communesque</strong></span> <span class='ocrx_word' id='word_1_354' title='bbox 2794 1060 3029 1124; x_wconf 88' lang='lat' dir='ltr'><strong>scholas,</strong></span> <span class='ocrx_word' id='word_1_355' title='bbox 3057 1060 3262 1131; x_wconf 85' lang='lat' dir='ltr'><strong>sibique</strong></span> <span class='ocrx_word' id='word_1_356' title='bbox 3285 1061 3359 1115; x_wconf 86' lang='lat' dir='ltr'><strong>ait</strong></span> <span class='ocrx_word' id='word_1_357' title='bbox 3387 1062 3454 1132; x_wconf 84' lang='grc' dir='ltr'><strong>(ε)</strong></span> <span class='ocrx_word' id='word_1_358' title='bbox 3482 1063 3735 1117; x_wconf 87' lang='lat' dir='ltr'><strong>Basilium</strong></span> 
     </span>
    </p>
   </div>
   <div class='ocr_carea' id='block_1_55' title="bbox 2181 1143 3735 1222">
    <p class='ocr_par' dir='ltr' id='par_1_55' title="bbox 2181 1143 3735 1222">
     <span class='ocr_line' id='line_1_55' title="bbox 2181 1143 3735 1222; baseline 0.007 -26"><span class='ocrx_word' id='word_1_359' title='bbox 2181 1143 2578 1201; x_wconf 87' lang='lat' dir='ltr'><strong>adolescentem</strong></span> <span class='ocrx_word' id='word_1_360' title='bbox 2610 1149 2946 1204; x_wconf 88' lang='lat' dir='ltr'><strong>admirationi</strong></span> <span class='ocrx_word' id='word_1_361' title='bbox 2986 1150 3177 1217; x_wconf 80' lang='lat' dir='ltr'><strong>fuisse;</strong></span> <span class='ocrx_word' id='word_1_362' title='bbox 3220 1161 3328 1206; x_wconf 91' lang='lat' dir='ltr'><strong>tum</strong></span> <span class='ocrx_word' id='word_1_363' title='bbox 3360 1152 3499 1222; x_wconf 92' lang='lat' dir='ltr'><strong>quod</strong></span> <span class='ocrx_word' id='word_1_364' title='bbox 3532 1161 3735 1221; x_wconf 79' lang='lat' dir='ltr'><strong>tempe-</strong></span> 
     </span>
    </p>
   </div>
   <div class='ocr_carea' id='block_1_56' title="bbox 2182 1236 3737 1312">
    <p class='ocr_par' dir='ltr' id='par_1_56' title="bbox 2182 1236 3737 1312">
     <span class='ocr_line' id='line_1_56' title="bbox 2182 1236 3737 1312; baseline 0.005 -24"><span class='ocrx_word' id='word_1_365' title='bbox 2182 1236 2357 1289; x_wconf 89' lang='lat' dir='ltr'><strong>rantia</strong></span> <span class='ocrx_word' id='word_1_366' title='bbox 2407 1252 2526 1290; x_wconf 87' lang='lat' dir='ltr'><strong>cum</strong></span> <span class='ocrx_word' id='word_1_367' title='bbox 2561 1241 2776 1294; x_wconf 89' lang='lat' dir='ltr'><strong>senibus</strong></span> <span class='ocrx_word' id='word_1_368' title='bbox 2811 1251 3069 1305; x_wconf 88' lang='lat' dir='ltr'><strong>certaret,</strong></span> <span class='ocrx_word' id='word_1_369' title='bbox 3114 1244 3272 1312; x_wconf 85' lang='lat' dir='ltr'><strong>idque</strong></span> <span class='ocrx_word' id='word_1_370' title='bbox 3313 1244 3366 1297; x_wconf 91' lang='lat' dir='ltr'><strong>in</strong></span> <span class='ocrx_word' id='word_1_371' title='bbox 3400 1244 3531 1298; x_wconf 93' lang='lat' dir='ltr'><strong>urbe</strong></span> <span class='ocrx_word' id='word_1_372' title='bbox 3578 1244 3737 1296; x_wconf 77' lang='lat' dir='ltr'><strong>volu-</strong></span> 
     </span>
    </p>
   </div>
   <div class='ocr_carea' id='block_1_57' title="bbox 2186 1327 3737 1403">
    <p class='ocr_par' dir='ltr' id='par_1_57' title="bbox 2186 1327 3737 1403">
     <span class='ocr_line' id='line_1_57' title="bbox 2186 1327 3737 1403; baseline 0.006 -25"><span class='ocrx_word' id='word_1_373' title='bbox 2186 1327 2426 1395; x_wconf 89' lang='lat' dir='ltr'><strong>ptatibus</strong></span> <span class='ocrx_word' id='word_1_374' title='bbox 2460 1327 2746 1395; x_wconf 84' lang='lat' dir='ltr'><strong>diﬂluente,</strong></span> <span class='ocrx_word' id='word_1_375' title='bbox 2783 1341 2888 1385; x_wconf 93' lang='lat' dir='ltr'><strong>tum</strong></span> <span class='ocrx_word' id='word_1_376' title='bbox 2941 1332 3081 1402; x_wconf 90' lang='lat' dir='ltr'><strong>quod</strong></span> <span class='ocrx_word' id='word_1_377' title='bbox 3132 1349 3374 1403; x_wconf 82' lang='lat' dir='ltr'><strong>magnam</strong></span> <span class='ocrx_word' id='word_1_378' title='bbox 3428 1334 3737 1402; x_wconf 88' lang='lat' dir='ltr'><strong>disciplina-</strong></span> 
     </span>
    </p>
   </div>
   <div class='ocr_carea' id='block_1_58' title="bbox 2181 1417 3732 1486">
    <p class='ocr_par' dir='ltr' id='par_1_58' title="bbox 2181 1417 3732 1486">
     <span class='ocr_line' id='line_1_58' title="bbox 2181 1417 3732 1486; baseline 0.007 -19"><span class='ocrx_word' id='word_1_379' title='bbox 2181 1431 2298 1470; x_wconf 91' lang='lat' dir='ltr'><strong>rum</strong></span> <span class='ocrx_word' id='word_1_380' title='bbox 2344 1428 2551 1486; x_wconf 91' lang='lat' dir='ltr'><strong>partem</strong></span> <span class='ocrx_word' id='word_1_381' title='bbox 2598 1417 2709 1485; x_wconf 79' lang='lat' dir='ltr'><strong>jam</strong></span> <span class='ocrx_word' id='word_1_382' title='bbox 2763 1429 2871 1474; x_wconf 91' lang='lat' dir='ltr'><strong>tum</strong></span> <span class='ocrx_word' id='word_1_383' title='bbox 2905 1430 3048 1477; x_wconf 89' lang='lat' dir='ltr'><strong>esset</strong></span> <span class='ocrx_word' id='word_1_384' title='bbox 3089 1433 3429 1477; x_wconf 88' lang='lat' dir='ltr'><strong>consecutus.</strong></span> <span class='ocrx_word' id='word_1_385' title='bbox 3462 1423 3565 1479; x_wconf 86' lang='lat' dir='ltr'><strong>Sed</strong></span> <span class='ocrx_word' id='word_1_386' title='bbox 3610 1440 3732 1478; x_wconf 90' lang='lat' dir='ltr'><strong>cum</strong></span> 
     </span>
    </p>
   </div>
   <div class='ocr_carea' id='block_1_59' title="bbox 2184 1507 3732 1580">
    <p class='ocr_par' dir='ltr' id='par_1_59' title="bbox 2184 1507 3732 1580">
     <span class='ocr_line' id='line_1_59' title="bbox 2184 1507 3732 1580; baseline 0.006 -20"><span class='ocrx_word' id='word_1_387' title='bbox 2184 1507 2457 1576; x_wconf 75' lang='lat' dir='ltr'><strong>Libanius,</strong></span> <span class='ocrx_word' id='word_1_388' title='bbox 2483 1510 2572 1579; x_wconf 91' lang='lat' dir='ltr'><strong>qui</strong></span> <span class='ocrx_word' id='word_1_389' title='bbox 2603 1526 2743 1565; x_wconf 91' lang='lat' dir='ltr'><strong>anno</strong></span> <span class='ocrx_word' id='word_1_390' title='bbox 2773 1511 2877 1566; x_wconf 76' lang='lat' dir='ltr'><strong>3H</strong></span> <span class='ocrx_word' id='word_1_391' title='bbox 2907 1522 3062 1568; x_wconf 88' lang='lat' dir='ltr'><strong>natus</strong></span> <span class='ocrx_word' id='word_1_392' title='bbox 3090 1524 3191 1580; x_wconf 88' lang='lat' dir='ltr'><strong>est,</strong></span> <span class='ocrx_word' id='word_1_393' title='bbox 3221 1524 3427 1569; x_wconf 88' lang='lat' dir='ltr'><strong>mature</strong></span> <span class='ocrx_word' id='word_1_394' title='bbox 3470 1516 3609 1569; x_wconf 91' lang='lat' dir='ltr'><strong>inter</strong></span> <span class='ocrx_word' id='word_1_395' title='bbox 3643 1532 3732 1571; x_wconf 87' lang='lat' dir='ltr'><strong>so-</strong></span> 
     </span>
    </p>
   </div>
   <div class='ocr_carea' id='block_1_60' title="bbox 2180 1599 3733 1666">
    <p class='ocr_par' dir='ltr' id='par_1_60' title="bbox 2180 1599 3733 1666">
     <span class='ocr_line' id='line_1_60' title="bbox 2180 1599 3733 1666; baseline 0.009 -16"><span class='ocrx_word' id='word_1_396' title='bbox 2180 1599 2382 1666; x_wconf 84' lang='lat' dir='ltr'><strong>phistas</strong></span> <span class='ocrx_word' id='word_1_397' title='bbox 2428 1615 2617 1656; x_wconf 90' lang='lat' dir='ltr'><strong>nomen</strong></span> <span class='ocrx_word' id='word_1_398' title='bbox 2651 1602 2919 1665; x_wconf 87' lang='lat' dir='ltr'><strong>habuerit,</strong></span> <span class='ocrx_word' id='word_1_399' title='bbox 2964 1620 3066 1658; x_wconf 91' lang='lat' dir='ltr'><strong>non</strong></span> <span class='ocrx_word' id='word_1_400' title='bbox 3099 1605 3309 1659; x_wconf 90' lang='lat' dir='ltr'><strong>videtur</strong></span> <span class='ocrx_word' id='word_1_401' title='bbox 3339 1605 3519 1661; x_wconf 82' lang='lat' dir='ltr'><strong>Basilii</strong></span> <span class='ocrx_word' id='word_1_402' title='bbox 3564 1608 3733 1664; x_wconf 71' lang='lat' dir='ltr'><strong>multo</strong></span> 
     </span>
    </p>
   </div>
   <div class='ocr_carea' id='block_1_61' title="bbox 2178 1688 3731 1763">
    <p class='ocr_par' dir='ltr' id='par_1_61' title="bbox 2178 1688 3731 1763">
     <span class='ocr_line' id='line_1_61' title="bbox 2178 1688 3731 1763; baseline 0.01 -24"><span class='ocrx_word' id='word_1_403' title='bbox 2178 1688 2408 1757; x_wconf 85' lang='lat' dir='ltr'><strong>junioris</strong></span> <span class='ocrx_word' id='word_1_404' title='bbox 2448 1690 2611 1745; x_wconf 79' lang='lat' dir='ltr'><strong>fuisse</strong></span> <span class='ocrx_word' id='word_1_405' title='bbox 2660 1692 3075 1763; x_wconf 87' lang='lat' dir='ltr'><strong>condiscipulus.</strong></span> <span class='ocrx_word' id='word_1_406' title='bbox 3121 1694 3475 1761; x_wconf 84' lang='lat' dir='ltr'><strong>Quamobrem</strong></span> <span class='ocrx_word' id='word_1_407' title='bbox 3507 1699 3550 1752; x_wconf 93' lang='lat' dir='ltr'><strong>si</strong></span> <span class='ocrx_word' id='word_1_408' title='bbox 3584 1709 3731 1754; x_wconf 88' lang='lat' dir='ltr'><strong>tanta</strong></span> 
     </span>
    </p>
   </div>
   <div class='ocr_carea' id='block_1_62' title="bbox 2178 1780 3736 1857">
    <p class='ocr_par' dir='ltr' id='par_1_62' title="bbox 2178 1780 3736 1857">
     <span class='ocr_line' id='line_1_62' title="bbox 2178 1780 3736 1857; baseline 0.009 -23"><span class='ocrx_word' id='word_1_409' title='bbox 2178 1780 2281 1835; x_wconf 82' lang='lat' dir='ltr'><strong>fuit</strong></span> <span class='ocrx_word' id='word_1_410' title='bbox 2329 1782 2468 1835; x_wconf 89' lang='lat' dir='ltr'><strong>inter</strong></span> <span class='ocrx_word' id='word_1_411' title='bbox 2530 1792 2813 1854; x_wconf 90' lang='lat' dir='ltr'><strong>utrumque</strong></span> <span class='ocrx_word' id='word_1_412' title='bbox 2870 1787 3239 1854; x_wconf 89' lang='lat' dir='ltr'><strong>necessitudo,</strong></span> <span class='ocrx_word' id='word_1_413' title='bbox 3280 1799 3479 1857; x_wconf 87' lang='lat' dir='ltr'><strong>quanta</strong></span> <span class='ocrx_word' id='word_1_414' title='bbox 3528 1805 3591 1845; x_wconf 84' lang='lat' dir='ltr'><strong>ex</strong></span> <span class='ocrx_word' id='word_1_415' title='bbox 3648 1793 3736 1849; x_wconf 88' lang='lat' dir='ltr'><strong>his</strong></span> 
     </span>
    </p>
   </div>
   <div class='ocr_carea' id='block_1_63' title="bbox 2179 1873 3735 1945">
    <p class='ocr_par' dir='ltr' id='par_1_63' title="bbox 2179 1873 3735 1945">
     <span class='ocr_line' id='line_1_63' title="bbox 2179 1873 3735 1945; baseline 0.008 -19"><span class='ocrx_word' id='word_1_416' title='bbox 2179 1873 2421 1941; x_wconf 87' lang='lat' dir='ltr'><strong>epistolis</strong></span> <span class='ocrx_word' id='word_1_417' title='bbox 2466 1875 2809 1945; x_wconf 82' lang='lat' dir='ltr'><strong>perspicitur,</strong></span> <span class='ocrx_word' id='word_1_418' title='bbox 2862 1892 3081 1933; x_wconf 89' lang='lat' dir='ltr'><strong>necesse</strong></span> <span class='ocrx_word' id='word_1_419' title='bbox 3126 1889 3206 1933; x_wconf 89' lang='lat' dir='ltr'><strong>est</strong></span> <span class='ocrx_word' id='word_1_420' title='bbox 3242 1890 3299 1933; x_wconf 91' lang='lat' dir='ltr'><strong>ut</strong></span> <span class='ocrx_word' id='word_1_421' title='bbox 3333 1896 3454 1935; x_wconf 86' lang='lat' dir='ltr'><strong>eum</strong></span> <span class='ocrx_word' id='word_1_422' title='bbox 3502 1882 3735 1939; x_wconf 81' lang='lat' dir='ltr'><strong>Basilius</strong></span> 
     </span>
    </p>
   </div>
   <div class='ocr_carea' id='block_1_64' title="bbox 2179 1967 3733 2040">
    <p class='ocr_par' dir='ltr' id='par_1_64' title="bbox 2179 1967 3733 2040">
     <span class='ocr_line' id='line_1_64' title="bbox 2179 1967 3733 2040; baseline 0.008 -22"><span class='ocrx_word' id='word_1_423' title='bbox 2179 1968 2407 2022; x_wconf 83' lang='lat' dir='ltr'><strong>audierit</strong></span> <span class='ocrx_word' id='word_1_424' title='bbox 2442 1967 2921 2040; x_wconf 88' lang='lat' dir='ltr'><strong>Constantinopoli.</strong></span> <span class='ocrx_word' id='word_1_425' title='bbox 2963 1970 3069 2026; x_wconf 91' lang='lat' dir='ltr'><strong>Sed</strong></span> <span class='ocrx_word' id='word_1_426' title='bbox 3105 1987 3225 2028; x_wconf 88' lang='lat' dir='ltr'><strong>cum</strong></span> <span class='ocrx_word' id='word_1_427' title='bbox 3265 1974 3345 2028; x_wconf 71' lang='lat' dir='ltr'><strong>ha:</strong></span> <span class='ocrx_word' id='word_1_428' title='bbox 3391 1975 3580 2029; x_wconf 84' lang='lat' dir='ltr'><strong>litterae</strong></span> <span class='ocrx_word' id='word_1_429' title='bbox 3623 1991 3733 2030; x_wconf 87' lang='lat' dir='ltr'><strong>non</strong></span> 
     </span>
    </p>
   </div>
   <div class='ocr_carea' id='block_1_65' title="bbox 2181 2055 3738 2133">
    <p class='ocr_par' dir='ltr' id='par_1_65' title="bbox 2181 2055 3738 2133">
     <span class='ocr_line' id='line_1_65' title="bbox 2181 2055 3738 2133; baseline 0.008 -26"><span class='ocrx_word' id='word_1_430' title='bbox 2181 2055 2409 2123; x_wconf 77' lang='lat' dir='ltr'><strong>levibus,</strong></span> <span class='ocrx_word' id='word_1_431' title='bbox 2449 2067 2508 2112; x_wconf 87' lang='lat' dir='ltr'><strong>ut</strong></span> <span class='ocrx_word' id='word_1_432' title='bbox 2542 2056 2680 2112; x_wconf 81' lang='lat' dir='ltr'><strong>infra</strong></span> <span class='ocrx_word' id='word_1_433' title='bbox 2715 2059 2999 2126; x_wconf 81' lang='lat' dir='ltr'><strong>videbitur,</strong></span> <span class='ocrx_word' id='word_1_434' title='bbox 3030 2063 3424 2131; x_wconf 89' lang='lat' dir='ltr'><strong>suspicionibus</strong></span> <span class='ocrx_word' id='word_1_435' title='bbox 3470 2065 3738 2133; x_wconf 87' lang='lat' dir='ltr'><strong>laborent,</strong></span> 
     </span>
    </p>
   </div>
   <div class='ocr_carea' id='block_1_66' title="bbox 2180 2148 3736 2221">
    <p class='ocr_par' dir='ltr' id='par_1_66' title="bbox 2180 2148 3736 2221">
     <span class='ocr_line' id='line_1_66' title="bbox 2180 2148 3736 2221; baseline 0.005 -19"><span class='ocrx_word' id='word_1_436' title='bbox 2180 2164 2283 2202; x_wconf 90' lang='lat' dir='ltr'><strong>non</strong></span> <span class='ocrx_word' id='word_1_437' title='bbox 2334 2148 2560 2202; x_wconf 89' lang='lat' dir='ltr'><strong>libenter</strong></span> <span class='ocrx_word' id='word_1_438' title='bbox 2612 2150 2927 2205; x_wconf 89' lang='lat' dir='ltr'><strong>crediderim</strong></span> <span class='ocrx_word' id='word_1_439' title='bbox 2974 2153 3229 2221; x_wconf 86' lang='lat' dir='ltr'><strong>quidquid</strong></span> <span class='ocrx_word' id='word_1_440' title='bbox 3288 2154 3496 2209; x_wconf 90' lang='lat' dir='ltr'><strong>illarum</strong></span> <span class='ocrx_word' id='word_1_441' title='bbox 3545 2155 3736 2211; x_wconf 87' lang='lat' dir='ltr'><strong>nititur</strong></span> 
     </span>
    </p>
   </div>
   <div class='ocr_carea' id='block_1_67' title="bbox 2180 2241 3736 2305">
    <p class='ocr_par' dir='ltr' id='par_1_67' title="bbox 2180 2241 3736 2305">
     <span class='ocr_line' id='line_1_67' title="bbox 2180 2241 3736 2305; baseline 0.007 -11"><span class='ocrx_word' id='word_1_442' title='bbox 2180 2241 2518 2305; x_wconf 84' lang='lat' dir='ltr'><strong>auctoritate,</strong></span> <span class='ocrx_word' id='word_1_443' title='bbox 2566 2244 2663 2295; x_wconf 89' lang='lat' dir='ltr'><strong>nisi</strong></span> <span class='ocrx_word' id='word_1_444' title='bbox 2702 2243 2823 2298; x_wconf 90' lang='lat' dir='ltr'><strong>aliis</strong></span> <span class='ocrx_word' id='word_1_445' title='bbox 2872 2245 3189 2299; x_wconf 87' lang='lat' dir='ltr'><strong>testimoniis</strong></span> <span class='ocrx_word' id='word_1_446' title='bbox 3233 2247 3599 2304; x_wconf 82' lang='lat' dir='ltr'><strong>conﬁrmetur.</strong></span> <span class='ocrx_word' id='word_1_447' title='bbox 3633 2247 3736 2304; x_wconf 86' lang='lat' dir='ltr'><strong>So-</strong></span> 
     </span>
    </p>
   </div>
   <div class='ocr_carea' id='block_1_68' title="bbox 2179 2332 3736 2407">
    <p class='ocr_par' dir='ltr' id='par_1_68' title="bbox 2179 2332 3736 2407">
     <span class='ocr_line' id='line_1_68' title="bbox 2179 2332 3736 2407; baseline 0.007 -24"><span class='ocrx_word' id='word_1_448' title='bbox 2179 2344 2355 2385; x_wconf 83' lang='lat' dir='ltr'><strong>crates</strong></span> <span class='ocrx_word' id='word_1_449' title='bbox 2404 2333 2617 2401; x_wconf 90' lang='lat' dir='ltr'><strong>quidem</strong></span> <span class='ocrx_word' id='word_1_450' title='bbox 2657 2332 2732 2404; x_wconf 89' lang='lat' dir='ltr'><strong>(d)</strong></span> <span class='ocrx_word' id='word_1_451' title='bbox 2769 2342 2821 2387; x_wconf 88' lang='lat' dir='ltr'><strong>et</strong></span> <span class='ocrx_word' id='word_1_452' title='bbox 2854 2334 3184 2390; x_wconf 85' lang='lat' dir='ltr'><strong>Sozomenus</strong></span> <span class='ocrx_word' id='word_1_453' title='bbox 3224 2335 3293 2407; x_wconf 79' lang='grc' dir='ltr'><strong>(ε)</strong></span> <span class='ocrx_word' id='word_1_454' title='bbox 3330 2347 3551 2392; x_wconf 90' lang='lat' dir='ltr'><strong>narrant</strong></span> <span class='ocrx_word' id='word_1_455' title='bbox 3579 2338 3736 2395; x_wconf 90' lang='lat' dir='ltr'><strong>Basi-</strong></span> 
     </span>
    </p>
   </div>
   <div class='ocr_carea' id='block_1_69' title="bbox 2180 2422 3737 2495">
    <p class='ocr_par' dir='ltr' id='par_1_69' title="bbox 2180 2422 3737 2495">
     <span class='ocr_line' id='line_1_69' title="bbox 2180 2422 3737 2495; baseline 0.007 -21"><span class='ocrx_word' id='word_1_456' title='bbox 2180 2424 2303 2475; x_wconf 82' lang='lat' dir='ltr'><strong>liam</strong></span> <span class='ocrx_word' id='word_1_457' title='bbox 2333 2438 2435 2475; x_wconf 88' lang='lat' dir='ltr'><strong>una</strong></span> <span class='ocrx_word' id='word_1_458' title='bbox 2464 2436 2585 2477; x_wconf 89' lang='lat' dir='ltr'><strong>cum</strong></span> <span class='ocrx_word' id='word_1_459' title='bbox 2624 2422 2885 2494; x_wconf 78' lang='lat' dir='ltr'><strong>Gregorio</strong></span> <span class='ocrx_word' id='word_1_460' title='bbox 2923 2440 3141 2495; x_wconf 89' lang='lat' dir='ltr'><strong>operam</strong></span> <span class='ocrx_word' id='word_1_461' title='bbox 3184 2426 3479 2483; x_wconf 79' lang='lat' dir='ltr'><strong>Antiochiae</strong></span> <span class='ocrx_word' id='word_1_462' title='bbox 3510 2429 3737 2485; x_wconf 86' lang='lat' dir='ltr'><strong>Libanio</strong></span> 
     </span>
    </p>
   </div>
   <div class='ocr_carea' id='block_1_70' title="bbox 2178 2514 3736 2585">
    <p class='ocr_par' dir='ltr' id='par_1_70' title="bbox 2178 2514 3736 2585">
     <span class='ocr_line' id='line_1_70' title="bbox 2178 2514 3736 2585; baseline 0.005 -19"><span class='ocrx_word' id='word_1_463' title='bbox 2178 2516 2411 2570; x_wconf 85' lang='lat' dir='ltr'><strong>dedisse.</strong></span> <span class='ocrx_word' id='word_1_464' title='bbox 2433 2514 2504 2570; x_wconf 79' lang='lat' dir='ltr'><strong>At</strong></span> <span class='ocrx_word' id='word_1_465' title='bbox 2527 2530 2710 2571; x_wconf 90' lang='lat' dir='ltr'><strong>eorum</strong></span> <span class='ocrx_word' id='word_1_466' title='bbox 2745 2517 3062 2574; x_wconf 80' lang='lat' dir='ltr'><strong>manifestus</strong></span> <span class='ocrx_word' id='word_1_467' title='bbox 3086 2528 3169 2574; x_wconf 89' lang='lat' dir='ltr'><strong>est</strong></span> <span class='ocrx_word' id='word_1_468' title='bbox 3197 2534 3374 2585; x_wconf 88' lang='lat' dir='ltr'><strong>error,</strong></span> <span class='ocrx_word' id='word_1_469' title='bbox 3401 2536 3520 2575; x_wconf 89' lang='lat' dir='ltr'><strong>cum</strong></span> <span class='ocrx_word' id='word_1_470' title='bbox 3545 2532 3736 2579; x_wconf 88' lang='lat' dir='ltr'><strong>neuter</strong></span> 
     </span>
    </p>
   </div>
   <div class='ocr_carea' id='block_1_71' title="bbox 2179 2607 3736 2678">
    <p class='ocr_par' dir='ltr' id='par_1_71' title="bbox 2179 2607 3736 2678">
     <span class='ocr_line' id='line_1_71' title="bbox 2179 2607 3736 2678; baseline 0.004 -19"><span class='ocrx_word' id='word_1_471' title='bbox 2179 2607 2517 2661; x_wconf 87' lang='lat' dir='ltr'><strong>Antiochiam</strong></span> <span class='ocrx_word' id='word_1_472' title='bbox 2563 2609 2865 2664; x_wconf 88' lang='lat' dir='ltr'><strong>studiorum</strong></span> <span class='ocrx_word' id='word_1_473' title='bbox 2901 2624 3062 2665; x_wconf 88' lang='lat' dir='ltr'><strong>causa</strong></span> <span class='ocrx_word' id='word_1_474' title='bbox 3101 2610 3289 2678; x_wconf 85' lang='lat' dir='ltr'><strong>iverit,</strong></span> <span class='ocrx_word' id='word_1_475' title='bbox 3344 2626 3442 2666; x_wconf 92' lang='lat' dir='ltr'><strong>nec</strong></span> <span class='ocrx_word' id='word_1_476' title='bbox 3489 2612 3736 2667; x_wconf 87' lang='lat' dir='ltr'><strong>dubitant</strong></span> 
     </span>
    </p>
   </div>
   <div class='ocr_carea' id='block_1_72' title="bbox 2180 2700 3737 2773">
    <p class='ocr_par' dir='ltr' id='par_1_72' title="bbox 2180 2700 3737 2773">
     <span class='ocr_line' id='line_1_72' title="bbox 2180 2700 3737 2773; baseline 0.002 -18"><span class='ocrx_word' id='word_1_477' title='bbox 2180 2700 2377 2756; x_wconf 79' lang='lat' dir='ltr'><strong>eruditi</strong></span> <span class='ocrx_word' id='word_1_478' title='bbox 2418 2700 2541 2768; x_wconf 88' lang='lat' dir='ltr'><strong>viri,</strong></span> <span class='ocrx_word' id='word_1_479' title='bbox 2583 2702 2711 2773; x_wconf 88' lang='lat' dir='ltr'><strong>quin</strong></span> <span class='ocrx_word' id='word_1_480' title='bbox 2746 2703 2844 2758; x_wconf 86' lang='lat' dir='ltr'><strong>bos</strong></span> <span class='ocrx_word' id='word_1_481' title='bbox 2885 2703 3176 2772; x_wconf 87' lang='lat' dir='ltr'><strong>scriptores</strong></span> <span class='ocrx_word' id='word_1_482' title='bbox 3212 2704 3444 2759; x_wconf 90' lang='lat' dir='ltr'><strong>nominis</strong></span> <span class='ocrx_word' id='word_1_483' title='bbox 3487 2705 3737 2760; x_wconf 89' lang='lat' dir='ltr'><strong>similitu-</strong></span> 
     </span>
    </p>
   </div>
   <div class='ocr_carea' id='block_1_73' title="bbox 2181 2793 3730 2868">
    <p class='ocr_par' dir='ltr' id='par_1_73' title="bbox 2181 2793 3730 2868">
     <span class='ocr_line' id='line_1_73' title="bbox 2181 2793 3730 2868; baseline 0.002 -22"><span class='ocrx_word' id='word_1_484' title='bbox 2181 2793 2304 2848; x_wconf 89' lang='lat' dir='ltr'><strong>dine</strong></span> <span class='ocrx_word' id='word_1_485' title='bbox 2352 2794 2619 2864; x_wconf 89' lang='lat' dir='ltr'><strong>deceperit</strong></span> <span class='ocrx_word' id='word_1_486' title='bbox 2658 2793 2883 2850; x_wconf 83' lang='lat' dir='ltr'><strong>Basilius</strong></span> <span class='ocrx_word' id='word_1_487' title='bbox 2917 2797 3085 2851; x_wconf 89' lang='lat' dir='ltr'><strong>sancti</strong></span> <span class='ocrx_word' id='word_1_488' title='bbox 3128 2796 3347 2852; x_wconf 85' lang='lat' dir='ltr'><strong>Joannis</strong></span> <span class='ocrx_word' id='word_1_489' title='bbox 3366 2797 3730 2868; x_wconf 83' lang='lat' dir='ltr'><strong>Chrysostomi</strong></span> 
     </span>
    </p>
   </div>
   <div class='ocr_carea' id='block_1_74' title="bbox 2182 2886 3731 2956">
    <p class='ocr_par' dir='ltr' id='par_1_74' title="bbox 2182 2886 3731 2956">
     <span class='ocr_line' id='line_1_74' title="bbox 2182 2886 3731 2956; baseline 0.003 -19"><span class='ocrx_word' id='word_1_490' title='bbox 2182 2887 2409 2951; x_wconf 87' lang='lat' dir='ltr'><strong>amicus,</strong></span> <span class='ocrx_word' id='word_1_491' title='bbox 2454 2900 2611 2956; x_wconf 89' lang='lat' dir='ltr'><strong>quem</strong></span> <span class='ocrx_word' id='word_1_492' title='bbox 2670 2886 2793 2941; x_wconf 92' lang='lat' dir='ltr'><strong>dum</strong></span> <span class='ocrx_word' id='word_1_493' title='bbox 2844 2887 3177 2944; x_wconf 82' lang='lat' dir='ltr'><strong>confundunt</strong></span> <span class='ocrx_word' id='word_1_494' title='bbox 3217 2905 3335 2943; x_wconf 91' lang='lat' dir='ltr'><strong>cum</strong></span> <span class='ocrx_word' id='word_1_495' title='bbox 3385 2889 3731 2956; x_wconf 65' lang='lat' dir='ltr'><strong>Caesariensi,</strong></span> 
     </span>
    </p>
   </div>
   <div class='ocr_carea' id='block_1_75' title="bbox 2180 2976 3735 3047">
    <p class='ocr_par' dir='ltr' id='par_1_75' title="bbox 2180 2976 3735 3047">
     <span class='ocr_line' id='line_1_75' title="bbox 2180 2976 3735 3047; baseline 0.002 -17"><span class='ocrx_word' id='word_1_496' title='bbox 2180 2976 2493 3046; x_wconf 81' lang='lat' dir='ltr'><strong>Gregorium</strong></span> <span class='ocrx_word' id='word_1_497' title='bbox 2528 2976 2577 3031; x_wconf 89' lang='lat' dir='ltr'><strong>ei</strong></span> <span class='ocrx_word' id='word_1_498' title='bbox 2609 2976 2988 3047; x_wconf 86' lang='lat' dir='ltr'><strong>adjunxerunt.</strong></span> <span class='ocrx_word' id='word_1_499' title='bbox 3040 2978 3151 3032; x_wconf 85' lang='lat' dir='ltr'><strong>Non</strong></span> <span class='ocrx_word' id='word_1_500' title='bbox 3192 2981 3343 3033; x_wconf 81' lang='lat' dir='ltr'><strong>video</strong></span> <span class='ocrx_word' id='word_1_501' title='bbox 3387 2993 3515 3047; x_wconf 81' lang='lat' dir='ltr'><strong>ergo</strong></span> <span class='ocrx_word' id='word_1_502' title='bbox 3542 2980 3735 3047; x_wconf 84' lang='lat' dir='ltr'><strong>quibus</strong></span> 
     </span>
    </p>
   </div>
   <div class='ocr_carea' id='block_1_76' title="bbox 2105 3068 3731 3149">
    <p class='ocr_par' dir='ltr' id='par_1_76' title="bbox 2105 3068 3731 3149">
     <span class='ocr_line' id='line_1_76' title="bbox 2105 3068 3731 3149; baseline 0.002 -29"><span class='ocrx_word' id='word_1_503' title='bbox 2105 3090 2149 3149; x_wconf 66' lang='grc' dir='ltr'><em>ς</em></span> <span class='ocrx_word' id='word_1_504' title='bbox 2183 3068 2543 3122; x_wconf 88' lang='lat' dir='ltr'><strong>monumentis</strong></span> <span class='ocrx_word' id='word_1_505' title='bbox 2578 3069 2743 3122; x_wconf 86' lang='lat' dir='ltr'><strong>statui</strong></span> <span class='ocrx_word' id='word_1_506' title='bbox 2781 3071 2948 3138; x_wconf 87' lang='lat' dir='ltr'><strong>possit</strong></span> <span class='ocrx_word' id='word_1_507' title='bbox 2980 3069 3232 3123; x_wconf 89' lang='lat' dir='ltr'><strong>Basilium</strong></span> <span class='ocrx_word' id='word_1_508' title='bbox 3272 3070 3731 3139; x_wconf 84' lang='lat' dir='ltr'><strong>Constantinopoli</strong></span> 
     </span>
    </p>
   </div>
   <div class='ocr_carea' id='block_1_77' title="bbox 2183 3159 3735 3232">
    <p class='ocr_par' dir='ltr' id='par_1_77' title="bbox 2183 3159 3735 3232">
     <span class='ocr_line' id='line_1_77' title="bbox 2183 3159 3735 3232; baseline 0.003 -20"><span class='ocrx_word' id='word_1_509' title='bbox 2183 3173 2397 3229; x_wconf 88' lang='lat' dir='ltr'><strong>operam</strong></span> <span class='ocrx_word' id='word_1_510' title='bbox 2429 3159 2639 3214; x_wconf 87' lang='lat' dir='ltr'><strong>dedisse</strong></span> <span class='ocrx_word' id='word_1_511' title='bbox 2668 3159 2908 3215; x_wconf 89' lang='lat' dir='ltr'><strong>Libanio.</strong></span> <span class='ocrx_word' id='word_1_512' title='bbox 2954 3159 3032 3215; x_wconf 87' lang='lat' dir='ltr'><strong>Ne</strong></span> <span class='ocrx_word' id='word_1_513' title='bbox 3064 3161 3234 3231; x_wconf 91' lang='lat' dir='ltr'><strong>ipsum</strong></span> <span class='ocrx_word' id='word_1_514' title='bbox 3271 3161 3481 3231; x_wconf 89' lang='lat' dir='ltr'><strong>quidem</strong></span> <span class='ocrx_word' id='word_1_515' title='bbox 3528 3170 3735 3232; x_wconf 85' lang='lat' dir='ltr'><strong>tempus</strong></span> 
     </span>
    </p>
   </div>
   <div class='ocr_carea' id='block_1_78' title="bbox 2181 3252 3731 3322">
    <p class='ocr_par' dir='ltr' id='par_1_78' title="bbox 2181 3252 3731 3322">
     <span class='ocr_line' id='line_1_78' title="bbox 2181 3252 3731 3322; baseline 0.003 -18"><span class='ocrx_word' id='word_1_516' title='bbox 2181 3252 2456 3322; x_wconf 91' lang='lat' dir='ltr'><strong>aptissime</strong></span> <span class='ocrx_word' id='word_1_517' title='bbox 2502 3253 2825 3320; x_wconf 89' lang='lat' dir='ltr'><strong>quadraret,</strong></span> <span class='ocrx_word' id='word_1_518' title='bbox 2854 3254 2896 3306; x_wconf 91' lang='lat' dir='ltr'><strong>si</strong></span> <span class='ocrx_word' id='word_1_519' title='bbox 2932 3252 3209 3318; x_wconf 86' lang='lat' dir='ltr'><strong>Libanius,</strong></span> <span class='ocrx_word' id='word_1_520' title='bbox 3242 3260 3300 3307; x_wconf 85' lang='grc' dir='ltr'><strong>ιιι</strong></span> <span class='ocrx_word' id='word_1_521' title='bbox 3332 3254 3541 3307; x_wconf 86' lang='lat' dir='ltr'><strong>videtur</strong></span> <span class='ocrx_word' id='word_1_522' title='bbox 3571 3254 3731 3308; x_wconf 85' lang='lat' dir='ltr'><strong>Tille-</strong></span> 
     </span>
    </p>
   </div>
   <div class='ocr_carea' id='block_1_79' title="bbox 2181 3344 3731 3415">
    <p class='ocr_par' dir='ltr' id='par_1_79' title="bbox 2181 3344 3731 3415">
     <span class='ocr_line' id='line_1_79' title="bbox 2181 3344 3731 3415; baseline 0.001 -18"><span class='ocrx_word' id='word_1_523' title='bbox 2181 3344 2402 3411; x_wconf 89' lang='lat' dir='ltr'><strong>montio,</strong></span> <span class='ocrx_word' id='word_1_524' title='bbox 2447 3344 2515 3398; x_wconf 87' lang='lat' dir='ltr'><strong>ab</strong></span> <span class='ocrx_word' id='word_1_525' title='bbox 2547 3359 2688 3398; x_wconf 86' lang='lat' dir='ltr'><strong>anno</strong></span> <span class='ocrx_word' id='word_1_526' title='bbox 2728 3344 2832 3398; x_wconf 71' lang='grc'><strong>546</strong></span> <span class='ocrx_word' id='word_1_527' title='bbox 2866 3360 3035 3415; x_wconf 86' lang='lat' dir='ltr'><strong>usque</strong></span> <span class='ocrx_word' id='word_1_528' title='bbox 3079 3346 3143 3399; x_wconf 87' lang='lat' dir='ltr'><strong>ad</strong></span> <span class='ocrx_word' id='word_1_529' title='bbox 3186 3345 3281 3399; x_wconf 74' lang='lat' dir='ltr'><strong>55l</strong></span> <span class='ocrx_word' id='word_1_530' title='bbox 3335 3346 3600 3400; x_wconf 86' lang='lat' dir='ltr'><strong>docuisset</strong></span> <span class='ocrx_word' id='word_1_531' title='bbox 3636 3344 3731 3398; x_wconf 86' lang='lat' dir='ltr'><strong>Ni-</strong></span> 
     </span>
    </p>
   </div>
   <div class='ocr_carea' id='block_1_80' title="bbox 2180 3437 3727 3506">
    <p class='ocr_par' dir='ltr' id='par_1_80' title="bbox 2180 3437 3727 3506">
     <span class='ocr_line' id='line_1_80' title="bbox 2180 3437 3727 3506; baseline -0.001 -13"><span class='ocrx_word' id='word_1_532' title='bbox 2180 3438 2452 3493; x_wconf 59' lang='lat' dir='ltr'><strong>comediae.</strong></span> <span class='ocrx_word' id='word_1_533' title='bbox 2503 3437 2633 3491; x_wconf 79' lang='lat' dir='ltr'><strong>Nam</strong></span> <span class='ocrx_word' id='word_1_534' title='bbox 2684 3440 2820 3491; x_wconf 89' lang='lat' dir='ltr'><strong>intra</strong></span> <span class='ocrx_word' id='word_1_535' title='bbox 2871 3438 2973 3492; x_wconf 86' lang='lat' dir='ltr'><strong>hoc</strong></span> <span class='ocrx_word' id='word_1_536' title='bbox 3025 3447 3230 3506; x_wconf 92' lang='lat' dir='ltr'><strong>tempus</strong></span> <span class='ocrx_word' id='word_1_537' title='bbox 3276 3437 3520 3492; x_wconf 81' lang='lat' dir='ltr'><strong>videntur</strong></span> <span class='ocrx_word' id='word_1_538' title='bbox 3564 3437 3727 3493; x_wconf 84' lang='lat' dir='ltr'><strong>collo-</strong></span> 
     </span>
    </p>
   </div>
   <div class='ocr_carea' id='block_1_81' title="bbox 2180 3527 3729 3597">
    <p class='ocr_par' dir='ltr' id='par_1_81' title="bbox 2180 3527 3729 3597">
     <span class='ocr_line' id='line_1_81' title="bbox 2180 3527 3729 3597; baseline -0.001 -14"><span class='ocrx_word' id='word_1_539' title='bbox 2180 3530 2349 3583; x_wconf 89' lang='lat' dir='ltr'><strong>canda</strong></span> <span class='ocrx_word' id='word_1_540' title='bbox 2384 3527 2566 3582; x_wconf 81' lang='lat' dir='ltr'><strong>Basilii</strong></span> <span class='ocrx_word' id='word_1_541' title='bbox 2597 3528 2766 3581; x_wconf 88' lang='lat' dir='ltr'><strong>studia</strong></span> <span class='ocrx_word' id='word_1_542' title='bbox 2811 3528 3416 3597; x_wconf 88' lang='lat' dir='ltr'><strong>Constantinopolitana.</strong></span> <span class='ocrx_word' id='word_1_543' title='bbox 3462 3528 3565 3583; x_wconf 91' lang='lat' dir='ltr'><strong>Sed</strong></span> <span class='ocrx_word' id='word_1_544' title='bbox 3608 3543 3729 3582; x_wconf 88' lang='lat' dir='ltr'><strong>cum</strong></span> 
     </span>
    </p>
   </div>
   <div class='ocr_carea' id='block_1_82' title="bbox 2180 3618 3725 3689">
    <p class='ocr_par' dir='ltr' id='par_1_82' title="bbox 2180 3618 3725 3689">
     <span class='ocr_line' id='line_1_82' title="bbox 2180 3618 3725 3689; baseline -0.001 -16"><span class='ocrx_word' id='word_1_545' title='bbox 2180 3621 2436 3674; x_wconf 83' lang='lat' dir='ltr'><strong>Libauius</strong></span> <span class='ocrx_word' id='word_1_546' title='bbox 2474 3618 2936 3689; x_wconf 86' lang='lat' dir='ltr'><strong>Constantinopoli</strong></span> <span class='ocrx_word' id='word_1_547' title='bbox 2979 3619 3161 3689; x_wconf 88' lang='lat' dir='ltr'><strong>pulsus</strong></span> <span class='ocrx_word' id='word_1_548' title='bbox 3206 3619 3363 3675; x_wconf 84' lang='lat' dir='ltr'><strong>fuerit</strong></span> <span class='ocrx_word' id='word_1_549' title='bbox 3403 3635 3430 3674; x_wconf 90' lang='lat' dir='ltr'><strong>a</strong></span> <span class='ocrx_word' id='word_1_550' title='bbox 3467 3620 3725 3684; x_wconf 87' lang='lat' dir='ltr'><strong>Limenio,</strong></span> 
     </span>
    </p>
   </div>
   <div class='ocr_carea' id='block_1_83' title="bbox 2178 3708 3733 3779">
    <p class='ocr_par' dir='ltr' id='par_1_83' title="bbox 2178 3708 3733 3779">
     <span class='ocr_line' id='line_1_83' title="bbox 2178 3708 3733 3779; baseline 0.001 -16"><span class='ocrx_word' id='word_1_551' title='bbox 2178 3711 2267 3778; x_wconf 89' lang='lat' dir='ltr'><strong>qui</strong></span> <span class='ocrx_word' id='word_1_552' title='bbox 2315 3708 2599 3779; x_wconf 73' lang='lat' dir='ltr'><strong>praefectus</strong></span> <span class='ocrx_word' id='word_1_553' title='bbox 2651 3709 2769 3762; x_wconf 88' lang='lat' dir='ltr'><strong>urbi</strong></span> <span class='ocrx_word' id='word_1_554' title='bbox 2824 3709 2921 3762; x_wconf 78' lang='lat' dir='ltr'><strong>fuit</strong></span> <span class='ocrx_word' id='word_1_555' title='bbox 2969 3724 2996 3762; x_wconf 93' lang='lat' dir='ltr'><strong>a</strong></span> <span class='ocrx_word' id='word_1_556' title='bbox 3040 3710 3210 3779; x_wconf 89' lang='lat' dir='ltr'><strong>pridie</strong></span> <span class='ocrx_word' id='word_1_557' title='bbox 3254 3710 3377 3764; x_wconf 81' lang='lat' dir='ltr'><strong>ldus</strong></span> <span class='ocrx_word' id='word_1_558' title='bbox 3421 3709 3587 3765; x_wconf 79' lang='lat' dir='ltr'><strong>Julias</strong></span> <span class='ocrx_word' id='word_1_559' title='bbox 3629 3710 3733 3765; x_wconf 76' lang='grc'><strong>547</strong></span> 
     </span>
    </p>
   </div>
   <div class='ocr_carea' id='block_1_84' title="bbox 2185 3795 3729 3869">
    <p class='ocr_par' dir='ltr' id='par_1_84' title="bbox 2185 3795 3729 3869">
     <span class='ocr_line' id='line_1_84' title="bbox 2185 3795 3729 3869; baseline 0 -20"><span class='ocrx_word' id='word_1_560' title='bbox 2185 3812 2355 3869; x_wconf 89' lang='lat' dir='ltr'><strong>usque</strong></span> <span class='ocrx_word' id='word_1_561' title='bbox 2386 3797 2451 3851; x_wconf 90' lang='lat' dir='ltr'><strong>ad</strong></span> <span class='ocrx_word' id='word_1_562' title='bbox 2482 3812 2534 3851; x_wconf 90' lang='lat' dir='ltr'><strong>vt</strong></span> <span class='ocrx_word' id='word_1_563' title='bbox 2561 3796 2729 3866; x_wconf 83' lang='lat' dir='ltr'><strong>April.</strong></span> <span class='ocrx_word' id='word_1_564' title='bbox 2756 3796 2879 3863; x_wconf 64' lang='lat'><strong>549,</strong></span> <span class='ocrx_word' id='word_1_565' title='bbox 2914 3795 3028 3851; x_wconf 83' lang='lat' dir='ltr'><strong>ﬁeri</strong></span> <span class='ocrx_word' id='word_1_566' title='bbox 3082 3796 3251 3864; x_wconf 87' lang='lat' dir='ltr'><strong>potuit</strong></span> <span class='ocrx_word' id='word_1_567' title='bbox 3284 3806 3361 3863; x_wconf 83' lang='lat' dir='ltr'><strong>tit,</strong></span> <span class='ocrx_word' id='word_1_568' title='bbox 3394 3811 3456 3850; x_wconf 91' lang='lat' dir='ltr'><strong>eo</strong></span> <span class='ocrx_word' id='word_1_569' title='bbox 3486 3798 3729 3862; x_wconf 89' lang='lat' dir='ltr'><strong>docente,</strong></span> 
     </span>
    </p>
   </div>
   <div class='ocr_carea' id='block_1_85' title="bbox 2180 3886 3731 3955">
    <p class='ocr_par' dir='ltr' id='par_1_85' title="bbox 2180 3886 3731 3955">
     <span class='ocr_line' id='line_1_85' title="bbox 2180 3886 3731 3955; baseline -0.002 -12"><span class='ocrx_word' id='word_1_570' title='bbox 2180 3888 2410 3943; x_wconf 88' lang='lat' dir='ltr'><strong>Basilius</strong></span> <span class='ocrx_word' id='word_1_571' title='bbox 2463 3886 2989 3955; x_wconf 22' lang='lat' dir='ltr'><strong>Constantinopolim.</strong></span> <span class='ocrx_word' id='word_1_572' title='bbox 3029 3902 3169 3940; x_wconf 92' lang='lat' dir='ltr'><strong>anno</strong></span> <span class='ocrx_word' id='word_1_573' title='bbox 3202 3887 3305 3941; x_wconf 70' lang='grc' dir='ltr'><strong>διδ</strong></span> <span class='ocrx_word' id='word_1_574' title='bbox 3357 3900 3445 3940; x_wconf 90' lang='lat' dir='ltr'><strong>aut</strong></span> <span class='ocrx_word' id='word_1_575' title='bbox 3491 3886 3594 3941; x_wconf 65' lang='grc'><strong>547</strong></span> <span class='ocrx_word' id='word_1_576' title='bbox 3639 3901 3731 3940; x_wconf 79' lang='lat' dir='ltr'><strong>ve-</strong></span> 
     </span>
    </p>
   </div>
   <div class='ocr_carea' id='block_1_86' title="bbox 2180 3978 3732 4049">
    <p class='ocr_par' dir='ltr' id='par_1_86' title="bbox 2180 3978 3732 4049">
     <span class='ocr_line' id='line_1_86' title="bbox 2180 3978 3732 4049; baseline -0.001 -16"><span class='ocrx_word' id='word_1_577' title='bbox 2180 3982 2352 4043; x_wconf 91' lang='lat' dir='ltr'><strong>niret,</strong></span> <span class='ocrx_word' id='word_1_578' title='bbox 2391 3994 2644 4048; x_wconf 89' lang='lat' dir='ltr'><strong>eumque,</strong></span> <span class='ocrx_word' id='word_1_579' title='bbox 2691 3988 2740 4031; x_wconf 92' lang='lat' dir='ltr'><strong>ul</strong></span> <span class='ocrx_word' id='word_1_580' title='bbox 2788 3978 2925 4031; x_wconf 88' lang='lat' dir='ltr'><strong>inter</strong></span> <span class='ocrx_word' id='word_1_581' title='bbox 2958 3978 3244 4049; x_wconf 51' lang='lat' dir='ltr'><strong>.SOpltiSlaS</strong></span> <span class='ocrx_word' id='word_1_582' title='bbox 3286 3978 3732 4042; x_wconf 83' lang='lat' dir='ltr'><strong>celeberrimum,</strong></span> 
     </span>
    </p>
   </div>
   <div class='ocr_carea' id='block_1_87' title="bbox 2177 4074 2404 4127">
    <p class='ocr_par' dir='ltr' id='par_1_87' title="bbox 2177 4074 2404 4127">
     <span class='ocr_line' id='line_1_87' title="bbox 2177 4074 2404 4127; baseline 0.009 -2"><span class='ocrx_word' id='word_1_583' title='bbox 2177 4074 2404 4127; x_wconf 87' lang='lat' dir='ltr'><strong>audiret.</strong></span> 
     </span>
    </p>
   </div>
   <div class='ocr_carea' id='block_1_88' title="bbox 2248 4160 3733 4232">
    <p class='ocr_par' dir='ltr' id='par_1_88' title="bbox 2248 4160 3733 4232">
     <span class='ocr_line' id='line_1_88' title="bbox 2248 4160 3733 4232; baseline -0.003 -12"><span class='ocrx_word' id='word_1_584' title='bbox 2248 4165 2380 4220; x_wconf 90' lang='lat' dir='ltr'><strong>Cum</strong></span> <span class='ocrx_word' id='word_1_585' title='bbox 2417 4164 2565 4219; x_wconf 86' lang='lat' dir='ltr'><strong>brevi</strong></span> <span class='ocrx_word' id='word_1_586' title='bbox 2594 4174 2826 4232; x_wconf 85' lang='lat' dir='ltr'><strong>tempore</strong></span> <span class='ocrx_word' id='word_1_587' title='bbox 2856 4160 3083 4216; x_wconf 84' lang='lat' dir='ltr'><strong>Basilius</strong></span> <span class='ocrx_word' id='word_1_588' title='bbox 3111 4161 3162 4214; x_wconf 93' lang='lat' dir='ltr'><strong>in</strong></span> <span class='ocrx_word' id='word_1_589' title='bbox 3188 4161 3287 4215; x_wconf 89' lang='lat' dir='ltr'><strong>hac</strong></span> <span class='ocrx_word' id='word_1_590' title='bbox 3313 4161 3443 4215; x_wconf 84' lang='lat' dir='ltr'><strong>urbe</strong></span> <span class='ocrx_word' id='word_1_591' title='bbox 3474 4163 3733 4216; x_wconf 75' lang='lat' dir='ltr'><strong>maximas</strong></span> 
     </span>
    </p>
   </div>
   <div class='ocr_carea' id='block_1_89' title="bbox 2180 4254 3732 4324">
    <p class='ocr_par' dir='ltr' id='par_1_89' title="bbox 2180 4254 3732 4324">
     <span class='ocr_line' id='line_1_89' title="bbox 2180 4254 3732 4324; baseline -0.003 -12"><span class='ocrx_word' id='word_1_592' title='bbox 2180 4260 2360 4313; x_wconf 88' lang='lat' dir='ltr'><strong>laudes</strong></span> <span class='ocrx_word' id='word_1_593' title='bbox 2419 4260 2471 4311; x_wconf 93' lang='lat' dir='ltr'><strong>in</strong></span> <span class='ocrx_word' id='word_1_594' title='bbox 2545 4256 2823 4310; x_wconf 84' lang='lat' dir='ltr'><strong>rhetoricae</strong></span> <span class='ocrx_word' id='word_1_595' title='bbox 2891 4271 2952 4310; x_wconf 88' lang='lat' dir='ltr'><strong>ac</strong></span> <span class='ocrx_word' id='word_1_596' title='bbox 3016 4254 3362 4324; x_wconf 60' lang='lat' dir='ltr'><strong>philosophice</strong></span> <span class='ocrx_word' id='word_1_597' title='bbox 3438 4254 3732 4322; x_wconf 83' lang='lat' dir='ltr'><strong>disciplinis</strong></span> 
     </span>
    </p>
   </div>
   <div class='ocr_carea' id='block_1_90' title="bbox 2186 4344 3729 4418">
    <p class='ocr_par' dir='ltr' id='par_1_90' title="bbox 2186 4344 3729 4418">
     <span class='ocr_line' id='line_1_90' title="bbox 2186 4344 3729 4418; baseline -0.004 -15"><span class='ocrx_word' id='word_1_598' title='bbox 2186 4351 2409 4418; x_wconf 80' lang='lat' dir='ltr'><strong>adeptus</strong></span> <span class='ocrx_word' id='word_1_599' title='bbox 2439 4358 2580 4402; x_wconf 86' lang='lat' dir='ltr'><strong>esset</strong></span> <span class='ocrx_word' id='word_1_600' title='bbox 2612 4346 2699 4417; x_wconf 64' lang='lat' dir='ltr'><strong>(fi,</strong></span> <span class='ocrx_word' id='word_1_601' title='bbox 2742 4347 2952 4399; x_wconf 88' lang='lat' dir='ltr'><strong>tandem</strong></span> <span class='ocrx_word' id='word_1_602' title='bbox 2989 4346 3224 4400; x_wconf 84' lang='lat' dir='ltr'><strong>Athenas</strong></span> <span class='ocrx_word' id='word_1_603' title='bbox 3257 4344 3442 4413; x_wconf 89' lang='lat' dir='ltr'><strong>petiit,</strong></span> <span class='ocrx_word' id='word_1_604' title='bbox 3487 4359 3603 4411; x_wconf 74' lang='lat' dir='ltr'><strong>qua:</strong></span> <span class='ocrx_word' id='word_1_605' title='bbox 3637 4345 3729 4397; x_wconf 52' lang='lat' dir='ltr'><strong>doc</strong></span> 
     </span>
    </p>
   </div>
   <div class='ocr_carea' id='block_1_91' title="bbox 521 4437 3732 4507">
    <p class='ocr_par' dir='ltr' id='par_1_91' title="bbox 521 4437 3732 4507">
     <span class='ocr_line' id='line_1_91' title="bbox 521 4437 3732 4507; baseline -0 -16"><span class='ocrx_word' id='word_1_606' title='bbox 521 4451 662 4491; x_wconf 84' lang='lat' dir='ltr'><strong>tores</strong></span> <span class='ocrx_word' id='word_1_607' title='bbox 685 4438 846 4492; x_wconf 87' lang='lat' dir='ltr'><strong>etiam</strong></span> <span class='ocrx_word' id='word_1_608' title='bbox 872 4450 997 4492; x_wconf 87' lang='lat' dir='ltr'><strong>ante</strong></span> <span class='ocrx_word' id='word_1_609' title='bbox 1020 4437 1342 4492; x_wconf 87' lang='lat' dir='ltr'><strong>rhetoricam</strong></span> <span class='ocrx_word' id='word_1_610' title='bbox 1375 4437 1689 4499; x_wconf 79' lang='lat' dir='ltr'><strong>exhedram,</strong></span> <span class='ocrx_word' id='word_1_611' title='bbox 1721 4438 2071 4507; x_wconf 86' lang='lat' dir='ltr'><strong>philosophus</strong></span> <span class='ocrx_word' id='word_1_612' title='bbox 2104 4440 2148 4494; x_wconf 87' lang='lat' dir='ltr'><strong>D</strong></span> <span class='ocrx_word' id='word_1_613' title='bbox 2186 4443 2439 4497; x_wconf 87' lang='lat' dir='ltr'><strong>miciliutn</strong></span> <span class='ocrx_word' id='word_1_614' title='bbox 2480 4452 2532 4493; x_wconf 91' lang='lat' dir='ltr'><strong>et</strong></span> <span class='ocrx_word' id='word_1_615' title='bbox 2568 4441 2720 4495; x_wconf 83' lang='lat' dir='ltr'><strong>sedes</strong></span> <span class='ocrx_word' id='word_1_616' title='bbox 2747 4440 3045 4493; x_wconf 88' lang='lat' dir='ltr'><strong>litterarum</strong></span> <span class='ocrx_word' id='word_1_617' title='bbox 3081 4437 3430 4493; x_wconf 85' lang='lat' dir='ltr'><strong>habebantur.</strong></span> <span class='ocrx_word' id='word_1_618' title='bbox 3465 4437 3609 4490; x_wconf 87' lang='lat' dir='ltr'><strong>Illius</strong></span> <span class='ocrx_word' id='word_1_619' title='bbox 3640 4438 3732 4490; x_wconf 88' lang='lat' dir='ltr'><strong>ad-</strong></span> 
     </span>
    </p>
   </div>
   <div class='ocr_carea' id='block_1_92' title="bbox 518 4527 2071 4598">
    <p class='ocr_par' dir='ltr' id='par_1_92' title="bbox 518 4527 2071 4598">
     <span class='ocr_line' id='line_1_92' title="bbox 518 4527 2071 4598; baseline 0.001 -18"><span class='ocrx_word' id='word_1_620' title='bbox 518 4528 659 4581; x_wconf 86' lang='lat' dir='ltr'><strong>iater</strong></span> <span class='ocrx_word' id='word_1_621' title='bbox 692 4527 1031 4598; x_wconf 87' lang='lat' dir='ltr'><strong>philosophos</strong></span> <span class='ocrx_word' id='word_1_622' title='bbox 1072 4529 1232 4582; x_wconf 88' lang='lat' dir='ltr'><strong>etiam</strong></span> <span class='ocrx_word' id='word_1_623' title='bbox 1268 4537 1391 4582; x_wconf 90' lang='lat' dir='ltr'><strong>ante</strong></span> <span class='ocrx_word' id='word_1_624' title='bbox 1433 4527 1785 4598; x_wconf 65' lang='lat' dir='ltr'><strong>philoSOphiaz</strong></span> <span class='ocrx_word' id='word_1_625' title='bbox 1833 4529 2071 4592; x_wconf 90' lang='lat' dir='ltr'><strong>decreta,</strong></span> 
     </span>
    </p>
   </div>
   <div class='ocr_carea' id='block_1_93' title="bbox 520 4614 2077 4688">
    <p class='ocr_par' dir='ltr' id='par_1_93' title="bbox 520 4614 2077 4688">
     <span class='ocr_line' id='line_1_93' title="bbox 520 4614 2077 4688; baseline 0.001 -19"><span class='ocrx_word' id='word_1_626' title='bbox 520 4632 566 4672; x_wconf 70' lang='grc' dir='ltr'><strong>ιιι</strong></span> <span class='ocrx_word' id='word_1_627' title='bbox 599 4621 739 4688; x_wconf 88' lang='lat' dir='ltr'><strong>quod</strong></span> <span class='ocrx_word' id='word_1_628' title='bbox 780 4614 1069 4674; x_wconf 74' lang='lat' dir='ltr'><strong>maximum</strong></span> <span class='ocrx_word' id='word_1_629' title='bbox 1119 4630 1234 4686; x_wconf 92' lang='lat' dir='ltr'><strong>est,</strong></span> <span class='ocrx_word' id='word_1_630' title='bbox 1283 4619 1603 4674; x_wconf 89' lang='lat' dir='ltr'><strong>Christianis</strong></span> <span class='ocrx_word' id='word_1_631' title='bbox 1655 4620 1905 4674; x_wconf 86' lang='lat' dir='ltr'><strong>sacerdos</strong></span> <span class='ocrx_word' id='word_1_632' title='bbox 1951 4628 2077 4672; x_wconf 89' lang='lat' dir='ltr'><strong>ante</strong></span> 
     </span>
    </p>
   </div>
   <div class='ocr_carea' id='block_1_94' title="bbox 520 4710 2080 4767">
    <p class='ocr_par' dir='ltr' id='par_1_94' title="bbox 520 4710 2080 4767">
     <span class='ocr_line' id='line_1_94' title="bbox 520 4710 2080 4767; baseline 0 -2"><span class='ocrx_word' id='word_1_633' title='bbox 520 4713 901 4767; x_wconf 75' lang='lat' dir='ltr'><strong>sacerdotium.</strong></span> <span class='ocrx_word' id='word_1_634' title='bbox 931 4713 1075 4766; x_wconf 85' lang='lat' dir='ltr'><strong>Adeo</strong></span> <span class='ocrx_word' id='word_1_635' title='bbox 1120 4728 1309 4767; x_wconf 86' lang='lat' dir='ltr'><strong>omnes</strong></span> <span class='ocrx_word' id='word_1_636' title='bbox 1341 4712 1488 4766; x_wconf 91' lang='lat' dir='ltr'><strong>illum</strong></span> <span class='ocrx_word' id='word_1_637' title='bbox 1535 4713 1893 4766; x_wconf 88' lang='lat' dir='ltr'><strong>mirabantur.</strong></span> <span class='ocrx_word' id='word_1_638' title='bbox 1936 4710 2080 4765; x_wconf 62' lang='lat' dir='ltr'><strong>Prae-</strong></span> 
     </span>
    </p>
   </div>
   <div class='ocr_carea' id='block_1_95' title="bbox 519 4803 2072 4873">
    <p class='ocr_par' dir='ltr' id='par_1_95' title="bbox 519 4803 2072 4873">
     <span class='ocr_line' id='line_1_95' title="bbox 519 4803 2072 4873; baseline 0.003 -20"><span class='ocrx_word' id='word_1_639' title='bbox 519 4805 733 4871; x_wconf 82' lang='lat' dir='ltr'><strong>cipuum</strong></span> <span class='ocrx_word' id='word_1_640' title='bbox 768 4804 908 4857; x_wconf 88' lang='lat' dir='ltr'><strong>illius</strong></span> <span class='ocrx_word' id='word_1_641' title='bbox 936 4803 1171 4857; x_wconf 88' lang='lat' dir='ltr'><strong>studium</strong></span> <span class='ocrx_word' id='word_1_642' title='bbox 1208 4819 1312 4857; x_wconf 92' lang='lat' dir='ltr'><strong>non</strong></span> <span class='ocrx_word' id='word_1_643' title='bbox 1348 4815 1502 4858; x_wconf 86' lang='lat' dir='ltr'><strong>erant</strong></span> <span class='ocrx_word' id='word_1_644' title='bbox 1526 4803 1735 4868; x_wconf 62' lang='lat' dir='ltr'><strong>litterte,</strong></span> <span class='ocrx_word' id='word_1_645' title='bbox 1775 4806 1865 4859; x_wconf 90' lang='lat' dir='ltr'><strong>sed</strong></span> <span class='ocrx_word' id='word_1_646' title='bbox 1896 4804 2072 4873; x_wconf 92' lang='lat' dir='ltr'><strong>philo-</strong></span> 
     </span>
    </p>
   </div>
   <div class='ocr_carea' id='block_1_96' title="bbox 520 4893 1909 4964">
    <p class='ocr_par' dir='ltr' id='par_1_96' title="bbox 520 4893 1909 4964">
     <span class='ocr_line' id='line_1_96' title="bbox 520 4893 1909 4964; baseline 0.003 -19"><span class='ocrx_word' id='word_1_647' title='bbox 520 4896 701 4962; x_wconf 69' lang='lat' dir='ltr'><strong>sophia</strong></span> <span class='ocrx_word' id='word_1_648' title='bbox 725 4894 1051 4957; x_wconf 89' lang='lat' dir='ltr'><strong>Christiana,</strong></span> <span class='ocrx_word' id='word_1_649' title='bbox 1085 4894 1148 4947; x_wconf 89' lang='lat' dir='ltr'><strong>ad</strong></span> <span class='ocrx_word' id='word_1_650' title='bbox 1186 4908 1343 4964; x_wconf 91' lang='lat' dir='ltr'><strong>quam</strong></span> <span class='ocrx_word' id='word_1_651' title='bbox 1382 4893 1589 4949; x_wconf 83' lang='lat' dir='ltr'><strong>litteras</strong></span> <span class='ocrx_word' id='word_1_652' title='bbox 1620 4895 1909 4949; x_wconf 81' lang='lat' dir='ltr'><strong>referebat.</strong></span> 
     </span>
    </p>
   </div>
   <div class='ocr_carea' id='block_1_97' title="bbox 588 4985 2072 5055">
    <p class='ocr_par' dir='ltr' id='par_1_97' title="bbox 588 4985 2072 5055">
     <span class='ocr_line' id='line_1_97' title="bbox 588 4985 2072 5055; baseline 0.001 -16"><span class='ocrx_word' id='word_1_653' title='bbox 588 4985 714 5039; x_wconf 88' lang='lat' dir='ltr'><strong>.nde</strong></span> <span class='ocrx_word' id='word_1_654' title='bbox 748 4986 1266 5055; x_wconf 81' lang='lat' dir='ltr'><strong>Constantinopolim</strong></span> <span class='ocrx_word' id='word_1_655' title='bbox 1297 4986 1546 5049; x_wconf 89' lang='lat' dir='ltr'><strong>mittitur,</strong></span> <span class='ocrx_word' id='word_1_656' title='bbox 1574 5003 1692 5055; x_wconf 74' lang='lat' dir='ltr'><strong>qua:</strong></span> <span class='ocrx_word' id='word_1_657' title='bbox 1723 4988 1912 5041; x_wconf 83' lang='lat' dir='ltr'><strong>civitas</strong></span> <span class='ocrx_word' id='word_1_658' title='bbox 1945 4989 2072 5041; x_wconf 90' lang='lat' dir='ltr'><strong>rhe-</strong></span> 
     </span>
    </p>
   </div>
   <div class='ocr_carea' id='block_1_98' title="bbox 520 5077 2074 5147">
    <p class='ocr_par' dir='ltr' id='par_1_98' title="bbox 520 5077 2074 5147">
     <span class='ocr_line' id='line_1_98' title="bbox 520 5077 2074 5147; baseline 0.005 -22"><span class='ocrx_word' id='word_1_659' title='bbox 520 5077 723 5130; x_wconf 86' lang='lat' dir='ltr'><strong>toribus</strong></span> <span class='ocrx_word' id='word_1_660' title='bbox 752 5090 815 5131; x_wconf 86' lang='lat' dir='ltr'><strong>ac</strong></span> <span class='ocrx_word' id='word_1_661' title='bbox 859 5077 1187 5147; x_wconf 86' lang='lat' dir='ltr'><strong>philosophis</strong></span> <span class='ocrx_word' id='word_1_662' title='bbox 1218 5079 1670 5145; x_wconf 55' lang='lat' dir='ltr'><strong>praestantissimis</strong></span> <span class='ocrx_word' id='word_1_663' title='bbox 1716 5077 1957 5142; x_wconf 83' lang='lat' dir='ltr'><strong>ﬂorebat,</strong></span> <span class='ocrx_word' id='word_1_664' title='bbox 1991 5079 2074 5132; x_wconf 90' lang='lat' dir='ltr'><strong>in-</strong></span> 
     </span>
    </p>
   </div>
   <div class='ocr_carea' id='block_1_99' title="bbox 518 5166 2070 5236">
    <p class='ocr_par' dir='ltr' id='par_1_99' title="bbox 518 5166 2070 5236">
     <span class='ocr_line' id='line_1_99' title="bbox 518 5166 2070 5236; baseline 0.004 -21"><span class='ocrx_word' id='word_1_665' title='bbox 518 5170 627 5231; x_wconf 73' lang='lat' dir='ltr'><strong>quit</strong></span> <span class='ocrx_word' id='word_1_666' title='bbox 665 5166 989 5235; x_wconf 75' lang='lat' dir='ltr'><strong>Gregorius;</strong></span> <span class='ocrx_word' id='word_1_667' title='bbox 1021 5168 1175 5236; x_wconf 83' lang='lat' dir='ltr'><strong>cujus</strong></span> <span class='ocrx_word' id='word_1_668' title='bbox 1211 5184 1275 5222; x_wconf 84' lang='lat' dir='ltr'><strong>ex</strong></span> <span class='ocrx_word' id='word_1_669' title='bbox 1320 5169 1626 5222; x_wconf 88' lang='lat' dir='ltr'><strong>testimonio</strong></span> <span class='ocrx_word' id='word_1_670' title='bbox 1656 5178 1707 5221; x_wconf 89' lang='lat' dir='ltr'><strong>et</strong></span> <span class='ocrx_word' id='word_1_671' title='bbox 1738 5183 1800 5221; x_wconf 78' lang='lat' dir='ltr'><strong>ex</strong></span> <span class='ocrx_word' id='word_1_672' title='bbox 1833 5169 2070 5236; x_wconf 83' lang='lat' dir='ltr'><strong>superio-</strong></span> 
     </span>
    </p>
   </div>
   <div class='ocr_carea' id='block_1_100' title="bbox 519 5260 2069 5329">
    <p class='ocr_par' dir='ltr' id='par_1_100' title="bbox 519 5260 2069 5329">
     <span class='ocr_line' id='line_1_100' title="bbox 519 5260 2069 5329; baseline 0.004 -22"><span class='ocrx_word' id='word_1_673' title='bbox 519 5262 664 5311; x_wconf 70' lang='lat' dir='ltr'><strong>ribus</strong></span> <span class='ocrx_word' id='word_1_674' title='bbox 715 5273 787 5312; x_wconf 66' lang='lat' dir='ltr'><strong>vei</strong></span> <span class='ocrx_word' id='word_1_675' title='bbox 810 5260 922 5325; x_wconf 48' lang='lat' dir='ltr'><strong>bii,</strong></span> <span class='ocrx_word' id='word_1_676' title='bbox 971 5260 1304 5329; x_wconf 82' lang='lat' dir='ltr'><strong>philosophus</strong></span> <span class='ocrx_word' id='word_1_677' title='bbox 1359 5261 1515 5313; x_wconf 85' lang='lat' dir='ltr'><strong>etiam</strong></span> <span class='ocrx_word' id='word_1_678' title='bbox 1562 5270 1680 5313; x_wconf 84' lang='lat' dir='ltr'><strong>ante</strong></span> <span class='ocrx_word' id='word_1_679' title='bbox 1729 5260 2069 5327; x_wconf 74' lang='lat' dir='ltr'><strong>philosapltite</strong></span> 
     </span>
    </p>
   </div>
   <div class='ocr_carea' id='block_1_101' title="bbox 518 5352 2069 5420">
    <p class='ocr_par' dir='ltr' id='par_1_101' title="bbox 518 5352 2069 5420">
     <span class='ocr_line' id='line_1_101' title="bbox 518 5352 2069 5420; baseline 0.004 -21"><span class='ocrx_word' id='word_1_680' title='bbox 518 5352 746 5415; x_wconf 75' lang='lat' dir='ltr'><strong>decreta,</strong></span> <span class='ocrx_word' id='word_1_681' title='bbox 796 5352 1147 5420; x_wconf 82' lang='lat' dir='ltr'><strong>perspicimus</strong></span> <span class='ocrx_word' id='word_1_682' title='bbox 1186 5352 1434 5407; x_wconf 67' lang='lat' dir='ltr'><strong>Basiliam</strong></span> <span class='ocrx_word' id='word_1_683' title='bbox 1474 5354 1526 5408; x_wconf 93' lang='lat' dir='ltr'><strong>in</strong></span> <span class='ocrx_word' id='word_1_684' title='bbox 1571 5352 1703 5408; x_wconf 89' lang='lat' dir='ltr'><strong>urbe</strong></span> <span class='ocrx_word' id='word_1_685' title='bbox 1755 5352 2069 5408; x_wconf 69' lang='lat' dir='ltr'><strong>Cmsariensi</strong></span> 
     </span>
    </p>
   </div>
   <div class='ocr_carea' id='block_1_102' title="bbox 587 5532 910 5597">
    <p class='ocr_par' dir='ltr' id='par_1_102' title="bbox 587 5532 910 5597">
     <span class='ocr_line' id='line_1_102' title="bbox 587 5532 910 5597; baseline 0.012 -13"><span class='ocrx_word' id='word_1_686' title='bbox 587 5534 661 5597; x_wconf 79' lang='grc' dir='ltr'><strong>(η)</strong></span> <span class='ocrx_word' id='word_1_687' title='bbox 702 5532 794 5585; x_wconf 86' lang='lat' dir='ltr'><strong>Or.</strong></span> <span class='ocrx_word' id='word_1_688' title='bbox 820 5533 910 5588; x_wconf 66' lang='grc'><strong>20.</strong></span> 
     </span>
    </p>
   </div>
   <div class='ocr_carea' id='block_1_103' title="bbox 587 5603 1218 5669">
    <p class='ocr_par' dir='ltr' id='par_1_103' title="bbox 587 5603 1218 5669">
     <span class='ocr_line' id='line_1_103' title="bbox 587 5603 1218 5669; baseline 0.014 -21"><span class='ocrx_word' id='word_1_689' title='bbox 587 5605 659 5669; x_wconf 73' lang='grc' dir='ltr'>(ιι)</span> <span class='ocrx_word' id='word_1_690' title='bbox 703 5603 866 5667; x_wconf 77' lang='lat' dir='ltr'><strong>Epist.</strong></span> <span class='ocrx_word' id='word_1_691' title='bbox 892 5606 994 5659; x_wconf 61' lang='lat'><strong>3&amp;5</strong></span> <span class='ocrx_word' id='word_1_692' title='bbox 1020 5613 1071 5660; x_wconf 85' lang='lat' dir='ltr'><strong>et</strong></span> <span class='ocrx_word' id='word_1_693' title='bbox 1100 5606 1218 5660; x_wconf 76' lang='lat'><strong>538.</strong></span> 
     </span>
    </p>
   </div>
   <div class='ocr_carea' id='block_1_104' title="bbox 590 5672 946 5742">
    <p class='ocr_par' dir='ltr' id='par_1_104' title="bbox 590 5672 946 5742">
     <span class='ocr_line' id='line_1_104' title="bbox 590 5672 946 5742; baseline 0.017 -19"><span class='ocrx_word' id='word_1_694' title='bbox 590 5672 657 5738; x_wconf 69' lang='lat' dir='ltr'><strong>tr)</strong></span> <span class='ocrx_word' id='word_1_695' title='bbox 702 5672 795 5742; x_wconf 76' lang='lat' dir='ltr'><strong>Ep.</strong></span> <span class='ocrx_word' id='word_1_696' title='bbox 824 5674 946 5729; x_wconf 72' lang='lat' dir='ltr'><strong>55b.</strong></span> 
     </span>
    </p>
   </div>
   <div class='ocr_carea' id='block_1_105' title="bbox 2184 4528 3729 4596">
    <p class='ocr_par' dir='ltr' id='par_1_105' title="bbox 2184 4528 3729 4596">
     <span class='ocr_line' id='line_1_105' title="bbox 2184 4528 3729 4596; baseline -0.003 -11"><span class='ocrx_word' id='word_1_697' title='bbox 2184 4542 2397 4586; x_wconf 89' lang='lat' dir='ltr'><strong>ventum</strong></span> <span class='ocrx_word' id='word_1_698' title='bbox 2436 4532 2571 4583; x_wconf 78' lang='lat' dir='ltr'><strong>fama</strong></span> <span class='ocrx_word' id='word_1_699' title='bbox 2630 4530 2927 4596; x_wconf 86' lang='lat' dir='ltr'><strong>nuntiavit,</strong></span> <span class='ocrx_word' id='word_1_700' title='bbox 2973 4542 3340 4595; x_wconf 90' lang='lat' dir='ltr'><strong>summamque</strong></span> <span class='ocrx_word' id='word_1_701' title='bbox 3373 4528 3729 4595; x_wconf 79' lang='lat' dir='ltr'><strong>exspectatio—</strong></span> 
     </span>
    </p>
   </div>
   <div class='ocr_carea' id='block_1_106' title="bbox 2183 4618 3732 4689">
    <p class='ocr_par' dir='ltr' id='par_1_106' title="bbox 2183 4618 3732 4689">
     <span class='ocr_line' id='line_1_106' title="bbox 2183 4618 3732 4689; baseline -0.006 -10"><span class='ocrx_word' id='word_1_702' title='bbox 2183 4640 2305 4679; x_wconf 90' lang='lat' dir='ltr'><strong>nem</strong></span> <span class='ocrx_word' id='word_1_703' title='bbox 2339 4623 2589 4676; x_wconf 91' lang='lat' dir='ltr'><strong>omnibus</strong></span> <span class='ocrx_word' id='word_1_704' title='bbox 2631 4622 2816 4687; x_wconf 91' lang='lat' dir='ltr'><strong>movit,</strong></span> <span class='ocrx_word' id='word_1_705' title='bbox 2862 4621 3127 4689; x_wconf 71' lang='lat' dir='ltr'><strong>prazcipue</strong></span> <span class='ocrx_word' id='word_1_706' title='bbox 3172 4633 3301 4672; x_wconf 89' lang='lat' dir='ltr'><strong>vero</strong></span> <span class='ocrx_word' id='word_1_707' title='bbox 3331 4618 3589 4687; x_wconf 80' lang='lat' dir='ltr'><strong>Gregorio</strong></span> <span class='ocrx_word' id='word_1_708' title='bbox 3631 4618 3732 4671; x_wconf 86' lang='lat' dir='ltr'><strong>Na-</strong></span> 
     </span>
    </p>
   </div>
   <div class='ocr_carea' id='block_1_107' title="bbox 2181 4709 3731 4780">
    <p class='ocr_par' dir='ltr' id='par_1_107' title="bbox 2181 4709 3731 4780">
     <span class='ocr_line' id='line_1_107' title="bbox 2181 4709 3731 4780; baseline -0.006 -12"><span class='ocrx_word' id='word_1_709' title='bbox 2181 4715 2457 4779; x_wconf 80' lang='lat' dir='ltr'><strong>zianzeno,</strong></span> <span class='ocrx_word' id='word_1_710' title='bbox 2494 4712 2578 4779; x_wconf 89' lang='lat' dir='ltr'><strong>qui</strong></span> <span class='ocrx_word' id='word_1_711' title='bbox 2614 4710 2768 4780; x_wconf 88' lang='lat' dir='ltr'><strong>paulo</strong></span> <span class='ocrx_word' id='word_1_712' title='bbox 2807 4720 2930 4763; x_wconf 90' lang='lat' dir='ltr'><strong>ante</strong></span> <span class='ocrx_word' id='word_1_713' title='bbox 2982 4710 3032 4762; x_wconf 94' lang='lat' dir='ltr'><strong>in</strong></span> <span class='ocrx_word' id='word_1_714' title='bbox 3064 4709 3203 4762; x_wconf 88' lang='lat' dir='ltr'><strong>hanc</strong></span> <span class='ocrx_word' id='word_1_715' title='bbox 3240 4709 3421 4761; x_wconf 89' lang='lat' dir='ltr'><strong>urbem</strong></span> <span class='ocrx_word' id='word_1_716' title='bbox 3457 4723 3576 4762; x_wconf 90' lang='lat' dir='ltr'><strong>sese</strong></span> <span class='ocrx_word' id='word_1_717' title='bbox 3605 4723 3731 4761; x_wconf 88' lang='lat' dir='ltr'><strong>con-</strong></span> 
     </span>
    </p>
   </div>
   <div class='ocr_carea' id='block_1_108' title="bbox 2184 4796 3732 4868">
    <p class='ocr_par' dir='ltr' id='par_1_108' title="bbox 2184 4796 3732 4868">
     <span class='ocr_line' id='line_1_108' title="bbox 2184 4796 3732 4868; baseline -0.006 -10"><span class='ocrx_word' id='word_1_718' title='bbox 2184 4805 2400 4868; x_wconf 86' lang='lat' dir='ltr'><strong>tulerat,</strong></span> <span class='ocrx_word' id='word_1_719' title='bbox 2432 4818 2493 4856; x_wconf 89' lang='lat' dir='ltr'><strong>ac</strong></span> <span class='ocrx_word' id='word_1_720' title='bbox 2525 4802 2774 4855; x_wconf 78' lang='lat' dir='ltr'><strong>Basiliam</strong></span> <span class='ocrx_word' id='word_1_721' title='bbox 2814 4800 3073 4853; x_wconf 63' lang='lat' dir='ltr'><strong>Cmsareae</strong></span> <span class='ocrx_word' id='word_1_722' title='bbox 3102 4808 3444 4865; x_wconf 72' lang='lat' dir='ltr'><strong>cognoverat.</strong></span> <span class='ocrx_word' id='word_1_723' title='bbox 3479 4796 3591 4851; x_wconf 82' lang='lat' dir='ltr'><strong>Mos</strong></span> <span class='ocrx_word' id='word_1_724' title='bbox 3618 4808 3732 4850; x_wconf 87' lang='lat' dir='ltr'><strong>erat</strong></span> 
     </span>
    </p>
   </div>
   <div class='ocr_carea' id='block_1_109' title="bbox 2180 4887 3735 4954">
    <p class='ocr_par' dir='ltr' id='par_1_109' title="bbox 2180 4887 3735 4954">
     <span class='ocr_line' id='line_1_109' title="bbox 2180 4887 3735 4954; baseline -0.005 -5"><span class='ocrx_word' id='word_1_725' title='bbox 2180 4894 2421 4954; x_wconf 87' lang='lat' dir='ltr'><strong>Athenis,</strong></span> <span class='ocrx_word' id='word_1_726' title='bbox 2467 4904 2527 4946; x_wconf 91' lang='lat' dir='ltr'><strong>nt</strong></span> <span class='ocrx_word' id='word_1_727' title='bbox 2574 4892 2968 4954; x_wconf 87' lang='lat' dir='ltr'><strong>adolescentes,</strong></span> <span class='ocrx_word' id='word_1_728' title='bbox 2997 4890 3121 4941; x_wconf 88' lang='lat' dir='ltr'><strong>dum</strong></span> <span class='ocrx_word' id='word_1_729' title='bbox 3156 4887 3350 4943; x_wconf 68' lang='lat' dir='ltr'><strong>scholae</strong></span> <span class='ocrx_word' id='word_1_730' title='bbox 3396 4902 3505 4941; x_wconf 64' lang='lat' dir='ltr'><strong>suae</strong></span> <span class='ocrx_word' id='word_1_731' title='bbox 3546 4902 3735 4942; x_wconf 85' lang='lat' dir='ltr'><strong>nume-</strong></span> 
     </span>
    </p>
   </div>
   <div class='ocr_carea' id='block_1_110' title="bbox 2188 4978 3732 5053">
    <p class='ocr_par' dir='ltr' id='par_1_110' title="bbox 2188 4978 3732 5053">
     <span class='ocr_line' id='line_1_110' title="bbox 2188 4978 3732 5053; baseline -0.005 -14"><span class='ocrx_word' id='word_1_732' title='bbox 2188 5002 2303 5047; x_wconf 87' lang='lat' dir='ltr'><strong>rum</strong></span> <span class='ocrx_word' id='word_1_733' title='bbox 2338 4998 2532 5053; x_wconf 81' lang='lat' dir='ltr'><strong>augere</strong></span> <span class='ocrx_word' id='word_1_734' title='bbox 2562 4992 2615 5036; x_wconf 91' lang='lat' dir='ltr'><strong>et</strong></span> <span class='ocrx_word' id='word_1_735' title='bbox 2654 4982 2734 5035; x_wconf 89' lang='lat' dir='ltr'><strong>sui</strong></span> <span class='ocrx_word' id='word_1_736' title='bbox 2779 4981 3004 5049; x_wconf 88' lang='lat' dir='ltr'><strong>quisque</strong></span> <span class='ocrx_word' id='word_1_737' title='bbox 3037 4979 3289 5048; x_wconf 77' lang='lat' dir='ltr'><strong>sophista:</strong></span> <span class='ocrx_word' id='word_1_738' title='bbox 3321 4994 3426 5033; x_wconf 62' lang='lat' dir='ltr'><strong>aera</strong></span> <span class='ocrx_word' id='word_1_739' title='bbox 3477 4978 3732 5048; x_wconf 84' lang='lat' dir='ltr'><strong>ampliare</strong></span> 
     </span>
    </p>
   </div>
   <div class='ocr_carea' id='block_1_111' title="bbox 2185 5071 3729 5146">
    <p class='ocr_par' dir='ltr' id='par_1_111' title="bbox 2185 5071 3729 5146">
     <span class='ocr_line' id='line_1_111' title="bbox 2185 5071 3729 5146; baseline -0.005 -17"><span class='ocrx_word' id='word_1_740' title='bbox 2185 5078 2428 5146; x_wconf 85' lang='lat' dir='ltr'><strong>cupiunt,</strong></span> <span class='ocrx_word' id='word_1_741' title='bbox 2478 5082 2920 5144; x_wconf 70' lang='lat' dir='ltr'><strong>prmoccuparent</strong></span> <span class='ocrx_word' id='word_1_742' title='bbox 2960 5072 3138 5136; x_wconf 89' lang='lat' dir='ltr'><strong>urbes,</strong></span> <span class='ocrx_word' id='word_1_743' title='bbox 3187 5071 3321 5134; x_wconf 87' lang='lat' dir='ltr'><strong>vias,</strong></span> <span class='ocrx_word' id='word_1_744' title='bbox 3354 5071 3611 5124; x_wconf 86' lang='lat' dir='ltr'><strong>montium</strong></span> <span class='ocrx_word' id='word_1_745' title='bbox 3642 5084 3729 5122; x_wconf 83' lang='lat' dir='ltr'><strong>ca-</strong></span> 
     </span>
    </p>
   </div>
   <div class='ocr_carea' id='block_1_112' title="bbox 2186 5161 3731 5235">
    <p class='ocr_par' dir='ltr' id='par_1_112' title="bbox 2186 5161 3731 5235">
     <span class='ocr_line' id='line_1_112' title="bbox 2186 5161 3731 5235; baseline -0.006 -14"><span class='ocrx_word' id='word_1_746' title='bbox 2186 5170 2418 5231; x_wconf 85' lang='lat' dir='ltr'><strong>cumina,</strong></span> <span class='ocrx_word' id='word_1_747' title='bbox 2447 5180 2687 5235; x_wconf 88' lang='lat' dir='ltr'><strong>campos,</strong></span> <span class='ocrx_word' id='word_1_748' title='bbox 2717 5164 3048 5226; x_wconf 84' lang='lat' dir='ltr'><strong>solitudines,</strong></span> <span class='ocrx_word' id='word_1_749' title='bbox 3079 5178 3263 5215; x_wconf 80' lang='lat' dir='ltr'><strong>omnes</strong></span> <span class='ocrx_word' id='word_1_750' title='bbox 3289 5162 3517 5229; x_wconf 88' lang='lat' dir='ltr'><strong>denique</strong></span> <span class='ocrx_word' id='word_1_751' title='bbox 3544 5161 3731 5215; x_wconf 65' lang='lat' dir='ltr'><strong>Attica:</strong></span> 
     </span>
    </p>
   </div>
   <div class='ocr_carea' id='block_1_113' title="bbox 2186 5252 3725 5325">
    <p class='ocr_par' dir='ltr' id='par_1_113' title="bbox 2186 5252 3725 5325">
     <span class='ocr_line' id='line_1_113' title="bbox 2186 5252 3725 5325; baseline -0.005 -16"><span class='ocrx_word' id='word_1_752' title='bbox 2186 5276 2245 5311; x_wconf 78' lang='lat' dir='ltr'><strong>ac</strong></span> <span class='ocrx_word' id='word_1_753' title='bbox 2279 5258 2493 5325; x_wconf 67' lang='lat' dir='ltr'><strong>reliqua!</strong></span> <span class='ocrx_word' id='word_1_754' title='bbox 2536 5256 2757 5310; x_wconf 65' lang='lat' dir='ltr'><strong>Graecia:</strong></span> <span class='ocrx_word' id='word_1_755' title='bbox 2802 5264 3004 5324; x_wconf 89' lang='lat' dir='ltr'><strong>partes,</strong></span> <span class='ocrx_word' id='word_1_756' title='bbox 3047 5263 3208 5322; x_wconf 89' lang='lat' dir='ltr'><strong>atque</strong></span> <span class='ocrx_word' id='word_1_757' title='bbox 3251 5254 3391 5322; x_wconf 87' lang='lat' dir='ltr'><strong>ipsos</strong></span> <span class='ocrx_word' id='word_1_758' title='bbox 3434 5253 3594 5306; x_wconf 89' lang='lat' dir='ltr'><strong>etiam</strong></span> <span class='ocrx_word' id='word_1_759' title='bbox 3644 5252 3725 5304; x_wconf 81' lang='lat' dir='ltr'><strong>i&#39;n-</strong></span> 
     </span>
    </p>
   </div>
   <div class='ocr_carea' id='block_1_114' title="bbox 2191 5343 3732 5417">
    <p class='ocr_par' dir='ltr' id='par_1_114' title="bbox 2191 5343 3732 5417">
     <span class='ocr_line' id='line_1_114' title="bbox 2191 5343 3732 5417; baseline 0 -16"><span class='ocrx_word' id='word_1_760' title='bbox 2191 5350 2356 5413; x_wconf 83' lang='lat' dir='ltr'><strong>colas,</strong></span> <span class='ocrx_word' id='word_1_761' title='bbox 2381 5363 2604 5417; x_wconf 88' lang='lat' dir='ltr'><strong>quorum</strong></span> <span class='ocrx_word' id='word_1_762' title='bbox 2635 5348 2922 5401; x_wconf 79' lang='lat' dir='ltr'><strong>maximam</strong></span> <span class='ocrx_word' id='word_1_763' title='bbox 2950 5357 3155 5417; x_wconf 90' lang='lat' dir='ltr'><strong>partem</strong></span> <span class='ocrx_word' id='word_1_764' title='bbox 3184 5346 3235 5401; x_wconf 90' lang='lat' dir='ltr'><strong>in</strong></span> <span class='ocrx_word' id='word_1_765' title='bbox 3273 5362 3364 5402; x_wconf 90' lang='lat' dir='ltr'><strong>sua</strong></span> <span class='ocrx_word' id='word_1_766' title='bbox 3394 5346 3568 5402; x_wconf 86' lang='lat' dir='ltr'><strong>studia</strong></span> <span class='ocrx_word' id='word_1_767' title='bbox 3593 5343 3732 5404; x_wconf 85' lang='lat' dir='ltr'><strong>scin-</strong></span> 
     </span>
    </p>
   </div>
   <div class='ocr_carea' id='block_1_115' title="bbox 2259 5529 2778 5599">
    <p class='ocr_par' dir='ltr' id='par_1_115' title="bbox 2259 5529 2778 5599">
     <span class='ocr_line' id='line_1_115' title="bbox 2259 5529 2778 5599; baseline 0 -18"><span class='ocrx_word' id='word_1_768' title='bbox 2259 5530 2334 5599; x_wconf 79' lang='lat' dir='ltr'><strong>(d)</strong></span> <span class='ocrx_word' id='word_1_769' title='bbox 2376 5529 2489 5583; x_wconf 81' lang='lat' dir='ltr'><strong>Lib.</strong></span> <span class='ocrx_word' id='word_1_770' title='bbox 2519 5546 2590 5594; x_wconf 87' lang='lat' dir='ltr'><strong>tv,</strong></span> <span class='ocrx_word' id='word_1_771' title='bbox 2621 5547 2669 5585; x_wconf 84' lang='lat' dir='ltr'><strong>c.</strong></span> <span class='ocrx_word' id='word_1_772' title='bbox 2692 5529 2778 5582; x_wconf 72' lang='grc'><strong>26.</strong></span> 
     </span>
    </p>
   </div>
   <div class='ocr_carea' id='block_1_116' title="bbox 2261 5600 2772 5665">
    <p class='ocr_par' dir='ltr' id='par_1_116' title="bbox 2261 5600 2772 5665">
     <span class='ocr_line' id='line_1_116' title="bbox 2261 5600 2772 5665; baseline 0.004 -14"><span class='ocrx_word' id='word_1_773' title='bbox 2261 5600 2328 5665; x_wconf 60' lang='lat' dir='ltr'><strong>(ei</strong></span> <span class='ocrx_word' id='word_1_774' title='bbox 2368 5600 2478 5652; x_wconf 75' lang='lat' dir='ltr'><strong>Lib.</strong></span> <span class='ocrx_word' id='word_1_775' title='bbox 2508 5616 2579 5661; x_wconf 85' lang='lat' dir='ltr'><strong>vi,</strong></span> <span class='ocrx_word' id='word_1_776' title='bbox 2613 5617 2659 5653; x_wconf 88' lang='lat' dir='ltr'><strong>c.</strong></span> <span class='ocrx_word' id='word_1_777' title='bbox 2690 5601 2772 5653; x_wconf 83' lang='lat' dir='ltr'><strong>l7.</strong></span> 
     </span>
    </p>
   </div>
   <div class='ocr_carea' id='block_1_117' title="bbox 2262 5669 2773 5739">
    <p class='ocr_par' dir='ltr' id='par_1_117' title="bbox 2262 5669 2773 5739">
     <span class='ocr_line' id='line_1_117' title="bbox 2262 5669 2773 5739; baseline 0.004 -15"><span class='ocrx_word' id='word_1_778' title='bbox 2262 5674 2325 5739; x_wconf 58' lang='grc' dir='ltr'>αἰ</span> <span class='ocrx_word' id='word_1_779' title='bbox 2373 5670 2497 5725; x_wconf 76' lang='lat' dir='ltr'><strong>Naz.</strong></span> <span class='ocrx_word' id='word_1_780' title='bbox 2525 5682 2660 5724; x_wconf 80' lang='lat' dir='ltr'><strong>orat.</strong></span> <span class='ocrx_word' id='word_1_781' title='bbox 2684 5669 2773 5726; x_wconf 61' lang='lat'><strong>“20.</strong></span> 
     </span>
    </p>
   </div>
  </div>
