3992 6392
1481 330 1643 385 VIII‘A
1684 328 1739 383 S.
1782 323 2049 381 BASILH.
3318 321 3366 359 x1

149 458 339 514 orbant.
390 452 466 508 Ut
520 453 759 522 quisque
787 460 987 523 .autem
1029 449 1287 517 juvenum
1336 446 1575 502 Athenas
1619 459 1711 500 ve-
1741 446 1785 502 A
1818 455 1870 497 et
1902 441 2136 496 studium
2177 436 2350 489 virtus
2386 441 2502 487 erat
2534 452 2545 485 :
2586 440 2810 497 uterque
2844 430 2995 483 allen
3030 442 3212 482 norma
3256 437 3370 480 erat

142 552 316 607 aiebat,
342 546 540 600 statim
582 560 706 599 eum
741 542 826 597 vel
873 543 923 595 vi
967 540 1050 593 vel
1096 549 1287 606 sponte
1320 553 1473 593 suum
1524 536 1702 591 facere

143 642 475 697 secabantur.
514 635 569 689 Is
617 637 851 704 primum
903 632 1043 702 apud
1090 646 1274 686 eorum
1324 630 1578 699 aliquem,
1611 629 1700 696 qui

145 736 321 797 priores
360 743 495 784 eum
553 734 849 795 ceperant,
896 724 1129 794 hospitio
1167 721 1559 791 excipiebatur,
1590 719 1703 774 sive

144 826 318 875 amicus
365 828 549 881 esset,
598 818 715 873 sive
746 816 1100 886 propinquus,
1145 814 1259 868 sive
1288 813 1443 879 civis,
1490 812 1604 866 sive
1633 826 1699 865 ex

148 931 298 969 eorum
344 926 613 973 numero,
652 909 743 977 qui
790 906 1054 961 mercedis
1103 906 1219 960 loco
1264 902 1523 972 sophistis
1565 903 1704 956 hanc

152 1004 343 1074 agendi
394 1018 598 1058 eorum
650 1001 787 1054 lucri
823 1014 1009 1054 curam
1057 995 1453 1067 persolvebant.
1501 993 1704 1050 Deinde

152 1096 385 1151 conviciis
414 1110 442 1146 a
478 1093 733 1163 quolibet
775 1091 1164 1156 lacessebatur,
1194 1096 1243 1143 et
1280 1103 1375 1156 per
1420 1085 1593 1140 forum
1639 1085 1705 1139 ad

151 1188 370 1240 latneum
427 1200 559 1238 cum
626 1196 817 1251 pompa
884 1180 1269 1234 deducebatur.
1324 1176 1517 1246 [Equis
1563 1175 1702 1230 enim

150 1279 307 1343 spatiis
340 1277 494 1329 inter
538 1290 602 1329 se
646 1271 920 1335 distincti,
968 1270 1078 1324 bini
1120 1284 1242 1324 eum
1295 1265 1701 1322 antecedebant.

148 1371 419 1435 Postquam
468 1375 658 1420 autem
705 1364 924 1433 propius
972 1372 1349 1424 accesserant,
1402 1370 1512 1414 tum
1576 1371 1707 1412 vero

145 1466 274 1529 quasi
307 1461 499 1515 furore
528 1460 765 1526 correpti
802 1457 1094 1521 saltabant,
1123 1466 1178 1510 et
1212 1455 1445 1509 maximo
1472 1455 1709 1509 clamore

146 1557 339 1609 sublato
387 1556 594 1607 sistere
627 1551 905 1618 iubebant,
946 1564 1047 1603 nec
1086 1548 1167 1602 fas
1198 1562 1317 1602 esse
1352 1548 1552 1618 ingredi
1582 1565 1596 1602 :
1630 1548 1707 1600 si-

146 1647 345 1715 mitique
380 1646 620 1712 pulsatis
654 1643 834 1711 jauuis
859 1641 1111 1708 juvenem
1146 1638 1447 1705 terrebant,
1494 1653 1558 1691 ac
1592 1645 1710 1691 tan-

146 1745 247 1790 dem
290 1736 442 1790 aditu
499 1749 761 1790 coacesso
808 1734 861 1785 in
910 1731 1210 1785 libertatem
1260 1728 1601 1792 asserebant,
1648 1741 1712 1781 ac

1808 543 1862 586 et
1896 529 2074 600 regula
2112 525 2424 589 vivendi,et
2460 523 2586 593 quid
2621 530 2823 575 rectum
2856 534 3025 575 necne
3056 519 3127 573 sit
3171 519 3374 572 disccr«

1813 622 1997 677 nendi.
2023 618 2206 686 Neque
2234 631 2296 670 ex
2333 612 2606 669 sodalibus
2642 610 2692 664 in
2731 624 2883 665 suam
2932 607 3371 664 consuetudinem

1810 710 2184 772 asciscehant,
2236 705 2334 763 nisi
2380 704 2467 773 qui
2512 701 2800 757 castissimi
2842 708 2897 754 et
2922 697 3250 769 pacatissimi
3285 712 3372 750 es-

1811 812 1947 859 sent.
1981 803 2104 855 Duae
2142 798 2244 853 illis
2294 806 2431 850 notae
2494 803 2649 848 erant
2690 793 2818 857 viae,
2867 789 3034 844 altera
3082 789 3148 842 ad
3195 801 3377 841 sacras

1811 897 1952 951 aedes
2004 893 2476 951 Christianorum,
2532 885 2699 939 altera
2748 885 2814 937 ad
2862 880 3075 938 scholas
3123 879 3372 934 ducens:

1812 992 1969 1055 festa,
2019 990 2251 1048 theatra,
2302 983 2541 1039 celebres
2590 987 2887 1035 conventus
2930 984 2983 1029 et
3033 972 3276 1029 convivia
3314 970 3376 1022 li-

1814 1084 1999 1138 benter
2048 1078 2168 1132 aliis
2223 1075 2616 1143 relinquebant.
2667 1069 2810 1124 Nihil
2866 1067 3053 1137 majori
3106 1066 3371 1122 ducebant

1814 1174 1975 1238 laudi,
2007 1186 2165 1242 quam
2205 1178 2260 1222 ut
2295 1164 2587 1221 Christiani
2618 1172 2802 1218 essent
2833 1172 2886 1215 et
2918 1162 3326 1214 nominarentur
3354 1174 3367 1209 :

1812 1273 1866 1317 et
1905 1265 1956 1316 in
2004 1275 2067 1314 ea
2120 1262 2271 1319 urbe,
2322 1270 2439 1326 qua:
2493 1252 2798 1308 simulacris
2845 1266 2908 1305 ac
2961 1248 3371 1304 simulacrorum

1814 1351 2177 1409 laudatoribus
2234 1359 2287 1403 et
2344 1346 2578 1417 patronis
2640 1341 2983 1404 abundabat,
3042 1354 3145 1393 non
3216 1337 3372 1392 modo

1815 1444 1959 1501 nulla
1997 1456 2215 1512 prorsus
2246 1454 2375 1492 aura
2417 1434 2817 1505 superstitionis
2854 1430 3018 1486 aiilati
3070 1438 3231 1495 sunt,
3279 1427 3385 1483 sed-

1815 1533 1974 1588 etiam
2025 1528 2210 1585 fraude
2249 1526 2416 1581 oculis
2463 1525 2577 1579 suis
2622 1524 2735 1578 visa
2786 1538 2847 1575 ac
2906 1529 3219 1590 perspecta,
3266 1516 3372 1571 illic

1816 1625 2085 1680 daimones
2128 1621 2359 1675 maxime
2388 1623 2848 1684 contempserunt,
2880 1613 2967 1667 ubi
3008 1611 3240 1666 maxime
3287 1623 3375 1663 co-

1819 1714 2079 1771 lebantur.
2108 1711 2315 1766 Eximia
2346 1708 2525 1763 Basilii
2552 1716 2603 1761 et
2637 1705 2878 1775 Gregorii
2913 1701 3218 1770 coniunctio
3246 1714 3374 1755 cou-

147 1830 386 1894 deinceps
416 1824 690 1880 sodalium
722 1837 946 1876 numero
979 1819 1367 1875 ascribcbatur.
1398 1816 1708 1888 Gregorius,
1742 1802 1782 1860 Β
1813 1807 2030 1862 ﬂaverat
2061 1805 2202 1859 circa
2233 1817 2324 1855 eos
2358 1799 2521 1853 veluti
2568 1796 2834 1867 quoddam
2886 1794 3181 1848 amicorum
3232 1792 3377 1844 idem

146 1921 225 1986 qui
272 1917 539 1971 Basilium
592 1915 965 1979 reverebatur,
1019 1926 1225 1966 morum
1282 1909 1598 1980 gravitatem
1657 1916 1713 1960 et

147 2024 443 2064 sermonum
493 2006 845 2077 prudentiam
892 2005 1112 2069 videns,
1160 2004 1225 2057 iis
1272 2003 1361 2071 qui
1411 2000 1555 2055 illum
1606 2014 1710 2054 non

150 2110 393 2153 noverant
430 2096 735 2166 persuasit,
781 2105 839 2149 ut
876 2095 1013 2148 idem
1057 2096 1123 2148 de
1163 2093 1252 2148 illo
1286 2093 1569 2147 sentirent.
1612 2091 1715 2145 lta-

148 2208 241 2259 qur.
267 2191 414 2244 solus
448 2189 567 2243 fere
596 2202 665 2241 ex
712 2186 963 2239 omnibus
995 2184 1214 2239 advenis
1249 2195 1586 2237 communem
1630 2181 1711 2235 le-

150 2300 254 2351 εςιω
288 2281 508 2350 cﬂ'ugit.

207 2372 283 2427 ill.
327 2371 609 2425 Amicitiae
643 2368 962 2437 Gregorium
1015 2367 1155 2421 inter
1182 2375 1237 2420 et
1279 2364 1534 2419 Basiliuni
1582 2365 1715 2433 igni-

148 2467 241 2519 cuti
283 2466 415 2519 inde
460 2463 843 2525 emicuerunt,
887 2474 951 2514 ac
986 2459 1142 2528 paulo
1192 2468 1311 2528 post
1359 2459 1410 2513 in
1464 2473 1712 2528 magnam

151 2558 305 2610 facem
362 2568 512 2607 novo
582 2552 836 2622 Gregorii
901 2549 1163 2604 beneﬁcio
1216 2560 1521 2604 creverunt.
1576 2548 1709 2603 Nam

152 2663 258 2701 cum
282 2644 530 2701 Armenii
567 2644 819 2712 quidam,
854 2642 982 2695 olim
1017 2640 1196 2694 Basilii
1232 2644 1331 2695 sub
1366 2641 1532 2711 ipsius
1567 2651 1719 2711 patre

150 2734 517 2804 condiscipuli,
554 2732 707 2786 illius
744 2731 930 2786 laudes
968 2730 1161 2784 invidis
1188 2730 1356 2783 oculis
1391 2730 1717 2800 aspicerent,

154 2841 359 2896 eumque
394 2826 515 2880 suis
546 2823 1080 2894 argumentationum
1120 2822 1272 2876 tricis
1304 2836 1498 2890 capere
1549 2831 1721 2877 tenta-

160 2930 283 2977 rent,
333 2913 675 2984 Gregorius,
731 2911 821 2980 qui
876 2911 1058 2980 gloria:
1116 2910 1444 2965 Athenarum
1500 2912 1723 2980 cupidus

156 3016 276 3070 erat,
300 3007 518 3060 veritus
552 3018 627 3058 ne
657 3001 788 3072 quid
823 3002 1012 3056 civitas
1053 3003 1333 3056 dedecoris
1361 3001 1646 3071 acciperet,
1677 3001 1722 3056 si

152 3113 303 3152 novus
362 3095 566 3152 accola
645 3092 982 3163 antiquiores
1047 3101 1355 3162 superaret,
1404 3094 1576 3162 primo
1618 3093 1717 3147 Ar-

1815 1895 2158 1954 sentieutium
2214 1890 2553 1955 sodalitium,
2604 1888 2756 1959 cujus
2808 1887 2913 1941 dux
2967 1894 3021 1939 et
3071 1893 3369 1953 praeceptor

1818 1988 2063 2043 Basilius.
2094 1984 2206 2038 Non
2262 1983 2480 2037 dubium
2517 1981 2645 2050 quin
2696 1977 2935 2049 ejusdem
2996 1976 3223 2045 agminis
3271 1974 3378 2029 dux

1819 2080 1950 2136 alter
1980 2077 2245 2134 exstiterit
2292 2073 2604 2144 Gregorius,
2649 2071 2895 2141 quamvis
2926 2069 2994 2123 de
3040 2084 3097 2124 se
3142 2070 3254 2137 ipse
3295 2078 3370 2122 ta-

1820 2180 1957 2226 ceat.
2000 2168 2125 2223 lude
2176 2166 2390 2229 evenit,
2442 2176 2500 2221 ut
2533 2162 2803 2234 egregium
2845 2160 2974 2215 illud
3029 2175 3126 2229 par
3178 2159 3380 2213 amico-

1821 2278 1936 2317 rum
1968 2276 2070 2315 non
2116 2260 2167 2313 in
2204 2259 2403 2314 Graecia
2436 2256 2633 2319 solum,
2679 2255 2772 2309 sed
2821 2254 2981 2307 etiam
3029 2262 3181 2308 extra
3230 2250 3380 2308 Grac-

1821 2358 1955 2411 ciam
1991 2354 2370 2416 celebraretur,
2410 2359 2465 2405 et
2505 2363 2623 2402 cum
2656 2362 2842 2402 eorum
2891 2345 3129 2415 magistri
3174 2343 3373 2398 fumant

1821 2450 2147 2504 Athenarum
2200 2445 2576 2513 adaequarent,
2624 2442 2723 2510 ipsi
2774 2453 3027 2509 quoque,
3074 2437 3378 2507 ubicunque

1823 2540 1933 2595 noti
1979 2546 2133 2592 erant
2177 2535 2461 2605 magistri,
2500 2535 2552 2587 in
2594 2532 2869 2588 homin..m
2903 2544 2997 2585 ore
3044 2537 3385 2585 versarentur

1823 2643 1876 2687 et
1922 2629 2095 2685 Oresti
2147 2643 2209 2682 ac
2264 2625 2449 2697 Pyladi
2502 2625 2655 2693 longe
2731 2623 2797 2677 ab
2849 2621 3100 2676 omnibus
3160 2618 3387 2674 urznl'er-

1826 2738 1918 2777 reu
1927 2732 2029 2775 llll‘.

1897 2813 1984 2868 IV.
2030 2811 2123 2867 llis
2180 2808 2436 2880 prmditus
2501 2814 2617 2861 erat
2688 2804 2927 2859 moribus
2989 2801 3251 2865 Basilius,
3297 2799 3388 2869 qui

1829 2906 1992 2962 etiam
2027 2904 2142 2959 sine
2170 2900 2416 2957 doctrina
2448 2898 2660 2953 laudem
2689 2896 3039 2961 habuissent;
3075 2891 3165 2950 sed
3196 2891 3261 2947 ad
3293 2891 3389 2946 hos

1830 3012 2007 3054 mores
2047 3004 2100 3049 et
2131 2993 2207 3065 (p.
2232 2992 2359 3064 535)
2400 2990 2670 3062 egregiam
2706 2987 2940 3043 indolem
2975 2995 3121 3040 tanta
3164 2982 3391 3038 accessit

1832 3090 2085 3145 doctrina:
2114 3086 2287 3156 copia,
2334 3092 2393 3139 ut
2440 3098 2596 3138 nemo
2627 3095 2746 3135 cum
2775 3094 2838 3134 eo
2881 3075 3278 3148 comparandus
3303 3086 3391 3128 es-

156 3188 328 3243 tneaiis
362 3202 533 3256 opem
574 3184 815 3248 ferebat;
846 3192 900 3237 at
932 3182 1021 3236 ubi
1064 3183 1326 3252 perﬁdum
1358 3182 1568 3238 illorum
1598 3200 1727 3240 con-
1754 3165 1796 3222 Ο
1831 3194 1943 3247 set,
1990 3181 2104 3237 sive
2150 3179 2200 3232 in
2237 3178 2502 3232 rhetorica
2527 3215 2542 3240 ,
2594 3175 2706 3230 sive
2750 3173 2803 3228 in
2858 3169 3228 3243 grammatica,
3272 3180 3391 3234 qua:

156 3277 311 3331 s'dium
356 3275 673 3345 perspexit,
702 3281 871 3328 totum
901 3288 961 3329 se
1000 3274 1064 3327 ad
1114 3272 1369 3328 Basiliqu
1399 3276 1595 3340 vertit,
1639 3291 1729 3331 eo-

154 3383 243 3433 que
284 3367 598 3437 adiuvante
644 3363 888 3419 Armenii
942 3364 1155 3434 penitus
1199 3365 1322 3420 fusi.
1375 3364 1503 3421 lude
1540 3364 1728 3420 Arme-

156 3472 350 3510 niorum
392 3455 494 3508 irae
527 3462 589 3507 ct
617 3452 916 3508 inimicitia:
948 3454 998 3507 iu
1032 3450 1372 3522 Gregorium,
1402 3464 1459 3509 ut
1495 3468 1646 3509 suum
1677 3462 1732 3509 et

156 3550 289 3604 urbis
310 3548 689 3617 proditorem.
712 3544 968 3599 Basilium
1003 3554 1180 3599 autem
1214 3546 1547 3600 Athenarum
1582 3544 1731 3599 fasti-

156 3640 287 3693 dium
332 3639 534 3707 cepit,
585 3639 711 3706 quia
761 3651 885 3690 cum
922 3652 1111 3709 magna
1162 3637 1341 3690 omnia
1391 3635 1490 3691 sibi
1535 3635 1602 3691 de
1633 3635 1733 3691 hac

158 3732 277 3785 m'be
312 3731 608 3792 tinxisset,
661 3727 927 3782 minorem
961 3714 1365 3795 exspectatione
1407 3726 1728 3797 reperiebat.

159 3820 329 3891 itaque
362 3834 570 3890 parum
613 3819 714 3873 sibi
754 3819 940 3873 beatus
981 3818 1260 3872 videbatur
1289 3816 1432 3887 quod
1477 3818 1733 3883 venisset,

162 3922 210 3965 et
250 3914 471 3966 inanem
527 3908 844 3963 felicitatem
878 3907 1119 3963 Athenas
1153 3909 1394 3964 vocabat.
1434 3907 1569 3963 Tum
1603 3908 1736 3963 Gre-

164 4004 331 4071 gorius
382 4002 538 4057 illius
572 4014 862 4055 ιιιωτοτεηι
906 4000 1144 4054 consiliis
1189 3999 1299 4053 suis
1333 3999 1620 4063 abstersit,
1659 3998 1737 4053 ei-

166 4112 257 4163 que
288 4093 572 4165 persuasit
615 4106 718 4145 nec
748 4090 1022 4144 hominum
1071 4104 1249 4144 mores
1287 4089 1436 4144 brevi
1473 4099 1731 4158 tempore,

168 4203 254 4242 nec
290 4187 610 4241 doctrinam
647 4193 702 4237 et
735 4182 1091 4237 eruditionem
1138 4182 1329 4236 leviter
1376 4180 1733 4252 degustando,

166 4282 245 4334 sed
274 4280 361 4334 diu
414 4277 767 4345 multumque
811 4276 1087 4344 probando
1124 4284 1175 4329 et
1212 4274 1566 4345 periclitando
1598 4273 1739 4343 diju-

168 4376 349 4429 dicari.
386 4373 487 4427 Sic
530 4372 676 4425 inter
703 4383 795 4424 eos
831 4368 1001 4438 magis
1038 4383 1100 4422 ac
1135 4368 1303 4436 magis
1338 4366 1742 4421 deviueiebatur

167 4467 390 4521 amicitia
420 4463 627 4519 dandis
654 4471 705 4516 et
736 4459 1064 4529 accipiendis
1102 4459 1488 4515 benevolentiae
1519 4458 1730 4529 signin-

166 4557 481 4609 cationibus.

221 4645 528 4715 Postquam
581 4649 763 4695 autem
814 4640 913 4696 sibi
969 4641 1197 4695 invicem
1246 4656 1506 4711 aperuere
1558 4641 1735 4696 consi-

168 4738 284 4791 lium
328 4734 733 4806 amplectenda:
783 4733 1163 4803 philosophiae,
1220 4743 1330 4787 tum
1380 4748 1508 4786 vero
1548 4743 1739 4786 contu-

168 4830 404 4887 bernales
430 4837 491 4883 et
527 4827 865 4880 convictores
897 4824 1066 4889 fuere,
1106 4840 1170 4879 ac
1202 4834 1348 4879 tanta
1395 4825 1493 4879 fuit
1537 4826 1741 4879 animo-

170 4938 273 4976 rum
308 4932 365 4977 et
412 4922 469 4974 in
507 4918 707 4972 litteris
746 4927 800 4970 et
851 4918 903 4971 in
940 4917 1227 4972 virtutibus
1263 4916 1568 4973 excolendis
1607 4932 1742 4971 con-

173 5016 363 5077 sensio,
392 5024 453 5066 ut
488 5028 595 5065 una
634 5011 849 5079 utrique
876 5011 1053 5063 anima
1101 5011 1278 5065 inesse
1311 5010 1602 5077 videretur,
1632 5011 1736 5063 duo

176 5118 388 5171 corpora
437 5101 649 5154 ferens.
693 5097 797 5152 Par
837 5108 953 5153 erat
985 5100 1216 5154 studium
1251 5099 1609 5169 adipiscendae
1648 5100 1744 5154 do-

177 5195 372 5256 (trinae,
418 5191 519 5246 sed
584 5191 774 5245 aberat
836 5191 1057 5244 invidia.
1110 5190 1401 5245 Certabant
1459 5206 1560 5245 nou
1626 5200 1747 5244 nter

178 5285 365 5351 primas
407 5285 657 5347 haberet,
686 5283 780 5338 sed
813 5292 934 5338 uter
966 5283 1121 5337 alteri
1148 5286 1486 5338 concederet.
1514 5283 1749 5351 Uterque

184 5374 348 5433 laudes
380 5377 615 5431 alterius
654 5390 783 5431 suas
827 5374 1075 5430 ducebat.
1127 5375 1299 5430 Unum
1353 5376 1564 5444 utrique
1614 5390 1748 5445 Opus

272 5646 320 5713 α)
356 5644 569 5698 Socrat.
603 5645 639 5699 l.
674 5662 747 5713 tv,
782 5662 830 5703 c.
865 5647 973 5712 26;
1006 5648 1217 5703 Soznm.
1258 5648 1292 5701 l.
1329 5664 1398 5711 τι,
1426 5665 1472 5701 c.
1516 5648 1597 5701 l7.

273 5715 319 5779 δ)
352 5715 441 5780 Ep.
476 5716 567 5768 st.

251 5786 315 5846 (ci
345 5784 437 5853 Ep.
475 5784 605 5842 272.

1765 4509 1816 4570 Ι)

1830 3274 2068 3344 linguam
2102 3270 2167 3325 ad
2201 3268 2551 3325 Graacismum
2587 3267 2813 3327 format,
2858 3262 3111 3319 historias
3157 3258 3390 3327 colligit,

1834 3368 2020 3423 metris
2049 3377 2265 3435 praeeSI,
2301 3373 2353 3419 et
2385 3361 2716 3419 carminibus
2750 3360 2893 3431 leges
2916 3354 3245 3428 praescribit;
3282 3351 3395 3406 sive

1833 3460 1885 3514 in
1930 3459 2179 3514 omnibus
2219 3455 2567 3527 philosoiihia:
2617 3452 2873 3523 partibus.
2930 3447 3006 3503 Ne
3050 3442 3395 3515 geometriam

1835 3550 2052 3621 quidem
2083 3557 2139 3604 et
2176 3546 2570 3603 astronomiam
2601 3560 2663 3600 ac
2707 3540 3102 3597 arithmeticam
3146 3534 3395 3606 neglexe-

1831 3651 1937 3709 rat,
1974 3641 2065 3697 sed
2102 3642 2168 3696 iis
2201 3641 2402 3695 relictis
2440 3654 2557 3709 quae
2587 3638 2653 3692 ad
2698 3638 2948 3707 pietatem
2992 3631 3250 3701 prodesse
3295 3642 3400 3682 non

1836 3740 2103 3800 poterant,
2148 3739 2353 3783 tantum
2386 3728 2485 3782 sibi
2515 3742 2580 3780 ex
2618 3726 2702 3781 his
2749 3723 3043 3794 disciplinis
3073 3725 3399 3787 sumpserat,

1834 3829 2093 3891 quantum
2128 3821 2259 3875 satis
2307 3830 2457 3884 erat,
2498 3828 2555 3873 ut
2583 3817 2649 3873 ab
2684 3817 2767 3872 his
2806 3816 2897 3885 qui
2942 3829 3059 3869 sese
3091 3813 3141 3866 in
3175 3813 3275 3866 hoc
3308 3824 3400 3880 ge-

1837 3928 1965 3967 nere
2009 3913 2375 3977 venditabant,
2414 3909 2679 3981 exagitari
2713 3923 2817 3962 non
2848 3914 3050 3977 posset.
3085 3902 3400 3959 Medicinam

1840 4014 2014 4058 autem
2058 4004 2270 4059 videtur
2316 4003 2558 4075 apprime
2607 4001 2881 4064 calluisse,
2931 4007 3213 4067 propterea
3262 3992 3401 4065 quod

1840 4095 1979 4151 hanc
2007 4095 2079 4149 illi
2127 4105 2295 4149 artem
2338 4093 2583 4164 perpetui
2633 4091 2805 4146 morbi
2835 4100 2889 4145 et
2920 4088 3281 4144 necessariam
3328 4084 3405 4139 fe-

1841 4198 2058 4252 cerant,
2093 4200 2147 4241 et
2186 4187 2249 4242 ad
2285 4186 2495 4242 facilius
2528 4183 2924 4257 percipiendam
2964 4180 3299 4252 profuerant.

1913 4279 2205 4334 llimeriunt
2242 4290 2293 4333 et
2314 4276 2713 4332 Prohteresium
2744 4274 2967 4329 Athenis
2995 4273 3279 4326 audierunt
3303 4270 3406 4323 Ba-

1842 4372 1993 4426 silius
2022 4383 2072 4425 et
2109 4369 2400 4439 Gregorius
2440 4367 2539 4441 (a),
2591 4365 2862 4435 sophistas
2916 4363 3076 4432 longe
3113 4359 3407 4414 celeberri-

1842 4475 1979 4515 mos.
2022 4458 2097 4511 Ex
2142 4457 2327 4511 Basilii
2352 4456 2549 4511 litteris
2582 4453 2955 4524 cognoscimus
2985 4464 3106 4505 eum
3141 4467 3169 4502 a
3201 4450 3404 4504 teneris

1848 4551 2081 4607 amicitia
2117 4549 2456 4618 coniunctum
2485 4546 2649 4600 fuisse
2679 4560 2798 4598 cum
2823 4543 3089 4614 llesychio
3116 4553 3169 4597 et
3197 4542 3401 4597 Tereu-

1848 4649 1920 4699 tio
1954 4648 2048 4715 (bi,
2087 4660 2206 4697 cum
2234 4640 2554 4711 'Sophronio
2607 4639 2901 4694 olliciorum
2964 4638 3220 4708 magistro
3252 4636 3321 4707 (ε)
3358 4644 3411 4689 et

1849 4736 2075 4791 Eusebio
2093 4735 2318 4802 quodam
2342 4733 2591 4802 episcopo
2626 4731 2723 4802 (d).
2765 4730 3024 4786 Caesareae
3048 4730 3289 4785 eamdem
3320 4729 3416 4781 do-

1852 4843 1997 4882 mum
2029 4826 2214 4880 habuit
2244 4840 2306 4879 ac
2333 4824 2419 4879 ille
2453 4823 2775 4893 Hesychius.
2803 4822 2935 4876 Cum
2967 4822 3197 4877 Eusebio
3228 4821 3407 4876 omnia

1851 4920 1899 4973 ei
1921 4916 2223 4972 communia
2252 4914 2485 4970 fuerunt.
2531 4913 2637 4969 Sed
2661 4929 2763 4982 qua
2801 4913 2852 4965 in
2899 4913 3030 4966 urbe
3064 4912 3220 4967 simul
3267 4912 3413 4965 vixe—

1853 5011 1982 5074 rint,
2006 5023 2227 5076 prorsus
2262 5009 2551 5061 nescimus.
2572 5004 2727 5060 Celso
2758 5003 2967 5059 Libanii
3003 5002 3263 5071 discipulo
3287 5016 3405 5071 per-

1852 5102 2023 5156 suasit
2053 5100 2284 5154 Basilius
2317 5107 2373 5152 ut
2396 5113 2577 5153 secum
2616 5097 2855 5151 Athenas
2903 5095 3111 5150 veniret
3141 5094 3235 5166 (e),
3264 5093 3306 5148 si
3339 5100 3417 5146 ta-

1855 5208 1974 5247 men
2024 5191 2231 5246 Libanii
2279 5192 2344 5245 ad
2390 5190 2645 5244 Basilium
2697 5187 2889 5242 litteris
2921 5186 3223 5240 adhibenda
3253 5184 3413 5249 ﬁdes.

1856 5282 2123 5339 Juliauum
2159 5280 2595 5349 Permquatorem
2636 5277 2924 5347 Gregorius
2953 5276 3320 5330 Naiianzenus
3349 5274 3423 5345 (fl

1862 5377 2062 5431 socium
2105 5374 2294 5429 habuit
2322 5372 2619 5428 studiorum
2653 5392 2663 5427 :
2702 5369 2843 5439 quod
2872 5368 3007 5423 forte
3032 5369 3077 5421 ei
3107 5383 3227 5421 cum
3266 5364 3417 5420 Basi-

1927 5646 2003 5709 (ά)
2033 5644 2130 5710 Ep.
2161 5644 2285 5697 27!.

1931 5718 1998 5781 (ρ)
2035 5713 2129 5778 Ep.
2161 5715 2284 5765 535.

1923 5785 1997 5852 (Ι)
2037 5784 2183 5839 Orat.
2214 5787 2264 5840 9.
