3992 6392
554 339 630 383 xu
1931 326 2460 384 PROLEGOMENA.

560 442 633 498 lio
687 460 970 501 commune
1011 446 1128 503 fuit.
1182 446 1249 500 At
1302 464 1405 503 non
1454 447 1674 502 dubmm
1718 449 1846 517 quin
1905 452 2118 519 utriqne
2149 454 2195 509 Α
2224 465 2419 503 annum
2447 448 2552 502 542
2605 457 2698 502 aut
2731 448 2835 503 5&5
2880 447 3179 502 referenda.
3217 447 3586 518 Quovautcm
3613 463 3806 503 annos

565 537 791 592 Athenis
830 540 1076 609 cognitus
1126 538 1287 593 fuerit
1340 538 1586 596 Julianus
1635 542 1959 610 imperator:
2008 558 2126 611 per-

561 628 743 696 spicua
773 644 858 681 res
895 640 980 684 est
1011 645 1075 684 ex
1113 629 1358 699 Gregorii
1400 632 1721 686 testimoniis
1775 631 1874 701 (a),
1902 648 1998 685 nec
2036 648 2123 686 ue-

560 734 711 774 ccsse
739 730 895 773 estut
917 721 1270 775 confirmetur
1294 720 1478 777 Basilii
1506 724 1569 777 ad
1605 722 1877 777 Julianum
1910 732 2002 776 aut
2035 721 2127 778 Ju-

562 814 686 867 liani
727 813 792 866 ad
831 812 1082 867 Basiliam
1114 814 1355 884 epistola:
1383 816 1725 871 auctoritate.
1768 816 2001 871 Charum
2028 815 2128 869 sibi

563 905 630 957 ab
653 903 1011 960 adolescentia
1039 906 1202 961 fuisse
1223 906 1479 961 Basiliam
1503 908 1742 962 declarat
1767 906 2014 961 Julianus
2033 907 2128 977 (ὁ).

565 994 669 1047 Sed
707 994 898 1049 mirum
926 1011 1021 1051 cur
1055 997 1280 1051 Basilius
1323 1013 1506 1053 sacras
1536 1014 1594 1053 se
1656 1014 1775 1053 cum
1804 998 2014 1053 Juliano
2044 998 2133 1052 lit-

566 1093 712 1141 teras
762 1086 1016 1143 didicisse
1056 1096 1287 1143 testetur
1333 1089 1425 1159 (ο).
1469 1088 1659 1145 Utrum
1706 1090 1757 1143 id
1798 1090 2021 1145 Athenis
2056 1090 2133 1142 fa-

564 1186 710 1230 ctutn
746 1177 1034 1235 dicemus?
1059 1190 1115 1234 at
1146 1191 1270 1235 tunc
1312 1182 1552 1251 profanis
1575 1184 1766 1238 studiis
1794 1199 2010 1252 operam
2039 1184 2135 1237 da-

568 1268 716 1322 bant.
758 1268 951 1325 Utrum
986 1272 1038 1325 in
1075 1272 1450 1341 Cappadocia?
1504 1283 1712 1342 tempus
1753 1274 1967 1343 quidem
2002 1289 2135 1343 qua-

570 1360 710 1415 drat.
741 1359 879 1414 Nam
919 1361 1063 1417 circa
1092 1378 1291 1416 annum
1319 1362 1448 1427 545,
1493 1380 1600 1433 quo
1633 1373 1871 1433 tempore
1908 1364 2135 1420 Basilius

571 1452 783 1507 videtur
805 1453 969 1509 fuisse
994 1453 1273 1522 Caesareae,
1316 1454 1561 1511 Julianus
1586 1459 1637 1511 in
1672 1458 1946 1513 castellum
1972 1473 2137 1529 prope

576 1543 882 1599 Caesaream
916 1546 1180 1601 deductus
1204 1547 1323 1611 fuit,
1355 1546 1440 1600 ubi
1470 1562 1590 1602 cum
1626 1547 1778 1601 Callo
1821 1547 1987 1602 fratre
2044 1563 2138 1602 sex

574 1646 744 1687 annos
778 1634 1018 1690 traduxit
1057 1637 1171 1704 (ιι).
1211 1636 1319 1690 Sed
1371 1651 1491 1690 cum
1528 1636 1597 1690 ibi
1641 1636 1876 1692 inclusus
1907 1637 1974 1691 ab
1993 1638 2137 1691 omni

573 1723 857 1793 aequalium
876 1726 1263 1781 consuetudine
1301 1739 1687 1792 removeretur,
1712 1728 1865 1796 copia
1896 1744 2000 1783 non
2024 1737 2140 1782 erat

577 1823 772 1870 uteum
797 1814 1025 1872 Basilius
1045 1819 1266 1873 videret.
1296 1819 1492 1874 Verum
1535 1821 1616 1874 his
1648 1820 1826 1874 Basilii
1865 1821 1929 1873 ad
1968 1819 2137 1874 Jalia-
2169 1798 2213 1859 Β

577 1923 704 1960 ιιιιιη
734 1918 787 1962 et
812 1905 1008 1963 Juliani
1041 1910 1105 1963 ad
1123 1893 1384 1965 'Basiliatn
1420 1910 1614 1965 litteris
1650 1926 1756 1965 non
1794 1910 2018 1966 multum
2045 1910 2140 1965 tri-

575 2000 661 2055 bui
692 2000 868 2058 debet.

661 2090 713 2145 ti.
746 2090 969 2147 Videtur
1002 2092 1229 2149 Athenis
1273 2095 1473 2165 scripta
1528 2096 1709 2151 Basilii
1753 2097 1819 2149 ad
1864 2095 2132 2164 Apollina-

580 2186 719 2237 rium
756 2185 1003 2254 epistola,
1036 2200 1159 2255 qua:
1185 2186 1284 2241 etsi
1321 2203 1349 2239 a
1380 2187 1516 2243 laico
1545 2189 1612 2243 ad
1644 2188 1839 2242 laicum
1870 2188 2143 2243 scribeba-

580 2289 687 2341 tur,
726 2292 824 2332 nec
852 2278 1141 2347 quidquam
1177 2279 1410 2335 habebat
1452 2280 1555 2334 nisi
1591 2280 1820 2334 amicam
1861 2280 2143 2333 salutatio-

578 2383 721 2432 nem,
745 2368 942 2440 elapsis
970 2380 1144 2425 tamen
1178 2372 1331 2425 annis
1372 2370 1555 2441 viginti
1594 2373 1660 2426 ab
1686 2371 1964 2426 Enstathio
1995 2371 2146 2425 adul-

579 2470 771 2525 terata,
812 2472 867 2517 et
904 2465 970 2515 ad
1004 2463 1258 2517 invidiam
1287 2462 1484 2518 Basilio
1510 2464 1799 2518 creandam
1832 2479 2026 2533 magna
2056 2478 2145 2517 so-

578 2554 692 2608 nitu
726 2554 927 2624 jactata
955 2563 1035 2608 est
1074 2554 1169 2626 (ε).
1211 2554 1442 2609 Basilius
1480 2555 1531 2609 in
1572 2554 1796 2625 epistola
1832 2554 1967 2620 225,
2005 2571 2060 2608 n.
2089 2554 2143 2619 4,

575 2658 695 2713 quae
733 2643 929 2713 scripta
954 2654 1037 2699 est
1066 2661 1206 2700 anno
1235 2644 1341 2699 575
1369 2654 1623 2710 exeunte,
1668 2648 1953 2715 scripsisse
1982 2662 2038 2700 se
2062 2648 2145 2700 di-

576 2736 651 2789 cit
675 2736 1007 2804 Apollinario
1038 2747 1163 2791 ante
1194 2753 1367 2791 annos
1390 2739 1575 2807 viginti
1599 2747 1651 2792 et
1673 2737 1919 2807 amplius.
1946 2736 2144 2792 Ibidem

580 2829 772 2883 iterum
803 2840 1121 2885 occurrente
1159 2829 1322 2898 hujus
1352 2830 1429 2883 rei
1482 2832 1752 2884 mentione
1796 2831 1987 2899 viginti
2029 2842 2146 2884 tan-

496 2918 499 2919 ⁷
581 2929 693 2974 tum
729 2921 853 2975 anni
885 2930 1255 2975 numerantur.
1285 2920 1340 2975 In
1370 2921 1592 2989 epistola
1631 2928 1812 2976 autem
1840 2921 1967 2986 226,
1998 2938 2144 2975 num.

582 3013 637 3073 ιι,
670 3021 795 3067 ante
842 3028 1011 3067 annos
1050 3013 1235 3081 viginti
1290 3014 1391 3067 hoc
1431 3028 1460 3066 a
1510 3027 1568 3068 se
1612 3013 1808 3068 factum
1839 3015 2143 3069 conﬁtetur.

584 3107 652 3156 At
680 3103 733 3157 in
763 3102 987 3173 epistola
1015 3102 1140 3168 29.4,
1174 3121 1225 3156 n.
1259 3103 1316 3169 2,
1340 3104 1564 3174 legimus
1600 3116 1722 3158 ante
1757 3122 1920 3158 annos
1966 3106 2147 3175 viginti

584 3197 829 3265 quinque,
870 3193 976 3267 πρὸ
998 3195 1075 3247 κε’
1101 3194 1257 3258 ἐτῶν,
1292 3195 1383 3252 sed
1420 3195 1701 3265 legendum
1729 3207 1855 3264 puto
1883 3205 1936 3249 ut
1956 3196 2006 3249 in
2031 3196 2148 3250 aliis

588 3287 719 3343 locis
747 3299 870 3341 ante
904 3306 1067 3341 annos
1104 3289 1306 3358 viginti.
1338 3288 1583 3343 Proclive
1613 3289 1758 3343 enim
1786 3288 1883 3342 fuit
1916 3288 2149 3343 librariis

585 3380 818 3435 litteram
855 3397 905 3444 ε,
934 3396 1053 3450 qua:
1091 3390 1400 3449 sequentem
1451 3394 1637 3436 vocem
1674 3379 1985 3449 incipiebat,
2027 3395 2147 3433 cum

586 3472 679 3527 illo
708 3489 742 3525 κ
767 3472 1113 3542 conjungere,
1152 3472 1336 3541 sicque
1373 3488 1654 3526 numerum
1695 3472 1882 3542 viginti
1914 3472 2148 3540 quinque

586 3578 852 3619 annorum
894 3562 1166 3633 ellingere.
1216 3565 1274 3618 Si
1314 3580 1441 3632 ergo
1491 3579 1632 3618 anno
1654 3563 1759 3618 575
1786 3572 2014 3617 exeunte
2040 3562 2147 3630 jam

583 3656 759 3709 exacti
790 3665 944 3709 erant
969 3656 1095 3708 anui
1138 3655 1347 3725 viginti,
1385 3670 1449 3710 ex
1473 3670 1578 3725 quo
1612 3653 1839 3709 Basilius
1862 3655 2151 3723 scripserat

584 3746 940 3815 Apollinario,
972 3749 1112 3804 hanc
1138 3748 1420 3820 epistolam
1455 3749 1691 3801 scribere
1720 3761 1821 3799 non
1856 3748 2023 3811 potuit
2049 3746 2147 3800 nisi

584 3840 832 3902 Athenis,
857 3856 1000 3896 anno
1029 3842 1234 3895 scilicet
1266 3839 1370 3894 554
1394 3850 1640 3903 exeunte,
1670 3848 1759 3891 aut
1782 3839 1994 3892 ineunte
2022 3838 2145 3892 555.

656 3932 798 3999 Quot
835 3949 1005 3989 annos
1054 3934 1315 3988 Caesareae
1351 3931 1580 3986 Basilius
1634 3930 1969 3995 traduxerit,
2020 3943 2151 3999 quot

588 4024 1090 4091 Constantinopoli,
1141 4040 1246 4093 quo
1281 4024 1519 4078 Athenas
1560 4038 1699 4078 anno
1738 4022 1970 4091 petiuit,
2016 4022 2151 4077 dilli-

590 4117 693 4172 cile
721 4128 805 4173 est
829 4117 1116 4185 conjicere.
1153 4116 1374 4170 Videtur
1399 4114 1701 4170 Caesaream
1738 4116 1934 4171 missus
1957 4155 1972 4181 ,
2026 4130 2147 4169 cum

583 4210 695 4277 jam
731 4210 992 4277 optimum
1029 4210 1345 4280 magistrum
1378 4208 1649 4263 amisisset
1691 4216 1897 4275 patrem
1927 4225 1939 4259 :
1978 4222 2151 4277 neque

588 4303 730 4357 enim
767 4317 831 4357 eo
866 4301 986 4356 vivo
1014 4317 1077 4355 ac
1105 4316 1315 4355 summa
1345 4300 1662 4354 celebritate
1698 4298 2020 4353 rhetoricam
2055 4301 2150 4353 do-

587 4404 764 4461 cente,
818 4394 884 4448 ad
929 4393 1062 4447 alias
1119 4393 1357 4457 scholas,
1389 4392 1575 4447 saltem
1628 4401 1733 4445 tam
1777 4390 1907 4457 cito,
1955 4396 2150 4446 missus

2231 543 2393 597 fuerit
2424 542 2713 604 Ctesareaa,
2747 542 2840 605 id,
2871 551 2929 596 ut
2953 541 3063 610 jam
3088 541 3221 603 dixi,
3253 539 3401 594 nullo
3424 550 3600 594 exstat
3629 541 3811 595 vesti‘

2229 636 2334 706 gio.
2385 634 2528 690 Idem
2560 633 2664 688 dici
2719 642 2896 703 potest
2926 634 2990 687 de
3014 632 3204 688 studiis
3242 632 3810 701 Constantinopolita-

2230 728 2331 781 nis.
2378 726 2527 792 Quod
2578 735 2759 780 autem
2798 732 3013 795 spectat
3053 724 3118 778 ad
3146 724 3410 791 Athenas,
3443 739 3507 779 eo
3534 723 3808 778 Basiliam

2231 818 2439 872 venisse
2471 827 2625 885 putat
2666 815 3045 872 Tillemontius
3072 830 3214 869 anno
3246 814 3342 869 55l
3366 855 3380 879 ,
3419 816 3545 884 quia
3582 815 3808 885 Grego-

2233 910 2344 965 rius
2378 909 2471 978 qui
2506 908 2667 977 paulo
2693 917 2818 962 ante
2848 906 3104 961 Basiliam
3146 906 3199 959 in
3240 906 3383 959 hanc
3410 906 3594 959 urbem
3623 906 3805 959 adve-

2232 1002 2331 1065 nit,
2356 1000 2651 1055 imberbem
2684 1016 2742 1055 se
2766 999 2979 1054 venisse
3011 997 3335 1069 declarata")
3353 1013 3413 1052 ac
3441 998 3667 1066 proinde
3700 1012 3815 1050 an-

2233 1109 2331 1147 nos
2365 1104 2552 1148 natum
2582 1092 2800 1147 circiter
2821 1092 2909 1145 22.
2932 1091 3146 1146 Certior
3166 1090 3368 1145 reditus
3398 1105 3462 1144 ex
3498 1090 3598 1143 hac
3628 1091 3810 1143 urbe:

2233 1198 2338 1238 non
2378 1184 2522 1237 enim
2556 1184 2714 1238 citius
2747 1182 2971 1252 contigit
3027 1197 3169 1235 anno
3196 1181 3300 1237 555
3334 1190 3564 1235 exeunte
3591 1189 3684 1233 aut
3716 1182 3813 1234 in-

2233 1288 2397 1331 eunte
2449 1275 2578 1344 556,
2612 1275 2875 1343 siquidem
2931 1274 3004 1327 ibi
3050 1273 3181 1327 vidit
3224 1272 3452 1326 Basilius
3488 1270 3811 1335 Julianuut,

2253 1369 2343 1438 qui
2378 1369 2430 1422 in
2462 1369 2601 1423 hanc
2635 1368 2820 1421 urbem
2845 1365 2988 1420 venit
3019 1366 3131 1434 jam
3165 1365 3339 1420 media
3370 1371 3519 1433 parte
3549 1364 3673 1417 anni
3698 1363 3816 1418 555

2244 1461 2451 1530 elapsa.
2487 1460 2671 1529 Neque
2697 1459 2856 1514 etiam
2892 1458 3231 1528 serius,quia
3257 1455 3491 1527 spatium
3525 1454 3666 1509 inter
3686 1463 3815 1510 stu-

2236 1552 2647 1606 dialitterarum
2702 1561 2755 1605 et
2797 1551 3159 1605 sacerdotium
3193 1547 3355 1603 nimis
3396 1547 3644 1601 contrahi
3695 1561 3811 1603 non

2240 1644 2443 1712 patitur
2471 1659 2652 1698 rerum
2681 1641 2859 1698 Basilii
2885 1653 3159 1712 gestarum
3189 1640 3498 1696 multitudo.

2845 1754 3071 1811 CAPUT
3105 1753 3192 1809 llI.

2242 1869 2281 1924 ι.
2318 1868 2547 1927 Sanetus
2576 1868 2808 1924 Basilius
2847 1869 2901 1922 in
2940 1869 3164 1935 patriam
3200 1868 3331 1921 redit
3361 1878 3406 1920 et
3430 1883 3597 1922 scena:
3624 1866 3813 1921 mundi

2314 1940 2519 2009 aliquid
2563 1940 2765 1993 tribuit.
2794 1937 2857 1991 Il.
2896 1936 3174 2009 Probabile
3206 1948 3276 1990 est
3301 1954 3414 1990 eum
3437 1950 3548 2006 post
3587 1939 3813 1991 reditum

2318 2006 2644 2073 baptizatum
2690 2010 2873 2077 fuisse.
2919 2007 3005 2061 Ill.
3062 2006 3387 2060 Naucratius
3435 2008 3581 2062 illius
3636 2012 3810 2077 frater

2318 2084 2567 2136 moritur.
2595 2078 2680 2134 IV.
2716 2078 2890 2132 Vitam
2920 2078 3261 2131 monasticam
3285 2077 3517 2130 Basilius
3540 2078 3815 2143 amplecti-

2319 2161 2427 2211 tur,
2457 2164 2502 2204 et
2538 2151 2762 2205 Orientis
2804 2166 2866 2202 ac
2894 2147 3113 2215 rEgypti
3157 2150 3469 2199 monasteria
3506 2148 3701 2200 invisit.
3737 2146 3808 2201 V.

2320 2221 2657 2274 Alexandria:
2692 2220 2871 2272 morbo
2901 2218 3138 2270 detentus
3168 2217 3345 2270 scribit
3382 2215 3680 2269 Eustathio.
3719 2215 3807 2269 Vl.

2323 2290 2529 2371 Secedit
2562 2292 2617 2343 in
2651 2287 2886 2343 Pontum
2950 2287 3145 2341 frustra
3175 2287 3321 2339 illum
3359 2287 3648 2341 retrahente
3681 2286 3812 2340 Cre-

2313 2378 2479 2429 goria.

2315 2474 2354 2527 I.
2376 2472 2605 2527 Basilius
2621 2471 2785 2540 igitur
2801 2480 2853 2525 et
2869 2468 3158 2537 Gregorius
3183 2466 3378 2539 (g),ubi
3399 2466 3658 2521 doctrinae
3675 2480 3816 2519 mer-

2252 2567 2404 2621 cibus
2435 2580 2624 2619 uavem
2658 2580 2807 2619 suam
2843 2573 3092 2616 onustam
3122 2561 3389 2625 viderunt,
3422 2559 3597 2613 redire
3633 2558 3684 2610 in
3716 2572 3815 2626 pa-

2258 2660 2420 2714 triam
2452 2668 2779 2722 statuerunt,
2817 2666 2873 2708 nt
2914 2654 3045 2709 inita
3097 2653 3388 2707 sanctioris
3422 2650 3652 2705 instituti
3683 2664 3815 2703 con-

2250 2750 2367 2805 silia
2416 2750 2756 2819 perlicerent.
2804 2748 3002 2801 Aderat
3054 2745 3323 2799 discessus
3360 2742 3511 2797 dies:
3558 2740 3650 2795 sed
3684 2745 3813 2809 quia

2253 2841 2409 2909 longe
2436 2838 2875 2892 molestissimum
2912 2850 3030 2890 esse
3055 2835 3264 2890 solebat
3297 2832 3538 2887 Athenas
3568 2840 3621 2885 et
3650 2829 3811 2883 soda-

2250 2932 2326 2987 les
2368 2932 2702 2999 relinquere;
2752 2938 2859 2983 tum
2903 2943 3023 2982 cum
3060 2926 3443 2989 valedicerent,
3502 2923 3813 2978 circumstat

2254 3040 2347 3079 eos
2394 3022 2655 3076 Sodalium
2692 3031 2746 3075 et
2774 3018 3098 3088 aequalium,
3136 3032 3198 3072 ac
3244 3017 3619 3089 magistrorum
3650 3013 3809 3065 etiam

2256 3111 2630 3166 nonnullorum
2666 3110 2884 3173 chorus,
2910 3121 2973 3161 ac
3010 3107 3259 3175 precibus
3304 3114 3357 3160 et
3385 3103 3639 3173 querelis,
3677 3101 3804 3154 hor-

2258 3204 2436 3264 tando,
2469 3212 2520 3255 et
2547 3201 2649 3252 vim
2670 3199 2917 3253 faciendo
2948 3196 3161 3251 illorum
3195 3196 3425 3250 reditum
3456 3191 3813 3249 intercludere

2257 3304 2542 3346 enitantur.
2576 3293 2649 3343 Ac
2685 3288 2912 3341 Basilius
2956 3287 3169 3356 quidem
3205 3285 3320 3339 hmc
3352 3283 3587 3338 claustra
3624 3294 3813 3349 perru-

2260 3386 2355 3455 pit,
2411 3395 2464 3437 et
2511 3383 2742 3437 abeundi
2781 3380 2989 3433 veniam
3038 3377 3381 3445 impetravit,
3430 3374 3674 3445 quamvis
3706 3390 3810 3428 non

2258 3479 2372 3532 sine
2417 3476 2649 3530 maxima
2698 3474 3063 3527 dimiCatione.
3101 3472 3171 3524 At
3205 3469 3497 3539 Gregorius
3531 3466 3698 3519 victas
3727 3473 3813 3517 est

2258 3569 2449 3637 partim
2469 3567 2764 3620 amicorum
2792 3564 3041 3633 precibus
3062 3572 3117 3616 et
3134 3560 3406 3631 lacrymis,
3426 3558 3619 3627 partim
3654 3557 3812 3610 etiam

2260 3661 2406 3714 illum
2440 3657 2697 3728 prodente
2727 3654 2924 3709 Basilio
2953 3653 3055 3723 (sic
3083 3652 3222 3705 enim
3251 3652 3362 3718 ipse
3382 3647 3635 3702 Basiliam
3664 3646 3814 3698 incu-

2258 3752 2362 3823 sat)
2393 3760 2446 3806 et
2480 3764 2699 3819 operam
2733 3746 3134 3801 retrahentibus
3176 3752 3426 3795 navante.
3460 3740 3662 3793 Invitus
3682 3752 3808 3807 ergo

2256 3843 2483 3899 Athenis
2516 3841 2773 3896 remansit
2805 3838 3116 3908 Gregorius,
3149 3835 3239 3889 sed
3264 3848 3385 3889 cum
3406 3834 3491 3886 ditt
3528 3833 3594 3886 ab
3625 3831 3812 3884 animae

2258 3951 2367 3990 sua:
2392 3931 2611 3987 dimidio
2648 3928 2824 3984 divelli
2858 3942 2961 3981 non
2990 3933 3193 3994 posset,
3241 3937 3303 3977 ac
3328 3931 3608 3991 parentum
3636 3926 3687 3971 et
3713 3931 3809 3986 pa-

2263 4027 2375 4081 triae
2408 4022 2677 4079 desiderio
2714 4021 2851 4075 ictus
2893 4026 3057 4083 esset,
3090 4031 3193 4070 non
3241 4014 3409 4069 multo
3440 4021 3561 4082 post
3588 4007 3812 4066 Athenis

2257 4119 2395 4174 clam
2429 4130 2486 4171 se
2522 4112 2776 4170 subduxit
2810 4119 2863 4165 et
2889 4107 2944 4163 in
2967 4108 3196 4179 patriam
3228 4104 3507 4161 remeavit.

2330 4208 2509 4263 Rediit
2556 4220 2764 4261 summa
2798 4203 3076 4258 celeritate
3108 4200 3339 4256 Basilius
3384 4198 3503 4268 (It):
3543 4195 3809 4251 Constan-

2261 4302 2561 4373 tinopolim,
2595 4298 2742 4352 velut
2791 4296 3011 4367 Ulysses
3052 4294 3303 4350 Sirenum
3350 4300 3561 4353 cantus,
3590 4296 3813 4359 praeter-

2264 4397 2325 4450 iit
2352 4411 2365 4445 :
2404 4390 2820 4446 admirationem
2862 4388 3004 4443 illius
3027 4385 3319 4442 commovit
3361 4384 3485 4437 Asia
3511 4422 3525 4447 ,
3553 4382 3646 4435 sed
3694 4394 3812 4434 ma-

589 4486 798 4541 luisset.
835 4484 890 4539 Id
920 4496 1097 4538 autem
1125 4484 1397 4553 probabile
1439 4493 1520 4538 est
1556 4483 1847 4551 contigisse
1876 4482 2018 4554 circa
2056 4498 2151 4537 an-
2180 4510 2230 4568 ι)
2258 4489 2376 4557 guis
2408 4483 2692 4541 itineribus
2712 4482 3013 4538 Ctesaream
3040 4478 3453 4534 contendentem
3486 4472 3679 4527 morari
3708 4487 3813 4527 non

588 4592 715 4630 num
738 4576 843 4631 542
873 4588 965 4631 aut
998 4576 1121 4630 545.
1147 4576 1279 4631 Nam
1304 4576 1544 4642 Petrum,
1565 4576 1653 4644 qui
1676 4574 1831 4643 paulo
1858 4586 1981 4628 ante
2010 4591 2155 4629 mor-

594 4681 698 4723 tem
736 4670 908 4737 patris
952 4669 1003 4722 in
1037 4670 1209 4725 lucem
1249 4669 1423 4723 editus
1459 4677 1561 4731 est,
1601 4668 1975 4736 presbyterum
2011 4666 2156 4719 ordi-

592 4760 739 4813 navit
773 4758 1005 4813 Basilius
1029 4759 1081 4814 in
1110 4758 1420 4829 primordiis
1445 4758 1805 4828 episcopatus,
1835 4765 1891 4809 ut
1912 4754 2053 4810 infra
2076 4756 2151 4809 vi-

589 4849 853 4903 debimus.
900 4848 1031 4903 Cum
1057 4857 1234 4902 autem
1275 4849 1424 4915 leges
1472 4845 1888 4908 ecclesiasticae,
1921 4859 2151 4912 quarum

584 4950 707 4993 erat
730 4941 1171 4996 servantissimus
1192 4939 1439 5003 Basilius,
1462 4954 1632 4993 annos
1666 4938 1883 5007 triginta
1914 4938 1980 4991 ad
2035 4951 2155 5006 pre-

596 5034 796 5101 sbyteri
819 5034 1039 5099 gradum
1068 5032 1424 5101 requirerent,
1447 5031 1589 5084 hanc
1604 5038 1815 5083 aetatem
1843 5030 2041 5084 habere
2063 5030 2155 5083 de-

589 5126 706 5181 bnit
733 5124 926 5180 Petrus
956 5126 1007 5180 iu
1038 5126 1347 5196 primordiis
1391 5124 1731 5193 episc0patus
1758 5123 1815 5179 S.
1859 5122 2064 5186 Basilii,
2101 5122 2152 5177 id

590 5228 671 5272 est
705 5220 846 5273 circa
881 5234 1079 5273 annum
1120 5218 1224 5271 572
1282 5226 1375 5270 aut
1424 5216 1528 5269 575
1559 5254 1574 5279 ,
1615 5229 1679 5268 ac
1716 5213 1941 5284 proinde
2000 5223 2153 5269 ortus

592 5312 757 5376 Petri,
795 5328 940 5367 mors
979 5313 1147 5381 patris
1173 5352 1187 5378 ,
1225 5310 1403 5366 Basilii
1460 5309 1759 5365 Cazsaream
1789 5306 2053 5381 profectio
2084 5307 2151 5361 ad

658 5493 733 5561 (a)
761 5493 906 5547 Orat.
936 5492 987 5547 4.

661 5567 735 5631 (b)
772 5564 866 5629 Ep.
895 5564 980 5616 .50.

660 5636 727 5697 fc)
770 5635 863 5699 Ep.
896 5633 982 5685 41.

660 5703 737 5765 td)
762 5703 950 5773 Julian,
989 5720 1062 5771 ep.
1095 5704 1161 5756 ad
1191 5703 1382 5756 Athan.

661 5774 730 5836 (ε)
770 5775 841 5829 lin
896 5771 1016 5839 99L
1056 5794 1103 5829 n.
1149 5775 1200 5837 ΕΞ,
1231 5790 1293 5843 ep
1345 5774 1468 5837 2‘26,
1508 5790 1557 5827 n.
1589 5771 1646 5825 4.

2255 4578 2447 4650 potuit.
2514 4575 2922 4630 Perhonoril‘tce
2967 4589 2994 4624 a
3041 4568 3463 4623 Ctesariensibus
3513 4574 3765 4633 exceptus
3793 4604 3810 4630 ,

2252 4685 2427 4726 scenae
2454 4668 2638 4723 mundi
2671 4665 2874 4736 aliquid
2901 4663 3085 4717 tribuit
3116 4660 3340 4723 invitus,
3376 4660 3489 4712 sive
3516 4654 3653 4726 quod
3692 4656 3813 4709 rhe-

2256 4763 2479 4817 toricam
2522 4759 2768 4815 docuerit
2795 4758 3071 4818 Caesarea),
3110 4753 3250 4821 quod
3291 4766 3485 4805 manus
3512 4749 3655 4802 illum
3700 4763 3812 4800 ma-

2253 4854 2452 4925 gniﬁce
2481 4850 2811 4913 exercuisse,
2849 4846 3172 4912 Gregorium
3213 4857 3339 4896 vero
3387 4839 3810 4911 magniﬁcentius

2254 4943 2644 5014 contempsisse
2692 4948 2881 4995 narrat
2930 4935 3285 5006 Bttﬁnus(i):
3319 4935 3430 4989 sive
3458 4932 3617 5003 quod,
3661 4940 3715 4983 ut
3744 4931 3809 4986 de

2257 5053 2317 5093 se
2353 5038 2468 5107 ipse
2500 5042 2733 5090 testatur
2763 5031 3076 5101 Gregorius,
3114 5028 3456 5098 poscentibus
3491 5024 3714 5088 civibus,
3752 5032 3810 5079 ut

2262 5133 2628 5194 comportatas
2660 5121 2727 5175 ah
2760 5120 2963 5175 exteris
2989 5118 3293 5187 regionibus
3308 5132 3434 5186 Opes
3458 5117 3803 5183 depromeret,

2263 5215 2465 5284 ingenii
2503 5215 2582 5267 sui
2613 5213 2906 5283 specimina
2942 5212 3206 5281 denegare
3233 5224 3338 5264 non
3377 5206 3625 5279 potuerit.
3660 5202 3804 5257 Illum

2262 5317 2411 5361 certe
2436 5306 2612 5377 patria
2652 5305 2796 5359 velut
2821 5303 3053 5359 alterum
3094 5302 3424 5358 conditorem
3450 5310 3504 5355 et
3533 5309 3779 5354 conserva

2328 5486 2393 5556 (ί)
2423 5486 2600 5556 Carm.
2624 5484 2687 5538 de
2713 5484 2842 5543 vita,

2326 5554 2399 5626 (gr)
2422 5554 2569 5609 Orat.
2600 5555 2670 5607 ‘20

2330 5627 2404 5697 (Ιι)
2432 5626 2595 5697 Iﬂpist.
2634 5627 2682 5681 ι.

2334 5695 2395 5769 (ε)
2430 5695 2544 5750 Lib.
2577 5712 2725 5760 χι,,ρ.
2767 5695 2819 5750 9.
