3992 6392
1541 316 1698 371 νιτΑ
1738 315 1795 373 S.
1836 316 2097 371 BASlLll.

3353 336 3449 375 XIII

216 459 401 511 torem,
435 453 583 500 teste
608 440 870 511 Gregorio
896 439 997 510 (α),
1032 437 1307 508 complexa
1341 444 1441 491 est.
1474 435 1590 490 Non
1613 435 1788 488 minus
1830 439 1873 493 Α
1906 432 2011 487 lum
2051 451 2078 487 a
2114 449 2173 486 se
2215 433 2500 495 discernat,
2532 431 2626 487 sed
2667 432 2824 486 ambo
2851 447 2915 486 an
2964 433 3245 489 ecclesiam
3289 435 3451 489 ivisse

219 547 264 597 ei
292 541 533 595 honoris
585 536 777 591 habuit
824 532 1170 587 Neocaesarea
1220 531 1316 598 (b),
1356 544 1476 596 quae
1505 527 1704 596 legatos
1730 526 1797 579 ad

221 651 332 689 eum
354 649 419 685 ex
450 640 651 686 senatu
680 627 850 691 misit,
876 634 934 678 ut
955 623 1250 692 juventutis
1270 636 1453 675 curam
1478 620 1795 688 susciperet.

226 727 355 793 Quin
382 726 580 786 etiam,
622 738 746 776 cum
776 722 831 773 in
881 719 1020 773 hanc
1063 721 1249 769 urbem
1288 714 1564 776 venisset,
1614 725 1799 766 omnes

224 834 333 869 eam
356 818 869 875 circumsteterunt,
894 808 1025 861 nihil
1050 822 1155 860 non
1179 804 1498 864 tleferentes,
1522 801 1653 855 nihil
1693 816 1797 853 non

228 909 542 976 pollicentes
580 922 597 958 :
635 902 731 957 sed
765 915 886 954 eum
942 899 1178 952 retinere
1224 911 1328 948 non
1358 899 1667 963 potuerunt.
1706 890 1797 942 Vi-

226 998 569 1053 denturth
596 994 912 1060 contigisse,
946 988 1028 1041 vel
1052 1001 1175 1041 cum
1209 984 1436 1038 Basilius
1464 981 1690 1035 Athenis
1724 993 1802 1032 re-

224 1092 348 1149 dux,
410 1090 465 1140 in
522 1084 706 1139 Ponto
749 1080 982 1136 visenda:
1011 1076 1200 1131 matris
1242 1090 1402 1130 causa
1448 1081 1687 1126 moratus
1720 1076 1803 1123 est

228 1182 327 1246 {vix
349 1178 502 1231 enim
526 1176 753 1230 dubium
790 1171 920 1241 quin
950 1170 1053 1224 hoc
1069 1166 1300 1222 olﬁcium
1340 1174 1465 1218 tunc
1488 1162 1799 1229 tnatriprze-

228 1268 475 1335 stiterit),
502 1266 593 1320 vel
620 1281 742 1320 cum
761 1261 989 1317 docendi
1023 1258 1161 1328 apud
1191 1256 1547 1311 Ctesarienses
1579 1265 1803 1307 munere

231 1362 471 1427 solutus,
524 1374 682 1430 spem
736 1354 924 1425 injecit
978 1348 1501 1407 Neocaesariensibus
1552 1346 1634 1399 sui
1685 1343 1805 1397 alli-

232 1455 429 1509 ciendi.

300 1546 412 1601 Sed
447 1542 636 1598 mundi
664 1538 894 1594 vinculis
923 1534 1212 1604 constringi
1246 1548 1306 1587 se
1341 1545 1445 1586 non
1478 1543 1667 1598 passus
1698 1533 1802 1591 est;

234 1658 293 1695 ac
322 1641 436 1694 cito
462 1636 537 1689 ab
574 1633 871 1689 honoribus
909 1627 1123 1683 fastidio
1150 1636 1205 1680 et
1231 1625 1483 1680 satietate
1523 1619 1803 1675 abaliena-

236 1743 336 1781 tus.
370 1727 488 1794 Qua
528 1726 584 1778 in
614 1737 674 1776 re
702 1720 990 1790 plurimum
1018 1717 1165 1771 illum
1188 1713 1408 1783 adjuvit
1444 1710 1681 1765 Macrina
1716 1720 1804 1761 so-

238 1833 343 1879 ror,
370 1830 497 1882 qua:
525 1826 650 1865 cum
684 1809 833 1862 illum
862 1806 1084 1861 vidisset
1113 1803 1272 1857 nimis
1296 1800 1580 1869 magniﬁce
1610 1801 1673 1852 de
1694 1794 1803 1849 elo-

237 1907 457 1977 quentia
511 1901 720 1957 sentire
744 1937 760 1963 ,
804 1914 868 1953 ac
908 1896 1201 1966 dignitates
1234 1906 1421 1947 omnes
1450 1888 1805 1949 ﬂoccifacere,

236 1976 285 2053 et
308 1999 453 2053 fastu
488 1996 728 2066 quodam
753 2005 913 2060 supra
939 1988 1186 2042 homines
1217 1993 1481 2053 potestate
1522 1978 1698 2035 claros
1730 1976 1809 2032 ef-

237 2091 384 2153 !erri.
411 2088 673 2143 celeriter
694 2086 759 2138 ad
789 2082 1077 2136 asceticam
1120 2077 1308 2142 vitam,
1341 2090 1502 2145 quant
1535 2074 1648 2142 ipsa
1680 2086 1807 2141 pro-

238 2182 517 2242 ﬁtebatur,
542 2176 791 2229 attraxit.
827 2172 953 2226 llzec
994 2170 1253 2223 discimus
1289 2182 1355 2221 ex
1389 2165 1647 2235 Gregorio
1676 2162 1811 2233 Nys-

240 2289 387 2334 seno,
415 2271 577 2339 Cujus
610 2267 775 2318 verba
815 2265 977 2317 etiam
1004 2260 1189 2316 Graece
1218 2258 1520 2312 referenda.
1553 2253 1642 2307 Sic
1659 2255 1801 2308 enim

240 2365 478 2432 loquitur
516 2363 567 2414 itt
604 2357 724 2410 Vita
757 2356 817 2410 S.
848 2352 1102 2408 Hacrime
1129 2368 1146 2405 :
1178 2348 1431 2404 Λαὸοὖσα
1453 2347 1628 2399 τοίνυν
1654 2344 1815 2399 αὐτὸν

239 2455 535 2526 ὑπερφυῶς
560 2450 874 2522 ἐπηρμένον
897 2446 975 2515 τῷ
990 2446 1113 2516 περὶ
1131 2444 1253 2506 τοὺς
1278 2442 1465 2509 λόγους
1488 2440 1813 2511 φρονήματι,

239 2554 330 2603 καὶ
360 2549 544 2600 πάντα
597 2538 1032 2613 περιφρονοῦντα.
1071 2536 1138 2589 τὰ
1172 2533 1456 2604 ἀξιώματα
1480 2572 1495 2595 ,
1533 2532 1625 2585 καὶ
1677 2531 1817 2601 ὑπὲρ

240 2640 361 2699 τοὺς
386 2638 444 2687 ἐν
469 2635 536 2703 τῇ
562 2628 852 2698 δυναστείᾳ
879 2626 1161 2697 λαμπροὺς
1192 2623 1497 2694 ἐπηρμένον
1526 2620 1603 2691 τῷ
1631 2621 1778 2691 ὄγκῳ
1799 2659 1813 2683 ,

240 2728 483 2783 τοςηὺτω
528 2724 691 2794 τάχει
740 2722 989 2774 κάκεῖνον
1040 2721 1175 2788 πρὸς
1229 2717 1317 2769 τὸν
1362 2715 1461 2784 τῆς
1505 2713 1817 2783 φιλοσοφίας

242 2822 441 2875 σκοπὸν
472 2814 853 2870 ἐπεσπάσατο.
881 2809 1103 2863 Videtur
1133 2807 1257 2862 huic
1303 2805 1607 2860 testimonio
1638 2805 1815 2872 aliqua

245 2921 415 2967 inesse
448 2905 828 2975 exaggeratio.
864 2901 999 2955 Nam
1026 2909 1256 2953 teStatur
1272 2896 1564 2965 Gregorius
1587 2895 1817 2948 Nazian.

243 3022 405 3061 lenus
439 3003 514 3073 (ε)
551 3016 615 3055 se
658 3009 714 3052 et
751 2995 1009 3048 Basilium
1062 3007 1237 3045 scena:
1268 2989 1449 3043 mundi
1481 2989 1685 3056 aliquid
1715 2987 1816 3040 tri-

1900 527 2057 581 sitnul
2104 536 2157 580 et
2188 526 2445 579 redivisse
2469 565 2484 589 ,
2514 528 2670 580 ambo
2718 525 2891 579 sacris
2942 527 3309 591 concionibus,
3345 543 3449 579 non

1916 617 2186 688 mysteriis
2221 614 2532 669 interfuisse
2573 616 2879 669 videantur.
2922 614 3009 665 Sic
3047 613 3185 666 enim
3219 613 3454 681 loquitur

1904 706 1985 778 (Ι)
2025 725 2037 760 ;
2088 705 2190 758 Δύο
2226 706 2322 775 μὲν
2355 706 2705 777 ἐγνωρίζοντο
2728 707 2856 776 ἡμῖν
2889 704 3028 757 ὁδοίο
3070 706 3102 774 ή
3141 705 3236 775 μὲν
3266 702 3452 773 πρώτη

1911 797 2006 850 καὶ
2030 796 2343 867 τιμιωτέρα,
2371 798 2403 865 ἡ
2429 796 2483 847 δὲ
2510 795 2735 864 δευτέρα
2756 794 2849 847 καὶ
2893 794 2950 847 οὑ
2983 793 3074 846 τοῦ
3109 794 3221 846 ἴσου
3254 793 3412 860 λόγου
3436 812 3449 825 ο

1901 886 1936 955 ἦ
1973 902 2031 938 τε
2063 885 2197 956 πρὸς
2221 886 2343 949 τοὺς
2366 887 2539 955 ἱεροὺς
2565 885 2717 954 ἡμῶν
2745 886 2921 948 οἴκους
2940 925 2954 948 ,
2987 885 3078 937 καὶ
3125 887 3250 947 τοὺς
3280 888 3453 939 ἐκεῖσε

1905 977 2261 1040 διδασκάλους
2305 977 2561 1047 φέρουσα,
2596 977 2687 1029 καὶ
2732 976 2933 1047 ἡιπρὸς
2962 976 3085 1039 τοὺς
3107 975 3298 1042 ἔξωθεν
3325 994 3452 1030 παι-

1910 1067 2126 1130 δευτάς.
2156 1067 2284 1121 Dure
2314 1068 2456 1120 nobis
2484 1068 2577 1119 via:
2624 1076 2761 1119 nota:
2785 1074 2955 1128 erant,
3008 1065 3171 1117 altera
3209 1066 3374 1132 prima
3407 1076 3453 1117 et

1903 1160 2264 1229 pra’stantior,
2298 1159 2467 1211 altera
2498 1159 2743 1219 secunda,
2774 1168 2819 1209 et
2854 1156 3114 1224 inferioris
3148 1156 3299 1224 pretii
3324 1171 3340 1207 :
3364 1156 3456 1208 illa

1908 1266 2086 1318 nempe
2114 1266 2228 1318 qua:
2261 1250 2327 1300 ad
2358 1265 2535 1301 sacras
2563 1258 2764 1301 nostra:
2794 1249 3001 1310 domos,
3027 1263 3209 1316 eosque
3233 1249 3319 1317 qui
3353 1248 3457 1299 illic

1910 1352 2059 1397 erant
2084 1344 2320 1395 doctores
2364 1339 2598 1409 ferebat:
2633 1340 2742 1394 [nec
2769 1351 3094 1410 autem,qua:
3123 1341 3190 1394 ad
3223 1352 3459 1395 externos

1903 1442 2264 1501 prwceptores.

1975 1523 2030 1575 ln
2063 1523 2253 1576 eadem
2290 1520 2537 1575 oratione
2584 1520 2649 1575 de
2684 1521 2842 1575 rebus
2878 1530 2996 1589 post
3042 1521 3268 1576 reditum
3295 1537 3323 1574 a
3353 1519 3457 1574 Ba-

1906 1614 2028 1669 silio
2056 1614 2220 1683 gestis
2254 1613 2503 1683 loquens,
2550 1615 2627 1668 sic
2655 1629 2776 1666 eum
2816 1615 2880 1667 ad
2911 1628 3122 1668 sacrum
3175 1616 3459 1682 presbyte-

1909 1720 2091 1759 rorum
2120 1707 2365 1759 ordinem
2398 1706 2705 1773 pervenisse
2728 1706 2881 1772 dicit,
2914 1718 2971 1760 ut
2997 1706 3143 1761 illum
3174 1707 3349 1760 divina
3377 1709 3463 1761 be-

1839 1770 1882 1830 Β
1912 1797 2143 1863 nignitas
2175 1815 2278 1850 non
2306 1770 2477 1850 sub—ito
2512 1799 2580 1851 ad
2615 1800 2751 1851 hunc
2789 1770 3007 1867 gradum
3038 1798 3350 1860 subveheret.
3372 1814 3463 1852 nec

1910 1890 2065 1943 simul
2093 1905 2209 1943 eum
2254 1897 2305 1942 et
2352 1888 2582 1943 ablueret
2614 1899 2663 1942 et
2692 1890 2950 1957 sapientia
2997 1890 3269 1942 instrueret
3305 1889 3465 1959 (οὐδὲ

1910 1980 2046 2051 ὁμοῦ
2078 1997 2137 2032 τε
2174 1980 2419 2033 πλύνασα
2443 1979 2538 2033 καὶ
2574 1980 2886 2049 σοφίσασα),
2910 1980 3341 2049 quemadmodum
3361 1983 3465 2047 ple-

1912 2089 2099 2143 rosque
2126 2089 2309 2126 eorum
2338 2072 2426 2139 qui
2459 2090 2593 2126 nunc.
2629 2074 2925 2125 antistitum
2974 2086 3161 2125 munus
3184 2080 3426 2139 appetunt
3447 2087 3465 2124 :

1912 2180 2089 2217 verum
2125 2164 2307 2217 ordine
2334 2173 2383 2217 et
2416 2163 2711 2231 spiritualis
2738 2161 3122 2231 progressionis
3173 2160 3281 2229 lege
3309 2200 3323 2224 ,
3373 2161 3467 2213 hoc

1914 2270 2028 2306 eum
2056 2253 2249 2305 honore
2277 2252 2515 2321 afﬁceret.
2561 2252 2673 2307 Hoc
2712 2253 2877 2305 verbo
2906 2249 3152 2303 πλύνασα
3176 2250 3470 2319 baptismus

1917 2344 2198 2398 manifeste
2228 2345 2564 2413 designatur.
2611 2342 2994 2409 Quamobrem,
3025 2357 3144 2396 cum
3179 2341 3470 2411 Gregorius

1916 2437 1981 2489 de
2009 2435 2075 2487 iis
2108 2435 2351 2503 loquatur
2386 2449 2505 2503 qua:
2535 2433 2758 2488 Basilius
2812 2432 3036 2485 Athenis
3074 2445 3320 2485 reversus
3350 2446 3471 2499 ges-

1924 2527 2014 2589 sit,
2052 2538 2279 2592 ettmque
2309 2525 2451 2578 dicat
2474 2538 2576 2577 non
2606 2523 2785 2576 statim
2814 2522 3135 2591 baptizatum
3165 2528 3218 2573 et
3249 2521 3471 2590 presby-

1922 2626 2090 2669 terum
2129 2616 2331 2669 factum
2360 2614 2548 2681 luisse,
2573 2627 2672 2689 nec
2698 2612 2928 2667 obscura
2959 2627 3055 2666 nec
3076 2611 3304 2665 dillicilis
3342 2626 3476 2665 con-

1919 2708 2091 2762 clusio
2121 2717 2203 2762 est
2231 2722 2352 2760 eum
2391 2705 2681 2774 baptismo,
2711 2713 2992 2773 postquam
3024 2704 3251 2757 Athenis
3295 2703 3470 2767 rediit,

1924 2801 2192 2854 initiatum
2248 2797 2434 2853 luisse.
2473 2797 2738 2851 Prmterea
2776 2798 2855 2851 sic
2906 2796 3161 2851 observat
3186 2796 3474 2865 Gregorius

1919 2894 2261 2948 intervallum
2288 2892 2430 2960 quod
2468 2891 2607 2943 inter
2641 2890 2819 2944 Basilii
2854 2890 3172 2958 baptismum
3216 2901 3269 2943 et
3300 2904 3477 2942 sacer-

1920 2987 2121 3041 dotium
2147 2985 2374 3045 exstitit,
2414 2983 2494 3037 sic
2516 2997 2609 3036 eos
2632 2983 2800 3048 carpit
2826 2982 2916 3051 qui
2950 2996 2977 3034 a
3006 2981 3266 3047 baptismo
3294 2980 3359 3031 ad
3387 2994 3476 3033 sa-

244 3071 458 3157 linisse,‘
482 3109 597 3147 non
630 3084 1016 3145 ostentationis
1047 3083 1229 3137 studio
1258 3082 1351 3149 (ab
1386 3082 1489 3134 hoc
1518 3079 1660 3132 enim
1690 3077 1817 3130 vitio
1844 3115 1886 3173 ϐ
1923 3077 2222 3132 cerdotium
2255 3074 2521 3136 assiliunt,
2554 3083 2611 3127 ut
2646 3073 2785 3126 laudi
2818 3081 3051 3142 apponat
3079 3071 3293 3133 Basilio,
3333 3074 3473 3141 quod

244 3193 452 3245 ahenos
502 3200 628 3239 sese
677 3180 893 3250 fuisse),
931 3178 1024 3231 sed
1061 3186 1117 3229 ut
1150 3173 1501 3243 plurimorum
1550 3169 1819 3224 desiderio

245 3278 625 3351 perfunctorie
649 3273 1051 3328 satisfacerent.
1079 3265 1352 3320 Lenienda
1383 3278 1510 3331 ergo
1533 3262 1706 3330 aliqua
1736 3260 1821 3312 in-

247 3372 647 3443 terpretatione
699 3367 861 3419 verba
895 3361 1137 3431 Gregorii
1174 3356 1436 3425 Nysseni;
1485 3368 1581 3408 nec
1627 3361 1822 3421 putan-

249 3442 372 3519 dum
404 3475 562 3516 tanto
592 3461 728 3513 fastu
760 3457 963 3511 elatum
996 3452 1162 3505 fuisse
1197 3446 1449 3502 Basilium
1471 3486 1485 3509 ,
1518 3444 1609 3497 sed
1658 3442 1819 3505 forte,

247 3562 368 3611 dum
402 3552 741 3621 eloquentiae
793 3560 905 3601 sure
959 3540 1252 3613 specimina
1304 3538 1510 3592 civibus
1562 3534 1820 3598 exhibet,

249 3649 527 3718 plausibus
570 3641 841 3697 interdum
868 3633 1121 3691 delectari
1154 3632 1323 3685 visum
1354 3643 1511 3692 esse;
1541 3626 1679 3679 unde
1712 3640 1821 3679 me—

253 3758 332 3795 tus
358 3742 606 3809 injectus
637 3731 838 3794 sorori,
869 3743 934 3782 ne
970 3726 1054 3780 his
1079 3724 1287 3791 laqueis
1317 3720 1522 3774 arctius
1557 3718 1817 3780 irretitus,

250 3834 506 3897 deinceps
543 3840 606 3881 se
633 3823 892 3892 expedire
926 3835 1027 3871 non
1055 3824 1253 3886 posset.
1285 3812 1549 3865 Praeterea
1576 3824 1674 3863 nec
1709 3810 1823 3877 ipsa

252 3924 487 3977 “iiacrina
517 3928 712 3972 auctor
737 3914 837 3967 fuit
865 3909 1082 3975 Basilio,
1107 3917 1165 3960 ut
1200 3904 1493 3960 asceticatn
1514 3901 1677 3954 vitam
1711 3916 1825 3953 am-

254 4020 608 4084 plecteretur,
642 4008 739 4061 sed
768 4014 973 4059 tantum
1001 3999 1201 4055 hortari
1240 3996 1435 4065 potuit,
1462 4003 1518 4047 ut
1544 3992 1823 4047 consilium

258 4108 564 4177 perﬁceret,
590 4100 736 4170 quod
770 4098 973 4152 dudum
1015 4092 1348 4151 intendebat,
1388 4097 1574 4156 atque,
1610 4095 1663 4139 ut
1691 4084 1825 4138 dici-

259 4212 359 4259 tur,
395 4199 718 4249 currentem
750 4186 996 4240 incitare.

320 4287 383 4341 Il.
414 4285 621 4338 Narrat
650 4278 882 4333 Basilius
910 4275 986 4345 (ά)
1029 4270 1299 4344 quomodo
1334 4268 1503 4323 eﬂ'uso
1538 4268 1589 4321 in
1622 4280 1825 4335 paupe-

255 4373 704 4447 respatrimonio
745 4378 913 4423 totum
958 4383 1018 4420 se
1067 4366 1173 4418 Deo
1208 4360 1633 4417 consecraverit.
1684 4358 1827 4412 Idem

1922 3182 2028 3220 non
2061 3165 2325 3232 ejusmodi
2354 3162 2600 3216 homines
2649 3163 2888 3215 imitatus
2919 3162 3012 3224 sit,
3063 3176 3185 3215 cum
3218 3163 3476 3230 potuisset

1922 3256 2142 3310 imitari.
2173 3258 2241 3308 At
2276 3255 2362 3322 qui
2395 3253 2573 3307 infans
2597 3261 2689 3305 aut
2718 3252 3031 3306 adolescens
3053 3253 3351 3321 baptizatus
3372 3263 3476 3321 est,

1922 3363 1988 3401 an
2022 3346 2232 3401 laudem
2265 3355 2503 3399 meretur
2536 3343 2605 3397 ob
2634 3343 2991 3399 sacerdotium
3038 3360 3142 3398 non
3172 3345 3350 3397 statim
3384 3360 3478 3412 ap-

1923 3441 2141 3510 petitum
2163 3440 2186 3492 ?

1996 3532 2250 3586 Basilium
2286 3530 2578 3599 baptizavit
2613 3529 2831 3583 liianins
2874 3528 3239 3583 Cmsariensis.
3290 3527 3479 3582 Testa-

1924 3633 2009 3678 tur
2047 3624 2192 3676 enim
2222 3622 2296 3691 (g)
2332 3636 2391 3676 se
2435 3636 2464 3674 a
2521 3621 2655 3683 viro,
2701 3622 2790 3688 qui
2834 3620 2920 3673 diu
2954 3621 3003 3672 in
3041 3620 3337 3674 ministerio
3385 3620 3476 3673 Dei

1929 3715 2086 3780 vixit,
2128 3714 2457 3783 baptizatum
2488 3712 2652 3766 fuisse
2684 3723 2736 3764 et
2778 3711 3027 3765 Ecclesiae
3062 3710 3358 3763 ministerio
3388 3709 3483 3761 ad-

1925 3817 2152 3861 motunt.
2187 3805 2295 3859 Soli
2332 3804 2517 3858 Dianio
2544 3803 2656 3857 lure
2677 3804 2825 3871 signa
2859 3812 3174 3870 congruunt.
3210 3801 3479 3854 Namcum

1924 3902 1969 3955 is
1993 3902 2059 3955 ab
2085 3913 2224 3953 anno
2252 3897 2438 3952 saltem
2466 3896 2590 3958 3M,
2615 3910 2721 3964 quo
2752 3892 2990 3946 interfuit
3037 3892 3266 3945 concilio
3291 3892 3483 3945 Antio-

1927 3993 2103 4046 cheno
2131 4003 2299 4058 usque
2330 3990 2396 4041 ad
2423 4002 2620 4040 annum
2652 3985 2756 4039 562
2779 3983 3071 4038 Ecclesiam
3096 3982 3479 4037 Ctesariensem

1927 4083 2163 4147 rexerit;
2193 4095 2293 4135 nec
2319 4080 2434 4146 ejus
2483 4091 2761 4132 successor
2788 4074 3046 4129 Eusebius
3094 4074 3347 4127 Basilitun
3382 4073 3479 4127 ba-

1928 4176 2135 4244 ptizare
2180 4172 2373 4243 potuit,
2434 4185 2531 4224 nec
2563 4182 2682 4221 eum
2725 4166 2976 4221 decessor
3013 4164 3371 4233 Hermogenes
3406 4164 3482 4217 le-

1931 4277 2135 4323 ctorem
2171 4268 2479 4330 instituere,
2512 4262 2600 4331 qui
2630 4278 2753 4316 cum
2784 4259 3008 4314 Athenis
3037 4268 3363 4319 versaretur,
3384 4249 3494 4310 lai?

1943 4376 2038 4414 cus
2095 4360 2158 4411 ad
2196 4358 2387 4411 laicum
2424 4356 2639 4423 scripsit
2686 4350 3093 4419 Apollinarium.
3149 4349 3272 4402 Inde
3303 4359 3482 4401 autem

257 4475 319 4528 de
363 4436 430 4527 se
470 4476 667 4522 narrat
716 4462 1013 4532 Gregorius
1062 4459 1164 4531 (e);
1203 4458 1299 4511 sed
1336 4465 1526 4509 neuter
1576 4452 1823 4521 baptismi
1859 4453 1901 4508 D
1934 4451 2286 4506 conlirmatur
2315 4445 2455 4515 quod
2486 4444 2550 4497 de
2576 4442 2756 4497 Basilii
2787 4441 3056 4509 baptismo
3082 4438 3329 4492 diximus.
3358 4436 3485 4491 Per-

254 4565 590 4621 ntentionem
642 4560 792 4622 facit,
841 4555 1088 4623 quamvis
1136 4546 1693 4616 constetGregorium
1731 4545 1829 4597 ba-

257 4661 525 4728 ptizatum
562 4652 754 4713 fuiSSe,
784 4658 1067 4716 postquam
1105 4643 1263 4696 rediit
1305 4639 1552 4695 Athenis.
1586 4637 1662 4691 De
1686 4636 1830 4689 Basi-

256 4726 328 4804 lio
361 4750 470 4802 hoc
501 4753 711 4796 tantum
743 4748 895 4791 certo
923 4736 1144 4795 scimus,
1182 4733 1299 4801 ejus
1332 4730 1661 4798 baptismum
1689 4726 1827 4780 dila-

258 4852 369 4895 tum
400 4837 597 4896 inisse,
628 4831 818 4885 saltem
842 4841 1011 4895 usque
1041 4825 1104 4877 ad
1128 4823 1267 4877 illud
1294 4831 1503 4890 tempus
1523 4834 1627 4887 quo
1650 4818 1827 4873 Caesa-

254 4948 404 4989 ream
439 4929 649 4982 missus
672 4932 774 4977 est.
819 4919 1006 4974 Utrum
1041 4928 1219 4969 autem
1254 4914 1417 4968 etiam
1445 4926 1613 4980 usque
1641 4912 1709 4964 ad
1742 4925 1827 4964 reo

256 5027 429 5081 ditum
459 5036 526 5074 ex
560 5013 793 5078 Grzecia,
822 5012 875 5064 id
909 5025 1012 5064 non
1068 5011 1138 5060 ita
1189 5006 1525 5075 exploratum
1568 5011 1689 5056 est:
1734 5000 1829 5054 sed

260 5128 439 5172 tamen
479 5112 719 5164 libenter
768 5101 1088 5158 crediderim
1132 5115 1252 5152 eum
1302 5099 1450 5151 circa
1498 5108 1696 5147 aunttm
1724 5092 1828 5146 557

262 5206 541 5279 mysteriis
573 5200 854 5255 initiatum
882 5194 1066 5248 fuisse.
1101 5191 1235 5246 Nam
1273 5187 1586 5258 Gregorius,
1622 5185 1713 5254 qui
1738 5199 1828 5238 ca-

267 5274 628 5356 techumenos
661 5297 782 5346 erat
825 5286 1071 5349 Athenis,
1125 5284 1204 5338 sic
1250 5296 1404 5336 suum
1450 5294 1571 5333 cum
1630 5274 1829 5331 Basilio

268 5390 504 5444 omnium
532 5395 718 5438 rerum
742 5391 1065 5434 consensum
1098 5372 1378 5438 describit,
1402 5378 1459 5425 ut
1481 5382 1742 5439 nusquam
1767 5366 1833 5420 il-

338 5568 411 5639 (α)
437 5566 593 5639 om.
614 5562 711 5639 .20.

340 5630 410 5703 (ὁ)
438 5638 532 5702 Ep.
565 5634 695 5693 ΞΜ),
724 5630 853 5703 εις-2.

338 5700 407 5775 (ε)
435 5700 526 5759 0r.
558 5703 633 5775 eo
654 5715 711 5775 iet
751 5700 849 5775 vn:

341 5771 416 5849 (tt)
452 5778 548 5846 Ep.
576 5774 705 5839 225,
746 5788 797 5825 n.
823 5771 877 5824 2.

1936 4544 2165 4614 εμίοἱιυι·
2198 4541 2339 4593 enim
2382 4539 2498 4607 ejus
2524 4535 2846 4603 baptismum
2886 4532 3103 4586 dilatum
3132 4530 3295 4585 fuisse
3323 4546 3351 4584 a
3389 4545 3485 4594 pa-

1940 4636 2202 4690 rentibus.
2241 4632 2358 4685 Alia
2395 4637 2568 4682 autem
2603 4625 2878 4680 diﬂ‘erendi
2910 4640 3068 4677 causa
3097 4639 3217 4677 esse
3259 4638 3360 4674 non
3389 4637 3483 4691 po-

1943 4727 2065 4788 tuit,
2098 4724 2198 4779 nisi
2238 4736 2294 4776 ut
2337 4734 2440 4774 tam
2469 4719 2722 4774 eximium
2751 4719 2946 4770 d0num
2971 4714 3341 4769 adolescentiae
3364 4729 3465 4766 nau

1937 4817 2124 4887 lragiis
2158 4831 2263 4871 non
2295 4824 2649 4883 exponerent.
2678 4814 2746 4867 At
2765 4813 2947 4866 eadem
2986 4823 3147 4862 causa
3173 4808 3339 4860 multo
3366 4820 3488 4876 gra-

1938 4909 2057 4963 vior
2087 4906 2327 4970 exstitit,
2393 4921 2513 4958 cum
2576 4899 3086 4969 Constantinopolim
3142 4906 3197 4949 et
3252 4896 3488 4948 Athenas

1937 5004 2135 5056 missus
2163 5010 2245 5053 est
2277 5018 2291 5053 :
2324 5000 2518 5067 quibus
2544 4997 2598 5051 in
2632 4995 2856 5050 urbibus
2883 5002 3131 5062 perpetua
3174 4987 3489 5042 innocentia:

1938 5105 1993 5149 et
2032 5093 2153 5146 ﬁdei
2180 5090 2415 5160 pericula
2453 5090 2821 5143 imminebant.

2011 5184 2162 5251 Quod
2198 5183 2242 5237 si
2292 5182 2470 5237 Basilii
2523 5181 2823 5249 baptismus
2862 5189 3026 5243 usque
3057 5173 3121 5226 ad
3152 5171 3376 5226 reditum
3423 5182 3486 5220 ex

1937 5276 2239 5330 litterarum
2271 5274 2463 5329 studiis
2499 5272 2695 5326 dilatus
2732 5270 2849 5334 luit,
2881 5270 2964 5321 vix
3000 5266 3214 5321 dubium
3248 5270 3330 5316 est
3362 5260 3487 5327 quin

1934 5374 2046 5422 tum
2082 5365 2295 5419 demum
2324 5364 2628 5432 baptizatus
2653 5359 2837 5424 fuerit,
2884 5374 3003 5412 cum
3045 5368 3160 5409 sese
3219 5368 3247 5406 a
3305 5349 3485 5404 mundi

2007 5548 2078 5616 (e)
2109 5546 2183 5601 De
2225 5544 2327 5598 Vit.

2008 5623 2086 5687 (1)
2112 5618 2204 5671 0r.
2231 5616 2319 5687 20:

2130 5687 2249 5743 Lib.
2281 5685 2355 5740 De
2389 5682 2584 5755 Spiritu
2616 5691 2813 5747 sancto,
2845 5694 2959 5749 cap.
2983 5676 3071 5731 29.
