3992 6392
536 336 627 379 xtv
1292 320 1297 325 ’
1922 314 2449 374 PltOLECOMENA.

537 448 698 489 scena
748 433 1029 489 abstraxit.
1070 432 1202 489 Cum
1255 434 1397 489 enim
1452 436 1835 505 prmparandus
1884 437 2092 491 animus
2120 439 2163 495 A
2199 434 2295 498 vit,
2330 442 2384 485 et
2421 428 2670 483 omnibus
2705 427 2892 480 statuit
2938 423 3140 479 nudare
3179 423 3348 488 bonis,
3393 432 3447 477 ut
3477 422 3749 478 Christum

541 526 641 579 fuit
671 525 736 579 ad
783 534 987 579 tantum
1018 527 1356 595 mysterium,
1405 535 1513 580 tum
1546 543 1673 583 vero
1726 529 1834 596 ipse
1862 527 2089 584 Basilius

541 616 780 670 declarat
814 616 865 669 in
896 616 1053 684 epist.
1084 615 1211 681 225,
1267 632 1325 671 se
1377 617 1593 671 intimos
1636 618 1847 686 pietatis
1900 632 2088 673 sensus

540 710 839 777 concipere,
870 718 926 763 et
963 708 1220 777 quidquid
1262 710 1500 763 sordium
1534 724 1597 763 ex
1625 708 1863 777 profanis
1895 709 2090 763 studiis

540 808 594 853 et
629 800 901 854 hominum
932 801 1295 868 improborum
1327 802 1710 855 consuetudine
1740 809 2084 869 conceperat,

544 901 795 944 excutere
816 890 1064 959 cmpisse,
1114 906 1233 943 cum
1262 906 1353 945 sua
1401 891 1578 945 omnia
1614 892 1935 960 pauperibus
1978 891 2088 947 dis-

544 979 799 1044 tribuere,
834 995 896 1033 ac
922 980 971 1033 in
996 979 1335 1034 solitudinem
1371 994 1487 1034 sese
1519 980 1758 1047 recipere
1793 980 2002 1033 statuit.

608 1068 803 1124 Lector
838 1070 905 1124 ab
929 1070 1114 1123 eodem
1152 1070 1337 1123 Dianio
1386 1070 1666 1124 institutus
1711 1078 1791 1123 est
1823 1069 2051 1124 Basilius
2073 1108 2089 1134 ,

539 1174 643 1213 non
680 1157 845 1211 multo
868 1168 986 1226 post
1004 1158 1323 1225 baptismum
1355 1158 1448 1229 (a).
1479 1160 1667 1214 Utrum
1698 1169 1872 1213 autem
1898 1162 1947 1214 id
1973 1175 2089 1214 eve-

538 1248 678 1299 nerit
710 1246 893 1300 statim
925 1257 1043 1315 post
1083 1248 1435 1316 baptismum,
1488 1264 1555 1301 an
1584 1258 1704 1318 post
1742 1250 1973 1303 reditum
2025 1264 2088 1303 ex

538 1336 845 1400 itineribus,
876 1352 994 1406 qua:
1020 1339 1085 1391 ab
1115 1352 1179 1392 eo
1212 1350 1463 1408 suscepta
1502 1340 1661 1394 modo
1712 1342 2046 1396 narrabimus
2070 1383 2085 1408 ,

539 1428 589 1481 id
624 1428 868 1495 equidem
892 1444 996 1482 non
1029 1430 1161 1483 mihi
1195 1430 1379 1484 videor
1405 1446 1558 1499 posse
1582 1439 1838 1485 statuere.

605 1512 691 1570 Ill.
733 1515 887 1571 Circa
930 1517 1057 1570 illud
1107 1526 1318 1587 tempus
1363 1519 1544 1574 amisit
1588 1520 1815 1575 Basilius
1866 1519 2085 1574 fratrem

538 1606 881 1662 Naucratium
913 1608 1009 1679 (b),
1069 1610 1207 1664 tristi
1256 1611 1482 1679 quodam
1526 1626 1650 1666 casu
1698 1611 1983 1666 sublatum.
2038 1612 2090 1666 Is

536 1709 658 1767 post
693 1699 947 1753 Basilium
981 1709 1108 1755 natu
1143 1703 1434 1767 maximus,
1461 1703 1593 1755 mira
1624 1706 1852 1771 quadam
1892 1704 2084 1769 indole,

2194 534 2338 579 totus
2373 523 2638 577 indueret.
2676 520 3000 574 Promiserat
3029 517 3077 571 ei
3125 515 3414 585 Gregorius
3442 516 3664 571 Athenis
3691 530 3753 569 se

2192 631 2311 671 cum
2344 630 2408 670 eo
2438 615 2490 667 in
2537 613 2776 668 eamdem
2833 610 3173 666 solitudinem
3219 624 3598 674 recessurum;
3653 610 3747 661 sed

2192 722 2312 763 cum
2344 704 2591 759 amicitia:
2620 704 2786 773 legem
2822 702 3011 755 debitae
3034 699 3345 769 parentibus
3385 700 3563 767 pietati
3599 708 3751 768 post-

2197 801 2399 854 habere
2429 796 2715 865 Gregorius
2737 803 3020 865 cogeretur
3047 793 3113 863 (c)
3136 810 3149 855 ;
3180 792 3462 845 destitutus
3489 792 3587 844 hoc
3612 805 3748 858 pra:-

2194 893 2327 947 sidio
2378 889 2607 943 Basilius
2648 886 2747 955 (ά),
2791 886 3111 940 monasteria
3158 881 3392 938 Orientis
3437 892 3489 937 et
3532 882 3745 952 Egypti

2192 983 2418 1036 invisere
2464 979 2665 1043 statuit,
2714 987 2771 1030 ut
2817 976 3052 1046 perfecta
3094 976 3351 1029 virtutum
3401 976 3641 1041 exempla
3678 977 3745 1027 ad

2191 1072 2511 1126 imitandum
2559 1070 2799 1123 haberet.
2848 1067 3042 1121 Narrat
3085 1066 3200 1135 ipse
3230 1064 3298 1135 (e)
3347 1080 3405 1119 se
3452 1065 3749 1118 innumeris

2190 1163 2463 1217 laboribus
2503 1162 2553 1215 in
2583 1159 2791 1230 Syriam
2829 1158 3158 1228 pervenisse,
3212 1173 3275 1211 ac
3321 1158 3441 1211 inde
3492 1158 3541 1209 in
3576 1156 3746 1226 Αἰπ-

2196 1264 2343 1325 ptum
2367 1255 2523 1324 longo
2556 1264 2610 1307 et
2638 1252 2838 1306 dillicili
2881 1252 3073 1305 itinere
3100 1248 3393 1319 profectum
3422 1263 3561 1302 esse.
3604 1249 3749 1302 Vidit

2192 1346 2569 1400 sanctissimos
2594 1343 2738 1397 viros
2776 1340 3114 1395 Alexandria:
3161 1347 3216 1393 et
3268 1340 3320 1394 in
3351 1338 3549 1405 reliqua
3579 1338 3744 1407 Egy-

2194 1448 2289 1507 pto
2313 1437 2403 1505 (f),
2422 1450 2483 1490 ac
2507 1436 2557 1488 in
2580 1432 2857 1487 Palaestina
2880 1430 3233 1500 etCazlesyria
3256 1440 3307 1485 et
3332 1429 3743 1498 Mesopotamia:

2193 1526 2417 1581 miratus
2444 1534 2526 1578 est
2572 1537 2754 1577 eorum
2800 1522 2851 1575 in
2888 1520 3161 1574 laboribus
3201 1518 3533 1588 perferendis
3580 1518 3744 1571 animi

2192 1618 2571 1670 fortitudinem
2602 1624 2654 1669 et
2686 1614 2735 1667 in
2772 1613 2973 1667 orando
3010 1610 3361 1665 constantiam
3391 1629 3403 1663 :
3449 1610 3744 1678 obstupuit,

2199 1720 2320 1760 cum
2366 1718 2460 1758 eos
2490 1704 2692 1757 videret
2731 1716 2977 1755 somnum
3024 1715 3299 1767 superare,
3330 1714 3427 1752 nec
3457 1698 3559 1750 ulla
3589 1706 3745 1751 natu-

536 1799 589 1840 et
624 1791 866 1857 corporis
914 1798 1197 1845 venustate
1236 1806 1299 1844 ac
1344 1791 1547 1847 viribus
1592 1800 1647 1845 et
1685 1792 1982 1857 celeritate,
2037 1803 2088 1847 et
2123 1786 2163 1841 Β
2196 1795 2290 1848 rali
2326 1794 2649 1849 necessitate
2687 1791 2909 1857 inflecti,
2946 1791 3038 1846 sed
3072 1792 3123 1843 in
3169 1789 3310 1843 fame
3341 1797 3392 1841 et
3420 1788 3529 1850 siti,
3570 1786 3622 1840 in
3651 1786 3747 1840 fri-

538 1880 735 1933 eximia
763 1880 831 1934 ad
864 1882 1043 1935 omnia
1079 1881 1352 1936 habilitate
1390 1884 1599 1937 caeteris
1628 1886 1937 1954 prazstahat.
1984 1885 2088 1940 Sed

537 1988 658 2026 eum
703 1988 897 2027 annum
932 1985 1208 2030 assecutus
1246 1984 1389 2030 esset
1420 1977 1733 2030 vicesimum
1768 1978 2087 2041 secundum,

536 2082 601 2121 ac
622 2067 830 2137 publica
866 2068 1186 2138 eloquentia:
1217 2085 1325 2125 sum
1364 2072 1651 2139 specimina
1702 2072 1935 2125 dedisset
1968 2088 2087 2126 cum

536 2174 743 2213 summa
772 2160 1099 2215 audientium
1128 2163 1503 2229 admiratione,
1538 2163 1700 2218 subiit
1732 2164 1875 2216 illum
1902 2164 2091 2219 divinae

537 2250 723 2317 gratia:
747 2251 886 2305 dono
908 2250 1179 2306 fastidium
1207 2253 1412 2318 mundi,
1440 2268 1503 2307 ac
1526 2254 1772 2307 omnibus
1798 2255 1956 2309 rebus
1982 2255 2093 2309 suis

537 2340 809 2409 projectis,
844 2342 926 2396 vel
960 2346 1137 2412 potius
1174 2344 1283 2398 Deo
1322 2344 1538 2408 dicatis,
1572 2345 1636 2397 ad
1692 2345 1982 2399 solitariam
2029 2360 2091 2400 ac

536 2448 823 2502 pauperem
852 2437 1015 2489 vitam
1044 2450 1238 2504 magno
1268 2436 1432 2489 animi
1468 2437 1660 2491 ardore
1699 2439 1953 2492 accurrit.
1989 2437 2089 2492 Se-

536 2536 690 2580 cutus
721 2536 802 2581 est
844 2526 991 2580 illum
1025 2543 1165 2581 unus
1203 2542 1266 2580 ex
1317 2527 1549 2592 famulis,
1582 2526 1947 2599 Chrysapltius
1991 2544 2091 2584 no-

540 2618 715 2682 mine,
763 2618 853 2688 qui
903 2633 1022 2672 eum
1059 2618 1332 2688 diligebat,
1366 2632 1427 2672 ac
1470 2619 1705 2687 ejusdem
1749 2622 1869 2675 vita:
1915 2622 2092 2676 studio

538 2708 839 2761 tenebatur.
880 2706 1116 2763 Secessit
1150 2719 1368 2778 propter
1402 2708 1594 2762 lridem
1640 2708 1856 2764 fluvium
1898 2711 1948 2764 in
1984 2710 2091 2764 col-

536 2796 640 2851 lem
691 2799 975 2868 quemdam
1025 2802 1190 2853 denso
1238 2814 1454 2853 nemore
1501 2801 1789 2865 consitum,
1831 2808 1882 2854 et
1931 2800 2090 2855 dorso

537 2890 778 2957 praecelsi
808 2891 1005 2944 montis
1033 2890 1385 2944 reconditum.
1418 2891 1495 2944 lbi
1525 2893 1591 2945 ab
1616 2892 1827 2945 urbium
1860 2892 2089 2947 tumultu

536 2989 591 3032 et
620 2978 824 3032 militiae
858 2992 923 3032 ac
961 2977 1062 3032 fori
1110 2979 1555 3048 occupationibus
1596 2988 1833 3034 remotus
1872 2980 2089 3049 quibus.

538 3072 658 3125 dam
689 3071 946 3125 solitariis
980 3071 1203 3125 senibus
1242 3087 1299 3127 se
1331 3072 1571 3139 tradidit,
1602 3071 1795 3141 quibus
1830 3072 2007 3142 inopia
2037 3080 2092 3126 et

2197 1900 2324 1956 gore
2355 1896 2410 1940 et
2433 1886 2670 1939 nuditate
2695 1884 3008 1939 indomitum
3038 1882 3201 1936 animi
3239 1881 3401 1935 robur
3430 1894 3667 1942 servare,
3692 1888 3748 1933 et

2192 1988 2442 2046 tanquam
2471 1976 2640 2030 aliena
2684 1977 2734 2029 in
2761 1965 2929 2029 carne
2949 1974 3148 2027 vivere.
3180 1970 3286 2025 Sed
3312 1980 3565 2039 quantum
3599 1969 3743 2021 illum

2184 2067 2409 2137 juvabat
2444 2068 2561 2121 ltaz’c
2593 2066 2889 2120 sanctitatis
2919 2062 3248 2132 exemplaria
3295 2062 3586 2129 respicere,
3632 2070 3747 2113 tan-

2192 2168 2303 2212 tum
2345 2158 2393 2212 ei
2442 2158 2695 2211 maeroris
2742 2154 3036 2209 attulerunt
3079 2151 3460 2214 dissensiones,
3502 2166 3619 2217 qua:
3662 2150 3748 2204 his

2193 2250 2545 2319 temporibus,
2589 2256 2648 2300 ut
2696 2261 2817 2301 cum
2873 2245 3125 2310 maxime,
3176 2243 3473 2297 fervebant.
3528 2240 3748 2296 Videbat

2193 2342 2472 2412 episc0pos
2510 2341 2652 2407 ipsos
2679 2338 2819 2391 inter
2852 2352 2910 2390 se
2946 2334 3217 2403 digladiari
3244 2331 3340 2403 (g),
3371 2341 3422 2386 et
3455 2332 3743 2386 Ecclesiam

2199 2433 2287 2487 Dei
2314 2430 2601 2486 crudeliter
2622 2430 2938 2492 dilacerare,
2968 2443 3031 2481 ac
3059 2426 3173 2494 ejus
3196 2440 3410 2493 gregem
3436 2424 3742 2478 obturbare.

2197 2526 2300 2581 Sed
2327 2540 2446 2579 cum
2485 2524 2601 2593 ejus
2631 2522 2812 2575 animo
2838 2535 2967 2575 sana
3001 2519 3135 2573 fides
3163 2533 3193 2571 a
3228 2518 3426 2571 teneris
3453 2516 3640 2570 fuisset
3662 2516 3747 2568 in-

2194 2618 2422 2688 sculpta,
2478 2616 2618 2672 nulla
2671 2615 2817 2669 illum
2860 2614 3062 2667 erroris
3102 2627 3231 2665 aura
3281 2608 3544 2679 perflavit,
3584 2620 3747 2675 seque

2193 2709 2309 2777 ipse
2347 2716 2588 2774 testatur,
2625 2706 2678 2761 in
2724 2704 3260 2776 peregrinationibus,
3296 2715 3426 2771 quas
3463 2700 3542 2752 vir
3573 2698 3748 2752 factus

2193 2811 2336 2855 terra
2366 2798 2605 2867 marique
2635 2798 2868 2866 suscepit
2900 2798 2999 2867 (It),
3029 2798 3074 2851 si
3103 2810 3235 2866 quos
3264 2794 3525 2848 inveniret
3552 2806 3745 2845 secun-

2192 2894 2317 2946 dum
2359 2891 2611 2946 traditam
2656 2889 2874 2960 pietatis
2914 2888 3154 2957 regulam
3186 2884 3543 2948 ambulantes,
3572 2898 3665 2936 eos
3692 2892 3743 2936 et

2196 2992 2405 3053 patrum
2446 2981 2567 3037 loco
2615 2981 2891 3045 habuisse,
2924 2988 2978 3034 et
3016 2979 3180 3033 duces
3230 2977 3421 3032 anima:
3459 2990 3567 3028 suae
3596 2988 3749 3027 secu-

2200 3082 2308 3128 tum
2338 3088 2477 3129 esse.
2513 3072 2627 3127 Non
2666 3072 2799 3127 vidit
2840 3071 3179 3126 Alexandria:
3218 3084 3468 3138 magnum
3509 3067 3746 3119 Athana—

540 3163 725 3217 morbo
777 3162 1146 3218 laborantibus
1203 3162 1403 3218 victum
1462 3163 1786 3235 qttteritabat
1837 3179 2090 3218 manuum
2122 3149 2166 3213 C
2200 3165 2358 3220 sium.
2411 3163 2685 3234 Significat
2722 3164 2865 3218 enim
2917 3164 2968 3217 in
3012 3164 3170 3233 epist.
3215 3160 3284 3216 80
3330 3174 3597 3227 nunquam
3644 3156 3745 3211 sibi

537 3268 753 3307 suarum
793 3253 1073 3307 industria.
1118 3251 1250 3307 Cum
1284 3254 1424 3309 enim
1471 3253 1745 3323 quodlibet
1794 3255 2092 3309 venationis

538 3358 706 3412 genus
737 3359 839 3397 non
871 3343 1001 3397 laave
1028 3353 1326 3411 exerceret,
1364 3346 1536 3413 pisces
1570 3345 1788 3399 senibus
1819 3347 2086 3414 captabat.

541 3432 598 3486 lu
635 3446 741 3501 quo
795 3432 1006 3503 quidem
1045 3440 1098 3486 et
1136 3434 1417 3487 charitatis
1447 3434 1621 3489 ollicio
1670 3433 2006 3504 fungebatur,
2038 3443 2091 3490 el

536 3523 872 3592 juventutem
907 3524 988 3579 his
1020 3524 1291 3580 laboribus
1331 3525 1626 3579 domabat:
1664 3540 1761 3580 nec
1810 3525 2020 3579 interim
2061 3541 2091 3579 a

539 3616 762 3670 colenda
808 3627 979 3671 matre
1028 3617 1359 3684 discedebat,
1404 3618 1630 3687 ejusque
1687 3619 1957 3673 mandatis
1998 3633 2093 3675 ex-

542 3706 871 3771 hauriendis,
916 3706 957 3761 si
1010 3708 1135 3776 quid
1183 3707 1267 3761 illa
1300 3708 1633 3777 praeciperet.
1682 3706 1799 3762 Jam
1848 3708 2090 3779 quintum

540 3814 737 3853 annum
780 3800 831 3853 in
877 3800 977 3854 hoc
1012 3799 1255 3854 instituto
1286 3801 1614 3864 traducebat,
1656 3814 1774 3853 cum
1825 3800 2091 3870 ingentem

542 3891 699 3945 tnatri
731 3906 793 3945 ac
824 3891 920 3944 toti
956 3890 1170 3944 familia:
1202 3891 1401 3946 luctum
1432 3893 1629 3947 attulit.
1663 3891 1853 3946 Subito
1886 3891 2027 3945 enim
2064 3906 2095 3947 e

537 3982 645 4036 vita
681 3982 906 4052 rapitur,
939 3997 1044 4035 non
1077 3982 1265 4036 morbo
1292 3995 1595 4051 correptus,
1632 3999 1734 4038 non
1782 4000 1843 4036 ex
1881 3983 2094 4038 insidiis

540 4073 913 4141 interemptus,
962 4074 1053 4126 sed
1101 4074 1331 4142 quodam
1376 4075 1461 4129 die
1509 4089 1629 4128 cum
1674 4075 1738 4129 ad
1779 4074 2089 4145 piscandum

538 4165 810 4233 profectus
850 4174 1010 4229 esset,
1050 4176 1290 4220 mortuus
1331 4182 1433 4219 una
1482 4184 1599 4220 cum
1631 4168 1962 4237 Chrysaphio
2001 4169 2094 4223 do-

540 4271 685 4310 mum
730 4264 1053 4325 reportatur.
1092 4254 1221 4310 Tam
1261 4258 1396 4311 tristi
1445 4259 1629 4311 nuntio
1677 4260 1741 4313 ad
1781 4259 1840 4313 S.
1878 4259 2092 4314 Emme-

538 4346 687 4411 liam,
734 4361 853 4414 qua:
903 4348 1063 4399 trium
1114 4348 1317 4401 dierum
1370 4346 1555 4402 itinere
1604 4348 1837 4403 distabat
1908 4350 2090 4416 allato,

540 4437 731 4491 mulier
766 4437 900 4491 alias
946 4437 1232 4492 fortissima
1277 4440 1513 4493 concidit
1544 4440 1825 4494 exanimis.
1871 4439 1942 4493 At
1980 4450 2088 4493 tum

2193 3259 2333 3313 hanc
2382 3257 2689 3313 felicitatem
2748 3255 3029 3325 obt’gisse.
3078 3253 3344 3309 Praeterea
3393 3249 3746 3304 Athanasium

2192 3352 2390 3404 scimus
2440 3349 2759 3404 Alexandria
2792 3346 3089 3401 excessisse
3142 3359 3285 3398 anno
3312 3340 3439 3397 556.
3482 3340 3586 3395 Sed
3621 3339 3746 3392 dum

2192 3440 2400 3512 Syriam
2442 3448 2694 3510 peragrat
2734 3437 2981 3503 Basilius,
3023 3436 3206 3489 videre
3250 3434 3422 3503 potuit
3462 3432 3519 3487 S.
3572 3430 3744 3485 Euse-

2192 3534 2338 3589 bium
2384 3532 2833 3595 Samosatensem,
2868 3542 3098 3597 quocum
3125 3536 3180 3581 et
3206 3536 3331 3580 ante
3377 3524 3743 3594 episcopatum

2193 3640 2349 3681 suum
2386 3633 2439 3678 et
2476 3625 2527 3678 in
2554 3622 2861 3694 episcopatu
2893 3618 3190 3674 arctissima
3223 3616 3461 3671 amicitia
3528 3612 3748 3681 conjun-

2196 3726 2313 3769 ctus
2338 3714 2458 3768 fuit.
2488 3714 2760 3768 Neminem
2793 3726 2919 3765 sane
2945 3711 3119 3775 video,
3141 3724 3297 3778 quem
3334 3707 3583 3761 libentius
3610 3706 3751 3758 inter

2194 3821 2286 3862 eos
2304 3822 2595 3871 numerem,
2622 3819 2754 3875 quos
2776 3818 2832 3858 se
2851 3803 3076 3857 Basilius
3100 3812 3308 3867 patrum
3335 3798 3450 3852 loco
3474 3798 3743 3860 habuisse,

2194 3908 2247 3953 et
2270 3898 2462 3951 animae
2490 3912 2596 3951 sua:
2624 3899 2784 3951 duces
2810 3904 3051 3949 secutum
3084 3908 3202 3946 esse
3229 3891 3379 3946 dicit.

2271 3989 2336 4045 ν.
2377 3987 2630 4042 Basilium
2675 3984 3011 4040 Alexandria:
3041 3983 3257 4037 morbus
3288 3980 3519 4035 detinuit
3546 3994 3608 4033 ac
3638 3992 3748 4033 me-

2198 4088 2309 4135 tum
2337 4078 2519 4136 attulit
2554 4093 2621 4132 ne
2649 4077 2701 4132 in
2731 4076 2960 4146 patriam
2990 4074 3163 4129 hieme
3199 4072 3375 4128 redire
3406 4086 3510 4126 non
3543 4080 3746 4140 posset.

2199 4172 2333 4228 Dum
2370 4180 2544 4224 autem
2576 4169 2626 4222 in
2659 4168 2758 4221 hac
2791 4175 3031 4221 moratur
3060 4166 3189 4219 urbe
3218 4162 3303 4233 fi),
3342 4163 3515 4217 allata:
3549 4170 3671 4217 sunt
3697 4162 3746 4215 ei

2196 4263 2393 4319 littera:
2448 4258 2754 4322 Eustathii,
2822 4257 3125 4327 philosophi
3174 4255 3451 4323 cujusdam
3508 4255 3745 4319 ethnici,

2198 4370 2355 4426 quem
2402 4355 2625 4408 Athenis
2672 4352 2878 4406 rediens
2926 4351 3163 4405 visurum
3208 4364 3266 4403 se
3318 4348 3369 4401 in
3412 4345 3747 4416 Cappadocia

2200 4456 2534 4517 speraverat,
2563 4444 2655 4499 sed
2678 4443 2960 4512 quaesitum
2994 4441 3235 4496 invenire
3260 4455 3364 4493 non
3385 4440 3572 4509 potuit.
3601 4437 3749 4492 Post-

538 4530 770 4583 fuaxime
799 4528 992 4583 enituit
1028 4530 1197 4584 virtus
1236 4530 1291 4584 S.
1326 4528 1591 4594 Macrinm,
1624 4546 1741 4599 qua:
1782 4545 1885 4587 non
1918 4532 2089 4586 solum
2124 4504 2169 4558 D
2202 4504 2263 4588 ea
2296 4532 2465 4586 morbi
2497 4531 2842 4594 obstiterunt,
2868 4529 3154 4599 quominus
3179 4543 3299 4582 eum
3328 4528 3541 4582 viseret.
3570 4526 3753 4597 Neque

539 4622 788 4675 invictam
831 4637 888 4677 se
916 4638 945 4677 a
976 4622 1157 4676 dolore
1202 4622 1489 4691 praestitit,
1525 4623 1613 4676 sed
1657 4624 1815 4676 etiam
1866 4631 2089 4676 matrem

540 4729 571 4766 e
618 4714 883 4783 profundo
926 4715 1171 4769 mmroris
1216 4716 1513 4769 constantia
1559 4730 1652 4769 sua
1694 4716 1988 4770 revocavit.
2033 4715 2088 4767 Si

540 4803 861 4859 Naucratius
890 4820 1030 4858 anno
1070 4805 1195 4868 5'50,
1226 4814 1277 4856 ut
1310 4806 1440 4858 satis
1484 4806 1753 4874 probabile
1779 4815 1882 4864 est.
1926 4806 1977 4859 in
2007 4805 2090 4860 lu-

540 4910 656 4949 cem
681 4904 765 4950 est
793 4896 988 4960 editus,
1020 4896 1138 4965 ejus
1192 4910 1337 4949 mors
1384 4896 1526 4950 circa
1573 4912 1766 4949 annum
1797 4896 1898 4950 557
1930 4896 2095 4953 coll0~

537 4988 743 5053 cauda;
790 4989 988 5057 quippe
1013 5004 1130 5043 cum
1176 5004 1316 5043 anno
1346 4989 1519 5042 artatis
1559 4988 1813 5042 vicesimo
1859 4989 2095 5045 secundo

537 5081 842 5144 secesserit,
877 5080 1118 5150 quinque
1151 5096 1319 5135 annos
1364 5080 1663 5134 traduxerit
1698 5081 1749 5134 in
1783 5080 2089 5137 solitudine.

612 5172 700 5225 IV.
742 5171 817 5225 Eo
859 5170 1161 5226 aﬂluentior
1199 5180 1253 5227 et
1282 5172 1499 5227 uberior
1533 5172 1634 5226 fuit
1667 5172 1718 5226 in
1748 5170 1944 5227 Basilio
1974 5188 2094 5241 gra-

538 5264 608 5315 tia
640 5264 909 5333 baptismi,
940 5264 1081 5334 quod
1111 5264 1267 5318 simul
1297 5278 1355 5318 se
1380 5265 1624 5319 asceticze
1666 5265 1786 5318 vita:
1814 5279 2093 5319 consecra-

607 5439 683 5510 (η)
711 5438 830 5510 ιλιι).
864 5439 954 5510 0ςῄ
974 5438 1180 5510 Spiritu
1211 5450 1411 5503 sancto,
1449 5455 1567 5510 cap.
1593 5441 1680 5496 29.

604 5508 678 5581 (ὁ)
710 5509 865 5581 Nyss.
916 5508 1019 5563 Vit.
1058 5509 1247 5573 Μαίη,
1278 5528 1329 5581 p.
1365 5510 1483 5565 189..

606 5580 677 5643 (τ)
722 5580 852 5630 Naz.
883 5595 967 5645 ep.
1006 5582 1059 5635 5.

630 5648 685 5717 ά)
724 5647 851 5700 Naz.
883 5666 961 5702 or.
994 5650 1083 5703 20.

631 5721 674 5786 ε)
715 5717 808 5786 Ep.
848 5720 896 5773 1.

2200 4623 2365 4678 etiam
2402 4637 2521 4676 cum
2570 4638 2635 4677 eo
2671 4623 2901 4677 abeunte
2940 4621 2990 4673 in
3026 4620 3296 4675 Orientem
3342 4619 3607 4688 proficisci
3654 4636 3752 4689 po-

2202 4716 2318 4768 tuit.
2354 4713 2639 4783 Postquam
2675 4714 2727 4769 in
2756 4714 2964 4784 Syriam
2998 4712 3141 4766 venit
3167 4710 3411 4774 Basilius,
3441 4713 3605 4767 audiit
3636 4714 3753 4783 phi-

2204 4809 2483 4878 Ιοεονιιιιηι
2522 4808 2646 4862 inde
2677 4805 2871 4860 abiisse
2901 4804 2951 4857 iu
2993 4801 3303 4873 Egyptum.
3338 4802 3467 4856 llluc
3498 4802 3656 4856 ctiam
3695 4816 3755 4856 se

2202 4901 2461 4965 contulit,
2516 4914 2579 4953 ac
2634 4912 2702 4953 ne
2754 4897 2865 4951 illic
2913 4896 3127 4966 quidem
3178 4905 3416 4963 Optatum
3455 4895 3750 4963 philosophi

2201 5006 2557 5059 congressum
2611 4991 2822 5057 assequi
2873 4988 3064 5057 potuit.
3116 4986 3165 5041 ls
3209 4987 3350 5040 enim
3383 4986 3447 5039 ad
3480 4984 3668 5037 Persas
3701 4993 3755 5036 et

2202 5093 2479 5137 extremos
2512 5081 2773 5135 barbaros
2806 5079 3031 5133 abierat.
3082 5076 3318 5131 Tandem
3354 5076 3418 5129 ab
3448 5090 3512 5127 eo
3547 5073 3755 5125 l.tteras

2205 5173 2416 5243 accepit
2465 5170 2828 5234 Alexandriae,
2880 5184 2945 5222 ex
2999 5166 3193 5235 quibus
3236 5165 3382 5220 illutn
3430 5164 3482 5217 in
3525 5161 3752 5232 patriam

2196 5266 2419 5322 rediisse
2446 5263 2712 5335 cognovit.
2738 5261 2962 5331 Scripsit
2993 5262 3058 5315 ad
3081 5275 3199 5316 eum
3226 5257 3452 5315 Basilius
3475 5272 3539 5311 ex
3566 5257 3751 5311 eadem

2266 5442 2336 5510 (Γ)
2374 5441 2473 5512 Ep.
2503 5441 2628 5507 223,
2664 5458 2716 5512 η.
2750 5442 2804 5496 2.

2267 5515 2341 5582 (g)
2384 5511 2613 5583 Ιζιόαζηι,
2651 5511 2865 5580 Moral.,
2894 5527 2943 5583 p.
2974 5511 3097 5567 213,

2266 5581 2343 5653 (Ιι)
2384 5581 2481 5648 Ep.
2504 5581 2639 5653 εοι,
2676 5599 2727 5636 u.
2757 5584 2809 5636 6.

2263 5654 2323 5723 (ἰ)
2373 5655 2463 5721 ην.
2492 5652 2541 5706 t.
