  <div class='ocr_page' id='page_1' title='image "/cluster/home/n/w/nwhite01/storage/ocr_20150623/29/hvd.32044011320256/030.png"; bbox 0 0 3992 6392; ppageno 0'>
   <div class='ocr_carea' id='block_1_1' title="bbox 1529 306 2084 365">
    <p class='ocr_par' dir='ltr' id='par_1_1' title="bbox 1529 306 2084 365">
     <span class='ocr_line' id='line_1_1' title="bbox 1529 306 2084 365; baseline 0.007 -5"><span class='ocrx_word' id='word_1_1' title='bbox 1529 306 1679 362; x_wconf 72' lang='lat' dir='ltr'><strong>VITA</strong></span> <span class='ocrx_word' id='word_1_2' title='bbox 1726 306 1781 363; x_wconf 88' lang='lat' dir='ltr'><strong>S.</strong></span> <span class='ocrx_word' id='word_1_3' title='bbox 1823 307 2084 365; x_wconf 80' lang='lat' dir='ltr'><strong>BASILII.</strong></span> 
     </span>
    </p>
   </div>
   <div class='ocr_carea' id='block_1_2' title="bbox 3337 342 3407 383">
    <p class='ocr_par' dir='ltr' id='par_1_2' title="bbox 3337 342 3407 383">
     <span class='ocr_line' id='line_1_2' title="bbox 3337 342 3407 383; baseline 0.029 -2"><span class='ocrx_word' id='word_1_4' title='bbox 3337 342 3407 383; x_wconf 71' lang='grc' dir='ltr'><strong>κν</strong></span> 
     </span>
    </p>
   </div>
   <div class='ocr_carea' id='block_1_3' title="bbox 188 420 3405 496">
    <p class='ocr_par' dir='ltr' id='par_1_3' title="bbox 188 420 3405 496">
     <span class='ocr_line' id='line_1_3' title="bbox 188 420 3405 496; baseline 0.006 -21"><span class='ocrx_word' id='word_1_5' title='bbox 188 425 292 475; x_wconf 77' lang='lat' dir='ltr'><strong>-be</strong></span> <span class='ocrx_word' id='word_1_6' title='bbox 316 422 618 491; x_wconf 72' lang='lat' dir='ltr'><strong>epistolam</strong></span> <span class='ocrx_word' id='word_1_7' title='bbox 648 422 937 491; x_wconf 82' lang='lat' dir='ltr'><strong>leporibus</strong></span> <span class='ocrx_word' id='word_1_8' title='bbox 966 420 1239 485; x_wconf 86' lang='lat' dir='ltr'><strong>refertam,</strong></span> <span class='ocrx_word' id='word_1_9' title='bbox 1273 422 1322 474; x_wconf 93' lang='lat' dir='ltr'><strong>in</strong></span> <span class='ocrx_word' id='word_1_10' title='bbox 1354 436 1456 491; x_wconf 88' lang='lat' dir='ltr'><strong>qua</strong></span> <span class='ocrx_word' id='word_1_11' title='bbox 1494 436 1551 475; x_wconf 86' lang='lat' dir='ltr'><strong>se</strong></span> <span class='ocrx_word' id='word_1_12' title='bbox 1582 422 1746 477; x_wconf 87' lang='lat' dir='ltr'><strong>Athe-</strong></span> <span class='ocrx_word' id='word_1_13' title='bbox 1774 428 1820 484; x_wconf 82' lang='grc' dir='ltr'>Α</span> <span class='ocrx_word' id='word_1_14' title='bbox 1940 422 2189 481; x_wconf 82' lang='lat' dir='ltr'><strong>Vulnerat</strong></span> <span class='ocrx_word' id='word_1_15' title='bbox 2226 427 2396 496; x_wconf 85' lang='lat' dir='ltr'><strong>primo</strong></span> <span class='ocrx_word' id='word_1_16' title='bbox 2429 427 2656 485; x_wconf 78' lang='lat' dir='ltr'><strong>Basilius</strong></span> <span class='ocrx_word' id='word_1_17' title='bbox 2687 431 2738 485; x_wconf 88' lang='lat' dir='ltr'><strong>in</strong></span> <span class='ocrx_word' id='word_1_18' title='bbox 2772 430 3072 487; x_wconf 86' lang='lat' dir='ltr'><strong>Tiberinam</strong></span> <span class='ocrx_word' id='word_1_19' title='bbox 3113 450 3229 490; x_wconf 88' lang='lat' dir='ltr'><strong>sese</strong></span> <span class='ocrx_word' id='word_1_20' title='bbox 3268 440 3405 493; x_wconf 88' lang='lat' dir='ltr'><strong>reci-</strong></span> 
     </span>
    </p>
   </div>
   <div class='ocr_carea' id='block_1_4' title="bbox 186 510 1740 578">
    <p class='ocr_par' dir='ltr' id='par_1_4' title="bbox 186 510 1740 578">
     <span class='ocr_line' id='line_1_4' title="bbox 186 510 1740 578; baseline -0.001 -12"><span class='ocrx_word' id='word_1_21' title='bbox 186 528 261 566; x_wconf 72' lang='lat' dir='ltr'><strong>sas</strong></span> <span class='ocrx_word' id='word_1_22' title='bbox 303 512 600 578; x_wconf 73' lang='lat' dir='ltr'><strong>reliquisse</strong></span> <span class='ocrx_word' id='word_1_23' title='bbox 630 551 645 571; x_wconf 86' lang='lat'><strong>,</strong></span> <span class='ocrx_word' id='word_1_24' title='bbox 683 522 745 564; x_wconf 92' lang='lat' dir='ltr'><strong>ut</strong></span> <span class='ocrx_word' id='word_1_25' title='bbox 774 510 1113 565; x_wconf 88' lang='lat' dir='ltr'><strong>Eustatbium</strong></span> <span class='ocrx_word' id='word_1_26' title='bbox 1165 511 1390 575; x_wconf 92' lang='lat' dir='ltr'><strong>videret,</strong></span> <span class='ocrx_word' id='word_1_27' title='bbox 1444 525 1506 565; x_wconf 90' lang='lat' dir='ltr'><strong>ac</strong></span> <span class='ocrx_word' id='word_1_28' title='bbox 1554 514 1740 566; x_wconf 88' lang='lat' dir='ltr'><strong>eodem</strong></span> 
     </span>
    </p>
   </div>
   <div class='ocr_carea' id='block_1_5' title="bbox 184 601 1744 672">
    <p class='ocr_par' dir='ltr' id='par_1_5' title="bbox 184 601 1744 672">
     <span class='ocr_line' id='line_1_5' title="bbox 184 601 1744 672; baseline -0.001 -16"><span class='ocrx_word' id='word_1_29' title='bbox 184 602 393 657; x_wconf 68' lang='lat' dir='ltr'><strong>umsilio</strong></span> <span class='ocrx_word' id='word_1_30' title='bbox 438 603 493 655; x_wconf 93' lang='lat' dir='ltr'><strong>in</strong></span> <span class='ocrx_word' id='word_1_31' title='bbox 558 601 846 657; x_wconf 77' lang='lat' dir='ltr'><strong>Orientem</strong></span> <span class='ocrx_word' id='word_1_32' title='bbox 899 602 1296 672; x_wconf 77' lang='lat' dir='ltr'><strong>peregrinatum</strong></span> <span class='ocrx_word' id='word_1_33' title='bbox 1326 616 1444 656; x_wconf 86' lang='lat' dir='ltr'><strong>esse</strong></span> <span class='ocrx_word' id='word_1_34' title='bbox 1476 603 1653 670; x_wconf 87' lang='lat' dir='ltr'><strong>lingit;</strong></span> <span class='ocrx_word' id='word_1_35' title='bbox 1690 612 1744 657; x_wconf 93' lang='lat' dir='ltr'><strong>et</strong></span> 
     </span>
    </p>
   </div>
   <div class='ocr_carea' id='block_1_6' title="bbox 186 692 1744 762">
    <p class='ocr_par' dir='ltr' id='par_1_6' title="bbox 186 692 1744 762">
     <span class='ocr_line' id='line_1_6' title="bbox 186 692 1744 762; baseline 0.001 -18"><span class='ocrx_word' id='word_1_36' title='bbox 186 710 284 745; x_wconf 77' lang='lat' dir='ltr'><strong>rum</strong></span> <span class='ocrx_word' id='word_1_37' title='bbox 310 707 432 745; x_wconf 69' lang='lat' dir='ltr'><strong>eum</strong></span> <span class='ocrx_word' id='word_1_38' title='bbox 458 701 539 744; x_wconf 86' lang='lat' dir='ltr'><strong>tot</strong></span> <span class='ocrx_word' id='word_1_39' title='bbox 574 693 631 744; x_wconf 92' lang='lat' dir='ltr'><strong>in</strong></span> <span class='ocrx_word' id='word_1_40' title='bbox 674 693 810 745; x_wconf 91' lang='lat' dir='ltr'><strong>locis</strong></span> <span class='ocrx_word' id='word_1_41' title='bbox 840 693 1121 762; x_wconf 67' lang='lat' dir='ltr'><strong>quaesitum</strong></span> <span class='ocrx_word' id='word_1_42' title='bbox 1159 708 1261 745; x_wconf 91' lang='lat' dir='ltr'><strong>non</strong></span> <span class='ocrx_word' id='word_1_43' title='bbox 1304 692 1615 760; x_wconf 90' lang='lat' dir='ltr'><strong>reperissct,</strong></span> <span class='ocrx_word' id='word_1_44' title='bbox 1648 693 1744 746; x_wconf 87' lang='lat' dir='ltr'><strong>du-</strong></span> 
     </span>
    </p>
   </div>
   <div class='ocr_carea' id='block_1_7' title="bbox 186 784 1740 851">
    <p class='ocr_par' dir='ltr' id='par_1_7' title="bbox 186 784 1740 851">
     <span class='ocr_line' id='line_1_7' title="bbox 186 784 1740 851; baseline -0.001 -14"><span class='ocrx_word' id='word_1_45' title='bbox 186 788 365 837; x_wconf 74' lang='lat' dir='ltr'><strong>bitasse</strong></span> <span class='ocrx_word' id='word_1_46' title='bbox 397 798 621 838; x_wconf 85' lang='lat' dir='ltr'><strong>annon</strong></span> <span class='ocrx_word' id='word_1_47' title='bbox 669 784 786 838; x_wconf 86' lang='lat' dir='ltr'><strong>fato</strong></span> <span class='ocrx_word' id='word_1_48' title='bbox 828 792 919 837; x_wconf 90' lang='lat' dir='ltr'><strong>aut</strong></span> <span class='ocrx_word' id='word_1_49' title='bbox 972 784 1186 837; x_wconf 89' lang='lat' dir='ltr'><strong>fortuna</strong></span> <span class='ocrx_word' id='word_1_50' title='bbox 1232 784 1408 836; x_wconf 84' lang='lat' dir='ltr'><strong>omnia</strong></span> <span class='ocrx_word' id='word_1_51' title='bbox 1466 791 1740 851; x_wconf 79' lang='lat' dir='ltr'><strong>regantur.</strong></span> 
     </span>
    </p>
   </div>
   <div class='ocr_carea' id='block_1_8' title="bbox 184 871 1744 941">
    <p class='ocr_par' dir='ltr' id='par_1_8' title="bbox 184 871 1744 941">
     <span class='ocr_line' id='line_1_8' title="bbox 184 871 1744 941; baseline -0.001 -14"><span class='ocrx_word' id='word_1_52' title='bbox 184 876 308 934; x_wconf 58' lang='lat' dir='ltr'><strong>iter,</strong></span> <span class='ocrx_word' id='word_1_53' title='bbox 330 874 586 940; x_wconf 85' lang='lat' dir='ltr'><strong>inquam,</strong></span> <span class='ocrx_word' id='word_1_54' title='bbox 621 876 690 926; x_wconf 88' lang='lat' dir='ltr'><strong>ab</strong></span> <span class='ocrx_word' id='word_1_55' title='bbox 715 888 777 926; x_wconf 92' lang='lat' dir='ltr'><strong>eo</strong></span> <span class='ocrx_word' id='word_1_56' title='bbox 796 883 1047 941; x_wconf 84' lang='lat' dir='ltr'><strong>peracute</strong></span> <span class='ocrx_word' id='word_1_57' title='bbox 1079 871 1370 941; x_wconf 83' lang='lat' dir='ltr'><strong>finguntur,</strong></span> <span class='ocrx_word' id='word_1_58' title='bbox 1398 887 1494 926; x_wconf 86' lang='lat' dir='ltr'><strong>nec</strong></span> <span class='ocrx_word' id='word_1_59' title='bbox 1521 871 1744 940; x_wconf 85' lang='lat' dir='ltr'><strong>proinde</strong></span> 
     </span>
    </p>
   </div>
   <div class='ocr_carea' id='block_1_9' title="bbox 190 961 1741 1029">
    <p class='ocr_par' dir='ltr' id='par_1_9' title="bbox 190 961 1741 1029">
     <span class='ocr_line' id='line_1_9' title="bbox 190 961 1741 1029; baseline 0.002 -15"><span class='ocrx_word' id='word_1_60' title='bbox 190 964 389 1014; x_wconf 75' lang='lat' dir='ltr'><strong>nimium</strong></span> <span class='ocrx_word' id='word_1_61' title='bbox 422 963 622 1015; x_wconf 85' lang='lat' dir='ltr'><strong>stricte</strong></span> <span class='ocrx_word' id='word_1_62' title='bbox 672 963 841 1029; x_wconf 84' lang='lat' dir='ltr'><strong>accipi</strong></span> <span class='ocrx_word' id='word_1_63' title='bbox 876 961 1095 1015; x_wconf 88' lang='lat' dir='ltr'><strong>debent.</strong></span> <span class='ocrx_word' id='word_1_64' title='bbox 1132 962 1262 1015; x_wconf 70' lang='lat' dir='ltr'><strong>Nam</strong></span> <span class='ocrx_word' id='word_1_65' title='bbox 1304 963 1442 1028; x_wconf 89' lang='lat' dir='ltr'><strong>quod</strong></span> <span class='ocrx_word' id='word_1_66' title='bbox 1475 978 1531 1017; x_wconf 90' lang='lat' dir='ltr'><strong>se</strong></span> <span class='ocrx_word' id='word_1_67' title='bbox 1572 962 1741 1017; x_wconf 84' lang='lat' dir='ltr'><strong>Athe-</strong></span> 
     </span>
    </p>
   </div>
   <div class='ocr_carea' id='block_1_10' title="bbox 187 1052 1741 1123">
    <p class='ocr_par' dir='ltr' id='par_1_10' title="bbox 187 1052 1741 1123">
     <span class='ocr_line' id='line_1_10' title="bbox 187 1052 1741 1123; baseline 0.003 -18"><span class='ocrx_word' id='word_1_68' title='bbox 187 1057 249 1106; x_wconf 80' lang='lat' dir='ltr'><strong>nis</strong></span> <span class='ocrx_word' id='word_1_69' title='bbox 286 1052 621 1107; x_wconf 81' lang='lat' dir='ltr'><strong>discessisse</strong></span> <span class='ocrx_word' id='word_1_70' title='bbox 657 1054 753 1116; x_wconf 85' lang='lat' dir='ltr'><strong>ait,</strong></span> <span class='ocrx_word' id='word_1_71' title='bbox 786 1061 847 1105; x_wconf 92' lang='lat' dir='ltr'><strong>ut</strong></span> <span class='ocrx_word' id='word_1_72' title='bbox 890 1053 1265 1123; x_wconf 89' lang='lat' dir='ltr'><strong>philos0phum</strong></span> <span class='ocrx_word' id='word_1_73' title='bbox 1297 1055 1525 1120; x_wconf 90' lang='lat' dir='ltr'><strong>videret,</strong></span> <span class='ocrx_word' id='word_1_74' title='bbox 1578 1055 1741 1109; x_wconf 86' lang='lat' dir='ltr'><strong>urba-</strong></span> 
     </span>
    </p>
   </div>
   <div class='ocr_carea' id='block_1_11' title="bbox 185 1144 1741 1216">
    <p class='ocr_par' dir='ltr' id='par_1_11' title="bbox 185 1144 1741 1216">
     <span class='ocr_line' id='line_1_11' title="bbox 185 1144 1741 1216; baseline 0.002 -19"><span class='ocrx_word' id='word_1_75' title='bbox 185 1147 381 1197; x_wconf 68' lang='lat' dir='ltr'><strong>n‘ssima</strong></span> <span class='ocrx_word' id='word_1_76' title='bbox 426 1154 512 1197; x_wconf 89' lang='lat' dir='ltr'><strong>est</strong></span> <span class='ocrx_word' id='word_1_77' title='bbox 556 1144 721 1199; x_wconf 86' lang='lat' dir='ltr'><strong>amici</strong></span> <span class='ocrx_word' id='word_1_78' title='bbox 771 1146 1019 1201; x_wconf 89' lang='lat' dir='ltr'><strong>desiderii</strong></span> <span class='ocrx_word' id='word_1_79' title='bbox 1068 1147 1409 1215; x_wconf 79' lang='lat' dir='ltr'><strong>signiﬁcatio,</strong></span> <span class='ocrx_word' id='word_1_80' title='bbox 1451 1163 1556 1201; x_wconf 89' lang='lat' dir='ltr'><strong>non</strong></span> <span class='ocrx_word' id='word_1_81' title='bbox 1601 1148 1741 1216; x_wconf 90' lang='lat' dir='ltr'><strong>quod</strong></span> 
     </span>
    </p>
   </div>
   <div class='ocr_carea' id='block_1_12' title="bbox 185 1234 1742 1292">
    <p class='ocr_par' dir='ltr' id='par_1_12' title="bbox 185 1234 1742 1292">
     <span class='ocr_line' id='line_1_12' title="bbox 185 1234 1742 1292; baseline 0.003 -5"><span class='ocrx_word' id='word_1_82' title='bbox 185 1238 307 1287; x_wconf 77' lang='lat' dir='ltr'><strong>aliud</strong></span> <span class='ocrx_word' id='word_1_83' title='bbox 337 1234 665 1289; x_wconf 85' lang='lat' dir='ltr'><strong>discedendi</strong></span> <span class='ocrx_word' id='word_1_84' title='bbox 699 1235 984 1289; x_wconf 89' lang='lat' dir='ltr'><strong>consilium</strong></span> <span class='ocrx_word' id='word_1_85' title='bbox 1014 1252 1117 1290; x_wconf 89' lang='lat' dir='ltr'><strong>non</strong></span> <span class='ocrx_word' id='word_1_86' title='bbox 1163 1237 1431 1290; x_wconf 85' lang='lat' dir='ltr'><strong>habuerit.</strong></span> <span class='ocrx_word' id='word_1_87' title='bbox 1474 1237 1742 1292; x_wconf 89' lang='lat' dir='ltr'><strong>Dubitatio</strong></span> 
     </span>
    </p>
   </div>
   <div class='ocr_carea' id='block_1_13' title="bbox 179 1324 1742 1393">
    <p class='ocr_par' dir='ltr' id='par_1_13' title="bbox 179 1324 1742 1393">
     <span class='ocr_line' id='line_1_13' title="bbox 179 1324 1742 1393; baseline 0.004 -20"><span class='ocrx_word' id='word_1_88' title='bbox 179 1334 337 1375; x_wconf 67' lang='lat' dir='ltr'><strong>autem</strong></span> <span class='ocrx_word' id='word_1_89' title='bbox 390 1324 506 1387; x_wconf 84' lang='lat' dir='ltr'><strong>illa,</strong></span> <span class='ocrx_word' id='word_1_90' title='bbox 548 1338 656 1393; x_wconf 88' lang='lat' dir='ltr'><strong>qua</strong></span> <span class='ocrx_word' id='word_1_91' title='bbox 688 1338 747 1377; x_wconf 89' lang='lat' dir='ltr'><strong>se</strong></span> <span class='ocrx_word' id='word_1_92' title='bbox 780 1325 1039 1393; x_wconf 85' lang='lat' dir='ltr'><strong>agitatum</strong></span> <span class='ocrx_word' id='word_1_93' title='bbox 1090 1324 1258 1379; x_wconf 90' lang='lat' dir='ltr'><strong>fuisse</strong></span> <span class='ocrx_word' id='word_1_94' title='bbox 1288 1325 1438 1386; x_wconf 87' lang='lat' dir='ltr'><strong>dicit,</strong></span> <span class='ocrx_word' id='word_1_95' title='bbox 1484 1341 1586 1379; x_wconf 87' lang='lat' dir='ltr'><strong>non</strong></span> <span class='ocrx_word' id='word_1_96' title='bbox 1639 1327 1742 1381; x_wconf 87' lang='lat' dir='ltr'><strong>alio</strong></span> 
     </span>
    </p>
   </div>
   <div class='ocr_carea' id='block_1_14' title="bbox 176 1416 1739 1487">
    <p class='ocr_par' dir='ltr' id='par_1_14' title="bbox 176 1416 1739 1487">
     <span class='ocr_line' id='line_1_14' title="bbox 176 1416 1739 1487; baseline 0.002 -18"><span class='ocrx_word' id='word_1_97' title='bbox 176 1425 368 1483; x_wconf 75' lang='lat' dir='ltr'><strong>spectat</strong></span> <span class='ocrx_word' id='word_1_98' title='bbox 401 1416 535 1480; x_wconf 84' lang='lat' dir='ltr'><strong>nisi,</strong></span> <span class='ocrx_word' id='word_1_99' title='bbox 569 1424 627 1469; x_wconf 92' lang='lat' dir='ltr'><strong>ut</strong></span> <span class='ocrx_word' id='word_1_100' title='bbox 657 1416 873 1469; x_wconf 90' lang='lat' dir='ltr'><strong>ethnico</strong></span> <span class='ocrx_word' id='word_1_101' title='bbox 910 1417 1226 1487; x_wconf 88' lang='lat' dir='ltr'><strong>philosopho</strong></span> <span class='ocrx_word' id='word_1_102' title='bbox 1255 1432 1431 1471; x_wconf 89' lang='lat' dir='ltr'><strong>veram</strong></span> <span class='ocrx_word' id='word_1_103' title='bbox 1460 1420 1522 1471; x_wconf 87' lang='lat' dir='ltr'><strong>de</strong></span> <span class='ocrx_word' id='word_1_104' title='bbox 1552 1419 1739 1473; x_wconf 85' lang='lat' dir='ltr'><strong>Provi-</strong></span> 
     </span>
    </p>
   </div>
   <div class='ocr_carea' id='block_1_15' title="bbox 176 1506 1737 1579">
    <p class='ocr_par' dir='ltr' id='par_1_15' title="bbox 176 1506 1737 1579">
     <span class='ocr_line' id='line_1_15' title="bbox 176 1506 1737 1579; baseline 0.003 -21"><span class='ocrx_word' id='word_1_105' title='bbox 176 1506 336 1558; x_wconf 76' lang='lat' dir='ltr'><strong>dentia</strong></span> <span class='ocrx_word' id='word_1_106' title='bbox 374 1506 713 1559; x_wconf 83' lang='lat' dir='ltr'><strong>sententiam</strong></span> <span class='ocrx_word' id='word_1_107' title='bbox 748 1506 955 1562; x_wconf 80' lang='lat' dir='ltr'><strong>facilius</strong></span> <span class='ocrx_word' id='word_1_108' title='bbox 990 1507 1245 1562; x_wconf 85' lang='lat' dir='ltr'><strong>insinuet.</strong></span> <span class='ocrx_word' id='word_1_109' title='bbox 1279 1509 1427 1562; x_wconf 85' lang='lat' dir='ltr'><strong>Hanc</strong></span> <span class='ocrx_word' id='word_1_110' title='bbox 1462 1511 1737 1579; x_wconf 85' lang='lat' dir='ltr'><strong>epistolam</strong></span> 
     </span>
    </p>
   </div>
   <div class='ocr_carea' id='block_1_16' title="bbox 172 1596 1737 1668">
    <p class='ocr_par' dir='ltr' id='par_1_16' title="bbox 172 1596 1737 1668">
     <span class='ocr_line' id='line_1_16' title="bbox 172 1596 1737 1668; baseline 0.003 -21"><span class='ocrx_word' id='word_1_111' title='bbox 172 1597 401 1648; x_wconf 79' lang='lat' dir='ltr'><strong>outnium</strong></span> <span class='ocrx_word' id='word_1_112' title='bbox 472 1596 709 1663; x_wconf 87' lang='lat' dir='ltr'><strong>primam</strong></span> <span class='ocrx_word' id='word_1_113' title='bbox 790 1596 1192 1662; x_wconf 88' lang='lat' dir='ltr'><strong>collocavimns,</strong></span> <span class='ocrx_word' id='word_1_114' title='bbox 1248 1609 1431 1668; x_wconf 88' lang='lat' dir='ltr'><strong>utpote</strong></span> <span class='ocrx_word' id='word_1_115' title='bbox 1485 1601 1737 1668; x_wconf 88' lang='lat' dir='ltr'><strong>scriptam</strong></span> 
     </span>
    </p>
   </div>
   <div class='ocr_carea' id='block_1_17' title="bbox 174 1684 1374 1756">
    <p class='ocr_par' dir='ltr' id='par_1_17' title="bbox 174 1684 1374 1756">
     <span class='ocr_line' id='line_1_17' title="bbox 174 1684 1374 1756; baseline 0.004 -19"><span class='ocrx_word' id='word_1_116' title='bbox 174 1701 301 1738; x_wconf 73' lang='lat' dir='ltr'><strong>anno</strong></span> <span class='ocrx_word' id='word_1_117' title='bbox 333 1684 469 1749; x_wconf 73' lang='lat'><strong>557,</strong></span> <span class='ocrx_word' id='word_1_118' title='bbox 502 1685 651 1740; x_wconf 88' lang='lat' dir='ltr'><strong>inter</strong></span> <span class='ocrx_word' id='word_1_119' title='bbox 688 1685 869 1739; x_wconf 80' lang='lat' dir='ltr'><strong>Basilii</strong></span> <span class='ocrx_word' id='word_1_120' title='bbox 899 1685 1374 1756; x_wconf 84' lang='lat' dir='ltr'><strong>peregrinationes.</strong></span> 
     </span>
    </p>
   </div>
   <div class='ocr_carea' id='block_1_18' title="bbox 1858 517 3406 597">
    <p class='ocr_par' dir='ltr' id='par_1_18' title="bbox 1858 517 3406 597">
     <span class='ocr_line' id='line_1_18' title="bbox 1858 517 3406 597; baseline 0.011 -29"><span class='ocrx_word' id='word_1_121' title='bbox 1858 531 2003 585; x_wconf 90' lang='lat' dir='ltr'><strong>pere.</strong></span> <span class='ocrx_word' id='word_1_122' title='bbox 2046 517 2140 571; x_wconf 86' lang='lat' dir='ltr'><strong>Est</strong></span> <span class='ocrx_word' id='word_1_123' title='bbox 2177 528 2353 573; x_wconf 88' lang='lat' dir='ltr'><strong>autem</strong></span> <span class='ocrx_word' id='word_1_124' title='bbox 2391 520 2643 577; x_wconf 86' lang='lat' dir='ltr'><strong>Tiberina</strong></span> <span class='ocrx_word' id='word_1_125' title='bbox 2687 523 2835 592; x_wconf 83' lang='lat' dir='ltr'><strong>regio</strong></span> <span class='ocrx_word' id='word_1_126' title='bbox 2859 517 3097 594; x_wconf 64' lang='lat' dir='ltr'><strong>quaedam</strong></span> <span class='ocrx_word' id='word_1_127' title='bbox 3136 525 3406 597; x_wconf 86' lang='lat' dir='ltr'><strong>Cappado-</strong></span> 
     </span>
    </p>
   </div>
   <div class='ocr_carea' id='block_1_19' title="bbox 1850 609 3397 684">
    <p class='ocr_par' dir='ltr' id='par_1_19' title="bbox 1850 609 3397 684">
     <span class='ocr_line' id='line_1_19' title="bbox 1850 609 3397 684; baseline 0.009 -25"><span class='ocrx_word' id='word_1_128' title='bbox 1850 609 1971 673; x_wconf 65' lang='lat' dir='ltr'><strong>ciae,</strong></span> <span class='ocrx_word' id='word_1_129' title='bbox 2000 610 2050 662; x_wconf 89' lang='lat' dir='ltr'><strong>in</strong></span> <span class='ocrx_word' id='word_1_130' title='bbox 2075 625 2178 679; x_wconf 89' lang='lat' dir='ltr'><strong>qua</strong></span> <span class='ocrx_word' id='word_1_131' title='bbox 2202 613 2335 665; x_wconf 89' lang='lat' dir='ltr'><strong>situs</strong></span> <span class='ocrx_word' id='word_1_132' title='bbox 2354 619 2435 667; x_wconf 88' lang='lat' dir='ltr'><strong>est</strong></span> <span class='ocrx_word' id='word_1_133' title='bbox 2465 612 2727 669; x_wconf 83' lang='lat' dir='ltr'><strong>Arianzus</strong></span> <span class='ocrx_word' id='word_1_134' title='bbox 2745 614 2983 684; x_wconf 81' lang='lat' dir='ltr'><strong>Gregorii</strong></span> <span class='ocrx_word' id='word_1_135' title='bbox 3008 616 3182 670; x_wconf 84' lang='lat' dir='ltr'><strong>natale</strong></span> <span class='ocrx_word' id='word_1_136' title='bbox 3205 624 3397 673; x_wconf 88' lang='lat' dir='ltr'><strong>solum.</strong></span> 
     </span>
    </p>
   </div>
   <div class='ocr_carea' id='block_1_20' title="bbox 1863 698 3402 777">
    <p class='ocr_par' dir='ltr' id='par_1_20' title="bbox 1863 698 3402 777">
     <span class='ocr_line' id='line_1_20' title="bbox 1863 698 3402 777; baseline 0.007 -26"><span class='ocrx_word' id='word_1_137' title='bbox 1863 698 2005 753; x_wconf 86' lang='lat' dir='ltr'><strong>Nunt</strong></span> <span class='ocrx_word' id='word_1_138' title='bbox 2045 702 2203 770; x_wconf 77' lang='lat' dir='ltr'><strong>igitur</strong></span> <span class='ocrx_word' id='word_1_139' title='bbox 2231 704 2444 772; x_wconf 77' lang='lat' dir='ltr'><strong>cogitas,</strong></span> <span class='ocrx_word' id='word_1_140' title='bbox 2478 706 2649 775; x_wconf 88' lang='lat' dir='ltr'><strong>inquit</strong></span> <span class='ocrx_word' id='word_1_141' title='bbox 2676 707 2728 761; x_wconf 87' lang='lat' dir='ltr'><strong>in</strong></span> <span class='ocrx_word' id='word_1_142' title='bbox 2765 708 2921 776; x_wconf 83' lang='lat' dir='ltr'><strong>epist.</strong></span> <span class='ocrx_word' id='word_1_143' title='bbox 2953 707 3039 771; x_wconf 71' lang='grc'><strong>14,</strong></span> <span class='ocrx_word' id='word_1_144' title='bbox 3068 726 3169 776; x_wconf 85' lang='lat' dir='ltr'><strong>quo</strong></span> <span class='ocrx_word' id='word_1_145' title='bbox 3199 726 3289 777; x_wconf 85' lang='lat' dir='ltr'><strong>ego</strong></span> <span class='ocrx_word' id='word_1_146' title='bbox 3312 728 3402 776; x_wconf 81' lang='lat' dir='ltr'><strong>pe-</strong></span> 
     </span>
    </p>
   </div>
   <div class='ocr_carea' id='block_1_21' title="bbox 1852 790 3403 867">
    <p class='ocr_par' dir='ltr' id='par_1_21' title="bbox 1852 790 3403 867">
     <span class='ocr_line' id='line_1_21' title="bbox 1852 790 3403 867; baseline 0.008 -26"><span class='ocrx_word' id='word_1_147' title='bbox 1852 790 2008 843; x_wconf 87' lang='lat' dir='ltr'><strong>riculi</strong></span> <span class='ocrx_word' id='word_1_148' title='bbox 2043 792 2235 845; x_wconf 72' lang='lat' dir='ltr'><strong>stultus</strong></span> <span class='ocrx_word' id='word_1_149' title='bbox 2277 797 2529 861; x_wconf 81' lang='lat' dir='ltr'><strong>venerim,</strong></span> <span class='ocrx_word' id='word_1_150' title='bbox 2573 813 2691 849; x_wconf 87' lang='lat' dir='ltr'><strong>cum</strong></span> <span class='ocrx_word' id='word_1_151' title='bbox 2726 798 2895 851; x_wconf 83' lang='lat' dir='ltr'><strong>sedem</strong></span> <span class='ocrx_word' id='word_1_152' title='bbox 2929 798 3225 867; x_wconf 86' lang='lat' dir='ltr'><strong>ltujusmodi</strong></span> <span class='ocrx_word' id='word_1_153' title='bbox 3253 798 3403 854; x_wconf 85' lang='lat' dir='ltr'><strong>Tibe-</strong></span> 
     </span>
    </p>
   </div>
   <div class='ocr_carea' id='block_1_22' title="bbox 1853 882 3403 959">
    <p class='ocr_par' dir='ltr' id='par_1_22' title="bbox 1853 882 3403 959">
     <span class='ocr_line' id='line_1_22' title="bbox 1853 882 3403 959; baseline 0.008 -28"><span class='ocrx_word' id='word_1_154' title='bbox 1853 883 1898 932; x_wconf 89' lang='lat' dir='ltr'><strong>ri</strong></span> <span class='ocrx_word' id='word_1_155' title='bbox 1910 897 1975 932; x_wconf 88' lang='lat' dir='ltr'><strong>na</strong></span> <span class='ocrx_word' id='word_1_156' title='bbox 2007 882 2148 935; x_wconf 86' lang='lat' dir='ltr'><strong>orbis</strong></span> <span class='ocrx_word' id='word_1_157' title='bbox 2180 894 2435 939; x_wconf 84' lang='lat' dir='ltr'><strong>terrarum</strong></span> <span class='ocrx_word' id='word_1_158' title='bbox 2459 887 2705 942; x_wconf 82' lang='lat' dir='ltr'><strong>barathro</strong></span> <span class='ocrx_word' id='word_1_159' title='bbox 2730 900 3043 943; x_wconf 87' lang='lat' dir='ltr'><strong>commutare</strong></span> <span class='ocrx_word' id='word_1_160' title='bbox 3072 892 3403 959; x_wconf 78' lang='lat' dir='ltr'><strong>pertinaciter</strong></span> 
     </span>
    </p>
   </div>
   <div class='ocr_carea' id='block_1_23' title="bbox 1846 972 3401 1050">
    <p class='ocr_par' dir='ltr' id='par_1_23' title="bbox 1846 972 3401 1050">
     <span class='ocr_line' id='line_1_23' title="bbox 1846 972 3401 1050; baseline 0.007 -25"><span class='ocrx_word' id='word_1_161' title='bbox 1846 989 1901 1025; x_wconf 78' lang='lat' dir='ltr'><strong>re</strong></span> <span class='ocrx_word' id='word_1_162' title='bbox 1915 973 2038 1024; x_wconf 81' lang='lat' dir='ltr'><strong>[lem</strong></span> <span class='ocrx_word' id='word_1_163' title='bbox 2062 975 2088 1026; x_wconf 71' lang='grc' dir='ltr'><em>Ρ</em></span> <span class='ocrx_word' id='word_1_164' title='bbox 2126 972 2346 1028; x_wconf 81' lang='lat' dir='ltr'><strong>Videtur</strong></span> <span class='ocrx_word' id='word_1_165' title='bbox 2370 992 2489 1046; x_wconf 88' lang='lat' dir='ltr'><strong>spes</strong></span> <span class='ocrx_word' id='word_1_166' title='bbox 2517 994 2636 1032; x_wconf 90' lang='lat' dir='ltr'><strong>cum</strong></span> <span class='ocrx_word' id='word_1_167' title='bbox 2664 980 2920 1050; x_wconf 87' lang='lat' dir='ltr'><strong>Gregorio</strong></span> <span class='ocrx_word' id='word_1_168' title='bbox 2960 981 3174 1035; x_wconf 80' lang='lat' dir='ltr'><strong>vivendi</strong></span> <span class='ocrx_word' id='word_1_169' title='bbox 3209 981 3401 1049; x_wconf 61' lang='lat' dir='ltr'><strong>princi-</strong></span> 
     </span>
    </p>
   </div>
   <div class='ocr_carea' id='block_1_24' title="bbox 1846 1064 3399 1141">
    <p class='ocr_par' dir='ltr' id='par_1_24' title="bbox 1846 1064 3399 1141">
     <span class='ocr_line' id='line_1_24' title="bbox 1846 1064 3399 1141; baseline 0.01 -29"><span class='ocrx_word' id='word_1_170' title='bbox 1846 1079 2007 1131; x_wconf 87' lang='lat' dir='ltr'><strong>punm</strong></span> <span class='ocrx_word' id='word_1_171' title='bbox 2052 1064 2219 1120; x_wconf 88' lang='lat' dir='ltr'><strong>fuisse</strong></span> <span class='ocrx_word' id='word_1_172' title='bbox 2244 1082 2360 1121; x_wconf 90' lang='lat' dir='ltr'><strong>com</strong></span> <span class='ocrx_word' id='word_1_173' title='bbox 2380 1070 2613 1135; x_wconf 90' lang='lat' dir='ltr'><strong>modum,</strong></span> <span class='ocrx_word' id='word_1_174' title='bbox 2645 1073 2784 1141; x_wconf 87' lang='lat' dir='ltr'><strong>quod</strong></span> <span class='ocrx_word' id='word_1_175' title='bbox 2825 1072 2925 1126; x_wconf 90' lang='lat' dir='ltr'><strong>sibi</strong></span> <span class='ocrx_word' id='word_1_176' title='bbox 2952 1071 3180 1127; x_wconf 84' lang='lat' dir='ltr'><strong>Basilius</strong></span> <span class='ocrx_word' id='word_1_177' title='bbox 3210 1072 3399 1141; x_wconf 69' lang='lat' dir='ltr'><strong>praefe-</strong></span> 
     </span>
    </p>
   </div>
   <div class='ocr_carea' id='block_1_25' title="bbox 1847 1156 3400 1234">
    <p class='ocr_par' dir='ltr' id='par_1_25' title="bbox 1847 1156 3400 1234">
     <span class='ocr_line' id='line_1_25' title="bbox 1847 1156 3400 1234; baseline 0.009 -29"><span class='ocrx_word' id='word_1_178' title='bbox 1847 1156 2010 1207; x_wconf 88' lang='lat' dir='ltr'><strong>renda</strong></span> <span class='ocrx_word' id='word_1_179' title='bbox 2052 1157 2173 1210; x_wconf 91' lang='lat' dir='ltr'><strong>aliis</strong></span> <span class='ocrx_word' id='word_1_180' title='bbox 2227 1157 2359 1213; x_wconf 85' lang='lat' dir='ltr'><strong>locis</strong></span> <span class='ocrx_word' id='word_1_181' title='bbox 2397 1159 2644 1216; x_wconf 88' lang='lat' dir='ltr'><strong>Tiberina</strong></span> <span class='ocrx_word' id='word_1_182' title='bbox 2692 1173 3030 1234; x_wconf 83' lang='lat' dir='ltr'><strong>praponeret.</strong></span> <span class='ocrx_word' id='word_1_183' title='bbox 3078 1165 3183 1218; x_wconf 86' lang='lat' dir='ltr'><strong>Sed</strong></span> <span class='ocrx_word' id='word_1_184' title='bbox 3236 1165 3400 1234; x_wconf 86' lang='lat' dir='ltr'><strong>ipsius</strong></span> 
     </span>
    </p>
   </div>
   <div class='ocr_carea' id='block_1_26' title="bbox 1844 1255 3399 1323">
    <p class='ocr_par' dir='ltr' id='par_1_26' title="bbox 1844 1255 3399 1323">
     <span class='ocr_line' id='line_1_26' title="bbox 1844 1255 3399 1323; baseline 0.006 -25"><span class='ocrx_word' id='word_1_185' title='bbox 1844 1256 2014 1299; x_wconf 86' lang='lat' dir='ltr'><strong>mater</strong></span> <span class='ocrx_word' id='word_1_186' title='bbox 2036 1258 2088 1301; x_wconf 91' lang='lat' dir='ltr'><strong>et</strong></span> <span class='ocrx_word' id='word_1_187' title='bbox 2110 1264 2283 1311; x_wconf 85' lang='lat' dir='ltr'><strong>soror,</strong></span> <span class='ocrx_word' id='word_1_188' title='bbox 2318 1267 2542 1321; x_wconf 86' lang='lat' dir='ltr'><strong>quarum</strong></span> <span class='ocrx_word' id='word_1_189' title='bbox 2568 1255 2825 1309; x_wconf 81' lang='lat' dir='ltr'><strong>intererat</strong></span> <span class='ocrx_word' id='word_1_190' title='bbox 2845 1272 2963 1310; x_wconf 89' lang='lat' dir='ltr'><strong>eum</strong></span> <span class='ocrx_word' id='word_1_191' title='bbox 2987 1271 3087 1309; x_wconf 89' lang='lat' dir='ltr'><strong>non</strong></span> <span class='ocrx_word' id='word_1_192' title='bbox 3115 1265 3219 1309; x_wconf 94' lang='lat' dir='ltr'><strong>tam</strong></span> <span class='ocrx_word' id='word_1_193' title='bbox 3245 1256 3399 1323; x_wconf 83' lang='lat' dir='ltr'><strong>longe</strong></span> 
     </span>
    </p>
   </div>
   <div class='ocr_carea' id='block_1_27' title="bbox 1843 1340 3401 1411">
    <p class='ocr_par' dir='ltr' id='par_1_27' title="bbox 1843 1340 3401 1411">
     <span class='ocr_line' id='line_1_27' title="bbox 1843 1340 3401 1411; baseline 0.004 -19"><span class='ocrx_word' id='word_1_194' title='bbox 1843 1340 2112 1407; x_wconf 88' lang='lat' dir='ltr'><strong>secedere,</strong></span> <span class='ocrx_word' id='word_1_195' title='bbox 2161 1340 2283 1396; x_wconf 83' lang='lat' dir='ltr'><strong>huic</strong></span> <span class='ocrx_word' id='word_1_196' title='bbox 2332 1345 2586 1411; x_wconf 90' lang='lat' dir='ltr'><strong>consilio,</strong></span> <span class='ocrx_word' id='word_1_197' title='bbox 2628 1355 2685 1400; x_wconf 92' lang='lat' dir='ltr'><strong>ut</strong></span> <span class='ocrx_word' id='word_1_198' title='bbox 2725 1347 3014 1401; x_wconf 88' lang='lat' dir='ltr'><strong>verisimile</strong></span> <span class='ocrx_word' id='word_1_199' title='bbox 3045 1355 3148 1409; x_wconf 89' lang='lat' dir='ltr'><strong>est,</strong></span> <span class='ocrx_word' id='word_1_200' title='bbox 3179 1345 3401 1399; x_wconf 84' lang='lat' dir='ltr'><strong>obstite-</strong></span> 
     </span>
    </p>
   </div>
   <div class='ocr_carea' id='block_1_28' title="bbox 1843 1437 3395 1509">
    <p class='ocr_par' dir='ltr' id='par_1_28' title="bbox 1843 1437 3395 1509">
     <span class='ocr_line' id='line_1_28' title="bbox 1843 1437 3395 1509; baseline 0.003 -24"><span class='ocrx_word' id='word_1_201' title='bbox 1843 1440 1985 1495; x_wconf 91' lang='lat' dir='ltr'><strong>runt,</strong></span> <span class='ocrx_word' id='word_1_202' title='bbox 2012 1448 2072 1488; x_wconf 88' lang='lat' dir='ltr'><strong>ac</strong></span> <span class='ocrx_word' id='word_1_203' title='bbox 2111 1438 2324 1490; x_wconf 89' lang='lat' dir='ltr'><strong>orando</strong></span> <span class='ocrx_word' id='word_1_204' title='bbox 2351 1445 2403 1490; x_wconf 90' lang='lat' dir='ltr'><strong>et</strong></span> <span class='ocrx_word' id='word_1_205' title='bbox 2444 1437 2691 1492; x_wconf 86' lang='lat' dir='ltr'><strong>instando</strong></span> <span class='ocrx_word' id='word_1_206' title='bbox 2714 1440 3003 1509; x_wconf 83' lang='lat' dir='ltr'><strong>perfecere,</strong></span> <span class='ocrx_word' id='word_1_207' title='bbox 3036 1448 3093 1492; x_wconf 94' lang='lat' dir='ltr'><strong>ut</strong></span> <span class='ocrx_word' id='word_1_208' title='bbox 3131 1438 3277 1492; x_wconf 90' lang='lat' dir='ltr'><strong>illum</strong></span> <span class='ocrx_word' id='word_1_209' title='bbox 3311 1444 3395 1491; x_wconf 89' lang='lat' dir='ltr'><strong>at-</strong></span> 
     </span>
    </p>
   </div>
   <div class='ocr_carea' id='block_1_29' title="bbox 1846 1524 3398 1589">
    <p class='ocr_par' dir='ltr' id='par_1_29' title="bbox 1846 1524 3398 1589">
     <span class='ocr_line' id='line_1_29' title="bbox 1846 1524 3398 1589; baseline 0.006 -14"><span class='ocrx_word' id='word_1_210' title='bbox 1846 1524 2119 1577; x_wconf 87' lang='lat' dir='ltr'><strong>traherent</strong></span> <span class='ocrx_word' id='word_1_211' title='bbox 2151 1525 2201 1579; x_wconf 89' lang='lat' dir='ltr'><strong>in</strong></span> <span class='ocrx_word' id='word_1_212' title='bbox 2240 1526 2415 1580; x_wconf 91' lang='lat' dir='ltr'><strong>locum</strong></span> <span class='ocrx_word' id='word_1_213' title='bbox 2441 1530 2554 1583; x_wconf 90' lang='lat' dir='ltr'><strong>solo</strong></span> <span class='ocrx_word' id='word_1_214' title='bbox 2575 1530 2789 1585; x_wconf 90' lang='lat' dir='ltr'><strong>llumine</strong></span> <span class='ocrx_word' id='word_1_215' title='bbox 2833 1531 2900 1585; x_wconf 90' lang='lat' dir='ltr'><strong>ab</strong></span> <span class='ocrx_word' id='word_1_216' title='bbox 2923 1544 3102 1589; x_wconf 84' lang='lat' dir='ltr'><strong>earum</strong></span> <span class='ocrx_word' id='word_1_217' title='bbox 3134 1537 3398 1585; x_wconf 87' lang='lat' dir='ltr'><strong>monaste-</strong></span> 
     </span>
    </p>
   </div>
   <div class='ocr_carea' id='block_1_30' title="bbox 1849 1614 2227 1670">
    <p class='ocr_par' dir='ltr' id='par_1_30' title="bbox 1849 1614 2227 1670">
     <span class='ocr_line' id='line_1_30' title="bbox 1849 1614 2227 1670; baseline 0.005 -4"><span class='ocrx_word' id='word_1_218' title='bbox 1849 1614 1929 1667; x_wconf 91' lang='lat' dir='ltr'><strong>rio</strong></span> <span class='ocrx_word' id='word_1_219' title='bbox 1959 1614 2227 1670; x_wconf 85' lang='lat' dir='ltr'><strong>dissitum.</strong></span> 
     </span>
    </p>
   </div>
   <div class='ocr_carea' id='block_1_31' title="bbox 1919 1702 3394 1774">
    <p class='ocr_par' dir='ltr' id='par_1_31' title="bbox 1919 1702 3394 1774">
     <span class='ocr_line' id='line_1_31' title="bbox 1919 1702 3394 1774; baseline 0.003 -18"><span class='ocrx_word' id='word_1_220' title='bbox 1919 1702 2205 1773; x_wconf 87' lang='lat' dir='ltr'><strong>Postquam</strong></span> <span class='ocrx_word' id='word_1_221' title='bbox 2247 1705 2468 1769; x_wconf 81' lang='lat' dir='ltr'><strong>degendi</strong></span> <span class='ocrx_word' id='word_1_222' title='bbox 2510 1719 2638 1759; x_wconf 90' lang='lat' dir='ltr'><strong>cum</strong></span> <span class='ocrx_word' id='word_1_223' title='bbox 2680 1703 2934 1771; x_wconf 80' lang='lat' dir='ltr'><strong>Gregorio</strong></span> <span class='ocrx_word' id='word_1_224' title='bbox 2986 1719 3108 1774; x_wconf 87' lang='lat' dir='ltr'><strong>spes</strong></span> <span class='ocrx_word' id='word_1_225' title='bbox 3147 1707 3394 1772; x_wconf 87' lang='lat' dir='ltr'><strong>evanuit,</strong></span> 
     </span>
    </p>
   </div>
   <div class='ocr_carea' id='block_1_32' title="bbox 233 1778 1730 1863">
    <p class='ocr_par' dir='ltr' id='par_1_32' title="bbox 233 1778 1730 1847">
     <span class='ocr_line' id='line_1_32' title="bbox 233 1778 1730 1847; baseline 0.002 -16"><span class='ocrx_word' id='word_1_226' title='bbox 233 1779 383 1845; x_wconf 81' lang='lat' dir='ltr'><strong>Quod</strong></span> <span class='ocrx_word' id='word_1_227' title='bbox 418 1779 703 1832; x_wconf 87' lang='lat' dir='ltr'><strong>metuebat</strong></span> <span class='ocrx_word' id='word_1_228' title='bbox 734 1778 987 1841; x_wconf 86' lang='lat' dir='ltr'><strong>Basilius,</strong></span> <span class='ocrx_word' id='word_1_229' title='bbox 1033 1779 1155 1832; x_wconf 92' lang='lat' dir='ltr'><strong>dum</strong></span> <span class='ocrx_word' id='word_1_230' title='bbox 1190 1788 1333 1834; x_wconf 88' lang='lat' dir='ltr'><strong>esset</strong></span> <span class='ocrx_word' id='word_1_231' title='bbox 1367 1780 1730 1847; x_wconf 67' lang='lat' dir='ltr'><strong>Alexandriae,</strong></span> 
     </span>
    </p>
   </div>
   <div class='ocr_carea' id='block_1_33' title="bbox 1837 1778 3397 1863">
    <p class='ocr_par' dir='ltr' id='par_1_33' title="bbox 1844 1793 3397 1863">
     <span class='ocr_line' id='line_1_33' title="bbox 1844 1793 3397 1863; baseline 0.003 -16"><span class='ocrx_word' id='word_1_232' title='bbox 1844 1793 2077 1847; x_wconf 79' lang='lat' dir='ltr'><strong>dolorem</strong></span> <span class='ocrx_word' id='word_1_233' title='bbox 2118 1810 2275 1848; x_wconf 89' lang='lat' dir='ltr'><strong>suum</strong></span> <span class='ocrx_word' id='word_1_234' title='bbox 2308 1796 2532 1848; x_wconf 85' lang='lat' dir='ltr'><strong>Basilius</strong></span> <span class='ocrx_word' id='word_1_235' title='bbox 2565 1809 2669 1847; x_wconf 90' lang='lat' dir='ltr'><strong>non</strong></span> <span class='ocrx_word' id='word_1_236' title='bbox 2699 1795 2858 1848; x_wconf 88' lang='lat' dir='ltr'><strong>corde</strong></span> <span class='ocrx_word' id='word_1_237' title='bbox 2889 1798 3105 1863; x_wconf 76' lang='lat' dir='ltr'><strong>pressit,</strong></span> <span class='ocrx_word' id='word_1_238' title='bbox 3149 1798 3243 1851; x_wconf 85' lang='lat' dir='ltr'><strong>sed</strong></span> <span class='ocrx_word' id='word_1_239' title='bbox 3280 1798 3397 1852; x_wconf 89' lang='lat' dir='ltr'><strong>vio-</strong></span> 
     </span>
    </p>
   </div>
   <div class='ocr_carea' id='block_1_34' title="bbox 170 1868 1727 1938">
    <p class='ocr_par' dir='ltr' id='par_1_34' title="bbox 170 1868 1727 1938">
     <span class='ocr_line' id='line_1_34' title="bbox 170 1868 1727 1938; baseline -0.002 -14"><span class='ocrx_word' id='word_1_240' title='bbox 170 1887 232 1924; x_wconf 80' lang='lat' dir='ltr'><strong>oe</strong></span> <span class='ocrx_word' id='word_1_241' title='bbox 261 1885 316 1924; x_wconf 84' lang='lat' dir='ltr'><strong>se</strong></span> <span class='ocrx_word' id='word_1_242' title='bbox 346 1870 577 1923; x_wconf 87' lang='lat' dir='ltr'><strong>morbus</strong></span> <span class='ocrx_word' id='word_1_243' title='bbox 607 1870 662 1923; x_wconf 91' lang='lat' dir='ltr'><strong>in</strong></span> <span class='ocrx_word' id='word_1_244' title='bbox 689 1868 914 1938; x_wconf 88' lang='lat' dir='ltr'><strong>patriam</strong></span> <span class='ocrx_word' id='word_1_245' title='bbox 943 1868 1121 1922; x_wconf 88' lang='lat' dir='ltr'><strong>hieme</strong></span> <span class='ocrx_word' id='word_1_246' title='bbox 1149 1870 1325 1923; x_wconf 89' lang='lat' dir='ltr'><strong>redire</strong></span> <span class='ocrx_word' id='word_1_247' title='bbox 1358 1886 1461 1923; x_wconf 85' lang='lat' dir='ltr'><strong>non</strong></span> <span class='ocrx_word' id='word_1_248' title='bbox 1493 1870 1727 1935; x_wconf 84' lang='lat' dir='ltr'><strong>sineret;</strong></span> 
     </span>
    </p>
   </div>
   <div class='ocr_carea' id='block_1_35' title="bbox 170 1960 1732 2030">
    <p class='ocr_par' dir='ltr' id='par_1_35' title="bbox 170 1960 1732 2030">
     <span class='ocr_line' id='line_1_35' title="bbox 170 1960 1732 2030; baseline 0.001 -16"><span class='ocrx_word' id='word_1_249' title='bbox 170 1962 219 2014; x_wconf 87' lang='lat' dir='ltr'><strong>id</strong></span> <span class='ocrx_word' id='word_1_250' title='bbox 250 1972 575 2028; x_wconf 79' lang='lat' dir='ltr'><strong>argumento</strong></span> <span class='ocrx_word' id='word_1_251' title='bbox 619 1969 705 2013; x_wconf 91' lang='lat' dir='ltr'><strong>est</strong></span> <span class='ocrx_word' id='word_1_252' title='bbox 734 1976 854 2014; x_wconf 87' lang='lat' dir='ltr'><strong>cum</strong></span> <span class='ocrx_word' id='word_1_253' title='bbox 885 1962 949 2015; x_wconf 90' lang='lat' dir='ltr'><strong>de</strong></span> <span class='ocrx_word' id='word_1_254' title='bbox 980 1960 1135 2016; x_wconf 87' lang='lat' dir='ltr'><strong>celeri</strong></span> <span class='ocrx_word' id='word_1_255' title='bbox 1183 1975 1246 2014; x_wconf 88' lang='lat' dir='ltr'><strong>ac</strong></span> <span class='ocrx_word' id='word_1_256' title='bbox 1286 1970 1530 2030; x_wconf 87' lang='lat' dir='ltr'><strong>prompto</strong></span> <span class='ocrx_word' id='word_1_257' title='bbox 1562 1962 1732 2016; x_wconf 87' lang='lat' dir='ltr'><strong>reditu</strong></span> 
     </span>
    </p>
   </div>
   <div class='ocr_carea' id='block_1_36' title="bbox 169 2051 1733 2121">
    <p class='ocr_par' dir='ltr' id='par_1_36' title="bbox 169 2051 1733 2121">
     <span class='ocr_line' id='line_1_36' title="bbox 169 2051 1733 2121; baseline 0.001 -16"><span class='ocrx_word' id='word_1_258' title='bbox 169 2054 426 2121; x_wconf 71' lang='lat' dir='ltr'><strong>cogitasse</strong></span> <span class='ocrx_word' id='word_1_259' title='bbox 476 2066 606 2104; x_wconf 91' lang='lat' dir='ltr'><strong>cum</strong></span> <span class='ocrx_word' id='word_1_260' title='bbox 641 2051 755 2105; x_wconf 68' lang='lat' dir='ltr'><strong>haec</strong></span> <span class='ocrx_word' id='word_1_261' title='bbox 785 2052 1066 2116; x_wconf 84' lang='lat' dir='ltr'><strong>scriberet,</strong></span> <span class='ocrx_word' id='word_1_262' title='bbox 1103 2065 1166 2104; x_wconf 84' lang='lat' dir='ltr'><strong>ac</strong></span> <span class='ocrx_word' id='word_1_263' title='bbox 1207 2052 1426 2120; x_wconf 82' lang='lat' dir='ltr'><strong>proinde</strong></span> <span class='ocrx_word' id='word_1_264' title='bbox 1460 2051 1569 2118; x_wconf 87' lang='lat' dir='ltr'><strong>jam</strong></span> <span class='ocrx_word' id='word_1_265' title='bbox 1618 2068 1733 2107; x_wconf 88' lang='lat' dir='ltr'><strong>mo-</strong></span> 
     </span>
    </p>
   </div>
   <div class='ocr_carea' id='block_1_37' title="bbox 170 2144 1729 2214">
    <p class='ocr_par' dir='ltr' id='par_1_37' title="bbox 170 2144 1729 2214">
     <span class='ocr_line' id='line_1_37' title="bbox 170 2144 1729 2214; baseline 0.001 -17"><span class='ocrx_word' id='word_1_266' title='bbox 170 2147 393 2198; x_wconf 73' lang='lat' dir='ltr'><strong>nasteria</strong></span> <span class='ocrx_word' id='word_1_267' title='bbox 425 2144 756 2209; x_wconf 66' lang='lat' dir='ltr'><strong>Palaestinae,</strong></span> <span class='ocrx_word' id='word_1_268' title='bbox 803 2144 1112 2212; x_wconf 66' lang='lat' dir='ltr'><strong>leesyrim</strong></span> <span class='ocrx_word' id='word_1_269' title='bbox 1139 2153 1192 2198; x_wconf 89' lang='lat' dir='ltr'><strong>et</strong></span> <span class='ocrx_word' id='word_1_270' title='bbox 1224 2144 1618 2214; x_wconf 80' lang='lat' dir='ltr'><strong>MesOpotamiae</strong></span> <span class='ocrx_word' id='word_1_271' title='bbox 1652 2146 1729 2199; x_wconf 87' lang='lat' dir='ltr'><strong>vi-</strong></span> 
     </span>
    </p>
   </div>
   <div class='ocr_carea' id='block_1_38' title="bbox 168 2236 1728 2305">
    <p class='ocr_par' dir='ltr' id='par_1_38' title="bbox 168 2236 1728 2305">
     <span class='ocr_line' id='line_1_38' title="bbox 168 2236 1728 2305; baseline -0.001 -14"><span class='ocrx_word' id='word_1_272' title='bbox 168 2241 367 2291; x_wconf 74' lang='lat' dir='ltr'><strong>sitasse.</strong></span> <span class='ocrx_word' id='word_1_273' title='bbox 400 2236 511 2291; x_wconf 86' lang='lat' dir='ltr'><strong>Sed</strong></span> <span class='ocrx_word' id='word_1_274' title='bbox 539 2253 664 2290; x_wconf 89' lang='lat' dir='ltr'><strong>cum</strong></span> <span class='ocrx_word' id='word_1_275' title='bbox 694 2251 836 2305; x_wconf 58' lang='lat' dir='ltr'><strong>sa‘pe</strong></span> <span class='ocrx_word' id='word_1_276' title='bbox 865 2236 1126 2305; x_wconf 81' lang='lat' dir='ltr'><strong>ejusmodi</strong></span> <span class='ocrx_word' id='word_1_277' title='bbox 1158 2236 1359 2290; x_wconf 90' lang='lat' dir='ltr'><strong>morbis</strong></span> <span class='ocrx_word' id='word_1_278' title='bbox 1385 2236 1728 2299; x_wconf 89' lang='lat' dir='ltr'><strong>Iaboraverit,</strong></span> 
     </span>
    </p>
   </div>
   <div class='ocr_carea' id='block_1_39' title="bbox 168 2326 1723 2391">
    <p class='ocr_par' dir='ltr' id='par_1_39' title="bbox 168 2326 1723 2391">
     <span class='ocr_line' id='line_1_39' title="bbox 168 2326 1723 2391; baseline 0 -8"><span class='ocrx_word' id='word_1_279' title='bbox 168 2344 256 2383; x_wconf 73' lang='lat' dir='ltr'><strong>nec</strong></span> <span class='ocrx_word' id='word_1_280' title='bbox 304 2329 517 2382; x_wconf 85' lang='lat' dir='ltr'><strong>idcirco</strong></span> <span class='ocrx_word' id='word_1_281' title='bbox 563 2342 694 2381; x_wconf 89' lang='lat' dir='ltr'><strong>suos</strong></span> <span class='ocrx_word' id='word_1_282' title='bbox 740 2327 1093 2380; x_wconf 86' lang='lat' dir='ltr'><strong>intermiscrit</strong></span> <span class='ocrx_word' id='word_1_283' title='bbox 1145 2326 1374 2391; x_wconf 87' lang='lat' dir='ltr'><strong>labores,</strong></span> <span class='ocrx_word' id='word_1_284' title='bbox 1429 2328 1723 2383; x_wconf 86' lang='lat' dir='ltr'><strong>verisimile</strong></span> 
     </span>
    </p>
   </div>
   <div class='ocr_carea' id='block_1_40' title="bbox 164 2417 1727 2475">
    <p class='ocr_par' dir='ltr' id='par_1_40' title="bbox 164 2417 1727 2475">
     <span class='ocr_line' id='line_1_40' title="bbox 164 2417 1727 2475; baseline 0 -1"><span class='ocrx_word' id='word_1_285' title='bbox 164 2437 259 2474; x_wconf 69' lang='lat' dir='ltr'><strong>non</strong></span> <span class='ocrx_word' id='word_1_286' title='bbox 297 2429 384 2473; x_wconf 82' lang='lat' dir='ltr'><strong>est</strong></span> <span class='ocrx_word' id='word_1_287' title='bbox 430 2434 558 2471; x_wconf 89' lang='lat' dir='ltr'><strong>eum</strong></span> <span class='ocrx_word' id='word_1_288' title='bbox 608 2419 793 2471; x_wconf 87' lang='lat' dir='ltr'><strong>tandiu</strong></span> <span class='ocrx_word' id='word_1_289' title='bbox 836 2417 1170 2471; x_wconf 74' lang='lat' dir='ltr'><strong>Alexandria:</strong></span> <span class='ocrx_word' id='word_1_290' title='bbox 1218 2419 1490 2472; x_wconf 88' lang='lat' dir='ltr'><strong>detentum</strong></span> <span class='ocrx_word' id='word_1_291' title='bbox 1546 2417 1727 2475; x_wconf 86' lang='lat' dir='ltr'><strong>fuisse.</strong></span> 
     </span>
    </p>
   </div>
   <div class='ocr_carea' id='block_1_41' title="bbox 166 2508 1728 2576">
    <p class='ocr_par' dir='ltr' id='par_1_41' title="bbox 166 2508 1728 2576">
     <span class='ocr_line' id='line_1_41' title="bbox 166 2508 1728 2576; baseline -0.003 -11"><span class='ocrx_word' id='word_1_292' title='bbox 166 2512 425 2565; x_wconf 75' lang='lat' dir='ltr'><strong>Reversus</strong></span> <span class='ocrx_word' id='word_1_293' title='bbox 474 2519 662 2562; x_wconf 86' lang='lat' dir='ltr'><strong>autem</strong></span> <span class='ocrx_word' id='word_1_294' title='bbox 696 2508 748 2561; x_wconf 90' lang='lat' dir='ltr'><strong>in</strong></span> <span class='ocrx_word' id='word_1_295' title='bbox 794 2508 1046 2576; x_wconf 87' lang='lat' dir='ltr'><strong>patriam,</strong></span> <span class='ocrx_word' id='word_1_296' title='bbox 1090 2522 1209 2560; x_wconf 91' lang='lat' dir='ltr'><strong>cum</strong></span> <span class='ocrx_word' id='word_1_297' title='bbox 1241 2515 1383 2563; x_wconf 89' lang='lat' dir='ltr'><strong>totus</strong></span> <span class='ocrx_word' id='word_1_298' title='bbox 1427 2509 1639 2562; x_wconf 87' lang='lat' dir='ltr'><strong>arderet</strong></span> <span class='ocrx_word' id='word_1_299' title='bbox 1667 2524 1728 2561; x_wconf 89' lang='lat' dir='ltr'><strong>ea</strong></span> 
     </span>
    </p>
   </div>
   <div class='ocr_carea' id='block_1_42' title="bbox 168 2598 1731 2669">
    <p class='ocr_par' dir='ltr' id='par_1_42' title="bbox 168 2598 1731 2669">
     <span class='ocr_line' id='line_1_42' title="bbox 168 2598 1731 2669; baseline -0.002 -13"><span class='ocrx_word' id='word_1_300' title='bbox 168 2603 397 2656; x_wconf 76' lang='lat' dir='ltr'><strong>imitandi</strong></span> <span class='ocrx_word' id='word_1_301' title='bbox 440 2602 625 2655; x_wconf 84' lang='lat' dir='ltr'><strong>studio</strong></span> <span class='ocrx_word' id='word_1_302' title='bbox 658 2599 760 2669; x_wconf 89' lang='lat' dir='ltr'><strong>(a),</strong></span> <span class='ocrx_word' id='word_1_303' title='bbox 791 2614 910 2667; x_wconf 67' lang='lat' dir='ltr'><strong>quae</strong></span> <span class='ocrx_word' id='word_1_304' title='bbox 950 2599 1001 2651; x_wconf 90' lang='lat' dir='ltr'><strong>in</strong></span> <span class='ocrx_word' id='word_1_305' title='bbox 1043 2598 1261 2654; x_wconf 89' lang='lat' dir='ltr'><strong>remotis</strong></span> <span class='ocrx_word' id='word_1_306' title='bbox 1304 2600 1615 2668; x_wconf 87' lang='lat' dir='ltr'><strong>regionibus</strong></span> <span class='ocrx_word' id='word_1_307' title='bbox 1649 2603 1731 2653; x_wconf 89' lang='lat' dir='ltr'><strong>vi-</strong></span> 
     </span>
    </p>
   </div>
   <div class='ocr_carea' id='block_1_43' title="bbox 168 2690 1733 2759">
    <p class='ocr_par' dir='ltr' id='par_1_43' title="bbox 168 2690 1733 2759">
     <span class='ocr_line' id='line_1_43' title="bbox 168 2690 1733 2759; baseline -0.001 -14"><span class='ocrx_word' id='word_1_308' title='bbox 168 2696 333 2758; x_wconf 74' lang='lat' dir='ltr'><strong>dent,</strong></span> <span class='ocrx_word' id='word_1_309' title='bbox 377 2693 591 2745; x_wconf 84' lang='lat' dir='ltr'><strong>nullam</strong></span> <span class='ocrx_word' id='word_1_310' title='bbox 634 2691 845 2744; x_wconf 85' lang='lat' dir='ltr'><strong>videtur</strong></span> <span class='ocrx_word' id='word_1_311' title='bbox 867 2705 1068 2743; x_wconf 90' lang='lat' dir='ltr'><strong>moram</strong></span> <span class='ocrx_word' id='word_1_312' title='bbox 1095 2690 1494 2759; x_wconf 88' lang='lat' dir='ltr'><strong>interposuisse,</strong></span> <span class='ocrx_word' id='word_1_313' title='bbox 1513 2691 1605 2745; x_wconf 89' lang='lat' dir='ltr'><strong>sed</strong></span> <span class='ocrx_word' id='word_1_314' title='bbox 1624 2700 1733 2744; x_wconf 90' lang='lat' dir='ltr'><strong>sta-</strong></span> 
     </span>
    </p>
   </div>
   <div class='ocr_carea' id='block_1_44' title="bbox 170 2782 1728 2850">
    <p class='ocr_par' dir='ltr' id='par_1_44' title="bbox 170 2782 1728 2850">
     <span class='ocr_line' id='line_1_44' title="bbox 170 2782 1728 2850; baseline -0.001 -15"><span class='ocrx_word' id='word_1_315' title='bbox 170 2788 251 2838; x_wconf 85' lang='lat' dir='ltr'><strong>tim</strong></span> <span class='ocrx_word' id='word_1_316' title='bbox 295 2786 599 2847; x_wconf 86' lang='lat' dir='ltr'><strong>perlecisse</strong></span> <span class='ocrx_word' id='word_1_317' title='bbox 633 2782 945 2844; x_wconf 91' lang='lat' dir='ltr'><strong>consilium,</strong></span> <span class='ocrx_word' id='word_1_318' title='bbox 985 2782 1124 2850; x_wconf 91' lang='lat' dir='ltr'><strong>quod</strong></span> <span class='ocrx_word' id='word_1_319' title='bbox 1163 2782 1356 2836; x_wconf 88' lang='lat' dir='ltr'><strong>dudum</strong></span> <span class='ocrx_word' id='word_1_320' title='bbox 1394 2782 1728 2847; x_wconf 83' lang='lat' dir='ltr'><strong>extenderat,</strong></span> 
     </span>
    </p>
   </div>
   <div class='ocr_carea' id='block_1_45' title="bbox 165 2873 1731 2942">
    <p class='ocr_par' dir='ltr' id='par_1_45' title="bbox 165 2873 1731 2942">
     <span class='ocr_line' id='line_1_45' title="bbox 165 2873 1731 2942; baseline -0.001 -13"><span class='ocrx_word' id='word_1_321' title='bbox 165 2886 316 2929; x_wconf 77' lang='lat' dir='ltr'><strong>otsua</strong></span> <span class='ocrx_word' id='word_1_322' title='bbox 336 2875 532 2929; x_wconf 84' lang='lat' dir='ltr'><strong>omnia</strong></span> <span class='ocrx_word' id='word_1_323' title='bbox 556 2873 888 2942; x_wconf 87' lang='lat' dir='ltr'><strong>pauperibus</strong></span> <span class='ocrx_word' id='word_1_324' title='bbox 919 2874 1265 2929; x_wconf 88' lang='lat' dir='ltr'><strong>distribueret</strong></span> <span class='ocrx_word' id='word_1_325' title='bbox 1294 2888 1357 2927; x_wconf 90' lang='lat' dir='ltr'><strong>ac</strong></span> <span class='ocrx_word' id='word_1_326' title='bbox 1401 2887 1518 2928; x_wconf 89' lang='lat' dir='ltr'><strong>sese</strong></span> <span class='ocrx_word' id='word_1_327' title='bbox 1547 2873 1598 2927; x_wconf 91' lang='lat' dir='ltr'><strong>in</strong></span> <span class='ocrx_word' id='word_1_328' title='bbox 1643 2888 1731 2928; x_wconf 87' lang='lat' dir='ltr'><strong>so-</strong></span> 
     </span>
    </p>
   </div>
   <div class='ocr_carea' id='block_1_46' title="bbox 160 2968 754 3036">
    <p class='ocr_par' dir='ltr' id='par_1_46' title="bbox 160 2968 754 3036">
     <span class='ocr_line' id='line_1_46' title="bbox 160 2968 754 3036; baseline -0.003 -15"><span class='ocrx_word' id='word_1_329' title='bbox 160 2970 426 3022; x_wconf 63' lang='lat' dir='ltr'><strong>landinem</strong></span> <span class='ocrx_word' id='word_1_330' title='bbox 462 2968 754 3036; x_wconf 73' lang='lat' dir='ltr'><strong>reciperet.</strong></span> 
     </span>
    </p>
   </div>
   <div class='ocr_carea' id='block_1_47' title="bbox 222 3055 1726 3128">
    <p class='ocr_par' dir='ltr' id='par_1_47' title="bbox 222 3055 1726 3128">
     <span class='ocr_line' id='line_1_47' title="bbox 222 3055 1726 3128; baseline -0.001 -17"><span class='ocrx_word' id='word_1_331' title='bbox 222 3059 306 3114; x_wconf 66' lang='lat' dir='ltr'><strong>Vl.</strong></span> <span class='ocrx_word' id='word_1_332' title='bbox 362 3059 581 3113; x_wconf 87' lang='lat' dir='ltr'><strong>Locum</strong></span> <span class='ocrx_word' id='word_1_333' title='bbox 640 3057 802 3128; x_wconf 84' lang='lat' dir='ltr'><strong>elegit</strong></span> <span class='ocrx_word' id='word_1_334' title='bbox 853 3055 1089 3111; x_wconf 89' lang='lat' dir='ltr'><strong>secessui</strong></span> <span class='ocrx_word' id='word_1_335' title='bbox 1151 3056 1419 3124; x_wconf 86' lang='lat' dir='ltr'><strong>idoneum,</strong></span> <span class='ocrx_word' id='word_1_336' title='bbox 1488 3065 1726 3112; x_wconf 89' lang='lat' dir='ltr'><strong>montem</strong></span> 
     </span>
    </p>
   </div>
   <div class='ocr_carea' id='block_1_48' title="bbox 1840 1883 3392 1954">
    <p class='ocr_par' dir='ltr' id='par_1_48' title="bbox 1840 1883 3392 1954">
     <span class='ocr_line' id='line_1_48' title="bbox 1840 1883 3392 1954; baseline 0.003 -19"><span class='ocrx_word' id='word_1_337' title='bbox 1840 1883 1996 1935; x_wconf 83' lang='lat' dir='ltr'><strong>latam</strong></span> <span class='ocrx_word' id='word_1_338' title='bbox 2047 1883 2113 1935; x_wconf 89' lang='lat' dir='ltr'><strong>ab</strong></span> <span class='ocrx_word' id='word_1_339' title='bbox 2158 1885 2330 1938; x_wconf 88' lang='lat' dir='ltr'><strong>amico</strong></span> <span class='ocrx_word' id='word_1_340' title='bbox 2380 1885 2758 1954; x_wconf 82' lang='lat' dir='ltr'><strong>promissorum</strong></span> <span class='ocrx_word' id='word_1_341' title='bbox 2823 1883 2977 1939; x_wconf 85' lang='lat' dir='ltr'><strong>fidem</strong></span> <span class='ocrx_word' id='word_1_342' title='bbox 3029 1897 3249 1954; x_wconf 89' lang='lat' dir='ltr'><strong>questus</strong></span> <span class='ocrx_word' id='word_1_343' title='bbox 3289 1898 3392 1942; x_wconf 88' lang='lat' dir='ltr'><strong>est.</strong></span> 
     </span>
    </p>
   </div>
   <div class='ocr_carea' id='block_1_49' title="bbox 1838 1972 3389 2044">
    <p class='ocr_par' dir='ltr' id='par_1_49' title="bbox 1838 1972 3389 2044">
     <span class='ocr_line' id='line_1_49' title="bbox 1838 1972 3389 2044; baseline 0.004 -19"><span class='ocrx_word' id='word_1_344' title='bbox 1838 1972 1950 2027; x_wconf 82' lang='lat' dir='ltr'><strong>Non</strong></span> <span class='ocrx_word' id='word_1_345' title='bbox 1989 1974 2245 2028; x_wconf 89' lang='lat' dir='ltr'><strong>habemus</strong></span> <span class='ocrx_word' id='word_1_346' title='bbox 2291 1974 2568 2044; x_wconf 82' lang='lat' dir='ltr'><strong>epistolam</strong></span> <span class='ocrx_word' id='word_1_347' title='bbox 2608 1975 2659 2028; x_wconf 91' lang='lat' dir='ltr'><strong>in</strong></span> <span class='ocrx_word' id='word_1_348' title='bbox 2695 1990 2797 2043; x_wconf 88' lang='lat' dir='ltr'><strong>qua</strong></span> <span class='ocrx_word' id='word_1_349' title='bbox 2826 1976 2939 2029; x_wconf 71' lang='lat' dir='ltr'><strong>bzcc</strong></span> <span class='ocrx_word' id='word_1_350' title='bbox 2962 1976 3261 2042; x_wconf 87' lang='lat' dir='ltr'><strong>scribebat;</strong></span> <span class='ocrx_word' id='word_1_351' title='bbox 3294 1977 3389 2031; x_wconf 87' lang='lat' dir='ltr'><strong>sed</strong></span> 
     </span>
    </p>
   </div>
   <div class='ocr_carea' id='block_1_50' title="bbox 1837 2063 3390 2135">
    <p class='ocr_par' dir='ltr' id='par_1_50' title="bbox 1837 2063 3390 2135">
     <span class='ocr_line' id='line_1_50' title="bbox 1837 2063 3390 2135; baseline 0.005 -20"><span class='ocrx_word' id='word_1_352' title='bbox 1837 2073 2013 2116; x_wconf 81' lang='lat' dir='ltr'><strong>exstat</strong></span> <span class='ocrx_word' id='word_1_353' title='bbox 2043 2063 2284 2133; x_wconf 81' lang='lat' dir='ltr'><strong>Gregorii</strong></span> <span class='ocrx_word' id='word_1_354' title='bbox 2325 2066 2601 2132; x_wconf 90' lang='lat' dir='ltr'><strong>responsio</strong></span> <span class='ocrx_word' id='word_1_355' title='bbox 2624 2065 2721 2134; x_wconf 74' lang='lat'><strong>{9),</strong></span> <span class='ocrx_word' id='word_1_356' title='bbox 2757 2066 2843 2135; x_wconf 86' lang='lat' dir='ltr'><strong>qui</strong></span> <span class='ocrx_word' id='word_1_357' title='bbox 2874 2066 3139 2135; x_wconf 87' lang='lat' dir='ltr'><strong>objectum</strong></span> <span class='ocrx_word' id='word_1_358' title='bbox 3185 2068 3390 2122; x_wconf 84' lang='lat' dir='ltr'><strong>crimen</strong></span> 
     </span>
    </p>
   </div>
   <div class='ocr_carea' id='block_1_51' title="bbox 1834 2155 3393 2224">
    <p class='ocr_par' dir='ltr' id='par_1_51' title="bbox 1834 2155 3393 2224">
     <span class='ocr_line' id='line_1_51' title="bbox 1834 2155 3393 2224; baseline 0.002 -17"><span class='ocrx_word' id='word_1_359' title='bbox 1834 2170 1939 2208; x_wconf 89' lang='lat' dir='ltr'><strong>non</strong></span> <span class='ocrx_word' id='word_1_360' title='bbox 1968 2155 2251 2209; x_wconf 89' lang='lat' dir='ltr'><strong>iuliciando</strong></span> <span class='ocrx_word' id='word_1_361' title='bbox 2272 2156 2499 2223; x_wconf 89' lang='lat' dir='ltr'><strong>repellit,</strong></span> <span class='ocrx_word' id='word_1_362' title='bbox 2528 2156 2618 2209; x_wconf 89' lang='lat' dir='ltr'><strong>sed</strong></span> <span class='ocrx_word' id='word_1_363' title='bbox 2639 2156 2851 2224; x_wconf 90' lang='lat' dir='ltr'><strong>pietatis</strong></span> <span class='ocrx_word' id='word_1_364' title='bbox 2874 2156 3177 2224; x_wconf 88' lang='lat' dir='ltr'><strong>parentibus</strong></span> <span class='ocrx_word' id='word_1_365' title='bbox 3203 2156 3393 2210; x_wconf 67' lang='lat' dir='ltr'><strong>debita:</strong></span> 
     </span>
    </p>
   </div>
   <div class='ocr_carea' id='block_1_52' title="bbox 1833 2250 3393 2320">
    <p class='ocr_par' dir='ltr' id='par_1_52' title="bbox 1833 2250 3393 2320">
     <span class='ocr_line' id='line_1_52' title="bbox 1833 2250 3393 2320; baseline 0.002 -19"><span class='ocrx_word' id='word_1_366' title='bbox 1833 2250 2346 2303; x_wconf 89' lang='lat' dir='ltr'><strong>commemoratione</strong></span> <span class='ocrx_word' id='word_1_367' title='bbox 2397 2252 2711 2320; x_wconf 88' lang='lat' dir='ltr'><strong>deprecatur</strong></span> <span class='ocrx_word' id='word_1_368' title='bbox 2752 2267 2766 2302; x_wconf 91' lang='lat'><strong>:</strong></span> <span class='ocrx_word' id='word_1_369' title='bbox 2823 2266 2885 2304; x_wconf 92' lang='lat' dir='ltr'><strong>ac</strong></span> <span class='ocrx_word' id='word_1_370' title='bbox 2933 2250 3042 2305; x_wconf 91' lang='lat' dir='ltr'><strong>litis</strong></span> <span class='ocrx_word' id='word_1_371' title='bbox 3083 2251 3393 2305; x_wconf 73' lang='lat' dir='ltr'><strong>dirimet-idae</strong></span> 
     </span>
    </p>
   </div>
   <div class='ocr_carea' id='block_1_53' title="bbox 1833 2340 3390 2410">
    <p class='ocr_par' dir='ltr' id='par_1_53' title="bbox 1833 2340 3390 2410">
     <span class='ocr_line' id='line_1_53' title="bbox 1833 2340 3390 2410; baseline 0.002 -17"><span class='ocrx_word' id='word_1_372' title='bbox 1833 2356 1993 2393; x_wconf 87' lang='lat' dir='ltr'><strong>causa</strong></span> <span class='ocrx_word' id='word_1_373' title='bbox 2024 2340 2124 2393; x_wconf 90' lang='lat' dir='ltr'><strong>hoc</strong></span> <span class='ocrx_word' id='word_1_374' title='bbox 2165 2350 2647 2410; x_wconf 89' lang='lat' dir='ltr'><strong>temperamentum</strong></span> <span class='ocrx_word' id='word_1_375' title='bbox 2687 2341 2956 2408; x_wconf 89' lang='lat' dir='ltr'><strong>proponit.</strong></span> <span class='ocrx_word' id='word_1_376' title='bbox 2990 2352 3046 2395; x_wconf 91' lang='lat' dir='ltr'><strong>ut</strong></span> <span class='ocrx_word' id='word_1_377' title='bbox 3092 2343 3285 2410; x_wconf 89' lang='lat' dir='ltr'><strong>partim</strong></span> <span class='ocrx_word' id='word_1_378' title='bbox 3325 2344 3390 2396; x_wconf 85' lang='lat' dir='ltr'><strong>ad</strong></span> 
     </span>
    </p>
   </div>
   <div class='ocr_carea' id='block_1_54' title="bbox 1833 2425 3195 2496">
    <p class='ocr_par' dir='ltr' id='par_1_54' title="bbox 1833 2425 3195 2496">
     <span class='ocr_line' id='line_1_54' title="bbox 1833 2425 3195 2496; baseline 0.004 -19"><span class='ocrx_word' id='word_1_379' title='bbox 1833 2441 1889 2478; x_wconf 88' lang='lat' dir='ltr'><strong>se</strong></span> <span class='ocrx_word' id='word_1_380' title='bbox 1924 2425 2167 2492; x_wconf 88' lang='lat' dir='ltr'><strong>Basilius,</strong></span> <span class='ocrx_word' id='word_1_381' title='bbox 2200 2429 2401 2490; x_wconf 83' lang='lat' dir='ltr'><strong>partim</strong></span> <span class='ocrx_word' id='word_1_382' title='bbox 2433 2428 2544 2496; x_wconf 91' lang='lat' dir='ltr'><strong>ipse</strong></span> <span class='ocrx_word' id='word_1_383' title='bbox 2581 2430 2645 2481; x_wconf 90' lang='lat' dir='ltr'><strong>ad</strong></span> <span class='ocrx_word' id='word_1_384' title='bbox 2674 2429 2924 2482; x_wconf 87' lang='lat' dir='ltr'><strong>Basilinm</strong></span> <span class='ocrx_word' id='word_1_385' title='bbox 2952 2431 3195 2483; x_wconf 89' lang='lat' dir='ltr'><strong>ventitet.</strong></span> 
     </span>
    </p>
   </div>
   <div class='ocr_carea' id='block_1_55' title="bbox 1904 2516 3391 2589">
    <p class='ocr_par' dir='ltr' id='par_1_55' title="bbox 1904 2516 3391 2589">
     <span class='ocr_line' id='line_1_55' title="bbox 1904 2516 3391 2589; baseline 0.003 -21"><span class='ocrx_word' id='word_1_386' title='bbox 1904 2516 2075 2569; x_wconf 83' lang='lat' dir='ltr'><strong>Aliam</strong></span> <span class='ocrx_word' id='word_1_387' title='bbox 2102 2518 2379 2571; x_wconf 87' lang='lat' dir='ltr'><strong>amisimus</strong></span> <span class='ocrx_word' id='word_1_388' title='bbox 2408 2517 2586 2570; x_wconf 80' lang='lat' dir='ltr'><strong>Basilii</strong></span> <span class='ocrx_word' id='word_1_389' title='bbox 2623 2520 2925 2586; x_wconf 87' lang='lat' dir='ltr'><strong>epistolam,</strong></span> <span class='ocrx_word' id='word_1_390' title='bbox 2958 2521 3009 2573; x_wconf 92' lang='lat' dir='ltr'><strong>in</strong></span> <span class='ocrx_word' id='word_1_391' title='bbox 3045 2536 3145 2589; x_wconf 85' lang='lat' dir='ltr'><strong>qua</strong></span> <span class='ocrx_word' id='word_1_392' title='bbox 3171 2519 3391 2587; x_wconf 76' lang='lat' dir='ltr'><strong>iocaba-</strong></span> 
     </span>
    </p>
   </div>
   <div class='ocr_carea' id='block_1_56' title="bbox 1834 2607 3384 2681">
    <p class='ocr_par' dir='ltr' id='par_1_56' title="bbox 1834 2607 3384 2681">
     <span class='ocr_line' id='line_1_56' title="bbox 1834 2607 3384 2681; baseline 0.003 -22"><span class='ocrx_word' id='word_1_393' title='bbox 1834 2616 1918 2659; x_wconf 90' lang='lat' dir='ltr'><strong>tur</strong></span> <span class='ocrx_word' id='word_1_394' title='bbox 1966 2607 2015 2659; x_wconf 89' lang='lat' dir='ltr'><strong>in</strong></span> <span class='ocrx_word' id='word_1_395' title='bbox 2048 2607 2376 2663; x_wconf 87' lang='lat' dir='ltr'><strong>Tiberinam.</strong></span> <span class='ocrx_word' id='word_1_396' title='bbox 2422 2608 2665 2661; x_wconf 84' lang='lat' dir='ltr'><strong>Vicissim</strong></span> <span class='ocrx_word' id='word_1_397' title='bbox 2713 2625 2834 2663; x_wconf 89' lang='lat' dir='ltr'><strong>cum</strong></span> <span class='ocrx_word' id='word_1_398' title='bbox 2868 2610 3153 2679; x_wconf 80' lang='lat' dir='ltr'><strong>Gregorius</strong></span> <span class='ocrx_word' id='word_1_399' title='bbox 3196 2626 3384 2681; x_wconf 79' lang='lat' dir='ltr'><strong>perur-</strong></span> 
     </span>
    </p>
   </div>
   <div class='ocr_carea' id='block_1_57' title="bbox 1833 2698 3392 2791">
    <p class='ocr_par' dir='ltr' id='par_1_57' title="bbox 1833 2698 3392 2791">
     <span class='ocr_line' id='line_1_57' title="bbox 1833 2698 3392 2791; baseline 0.006 -41"><span class='ocrx_word' id='word_1_400' title='bbox 1833 2698 1987 2751; x_wconf 87' lang='lat' dir='ltr'><strong>banis</strong></span> <span class='ocrx_word' id='word_1_401' title='bbox 2019 2699 2071 2752; x_wconf 91' lang='lat' dir='ltr'><strong>in</strong></span> <span class='ocrx_word' id='word_1_402' title='bbox 2103 2698 2404 2753; x_wconf 65' lang='lat' dir='ltr'><strong>Caesaream</strong></span> <span class='ocrx_word' id='word_1_403' title='bbox 2426 2701 2510 2754; x_wconf 91' lang='lat' dir='ltr'><strong>ubi</strong></span> <span class='ocrx_word' id='word_1_404' title='bbox 2534 2712 2688 2755; x_wconf 88' lang='lat' dir='ltr'><strong>natus</strong></span> <span class='ocrx_word' id='word_1_405' title='bbox 2716 2711 2926 2765; x_wconf 85' lang='lat' dir='ltr'><strong>erat,et</strong></span> <span class='ocrx_word' id='word_1_406' title='bbox 2950 2704 3392 2791; x_wconf 46' lang='grc' dir='ltr'><strong>ἱηΡοηιιιιῐιδίιυο</strong></span> 
     </span>
    </p>
   </div>
   <div class='ocr_carea' id='block_1_58' title="bbox 1832 2788 3392 2861">
    <p class='ocr_par' dir='ltr' id='par_1_58' title="bbox 1832 2788 3392 2861">
     <span class='ocr_line' id='line_1_58' title="bbox 1832 2788 3392 2861; baseline 0.005 -20"><span class='ocrx_word' id='word_1_407' title='bbox 1832 2788 2133 2856; x_wconf 67' lang='lat' dir='ltr'><strong>accedebat,</strong></span> <span class='ocrx_word' id='word_1_408' title='bbox 2167 2790 2403 2845; x_wconf 90' lang='lat' dir='ltr'><strong>dicteriis</strong></span> <span class='ocrx_word' id='word_1_409' title='bbox 2448 2792 2718 2846; x_wconf 88' lang='lat' dir='ltr'><strong>remordet</strong></span> <span class='ocrx_word' id='word_1_410' title='bbox 2760 2792 2837 2861; x_wconf 84' lang='grc' dir='ltr'><strong>(Ιι)</strong></span> <span class='ocrx_word' id='word_1_411' title='bbox 2879 2812 2893 2824; x_wconf 72' lang='grc' dir='ltr'><strong>ο</strong></span> <span class='ocrx_word' id='word_1_412' title='bbox 2943 2793 3096 2847; x_wconf 88' lang='lat' dir='ltr'><strong>Ponti</strong></span> <span class='ocrx_word' id='word_1_413' title='bbox 3145 2788 3392 2849; x_wconf 72' lang='lat' dir='ltr'><strong>tenebras</strong></span> 
     </span>
    </p>
   </div>
   <div class='ocr_carea' id='block_1_59' title="bbox 1833 2880 3386 2955">
    <p class='ocr_par' dir='ltr' id='par_1_59' title="bbox 1833 2880 3386 2955">
     <span class='ocr_line' id='line_1_59' title="bbox 1833 2880 3386 2955; baseline 0.007 -23"><span class='ocrx_word' id='word_1_414' title='bbox 1833 2880 2091 2947; x_wconf 84' lang='lat' dir='ltr'><strong>exagitat,</strong></span> <span class='ocrx_word' id='word_1_415' title='bbox 2122 2882 2210 2935; x_wconf 89' lang='lat' dir='ltr'><strong>ubi</strong></span> <span class='ocrx_word' id='word_1_416' title='bbox 2244 2880 2409 2936; x_wconf 89' lang='lat' dir='ltr'><strong>solem</strong></span> <span class='ocrx_word' id='word_1_417' title='bbox 2437 2884 2502 2935; x_wconf 88' lang='lat' dir='ltr'><strong>ad</strong></span> <span class='ocrx_word' id='word_1_418' title='bbox 2538 2894 2742 2936; x_wconf 91' lang='lat' dir='ltr'><strong>certum</strong></span> <span class='ocrx_word' id='word_1_419' title='bbox 2773 2885 2985 2938; x_wconf 87' lang='lat' dir='ltr'><strong>modum</strong></span> <span class='ocrx_word' id='word_1_420' title='bbox 3027 2887 3196 2955; x_wconf 88' lang='lat' dir='ltr'><strong>accipi</strong></span> <span class='ocrx_word' id='word_1_421' title='bbox 3236 2887 3386 2943; x_wconf 86' lang='lat' dir='ltr'><strong>dicit.</strong></span> 
     </span>
    </p>
   </div>
   <div class='ocr_carea' id='block_1_60' title="bbox 1839 2968 3390 3046">
    <p class='ocr_par' dir='ltr' id='par_1_60' title="bbox 1839 2968 3390 3046">
     <span class='ocr_line' id='line_1_60' title="bbox 1839 2968 3390 3046; baseline 0.007 -26"><span class='ocrx_word' id='word_1_422' title='bbox 1839 2968 1988 3034; x_wconf 84' lang='lat' dir='ltr'><strong>Quod</strong></span> <span class='ocrx_word' id='word_1_423' title='bbox 2011 2985 2216 3040; x_wconf 90' lang='lat' dir='ltr'><strong>speetat</strong></span> <span class='ocrx_word' id='word_1_424' title='bbox 2240 2972 2303 3025; x_wconf 91' lang='lat' dir='ltr'><strong>ad</strong></span> <span class='ocrx_word' id='word_1_425' title='bbox 2333 2970 2653 3039; x_wconf 66' lang='lat' dir='ltr'><strong>Caesaream,</strong></span> <span class='ocrx_word' id='word_1_426' title='bbox 2699 2989 2795 3044; x_wconf 92' lang='lat' dir='ltr'><strong>pro</strong></span> <span class='ocrx_word' id='word_1_427' title='bbox 2827 2973 2938 3029; x_wconf 91' lang='lat' dir='ltr'><strong>luto</strong></span> <span class='ocrx_word' id='word_1_428' title='bbox 2974 2976 3159 3044; x_wconf 85' lang='lat' dir='ltr'><strong>objicit</strong></span> <span class='ocrx_word' id='word_1_429' title='bbox 3188 2992 3390 3046; x_wconf 87' lang='lat' dir='ltr'><strong>caupo-</strong></span> 
     </span>
    </p>
   </div>
   <div class='ocr_carea' id='block_1_61' title="bbox 1836 3063 3388 3135">
    <p class='ocr_par' dir='ltr' id='par_1_61' title="bbox 1836 3063 3388 3135">
     <span class='ocr_line' id='line_1_61' title="bbox 1836 3063 3388 3135; baseline 0.006 -21"><span class='ocrx_word' id='word_1_430' title='bbox 1836 3076 1952 3124; x_wconf 89' lang='lat' dir='ltr'><strong>nas,</strong></span> <span class='ocrx_word' id='word_1_431' title='bbox 1994 3071 2049 3116; x_wconf 91' lang='lat' dir='ltr'><strong>ct</strong></span> <span class='ocrx_word' id='word_1_432' title='bbox 2094 3063 2348 3132; x_wconf 89' lang='lat' dir='ltr'><strong>quidquid</strong></span> <span class='ocrx_word' id='word_1_433' title='bbox 2381 3066 2540 3119; x_wconf 88' lang='lat' dir='ltr'><strong>urbes</strong></span> <span class='ocrx_word' id='word_1_434' title='bbox 2580 3073 2735 3135; x_wconf 89' lang='lat' dir='ltr'><strong>turpe</strong></span> <span class='ocrx_word' id='word_1_435' title='bbox 2766 3075 2821 3119; x_wconf 90' lang='lat' dir='ltr'><strong>et</strong></span> <span class='ocrx_word' id='word_1_436' title='bbox 2863 3067 3263 3122; x_wconf 89' lang='lat' dir='ltr'><strong>incommodum</strong></span> <span class='ocrx_word' id='word_1_437' title='bbox 3306 3068 3388 3124; x_wconf 89' lang='lat' dir='ltr'><strong>fe-</strong></span> 
     </span>
    </p>
   </div>
   <div class='ocr_carea' id='block_1_62' title="bbox 160 3130 3389 3227">
    <p class='ocr_par' dir='ltr' id='par_1_62' title="bbox 160 3130 3389 3227">
     <span class='ocr_line' id='line_1_62' title="bbox 160 3130 3389 3227; baseline 0.003 -24"><span class='ocrx_word' id='word_1_438' title='bbox 160 3152 440 3219; x_wconf 80' lang='lat' dir='ltr'><strong>quemdam</strong></span> <span class='ocrx_word' id='word_1_439' title='bbox 470 3151 540 3203; x_wconf 90' lang='lat' dir='ltr'><strong>ad</strong></span> <span class='ocrx_word' id='word_1_440' title='bbox 580 3149 729 3217; x_wconf 90' lang='lat' dir='ltr'><strong>ripas</strong></span> <span class='ocrx_word' id='word_1_441' title='bbox 759 3146 916 3201; x_wconf 82' lang='lat' dir='ltr'><strong>iridis</strong></span> <span class='ocrx_word' id='word_1_442' title='bbox 944 3146 1108 3211; x_wconf 87' lang='lat' dir='ltr'><strong>llnvii,</strong></span> <span class='ocrx_word' id='word_1_443' title='bbox 1143 3148 1231 3218; x_wconf 86' lang='lat' dir='ltr'><strong>qui</strong></span> <span class='ocrx_word' id='word_1_444' title='bbox 1266 3163 1330 3201; x_wconf 86' lang='lat' dir='ltr'><strong>ex</strong></span> <span class='ocrx_word' id='word_1_445' title='bbox 1362 3147 1613 3202; x_wconf 77' lang='lat' dir='ltr'><strong>Armenia</strong></span> <span class='ocrx_word' id='word_1_446' title='bbox 1640 3163 1728 3201; x_wconf 92' lang='lat' dir='ltr'><strong>or-</strong></span> <span class='ocrx_word' id='word_1_447' title='bbox 1755 3130 1795 3186; x_wconf 58' lang='grc' dir='ltr'><strong>(ἶ</strong></span> <span class='ocrx_word' id='word_1_448' title='bbox 1834 3164 1975 3207; x_wconf 91' lang='lat' dir='ltr'><strong>runt.</strong></span> <span class='ocrx_word' id='word_1_449' title='bbox 2010 3130 2173 3208; x_wconf 83' lang='lat' dir='ltr'><strong>Vocat</strong></span> <span class='ocrx_word' id='word_1_450' title='bbox 2206 3130 2458 3209; x_wconf 76' lang='lat' dir='ltr'><strong>Basilinm</strong></span> <span class='ocrx_word' id='word_1_451' title='bbox 2485 3156 2581 3210; x_wconf 80' lang='lat' dir='ltr'><strong>ltiti</strong></span> <span class='ocrx_word' id='word_1_452' title='bbox 2617 3130 2893 3227; x_wconf 73' lang='lat' dir='ltr'><strong>expertem</strong></span> <span class='ocrx_word' id='word_1_453' title='bbox 2922 3159 3121 3225; x_wconf 92' lang='lat' dir='ltr'><strong>virum,</strong></span> <span class='ocrx_word' id='word_1_454' title='bbox 3154 3169 3208 3213; x_wconf 90' lang='lat' dir='ltr'><strong>et</strong></span> <span class='ocrx_word' id='word_1_455' title='bbox 3240 3174 3389 3213; x_wconf 84' lang='lat' dir='ltr'><strong>sum-</strong></span> 
     </span>
    </p>
   </div>
   <div class='ocr_carea' id='block_1_63' title="bbox 160 3238 1730 3310">
    <p class='ocr_par' dir='ltr' id='par_1_63' title="bbox 160 3238 1730 3310">
     <span class='ocr_line' id='line_1_63' title="bbox 160 3238 1730 3310; baseline -0.002 -14"><span class='ocrx_word' id='word_1_456' title='bbox 160 3256 235 3297; x_wconf 79' lang='lat' dir='ltr'><strong>tas</strong></span> <span class='ocrx_word' id='word_1_457' title='bbox 262 3244 498 3298; x_wconf 87' lang='lat' dir='ltr'><strong>Pontum</strong></span> <span class='ocrx_word' id='word_1_458' title='bbox 545 3242 757 3310; x_wconf 81' lang='lat' dir='ltr'><strong>irrigat,</strong></span> <span class='ocrx_word' id='word_1_459' title='bbox 788 3250 841 3293; x_wconf 91' lang='lat' dir='ltr'><strong>et</strong></span> <span class='ocrx_word' id='word_1_460' title='bbox 883 3242 933 3292; x_wconf 91' lang='lat' dir='ltr'><strong>in</strong></span> <span class='ocrx_word' id='word_1_461' title='bbox 968 3240 1232 3293; x_wconf 85' lang='lat' dir='ltr'><strong>Euxinum</strong></span> <span class='ocrx_word' id='word_1_462' title='bbox 1266 3238 1493 3293; x_wconf 89' lang='lat' dir='ltr'><strong>Pontum</strong></span> <span class='ocrx_word' id='word_1_463' title='bbox 1527 3239 1730 3294; x_wconf 86' lang='lat' dir='ltr'><strong>delabi-</strong></span> 
     </span>
    </p>
   </div>
   <div class='ocr_carea' id='block_1_64' title="bbox 158 3329 1725 3405">
    <p class='ocr_par' dir='ltr' id='par_1_64' title="bbox 158 3329 1725 3405">
     <span class='ocr_line' id='line_1_64' title="bbox 158 3329 1725 3405; baseline -0.004 -18"><span class='ocrx_word' id='word_1_464' title='bbox 158 3348 235 3389; x_wconf 86' lang='lat' dir='ltr'><strong>tur</strong></span> <span class='ocrx_word' id='word_1_465' title='bbox 260 3337 358 3405; x_wconf 81' lang='lat' dir='ltr'><strong>(b).</strong></span> <span class='ocrx_word' id='word_1_466' title='bbox 395 3335 484 3387; x_wconf 76' lang='lat' dir='ltr'><strong>Ad</strong></span> <span class='ocrx_word' id='word_1_467' title='bbox 519 3334 751 3386; x_wconf 81' lang='lat' dir='ltr'><strong>alteram</strong></span> <span class='ocrx_word' id='word_1_468' title='bbox 800 3330 945 3383; x_wconf 84' lang='lat' dir='ltr'><strong>lluvii</strong></span> <span class='ocrx_word' id='word_1_469' title='bbox 994 3331 1162 3398; x_wconf 90' lang='lat' dir='ltr'><strong>ripam</strong></span> <span class='ocrx_word' id='word_1_470' title='bbox 1196 3329 1296 3382; x_wconf 87' lang='lat' dir='ltr'><strong>sita</strong></span> <span class='ocrx_word' id='word_1_471' title='bbox 1328 3337 1445 3383; x_wconf 89' lang='lat' dir='ltr'><strong>erat</strong></span> <span class='ocrx_word' id='word_1_472' title='bbox 1491 3330 1637 3392; x_wconf 88' lang='lat' dir='ltr'><strong>villa,</strong></span> <span class='ocrx_word' id='word_1_473' title='bbox 1674 3329 1725 3383; x_wconf 91' lang='lat' dir='ltr'><strong>in</strong></span> 
     </span>
    </p>
   </div>
   <div class='ocr_carea' id='block_1_65' title="bbox 159 3418 1722 3496">
    <p class='ocr_par' dir='ltr' id='par_1_65' title="bbox 159 3418 1722 3496">
     <span class='ocr_line' id='line_1_65' title="bbox 159 3418 1722 3496; baseline -0.005 -17"><span class='ocrx_word' id='word_1_474' title='bbox 159 3443 253 3496; x_wconf 81' lang='lat' dir='ltr'><strong>qua</strong></span> <span class='ocrx_word' id='word_1_475' title='bbox 276 3427 538 3486; x_wconf 78' lang='lat' dir='ltr'><strong>Basilius,</strong></span> <span class='ocrx_word' id='word_1_476' title='bbox 572 3425 714 3494; x_wconf 88' lang='lat' dir='ltr'><strong>apud</strong></span> <span class='ocrx_word' id='word_1_477' title='bbox 739 3424 913 3476; x_wconf 88' lang='lat' dir='ltr'><strong>aviam</strong></span> <span class='ocrx_word' id='word_1_478' title='bbox 939 3420 1226 3474; x_wconf 80' lang='lat' dir='ltr'><strong>Macrinam</strong></span> <span class='ocrx_word' id='word_1_479' title='bbox 1250 3419 1508 3473; x_wconf 89' lang='lat' dir='ltr'><strong>educatus</strong></span> <span class='ocrx_word' id='word_1_480' title='bbox 1532 3418 1722 3472; x_wconf 85' lang='lat' dir='ltr'><strong>fuerat.</strong></span> 
     </span>
    </p>
   </div>
   <div class='ocr_carea' id='block_1_66' title="bbox 156 3507 1728 3583">
    <p class='ocr_par' dir='ltr' id='par_1_66' title="bbox 156 3507 1728 3583">
     <span class='ocr_line' id='line_1_66' title="bbox 156 3507 1728 3583; baseline -0.006 -13"><span class='ocrx_word' id='word_1_481' title='bbox 156 3518 257 3571; x_wconf 75' lang='lat' dir='ltr'><strong>[lac</strong></span> <span class='ocrx_word' id='word_1_482' title='bbox 299 3519 351 3570; x_wconf 87' lang='lat' dir='ltr'><strong>in</strong></span> <span class='ocrx_word' id='word_1_483' title='bbox 406 3515 567 3579; x_wconf 83' lang='lat' dir='ltr'><strong>villa,</strong></span> <span class='ocrx_word' id='word_1_484' title='bbox 609 3528 729 3583; x_wconf 77' lang='lat' dir='ltr'><strong>qua:</strong></span> <span class='ocrx_word' id='word_1_485' title='bbox 772 3522 991 3580; x_wconf 86' lang='lat' dir='ltr'><strong>paterna</strong></span> <span class='ocrx_word' id='word_1_486' title='bbox 1040 3510 1321 3564; x_wconf 70' lang='lat' dir='ltr'><strong>hmreditas</strong></span> <span class='ocrx_word' id='word_1_487' title='bbox 1354 3516 1474 3562; x_wconf 89' lang='lat' dir='ltr'><strong>erat</strong></span> <span class='ocrx_word' id='word_1_488' title='bbox 1512 3507 1728 3561; x_wconf 76' lang='lat' dir='ltr'><strong>familia:</strong></span> 
     </span>
    </p>
   </div>
   <div class='ocr_carea' id='block_1_67' title="bbox 157 3597 1723 3673">
    <p class='ocr_par' dir='ltr' id='par_1_67' title="bbox 157 3597 1723 3673">
     <span class='ocr_line' id='line_1_67' title="bbox 157 3597 1723 3673; baseline -0.007 -12"><span class='ocrx_word' id='word_1_489' title='bbox 157 3609 208 3661; x_wconf 85' lang='lat' dir='ltr'><strong>S.</strong></span> <span class='ocrx_word' id='word_1_490' title='bbox 240 3607 453 3671; x_wconf 81' lang='lat' dir='ltr'><strong>Basilii,</strong></span> <span class='ocrx_word' id='word_1_491' title='bbox 486 3616 546 3659; x_wconf 91' lang='lat' dir='ltr'><strong>et</strong></span> <span class='ocrx_word' id='word_1_492' title='bbox 583 3612 707 3673; x_wconf 88' lang='lat' dir='ltr'><strong>post</strong></span> <span class='ocrx_word' id='word_1_493' title='bbox 735 3613 958 3656; x_wconf 88' lang='lat' dir='ltr'><strong>mortem</strong></span> <span class='ocrx_word' id='word_1_494' title='bbox 996 3599 1051 3654; x_wconf 89' lang='lat' dir='ltr'><strong>S.</strong></span> <span class='ocrx_word' id='word_1_495' title='bbox 1084 3599 1355 3652; x_wconf 84' lang='lat' dir='ltr'><strong>Etnmeliae</strong></span> <span class='ocrx_word' id='word_1_496' title='bbox 1386 3597 1466 3669; x_wconf 80' lang='grc' dir='ltr'><strong>(ε)</strong></span> <span class='ocrx_word' id='word_1_497' title='bbox 1498 3598 1555 3653; x_wconf 90' lang='lat' dir='ltr'><strong>S.</strong></span> <span class='ocrx_word' id='word_1_498' title='bbox 1590 3597 1723 3652; x_wconf 90' lang='lat' dir='ltr'><strong>Gre-</strong></span> 
     </span>
    </p>
   </div>
   <div class='ocr_carea' id='block_1_68' title="bbox 156 3680 1729 3767">
    <p class='ocr_par' dir='ltr' id='par_1_68' title="bbox 156 3680 1729 3767">
     <span class='ocr_line' id='line_1_68' title="bbox 156 3680 1729 3767; baseline -0.008 -18"><span class='ocrx_word' id='word_1_499' title='bbox 156 3702 297 3767; x_wconf 73' lang='lat' dir='ltr'><strong>gorio</strong></span> <span class='ocrx_word' id='word_1_500' title='bbox 343 3696 611 3767; x_wconf 74' lang='lat' dir='ltr'><strong>Nysseno</strong></span> <span class='ocrx_word' id='word_1_501' title='bbox 656 3692 843 3757; x_wconf 89' lang='lat' dir='ltr'><strong>cessit,</strong></span> <span class='ocrx_word' id='word_1_502' title='bbox 886 3680 1256 3758; x_wconf 80' lang='lat' dir='ltr'><strong>constructbm</strong></span> <span class='ocrx_word' id='word_1_503' title='bbox 1293 3696 1409 3741; x_wconf 85' lang='lat' dir='ltr'><strong>erat</strong></span> <span class='ocrx_word' id='word_1_504' title='bbox 1459 3696 1729 3741; x_wconf 32' lang='lat' dir='ltr'><strong>monastea</strong></span> 
     </span>
    </p>
   </div>
   <div class='ocr_carea' id='block_1_69' title="bbox 157 3780 1730 3860">
    <p class='ocr_par' dir='ltr' id='par_1_69' title="bbox 157 3780 1730 3860">
     <span class='ocr_line' id='line_1_69' title="bbox 157 3780 1730 3860; baseline -0.008 -13"><span class='ocrx_word' id='word_1_505' title='bbox 157 3796 285 3847; x_wconf 85' lang='lat' dir='ltr'><strong>rium</strong></span> <span class='ocrx_word' id='word_1_506' title='bbox 321 3807 351 3845; x_wconf 79' lang='lat' dir='ltr'><strong>a</strong></span> <span class='ocrx_word' id='word_1_507' title='bbox 388 3791 617 3860; x_wconf 75' lang='lat' dir='ltr'><strong>virgine</strong></span> <span class='ocrx_word' id='word_1_508' title='bbox 650 3785 909 3850; x_wconf 75' lang='lat' dir='ltr'><strong>Macr-ina,</strong></span> <span class='ocrx_word' id='word_1_509' title='bbox 952 3786 1004 3837; x_wconf 87' lang='lat' dir='ltr'><strong>itt</strong></span> <span class='ocrx_word' id='word_1_510' title='bbox 1037 3799 1141 3853; x_wconf 90' lang='lat' dir='ltr'><strong>quo</strong></span> <span class='ocrx_word' id='word_1_511' title='bbox 1185 3781 1402 3836; x_wconf 84' lang='lat' dir='ltr'><strong>fratrem</strong></span> <span class='ocrx_word' id='word_1_512' title='bbox 1434 3797 1592 3837; x_wconf 91' lang='lat' dir='ltr'><strong>suum</strong></span> <span class='ocrx_word' id='word_1_513' title='bbox 1628 3780 1730 3835; x_wconf 89' lang='lat' dir='ltr'><strong>Pe-</strong></span> 
     </span>
    </p>
   </div>
   <div class='ocr_carea' id='block_1_70' title="bbox 160 3878 1726 3941">
    <p class='ocr_par' dir='ltr' id='par_1_70' title="bbox 160 3878 1726 3941">
     <span class='ocr_line' id='line_1_70' title="bbox 160 3878 1726 3941; baseline -0.006 -4"><span class='ocrx_word' id='word_1_514' title='bbox 160 3898 287 3939; x_wconf 75' lang='lat' dir='ltr'><strong>trum</strong></span> <span class='ocrx_word' id='word_1_515' title='bbox 319 3901 347 3937; x_wconf 88' lang='lat' dir='ltr'><strong>a</strong></span> <span class='ocrx_word' id='word_1_516' title='bbox 383 3884 598 3938; x_wconf 88' lang='lat' dir='ltr'><strong>teneris</strong></span> <span class='ocrx_word' id='word_1_517' title='bbox 626 3882 695 3935; x_wconf 90' lang='lat' dir='ltr'><strong>ad</strong></span> <span class='ocrx_word' id='word_1_518' title='bbox 724 3896 935 3933; x_wconf 92' lang='lat' dir='ltr'><strong>omnem</strong></span> <span class='ocrx_word' id='word_1_519' title='bbox 970 3880 1223 3932; x_wconf 89' lang='lat' dir='ltr'><strong>virtutem</strong></span> <span class='ocrx_word' id='word_1_520' title='bbox 1256 3878 1427 3941; x_wconf 84' lang='lat' dir='ltr'><strong>finxit,</strong></span> <span class='ocrx_word' id='word_1_521' title='bbox 1463 3886 1518 3930; x_wconf 89' lang='lat' dir='ltr'><strong>et</strong></span> <span class='ocrx_word' id='word_1_522' title='bbox 1544 3890 1726 3929; x_wconf 85' lang='lat' dir='ltr'><strong>sacra-</strong></span> 
     </span>
    </p>
   </div>
   <div class='ocr_carea' id='block_1_71' title="bbox 162 3966 1724 4040">
    <p class='ocr_par' dir='ltr' id='par_1_71' title="bbox 162 3966 1724 4040">
     <span class='ocr_line' id='line_1_71' title="bbox 162 3966 1724 4040; baseline -0.006 -11"><span class='ocrx_word' id='word_1_523' title='bbox 162 3993 265 4029; x_wconf 83' lang='lat' dir='ltr'><strong>rum</strong></span> <span class='ocrx_word' id='word_1_524' title='bbox 296 3977 615 4030; x_wconf 90' lang='lat' dir='ltr'><strong>litterarum</strong></span> <span class='ocrx_word' id='word_1_525' title='bbox 648 3971 957 4040; x_wconf 85' lang='lat' dir='ltr'><strong>cognitione</strong></span> <span class='ocrx_word' id='word_1_526' title='bbox 985 3968 1175 4022; x_wconf 91' lang='lat' dir='ltr'><strong>imbuit</strong></span> <span class='ocrx_word' id='word_1_527' title='bbox 1199 3966 1297 4036; x_wconf 85' lang='lat' dir='ltr'><strong>(d).</strong></span> <span class='ocrx_word' id='word_1_528' title='bbox 1334 3968 1592 4021; x_wconf 73' lang='lat' dir='ltr'><strong>llemotus</strong></span> <span class='ocrx_word' id='word_1_529' title='bbox 1622 3981 1724 4019; x_wconf 92' lang='lat' dir='ltr'><strong>non</strong></span> 
     </span>
    </p>
   </div>
   <div class='ocr_carea' id='block_1_72' title="bbox 162 4056 1725 4133">
    <p class='ocr_par' dir='ltr' id='par_1_72' title="bbox 162 4056 1725 4133">
     <span class='ocr_line' id='line_1_72' title="bbox 162 4056 1725 4133; baseline -0.008 -12"><span class='ocrx_word' id='word_1_530' title='bbox 162 4076 263 4121; x_wconf 83' lang='lat' dir='ltr'><strong>erat</strong></span> <span class='ocrx_word' id='word_1_531' title='bbox 292 4068 381 4121; x_wconf 91' lang='lat' dir='ltr'><strong>bic</strong></span> <span class='ocrx_word' id='word_1_532' title='bbox 417 4078 595 4133; x_wconf 86' lang='lat' dir='ltr'><strong>pagus</strong></span> <span class='ocrx_word' id='word_1_533' title='bbox 630 4062 701 4115; x_wconf 87' lang='lat' dir='ltr'><strong>ab</strong></span> <span class='ocrx_word' id='word_1_534' title='bbox 729 4062 858 4115; x_wconf 89' lang='lat' dir='ltr'><strong>urbe</strong></span> <span class='ocrx_word' id='word_1_535' title='bbox 881 4059 1249 4123; x_wconf 74' lang='lat' dir='ltr'><strong>Neocresarea,</strong></span> <span class='ocrx_word' id='word_1_536' title='bbox 1291 4057 1431 4111; x_wconf 90' lang='lat' dir='ltr'><strong>unde</strong></span> <span class='ocrx_word' id='word_1_537' title='bbox 1466 4056 1646 4111; x_wconf 85' lang='lat' dir='ltr'><strong>Basilii</strong></span> <span class='ocrx_word' id='word_1_538' title='bbox 1674 4057 1725 4110; x_wconf 91' lang='lat' dir='ltr'><strong>in</strong></span> 
     </span>
    </p>
   </div>
   <div class='ocr_carea' id='block_1_73' title="bbox 162 4144 1727 4216">
    <p class='ocr_par' dir='ltr' id='par_1_73' title="bbox 162 4144 1727 4216">
     <span class='ocr_line' id='line_1_73' title="bbox 162 4144 1727 4216; baseline -0.006 -7"><span class='ocrx_word' id='word_1_539' title='bbox 162 4160 289 4211; x_wconf 81' lang='lat' dir='ltr'><strong>hunc</strong></span> <span class='ocrx_word' id='word_1_540' title='bbox 326 4156 515 4210; x_wconf 78' lang='lat' dir='ltr'><strong>locum</strong></span> <span class='ocrx_word' id='word_1_541' title='bbox 551 4152 786 4206; x_wconf 91' lang='lat' dir='ltr'><strong>adventu</strong></span> <span class='ocrx_word' id='word_1_542' title='bbox 812 4164 953 4203; x_wconf 90' lang='lat' dir='ltr'><strong>anno</strong></span> <span class='ocrx_word' id='word_1_543' title='bbox 983 4148 1086 4202; x_wconf 74' lang='grc'><strong>575</strong></span> <span class='ocrx_word' id='word_1_544' title='bbox 1123 4156 1297 4201; x_wconf 85' lang='lat' dir='ltr'><strong>terror</strong></span> <span class='ocrx_word' id='word_1_545' title='bbox 1326 4147 1557 4216; x_wconf 85' lang='lat' dir='ltr'><strong>injectus</strong></span> <span class='ocrx_word' id='word_1_546' title='bbox 1589 4144 1727 4200; x_wconf 81' lang='lat' dir='ltr'><strong>Nco-</strong></span> 
     </span>
    </p>
   </div>
   <div class='ocr_carea' id='block_1_74' title="bbox 161 4238 1726 4308">
    <p class='ocr_par' dir='ltr' id='par_1_74' title="bbox 161 4238 1726 4308">
     <span class='ocr_line' id='line_1_74' title="bbox 161 4238 1726 4308; baseline -0.006 -9"><span class='ocrx_word' id='word_1_547' title='bbox 161 4244 597 4305; x_wconf 62' lang='lat' dir='ltr'><strong>rzsariensibus,</strong></span> <span class='ocrx_word' id='word_1_548' title='bbox 646 4240 799 4308; x_wconf 90' lang='lat' dir='ltr'><strong>quasi</strong></span> <span class='ocrx_word' id='word_1_549' title='bbox 848 4238 1074 4292; x_wconf 85' lang='lat' dir='ltr'><strong>Basilius</strong></span> <span class='ocrx_word' id='word_1_550' title='bbox 1110 4239 1162 4290; x_wconf 90' lang='lat' dir='ltr'><strong>in</strong></span> <span class='ocrx_word' id='word_1_551' title='bbox 1196 4252 1382 4291; x_wconf 90' lang='lat' dir='ltr'><strong>eorum</strong></span> <span class='ocrx_word' id='word_1_552' title='bbox 1430 4238 1615 4290; x_wconf 90' lang='lat' dir='ltr'><strong>urbem</strong></span> <span class='ocrx_word' id='word_1_553' title='bbox 1648 4238 1726 4291; x_wconf 84' lang='lat' dir='ltr'><strong>in-</strong></span> 
     </span>
    </p>
   </div>
   <div class='ocr_carea' id='block_1_75' title="bbox 158 4327 1724 4403">
    <p class='ocr_par' dir='ltr' id='par_1_75' title="bbox 158 4327 1724 4403">
     <span class='ocr_line' id='line_1_75' title="bbox 158 4327 1724 4403; baseline -0.006 -15"><span class='ocrx_word' id='word_1_554' title='bbox 158 4338 288 4403; x_wconf 68' lang='lat' dir='ltr'><strong>gredi</strong></span> <span class='ocrx_word' id='word_1_555' title='bbox 318 4341 581 4403; x_wconf 87' lang='lat' dir='ltr'><strong>pararet.</strong></span> <span class='ocrx_word' id='word_1_556' title='bbox 615 4328 733 4383; x_wconf 74' lang='lat' dir='ltr'><strong>Non</strong></span> <span class='ocrx_word' id='word_1_557' title='bbox 770 4338 945 4382; x_wconf 88' lang='lat' dir='ltr'><strong>tamen</strong></span> <span class='ocrx_word' id='word_1_558' title='bbox 980 4328 1252 4397; x_wconf 89' lang='lat' dir='ltr'><strong>subjectus</strong></span> <span class='ocrx_word' id='word_1_559' title='bbox 1288 4336 1407 4380; x_wconf 88' lang='lat' dir='ltr'><strong>erat</strong></span> <span class='ocrx_word' id='word_1_560' title='bbox 1451 4327 1724 4381; x_wconf 73' lang='lat' dir='ltr'><strong>Neocresa—</strong></span> 
     </span>
    </p>
   </div>
   <div class='ocr_carea' id='block_1_76' title="bbox 158 4420 1726 4493">
    <p class='ocr_par' dir='ltr' id='par_1_76' title="bbox 158 4420 1726 4493">
     <span class='ocr_line' id='line_1_76' title="bbox 158 4420 1726 4493; baseline -0.005 -13"><span class='ocrx_word' id='word_1_561' title='bbox 158 4443 264 4493; x_wconf 63' lang='grc' dir='ltr'><strong>ηπ,</strong></span> <span class='ocrx_word' id='word_1_562' title='bbox 296 4428 396 4480; x_wconf 88' lang='lat' dir='ltr'><strong>sed</strong></span> <span class='ocrx_word' id='word_1_563' title='bbox 447 4424 658 4486; x_wconf 69' lang='lat' dir='ltr'><strong>lborar,</strong></span> <span class='ocrx_word' id='word_1_564' title='bbox 687 4421 894 4489; x_wconf 72' lang='lat' dir='ltr'><strong>exiguae</strong></span> <span class='ocrx_word' id='word_1_565' title='bbox 921 4420 1122 4474; x_wconf 89' lang='lat' dir='ltr'><strong>civitati</strong></span> <span class='ocrx_word' id='word_1_566' title='bbox 1167 4436 1268 4474; x_wconf 91' lang='lat' dir='ltr'><strong>non</strong></span> <span class='ocrx_word' id='word_1_567' title='bbox 1304 4420 1488 4488; x_wconf 91' lang='lat' dir='ltr'><strong>procul</strong></span> <span class='ocrx_word' id='word_1_568' title='bbox 1533 4421 1726 4475; x_wconf 87' lang='lat' dir='ltr'><strong>distan-</strong></span> 
     </span>
    </p>
   </div>
   <div class='ocr_carea' id='block_1_77' title="bbox 164 4510 1722 4591">
    <p class='ocr_par' dir='ltr' id='par_1_77' title="bbox 164 4510 1722 4591">
     <span class='ocr_line' id='line_1_77' title="bbox 164 4510 1722 4591; baseline -0.004 -18"><span class='ocrx_word' id='word_1_569' title='bbox 164 4521 194 4572; x_wconf 87' lang='lat' dir='ltr'><strong>ti</strong></span> <span class='ocrx_word' id='word_1_570' title='bbox 216 4520 309 4591; x_wconf 78' lang='grc' dir='ltr'><strong>(ι),</strong></span> <span class='ocrx_word' id='word_1_571' title='bbox 358 4518 532 4587; x_wconf 89' lang='lat' dir='ltr'><strong>cujus</strong></span> <span class='ocrx_word' id='word_1_572' title='bbox 578 4514 862 4584; x_wconf 88' lang='lat' dir='ltr'><strong>episcopus</strong></span> <span class='ocrx_word' id='word_1_573' title='bbox 912 4511 1142 4565; x_wconf 84' lang='lat' dir='ltr'><strong>Araxius</strong></span> <span class='ocrx_word' id='word_1_574' title='bbox 1188 4510 1245 4565; x_wconf 91' lang='lat' dir='ltr'><strong>S.</strong></span> <span class='ocrx_word' id='word_1_575' title='bbox 1288 4510 1537 4566; x_wconf 69' lang='lat' dir='ltr'><strong>Macrinre</strong></span> <span class='ocrx_word' id='word_1_576' title='bbox 1578 4513 1722 4579; x_wconf 88' lang='lat' dir='ltr'><strong>justa</strong></span> 
     </span>
    </p>
   </div>
   <div class='ocr_carea' id='block_1_78' title="bbox 157 4599 1725 4676">
    <p class='ocr_par' dir='ltr' id='par_1_78' title="bbox 157 4599 1725 4676">
     <span class='ocr_line' id='line_1_78' title="bbox 157 4599 1725 4676; baseline -0.005 -12"><span class='ocrx_word' id='word_1_577' title='bbox 157 4610 407 4676; x_wconf 79' lang='lat' dir='ltr'><strong>persolvit</strong></span> <span class='ocrx_word' id='word_1_578' title='bbox 430 4620 548 4659; x_wconf 86' lang='lat' dir='ltr'><strong>uua</strong></span> <span class='ocrx_word' id='word_1_579' title='bbox 579 4619 701 4658; x_wconf 90' lang='lat' dir='ltr'><strong>cum</strong></span> <span class='ocrx_word' id='word_1_580' title='bbox 731 4600 788 4655; x_wconf 89' lang='lat' dir='ltr'><strong>S.</strong></span> <span class='ocrx_word' id='word_1_581' title='bbox 814 4601 1075 4671; x_wconf 86' lang='lat' dir='ltr'><strong>Gregorio</strong></span> <span class='ocrx_word' id='word_1_582' title='bbox 1106 4599 1349 4672; x_wconf 79' lang='lat' dir='ltr'><strong>Nysseno</strong></span> <span class='ocrx_word' id='word_1_583' title='bbox 1372 4603 1460 4670; x_wconf 94' lang='lat' dir='ltr'><strong>qui</strong></span> <span class='ocrx_word' id='word_1_584' title='bbox 1487 4617 1606 4656; x_wconf 89' lang='lat' dir='ltr'><strong>eum</strong></span> <span class='ocrx_word' id='word_1_585' title='bbox 1634 4618 1725 4656; x_wconf 87' lang='lat' dir='ltr'><strong>vo-</strong></span> 
     </span>
    </p>
   </div>
   <div class='ocr_carea' id='block_1_79' title="bbox 159 4691 1721 4762">
    <p class='ocr_par' dir='ltr' id='par_1_79' title="bbox 159 4691 1721 4762">
     <span class='ocr_line' id='line_1_79' title="bbox 159 4691 1721 4762; baseline -0.003 -12"><span class='ocrx_word' id='word_1_586' title='bbox 159 4711 230 4752; x_wconf 76' lang='lat' dir='ltr'><strong>cat</strong></span> <span class='ocrx_word' id='word_1_587' title='bbox 277 4700 539 4752; x_wconf 89' lang='lat' dir='ltr'><strong>locorum</strong></span> <span class='ocrx_word' id='word_1_588' title='bbox 606 4692 819 4746; x_wconf 87' lang='lat' dir='ltr'><strong>illorum</strong></span> <span class='ocrx_word' id='word_1_589' title='bbox 866 4693 1285 4762; x_wconf 55' lang='lat' dir='ltr'><strong>episcopum“).</strong></span> <span class='ocrx_word' id='word_1_590' title='bbox 1331 4691 1480 4747; x_wconf 85' lang='lat' dir='ltr'><strong>llnuc</strong></span> <span class='ocrx_word' id='word_1_591' title='bbox 1532 4708 1721 4762; x_wconf 88' lang='lat' dir='ltr'><strong>pagum</strong></span> 
     </span>
    </p>
   </div>
   <div class='ocr_carea' id='block_1_80' title="bbox 160 4782 1724 4852">
    <p class='ocr_par' dir='ltr' id='par_1_80' title="bbox 160 4782 1724 4852">
     <span class='ocr_line' id='line_1_80' title="bbox 160 4782 1724 4852; baseline -0.003 -11"><span class='ocrx_word' id='word_1_592' title='bbox 160 4792 376 4843; x_wconf 75' lang='lat' dir='ltr'><strong>Anuesos</strong></span> <span class='ocrx_word' id='word_1_593' title='bbox 451 4792 713 4837; x_wconf 84' lang='lat' dir='ltr'><strong>vocatum</strong></span> <span class='ocrx_word' id='word_1_594' title='bbox 782 4782 946 4836; x_wconf 87' lang='lat' dir='ltr'><strong>fuisse</strong></span> <span class='ocrx_word' id='word_1_595' title='bbox 997 4782 1349 4852; x_wconf 88' lang='lat' dir='ltr'><strong>perspicimus</strong></span> <span class='ocrx_word' id='word_1_596' title='bbox 1413 4797 1475 4837; x_wconf 81' lang='lat' dir='ltr'><strong>ex</strong></span> <span class='ocrx_word' id='word_1_597' title='bbox 1543 4784 1724 4837; x_wconf 90' lang='lat' dir='ltr'><strong>Basilii</strong></span> 
     </span>
    </p>
   </div>
   <div class='ocr_carea' id='block_1_81' title="bbox 158 4871 1724 4946">
    <p class='ocr_par' dir='ltr' id='par_1_81' title="bbox 158 4871 1724 4946">
     <span class='ocr_line' id='line_1_81' title="bbox 158 4871 1724 4946; baseline -0.002 -16"><span class='ocrx_word' id='word_1_598' title='bbox 158 4880 297 4946; x_wconf 80' lang='lat' dir='ltr'><strong>epist.</strong></span> <span class='ocrx_word' id='word_1_599' title='bbox 333 4878 392 4941; x_wconf 75' lang='lat'><strong>5,</strong></span> <span class='ocrx_word' id='word_1_600' title='bbox 424 4878 482 4928; x_wconf 86' lang='lat' dir='ltr'><strong>in</strong></span> <span class='ocrx_word' id='word_1_601' title='bbox 518 4888 624 4942; x_wconf 83' lang='lat' dir='ltr'><strong>qua</strong></span> <span class='ocrx_word' id='word_1_602' title='bbox 660 4872 895 4939; x_wconf 92' lang='lat' dir='ltr'><strong>loquitur</strong></span> <span class='ocrx_word' id='word_1_603' title='bbox 925 4872 988 4925; x_wconf 89' lang='lat' dir='ltr'><strong>de</strong></span> <span class='ocrx_word' id='word_1_604' title='bbox 1032 4871 1260 4940; x_wconf 88' lang='lat' dir='ltr'><strong>quodam</strong></span> <span class='ocrx_word' id='word_1_605' title='bbox 1306 4873 1503 4941; x_wconf 88' lang='lat' dir='ltr'><strong>agresti</strong></span> <span class='ocrx_word' id='word_1_606' title='bbox 1539 4890 1602 4926; x_wconf 77' lang='lat' dir='ltr'><strong>ex</strong></span> <span class='ocrx_word' id='word_1_607' title='bbox 1639 4875 1724 4941; x_wconf 88' lang='lat' dir='ltr'><strong>iis,</strong></span> 
     </span>
    </p>
   </div>
   <div class='ocr_carea' id='block_1_82' title="bbox 158 4962 1726 5039">
    <p class='ocr_par' dir='ltr' id='par_1_82' title="bbox 158 4962 1726 5039">
     <span class='ocr_line' id='line_1_82' title="bbox 158 4962 1726 5039; baseline -0.001 -19"><span class='ocrx_word' id='word_1_608' title='bbox 158 4971 336 5039; x_wconf 76' lang='lat' dir='ltr'><strong>inquit,</strong></span> <span class='ocrx_word' id='word_1_609' title='bbox 363 4968 461 5038; x_wconf 80' lang='lat' dir='ltr'><strong>qui</strong></span> <span class='ocrx_word' id='word_1_610' title='bbox 491 4964 764 5017; x_wconf 81' lang='lat' dir='ltr'><strong>nobiscum</strong></span> <span class='ocrx_word' id='word_1_611' title='bbox 792 4964 1011 5016; x_wconf 82' lang='lat' dir='ltr'><strong>Annesis</strong></span> <span class='ocrx_word' id='word_1_612' title='bbox 1043 4972 1448 5018; x_wconf 84' lang='lat' dir='ltr'><strong>commorantur.</strong></span> <span class='ocrx_word' id='word_1_613' title='bbox 1475 4962 1597 5018; x_wconf 71' lang='lat' dir='ltr'><strong>Haec</strong></span> <span class='ocrx_word' id='word_1_614' title='bbox 1632 4980 1726 5019; x_wconf 88' lang='lat' dir='ltr'><strong>au-</strong></span> 
     </span>
    </p>
   </div>
   <div class='ocr_carea' id='block_1_83' title="bbox 160 5056 1726 5129">
    <p class='ocr_par' dir='ltr' id='par_1_83' title="bbox 160 5056 1726 5129">
     <span class='ocr_line' id='line_1_83' title="bbox 160 5056 1726 5129; baseline -0.001 -19"><span class='ocrx_word' id='word_1_615' title='bbox 160 5070 248 5113; x_wconf 81' lang='lat' dir='ltr'><strong>tem</strong></span> <span class='ocrx_word' id='word_1_616' title='bbox 292 5063 360 5113; x_wconf 90' lang='lat' dir='ltr'><strong>de</strong></span> <span class='ocrx_word' id='word_1_617' title='bbox 408 5075 558 5129; x_wconf 86' lang='lat' dir='ltr'><strong>pago</strong></span> <span class='ocrx_word' id='word_1_618' title='bbox 594 5068 743 5111; x_wconf 90' lang='lat' dir='ltr'><strong>trans</strong></span> <span class='ocrx_word' id='word_1_619' title='bbox 784 5058 974 5111; x_wconf 89' lang='lat' dir='ltr'><strong>lridem</strong></span> <span class='ocrx_word' id='word_1_620' title='bbox 1019 5056 1120 5112; x_wconf 86' lang='lat' dir='ltr'><strong>sito</strong></span> <span class='ocrx_word' id='word_1_621' title='bbox 1157 5057 1324 5125; x_wconf 84' lang='lat' dir='ltr'><strong>accipi</strong></span> <span class='ocrx_word' id='word_1_622' title='bbox 1370 5057 1563 5111; x_wconf 85' lang='lat' dir='ltr'><strong>debere</strong></span> <span class='ocrx_word' id='word_1_623' title='bbox 1603 5056 1726 5110; x_wconf 89' lang='lat' dir='ltr'><strong>inde</strong></span> 
     </span>
    </p>
   </div>
   <div class='ocr_carea' id='block_1_84' title="bbox 161 5149 1716 5221">
    <p class='ocr_par' dir='ltr' id='par_1_84' title="bbox 161 5149 1716 5221">
     <span class='ocr_line' id='line_1_84' title="bbox 161 5149 1716 5221; baseline -0.003 -13"><span class='ocrx_word' id='word_1_624' title='bbox 161 5155 498 5221; x_wconf 81' lang='lat' dir='ltr'><strong>perspicitur,</strong></span> <span class='ocrx_word' id='word_1_625' title='bbox 545 5152 692 5220; x_wconf 91' lang='lat' dir='ltr'><strong>quod</strong></span> <span class='ocrx_word' id='word_1_626' title='bbox 724 5151 905 5205; x_wconf 88' lang='lat' dir='ltr'><strong>Basilii</strong></span> <span class='ocrx_word' id='word_1_627' title='bbox 952 5151 1184 5206; x_wconf 89' lang='lat' dir='ltr'><strong>solitudo</strong></span> <span class='ocrx_word' id='word_1_628' title='bbox 1228 5150 1295 5203; x_wconf 90' lang='lat' dir='ltr'><strong>ab</strong></span> <span class='ocrx_word' id='word_1_629' title='bbox 1320 5149 1465 5204; x_wconf 92' lang='lat' dir='ltr'><strong>omni</strong></span> <span class='ocrx_word' id='word_1_630' title='bbox 1496 5163 1716 5205; x_wconf 78' lang='lat' dir='ltr'><strong>prorsus</strong></span> 
     </span>
    </p>
   </div>
   <div class='ocr_carea' id='block_1_85' title="bbox 164 5244 1300 5303">
    <p class='ocr_par' dir='ltr' id='par_1_85' title="bbox 164 5244 1300 5303">
     <span class='ocr_line' id='line_1_85' title="bbox 164 5244 1300 5303; baseline -0.004 -2"><span class='ocrx_word' id='word_1_631' title='bbox 164 5249 424 5303; x_wconf 78' lang='lat' dir='ltr'><strong>hominum</strong></span> <span class='ocrx_word' id='word_1_632' title='bbox 452 5244 863 5302; x_wconf 88' lang='lat' dir='ltr'><strong>consuetudine</strong></span> <span class='ocrx_word' id='word_1_633' title='bbox 892 5253 1097 5300; x_wconf 88' lang='lat' dir='ltr'><strong>remota</strong></span> <span class='ocrx_word' id='word_1_634' title='bbox 1138 5253 1300 5299; x_wconf 89' lang='lat' dir='ltr'><strong>esset.</strong></span> 
     </span>
    </p>
   </div>
   <div class='ocr_carea' id='block_1_86' title="bbox 218 5369 1027 5442">
    <p class='ocr_par' dir='ltr' id='par_1_86' title="bbox 218 5369 1027 5442">
     <span class='ocr_line' id='line_1_86' title="bbox 218 5369 1027 5442; baseline -0.001 -19"><span class='ocrx_word' id='word_1_635' title='bbox 218 5375 286 5431; x_wconf 79' lang='lat' dir='ltr'><strong>la)</strong></span> <span class='ocrx_word' id='word_1_636' title='bbox 318 5374 418 5442; x_wconf 82' lang='lat' dir='ltr'><strong>Ep.</strong></span> <span class='ocrx_word' id='word_1_637' title='bbox 458 5370 594 5442; x_wconf 66' lang='lat'><strong>223,</strong></span> <span class='ocrx_word' id='word_1_638' title='bbox 634 5386 689 5423; x_wconf 81' lang='grc' dir='ltr'><strong><em>η.</em></strong></span> <span class='ocrx_word' id='word_1_639' title='bbox 721 5369 804 5442; x_wconf 30' lang='grc' dir='ltr'><strong>ἓξ</strong></span> <span class='ocrx_word' id='word_1_640' title='bbox 892 5435 922 5442; x_wconf 83' lang='lat'>_</span> <span class='ocrx_word' id='word_1_641' title='bbox 988 5410 1027 5442; x_wconf 47' lang='grc' dir='ltr'><em>λ</em></span> 
     </span>
    </p>
   </div>
   <div class='ocr_carea' id='block_1_87' title="bbox 219 5435 1412 5512">
    <p class='ocr_par' dir='ltr' id='par_1_87' title="bbox 219 5435 1412 5512">
     <span class='ocr_line' id='line_1_87' title="bbox 219 5435 1412 5512; baseline 0 -20"><span class='ocrx_word' id='word_1_642' title='bbox 219 5445 288 5509; x_wconf 73' lang='lat' dir='ltr'><strong>(b)</strong></span> <span class='ocrx_word' id='word_1_643' title='bbox 326 5435 498 5512; x_wconf 57' lang='lat' dir='ltr'><strong>G&#39;reg.</strong></span> <span class='ocrx_word' id='word_1_644' title='bbox 536 5441 701 5510; x_wconf 82' lang='lat' dir='ltr'><strong>Nyss.</strong></span> <span class='ocrx_word' id='word_1_645' title='bbox 744 5436 851 5492; x_wconf 83' lang='lat' dir='ltr'><strong>Vit.</strong></span> <span class='ocrx_word' id='word_1_646' title='bbox 884 5435 1164 5512; x_wconf 25' lang='lat' dir='ltr'><strong>Sullf‘acr&quot;</strong></span> <span class='ocrx_word' id='word_1_647' title='bbox 1197 5452 1250 5507; x_wconf 88' lang='lat' dir='ltr'><strong>p.</strong></span> <span class='ocrx_word' id='word_1_648' title='bbox 1294 5437 1412 5492; x_wconf 75' lang='lat'><strong>18‘2.</strong></span> 
     </span>
    </p>
   </div>
   <div class='ocr_carea' id='block_1_88' title="bbox 221 5506 1063 5579">
    <p class='ocr_par' dir='ltr' id='par_1_88' title="bbox 221 5506 1063 5579">
     <span class='ocr_line' id='line_1_88' title="bbox 221 5506 1063 5579; baseline -0.005 -16"><span class='ocrx_word' id='word_1_649' title='bbox 221 5506 286 5579; x_wconf 69' lang='grc' dir='ltr'><strong>(τ)</strong></span> <span class='ocrx_word' id='word_1_650' title='bbox 318 5513 414 5567; x_wconf 90' lang='lat' dir='ltr'><strong>0r.</strong></span> <span class='ocrx_word' id='word_1_651' title='bbox 440 5506 497 5565; x_wconf 68' lang='lat' dir='ltr'><strong>in</strong></span> <span class='ocrx_word' id='word_1_652' title='bbox 531 5506 604 5565; x_wconf 67' lang='grc' dir='ltr'><strong>ιιξ</strong></span> <span class='ocrx_word' id='word_1_653' title='bbox 636 5518 821 5579; x_wconf 67' lang='lat' dir='ltr'><strong>m_art.,</strong></span> <span class='ocrx_word' id='word_1_654' title='bbox 855 5522 905 5572; x_wconf 85' lang='lat' dir='ltr'><strong>p.</strong></span> <span class='ocrx_word' id='word_1_655' title='bbox 940 5506 1063 5560; x_wconf 74' lang='lat' dir='ltr'><strong>2H.</strong></span> 
     </span>
    </p>
   </div>
   <div class='ocr_carea' id='block_1_89' title="bbox 225 5577 1190 5652">
    <p class='ocr_par' dir='ltr' id='par_1_89' title="bbox 225 5577 1190 5652">
     <span class='ocr_line' id='line_1_89' title="bbox 225 5577 1190 5652; baseline -0.001 -20"><span class='ocrx_word' id='word_1_656' title='bbox 225 5577 294 5646; x_wconf 71' lang='lat' dir='ltr'><strong>(dy</strong></span> <span class='ocrx_word' id='word_1_657' title='bbox 324 5584 482 5652; x_wconf 67' lang='lat' dir='ltr'><strong>Nysa.</strong></span> <span class='ocrx_word' id='word_1_658' title='bbox 531 5582 636 5633; x_wconf 83' lang='lat' dir='ltr'><strong>Vit.</strong></span> <span class='ocrx_word' id='word_1_659' title='bbox 760 5577 954 5641; x_wconf 55' lang='lat' dir='ltr'><strong>Maca,</strong></span> <span class='ocrx_word' id='word_1_660' title='bbox 987 5593 1039 5646; x_wconf 92' lang='lat' dir='ltr'><strong>p.</strong></span> <span class='ocrx_word' id='word_1_661' title='bbox 1069 5577 1190 5652; x_wconf 54' lang='grc' dir='ltr'><strong>18ξὶΓ</strong></span> 
     </span>
    </p>
   </div>
   <div class='ocr_carea' id='block_1_90' title="bbox 190 5648 1250 5723">
    <p class='ocr_par' dir='ltr' id='par_1_90' title="bbox 190 5648 1250 5723">
     <span class='ocr_line' id='line_1_90' title="bbox 190 5648 1250 5723; baseline 0.001 -20"><span class='ocrx_word' id='word_1_662' title='bbox 190 5656 286 5719; x_wconf 64' lang='grc' dir='ltr'><strong>Αρ)</strong></span> <span class='ocrx_word' id='word_1_663' title='bbox 324 5648 485 5723; x_wconf 67' lang='lat' dir='ltr'><strong>Nyss.</strong></span> <span class='ocrx_word' id='word_1_664' title='bbox 525 5653 622 5723; x_wconf 37' lang='grc' dir='ltr'><strong>οἷς</strong></span> <span class='ocrx_word' id='word_1_665' title='bbox 656 5651 711 5701; x_wconf 85' lang='lat' dir='ltr'><strong>in</strong></span> <span class='ocrx_word' id='word_1_666' title='bbox 736 5663 805 5701; x_wconf 66' lang='lat' dir='ltr'><strong>xu</strong></span> <span class='ocrx_word' id='word_1_667' title='bbox 833 5659 1011 5723; x_wconf 41' lang='lat' dir='ltr'><strong>mare,</strong></span> <span class='ocrx_word' id='word_1_668' title='bbox 1031 5648 1250 5723; x_wconf 24' lang='lat'><strong>£3212.</strong></span> 
     </span>
    </p>
   </div>
   <div class='ocr_carea' id='block_1_91' title="bbox 227 5717 1149 5793">
    <p class='ocr_par' dir='ltr' id='par_1_91' title="bbox 227 5717 1149 5793">
     <span class='ocr_line' id='line_1_91' title="bbox 227 5717 1149 5793; baseline -0.003 -16"><span class='ocrx_word' id='word_1_669' title='bbox 227 5725 284 5793; x_wconf 61' lang='lat' dir='ltr'><strong>in</strong></span> <span class='ocrx_word' id='word_1_670' title='bbox 330 5717 431 5778; x_wconf 69' lang='lat' dir='ltr'><strong>rit.</strong></span> <span class='ocrx_word' id='word_1_671' title='bbox 461 5723 526 5779; x_wconf 89' lang='lat' dir='ltr'><strong>s.</strong></span> <span class='ocrx_word' id='word_1_672' title='bbox 564 5720 760 5783; x_wconf 66' lang='lat' dir='ltr'><strong>Mam,</strong></span> <span class='ocrx_word' id='word_1_673' title='bbox 792 5733 846 5788; x_wconf 88' lang='lat' dir='ltr'><strong>p.</strong></span> <span class='ocrx_word' id='word_1_674' title='bbox 878 5717 999 5781; x_wconf 69' lang='lat' dir='ltr'><strong>eoo,</strong></span> <span class='ocrx_word' id='word_1_675' title='bbox 1027 5717 1149 5774; x_wconf 74' lang='lat'><strong>202.</strong></span> 
     </span>
    </p>
   </div>
   <div class='ocr_carea' id='block_1_92' title="bbox 1832 3243 3389 3317">
    <p class='ocr_par' dir='ltr' id='par_1_92' title="bbox 1832 3243 3389 3317">
     <span class='ocr_line' id='line_1_92' title="bbox 1832 3243 3389 3317; baseline 0.004 -21"><span class='ocrx_word' id='word_1_676' title='bbox 1832 3243 1933 3297; x_wconf 92' lang='lat' dir='ltr'><strong>mis</strong></span> <span class='ocrx_word' id='word_1_677' title='bbox 1973 3245 2201 3312; x_wconf 89' lang='lat' dir='ltr'><strong>pedibus</strong></span> <span class='ocrx_word' id='word_1_678' title='bbox 2242 3245 2600 3311; x_wconf 89' lang='lat' dir='ltr'><strong>incedentem,</strong></span> <span class='ocrx_word' id='word_1_679' title='bbox 2638 3258 2926 3317; x_wconf 77' lang='lat' dir='ltr'><strong>pennatam</strong></span> <span class='ocrx_word' id='word_1_680' title='bbox 2974 3263 3039 3303; x_wconf 91' lang='lat' dir='ltr'><strong>ac</strong></span> <span class='ocrx_word' id='word_1_681' title='bbox 3062 3250 3389 3317; x_wconf 87' lang='lat' dir='ltr'><strong>pendulum,</strong></span> 
     </span>
    </p>
   </div>
   <div class='ocr_carea' id='block_1_93' title="bbox 1831 3336 3390 3410">
    <p class='ocr_par' dir='ltr' id='par_1_93' title="bbox 1831 3336 3390 3410">
     <span class='ocr_line' id='line_1_93' title="bbox 1831 3336 3390 3410; baseline 0.001 -21"><span class='ocrx_word' id='word_1_682' title='bbox 1831 3347 1887 3389; x_wconf 93' lang='lat' dir='ltr'><strong>ut</strong></span> <span class='ocrx_word' id='word_1_683' title='bbox 1918 3337 2162 3404; x_wconf 88' lang='lat' dir='ltr'><strong>quamvis</strong></span> <span class='ocrx_word' id='word_1_684' title='bbox 2194 3336 2262 3389; x_wconf 91' lang='lat' dir='ltr'><strong>sit</strong></span> <span class='ocrx_word' id='word_1_685' title='bbox 2299 3336 2607 3406; x_wconf 83' lang='lat' dir='ltr'><strong>Cappadox,</strong></span> <span class='ocrx_word' id='word_1_686' title='bbox 2652 3336 3041 3406; x_wconf 86' lang='lat' dir='ltr'><strong>Cappadociam</strong></span> <span class='ocrx_word' id='word_1_687' title='bbox 3092 3337 3276 3410; x_wconf 84' lang='lat' dir='ltr'><strong>fugiat.</strong></span> <span class='ocrx_word' id='word_1_688' title='bbox 3313 3339 3390 3392; x_wconf 77' lang='lat' dir='ltr'><strong>Ex</strong></span> 
     </span>
    </p>
   </div>
   <div class='ocr_carea' id='block_1_94' title="bbox 1830 3428 3387 3498">
    <p class='ocr_par' dir='ltr' id='par_1_94' title="bbox 1830 3428 3387 3498">
     <span class='ocr_line' id='line_1_94' title="bbox 1830 3428 3387 3498; baseline 0.004 -19"><span class='ocrx_word' id='word_1_689' title='bbox 1830 3430 2022 3498; x_wconf 88' lang='lat' dir='ltr'><strong>quibus</strong></span> <span class='ocrx_word' id='word_1_690' title='bbox 2053 3429 2232 3484; x_wconf 86' lang='lat' dir='ltr'><strong>verbis</strong></span> <span class='ocrx_word' id='word_1_691' title='bbox 2269 3429 2463 3498; x_wconf 89' lang='lat' dir='ltr'><strong>colligo</strong></span> <span class='ocrx_word' id='word_1_692' title='bbox 2500 3428 2756 3482; x_wconf 89' lang='lat' dir='ltr'><strong>Basilinm</strong></span> <span class='ocrx_word' id='word_1_693' title='bbox 2795 3429 3026 3482; x_wconf 87' lang='lat' dir='ltr'><strong>nondum</strong></span> <span class='ocrx_word' id='word_1_694' title='bbox 3061 3430 3387 3495; x_wconf 88' lang='lat' dir='ltr'><strong>secessisse,</strong></span> 
     </span>
    </p>
   </div>
   <div class='ocr_carea' id='block_1_95' title="bbox 1829 3518 3389 3590">
    <p class='ocr_par' dir='ltr' id='par_1_95' title="bbox 1829 3518 3389 3590">
     <span class='ocr_line' id='line_1_95' title="bbox 1829 3518 3389 3590; baseline 0.001 -17"><span class='ocrx_word' id='word_1_695' title='bbox 1829 3535 1947 3573; x_wconf 82' lang='lat' dir='ltr'><strong>cum</strong></span> <span class='ocrx_word' id='word_1_696' title='bbox 1987 3522 2097 3573; x_wconf 76' lang='lat' dir='ltr'><strong>hazc</strong></span> <span class='ocrx_word' id='word_1_697' title='bbox 2137 3519 2396 3574; x_wconf 88' lang='lat' dir='ltr'><strong>scriberet</strong></span> <span class='ocrx_word' id='word_1_698' title='bbox 2442 3518 2755 3590; x_wconf 84' lang='lat' dir='ltr'><strong>Gregorius.</strong></span> <span class='ocrx_word' id='word_1_699' title='bbox 2802 3519 2893 3573; x_wconf 88' lang='lat' dir='ltr'><strong>sed</strong></span> <span class='ocrx_word' id='word_1_700' title='bbox 2932 3528 3109 3573; x_wconf 90' lang='lat' dir='ltr'><strong>tamen</strong></span> <span class='ocrx_word' id='word_1_701' title='bbox 3136 3520 3243 3587; x_wconf 84' lang='lat' dir='ltr'><strong>jam</strong></span> <span class='ocrx_word' id='word_1_702' title='bbox 3280 3530 3389 3574; x_wconf 78' lang='lat' dir='ltr'><strong>Sta-</strong></span> 
     </span>
    </p>
   </div>
   <div class='ocr_carea' id='block_1_96' title="bbox 1833 3610 3379 3682">
    <p class='ocr_par' dir='ltr' id='par_1_96' title="bbox 1833 3610 3379 3682">
     <span class='ocr_line' id='line_1_96' title="bbox 1833 3610 3379 3682; baseline 0.003 -19"><span class='ocrx_word' id='word_1_703' title='bbox 1833 3612 1995 3665; x_wconf 90' lang='lat' dir='ltr'><strong>tnisse</strong></span> <span class='ocrx_word' id='word_1_704' title='bbox 2028 3611 2416 3681; x_wconf 89' lang='lat' dir='ltr'><strong>Cappadociam</strong></span> <span class='ocrx_word' id='word_1_705' title='bbox 2460 3610 2642 3682; x_wconf 87' lang='lat' dir='ltr'><strong>fugere</strong></span> <span class='ocrx_word' id='word_1_706' title='bbox 2671 3620 2725 3666; x_wconf 90' lang='lat' dir='ltr'><strong>et</strong></span> <span class='ocrx_word' id='word_1_707' title='bbox 2772 3612 2823 3664; x_wconf 90' lang='lat' dir='ltr'><strong>in</strong></span> <span class='ocrx_word' id='word_1_708' title='bbox 2862 3611 3089 3665; x_wconf 89' lang='lat' dir='ltr'><strong>Pontum</strong></span> <span class='ocrx_word' id='word_1_709' title='bbox 3132 3626 3190 3668; x_wconf 87' lang='lat' dir='ltr'><strong>se</strong></span> <span class='ocrx_word' id='word_1_710' title='bbox 3240 3612 3379 3667; x_wconf 89' lang='lat' dir='ltr'><strong>reci-</strong></span> 
     </span>
    </p>
   </div>
   <div class='ocr_carea' id='block_1_97' title="bbox 1831 3719 1973 3772">
    <p class='ocr_par' dir='ltr' id='par_1_97' title="bbox 1831 3719 1973 3772">
     <span class='ocr_line' id='line_1_97' title="bbox 1831 3719 1973 3772; baseline -0.007 -17"><span class='ocrx_word' id='word_1_711' title='bbox 1831 3719 1973 3772; x_wconf 89' lang='lat' dir='ltr'><strong>pere.</strong></span> 
     </span>
    </p>
   </div>
   <div class='ocr_carea' id='block_1_98' title="bbox 1900 3793 3385 3864">
    <p class='ocr_par' dir='ltr' id='par_1_98' title="bbox 1900 3793 3385 3864">
     <span class='ocr_line' id='line_1_98' title="bbox 1900 3793 3385 3864; baseline -0.001 -17"><span class='ocrx_word' id='word_1_712' title='bbox 1900 3794 2129 3847; x_wconf 82' lang='lat' dir='ltr'><strong>Basilius</strong></span> <span class='ocrx_word' id='word_1_713' title='bbox 2171 3793 2419 3848; x_wconf 91' lang='lat' dir='ltr'><strong>omnibus</strong></span> <span class='ocrx_word' id='word_1_714' title='bbox 2462 3795 2625 3848; x_wconf 90' lang='lat' dir='ltr'><strong>rebus</strong></span> <span class='ocrx_word' id='word_1_715' title='bbox 2672 3793 2744 3847; x_wconf 90' lang='lat' dir='ltr'><strong>ita</strong></span> <span class='ocrx_word' id='word_1_716' title='bbox 2791 3808 2909 3847; x_wconf 86' lang='lat' dir='ltr'><strong>sese</strong></span> <span class='ocrx_word' id='word_1_717' title='bbox 2955 3793 3246 3847; x_wconf 90' lang='lat' dir='ltr'><strong>nudaverat</strong></span> <span class='ocrx_word' id='word_1_718' title='bbox 3297 3793 3385 3864; x_wconf 78' lang='grc' dir='ltr'><strong>(ἰ),</strong></span> 
     </span>
    </p>
   </div>
   <div class='ocr_carea' id='block_1_99' title="bbox 1832 3885 3386 3955">
    <p class='ocr_par' dir='ltr' id='par_1_99' title="bbox 1832 3885 3386 3955">
     <span class='ocr_line' id='line_1_99' title="bbox 1832 3885 3386 3955; baseline 0 -18"><span class='ocrx_word' id='word_1_719' title='bbox 1832 3894 1891 3937; x_wconf 89' lang='lat' dir='ltr'><strong>ut</strong></span> <span class='ocrx_word' id='word_1_720' title='bbox 1923 3885 2051 3938; x_wconf 87' lang='lat' dir='ltr'><strong>nihil</strong></span> <span class='ocrx_word' id='word_1_721' title='bbox 2083 3885 2303 3939; x_wconf 87' lang='lat' dir='ltr'><strong>haberet</strong></span> <span class='ocrx_word' id='word_1_722' title='bbox 2334 3891 2526 3955; x_wconf 71' lang='lat' dir='ltr'><strong>praeter</strong></span> <span class='ocrx_word' id='word_1_723' title='bbox 2555 3901 2747 3953; x_wconf 89' lang='lat' dir='ltr'><strong>corpus</strong></span> <span class='ocrx_word' id='word_1_724' title='bbox 2779 3893 2831 3937; x_wconf 89' lang='lat' dir='ltr'><strong>et</strong></span> <span class='ocrx_word' id='word_1_725' title='bbox 2864 3885 3163 3938; x_wconf 89' lang='lat' dir='ltr'><strong>necessaria</strong></span> <span class='ocrx_word' id='word_1_726' title='bbox 3196 3899 3386 3951; x_wconf 81' lang='lat' dir='ltr'><strong>corpo-</strong></span> 
     </span>
    </p>
   </div>
   <div class='ocr_carea' id='block_1_100' title="bbox 1829 3974 3384 4045">
    <p class='ocr_par' dir='ltr' id='par_1_100' title="bbox 1829 3974 3384 4045">
     <span class='ocr_line' id='line_1_100' title="bbox 1829 3974 3384 4045; baseline -0.003 -16"><span class='ocrx_word' id='word_1_727' title='bbox 1829 3976 1902 4029; x_wconf 88' lang='lat' dir='ltr'><strong>ris</strong></span> <span class='ocrx_word' id='word_1_728' title='bbox 1925 3976 2312 4045; x_wconf 83' lang='lat' dir='ltr'><strong>intcgntuenta.</strong></span> <span class='ocrx_word' id='word_1_729' title='bbox 2340 3974 2529 4029; x_wconf 88' lang='lat' dir='ltr'><strong>Cilicio</strong></span> <span class='ocrx_word' id='word_1_730' title='bbox 2553 3989 2746 4043; x_wconf 89' lang='lat' dir='ltr'><strong>corpus</strong></span> <span class='ocrx_word' id='word_1_731' title='bbox 2770 3976 2980 4042; x_wconf 84' lang='lat' dir='ltr'><strong>tegebat</strong></span> <span class='ocrx_word' id='word_1_732' title='bbox 2998 3974 3084 4044; x_wconf 87' lang='lat' dir='ltr'><strong>(j),</strong></span> <span class='ocrx_word' id='word_1_733' title='bbox 3110 3974 3199 4027; x_wconf 89' lang='lat' dir='ltr'><strong>sed</strong></span> <span class='ocrx_word' id='word_1_734' title='bbox 3228 3983 3384 4027; x_wconf 90' lang='lat' dir='ltr'><strong>noctu</strong></span> 
     </span>
    </p>
   </div>
   <div class='ocr_carea' id='block_1_101' title="bbox 1831 4065 3383 4131">
    <p class='ocr_par' dir='ltr' id='par_1_101' title="bbox 1831 4065 3383 4131">
     <span class='ocr_line' id='line_1_101' title="bbox 1831 4065 3383 4131; baseline -0.001 -12"><span class='ocrx_word' id='word_1_735' title='bbox 1831 4075 2057 4131; x_wconf 89' lang='lat' dir='ltr'><strong>tantum,</strong></span> <span class='ocrx_word' id='word_1_736' title='bbox 2109 4077 2167 4119; x_wconf 92' lang='lat' dir='ltr'><strong>ut</strong></span> <span class='ocrx_word' id='word_1_737' title='bbox 2202 4067 2387 4121; x_wconf 89' lang='lat' dir='ltr'><strong>oculos</strong></span> <span class='ocrx_word' id='word_1_738' title='bbox 2441 4066 2715 4120; x_wconf 88' lang='lat' dir='ltr'><strong>hominum</strong></span> <span class='ocrx_word' id='word_1_739' title='bbox 2765 4067 2977 4119; x_wconf 89' lang='lat' dir='ltr'><strong>vitaret.</strong></span> <span class='ocrx_word' id='word_1_740' title='bbox 3023 4065 3190 4120; x_wconf 88' lang='lat' dir='ltr'><strong>Nemo</strong></span> <span class='ocrx_word' id='word_1_741' title='bbox 3241 4075 3383 4119; x_wconf 87' lang='lat' dir='ltr'><strong>tanta</strong></span> 
     </span>
    </p>
   </div>
   <div class='ocr_carea' id='block_1_102' title="bbox 1829 4155 3385 4224">
    <p class='ocr_par' dir='ltr' id='par_1_102' title="bbox 1829 4155 3385 4224">
     <span class='ocr_line' id='line_1_102' title="bbox 1829 4155 3385 4224; baseline -0.001 -14"><span class='ocrx_word' id='word_1_742' title='bbox 1829 4156 2001 4211; x_wconf 88' lang='lat' dir='ltr'><strong>inedia</strong></span> <span class='ocrx_word' id='word_1_743' title='bbox 2036 4158 2263 4211; x_wconf 81' lang='lat' dir='ltr'><strong>exstitit.</strong></span> <span class='ocrx_word' id='word_1_744' title='bbox 2299 4158 2429 4210; x_wconf 84' lang='lat' dir='ltr'><strong>Erat</strong></span> <span class='ocrx_word' id='word_1_745' title='bbox 2456 4157 2557 4221; x_wconf 83' lang='lat' dir='ltr'><strong>illi,</strong></span> <span class='ocrx_word' id='word_1_746' title='bbox 2585 4156 2756 4224; x_wconf 91' lang='lat' dir='ltr'><strong>inquit</strong></span> <span class='ocrx_word' id='word_1_747' title='bbox 2781 4155 3177 4219; x_wconf 83' lang='lat' dir='ltr'><strong>Nazianzenus,</strong></span> <span class='ocrx_word' id='word_1_748' title='bbox 3210 4158 3385 4210; x_wconf 86' lang='lat' dir='ltr'><strong>tunica</strong></span> 
     </span>
    </p>
   </div>
   <div class='ocr_carea' id='block_1_103' title="bbox 1828 4245 3387 4316">
    <p class='ocr_par' dir='ltr' id='par_1_103' title="bbox 1828 4245 3387 4316">
     <span class='ocr_line' id='line_1_103' title="bbox 1828 4245 3387 4316; baseline -0.002 -14"><span class='ocrx_word' id='word_1_749' title='bbox 1828 4266 1953 4311; x_wconf 88' lang='lat' dir='ltr'><strong>una,</strong></span> <span class='ocrx_word' id='word_1_750' title='bbox 1999 4258 2047 4301; x_wconf 84' lang='lat' dir='ltr'><strong>et</strong></span> <span class='ocrx_word' id='word_1_751' title='bbox 2081 4247 2299 4316; x_wconf 80' lang='lat' dir='ltr'><strong>pallium</strong></span> <span class='ocrx_word' id='word_1_752' title='bbox 2338 4263 2518 4310; x_wconf 85' lang='lat' dir='ltr'><strong>unum,</strong></span> <span class='ocrx_word' id='word_1_753' title='bbox 2564 4256 2609 4299; x_wconf 86' lang='lat' dir='ltr'><strong>et</strong></span> <span class='ocrx_word' id='word_1_754' title='bbox 2652 4257 2848 4299; x_wconf 88' lang='lat' dir='ltr'><strong>stratus</strong></span> <span class='ocrx_word' id='word_1_755' title='bbox 2897 4245 3041 4298; x_wconf 83' lang='lat' dir='ltr'><strong>hami</strong></span> <span class='ocrx_word' id='word_1_756' title='bbox 3086 4246 3303 4299; x_wconf 75' lang='lat' dir='ltr'><strong>lectulus</strong></span> <span class='ocrx_word' id='word_1_757' title='bbox 3339 4255 3387 4299; x_wconf 89' lang='lat' dir='ltr'><strong>et</strong></span> 
     </span>
    </p>
   </div>
   <div class='ocr_carea' id='block_1_104' title="bbox 1828 4336 3387 4407">
    <p class='ocr_par' dir='ltr' id='par_1_104' title="bbox 1828 4336 3387 4407">
     <span class='ocr_line' id='line_1_104' title="bbox 1828 4336 3387 4407; baseline -0.004 -14"><span class='ocrx_word' id='word_1_758' title='bbox 1828 4340 2050 4403; x_wconf 79' lang='lat' dir='ltr'><strong>illuvies,</strong></span> <span class='ocrx_word' id='word_1_759' title='bbox 2082 4350 2127 4393; x_wconf 88' lang='lat' dir='ltr'><strong>et</strong></span> <span class='ocrx_word' id='word_1_760' title='bbox 2169 4339 2361 4407; x_wconf 68' lang='lat' dir='ltr'><strong>uigilia:</strong></span> <span class='ocrx_word' id='word_1_761' title='bbox 2391 4338 2520 4406; x_wconf 89' lang='lat' dir='ltr'><strong>(illa</strong></span> <span class='ocrx_word' id='word_1_762' title='bbox 2543 4337 2656 4405; x_wconf 82' lang='lat' dir='ltr'><strong>ejus</strong></span> <span class='ocrx_word' id='word_1_763' title='bbox 2680 4338 2865 4389; x_wconf 83' lang='lat' dir='ltr'><strong>decora</strong></span> <span class='ocrx_word' id='word_1_764' title='bbox 2895 4347 2945 4389; x_wconf 86' lang='lat' dir='ltr'><strong>et</strong></span> <span class='ocrx_word' id='word_1_765' title='bbox 2975 4336 3310 4405; x_wconf 74' lang='lat' dir='ltr'><strong>ornamenta)</strong></span> <span class='ocrx_word' id='word_1_766' title='bbox 3339 4346 3387 4388; x_wconf 84' lang='lat' dir='ltr'><strong>et</strong></span> 
     </span>
    </p>
   </div>
   <div class='ocr_carea' id='block_1_105' title="bbox 1830 4424 3384 4493">
    <p class='ocr_par' dir='ltr' id='par_1_105' title="bbox 1830 4424 3384 4493">
     <span class='ocr_line' id='line_1_105' title="bbox 1830 4424 3384 4493; baseline -0.005 -11"><span class='ocrx_word' id='word_1_767' title='bbox 1830 4430 2137 4482; x_wconf 85' lang='lat' dir='ltr'><strong>suavissima</strong></span> <span class='ocrx_word' id='word_1_768' title='bbox 2176 4444 2315 4481; x_wconf 67' lang='lat' dir='ltr'><strong>caena</strong></span> <span class='ocrx_word' id='word_1_769' title='bbox 2347 4440 2391 4479; x_wconf 88' lang='lat' dir='ltr'><strong>et</strong></span> <span class='ocrx_word' id='word_1_770' title='bbox 2440 4426 2730 4488; x_wconf 85' lang='lat' dir='ltr'><strong>obsonium,</strong></span> <span class='ocrx_word' id='word_1_771' title='bbox 2771 4426 2921 4493; x_wconf 85' lang='lat' dir='ltr'><strong>panis</strong></span> <span class='ocrx_word' id='word_1_772' title='bbox 2960 4433 3008 4478; x_wconf 85' lang='lat' dir='ltr'><strong>et</strong></span> <span class='ocrx_word' id='word_1_773' title='bbox 3043 4424 3145 4488; x_wconf 84' lang='lat' dir='ltr'><strong>sal,</strong></span> <span class='ocrx_word' id='word_1_774' title='bbox 3175 4441 3384 4491; x_wconf 83' lang='lat' dir='ltr'><strong>novum,</strong></span> 
     </span>
    </p>
   </div>
   <div class='ocr_carea' id='block_1_106' title="bbox 1830 4509 3390 4581">
    <p class='ocr_par' dir='ltr' id='par_1_106' title="bbox 1830 4509 3390 4581">
     <span class='ocr_line' id='line_1_106' title="bbox 1830 4509 3390 4581; baseline -0.004 -14"><span class='ocrx_word' id='word_1_775' title='bbox 1830 4516 2063 4581; x_wconf 86' lang='lat' dir='ltr'><strong>inquam,</strong></span> <span class='ocrx_word' id='word_1_776' title='bbox 2093 4514 2224 4566; x_wconf 84' lang='lat' dir='ltr'><strong>illud</strong></span> <span class='ocrx_word' id='word_1_777' title='bbox 2264 4512 2663 4574; x_wconf 78' lang='lat' dir='ltr'><strong>condimentum,</strong></span> <span class='ocrx_word' id='word_1_778' title='bbox 2696 4518 2742 4561; x_wconf 87' lang='lat' dir='ltr'><strong>et</strong></span> <span class='ocrx_word' id='word_1_779' title='bbox 2778 4510 2917 4574; x_wconf 76' lang='lat' dir='ltr'><strong>potio</strong></span> <span class='ocrx_word' id='word_1_780' title='bbox 2943 4509 3113 4563; x_wconf 84' lang='lat' dir='ltr'><strong>sobria</strong></span> <span class='ocrx_word' id='word_1_781' title='bbox 3149 4518 3197 4563; x_wconf 86' lang='lat' dir='ltr'><strong>et</strong></span> <span class='ocrx_word' id='word_1_782' title='bbox 3238 4511 3390 4562; x_wconf 87' lang='lat' dir='ltr'><strong>uber-</strong></span> 
     </span>
    </p>
   </div>
   <div class='ocr_carea' id='block_1_107' title="bbox 1832 4600 3387 4674">
    <p class='ocr_par' dir='ltr' id='par_1_107' title="bbox 1832 4600 3387 4674">
     <span class='ocr_line' id='line_1_107' title="bbox 1832 4600 3387 4674; baseline -0.003 -17"><span class='ocrx_word' id='word_1_783' title='bbox 1832 4607 1991 4671; x_wconf 87' lang='lat' dir='ltr'><strong>rima,</strong></span> <span class='ocrx_word' id='word_1_784' title='bbox 2037 4620 2192 4674; x_wconf 87' lang='lat' dir='ltr'><strong>quam</strong></span> <span class='ocrx_word' id='word_1_785' title='bbox 2223 4604 2366 4655; x_wconf 83' lang='lat' dir='ltr'><strong>nobis</strong></span> <span class='ocrx_word' id='word_1_786' title='bbox 2418 4602 2547 4653; x_wconf 86' lang='lat' dir='ltr'><strong>nihil</strong></span> <span class='ocrx_word' id='word_1_787' title='bbox 2582 4601 2935 4654; x_wconf 86' lang='lat' dir='ltr'><strong>laborantibus</strong></span> <span class='ocrx_word' id='word_1_788' title='bbox 2971 4601 3136 4670; x_wconf 75' lang='lat' dir='ltr'><strong>fontes</strong></span> <span class='ocrx_word' id='word_1_789' title='bbox 3166 4600 3387 4669; x_wconf 85' lang='lat' dir='ltr'><strong>profun-</strong></span> 
     </span>
    </p>
   </div>
   <div class='ocr_carea' id='block_1_108' title="bbox 1835 4693 3388 4764">
    <p class='ocr_par' dir='ltr' id='par_1_108' title="bbox 1835 4693 3388 4764">
     <span class='ocr_line' id='line_1_108' title="bbox 1835 4693 3388 4764; baseline -0.003 -15"><span class='ocrx_word' id='word_1_790' title='bbox 1835 4697 1985 4749; x_wconf 87' lang='lat' dir='ltr'><strong>dunt.</strong></span> <span class='ocrx_word' id='word_1_791' title='bbox 2032 4694 2115 4749; x_wconf 76' lang='lat' dir='ltr'><strong>Ex</strong></span> <span class='ocrx_word' id='word_1_792' title='bbox 2165 4696 2367 4764; x_wconf 84' lang='lat' dir='ltr'><strong>quibus,</strong></span> <span class='ocrx_word' id='word_1_793' title='bbox 2414 4695 2517 4747; x_wconf 88' lang='lat' dir='ltr'><strong>imo</strong></span> <span class='ocrx_word' id='word_1_794' title='bbox 2569 4710 2684 4745; x_wconf 83' lang='lat' dir='ltr'><strong>cum</strong></span> <span class='ocrx_word' id='word_1_795' title='bbox 2719 4693 2927 4761; x_wconf 86' lang='lat' dir='ltr'><strong>quibus,</strong></span> <span class='ocrx_word' id='word_1_796' title='bbox 2959 4693 3125 4746; x_wconf 88' lang='lat' dir='ltr'><strong>morbi</strong></span> <span class='ocrx_word' id='word_1_797' title='bbox 3157 4709 3218 4745; x_wconf 87' lang='lat' dir='ltr'><strong>ac</strong></span> <span class='ocrx_word' id='word_1_798' title='bbox 3247 4708 3388 4745; x_wconf 58' lang='lat' dir='ltr'><strong>more</strong></span> 
     </span>
    </p>
   </div>
   <div class='ocr_carea' id='block_1_109' title="bbox 1836 4783 3390 4852">
    <p class='ocr_par' dir='ltr' id='par_1_109' title="bbox 1836 4783 3390 4852">
     <span class='ocr_line' id='line_1_109' title="bbox 1836 4783 3390 4852; baseline -0.004 -14"><span class='ocrx_word' id='word_1_799' title='bbox 1836 4786 2015 4839; x_wconf 82' lang='lat' dir='ltr'><strong>borum</strong></span> <span class='ocrx_word' id='word_1_800' title='bbox 2078 4785 2372 4839; x_wconf 81' lang='lat' dir='ltr'><strong>curationes</strong></span> <span class='ocrx_word' id='word_1_801' title='bbox 2425 4793 2807 4852; x_wconf 79' lang='lat' dir='ltr'><strong>promauarunt</strong></span> <span class='ocrx_word' id='word_1_802' title='bbox 2862 4796 2880 4833; x_wconf 91' lang='lat'><strong><em>:</em></strong></span> <span class='ocrx_word' id='word_1_803' title='bbox 2938 4783 3074 4851; x_wconf 81' lang='lat' dir='ltr'><strong>quod</strong></span> <span class='ocrx_word' id='word_1_804' title='bbox 3124 4796 3390 4834; x_wconf 84' lang='lat' dir='ltr'><strong>commune</strong></span> 
     </span>
    </p>
   </div>
   <div class='ocr_carea' id='block_1_110' title="bbox 1845 4872 2788 4945">
    <p class='ocr_par' dir='ltr' id='par_1_110' title="bbox 1845 4872 2788 4945">
     <span class='ocr_line' id='line_1_110' title="bbox 1845 4872 2788 4945; baseline -0.003 -15"><span class='ocrx_word' id='word_1_805' title='bbox 1845 4879 2110 4945; x_wconf 84' lang='lat' dir='ltr'><strong>utriusque</strong></span> <span class='ocrx_word' id='word_1_806' title='bbox 2145 4888 2373 4929; x_wconf 85' lang='lat' dir='ltr'><strong>nostrum</strong></span> <span class='ocrx_word' id='word_1_807' title='bbox 2408 4875 2637 4928; x_wconf 84' lang='lat' dir='ltr'><strong>studium</strong></span> <span class='ocrx_word' id='word_1_808' title='bbox 2671 4872 2788 4942; x_wconf 79' lang='lat' dir='ltr'><strong>fuit.</strong></span> 
     </span>
    </p>
   </div>
   <div class='ocr_carea' id='block_1_111' title="bbox 1902 4961 3387 5035">
    <p class='ocr_par' dir='ltr' id='par_1_111' title="bbox 1902 4961 3387 5035">
     <span class='ocr_line' id='line_1_111' title="bbox 1902 4961 3387 5035; baseline -0.005 -14"><span class='ocrx_word' id='word_1_809' title='bbox 1902 4968 2148 5021; x_wconf 84' lang='lat' dir='ltr'><strong>Testatur</strong></span> <span class='ocrx_word' id='word_1_810' title='bbox 2179 4967 2338 5021; x_wconf 89' lang='lat' dir='ltr'><strong>etiam</strong></span> <span class='ocrx_word' id='word_1_811' title='bbox 2364 4964 2637 5035; x_wconf 84' lang='lat' dir='ltr'><strong>Nysseuus</strong></span> <span class='ocrx_word' id='word_1_812' title='bbox 2685 4963 2933 5018; x_wconf 90' lang='lat' dir='ltr'><strong>Basilinm</strong></span> <span class='ocrx_word' id='word_1_813' title='bbox 2974 4962 3044 5031; x_wconf 86' lang='lat' dir='ltr'><strong>(k)</strong></span> <span class='ocrx_word' id='word_1_814' title='bbox 3088 4961 3387 5031; x_wconf 88' lang='lat' dir='ltr'><strong>parcissimi</strong></span> 
     </span>
    </p>
   </div>
   <div class='ocr_carea' id='block_1_112' title="bbox 1832 5055 3387 5123">
    <p class='ocr_par' dir='ltr' id='par_1_112' title="bbox 1832 5055 3387 5123">
     <span class='ocr_line' id='line_1_112' title="bbox 1832 5055 3387 5123; baseline -0.008 -7"><span class='ocrx_word' id='word_1_815' title='bbox 1832 5062 1935 5116; x_wconf 91' lang='lat' dir='ltr'><strong>cibi</strong></span> <span class='ocrx_word' id='word_1_816' title='bbox 1973 5061 2165 5122; x_wconf 87' lang='lat' dir='ltr'><strong>fuisse,</strong></span> <span class='ocrx_word' id='word_1_817' title='bbox 2197 5068 2249 5111; x_wconf 91' lang='lat' dir='ltr'><strong>et</strong></span> <span class='ocrx_word' id='word_1_818' title='bbox 2280 5073 2404 5110; x_wconf 87' lang='lat' dir='ltr'><strong>cum</strong></span> <span class='ocrx_word' id='word_1_819' title='bbox 2435 5070 2596 5109; x_wconf 86' lang='lat' dir='ltr'><strong>carne</strong></span> <span class='ocrx_word' id='word_1_820' title='bbox 2623 5071 2717 5109; x_wconf 89' lang='lat' dir='ltr'><strong>sua</strong></span> <span class='ocrx_word' id='word_1_821' title='bbox 2753 5070 2856 5108; x_wconf 89' lang='lat' dir='ltr'><strong>non</strong></span> <span class='ocrx_word' id='word_1_822' title='bbox 2886 5055 3061 5117; x_wconf 89' lang='lat' dir='ltr'><strong>aliter,</strong></span> <span class='ocrx_word' id='word_1_823' title='bbox 3084 5068 3242 5123; x_wconf 90' lang='lat' dir='ltr'><strong>quam</strong></span> <span class='ocrx_word' id='word_1_824' title='bbox 3267 5068 3387 5106; x_wconf 90' lang='lat' dir='ltr'><strong>cum</strong></span> 
     </span>
    </p>
   </div>
   <div class='ocr_carea' id='block_1_113' title="bbox 1834 5142 3387 5219">
    <p class='ocr_par' dir='ltr' id='par_1_113' title="bbox 1834 5142 3387 5219">
     <span class='ocr_line' id='line_1_113' title="bbox 1834 5142 3387 5219; baseline -0.006 -12"><span class='ocrx_word' id='word_1_825' title='bbox 1834 5166 1989 5207; x_wconf 88' lang='lat' dir='ltr'><strong>servo</strong></span> <span class='ocrx_word' id='word_1_826' title='bbox 2014 5150 2237 5219; x_wconf 88' lang='lat' dir='ltr'><strong>fugitivo</strong></span> <span class='ocrx_word' id='word_1_827' title='bbox 2259 5147 2641 5202; x_wconf 84' lang='lat' dir='ltr'><strong>inexorabilem</strong></span> <span class='ocrx_word' id='word_1_828' title='bbox 2662 5147 2935 5201; x_wconf 89' lang='lat' dir='ltr'><strong>dominum</strong></span> <span class='ocrx_word' id='word_1_829' title='bbox 2960 5146 3153 5215; x_wconf 87' lang='lat' dir='ltr'><strong>egisse.</strong></span> <span class='ocrx_word' id='word_1_830' title='bbox 3178 5142 3387 5209; x_wconf 85' lang='lat' dir='ltr'><strong>Quanto</strong></span> 
     </span>
    </p>
   </div>
   <div class='ocr_carea' id='block_1_114' title="bbox 1837 5237 3388 5310">
    <p class='ocr_par' dir='ltr' id='par_1_114' title="bbox 1837 5237 3388 5310">
     <span class='ocr_line' id='line_1_114' title="bbox 1837 5237 3388 5310; baseline -0.006 -11"><span class='ocrx_word' id='word_1_831' title='bbox 1837 5245 2141 5299; x_wconf 84' lang='lat' dir='ltr'><strong>sanctitatis</strong></span> <span class='ocrx_word' id='word_1_832' title='bbox 2169 5241 2219 5295; x_wconf 93' lang='lat' dir='ltr'><strong>in</strong></span> <span class='ocrx_word' id='word_1_833' title='bbox 2251 5241 2428 5294; x_wconf 90' lang='lat' dir='ltr'><strong>anima</strong></span> <span class='ocrx_word' id='word_1_834' title='bbox 2465 5252 2512 5295; x_wconf 90' lang='lat' dir='ltr'><strong>et</strong></span> <span class='ocrx_word' id='word_1_835' title='bbox 2546 5254 2769 5310; x_wconf 89' lang='lat' dir='ltr'><strong>corpore</strong></span> <span class='ocrx_word' id='word_1_836' title='bbox 2798 5239 3075 5301; x_wconf 69' lang='lat' dir='ltr'><strong>servandae</strong></span> <span class='ocrx_word' id='word_1_837' title='bbox 3109 5237 3286 5291; x_wconf 88' lang='lat' dir='ltr'><strong>studio</strong></span> <span class='ocrx_word' id='word_1_838' title='bbox 3310 5244 3388 5289; x_wconf 84' lang='lat' dir='ltr'><strong>te-</strong></span> 
     </span>
    </p>
   </div>
   <div class='ocr_carea' id='block_1_115' title="bbox 1923 5362 2335 5435">
    <p class='ocr_par' dir='ltr' id='par_1_115' title="bbox 1923 5362 2335 5435">
     <span class='ocr_line' id='line_1_115' title="bbox 1923 5362 2335 5435; baseline -0.015 -16"><span class='ocrx_word' id='word_1_839' title='bbox 1923 5365 1970 5435; x_wconf 88' lang='lat' dir='ltr'><strong>g)</strong></span> <span class='ocrx_word' id='word_1_840' title='bbox 2009 5365 2141 5419; x_wconf 80' lang='lat' dir='ltr'><strong>Naz.</strong></span> <span class='ocrx_word' id='word_1_841' title='bbox 2167 5379 2251 5432; x_wconf 90' lang='lat' dir='ltr'><strong>ep.</strong></span> <span class='ocrx_word' id='word_1_842' title='bbox 2283 5362 2335 5414; x_wconf 86' lang='lat'><strong>5.</strong></span> 
     </span>
    </p>
   </div>
   <div class='ocr_carea' id='block_1_116' title="bbox 1923 5436 2195 5503">
    <p class='ocr_par' dir='ltr' id='par_1_116' title="bbox 1923 5436 2195 5503">
     <span class='ocr_line' id='line_1_116' title="bbox 1923 5436 2195 5503; baseline -0.007 -14"><span class='ocrx_word' id='word_1_843' title='bbox 1923 5439 1975 5502; x_wconf 65' lang='lat' dir='ltr'><strong>In</strong></span> <span class='ocrx_word' id='word_1_844' title='bbox 2016 5438 2111 5503; x_wconf 74' lang='lat' dir='ltr'><strong>Ep.</strong></span> <span class='ocrx_word' id='word_1_845' title='bbox 2144 5436 2195 5488; x_wconf 88' lang='lat'><strong>6.</strong></span> 
     </span>
    </p>
   </div>
   <div class='ocr_carea' id='block_1_117' title="bbox 1923 5502 2371 5574">
    <p class='ocr_par' dir='ltr' id='par_1_117' title="bbox 1923 5502 2371 5574">
     <span class='ocr_line' id='line_1_117' title="bbox 1923 5502 2371 5574; baseline -0.009 -18"><span class='ocrx_word' id='word_1_846' title='bbox 1923 5508 1958 5574; x_wconf 86' lang='lat' dir='ltr'><strong>l)</strong></span> <span class='ocrx_word' id='word_1_847' title='bbox 2014 5502 2138 5557; x_wconf 70' lang='lat' dir='ltr'><strong>Naz.</strong></span> <span class='ocrx_word' id='word_1_848' title='bbox 2172 5518 2253 5557; x_wconf 95' lang='lat' dir='ltr'><strong>or.</strong></span> <span class='ocrx_word' id='word_1_849' title='bbox 2283 5502 2371 5555; x_wconf 70' lang='lat'><strong>20.</strong></span> 
     </span>
    </p>
   </div>
   <div class='ocr_carea' id='block_1_118' title="bbox 1901 5576 2131 5646">
    <p class='ocr_par' dir='ltr' id='par_1_118' title="bbox 1901 5576 2131 5646">
     <span class='ocr_line' id='line_1_118' title="bbox 1901 5576 2131 5646; baseline 0 0"><span class='ocrx_word' id='word_1_850' title='bbox 1901 5577 1966 5646; x_wconf 64' lang='grc' dir='ltr'><strong>(λ)</strong></span> <span class='ocrx_word' id='word_1_851' title='bbox 2003 5576 2131 5646; x_wconf 71' lang='grc' dir='ltr'><strong>ιιιίιιε</strong></span> 
     </span>
    </p>
   </div>
   <div class='ocr_carea' id='block_1_119' title="bbox 1898 5640 2653 5717">
    <p class='ocr_par' dir='ltr' id='par_1_119' title="bbox 1898 5640 2653 5717">
     <span class='ocr_line' id='line_1_119' title="bbox 1898 5640 2653 5717; baseline -0.008 -19"><span class='ocrx_word' id='word_1_852' title='bbox 2017 5645 2080 5698; x_wconf 82' lang='lat' dir='ltr'><strong>In</strong></span> <span class='ocrx_word' id='word_1_853' title='bbox 2108 5643 2273 5697; x_wconf 82' lang='lat' dir='ltr'><strong>Busil.</strong></span> <span class='ocrx_word' id='word_1_854' title='bbox 2308 5659 2355 5712; x_wconf 79' lang='grc' dir='ltr'><strong>ι).</strong></span> <span class='ocrx_word' id='word_1_855' title='bbox 2384 5642 2501 5707; x_wconf 65' lang='grc'><strong>490,</strong></span> <span class='ocrx_word' id='word_1_856' title='bbox 2534 5640 2653 5695; x_wconf 66' lang='grc'><strong>496.</strong></span> 
     </span>
    </p>
   </div>
   <div class='ocr_carea' id='block_1_120' title="bbox 2691 5800 2779 5860">
    <p class='ocr_par' dir='ltr' id='par_1_120' title="bbox 2691 5800 2779 5860">
     <span class='ocr_line' id='line_1_120' title="bbox 2691 5800 2779 5860; baseline 0 -26"><span class='ocrx_word' id='word_1_857' title='bbox 2691 5800 2779 5860; x_wconf 42' lang='grc' dir='ltr'><strong>γρ</strong></span> 
     </span>
    </p>
   </div>
  </div>
