3992 6392
569 320 657 360 XVI

1902 298 2429 355 PROLEGOMENA.

567 430 806 484 nerctur,
834 421 1065 492 perspici
1102 428 1277 491 potest
1300 435 1363 475 ex
1413 422 1499 476 his
1522 422 1765 477 Cassiani
1796 422 1872 493 (ιι)
1898 423 2080 479 verbis
2114 440 2126 475 :
2159 425 2205 481 Α
2236 421 2370 474 cium
2409 420 2657 475 ducebam
2689 434 2876 474 eorum
2907 418 3154 490 qute'non
3185 418 3443 485 videntur,
3469 435 3528 472 ea
3573 434 3687 487 quw
3718 420 3803 471 vi—

569 512 761 566 Fcrtur
814 513 873 567 S.
920 512 1130 577 Basilii,
1164 512 1354 581 inquit,
1407 511 1745 566 Cwsariensis
1785 514 2009 582 episcopi
2050 514 2133 565 di—

567 603 750 650 stricta
798 598 1071 651 sententia.
1123 597 1188 650 Et
1247 598 1537 660 mulierem,
1592 599 1782 667 inquit,
1828 598 2033 667 ignoro,
2083 609 2128 651 et

569 693 709 759 virgo
742 706 843 742 non
890 705 1024 742 sum.
1078 687 1347 743 Intantum
1395 691 1645 743 intellexit
1694 690 2128 757 incorruptionem

568 783 741 833 carnis
781 797 882 834 non
934 791 1041 834 tant
1071 783 1126 835 in
1176 781 1408 835 mulieris
1438 797 1548 835 esse
1609 782 1944 846 abstinentia,
1974 797 2129 851 quam

568 872 621 923 in
662 871 955 939 integritate
986 872 1179 932 cordis,
1208 886 1323 939 qua:
1355 887 1467 924 vere
1502 872 1861 939 incorruptam
1887 879 2131 938 perpetuo

568 961 963 1015 sanctimoniam
992 963 1224 1029 corporis
1253 962 1329 1016 vel
1380 963 1564 1015 timore
1596 961 1691 1015 Dei
1725 961 1802 1016 vel
1839 976 2016 1015 amore
2046 976 2132 1014 ca-

570 1051 761 1106 stitatis
792 1053 1071 1105 custodiat.

1175 1163 1403 1220 CAPUT
1442 1164 1529 1222 IV.

570 1250 608 1305 l.
647 1249 750 1315 Qui
788 1250 1043 1304 Basilium
1084 1264 1269 1321 negant
1312 1254 1630 1321 professione
1667 1254 1970 1308 monasticae
2015 1254 2134 1308 vita:

642 1322 962 1392 obstrictum
993 1321 1180 1389 fuisse,
1226 1322 1539 1392 refelluntur
1591 1341 1654 1377 ea:
1698 1326 1860 1392 ipsius
1897 1324 2135 1377 testimo-

643 1390 765 1442 niis.
818 1390 878 1442 ll.
935 1389 1202 1444 Probatur
1246 1391 1505 1446 Basiliam
1558 1394 1689 1446 nihil
1719 1389 1826 1446 sibi
1884 1411 1949 1447 ea:
1987 1396 2135 1447 bonis

642 1461 750 1512 suis
777 1460 1030 1528 reliquum
1058 1461 1258 1529 fecisse.
1294 1463 1379 1515 ΙΙΙ.
1422 1463 1683 1531 Professio
1708 1464 1863 1517 etiam
1899 1466 2136 1517 nomina-

644 1531 817 1597 timet
849 1534 1103 1601 conceptis
1134 1532 1296 1584 verbis
1325 1549 1424 1585 non
1454 1533 1787 1601 pronuntiata
1824 1533 2008 1586 violari
2034 1551 2134 1586 non

642 1608 866 1665 poterat.
908 1598 995 1653 IV.
1045 1599 1326 1669 Gregorius
1358 1598 1582 1655 mediam
1627 1603 1763 1655 inter
1794 1602 2136 1655 anachoretas

644 1677 693 1740 e_t
750 1681 955 1722 ascetas
1002 1682 1244 1723 actuosos
1296 1672 1432 1723 viam
1481 1672 1653 1739 elegit.
1709 1672 1946 1740 Migades
1994 1672 2134 1740 apud

647 1736 954 1808 Gregorium
985 1740 1139 1792 iidem
1172 1757 1232 1793 ac
1271 1752 1461 1795 ascetw
1491 1736 1689 1794 actioni
1723 1736 1905 1794 dediti.
1934 1741 1995 1794 Υ.
2028 1736 2135 1793 Βα-

646 1810 797 1861 silius
852 1809 902 1861 in
938 1811 1267 1863 monasteriis
1297 1810 1406 1864 suis
1454 1812 1682 1863 medium
1728 1812 1864 1865 inter
1907 1812 2137 1865 anacho-

646 1888 781 1931 retas
804 1894 865 1931 ac
889 1879 1118 1949 migades
1149 1880 1349 1933 vivendi
1383 1896 1543 1948 genus
1574 1882 1805 1934 instituit

646 1970 686 2023 Ι.
706 1969 1055 2025 Doctissimus
1076 1970 1305 2039 scriptor
1323 1970 1709 2028 Thomassinus
1731 1988 1922 2027 novam
1948 1989 2130 2044 quam-

578 2062 699 2114 t'aam
738 2063 803 2116 de
831 2061 1034 2117 Basilio
1065 2072 1117 2117 et
1150 2061 1412 2132 Gregorio
1456 2061 1797 2119 Nazianzeno
1829 2065 2136 2135 opinionem

581 2153 822 2217 invenit,
851 2168 969 2223 qua:
998 2154 1135 2223 apud
1170 2158 1421 2225 antiquos
1454 2157 1692 2211 inaudita
1716 2172 1934 2225 prorsus
1958 2166 2011 2213 et
2042 2159 2139 2212 int-

582 2254 901 2308 niemorata,
936 2246 1135 2314 placuit
1168 2256 1348 2303 tamen
1382 2249 1732 2304 celeberrimo
1760 2250 1939 2304 abbati
1970 2248 2139 2320 Trap-

579 2336 754 2403 pensi.
792 2334 1043 2389 Sumntos
1074 2337 1193 2393 illos
1233 2340 1376 2394 viros
1422 2341 1619 2394 fatetur
1652 2340 2041 2396 Thomassinus
2088 2343 2138 2396 in

587 2422 931 2479 solitudinem
968 2429 1280 2490 secessisse,
1315 2430 1406 2482 sed
1450 2430 1552 2482 illis
1588 2431 1871 2484 monastici
1906 2431 2140 2485 instituti

582 2536 762 2575 veram
783 2520 1168 2590 professionem
1189 2520 1408 2575 invidet.
1431 2520 1683 2591 Negat(b)
1707 2538 1815 2575 vere
1833 2524 2141 2575 monachum

580 2628 707 2677 esse,
753 2613 851 2665 nisi
898 2614 986 2680 qtti
1032 2629 1084 2665 se
1115 2611 1183 2664 ad
1227 2620 1389 2663 totum
1436 2612 1554 2664 vita:
1594 2621 1791 2679 tempus
1824 2615 1922 2665 hac
1962 2624 2144 2666 sancta

579 2704 896 2771 professione
920 2703 1233 2771 obstringat,
1266 2719 1419 2771 seque
1462 2703 1706 2756 omnibus
1736 2705 2143 2768 possessionibus

581 2798 764 2861 spoliet
794 2814 854 2848 ac
878 2798 1055 2849 nudet.
1093 2795 1312 2849 Dillicile
1334 2795 1579 2864 proiecto
1605 2810 1707 2849 non
1735 2796 1837 2849 erit
1861 2807 2146 2865 utrumque

585 2888 648 2940 de
686 2885 887 2938 Basilio
922 2893 1109 2939 nostro
1138 2895 1404 2948 astruere,
1448 2894 1500 2939 et
1540 2886 1680 2954 quod
1723 2886 1964 2940 eruditus
2000 2886 2143 2941 Tho-

587 2978 858 3029 tnassinus
911 2976 1120 3041 statuit,
1174 2985 1230 3027 nt
1280 2990 1401 3029 enm
1452 2977 1775 3031 monachum
1822 2992 1925 3030 non
1984 2977 2148 3033 fuisse

586 3070 791 3138 probet,
830 3070 882 3123 id
940 3077 1257 3122 convertere
1299 3068 1350 3121 in
1400 3079 1771 3138 argumentum
1814 3084 1953 3124 verae
2005 3070 2148 3126 illius

587 3163 894 3215 lllOﬂBSilCtB
922 3160 1289 3231 professionis.
1330 3158 1461 3213 Nam
1504 3160 1555 3213 in
1610 3160 1691 3215 bis
1736 3176 1856 3230 qua:
1916 3163 1982 3214 ad
2013 3178 2144 3216 san-

585 3263 729 3305 etum
760 3252 1078 3320 Gregorium
1110 3250 1506 3303 Nazianzenum
1534 3260 1781 3319 spectant
1810 3268 1913 3305 non
1957 3253 2147 3307 immo-

588 3343 766 3403 rabor,
806 3343 1054 3409 quamvis
1088 3342 1319 3409 amplam
1362 3352 1597 3410 segetem
1651 3342 1795 3396 illius
1829 3358 1991 3411 opera
2019 3359 2145 3413 snp-

586 3435 825 3503 peditent
858 3453 870 3487 :
915 3434 1005 3487 sed
1047 3435 1129 3487 his
1165 3434 1381 3486 erudito
1410 3434 1576 3486 sodali
1610 3434 1749 3487 illius
1784 3450 2003 3504 operum
2038 3439 2149 3489 edi-

590 3528 785 3580 tionem
818 3525 1110 3579 elaboranti
1160 3526 1411 3589 servatis,
1446 3524 1697 3578 nonnulla
1738 3536 1944 3579 tantum
1982 3528 2147 3581 attin-

588 3635 729 3689 gain,
766 3631 883 3685 quze
911 3631 940 3669 a
973 3615 1170 3670 Basilio
1200 3626 1388 3670 nostro
1415 3616 1594 3670 divelli
1628 3630 1729 3668 non
1759 3626 2001 3684 possunt.

659 3713 910 3767 Basiliam
942 3711 1113 3779 ipsum
1146 3710 1210 3762 dc
1239 3724 1296 3763 se
1329 3710 1632 3778 loquentem
1663 3709 1967 3773 audiamus,
2001 3721 2151 3764 ante-

588 3821 747 3873 quam
776 3804 999 3855 aliorum
1034 3802 1328 3855 referamus
1352 3802 1677 3855 testimonia.
1714 3799 1805 3855 Sic
1841 3812 2149 3871 susceptum

589 3914 617 3949 a
648 3913 707 3950 se
742 3896 1051 3948 monasticae
1081 3894 1204 3945 vitae
1248 3894 1577 3961 propositum
1620 3896 1843 3961 exponit
1894 3894 1944 3947 in
1990 3896 2148 3960 epist.

532 4015 537 4019 ~
588 3988 713 4050 9.25,
744 4004 795 4039 n.
825 3986 892 4039 ἓξ
933 3984 1118 4054 Itaque
1156 4001 1272 4037 cum
1291 3985 1525 4053 legissem
1562 3984 1928 4053 Evangelium,
1957 3986 2150 4055 inquit,

591 4082 764 4148 ibique
792 4078 1161 4147 perspexissent
1209 4076 1495 4143 plurimum
1537 4076 1603 4127 ad
1644 4076 2009 4143 perfectionem
2065 4095 2153 4132 va-

591 4171 731 4233 lere,
779 4171 912 4220 bona
958 4184 1053 4221 sua
1083 4168 1379 4229 diuendere,
1430 4177 1477 4217 et
1524 4182 1640 4217 cum
1682 4168 1855 4235 egenis
1900 4168 2154 4233 fratribus

592 4263 1068 4323 communicare,ac
1094 4260 1237 4312 nulla
1265 4275 1480 4327 prorsus
1503 4258 1656 4328 hujus
1674 4261 2156 4315 vitwsollicitudine

591 4357 856 4424 distringi,
895 4371 985 4407 nec
1026 4355 1133 4407 ulla
1164 4355 1437 4422 affectione
1484 4355 1551 4405 ad
1610 4372 1687 4408 res
1721 4368 1949 4409 terrenas
1982 4358 2153 4409 animo

2231 515 2437 569 dentur.

2302 607 2415 661 Non
2462 606 2617 662 video
2656 606 2782 676 quid
2825 604 3218 676 signiﬁcantius
3259 604 3423 671 possit
3459 602 3797 673 [Thomassi-

2234 716 2334 753 nus
2368 699 2661 768 requirere.
2697 698 2789 751 Vel
2821 698 2963 751 enim
2996 694 3123 750 nulli
3162 704 3287 748 tunc
3326 695 3574 749 monachi
3610 694 3795 758 fuere,

2232 790 2316 844 vel
2361 790 2589 844 Basilius
2632 788 2751 842 fuit.
2808 786 3005 842 Statuit
3044 786 3181 841 bona
3222 788 3404 840 omnia
3456 788 3691 843 vendere
3740 799 3807 842 et

2231 882 2556 952 pauperibus
2586 880 2928 935 distribuere.
2980 879 3181 946 Qinerit
3222 879 3453 949 aliquem
3498 896 3562 934 ex
3613 880 3811 935 fratri-

2233 974 2366 1039 bus,
2414 976 2501 1042 qui
2555 967 2909 1027 monasticam
2976 971 3279 1026 institutum
3336 972 3672 1041 profiteatur,
3740 981 3811 1026 ut.

2234 1078 2353 1118 cum
2389 1078 2455 1118 eo
2506 1061 2725 1117 brevem
2769 1060 2927 1128 hujus
2960 1061 3083 1115 vitae
3126 1060 3340 1115 ﬂuctum
3372 1070 3630 1117 transeat.
3662 1062 3809 1130 Quis

2234 1154 2287 1209 in
2320 1155 2422 1208 hoc
2457 1152 2679 1208 consilio
2729 1151 2815 1205 vel
2860 1149 3173 1205 facultatum
3226 1152 3664 1217 retinendarum,
3714 1151 3809 1207 vel

2236 1246 2518 1301 monastici
2545 1243 2777 1300 instituti
2821 1244 2885 1297 ad
2926 1252 3137 1314 tempus
3165 1244 3523 1314 amplectendi
3551 1244 3813 1298 volunta-

2238 1347 2339 1394 tem
2370 1339 2678 1408 suspicetur
2704 1338 2727 1391 ?
2754 1336 3007 1404 Quamvis
3049 1346 3231 1392 autem
3262 1336 3491 1392 Basilius
3523 1352 3628 1391 non
3654 1336 3816 1391 dicat

2235 1430 2511 1499 conceptis
2540 1427 2721 1483 verbis
2754 1428 3021 1482 imitatum
3066 1442 3125 1482 se
3155 1442 3276 1483 esse
3316 1428 3611 1498 perfectum
3666 1428 3813 1482 illud

2237 1520 2447 1575 vivendi
2474 1535 2663 1589 genus,
2691 1521 2830 1589 quod
2856 1520 2907 1573 in
2930 1520 3094 1574 variis
3139 1520 3483 1575 monasteriis
3515 1534 3816 1589 perspexe-

2238 1620 2341 1672 rat,
2372 1611 2464 1665 sed
2482 1619 2688 1665 tantum
2714 1610 2912 1665 imitari
2936 1610 3241 1676 statuisse;
3274 1624 3428 1665 nemo
3445 1618 3621 1664 tamen
3648 1610 3817 1663 dixe-

2240 1701 2309 1754 rit
2339 1715 2461 1755 eum
2501 1702 2568 1755 ab
2607 1702 2818 1771 incepto
2843 1703 3071 1772 turpiter
3097 1702 3437 1765 discessisse,
3467 1709 3522 1756 et
3546 1716 3663 1771 qua:
3687 1711 3816 1757 sta-

2169 1767 2209 1821 Β
2241 1800 2350 1845 tota
2386 1805 2447 1845 ac
2469 1767 2762 1847 deliberata
2789 1767 3073 1857 habuerat,
3102 1794 3325 1848 minime
3348 1767 3659 1863 perfecisse.

2310 1878 2454 1933 Nihil
2488 1896 2618 1935 sane
2645 1895 2780 1950 Opus
2827 1891 2911 1936 est
2959 1884 3245 1952 exquisitis
3298 1886 3627 1955 argumentis
3654 1885 3708 1941 in
3750 1902 3819 1941 re

2240 1971 2555 2028 manifesta.
2592 1972 2996 2028 Monumentum
3054 1976 3317 2031 habemus
3350 1979 3661 2033 monasticae
3702 1978 3817 2034 Ba-

2239 2061 2345 2116 silii
2396 2063 2745 2133 professionis
2783 2066 3166 2133 certissimum,
3203 2067 3348 2137 ipsas
3388 2068 3601 2138 regulas
3632 2069 3699 2124 ab
3740 2084 3813 2125 eo

2242 2152 2539 2210 institutas.
2583 2154 2726 2209 Nihil
2757 2157 2997 2211 severius
3037 2166 3131 2210 aut
3169 2158 3411 2213 strictius
3445 2159 3658 2230 principi
3712 2176 3817 2230 po-

2244 2254 2371 2311 test,
2411 2261 2568 2315 quam
2592 2262 2711 2316 qua:
2735 2262 2762 2299 a
2795 2247 2991 2302 Basilio
3015 2248 3079 2304 de
3105 2250 3355 2304 omnibus
3387 2265 3610 2319 prorsus
3640 2251 3815 2305 rebus

2244 2336 2612 2406 relinquendis
2650 2337 3048 2405 prazcipinntur.
3081 2336 3141 2390 Ei
3196 2338 3285 2407 qui
3327 2340 3489 2393 semel
3522 2340 3663 2393 inter
3688 2339 3813 2391 fra-

2250 2438 2360 2482 tres
2393 2428 2703 2482 monasterii
2746 2429 3011 2496 ascriptus
3056 2438 3157 2494 est,
3220 2429 3419 2483 nullum
3453 2444 3672 2500 prorsus
3706 2445 3815 2483 ex-

2243 2518 2404 2572 eundi
2434 2518 2608 2573 locum
2648 2519 2898 2589 relinquit
2926 2534 2939 2572 :
2971 2522 3063 2575 sed
3096 2523 3419 2593 sacrilegum
3463 2539 3583 2578 esse
3628 2524 3816 2579 decla-

2247 2622 2328 2663 rat
2363 2610 2456 2681 (c),
2488 2612 2577 2678 qui
2617 2613 2683 2665 ad
2712 2612 2861 2666 aliud
2889 2614 3008 2666 vita:
3036 2628 3204 2682 genus
3238 2614 3452 2678 transit,
3481 2625 3537 2667 ut
3579 2615 3669 2685 qui
3711 2617 3816 2670 do-

2248 2704 2456 2755 narium
2493 2702 2603 2757 Deo
2635 2713 3007 2758 consecratum
3056 2703 3356 2758 abstulerit.
3389 2708 3443 2759 Si
3472 2707 3592 2775 quis
3628 2715 3814 2761 autem

2247 2793 2455 2848 dubitet
2477 2809 2542 2847 an
2581 2794 2809 2849 Basilius
2834 2796 3020 2850 iisdem
3047 2795 3184 2851 votis
3216 2797 3509 2851 obstrictus
3535 2797 3714 2864 fuerit,
3748 2815 3818 2854 ac

2250 2884 2283 2938 ii
2327 2900 2462 2953 quos
2502 2886 2764 2952 regendos
2809 2896 3155 2953 susceperat;
3200 2886 3381 2957 legere
3426 2897 3599 2957 potest
3627 2904 3815 2958 prom-

2253 2978 2416 3029 mium
2451 2976 2502 3028 in
2551 2977 2782 3046 [tegulas
2818 2978 3086 3047 longiores
3113 2980 3252 3048 quod
3286 2980 3365 3034 sic
3403 2980 3587 3049 incipit
3618 3000 3630 3034 :
3667 2980 3816 3046 Quo-

2174 3101 2216 3158 C
2252 3066 2391 3118 niam
2440 3065 2543 3118 Deo
2584 3067 2820 3133 juvante,
2868 3067 2918 3119 in
2966 3069 3173 3122 nomine
3228 3069 3438 3123 Domini
3473 3070 3637 3123 nostri
3680 3070 3815 3124 .‘lesu

2251 3157 2445 3211 Christi
2478 3156 2635 3210 simul
2683 3160 3010 3212 convenimus
3041 3178 3154 3224 nos,
3183 3163 3270 3230 qui
3301 3178 3458 3214 unum
3491 3171 3539 3214 et
3572 3164 3703 3216 idem
3740 3168 3815 3232 pii

2251 3252 2474 3303 instituti
2507 3252 2825 3320 propositum
2850 3261 3098 3316 tenemus,
3133 3262 3233 3306 etc.
3255 3254 3428 3306 Οἱένα
3460 3256 3662 3307 καὶτὸν
3709 3257 3813 3310 αὑ-

2257 3344 2346 3395 τὸν
2378 3344 2578 3395 σκοπὸν
2604 3342 2695 3395 τοῦ
2743 3342 2857 3411 βίου
2893 3341 2986 3393 τοῦ
3026 3345 3143 3395 κατ’
3170 3344 3445 3397 εὐσεϐείαν
3476 3346 3816 3417 ὲνστητάμε-

2254 3453 2351 3488 νοι.
2386 3436 2552 3488 Dubia
2592 3435 2827 3505 profecto
2858 3450 2961 3488 non
2995 3446 3112 3489 erat
3143 3437 3421 3490 monachis
3453 3436 3814 3493 Ca’sariensi-

2253 3529 2350 3580 bus
2380 3526 2559 3580 Basilii
2596 3526 2877 3595 professio,
2920 3528 3004 3581 cui
3049 3543 3401 3595 cummagna:
3427 3531 3682 3585 molestia:
3725 3548 3816 3585 aco

2250 3618 2510 3671 cidissent
2544 3618 2609 3670 ab
2638 3617 2866 3672 Eusebio
2890 3618 3144 3688 episcopo
3167 3660 3182 3687 ,
3216 3618 3417 3673 factam
3444 3621 3510 3686 ei,
3547 3622 3635 3690 qui
3659 3623 3815 3689 prin-

2252 3711 2483 3779 cipatum
2514 3710 2646 3761 inter
2674 3710 2812 3776 ipsos
2841 3709 3125 3773 obtinebat,
3149 3710 3253 3777 iniu
3267 3711 3394 3763 riam
3422 3710 3653 3779 graviter
3678 3712 3815 3766 tule-

2255 3812 2377 3855 runt
2411 3800 2516 3872 td).
2552 3800 2648 3854 llis
2678 3802 2812 3854 adde
2867 3811 3107 3854 veterum
3165 3801 3477 3854 testimonia
3530 3804 3618 3871 qui
3664 3802 3814 3858 Basi-

2257 3894 2381 3947 lium
2434 3904 2487 3946 et
2536 3890 2850 3962 Gregorium
2906 3893 3067 3944 vitam
3129 3893 3484 3944 monasticam
3538 3893 3813 3960 amplexos

2255 3998 2374 4037 esse
2412 3983 2672 4037 referunt.
2708 3982 2839 4037 Vide
2865 3982 3117 4035 Ruﬁnum
3156 3982 3247 4036 lib.
3287 3999 3326 4048 I,
3357 3997 3403 4037 c.
3438 3982 3501 4047 9;
3532 3984 3811 4037 Socratem

2256 4076 2343 4129 lib.
2378 4092 2452 4137 iv,
2483 4090 2531 4129 c.
2564 4074 2664 4137 9.6;
2704 4076 3058 4129 Sozomenunt
3101 4075 3194 4129 lib.
3230 4091 3303 4142 vi,
3334 4092 3383 4131 c.
3413 4077 3498 4132 i7.

2326 4165 2387 4218 ll.
2433 4165 2757 4234 Paupertas,
2804 4181 2964 4234 quam
3045 4169 3271 4237 requirit
3320 4166 3702 4224 Thomassinus
3750 4172 3812 4225 ad

2232 4258 2610 4323 ,tnonasticam
2644 4256 3055 4325 professionem,
3095 4259 3327 4311 maxime
3355 4258 3548 4312 enituit
3586 4260 3637 4313 in
3666 4259 3815 4315 Basi—

2266 4353 2355 4405 lio.
2389 4350 2640 4405 Testatur
2673 4348 2943 4419 Nyssenus
2975 4366 3094 4403 cum
3136 4352 3203 4403 ab
3233 4350 3386 4403 initio
3410 4351 3661 4406 statuisse
3683 4351 3814 4406 nihil

592 4450 845 4509 converti;
873 4448 1137 4510 cupiebam
1164 4447 1399 4500 invenire
1428 4447 1661 4515 aliquem
1684 4464 1750 4501 ea:
1777 4448 2031 4515 fratribus
2065 4449 2154 4517 qui
2187 4449 2233 4508 ι)
2262 4441 2557 4509 possidere,
2595 4450 2649 4493 et
2678 4448 2880 4508 petram
2923 4440 3253 4493 immobilem
3289 4440 3451 4493 fuisse
3492 4444 3591 4494 hoc
3630 4443 3808 4496 consi-

591 4542 724 4593 hanc
760 4542 875 4595 vita:
906 4544 1036 4593 vium
1086 4540 1341 4607 elegisset,
1375 4548 1431 4591 ut
1477 4557 1579 4593 una
1625 4556 1739 4591 cum
1785 4541 1895 4606 ipso
1956 4540 2153 4593 brevem

592 4634 748 4701 hujus
783 4635 898 4686 vita!
922 4635 1139 4701 ﬂuctum
1176 4633 1473 4683 transirent.
1513 4632 1586 4682 Ac
1619 4633 1803 4684 multos
1832 4633 2039 4700 quidem
2078 4634 2157 4685 in-

592 4725 707 4776 veni
740 4722 1093 4788 Alexandria,
1139 4722 1329 4773 multos
1373 4721 1529 4773 etiam
1564 4720 1617 4771 in
1649 4721 1848 4787 reliqua
1880 4719 2110 4790 Aigypto
2138 4737 2156 4774 :

593 4827 638 4867 et
668 4817 718 4867 iu
751 4816 1036 4867 l’ulazstina
1070 4814 1205 4866 alios
1236 4824 1281 4865 et
1308 4812 1589 4881 lim/esyria
1622 4828 1681 4864 ac
1708 4810 2106 4880 Mesopotamia.
2140 4852 2151 4865 .

598 4907 724 4961 ch
761 4922 876 4959 cum
912 4908 1153 4969 mirarer,
1186 4922 1246 4957 ac
1278 4904 1481 4957 beatam
1518 4913 1756 4968 putarem
1809 4906 2034 4958 virorum
2077 4907 2155 4959 vi-

594 5013 723 5059 tum,
753 5000 893 5069 quod
926 4999 1079 5067 factis
1114 5000 1440 5051 ostenderent
1470 5012 1523 5050 se
1556 4995 2009 5063 mortiﬁcationem
2031 4997 2157 5051 Jesu

594 5093 647 5144 iu
688 5068 901 5159 corpore
944 5090 1301 5157 circumferre,
1347 5088 1587 5157 optabam
1633 5096 1681 5139 et
1726 5088 1857 5153 ipse,
1907 5098 2157 5155 quantum

595 5197 793 5246 possem
838 5182 1118 5259 attingere,
1163 5180 1401 5231 imitator
1442 5194 1550 5231 esse
1605 5178 1873 5230 hominum
1924 5179 2157 5236 illorum.

599 5272 943 5337 Quamobrem
980 5288 1096 5324 cum
1132 5272 1373 5323 vidissem
1423 5270 1696 5323 nonnullos
1746 5270 1797 5321 in
1841 5271 2012 5337 patria
2045 5273 2163 5324 irai-

602 5366 699 5417 tari
722 5365 931 5417 illorunt
956 5364 1202 5415 instituta
1224 5372 1493 5426 conantes,
1530 5362 1656 5413 mihi
1686 5363 1826 5414 visus
1854 5379 1969 5414 sum
2006 5363 2161 5430 adju-

599 5457 755 5512 menti
789 5456 990 5524 aliquid
1025 5456 1271 5523 reperisse
1306 5454 1374 5507 ad
1428 5470 1593 5507 meant
1639 5455 1877 5521 salutem,
1917 5466 1964 5508 et
2019 5456 2159 5509 iudi-

691 5589 745 5656 α)
784 5588 1025 5641 Institut.
1061 5587 1151 5641 lib.
1182 5604 1255 5653 γι,
1286 5604 1335 5643 c.
1370 5590 1449 5645 l9.

695 5663 744 5728 bi
781 5658 1059 5729 llisciplin.
1094 5661 1271 5715 eccles.
1310 5670 1446 5729 part.
1484 5676 1543 5726 tt,
1576 5660 1665 5716 lib.
1699 5678 1733 5725 i,
1764 5680 1807 5716 ς.
1840 5661 1926 5715 46.

684 5727 753 5799 (τ)
798 5727 1058 5798 ἔπιεν-1⁸09.
1096 5730 1183 5784 Ἡ.

2262 4536 2409 4586 lium.
2463 4534 2604 4587 Idem
2661 4532 2915 4585 discimus
2960 4548 3020 4583 ex
3072 4530 3513 4600 Nazianzeno(e)
3562 4530 3809 4585 Basiliuut

2260 4632 2495 4684 omnibus
2532 4627 2888 4696 facultatibus,
2914 4643 3041 4695 quas
3097 4641 3322 4695 unquam
3367 4627 3634 4690 habuerat,
3669 4643 3810 4695 trquo

2258 4726 2432 4774 animo
2464 4720 2726 4790 projectis,
2767 4716 2946 4771 leviter
2969 4714 3223 4786 facileque
3252 4716 3369 4768 vita:
3398 4716 3606 4785 pelagus
3642 4729 3811 4770 trans-

2262 4815 2482 4868 misisse.

2343 4902 2631 4957 Existimat
2676 4898 3043 4954 Tilletnontius
3090 4896 3342 4952 Basiliam
3388 4897 3569 4951 statim
3604 4897 3809 4967 quidem

2265 5013 2360 5049 sua
2404 4996 2583 5049 omnia
2610 4993 2933 5063 pauperibus
2958 5005 3322 5053 consecrasse,
3356 5005 3458 5043 non
3494 5000 3675 5044 tamen
3708 5001 3813 5045 sta-

2269 5089 2361 5142 tim
2397 5085 2756 5145 distribuisse.
2794 5082 2888 5136 sed
2922 5096 3043 5136 cum
3074 5079 3177 5134 sibi
3208 5078 3415 5147 aliquid
3468 5090 3807 5143 reservasset,

2267 5179 2434 5232 variis
2459 5175 2790 5245 temporibus
2815 5172 3064 5226 rharitati
3106 5186 3219 5225 sua:
3250 5169 3595 5225 satisfecisse.
3628 5168 3808 5222 Nititur

2269 5270 2615 5324 doctissimus
2651 5266 2882 5334 scriptor
2934 5265 3243 5317 testimonio
3298 5262 3545 5332 Nysseni,
3581 5262 3667 5330 qui
3715 5263 3811 5313 fra—

2272 5374 2404 5416 trem
2440 5375 2595 5413 suum
2638 5366 2868 5412 testatur
2895 5356 2962 5426 (f)
3016 5356 3390 5423 patrimonium
3440 5354 3743 5421 pauperibus
3768 5358 3809 5403 et

2273 5463 2393 5508 ante
2428 5451 2779 5505 sacerdotium
2810 5450 3159 5515 distribuisse,
3200 5458 3247 5502 et
3281 5448 3503 5502 maxime
3526 5446 3678 5515 famis
3704 5456 3815 5523 tem:

2360 5584 2413 5651 d)
2442 5583 2566 5636 Naz.
2595 5592 2729 5637 orat.
2754 5582 2843 5637 9.0.

2338 5584 2409 5721 le)
2452 5653 2514 5706 In
2546 5652 2712 5706 Busil.

2364 5660 2409 5719 e)
2452 5653 2514 5706 In
2546 5652 2712 5706 Busil.

2349 5728 2417 5795 if)
2451 5723 2516 5777 In
2546 5724 2797 5789 Eunom.,
2829 5738 2879 5793 p.
2912 5722 3035 5777 507.
