3992 6392
1552 418 1711 475 νιΤΑ
1752 419 1806 474 S.
1850 419 2115 477 BASlLll.

3324 426 3435 481 xvit

208 560 342 610 pore,
367 558 492 595 cum
524 543 707 596 adhuc
753 553 883 597 esset
907 543 958 594 in
989 541 1408 611 presbyterorum
1443 540 1649 605 ordine,
1688 558 1777 595 nec
1806 548 1851 604 Α
1878 542 2247 612 professiones,
2287 543 2479 612 inquit,
2546 560 2647 598 non
2701 545 2956 609 novimus,
3011 551 3354 613 praeterquam
3389 545 3435 598 si

208 646 378 704 pesta
400 651 615 699 eorum,
635 651 756 698 qua
784 634 992 688 residua
1035 633 1271 700 fuerant,
1298 632 1472 686 minus
1511 631 1780 687 liberalem

210 728 385 795 fuisse.

276 815 527 883 Coojecit
573 814 978 869 Tillemontium
1027 813 1079 867 in
1134 811 1275 868 hanc
1322 812 1629 883 opinionem
1680 814 1780 867 alia

209 908 385 959 minus
428 915 586 957 recta
632 904 817 972 opinio
850 904 915 956 de
963 911 1134 956 morte
1177 902 1236 956 S.
1272 900 1575 966 Emmelize,
1622 918 1782 972 quam

209 997 458 1065 episc0po
482 990 693 1047 Basilio
719 1000 874 1062 putat
899 992 1118 1046 obiisse.
1164 990 1270 1045 Sed
1320 992 1373 1045 id
1419 1002 1544 1047 ante
1572 994 1783 1061 episco-

205 1098 389 1155 patum
421 1085 617 1138 Basilii
667 1083 985 1152 contigisse,
1025 1091 1082 1136 et
1123 1081 1283 1136 famis
1325 1091 1562 1152 tempore
1612 1083 1775 1137 conti-

206 1180 369 1247 gisse,
406 1191 531 1245 qnce
570 1175 755 1229 Basilii
791 1173 1041 1228 charitati
1090 1173 1368 1227 materiam
1402 1173 1570 1239 dedit,
1594 1176 1785 1228 certis-

205 1271 382 1332 simis,
426 1279 489 1321 ut
528 1267 665 1321 mihi
700 1266 918 1335 quidem
947 1266 1186 1329 videtur,
1212 1266 1548 1335 argumentis
1589 1263 1786 1334 proba-

202 1362 373 1417 bitur.
400 1361 589 1423 Quare
632 1374 754 1414 cum
799 1357 1032 1413 Basilius
1073 1368 1373 1429 maternam
1418 1357 1784 1412 ltaareditatem

203 1454 368 1509 famis
399 1463 651 1519 tempore
692 1451 1035 1520 perceperit;
1090 1449 1243 1503 facile
1273 1450 1613 1518 perspicitur.
1653 1464 1787 1517 quo-

204 1549 370 1601 modo
397 1546 491 1614 qui
534 1559 594 1598 se
625 1543 737 1611 jam
790 1550 948 1596 antea
985 1541 1235 1595 omnilms
1272 1541 1431 1596 rebus
1466 1541 1783 1603 nudaverat,

205 1637 346 1689 idem
395 1646 530 1687 tunc
578 1632 874 1687 charitatis
924 1631 1193 1699 specimen
1242 1631 1599 1685 renovaverit.
1668 1628 1783 1682 Non

206 1726 480 1780 diﬁicilius
522 1724 827 1793 explicatur
879 1722 1019 1791 quod
1067 1722 1144 1776 ait
1187 1720 1489 1791 Nyssenus,
1528 1720 1783 1773 Basilium

204 1828 384 1884 postea
417 1832 608 1868 eorum
642 1831 760 1884 qua:
794 1813 993 1882 reliqua
1032 1821 1178 1865 erant
1222 1828 1323 1865 non
1374 1813 1546 1864 minus
1588 1809 1784 1864 libera-

1882 636 1969 704 qui
2029 651 2083 688 se
2131 634 2231 702 ipsi
2293 635 2665 689 monachorum
2713 635 2887 689 ordini
2937 634 3268 701 ascripserint
3308 634 3439 703 :qui

1882 724 2088 795 quidem
2117 725 2273 777 tacite
2295 724 2456 777 vitam
2481 725 2710 779 ctelibem
2734 723 2975 777 videntur
3004 723 3307 789 suscepisse.
3346 721 3442 776 Ve-

1883 827 2175 867 rumtamen
2212 815 2265 867 in
2293 816 2402 868 illis
2431 832 2632 886 quoque
2652 815 2786 868 illud
2813 815 2999 882 opinor
3022 814 3269 882 prazmitti
3290 830 3443 881 apor-

1885 913 2010 968 tere,
2038 914 2091 955 ut
2114 904 2214 972 ipsi
2250 905 2654 973 interrogentur,
2692 904 3075 974 accipiaturque
3111 920 3289 957 eorum
3321 920 3441 971 pro-

1884 995 2041 1064 fessio
2077 996 2218 1049 clara
2244 1006 2289 1048 et
2322 996 2593 1065 perspicua
2625 1013 2642 1051 :
2671 1006 2725 1049 ut
2756 1012 2872 1048 cum
2906 1011 2960 1048 se
2988 998 3056 1048 ad
3098 994 3436 1049 libidinosam

1884 1088 2043 1141 vitam
2069 1089 2435 1152 converterint,
2468 1104 2649 1141 eorum
2688 1088 2778 1156 qui
2819 1086 3150 1155 fornicamur
3178 1088 3442 1156 punitioni

1884 1179 2253 1247 subjiciantur.
2292 1179 2426 1234 Hinc
2456 1180 2507 1233 in
2547 1179 2751 1249 Regula
2786 1180 2995 1245 fusiori,
3026 1181 3282 1249 interrog.
3309 1195 3363 1242 χ,
3388 1190 3441 1232 et

1883 1269 2042 1338 epist.
2066 1268 2157 1333 23,
2184 1285 2302 1337 qua:
2332 1280 2458 1324 ante
2491 1286 2723 1325 canones
2753 1272 2965 1340 scriptae
3010 1278 3161 1332 sunt,
3193 1285 3294 1324 non
3339 1270 3441 1322 alia

1886 1361 2255 1429 prmscribitur
2288 1361 2554 1428 professio
2604 1361 2687 1415 his
2729 1362 2818 1430 qui
2874 1360 3224 1415 monasticam
3277 1360 3440 1413 vitam

1885 1450 2303 1518 amplectuntur,
2335 1452 2436 1505 nisi
2462 1460 2520 1504 ut
2549 1453 2773 1506 fratrum
2803 1451 2979 1505 ordini
3006 1450 3439 1521 postlcgitimam

1885 1543 2330 1611 approbationem
2390 1543 2755 1596 ascribantnr.’
2798 1542 2964 1608 llujus
3031 1554 3207 1597 autem
3264 1544 3440 1596 tacita:

1886 1634 2232 1703 professionis
2262 1649 2365 1688 non
2398 1635 2575 1687 minus
2613 1634 2801 1687 stricta
2832 1643 2987 1686 erant
3017 1634 3250 1697 vincula,
3281 1648 3439 1701 quam

1886 1727 2026 1781 illius
2047 1728 2205 1781 clara:
2233 1737 2285 1781 et
2307 1727 2621 1795 perspicuae.
2654 1724 2787 1779 Nam
2813 1725 3061 1789 Basilius,
3092 1735 3145 1777 ut
3168 1726 3275 1794 jam
3309 1725 3440 1785 dixi,

1884 1830 2003 1869 eum
2035 1816 2121 1883 qui
2160 1831 2217 1870 se
2253 1815 2451 1868 dicavit
2482 1814 2590 1868 Deo
2635 1826 2687 1867 et
2719 1815 2909 1867 deinde
2940 1814 3006 1866 ad
3036 1814 3175 1867 aliud
3205 1815 3325 1868 vitae
3348 1829 3442 1882 ge~

207 1910 303 1961 leui
340 1908 537 1974 fuisse.
572 1906 765 1974 Neque
794 1904 940 1960 enim
971 1904 1191 1965 mirum,
1221 1902 1265 1955 si
1301 1901 1529 1971 amplam
1555 1902 1783 1955 hmredi-
1818 1899 1858 1953 Β
1884 1922 1985 1961 nus
2016 1907 2258 1970 transiit,
2302 1906 2658 1959 factumesse
2686 1904 3029 1967 sacrilegum,
3056 1912 3113 1955 et
3154 1918 3438 1955 consecra-

216 2010 380 2054 tatem
411 2014 526 2052 non
569 1998 758 2051 statim
790 2004 956 2048 totam
987 1993 1249 2063 percepit,
1280 1994 1374 2046 sed
1420 1991 1668 2045 nonnulla
1704 2007 1787 2045 se-

213 2092 343 2153 rius,
381 2102 440 2143 ut
481 2090 536 2142 in
573 2088 838 2156 ejusmodi
869 2087 1029 2141 rebus
1080 2084 1194 2139 fieri
1244 2083 1403 2147 solet,
1436 2084 1488 2137 in
1529 2084 1645 2152 ejus
1675 2098 1787 2136 ma-

209 2196 307 2234 nus
332 2189 733 2249 pervenerunt.

274 2271 409 2324 lllud
440 2286 580 2336 ergo
612 2279 865 2324 constare
894 2269 1052 2323 debet
1081 2266 1340 2346 Basilium
1385 2264 1571 2320 scdulo
1605 2265 1787 2319 obser-

209 2379 366 2418 vasse
388 2364 540 2431 quod
569 2362 697 2415 aliis
724 2361 1054 2430 przescripsit
1094 2362 1146 2414 in
1185 2358 1400 2427 Regalis
1442 2367 1551 2411 tum
1588 2357 1789 2427 longio-

208 2438 357 2508 ribus
386 2463 505 2507 tum
538 2452 917 2516 brevioribus;
949 2466 1119 2521 neque
1151 2467 1272 2506 eum
1318 2452 1420 2504 hac
1469 2450 1520 2503 in
1561 2465 1619 2504 re
1650 2449 1787 2503 infe-

208 2549 408 2600 riorem
442 2543 618 2597 fuisse
645 2541 885 2597 blacrina
912 2556 1119 2607 sorore,
1146 2555 1265 2610 quae
1292 2555 1350 2594 se
1373 2556 1438 2594 ex
1464 2540 1618 2594 bonis
1639 2556 1787 2607 requa

210 2649 365 2707 parte
404 2637 557 2690 inter
588 2634 763 2702 ipsam
794 2648 859 2687 ac
888 2632 1085 2686 fratres
1115 2633 1299 2685 divisis
1335 2632 1470 2684 nihil
1514 2632 1617 2685 sibi
1668 2631 1791 2683 reli-

210 2740 373 2795 quum
428 2722 635 2777 fecisse
682 2729 909 2775 testatur
941 2721 1041 2791 (a),
1098 2721 1191 2775 sed
1244 2720 1423 2774 omnia
1464 2734 1560 2789 per
1603 2734 1792 2773 mannis

210 2814 513 2870 sacerdotis
555 2811 857 2867 secundum
930 2810 1167 2865 divinum
1237 2819 1557 2880 prazceptum
1615 2810 1792 2864 distri-

210 2908 409 2960 buisse.
453 2902 601 2958 Cum
643 2910 827 2955 autem
863 2899 1001 2955 nihil
1042 2900 1261 2954 omnino
1307 2900 1606 2970 possideret
1640 2900 1791 2954 Basi-

212 2997 334 3063 lius,
367 2998 587 3051 victum
624 2994 671 3047 ei
704 3007 771 3047 ex
811 2993 925 3063 ipsa
959 2993 1133 3055 domo,
1166 2992 1217 3045 in
1260 3008 1364 3061 qua
1408 2992 1640 3047 nutritus
1672 2992 1789 3045 fue-

212 3098 314 3151 rat,
344 3097 532 3141 mater
563 3084 799 3155 benigne
821 3083 1049 3153 providit
1076 3082 1173 3154 (b),
1200 3083 1386 3138 saltem
1412 3093 1691 3152 postquam
1725 3082 1791 3135 ad

216 3178 530 3249 presbyteri
594 3177 818 3246 gradum
876 3185 1095 3229 evectus
1144 3184 1244 3228 est.
1314 3173 1445 3227 Nam
1503 3174 1789 3228 maximam

1889 2009 1997 2052 tum
2030 2000 2134 2052 Deo
2167 1999 2448 2051 donarium
2484 1996 2774 2051 abstulisse
2801 1996 3111 2063 pronuntiat
3138 1995 3231 2063 (e).
3266 1994 3443 2059 Quare

1886 2104 2006 2143 cum
2032 2089 2259 2143 Basilius
2285 2088 2670 2142 monachorum
2697 2086 2873 2141 ordini
2924 2101 3016 2154 per
3044 2095 3119 2138 tot
3144 2102 3313 2139 :mnos
3340 2103 3441 2140 non

1888 2184 2057 2232 solum
2090 2180 2360 2247 ascriptus
2392 2176 2578 2238 fuerit,
2632 2176 2727 2230 sed
2780 2176 2943 2228 etiam
2996 2173 3296 2242 prtefuerit;
3335 2192 3447 2227 mo-

1888 2272 2091 2325 nastica
2126 2271 2268 2325 illius
2296 2270 2564 2339 professio
2596 2268 2780 2337 negari
2806 2281 2909 2321 non
2942 2275 3155 2334 potest:
3182 2265 3445 2332 Valdeque

1889 2362 2174 2417 absurdum
2215 2372 2299 2417 est
2329 2362 2486 2416 clara:
2513 2370 2566 2415 et
2596 2361 2915 2415 nominatim
2946 2366 3214 2426 conceptae
3244 2358 3445 2425 profu-

1888 2457 2055 2510 sionis
2100 2458 2477 2509 necessitatem
2512 2455 2560 2507 ei
2592 2454 2890 2520 imponere,
2919 2464 3037 2518 qua
3065 2449 3168 2501 illis
3193 2448 3446 2516 tempori-

1891 2550 1988 2602 bus
2037 2547 2258 2607 omissa,
2309 2546 2497 2599 Saltem
2557 2543 2609 2597 in
2661 2540 3017 2611 Cappadocia,
3050 2538 3180 2591 nihil
3205 2539 3271 2592 de
3298 2548 3447 2591 voto-

1890 2653 2008 2691 rum
2041 2638 2093 2689 vi
2125 2635 2460 2688 detrahebat.

1958 2725 2046 2783 lV.
2088 2726 2372 2780 Existimat
2410 2722 2799 2778 'l'homassinus
2827 2720 3143 2791 Gregorium
3184 2719 3314 2774 nibil
3346 2720 3443 2772 lori

1890 2818 2169 2887 reliquisse
2207 2815 2528 2870 dubitationi
2568 2816 2621 2869 in
2663 2814 2907 2867 carmine
2937 2811 3013 2865 De
3046 2815 3153 2865 vita
3208 2827 3325 2875 sua,
3362 2808 3447 2864 ubi

1888 2927 1942 2965 se
1987 2911 2079 2963 diu
2129 2910 2442 2977 ﬂuctuatum
2488 2916 2713 2961 testatur
2748 2908 2943 2977 ecquod
2970 2907 3085 2959 vita:
3113 2920 3272 2975 genus
3311 2913 3449 2957 tene-

1890 3012 1986 3066 ret,
2016 3002 2152 3055 inter
2190 3000 2558 3053 monachorum
2590 2997 2811 3051 latibula
2838 3008 2885 3051 et
2927 2997 3132 3050 urbium
3159 2998 3449 3049 tumultua-

1893 3093 2077 3158 tiones,
2127 3093 2356 3145 medium
2403 3092 2613 3145 tondent
2654 3100 2886 3143 secutum
2927 3106 3036 3143 esse
3076 3089 3358 3154 tramitem,
3394 3098 3449 3140 ut

1894 3185 2012 3240 aliis
2040 3188 2114 3240 ita
2141 3186 2426 3255 prodesset,
2451 3192 2508 3236 ut
2538 3199 2601 3236 ne
2628 3183 2738 3251 ipse
2754 3198 2862 3236 sum
2885 3182 3097 3251 officeret
3115 3179 3291 3236 saluti.
3313 3178 3449 3233 Tum

212 3246 424 3341 partem
482 3269 839 3324 servitiorum
894 3265 1038 3321 illius
1089 3265 1280 3320 domus
1325 3264 1649 3336 presbytero
1680 3267 1793 3321 cui-
1820 3246 1861 3305 θ
1894 3276 2098 3347 profer;
2141 3246 2239 3331 'hos
2289 3246 2479 3329 vel-sius
2504 3246 2746 3343 Gregorii
2784 3290 2798 3327 ς

215 3364 359 3428 dam,
417 3361 703 3415 Dorotbeo
757 3358 996 3422 nomine,
1050 3357 1141 3427 qui
1194 3356 1377 3412 Basilii
1432 3358 1793 3415 collactaneus

213 3464 351 3515 erat,
392 3453 638 3521 ejusque
688 3449 915 3503 nutricis
958 3449 1148 3502 unicus
1183 3447 1350 3513 filius,
1384 3463 1447 3503 ea
1489 3451 1794 3506 conditione

217 3545 463 3609 tradidit,
496 3552 559 3596 ut
595 3541 797 3596 Basilio
846 3540 1097 3594 alimenta
1132 3540 1519 3610 suppeditaret.
1565 3541 1656 3595 Sic
1699 3557 1794 3595 au-

220 3648 326 3691 tem
366 3636 623 3697 tradidit,
654 3644 712 3687 ut
755 3648 1091 3702 nequaquam
1128 3634 1326 3688 donum
1352 3642 1516 3697 esset,
1548 3634 1640 3688 sed
1668 3648 1796 3689 usus

218 3744 312 3798 per
335 3728 533 3781 vitam.
568 3725 743 3792 Quam
791 3725 1003 3779 alienus
1053 3724 1215 3779 fuerit
1253 3723 1481 3780 Basilius
1508 3726 1577 3780 ab
1608 3740 1670 3780 ea
1716 3740 1796 3781 re-

220 3820 505 3881 missione,
543 3832 640 3871 seu
691 3816 870 3885 potius
908 3815 1281 3880 dissolutione,
1316 3831 1436 3886 qua:
1476 3816 1547 3871 illi
1579 3816 1793 3888 afﬁngi-

222 3920 326 3973 tur,
367 3924 437 3963 ex
493 3910 603 3962 boc
654 3905 899 3961 Cassiani
965 3904 1270 3960 testimonio
1320 3905 1642 3975 perspicitur
1667 3905 1788 3975 (ε).

225 3998 423 4055 Fertur
455 3998 745 4063 sententia,
778 3998 971 4067 inquit,
1006 4000 1174 4051 sancti
1216 3995 1404 4051 Basilii
1452 3995 1793 4051 Cmariensis

225 4094 474 4162 episcopi,
505 4091 579 4143 ad
610 4090 888 4161 quemdam
918 4090 1145 4157 prolata»
1164 4088 1506 4159 Syncletium,
1547 4090 1643 4142 tali
1689 4105 1792 4159 quo

226 4189 455 4239 diximus
502 4194 686 4252 tepore
728 4194 1049 4250 torpentem:
1076 4184 1165 4253 qui
1209 4199 1329 4236 cum
1380 4199 1434 4237 se
1474 4183 1797 4237 renuntiasse

226 4281 414 4333 diceret
455 4277 587 4329 huic
614 4277 835 4338 mundo,
871 4276 1109 4344 qua‘dam
1137 4275 1235 4329 sibi
1261 4275 1324 4328 de
1357 4274 1583 4343 propriis
1618 4274 1793 4342 facul-

228 4371 418 4422 tatibus
450 4366 765 4428 reservavit,
803 4363 982 4418 nolens
1026 4364 1269 4416 exercitio
1301 4378 1550 4414 manuum
1577 4378 1794 4414 suarum

224 4460 540 4523 sustentari,
569 4466 620 4511 et
652 4455 1006 4509 humilitatem
1038 4468 1211 4509 veram
1261 4452 1497 4506 nuditate
1533 4463 1583 4506 et
1623 4452 1798 4519 operis

2102 3411 2280 3467 Media
2314 3414 2447 3465 inter
2474 3411 2612 3474 illos,
2641 3412 2834 3480 hosque
2867 3409 3089 3478 procedo
3117 3409 3220 3471 via,

1965 3482 2226 3539 Meditans
2272 3495 2325 3536 ut
2356 3483 2461 3547 isti,
2494 3478 2825 3534 commodum
2858 3481 3071 3532 illorum
3101 3478 3355 3532 wmulans

1897 3644 2093 3698 Deinde
2115 3642 2263 3697 addit
2292 3659 2307 3696 :
2340 3641 2480 3712 Ergo
2506 3657 2624 3694 cum
2659 3641 2778 3693 vita:
2807 3641 2918 3707 ejus
2944 3639 3168 3707 scriptor
3199 3640 3295 3701 ait,
3332 3654 3450 3691 rna-

1894 3736 2051 3790 luisse
2096 3749 2213 3788 eum
2268 3734 2581 3787 monachum
2631 3747 2762 3799 esse,
2798 3746 2957 3800 quam
3017 3730 3290 3783 saecularis
3334 3731 3454 3784 vita:

1892 3840 2183 3895 sequacem,
2217 3838 2492 3892 pauperem
2519 3837 2675 3886 quam
2717 3820 3036 3889 opulentum.
3091 3833 3193 3870 non
3236 3819 3298 3870 de
3333 3835 3448 3870 mo-

1896 3916 2097 3969 nastica
2137 3914 2342 3983 proprie
2381 3912 2703 3981 professione
2742 3912 3027 3979 capiendus
3057 3908 3204 3961 nobis
3237 3920 3333 3972 est,
3365 3910 3453 3960 sed

1893 4007 1957 4060 de
1988 4007 2095 4060 vita
2125 4004 2467 4059 swcularibus
2518 4003 2659 4055 curis
2696 4003 2961 4069 expedita,
2998 4009 3047 4054 et
3091 3999 3152 4052 de
3202 3998 3454 4066 frequenti

1895 4099 1959 4151 ab
1989 4096 2205 4150 urbibus
2231 4112 2457 4151 secessu.
2493 4093 2669 4163 Longe
2704 4096 2924 4147 aberrat
2952 4090 3292 4146 doctissimus
3319 4092 3458 4143 scri-

1897 4200 2017 4260 ptor
2048 4190 2116 4245 ab
2154 4188 2310 4257 hujus
2344 4187 2635 4243 testimonii
2676 4171 2965 4247 sententia,
2988 4185 3127 4252 quod
3158 4196 3277 4235 cum
3308 4181 3454 4234 Basi-

1899 4280 1951 4332 lii
1986 4281 2144 4333 rebus
2187 4278 2358 4333 lucem
2387 4276 2582 4331 all'erre
2628 4275 2818 4344 possit,
2842 4273 3003 4342 paulo
3034 4270 3338 4325 accuratius
3373 4270 3452 4320 in-

1900 4371 2259 4438 vestigandum
2292 4369 2442 4422 nobis
2477 4376 2579 4422 est.

1971 4462 2218 4532 Gregorii
2262 4462 2448 4526 verba,
2481 4473 2600 4528 qua!
2633 4471 2811 4511 mcum
2866 4454 3107 4509 fecerunt
3134 4451 3453 4508 Thomassi-

224 4554 557 4615 contritione,
576 4546 985 4615 monasteriique
1018 4545 1333 4615 subjectione
1358 4544 1695 4613 conquirere:
1729 4542 1789 4595 Et

1903 4572 1989 4621 no,
2019 4571 2083 4610 ex
2115 4554 2353 4609 carmine
2398 4554 2571 4623 primo
2616 4551 2893 4618 desumpta
2953 4556 3098 4609 sunt,
3131 4545 3220 4599 ubi
3272 4554 3457 4599 narrat

224 4654 541 4701 senatorem,
566 4640 757 4708 inquit,
786 4636 1036 4708 Syncleti,
1068 4634 1358 4705 perdidisti,
1402 4642 1452 4688 et
1489 4633 1795 4687 monachum

226 4754 321 4790 nou
351 4736 551 4805 fecisti.

290 4828 377 4883 ιιι.
406 4828 553 4881 illud
586 4836 769 4879 autem
798 4821 1213 4877 Thomassinum
1242 4819 1296 4873 in
1319 4833 1558 4875 errorem
1584 4818 1797 4873 videtur

228 4921 570 4990 potissimum
619 4916 921 4977 induxisse,
945 4912 1088 4983 quod
1128 4910 1408 4976 Basilium,
1449 4909 1791 4979 Gregorium,

232 5008 491 5066 hannem
537 5008 986 5077 Cbrysostomum
1037 5012 1095 5058 et
1144 5001 1280 5056 alios
1333 4999 1599 5068 ejusmodi
1648 5000 1793 5053 nulla

231 5098 565 5167 professione
592 5094 913 5149 nominatim
942 5090 1235 5146 obstrictos
1269 5087 1442 5143 fuisse
1484 5088 1794 5149 crediderit,

235 5192 320 5247 sed
350 5186 661 5243 voluntaria
691 5187 890 5255 pietate
931 5181 1244 5252 perfecisse,
1277 5194 1396 5251 qua:
1426 5178 1673 5233 monachi
1704 5180 1798 5231 im-

236 5283 399 5352 posita
429 5289 685 5335 votorum
728 5276 1049 5331 necessitate
1076 5272 1366 5329 faciebant.
1402 5270 1517 5326 Non
1542 5269 1798 5326 illusisset

241 5388 381 5427 error
403 5370 729 5426 doctissimo
769 5364 1047 5435 scriptori,
1080 5365 1125 5420 si
1154 5365 1381 5434 legisset
1409 5361 1665 5417 attentius
1704 5362 1796 5415 de-

244 5467 426 5521 cimum
464 5478 665 5519 nouum
690 5461 870 5516 Basilii
904 5472 1164 5516 cauonem
1191 5456 1290 5528 (ά).
1330 5453 1580 5510 Virorum
1608 5462 1782 5507 autem

306 5698 380 5767 (a)
414 5693 728 5767 ΫὶῑεΜιηετἔ
746 5708 805 5767 γρ.
840 5691 962 5746 192.

306 5765 378 5837 (b)
408 5766 502 5837 Ep.
521 5766 588 5819 37
617 5777 673 5819 et
692 5765 789 5837 738.

310 5828 377 5908 (ε)
407 5828 645 5891 Institut.
690 5836 782 5892 lib.
821 5848 916 5899 vu,
951 5848 1005 5888 c.
1037 5828 1099 5888 19

1904 4647 2202 4717 Theologus
2265 4645 2388 4707 sibi,
2435 4651 2555 4713 post
2602 4652 2816 4711 captum
2871 4654 2899 4693 a
2954 4653 3118 4694 carne
3174 4637 3457 4693 recedendi

1903 4741 2210 4803 consilium,
2260 4736 2526 4793 difﬁcilem
2573 4734 2828 4789 incidisse
2884 4732 3351 4795 deliberationem,
3390 4744 3457 4784 ex

1904 4834 2115 4888 duabus
2140 4832 2243 4886 viis
2288 4831 2395 4885 Deo
2425 4828 2595 4901 gratis
2643 4840 2887 4897 quamam
2924 4836 3067 4878 esset
3095 4822 3455 4894 praestantior,

1901 4941 2068 4995 seque
2109 4924 2258 4978 initis
2300 4921 2689 4990 subductisque
2728 4918 3030 4973 rationibus
3060 4916 3141 4971 sic
3169 4916 3307 4985 apud
3332 4915 3452 4968 ani-

1901 5033 2047 5073 mum
2075 5018 2324 5073 statuisse
2349 5034 2362 5070 :

2002 5175 2199 5245 Méo-qv
2218 5176 2313 5228 τιν’
2339 5169 2500 5245 ἦλθον
2527 5173 2747 5245 ᾲζύγῳν
2773 5172 2871 5245 καὶ
2892 5169 3153 5245 Δμιγάδων

2004 5246 2122 5300 Τῶν
2143 5236 2248 5317 ’μὲν
2276 5245 2335 5297 τὸ
2363 5236 2606 5299 ὀυννοῡν.
2635 5236 2743 5295 ’ἐῶν
2768 5242 2825 5295 δὲ
2858 5236 2922 5293 τὸ
2946 5236 3178 5311 χρηστὸν
3221 5236 3419 5309 φέρων.

2004 5381 2232 5436 Gradior
2271 5388 2470 5434 sotutos
2502 5378 2639 5431 inter
2663 5387 2817 5445 atque
2838 5390 3094 5445 mtgaaes,

2006 5452 2249 5506 Meditari
2275 5461 2327 5503 ut
2353 5450 2429 5513 hi,
2467 5449 2713 5518 prodesse
2739 5458 2789 5501 ut
2816 5448 2892 5500 illi
2919 5448 3175 5514 cogitans.

1974 5684 2050 5755 (ά)
2078 5682 2177 5755 sp.
2212 5682 2334 5738 199.

1978 5750 2041 5825 (ej
2066 5750 2326 5822 Interrog.
2358 5750 2443 5806 M.
