3992 6392
553 438 682 477 XVIII

1867 411 2229 468 PROLEGOM
2240 411 2393 467 ENA.

551 540 681 595 Cum
709 551 771 590 ex
805 534 888 590 his
927 550 1044 606 quae
1090 533 1399 604 praecedunt
1433 540 1489 587 et
1531 540 1850 600 sequuntur,
1884 542 1993 584 tum
2036 545 2098 582 ex
2132 540 2179 591 Α
2206 528 2523 583 accuratius.
2567 526 2708 581 Idem
2761 527 3048 582 discrimen
3106 527 3422 581 observatur
3469 525 3521 579 in
3561 526 3769 580 oratio-

553 628 792 698 plurilms
824 626 944 680 aliis
972 625 1217 695 Gregorii
1265 623 1400 679 locis
1448 623 1922 677 demonstrandum
1955 623 2109 677 nobis

551 728 633 771 est
667 716 901 785 ἀζύγους
943 716 1082 779 illos,
1114 715 1165 771 id
1207 725 1290 769 est
1339 713 1541 769 solutos
1583 722 1636 769 et
1679 712 1787 781 jugi
1838 723 2105 782 expertes,

554 809 911 861 anachoreias
944 802 1110 858 fuisse
1136 804 1249 858 sive
1274 802 1518 857 homines
1546 800 1984 870 contemplationi
2013 800 2107 854 de-

556 898 718 964 ditos,
753 897 986 964 migades
1033 910 1181 959 vero,
1214 904 1426 948 ascetas
1458 893 1510 945 in
1540 891 1761 958 agendis
1818 890 1975 945 rebus
2014 904 2109 943 oc—

558 997 818 1057 cupatos:
850 999 946 1038 nec
979 983 1297 1053 Gregorium
1334 982 1668 1037 deliberasse
1712 988 1887 1033 utrum
1922 993 2112 1033 mona-

560 1077 749 1131 sticam
790 1074 973 1137 vitam,
1008 1090 1074 1127 an
1124 1072 1413 1127 saeculares
1463 1070 1725 1123 tumultus
1758 1068 2112 1138 amplectere-

560 1177 671 1228 tur,
700 1165 792 1219 sed
839 1180 908 1218 ex
956 1164 1163 1217 duobus
1208 1170 1510 1215 ascetarum
1541 1160 1850 1228 generibus,
1882 1172 2111 1226 quorum

560 1257 656 1311 alii
700 1254 1161 1325 contemplationi,
1215 1254 1303 1307 alii
1349 1251 1552 1307 actioni
1608 1260 1751 1306 totos
1798 1264 1856 1304 se
1895 1250 2111 1316 dabant,

560 1359 740 1404 ηιῐυω
769 1363 929 1417 seque
937 1358 1047 1402 retu
1056 1363 1101 1400 l'.

632 1440 775 1494 Luce
811 1440 1008 1493 clarius
1045 1449 1127 1493 est
1173 1435 1408 1505 ἀζύγους
1447 1443 1504 1491 et
1548 1434 1788 1505 migades
1818 1435 1922 1490 duo
1951 1432 2116 1488 fuisse

564 1534 807 1588 instituta
846 1532 1119 1585 hominum
1152 1530 1261 1583 Deo
1311 1538 1767 1584 consecratorum.
1810 1527 1943 1582 Nam
1991 1543 2117 1582 cum

564 1622 860 1691 Gregorius
884 1621 1212 1675 deliberaret
1241 1629 1419 1674 utrum
1442 1620 1687 1690 eligeret,
1711 1619 1822 1688 jam
1853 1629 2119 1674 statuerat

567 1731 687 1771 sese
712 1716 821 1770 Deo
858 1726 1200 1780 consecrare,
1236 1722 1292 1766 ut
1324 1727 1392 1766 ex
1427 1713 1508 1767 his
1543 1712 1720 1768 verbis
1759 1712 1987 1782 perspici
2023 1725 2119 1780 po-

565 1818 670 1863 test
699 1825 712 1861 Ξ

672 1920 914 1973 Animum
940 1926 1195 1983 premeoat
1221 1932 1339 1968 nam
1368 1904 1535 1985 gravis
1558 1916 1703 1968 turbo
1730 1931 1897 1967 meum

672 1991 807 2043 Dum
832 2004 1007 2058 quer
1029 1989 1223 2058 primas
1252 1988 1304 2038 in
1336 1988 1479 2038 bonis
1504 1988 1751 2054 quidnam
1785 1987 1940 2052 ferat.

672 2062 715 2111 Α
755 2056 906 2111 carne
939 2059 1134 2109 dudum
1161 2056 1363 2123 longius
1399 2057 1630 2108 recedere

671 2130 937 2182 Statutum
969 2126 1234 2185 habebam,
1265 2138 1485 2192 tuncque
1512 2125 1764 2193 ﬁrmabar
1796 2123 1984 2191 magis.

672 2198 735 2250 At
762 2197 1010 2265 cogitanti
1038 2197 1100 2249 de
1126 2196 1220 2247 viis
1250 2195 1408 2262 gratis
1438 2194 1570 2256 Deo,

672 2263 1099 2319 Prwstantiorem
1122 2280 1225 2318 non
1258 2273 1371 2318 erat
1396 2273 1687 2332 promptum
1713 2263 1839 2315 mihi

673 2335 929 2405 Reperire.

641 2445 885 2500 Haerebat
932 2459 1059 2515 ergo
1097 2444 1388 2513 Gregorius
1430 2457 1538 2496 non
1579 2443 1719 2498 inter
1762 2444 2114 2499 monasticam

570 2550 628 2592 et
658 2538 968 2591 sazcularetn
1010 2537 1199 2601 vitam,
1230 2535 1325 2589 sed
1363 2535 1503 2588 inter
1536 2535 1972 2588 anachoreticam
2005 2536 2116 2589 sive

579 2626 1050 2695 sontemplativam
1091 2636 1146 2679 et
1196 2634 1495 2679 actuosam.
1525 2622 1666 2690 Quos
1714 2625 1855 2679 enim
1885 2624 2120 2693 ὰζύγους

571 2728 747 2783 vocat,
801 2734 987 2774 eorum
1045 2717 1273 2772 instituti
1327 2718 1569 2785 exempla
1615 2732 1682 2771 ex
1730 2716 1845 2770 Elia
1894 2727 1948 2773 et
2002 2710 2122 2771 ﬁliis

568 2810 807 2867 Ionadab
831 2821 886 2865 et
907 2807 1112 2864 Joanne
1135 2808 1374 2877 Baptista
1402 2807 1612 2876 repetit.
1632 2806 1958 2862 Retrahebat
1978 2808 2119 2861 illum

574 2906 642 2959 ab
672 2905 773 2957 hac
803 2903 914 2956 vita
946 2903 1246 2955 litterarum
1290 2915 1567 2954 sacrarum
1617 2914 1787 2962 amor,
1819 2899 2010 2966 quibus
2039 2913 2127 2952 ex-

574 2997 817 3053 colendis
846 3012 950 3051 non
979 2996 1134 3051 valde
1174 2996 1451 3064 appositus
1478 3011 1694 3049 eremus
1722 3015 1733 3049 :
1768 2995 2001 3064 illudque
2032 2997 2116 3049 in-

572 3086 841 3141 commodi
882 3087 933 3140 in
983 3086 1244 3155 ejusmodi
1276 3086 1584 3139 hominibus
1624 3086 1949 3153 reperiebat,
1981 3086 2122 3153 quod

576 3175 799 3230 multum
847 3175 1197 3245 sibimetipsis
1244 3175 1580 3244 prodessent,
1638 3183 1694 3228 at
1747 3174 1865 3230 aliis
1926 3188 2125 3244 nequa-

574 3280 757 3335 quam.
792 3264 916 3319 Haec
946 3266 1187 3334 profecto
1226 3264 1673 3319 anachoretarum
1708 3275 1763 3318 et
1797 3267 2125 3335 contempla-

578 3358 707 3412 tioni
740 3357 1042 3411 deditorum
1093 3355 1369 3411 hominum
1418 3356 1632 3426 propria
1669 3365 1815 3420 sunt,
1844 3372 1978 3424 quos
2012 3373 2117 3410 tne-

576 3447 684 3502 rito
714 3455 867 3501 vocat
896 3446 1149 3515 ἀζύγους,
1182 3459 1239 3502 ut
1266 3450 1355 3517 qui
1389 3450 1453 3501 ab
1487 3448 1634 3503 omni
1669 3446 1795 3517 jugo
1830 3447 2001 3510 liberi,
2029 3463 2128 3502 nec

576 3538 699 3592 ullis
721 3552 935 3607 prorsus
961 3539 1185 3593 vinculis
1225 3539 1433 3592 astricti
1484 3547 1683 3591 essent.
1720 3538 1871 3603 Quod
1918 3546 2125 3605 spectat

574 3628 641 3682 ad
674 3627 927 3696 migades,
956 3628 1068 3683 sive
1109 3643 1204 3683 eos
1236 3628 1327 3696 qui
1361 3643 1482 3681 cum
1524 3628 1644 3681 aliis
1675 3627 1988 3690 miscentur,
2016 3643 2118 3680 non

577 3716 807 3771 dtllicilis
833 3727 915 3770 est
953 3718 1340 3785 interpretatio.
1378 3716 1501 3772 lllos
1540 3718 1683 3771 enim
1728 3717 1925 3771 ibidem
1971 3726 2125 3771 vocat

578 3804 931 3877 πρακτικούς,
963 3807 1013 3861 id
1044 3817 1126 3860 est
1162 3817 1434 3869 actuosus,
1464 3821 1661 3874 eosque
1691 3806 1979 3875 pluritnum
2009 3805 2128 3858 aliis

578 3899 851 3967 prodesse,
896 3905 951 3950 at
1009 3897 1059 3949 in
1109 3897 1316 3964 magnis
1373 3896 1685 3950 tumultibus
1718 3895 1923 3948 versari
1977 3895 2124 3948 dicit.

578 3991 754 4053 Quare
786 3988 1011 4041 mediam
1046 3989 1182 4041 inter
1210 3998 1465 4056 utrosque
1497 3990 1637 4042 viam
1669 3998 1883 4042 secutus
1914 3996 2015 4051 est,
2039 3985 2129 4039 vel

579 4081 758 4151 potius
790 4090 1073 4147 utrumque
1103 4080 1402 4133 institutum
1454 4079 1614 4133 simul
1657 4078 1958 4146 conjunxit,
1986 4087 2042 4131 ut
2075 4086 2130 4132 et

577 4174 878 4227 litterarum
918 4187 1194 4226 sacrarum
1243 4172 1435 4226 studiis
1469 4181 1522 4225 et
1551 4169 1791 4225 fovenda:
1838 4178 2125 4239 parentum

576 4265 868 4319 senectutis
888 4262 1059 4318 cilicio
1085 4261 1441 4317 satisfaceret.

566 4403 568 4407 ,
651 4356 803 4426 Saepe
834 4357 965 4410 alias
1006 4358 1072 4410 de
1107 4357 1298 4410 iisdem
1329 4354 1629 4423 migadibus
1672 4356 1780 4422 agit
1814 4352 2127 4425 Gregorius,

581 4463 647 4503 ac
678 4450 875 4518 ubique
910 4449 963 4502 in
1010 4464 1127 4503 eam
1170 4464 1330 4518 quam
1373 4448 1609 4502 diximus
1666 4449 2005 4502 sententiam.
2042 4446 2133 4501 Sic

2212 637 2276 675 nc
2302 621 2363 675 21
2400 639 2411 674 :
2444 622 2504 674 Οί
2552 622 2827 691 μοναδικοὶ
2856 622 2945 673 καὶ
2978 620 3221 690 μιγάδες,
3244 622 3292 671 oi
3340 622 3437 689 τῆς
3467 619 3771 689 ἁπλότητος

2210 713 2301 766 καὶ
2343 715 2442 783 τῆς
2487 713 2788 784 ἀκριϐείας,
2817 712 2929 765 ὅσοι
2960 712 3057 781 τῆς
3099 709 3328 780 θεωρίας
3372 709 3465 763 καὶ
3510 711 3625 762 ὅσοι
3666 709 3776 779 τῆς

2212 802 2482 874 πράξεως.
2540 801 2786 858 Solitarii
2821 813 2869 855 et
2900 803 3149 870 migades,
3192 801 3279 868 qui
3308 800 3608 866 simpliciter
3641 799 3777 851 vivi-

2211 894 2298 956 tis,
2328 904 2374 947 et
2404 894 2494 962 qui
2520 901 2795 956 accurate;
2822 893 2909 949 aui
2937 889 3376 959 contemplationi,
3405 898 3450 942 et
3481 889 3569 958 qui
3599 890 3774 941 actio-

2212 984 2266 1038 ni
2294 1000 2384 1037 vos
2419 984 2577 1036 datis.

2284 1074 2406 1129 Haec
2436 1084 2609 1128 autem
2640 1075 2824 1138 verba,
2853 1074 2903 1127 οί
2955 1072 3237 1144 μοναδικοι
3280 1070 3371 1123 καὶ
3414 1069 3654 1141 μιγάδες,
3688 1069 3773 1121 sic

2214 1168 2386 1223 reddit
2429 1166 2633 1229 Billius,
2667 1166 2907 1219 monachi
2949 1168 3074 1219 etin
3114 1164 3362 1218 sodalitio
3418 1164 3657 1216 viventes.
3699 1164 3774 1213 At

2212 1258 2459 1332 profecto
2499 1259 2766 1327 migadum
2814 1257 3028 1311 nomine
3060 1272 3163 1309 non
3200 1253 3449 1321 intelligit
3474 1251 3777 1321 Gregorius

2215 1350 2531 1407 cmnobitas.
2573 1349 2704 1402 Nam
2738 1348 3018 1403 ctenobitte
3048 1347 3276 1402 mediam
3309 1346 3455 1399 illam
3495 1346 3634 1398 viam
3681 1345 3770 1397 in-

2218 1450 2301 1495 ter
2333 1442 2686 1494 anachoretas
2738 1448 2792 1493 et
2833 1439 3074 1509 migades
3123 1439 3395 1501 tenebant,
3438 1453 3595 1505 quam
3658 1437 3776 1504 ipse

2218 1530 2505 1601 Gregorius
2534 1532 2860 1599 sequendam
2902 1530 3004 1583 sibi
3039 1544 3158 1584 esse
3198 1529 3371 1583 duxit.
3410 1527 3561 1582 Unde
3590 1527 3641 1580 in
3670 1542 3769 1578 ea—

2219 1623 2338 1677 dem
2370 1622 2614 1676 oratione
2651 1622 2728 1674 ait
2774 1620 3071 1675 emnobitas
3116 1619 3168 1672 in
3216 1617 3445 1688 Egypto
3472 1616 3625 1670 simul
3650 1630 3777 1669 esse

2218 1715 2470 1769 eremitas
2496 1721 2554 1767 et
2594 1712 2851 1782 migades.
2897 1710 3013 1764 Duo
3060 1710 3201 1765 enim
3245 1709 3527 1779 distinguit
3581 1723 3773 1762 mona-

2222 1805 2444 1859 chorum
2475 1817 2670 1873 genera
2698 1804 2749 1856 in
2786 1801 3074 1855 solitudine
3102 1800 3391 1854 viventium
3419 1818 3432 1852 :
3464 1799 3527 1851 Oi
3552 1798 3648 1869 μὲν
3678 1798 3776 1851 τὸν

2151 1870 2194 1925 Β
2220 1895 2396 1964 πάντη
2432 1870 2710 1965 μοναδικόν
2753 1910 2813 1944 τε
2868 1892 2961 1944 καὶ
3013 1890 3241 1961 ἄμικτον
3270 1888 3604 1951 διαθλοῦντες
3634 1887 3771 1959 βίον,

2218 1989 2427 2051 ἑαυτοῖς
2461 1987 2635 2057 μόνοις
2659 1983 3079 2055 προσλαλοῦντες
3102 1984 3194 2036 καὶ
3215 1982 3292 2052 τῷ
3332 1980 3466 2051 Θεῷ,
3502 1981 3593 2032 καὶ
3616 1979 3779 2033 τοῦτο

2222 2078 2380 2148 μόνον
2416 2077 2618 2146 κόσμον
2658 2074 2873 2140 εἰδότες,
2905 2075 3027 2127 ὅσον
3069 2075 3125 2127 ὲν
3153 2075 3218 2144 τῇ
3247 2072 3448 2143 ἐρημίᾳ
3476 2061 3776 2141 γνωρίζου-

2221 2166 2411 2219 σιν.οί
2467 2164 2524 2216 δὲ
2577 2164 2738 2234 νόμον
2786 2163 3003 2233 ἀγάπης
3034 2165 3096 2232 τῇ
3154 2161 3403 2231 κοινωνίᾳ
3433 2159 3779 2230 στέργοντες,

2220 2258 2472 2330 ὲρημικοί
2518 2274 2577 2310 τε
2623 2256 2757 2327 ὁμοῦ
2805 2256 2897 2308 καὶ
2938 2254 3176 2324 μιγάδες.
3223 2252 3455 2317 Quorum
3498 2251 3590 2304 alii
3612 2252 3781 2304 vitam

2219 2366 2431 2419 prersus
2464 2348 2778 2413 solitariam,
2810 2355 2859 2400 et
2902 2345 2965 2398 ab
3011 2347 3275 2398 hominum
3312 2343 3554 2396 societate
3599 2358 3782 2396 remo-

2226 2454 2330 2497 tam
2385 2452 2563 2512 agunt,
2625 2442 2705 2494 sui
2755 2440 2987 2507 ipsorum
3045 2447 3247 2489 tantum
3308 2445 3353 2489 et
3387 2434 3483 2488 Dei
3520 2434 3786 2502 colloquio

2227 2534 2473 2601 fruentes,
2522 2543 2674 2600 atque
2724 2532 2857 2584 hanc
2923 2530 3177 2581 duntaxat
3223 2538 3373 2582 terra:
3426 2535 3624 2594 partem
3678 2540 3786 2591 pro

2226 2625 2417 2679 mundo
2463 2624 2725 2685 habentes,
2780 2636 2935 2691 quam
2975 2621 3027 2672 in
3065 2618 3344 2672 solitudine
3389 2616 3648 2686 cognitam
3676 2618 3787 2667 ha~

2228 2718 2361 2769 bent.
2387 2715 2497 2768 Alii
2539 2724 2709 2767 autem
2739 2712 3011 2765 charitatis
3048 2711 3208 2779 legem
3241 2725 3331 2777 per
3371 2707 3789 2761 communionem

2227 2817 2272 2859 et
2313 2807 2609 2859 societatem
2673 2804 2916 2866 colentes,
2968 2800 3193 2854 solitarii
3238 2798 3393 2854 simul
3443 2807 3490 2852 et
3549 2798 3789 2866 migades

2228 2906 2370 2950 sunt.
2406 2895 2537 2948 lllud
2570 2893 2734 2948 etiam
2766 2891 3013 2943 laudatur
3054 2906 3082 2942 a
3112 2890 3372 2959 Gregorio
3397 2888 3470 2959 (a)
3502 2888 3555 2940 in
3594 2900 3783 2940 mona-

2230 2988 2345 3043 chis
2389 2985 2740 3039 Nazianzenis
2768 2998 2783 3037 :
2809 2983 2997 3054 Μέτρσ.
3044 2982 3144 3052 τῆς
3176 2983 3256 3044 είς
3286 2980 3347 3033 τὸ
3390 2979 3564 3032 κοινὸν
3595 2980 3791 3047 ὲπιμι-

2233 3079 2349 3145 Είας
2374 3080 2467 3131 καὶ
2501 3078 2917 3148 ὑποχωρήσεως,
2950 3075 3046 3145 τῆς
3082 3074 3178 3145 μὲν
3210 3073 3333 3136 τοὺς
3363 3072 3552 3134 ἄλλους
3585 3070 3788 3123 παιδα-

2230 3171 2530 3242 γωγούσης,
2561 3171 2658 3240 τῆς
2689 3169 2743 3221 δὲ
2774 3168 2851 3238 τῷ
2881 3167 3149 3238 Πνεύματι
3185 3162 3659 3235 μυσταγωγούσης,
3687 3162 3793 3214 καὶ

2226 3266 2323 3334 τῆς
2352 3263 2450 3333 μὲν
2495 3265 2551 3315 ὲν
2602 3260 2679 3331 τῷ
2730 3259 2891 3329 κοινῷ
2920 3258 2980 3312 τὸ
3012 3260 3222 3313 ἄκοινον
3268 3255 3654 3327 φυλαττούσης,
3681 3258 3790 3326 τῆς

2226 3354 2282 3407 δὲ
2310 3354 2368 3405 ὲν
2414 3351 2490 3423 τῷ
2536 3351 2748 3421 ὰμίκτῳ
2780 3351 2839 3403 τὸ
2882 3350 3195 3418 φιλάδελφον
3244 3349 3337 3402 καὶ
3385 3348 3789 3419 φιλάνθρωπον.

2230 3448 2418 3503 Modus
2454 3459 2563 3501 tum
2609 3451 2662 3499 in
2711 3463 2978 3499 commune
3005 3446 3314 3514 prodeundi,
3348 3455 3455 3499 tum
3483 3446 3785 3509 secedendi,

2229 3542 2378 3603 illud,
2436 3540 2503 3591 ad
2556 3538 2685 3590 alios
2735 3538 3098 3603 instituendos,
3152 3536 3267 3600 hoc,
3302 3547 3353 3589 ut
3401 3536 3502 3603 ipsi
3555 3536 3788 3604 Spiritus

2228 3628 2484 3698 mysteriis
2510 3629 2830 3693 imbuuntur,
2870 3636 3024 3697 atque
3058 3629 3131 3679 ita
3160 3634 3451 3696 utrumque,
3477 3638 3522 3679 et
3557 3628 3609 3679 in
3638 3643 3791 3679 com-

2229 3722 2371 3774 muni
2401 3720 2731 3774 solitudinem
2762 3731 2981 3783 seruent,
3012 3729 3057 3771 et
3096 3720 3148 3772 in
3178 3720 3460 3772 solitudine
3497 3719 3789 3785 fraternam

2231 3812 2634 3865 benevolentiam
2678 3820 2724 3863 et
2778 3811 3105 3862 charitatem.
3163 3809 3414 3875 Quamvis
3447 3824 3573 3879 ergo
3612 3811 3790 3879 miga-

2231 3904 2325 3956 des
2349 3903 2508 3955 iidem
2545 3902 2811 3955 interdum
2848 3903 2957 3956 sint
3006 3903 3143 3969 apud
3178 3900 3459 3956 nonnullos
3494 3900 3789 3968 scriptores

2231 4010 2294 4049 ac
2322 3994 2624 4057 cmnobitze,
2658 4004 2710 4046 at
2738 4004 2885 4047 certe
2917 3992 3174 4061 Gregorio
3202 4008 3306 4047 non
3338 4000 3512 4061 potest
3553 3992 3663 4045 hcce
3696 3990 3788 4043 in-

2234 4086 2540 4152 terpretatio
2569 4082 2770 4151 aliingi,
2804 4084 2891 4152 qui
2918 4084 2970 4135 in
3002 4083 3281 4137 eosnobitis
3317 4083 3584 4150 migadum
3615 4082 3785 4135 vitam

2232 4192 2350 4231 cum
2410 4176 2859 4229 anaehoretarum
2918 4175 3162 4228 instituto
3239 4174 3486 4243 conjungi
3546 4173 3786 4228 volebat.

2232 4268 2370 4334 Quin
2419 4268 2581 4321 etiam
2619 4266 2912 4319 Maximum
2964 4267 3361 4335 philosophum,
3402 4266 3494 4335 qui
3542 4266 3789 4335 proiecto

2233 4360 2499 4415 ccenobita
2528 4374 2632 4413 non
2668 4368 2803 4424 erat,
2832 4358 2925 4412 sed
2958 4358 3133 4427 potius
3163 4373 3287 4411 erro
3316 4357 3529 4425 quidam
3557 4366 3608 4410 et
3636 4354 3788 4424 fugi-

2234 4452 2393 4517 tivus,
2426 4451 2563 4504 inter
2580 4450 2817 4519 migatles
2844 4459 3087 4503 nutrierat
3111 4449 3207 4517 (ὁ).
3236 4447 3385 4502 Hunc
3407 4448 3549 4502 enim
3578 4449 3787 4526 laudat,

579 4540 813 4608 loquitur
845 4540 898 4592 itt
933 4539 1179 4593 oratione
1219 4539 1244 4592 1
1274 4555 1289 4592 :
1316 4538 1432 4591 Κάν
1472 4538 1552 4591 ἔτι
1589 4537 1826 4609 ἀκριϐῶς
1850 4538 2122 4608 ὲξετάσῃς,

2233 4544 2373 4613 quod
2409 4542 2469 4594 τὸ
2498 4542 2811 4595 κοινωνικὸν
2838 4544 2931 4595 καὶ
2971 4540 3275 4610 ἐπίμικτον,
3302 4540 3616 4604 institutum,
3646 4542 3791 4607 quod

575 4632 698 4684 ὅσον
728 4629 788 4681 τὸ
819 4629 978 4699 μέσον
1002 4628 1108 4683 τῶν
1136 4631 1192 4683 ὲν
1218 4629 1495 4697 συζυγίαις
1520 4628 1653 4699 πρὸς
1676 4630 1803 4693 τοὺς
1849 4629 2092 4699 ἀγάμους
2114 4644 2129 4692 ;

577 4720 696 4775 Κᾶν
732 4719 936 4783 τούτοις
977 4720 1156 4785 πάλιν,
1182 4720 1287 4774 τῶν
1318 4722 1417 4791 τῆς
1446 4723 1678 4793 ἐρημίας
1702 4723 1834 4793 πρὸς
1867 4724 1991 4785 τοὺς
2017 4741 2130 4776 κοι-

579 4813 833 4875 νωνικοὺς
864 4812 957 4863 καὶ
995 4812 1222 4881 μιγάδας
1243 4830 1255 4842 ·
1280 4812 1386 4865 τῶν
1412 4814 1789 4885 ἐξητασμὲνων
1832 4816 1923 4867 καὶ
1952 4815 2131 4868 διαόεο

578 4904 821 4975 δηκότων
852 4904 908 4955 ὲν
943 4902 1161 4974 θεωρίᾳ,
1203 4904 1337 4974 πρὸς
1384 4907 1508 4967 τοὺς
1544 4906 1727 4971 ἁπλῶς
1775 4907 2130 4962 κατευθύνον-

575 5013 694 5060 τας.
735 4997 883 5061 Quod
910 4997 954 5049 si
990 4999 1286 5049 accuratius
1320 5012 1425 5049 rem
1446 5000 1731 5064 expendas,
1760 5009 2013 5067 quantum
2043 5003 2128 5054 in»

578 5086 850 5141 tervallum
884 5087 1017 5139 inter
1054 5085 1359 5154 conjugatos
1388 5098 1435 5139 et
1458 5087 1700 5142 caelibes?
1732 5087 1814 5141 Ea:
1838 5089 1917 5143 his
1950 5107 2131 5143 rursus

576 5189 830 5248 quantum
853 5180 986 5231 inter
1006 5194 1091 5230 eos
1125 5178 1213 5247 qui
1238 5181 1291 5230 in
1313 5193 1485 5230 eremo
1525 5190 1819 5244 versantur,
1851 5191 1897 5234 et
1928 5198 2011 5235 eos
2039 5182 2129 5251 qui

576 5286 871 5324 communes
910 5279 1027 5323 sunt
1067 5287 1128 5321 ac
1174 5270 1437 5338 migades:
1488 5271 1621 5323 inter
1644 5287 1730 5324 eos
1760 5274 1847 5341 qui
1886 5285 2131 5327 accurate

577 5363 766 5430 degunt
800 5373 846 5415 et
886 5363 939 5414 in
986 5362 1417 5430 contemplatione
1456 5362 1805 5430 profecerunt,
1833 5374 1882 5417 et
1927 5382 2011 5419 eos
2040 5368 2129 5435 qui

578 5456 879 5523 simpliciter
906 5468 1099 5509 rectam
1138 5455 1275 5507 viam
1314 5454 1514 5507 ineunt.
1556 5453 1795 5523 Migades
1830 5470 1958 5525 ergo
1988 5457 2128 5512 inter

577 5545 797 5600 cmlibes
827 5554 882 5599 et
930 5544 1270 5599 continentes
1306 5554 1675 5610 recensentur,
1710 5561 1818 5601 non
1862 5563 2019 5602 secus
2063 5564 2127 5603 ac

578 5635 676 5705 ipsi
712 5637 1085 5702 anachoretze;
1123 5635 1215 5691 sed
1261 5636 1418 5705 primi
1450 5636 1744 5707 simplicius
1794 5639 1996 5707 vivunt,
2032 5642 2119 5697 isti

650 5751 725 5819 (a)
760 5750 851 5805 0r.
894 5751 978 5804 1‘2.

648 5821 721 5893 (ὁ)
760 5824 852 5877 Ur.
883 5824 970 5876 £5.

2218 4637 2538 4690 °soeietatem
2577 4636 2699 4687 colit
2748 4647 2794 4688 et
2822 4633 3180 4702 permiscetur,
3207 4633 3494 4689 eremitica:
3523 4643 3578 4688 et
3601 4633 3793 4688 solita-

2238 4729 2328 4781 riae
2367 4728 2486 4781 vitae
2513 4728 2822 4797 praetulerit.

2310 4820 2366 4874 V.
2404 4819 2527 4874 Haec
2567 4820 2804 4889 pluribus
2843 4817 3117 4872 referenda
3162 4818 3442 4886 duximus,
3500 4826 3556 4872 ut
3606 4828 3660 4873 et
3717 4820 3791 4874 de

2235 4911 2489 4981 Gregorio
2518 4922 2573 4966 et
2609 4913 2674 4965 de
2704 4910 2898 4964 Basilio
2928 4911 3207 4977 sciremus,
3235 4910 3500 4979 quodnam
3534 4910 3654 4964 vita:
3685 4926 3787 4979 ge-

2236 5016 2335 5056 nus
2366 5001 2501 5055 alter
2528 5000 2765 5070 elegerit,
2803 5000 2937 5054 alter
2978 5000 3410 5054 in'monasteriis
3434 5002 3546 5053 suis
3579 5001 3789 5053 consti-

2235 5092 2417 5144 tuerit.
2444 5088 2572 5143 Nam
2609 5089 2835 5143 medium
2872 5090 2996 5143 illud
3026 5090 3163 5143 inter
3197 5088 3546 5143 anachoretas
3592 5098 3645 5142 et
3680 5090 3781 5141 ini—

2235 5185 2395 5253 gades
2424 5183 2741 5247 institutum,
2766 5184 2903 5251 quod
2927 5182 3216 5251 Gregorius
3242 5182 3372 5234 tanti
3398 5180 3649 5246 faciebat,
3671 5181 3789 5247 ipse

2234 5276 2393 5328 etiam
2446 5272 2672 5326 Basilius
2716 5274 2766 5324 in
2815 5274 3151 5327 monasteriis
3194 5274 3306 5327 suis
3354 5272 3601 5326 instituit.
3668 5271 3788 5325 Non

2234 5366 2374 5419 enim
2412 5366 2551 5418 hanc
2581 5364 2759 5417 Basilii
2788 5364 2995 5417 laudem
3029 5364 3365 5433 praetermisit
3393 5363 3701 5433 Gregorius,
3725 5373 3790 5417 ttt

2235 5472 2301 5511 ex
2334 5457 2416 5509 his
2450 5455 2624 5510 verbis
2654 5456 3000 5522 perspicimus
3024 5456 3092 5522 (c)
3130 5474 3142 5507 :
3170 5454 3273 5507 Τοῦ
3296 5455 3470 5508 τοίνυν
3518 5454 3786 5524 ὲρημικοῦ

2228 5548 2341 5618 βίου
2384 5546 2597 5599 καὶτοῦ
2635 5548 2854 5616 μιγάδος
2886 5549 3201 5618 μαχομένων
3237 5548 3367 5618 πρὸς
3411 5546 3666 5617 ἀλλήλους
3706 5546 3784 5607 ὡς

2224 5642 2291 5694 τά
2320 5638 2487 5691 πολλὰ
2532 5641 2624 5692 καὶ
2658 5639 3027 5709 διϊσταμένων,
3064 5641 3153 5692 καὶ
3184 5639 3458 5709 οὐδετέρου
3493 5638 3705 5699 πάντως
3745 5638 3780 5707 ἦ

2308 5759 2374 5828 (ι’)
2415 5759 2562 5811 Orat.
2601 5758 2687 5811 20.
