3992 6392
1548 394 1705 448 VITA
1748 398 1803 451 S.
1848 397 2110 456 BASILII.

3336 418 3424 463 ιικ

246 507 291 561 ab
311 503 473 569 καλὸν,
500 504 532 575 ἦ
554 504 616 557 τὸ
644 504 850 574 φαῦλον
875 506 1228 578 ἀνεπίμικτον
1254 509 1490 580 ἔχοντος·
1522 512 1657 568 ἀλλὰ
1680 512 1757 567 τοί

1878 517 2167 572 eremiticae
2186 517 2306 572 vitae
2334 518 2611 573 commoda
2631 536 2643 571 :
2667 518 2885 573 arcebat
2925 517 3258 575 incommoda
3286 520 3435 577 Basi-

247 599 320 669 μὲν
356 593 569 666 ἡσυχίου
621 596 737 665 μὲν
766 596 913 659 ὖντος
958 596 1176 667 μᾶλλον,
1228 600 1320 651 xui.
1357 600 1768 671 καθεστηκότος,

243 690 315 743 καὶ
348 687 458 755 Θεῷ
490 688 839 755 συνάγοντος·
864 689 964 741 οὐκ
982 690 1186 759 ἀτύφου
1203 690 1257 743 δὲ
1281 691 1366 745 διὰ
1382 693 1442 745 τὸ
1458 694 1552 762 τῆς
1570 694 1772 765 ἀρετῆς

242 779 550 834 ὕισάνιστον
580 778 683 830 καὶ
715 779 1045 850 ἀσύγκριτον
1071 798 1084 811 ·
1121 782 1212 835 τοῦ
1241 782 1295 834 δὲ
1329 786 1770 855 πρακτικωτέρου

242 876 313 943 μὲν
330 872 515 941 μᾶλλον
544 874 646 924 καὶ
673 874 1109 945 χρησιμωτέρου,
1127 875 1186 927 τὸ
1213 876 1511 947 θορυϐῶδες
1543 880 1603 931 οὐ
1637 880 1770 947 φεύ-

238 980 401 1033 τοκῆες,
433 964 524 1016 καὶ
552 964 787 1027 τούτους
811 967 1011 1035 ἄριστα.
1045 967 1372 1038 κατήλλαξεν
1404 968 1651 1040 ἀλλήλοις
1678 972 1771 1023 καὶ

236 1053 548 1123 συνεκέρασεν
568 1069 584 1083 ’
633 1055 946 1125 ἁσκητήρια
977 1056 1070 1108 καὶ
1100 1059 1429 1127 μοναστήρια
1452 1058 1771 1129 δειμάμενος

236 1145 326 1215 μὲν,
356 1144 409 1195 οὐ
434 1144 629 1214 ττόρρω
657 1145 718 1197 δὲ
740 1146 849 1199 τῶν
878 1148 1205 1202 κοινωνικῶν
1236 1150 1329 1202 καὶ
1358 1150 1618 1220 μιγάδων,
1649 1152 1769 1204 οὐδὲ

231 1232 575 1302 ὦππερτειχίῳ
600 1234 716 1287 τινὶ
746 1235 894 1305 μέσῳ
918 1236 1087 1289 ταῦτα
1114 1237 1402 1305 διαλαϐὼν,
1434 1241 1527 1293 καὶ
1556 1242 1649 1293 ἀπ’
1672 1242 1769 1295 ἀλ-

231 1324 370 1395 λήλων
395 1324 660 1395 χωρίσας,
702 1326 838 1379 ἀλλὰ
884 1327 1108 1397 πλησίον
1143 1329 1383 1399 συνάψας
1431 1332 1521 1384 καὶ
1554 1331 1769 1397 διαζεύ-

232 1418 336 1481 ξας’
368 1418 445 1468 ἵνα
475 1418 615 1486 μήτε
650 1417 715 1469 τὸ
748 1418 1031 1487 φιλόσοφον
1064 1417 1500 1492 ἀκοινώνητονῇ,
1544 1424 1679 1495 μήτε
1708 1425 1769 1477 τὸ

232 1508 484 1578 πρακτικὸν
506 1507 869 1577 ἀφιλόσοφον.
913 1509 1041 1561 Cum
1082 1511 1244 1578 igitur
1274 1512 1513 1565 solitaria
1556 1514 1684 1579 vita,
1722 1524 1769 1567 et

231 1613 277 1649 ea
295 1614 396 1665 qua
421 1598 674 1650 societate
715 1599 928 1666 gaudet,
958 1608 1015 1651 ut
1052 1600 1334 1667 plurimum
1372 1601 1507 1655 inter
1533 1618 1586 1655 se
1610 1602 1769 1655 dissi-

231 1688 393 1751 dereat,
429 1704 488 1740 ac
525 1699 831 1757 pugnarent
864 1706 882 1743 :
922 1701 1205 1761 neutraque
1242 1694 1470 1756 omnino,
1507 1694 1583 1747 vel
1629 1710 1769 1747 com—

234 1782 373 1845 moda,
413 1782 485 1834 ael
512 1780 857 1836 incommoda
888 1799 985 1837 sua
1009 1801 1142 1851 pura
1182 1794 1233 1838 et
1264 1786 1493 1839 immista
1525 1787 1767 1850 haberet;

1873 609 1930 662 lii
1958 624 2084 663 cura
2112 609 2164 662 in
2188 610 2268 663 eis
2298 610 2632 675 erudiendis;
2657 609 2811 678 cujus
2840 610 2917 664 rei
2943 609 3257 678 praeclarum
3295 610 3433 667 indi-

1874 700 2011 753 cium
2035 708 2117 755 est
2138 700 2363 769 epistola
2397 710 2606 765 octava,
2637 715 2795 770 quam
2826 701 3095 771 paulisper
3115 704 3305 759 abesse
3338 720 3431 760 co-

1874 802 2026 847 actus
2062 792 2297 860 scripsit,
2335 802 2393 845 ut
2426 805 2520 846 eos
2542 794 2608 847 ad
2643 794 2959 848 evertendas
2987 795 3306 849 Arianorum
3339 812 3429 850 ar-

1872 881 2045 950 gutias
2069 880 2442 935 communiret.
2490 882 2715 935 Dubium
2760 898 2864 935 non
2906 893 2987 937 est
3033 884 3160 953 quin
3200 887 3329 941 socii
3373 897 3429 941 et

1872 972 2168 1025 imitatores
2202 971 2385 1026 Basilii
2418 972 2617 1026 fuerint
2662 989 2782 1027 cum
2830 974 2882 1027 in
2925 975 3027 1028 fide
3074 975 3429 1041 defendenda,

1873 1073 1983 1117 tum
2008 1064 2061 1116 in
2094 1062 2214 1116 aliis
2234 1063 2415 1126 rebus,
2441 1079 2574 1132 quas
2610 1064 2860 1119 Ecclesia:
2886 1080 3044 1119 causa
3074 1067 3238 1135 gessit
3262 1067 3312 1119 in
3344 1082 3431 1120 sua

1871 1156 2120 1209 litudine.
2162 1154 2321 1208 Certe
2354 1169 2457 1207 non
2484 1154 2618 1208 alios
2643 1156 2911 1221 designat,
2942 1170 3061 1208 cum
3089 1156 3165 1209 ait
3196 1157 3248 1210 in
3266 1157 3424 1225 epist.

1870 1246 1960 1310 51,
1984 1262 2037 1299 n.
2062 1245 2116 1308 ‘2,
2154 1261 2211 1300 se
2240 1260 2360 1300 cum
2394 1246 2573 1299 multis
2610 1246 2662 1299 in
2704 1248 2870 1315 patria
2908 1247 3075 1301 Deum
3115 1248 3422 1303 timentibus

1870 1336 2220 1392 insolabiliter
2254 1336 2504 1405 doluisse,
2559 1338 2699 1405 quod
2747 1337 2964 1392 Diauius
3006 1338 3247 1393 formulae
3288 1338 3429 1392 Con-

1869 1428 2214 1498 stantinopoli
2265 1429 2437 1483 allatae
2484 1429 2912 1498 subscripsisset.
2942 1431 3118 1501 Atque
3161 1431 3276 1486 hate
3309 1432 3430 1501 qui-

1870 1522 1993 1578 dem
2019 1523 2084 1576 de
2104 1521 2300 1576 Basilio
2332 1520 2552 1590 ejusque
2574 1521 2868 1590 discipulis.

1937 1613 2007 1666 At
2029 1612 2169 1667 forte
2200 1612 2265 1666 de
2298 1611 2558 1681 Gregorio
2588 1610 2821 1665 dubitari
2856 1610 3047 1680 possit,
3070 1620 3245 1665 utrum
3276 1626 3334 1666 se
3368 1611 3420 1666 in

1869 1704 2253 1759 monasterium
2294 1702 2575 1770 receperit.
2628 1702 2823 1757 Verum
2871 1704 3081 1757 etiamsi
3136 1705 3425 1759 asceticum

1871 1795 2168 1848 institutum
2205 1794 2256 1848 in
2289 1794 2527 1864 paternis
2560 1795 2763 1849 aedibus
2806 1794 3148 1859 excoluisset,
3197 1796 3327 1850 nihil
3376 1797 3425 1851 id

231 1886 369 1923 rerum
392 1871 479 1923 illa
504 1874 681 1942 magis
706 1875 914 1942 quidem
944 1874 1229 1944 tranquilla
1268 1884 1314 1929 et
1356 1879 1641 1947 composita
1686 1894 1767 1932 εει
1798 1866 1840 1920 Β
1869 1886 1934 1940 de
1964 1886 2079 1953 ejus
2116 1895 2362 1940 votorum
2396 1887 2749 1955 perpetuitate
2772 1887 3103 1952 detraheret,
3134 1901 3233 1943 nec
3262 1888 3425 1943 idcir-

230 1972 305 2027 set,
336 1980 391 2017 ac
412 1962 514 2018 Deo
545 1966 763 2019 animos
785 1965 1049 2034 copularet
1077 1981 1096 2019 :
1128 1976 1370 2020 cteterum
1404 1970 1466 2022 ob
1489 1986 1603 2023 eam
1634 1985 1763 2023 cau-

230 2072 313 2106 san
334 2055 464 2122 [astu
493 2072 601 2109 non
634 2067 873 2121 careret,
905 2059 1041 2128 quod
1068 2059 1229 2113 uirtus
1254 2076 1354 2113 non
1380 2061 1763 2129 explorantur,

232 2164 299 2200 nec
322 2148 369 2200 in
394 2150 848 2217 comparationem
877 2150 1071 2203 veniret
1090 2166 1109 2213 ;
1130 2151 1241 2204 haec
1258 2163 1429 2206 autem
1452 2155 1619 2222 magis
1645 2154 1764 2223 qui-

230 2239 320 2295 dem
345 2250 553 2295 actuosa
586 2251 637 2294 et
684 2240 833 2295 utilis
856 2250 1010 2305 esset,
1048 2258 1222 2296 verum
1260 2261 1293 2297 a
1327 2246 1633 2301 tumultibus
1664 2249 1762 2303 mi-

232 2334 465 2389 saslibera
487 2351 506 2389 :
532 2334 801 2403 prteclare
826 2348 916 2388 eas
946 2334 1081 2387 inter
1111 2351 1164 2388 se
1187 2337 1536 2392 reconciliavit
1569 2356 1630 2393 ac
1648 2357 1762 2406 per-

228 2430 418 2493 miscuit,
438 2429 655 2497 pietatis
686 2429 934 2482 nimirum
953 2431 1222 2500 gymnasia
1248 2439 1294 2483 et
1322 2431 1635 2483 monasteria
1666 2447 1759 2484 ea:-

235 2534 426 2587 straens,
452 2540 550 2575 non
575 2534 762 2577 tamen
786 2524 939 2588 longe
964 2525 1313 2592 discrepantia
1340 2525 1403 2579 ab
1428 2525 1498 2578 iis
1526 2542 1641 2594 qua:
1667 2543 1755 2581 so-

230 2618 426 2668 cietatent
470 2615 685 2680 colunt,
728 2627 778 2669 et
822 2617 1226 2682 permiscentur;
1281 2633 1370 2670 nec
1433 2617 1570 2670 velut
1612 2634 1757 2672 muro

231 2709 425 2777 quopiam
458 2708 741 2778 interjecto
777 2708 889 2763 haec
922 2709 1158 2763 instituta
1192 2710 1518 2779 distinguens
1552 2718 1705 2779 atque
1726 2727 1757 2763 a

229 2801 469 2853 seiaaicens
498 2817 779 2869 separans,
808 2816 986 2853 verum
1014 2817 1169 2870 prope
1195 2801 1508 2869 conjungens
1538 2818 1600 2855 ac
1626 2802 1757 2854 diri-

229 2908 337 2946 tms
368 2908 385 2945 :
420 2903 472 2945 ut
510 2909 608 2947 nec
643 2894 1010 2959 contemplatio
1052 2896 1529 2947 communicationis
1569 2910 1754 2962 expers

229 2992 345 3045 esset,
391 3000 475 3036 nec
519 2984 670 3036 actio
722 2984 1151 3052 contemplatione
1203 2970 1419 3041 careret.
1472 2984 1756 3040 Existimat

234 3073 564 3130 Tillemontius
602 3079 1055 3130 anachoretarum
1082 3079 1221 3131 uades
1249 3092 1419 3147 prope
1441 3079 1688 3133 cmnobia
1722 3096 1751 3132 a

232 3164 388 3221 Basilio
426 3167 595 3224 fuisse
647 3179 967 3223 exstructas.
1029 3169 1083 3222 ln
1129 3185 1233 3238 quo
1283 3171 1496 3239 quidem
1547 3172 1753 3240 decepit
1781 3206 1819 3261 C

228 3271 321 3308 uim
348 3255 475 3311 Billii
497 3258 905 3327 interpretatio,
954 3258 1041 3327 qui
1090 3259 1176 3313 hic
1207 3275 1417 3329 quoque
1454 3262 1751 3317 cmuobitas

232 3348 457 3415 migsdum
521 3350 748 3403 nomine
802 3350 1081 3405 intellexit.
1151 3349 1241 3403 Sic
1268 3352 1411 3405 enim
1474 3352 1747 3407 reddidit:

231 3434 409 3489 Pietatis
439 3440 693 3492 nimirum
718 3442 990 3508 gymnasia
1026 3449 1073 3493 et
1108 3442 1420 3494 monasteria
1456 3454 1747 3506 exstruens,

233 3542 309 3578 non
326 3537 479 3581 tamen
511 3529 673 3599 longo
700 3530 969 3583 intervallo
993 3530 1057 3583 ab
1090 3530 1152 3583 iis
1189 3533 1277 3600 qui
1311 3534 1363 3585 in
1401 3533 1641 3585 sodalitio
1676 3536 1748 3586 vi-

230 3630 339 3670 ew.
363 3619 647 3675 Befellitur
672 3622 789 3676 haec
823 3622 1189 3690 interpretatio
1210 3638 1279 3677 ex
1315 3632 1421 3677 tota
1458 3623 1637 3679 Basilii
1667 3624 1749 3678 lti-

237 3711 385 3777 storia,
421 3728 581 3781 quem
612 3713 900 3767 emnobitis
920 3714 1195 3779 praefuisse
1220 3724 1450 3779 constat,
1489 3730 1592 3769 non
1620 3732 1749 3769 ana-

230 3803 421 3858 ch'oretis
466 3820 639 3875 prope
674 3804 972 3860 coenobitas
1008 3806 1330 3861 constitutis.
1372 3807 1573 3862 Deinde
1622 3822 1750 3863 vero

236 3894 455 3964 migadum
490 3898 717 3953 nomine
752 3913 857 3953 non
885 3899 1182 3965 emnobitze,
1218 3899 1312 3954 sed
1348 3910 1546 3954 ascetae
1578 3904 1747 3956 actio-

234 3986 270 4037 ni
295 3988 453 4055 dediti,
479 4001 540 4044 ut
570 3992 628 4043 in
652 3990 1017 4059 superioribus
1048 3991 1199 4056 locis,
1222 3992 1569 4059 designantur
1601 4012 1615 4048 :
1650 4007 1749 4048 nec

237 4078 539 4136 suacboretas
563 4080 797 4135 Basilius
830 4096 1000 4151 prope
1022 4083 1259 4152 migades
1291 4085 1567 4139 constituit
1602 4104 1615 4139 :
1653 4088 1748 4141 sed

235 4174 469 4238 utrumque
491 4173 802 4226 institutum
835 4173 979 4226 nullo
1009 4190 1228 4243 prorsus
1251 4191 1403 4230 muro
1425 4176 1745 4246 diremptum

233 4270 321 4314 esse
342 4264 515 4329 voluit,
558 4266 744 4336 sicque
778 4275 1082 4335 utrumque,
1106 4268 1362 4323 cmuobiis
1388 4271 1745 4335 exstruendis,

234 4351 484 4419 conjunxit,
536 4368 601 4409 ut
638 4370 739 4409 nec
768 4356 1213 4409 anaeboretarum
1245 4358 1457 4411 deesset
1494 4359 1743 4423 solitudo,

232 4453 306 4494 nec
350 4445 610 4513 migadum
667 4445 909 4500 officiosa
977 4445 1230 4510 charitas,
1289 4448 1582 4515 primorum
1650 4464 1746 4503 au-

234 4538 311 4584 tem
350 4534 555 4590 abesset
604 4534 773 4591 fastus
803 4535 1121 4605 periculum,
1167 4546 1223 4591 et
1260 4538 1614 4607 posteriorum
1659 4549 1741 4593 tu-
1772 4548 1815 4603 D

232 4621 403 4679 multus.

283 4712 397 4769 Idem
417 4733 558 4787 ergo
606 4718 935 4788 propositum
986 4717 1085 4774 fuit
1127 4718 1388 4788 Gregorio
1421 4728 1471 4775 et
1508 4719 1735 4776 Basilio.

234 4799 411 4877 Utrique
446 4812 793 4865 solitudinem
828 4826 945 4865 cum
980 4812 1152 4868 sacris
1190 4814 1386 4869 litteris
1418 4814 1742 4884 conjungere

235 4894 384 4950 volenti
410 4915 500 4955 nec
523 4902 971 4956 anachoretarum
999 4903 1270 4959 arridebat
1292 4905 1397 4959 vita
1438 4920 1536 4960 nec
1570 4907 1741 4976 miga-

232 4985 341 5039 dunt.
370 4989 438 5043 Ac
470 4991 540 5045 de
566 4991 764 5046 Basilio
788 4993 1003 5061 quidem
1046 5003 1192 5048 certa
1237 5004 1291 5048 et
1326 4995 1596 5063 explorata
1652 5012 1736 5052 res

232 5085 304 5139 εει,
337 5092 440 5135 eum
486 5083 683 5137 vixisse
728 5083 781 5137 in
818 5086 1141 5140 monasterio
1191 5096 1246 5141 et
1296 5086 1573 5156 discipulis
1624 5088 1736 5143 suis

231 5169 420 5224 eatndem
468 5175 679 5227 vivendi
725 5173 950 5229 formam
997 5178 1407 5246 praescripsisse,
1456 5194 1619 5247 quam
1680 5180 1734 5233 in

236 5266 515 5320 monasteriis
545 5264 763 5337 Ξκιριί
796 5267 1024 5331 viderat,
1071 5269 1144 5323 ita
1176 5278 1234 5323 ut
1280 5284 1377 5323 nec
1416 5271 1736 5325 necessariis

236 5350 282 5402 ad
312 5368 466 5412 sacras
506 5357 717 5413 litteras
760 5360 1038 5427 praesidiis,
1078 5371 1134 5414 ut
1161 5362 1527 5429 anacltoretze,
1580 5378 1736 5415 care-

238 5448 338 5501 rent,
376 5458 463 5499 nec
509 5456 567 5501 ut
619 5448 878 5517 migades,
931 5450 1152 5504 nimium
1206 5451 1483 5504 charitatis
1541 5452 1734 5507 officiis

237 5533 558 5596 memrentur,
598 5536 694 5587 sed
724 5535 1113 5591 meditarentur
1135 5547 1191 5592 ut
1213 5540 1394 5607 primi,
1417 5541 1734 5607 prodessent

237 5617 276 5659 οι
300 5620 503 5673 secundi.
546 5620 665 5690 Ipse
704 5628 1012 5682 monasterii
1061 5628 1195 5683 situs
1247 5627 1505 5684 afferebat
1550 5632 1730 5684 utnuia

282 5792 339 5869 (ai
370 5805 532 5857 Larm.
565 5806 628 5859 de
656 5806 778 5859 vita.

1866 1992 1932 2032 co
1962 1978 2131 2031 videri
2165 1978 2404 2041 deberet,
2440 1986 2533 2031 aut
2570 1979 2913 2033 continentiae
2951 1978 3281 2047 professione
3330 1979 3425 2034 ob-

1865 2070 2085 2123 strictus
2126 2085 2229 2125 non
2269 2069 2455 2134 fuisse,
2492 2079 2584 2124 aut
2619 2085 2723 2124 non
2762 2085 2821 2125 se
2854 2071 3104 2125 omnibus
3136 2070 3292 2125 rebus
3328 2085 3424 2140 pro

1863 2162 2079 2217 Christo
2120 2163 2371 2217 nudasse.
2419 2162 2560 2229 Quot
2602 2162 2747 2218 enim
2788 2163 2958 2218 tribus
2998 2163 3185 2232 primis
3215 2160 3424 2217 saeculis

1862 2252 2123 2321 ejusmodi
2156 2254 2315 2306 vitam
2345 2262 2471 2309 ante
2499 2262 2772 2308 exstructa
2812 2254 3134 2309 monasteria
3176 2262 3421 2323 egerunt,

1862 2348 1928 2399 de
1982 2346 2173 2414 quibus
2214 2355 2391 2401 tamen
2427 2346 2530 2401 dici
2568 2362 2672 2401 non
2715 2355 2891 2416 potest
2930 2345 3069 2415 quod
3108 2347 3173 2401 de
3202 2345 3419 2411 Basilio,

1861 2434 2143 2505 Gregorio,
2178 2434 2383 2492 Joanne
2429 2438 2818 2507 Chrysos‘tomo
2862 2445 2915 2491 et
2961 2438 3079 2492 aliis
3112 2438 3422 2507 pronuntiat

1860 2525 2266 2591 Thomassinus,
2315 2530 2458 2581 nulla
2514 2544 2607 2583 eos
2652 2530 2762 2582 voti
2807 2530 3126 2583 necessitate
3171 2530 3421 2586 astrictos

1858 2616 2068 2672 fuisse?
2107 2618 2237 2683 Quis
2264 2618 2470 2672 dubitet
2496 2618 2623 2687 quin
2650 2618 2709 2672 S.
2739 2618 3036 2688 Cyprianus
3068 2628 3322 2688 perpetuo
3342 2635 3421 2673 se-

1858 2722 1916 2763 se
1958 2708 2271 2779 obligaverit
2316 2718 2461 2774 voto,
2506 2726 2625 2764 cum
2652 2711 2792 2764 bona
2826 2725 2921 2764 sua
2962 2711 3281 2779 pauperibus
3312 2711 3420 2764 dis-

1860 2801 2066 2864 tribuit,
2116 2815 2180 2855 ac
2212 2803 2595 2856 continentiam
2644 2804 2815 2857 adhuc
2846 2802 3263 2857 catechumenus
3302 2818 3419 2855 am-

1855 2893 2046 2963 plexus
2079 2893 2200 2947 est?
2226 2893 2449 2947 Miratur
2481 2893 2699 2949 Pontius
2726 2904 2927 2948 tantum
2954 2895 3004 2947 in
3033 2894 3419 2949 catechumeno

1855 2984 2137 3039 fervorem.
2170 2983 2315 3037 Inter
2344 2985 2467 3051 [idei
2496 3002 2626 3051 saw,
2675 2986 2864 3055 inquit,
2910 2987 3079 3054 prima
3121 2985 3415 3038 rudimenta

1854 3076 1982 3129 nihil
2010 3076 2156 3129 aliud
2188 3079 2407 3130 credidit
2453 3076 2561 3133 Deo
2589 3079 2825 3147 dignum,
2860 3094 3015 3146 quam
3064 3078 3107 3131 si
3154 3077 3418 3131 continen-

1856 3170 1983 3221 tiam
2026 3176 2317 3222 tueretur...
2358 3167 2488 3233 Quis
2521 3186 2748 3239 unquam
2788 3171 2923 3223 tanti
2966 3170 3206 3222 miraculi
3236 3170 3417 3222 memi-

1856 3257 1970 3309 nit?
2021 3257 2200 3327 luepta
2233 3272 2453 3326 prorsus
2501 3268 2557 3312 et
2598 3261 2825 3313 absurda
2867 3258 3114 3313 laudandi
3168 3260 3323 3323 ratio,
3368 3259 3413 3313 si

1854 3349 2234 3403 continentiam
2256 3348 2561 3420 Cyprianus
2584 3362 2892 3419 perpetuam
2920 3364 3025 3403 non
3053 3359 3289 3415 voverat,
3318 3352 3413 3405 sed

1852 3440 1917 3491 ad
1945 3450 2151 3507 tempus
2172 3440 2397 3494 colebat.
2429 3439 2605 3507 Quare
2630 3441 2843 3496 etiamsi
2890 3442 3203 3511 Gregorium
3231 3458 3415 3496 mona—

1853 3530 2014 3585 steria
2055 3547 2159 3585 non
2205 3533 2537 3596 habuissent,
2582 3548 2685 3587 non
2729 3531 2932 3586 idcirco
2982 3545 3231 3599 magnum
3283 3533 3412 3587 illud

1850 3630 2227 3675 ornamentum
2260 3626 2559 3677 monastico
2597 3624 2841 3679 instituto
2882 3623 3017 3693 eripi
3056 3634 3254 3693 posset.
3306 3624 3412 3681 Sed

1852 3723 2030 3767 tamen
2066 3714 2281 3783 probari
2314 3724 2485 3783 potest
2529 3729 2651 3769 eum
2697 3732 2802 3771 non
2833 3715 3108 3770 minimam
3136 3717 3258 3770 vitae
3286 3731 3413 3785 par-

1864 3813 1974 3859 tem
2016 3806 2067 3859 in
2094 3806 2418 3861 monasterio
2444 3807 2761 3862 traduxisse.
2786 3807 2839 3861 ln
2868 3809 3192 3863 monasterio
3224 3808 3406 3862 Basilii

1848 3906 2208 3951 commoratus
2263 3906 2346 3951 est
2406 3896 2713 3965 aliquandiu
2773 3910 3059 3967 antequam
3128 3900 3409 3969 presbyter

1849 3999 2146 4053 crearetur,
2186 3999 2240 4043 et
2282 3989 2492 4057 qualem
2537 3991 2609 4045 ibi
2655 3992 2818 4044 vitam
2840 3993 3029 4059 egerit,
3060 3993 3273 4061 egregie
3304 3992 3401 4045 de-

1847 4080 2035 4135 scribit
2061 4080 2113 4133 in
2138 4095 2220 4148 ep.
2244 4079 2277 4133 8
2310 4091 2361 4135 et
2390 4082 2442 4136 9.
2471 4080 2623 4136 Unde
2661 4096 2764 4135 non
2797 4082 3063 4135 immerito
3090 4081 3318 4136 Basilius
3344 4080 3397 4135 in

1848 4169 2003 4239 epist.
2031 4169 2237 4233 223,11.
2273 4170 2327 4239 5,
2361 4180 2584 4225 testatur
2621 4186 2803 4226 secum
2840 4173 2891 4225 in
2920 4174 3249 4235 monasterio,
3271 4170 3403 4226 Gre-

1848 4262 2055 4328 gorium
2108 4262 2246 4316 idem
2284 4262 2407 4315 vitae
2448 4262 2749 4316 institutum
2794 4272 3034 4316 secutum
3077 4276 3216 4315 esse.
3253 4260 3405 4329 Fugit

1846 4351 2137 4420 Gregorius
2184 4354 2235 4407 in
2281 4353 2522 4407 eamdem
2560 4353 2897 4406 solitudinem
2935 4354 3213 4421 presbyter
3246 4366 3399 4405 crea-

1849 4452 1950 4495 tus.
1987 4442 2136 4497 Haud
2162 4444 2272 4497 scio
2301 4460 2367 4496 an
2392 4446 2443 4497 iu
2477 4442 2813 4497 solitudinem
2838 4443 3146 4497 monasterii
3172 4457 3229 4495 se
3256 4458 3403 4496 rece-

1844 4533 2002 4602 perit,
2027 4548 2147 4586 cum
2178 4549 2363 4587 rursus
2385 4534 2438 4587 in
2462 4543 2691 4587 montem
2717 4533 2851 4602 fugit
2872 4542 2991 4601 post
3012 4532 3399 4586 ordinationem

1847 4623 2204 4678 Sasimensem
2235 4624 2331 4695 (a),
2368 4633 2459 4677 aut
2493 4639 2613 4677 cum
2648 4640 2787 4677 anno
2829 4623 2934 4677 5'15
2979 4623 3277 4678 Seleuciam
3312 4638 3400 4676 se-

1846 4716 2027 4780 cessit,
2059 4726 2116 4769 ut
2139 4717 2280 4785 quod
2314 4716 2509 4771 dudum
2545 4720 2858 4771 decreverat
2888 4716 3091 4771 amicos
3114 4724 3167 4771 et
3190 4714 3398 4785 negotia

1843 4804 2045 4874 fugere,
2078 4804 2129 4858 id
2158 4806 2368 4858 tandem
2393 4804 2692 4874 perliceret.
2726 4805 2830 4860 Sed
2852 4815 2997 4860 certe
3029 4803 3259 4860 dubitari
3296 4820 3397 4857 non

1843 4904 2019 4965 potest
2047 4896 2197 4964 quin,
2240 4896 2461 4965 abjectis
2508 4896 3109 4966 Cousmntinopolitana:
3149 4895 3398 4951 Ecclesiae

1842 4984 2239 5054 gubernaculis,
2271 4986 2379 5039 ruri
2406 4988 2649 5041 monachi
2680 4988 2841 5040 vitam
2869 4986 3057 5057 egerit,
3087 4997 3145 5040 ut
3173 4992 3400 5040 testatur

1842 5075 2217 5147 Hieronymus,
2254 5086 2308 5132 et
2344 5093 2464 5133 cum
2493 5078 2770 5134 monachis
2798 5078 3012 5134 vixerit.
3049 5087 3107 5131 ut
3143 5077 3397 5132 discimus

1841 5180 1906 5221 ex
1936 5166 2212 5235 Facundo,
2240 5168 2333 5224 lib.
2368 5185 2464 5236 vn,
2489 5184 2539 5225 c.
2574 5170 2629 5223 7.
2664 5190 2674 5199 ·

2447 5261 2673 5318 CAPUT
2714 5261 2778 5317 ν.

1841 5351 1880 5407 l.
1924 5351 1977 5406 S.
2010 5352 2238 5408 Basilius
2263 5372 2379 5407 cum
2410 5354 2684 5409 Eustathio
2718 5355 2997 5409 Sebasteno
3025 5352 3257 5405 amicitia
3278 5366 3395 5403 con-

1902 5423 2165 5492 jungitur.
2217 5424 2274 5478 ll.
2320 5426 2503 5491 Qualis
2544 5426 2622 5478 uir
2678 5425 2875 5478 exstitit
2930 5421 3257 5492 Eustathius.
3306 5420 3389 5474 Ill.

1909 5491 2119 5560 Derepit
2150 5498 2304 5546 etiam
2334 5495 2393 5547 S.
2424 5495 2703 5548 Eusebium
2747 5493 3159 5548 Samosarensem
3198 5491 3393 5543 Eusta-

1908 5565 2046 5614 thius
2072 5564 2194 5628 ﬁdei
2231 5568 2461 5616 studium
2504 5577 2549 5618 et
2589 5565 2917 5617 sanctitatem
2955 5578 3062 5629 pra:
3107 5578 3159 5613 se
3202 5564 3389 5629 terens.

1907 5631 1992 5686 IV.
2028 5632 2313 5688 Damnatus
2350 5638 2546 5687 videtur
2575 5636 2728 5688 ruisse
2759 5636 2809 5687 in
2834 5634 3050 5687 concilio
3082 5629 3387 5700 Gangrensi.
