  <div class='ocr_page' id='page_1' title='image "/cluster/home/n/w/nwhite01/storage/ocr_20150623/29/hvd.32044011320256/035.png"; bbox 0 0 3992 6392; ppageno 0'>
   <div class='ocr_carea' id='block_1_1' title="bbox 513 419 2363 477">
    <p class='ocr_par' dir='ltr' id='par_1_1' title="bbox 513 419 2363 477">
     <span class='ocr_line' id='line_1_1' title="bbox 513 419 2363 477; baseline 0.004 -8"><span class='ocrx_word' id='word_1_1' title='bbox 513 433 541 469; x_wconf 76' lang='lat' dir='ltr'><strong>x</strong></span> <span class='ocrx_word' id='word_1_2' title='bbox 552 432 582 470; x_wconf 69' lang='grc' dir='ltr'><strong>ι</strong></span> <span class='ocrx_word' id='word_1_3' title='bbox 1840 419 2363 477; x_wconf 82' lang='lat' dir='ltr'><strong>PROLEGOMENA.</strong></span> 
     </span>
    </p>
   </div>
   <div class='ocr_carea' id='block_1_2' title="bbox 584 531 3725 611">
    <p class='ocr_par' dir='ltr' id='par_1_2' title="bbox 584 531 3725 611">
     <span class='ocr_line' id='line_1_2' title="bbox 584 531 3725 611; baseline 0.004 -24"><span class='ocrx_word' id='word_1_4' title='bbox 584 533 664 611; x_wconf 29' lang='lat' dir='ltr'><strong>Va</strong></span> <span class='ocrx_word' id='word_1_5' title='bbox 701 531 971 611; x_wconf 55' lang='lat' dir='ltr'><strong>Nonnulla</strong></span> <span class='ocrx_word' id='word_1_6' title='bbox 1018 534 1476 611; x_wconf 44' lang='lat' dir='ltr'><strong>adversusuhaue</strong></span> <span class='ocrx_word' id='word_1_7' title='bbox 1511 538 1827 611; x_wconf 53' lang='lat' dir='ltr'><strong>sententiam</strong></span> <span class='ocrx_word' id='word_1_8' title='bbox 1851 537 2067 611; x_wconf 76' lang='lat' dir='ltr'><strong>_objecte</strong></span> <span class='ocrx_word' id='word_1_9' title='bbox 2097 542 2142 596; x_wconf 79' lang='grc' dir='ltr'>Α</span> <span class='ocrx_word' id='word_1_10' title='bbox 2167 537 2325 600; x_wconf 84' lang='lat' dir='ltr'><strong>ciam,</strong></span> <span class='ocrx_word' id='word_1_11' title='bbox 2351 551 2413 591; x_wconf 91' lang='lat' dir='ltr'><strong>ac</strong></span> <span class='ocrx_word' id='word_1_12' title='bbox 2434 536 2625 592; x_wconf 91' lang='lat' dir='ltr'><strong>iterum</strong></span> <span class='ocrx_word' id='word_1_13' title='bbox 2658 553 2715 593; x_wconf 84' lang='lat' dir='ltr'><strong>se</strong></span> <span class='ocrx_word' id='word_1_14' title='bbox 2747 539 2930 594; x_wconf 88' lang='lat' dir='ltr'><strong>eodem</strong></span> <span class='ocrx_word' id='word_1_15' title='bbox 2955 539 3183 595; x_wconf 90' lang='lat' dir='ltr'><strong>artificio</strong></span> <span class='ocrx_word' id='word_1_16' title='bbox 3206 541 3471 611; x_wconf 75' lang='lat' dir='ltr'><strong>purgavit.</strong></span> <span class='ocrx_word' id='word_1_17' title='bbox 3499 541 3725 598; x_wconf 78' lang='lat' dir='ltr'><strong>Addixit</strong></span> 
     </span>
    </p>
   </div>
   <div class='ocr_carea' id='block_1_3' title="bbox 588 603 2068 674">
    <p class='ocr_par' dir='ltr' id='par_1_3' title="bbox 588 603 2068 674">
     <span class='ocr_line' id='line_1_3' title="bbox 588 603 2068 674; baseline 0.002 -18"><span class='ocrx_word' id='word_1_18' title='bbox 588 604 874 656; x_wconf 80' lang='lat' dir='ltr'><strong>solvuntur.</strong></span> <span class='ocrx_word' id='word_1_19' title='bbox 910 603 993 659; x_wconf 81' lang='lat' dir='ltr'><strong>Vl.</strong></span> <span class='ocrx_word' id='word_1_20' title='bbox 1030 604 1141 658; x_wconf 67' lang='lat' dir='ltr'><strong>Non</strong></span> <span class='ocrx_word' id='word_1_21' title='bbox 1166 605 1305 658; x_wconf 78' lang='lat' dir='ltr'><strong>Aetii</strong></span> <span class='ocrx_word' id='word_1_22' title='bbox 1341 605 1585 674; x_wconf 74' lang='lat' dir='ltr'><strong>magister</strong></span> <span class='ocrx_word' id='word_1_23' title='bbox 1617 603 1945 670; x_wconf 73' lang='lat' dir='ltr'><strong>Eustathius,</strong></span> <span class='ocrx_word' id='word_1_24' title='bbox 1980 610 2068 660; x_wconf 79' lang='lat' dir='ltr'><strong>sed</strong></span> 
     </span>
    </p>
   </div>
   <div class='ocr_carea' id='block_1_4' title="bbox 584 674 751 727">
    <p class='ocr_par' dir='ltr' id='par_1_4' title="bbox 584 674 751 727">
     <span class='ocr_line' id='line_1_4' title="bbox 584 674 751 727; baseline -0.012 0"><span class='ocrx_word' id='word_1_25' title='bbox 584 674 751 727; x_wconf 77' lang='lat' dir='ltr'><strong>Aerii.</strong></span> 
     </span>
    </p>
   </div>
   <div class='ocr_carea' id='block_1_5' title="bbox 593 809 2067 880">
    <p class='ocr_par' dir='ltr' id='par_1_5' title="bbox 593 809 2067 880">
     <span class='ocr_line' id='line_1_5' title="bbox 593 809 2067 880; baseline -0.003 -15"><span class='ocrx_word' id='word_1_26' title='bbox 593 828 634 865; x_wconf 85' lang='grc' dir='ltr'><strong>ι.</strong></span> <span class='ocrx_word' id='word_1_27' title='bbox 672 811 891 865; x_wconf 74' lang='lat' dir='ltr'><strong>Videtur</strong></span> <span class='ocrx_word' id='word_1_28' title='bbox 920 811 1144 865; x_wconf 84' lang='lat' dir='ltr'><strong>Basilius</strong></span> <span class='ocrx_word' id='word_1_29' title='bbox 1169 819 1294 864; x_wconf 87' lang='lat' dir='ltr'><strong>tunc</strong></span> <span class='ocrx_word' id='word_1_30' title='bbox 1324 812 1550 880; x_wconf 90' lang='lat' dir='ltr'><strong>primum</strong></span> <span class='ocrx_word' id='word_1_31' title='bbox 1593 810 1883 865; x_wconf 79' lang='lat' dir='ltr'><strong>amicitiam</strong></span> <span class='ocrx_word' id='word_1_32' title='bbox 1916 809 2067 864; x_wconf 81' lang='lat' dir='ltr'><strong>iniis-</strong></span> 
     </span>
    </p>
   </div>
   <div class='ocr_carea' id='block_1_6' title="bbox 517 900 2067 970">
    <p class='ocr_par' dir='ltr' id='par_1_6' title="bbox 517 900 2067 970">
     <span class='ocr_line' id='line_1_6' title="bbox 517 900 2067 970; baseline -0.003 -14"><span class='ocrx_word' id='word_1_33' title='bbox 517 916 577 957; x_wconf 82' lang='lat' dir='ltr'><strong>se</strong></span> <span class='ocrx_word' id='word_1_34' title='bbox 636 916 757 955; x_wconf 91' lang='lat' dir='ltr'><strong>cum</strong></span> <span class='ocrx_word' id='word_1_35' title='bbox 821 900 1096 955; x_wconf 80' lang='lat' dir='ltr'><strong>Eustathio</strong></span> <span class='ocrx_word' id='word_1_36' title='bbox 1159 901 1456 955; x_wconf 89' lang='lat' dir='ltr'><strong>Sebasteno</strong></span> <span class='ocrx_word' id='word_1_37' title='bbox 1495 901 1719 970; x_wconf 85' lang='lat' dir='ltr'><strong>ejusque</strong></span> <span class='ocrx_word' id='word_1_38' title='bbox 1774 901 2067 970; x_wconf 82' lang='lat' dir='ltr'><strong>discipulis,</strong></span> 
     </span>
    </p>
   </div>
   <div class='ocr_carea' id='block_1_7' title="bbox 518 991 2070 1064">
    <p class='ocr_par' dir='ltr' id='par_1_7' title="bbox 518 991 2070 1064">
     <span class='ocr_line' id='line_1_7' title="bbox 518 991 2070 1064; baseline 0.002 -17"><span class='ocrx_word' id='word_1_39' title='bbox 518 1009 638 1048; x_wconf 91' lang='lat' dir='ltr'><strong>cum</strong></span> <span class='ocrx_word' id='word_1_40' title='bbox 686 993 841 1047; x_wconf 84' lang='lat' dir='ltr'><strong>rediit</strong></span> <span class='ocrx_word' id='word_1_41' title='bbox 884 1008 947 1045; x_wconf 77' lang='lat' dir='ltr'><strong>ex</strong></span> <span class='ocrx_word' id='word_1_42' title='bbox 989 991 1223 1047; x_wconf 86' lang='lat' dir='ltr'><strong>Oriente.</strong></span> <span class='ocrx_word' id='word_1_43' title='bbox 1274 992 1386 1061; x_wconf 86' lang='lat' dir='ltr'><strong>Ipse</strong></span> <span class='ocrx_word' id='word_1_44' title='bbox 1434 993 1573 1046; x_wconf 89' lang='lat' dir='ltr'><strong>enim</strong></span> <span class='ocrx_word' id='word_1_45' title='bbox 1614 995 1679 1046; x_wconf 90' lang='lat' dir='ltr'><strong>ad</strong></span> <span class='ocrx_word' id='word_1_46' title='bbox 1725 992 1824 1047; x_wconf 90' lang='lat' dir='ltr'><strong>hoc</strong></span> <span class='ocrx_word' id='word_1_47' title='bbox 1860 1002 2070 1064; x_wconf 83' lang='lat' dir='ltr'><strong>tempus</strong></span> 
     </span>
    </p>
   </div>
   <div class='ocr_carea' id='block_1_8' title="bbox 517 1082 2069 1155">
    <p class='ocr_par' dir='ltr' id='par_1_8' title="bbox 517 1082 2069 1155">
     <span class='ocr_line' id='line_1_8' title="bbox 517 1082 2069 1155; baseline 0.003 -17"><span class='ocrx_word' id='word_1_48' title='bbox 517 1084 726 1139; x_wconf 91' lang='lat' dir='ltr'><strong>initium</strong></span> <span class='ocrx_word' id='word_1_49' title='bbox 762 1084 924 1138; x_wconf 79' lang='lat' dir='ltr'><strong>refert</strong></span> <span class='ocrx_word' id='word_1_50' title='bbox 951 1082 1107 1151; x_wconf 87' lang='lat' dir='ltr'><strong>hujus</strong></span> <span class='ocrx_word' id='word_1_51' title='bbox 1133 1083 1547 1150; x_wconf 76' lang='lat' dir='ltr'><strong>coniunctionis,</strong></span> <span class='ocrx_word' id='word_1_52' title='bbox 1581 1084 1648 1139; x_wconf 90' lang='lat' dir='ltr'><strong>ob</strong></span> <span class='ocrx_word' id='word_1_53' title='bbox 1676 1099 1835 1153; x_wconf 88' lang='lat' dir='ltr'><strong>quam</strong></span> <span class='ocrx_word' id='word_1_54' title='bbox 1862 1090 2069 1155; x_wconf 84' lang='lat' dir='ltr'><strong>gravis-</strong></span> 
     </span>
    </p>
   </div>
   <div class='ocr_carea' id='block_1_9' title="bbox 518 1171 2068 1246">
    <p class='ocr_par' dir='ltr' id='par_1_9' title="bbox 518 1171 2068 1246">
     <span class='ocr_line' id='line_1_9' title="bbox 518 1171 2068 1246; baseline 0.003 -18"><span class='ocrx_word' id='word_1_55' title='bbox 518 1174 664 1228; x_wconf 80' lang='lat' dir='ltr'><strong>simae</strong></span> <span class='ocrx_word' id='word_1_56' title='bbox 698 1173 745 1228; x_wconf 91' lang='lat' dir='ltr'><strong>ei</strong></span> <span class='ocrx_word' id='word_1_57' title='bbox 777 1173 1029 1227; x_wconf 68' lang='lat' dir='ltr'><strong>molestia:</strong></span> <span class='ocrx_word' id='word_1_58' title='bbox 1061 1182 1113 1226; x_wconf 92' lang='lat' dir='ltr'><strong>et</strong></span> <span class='ocrx_word' id='word_1_59' title='bbox 1159 1188 1187 1226; x_wconf 95' lang='lat' dir='ltr'><strong>a</strong></span> <span class='ocrx_word' id='word_1_60' title='bbox 1230 1174 1466 1240; x_wconf 83' lang='lat' dir='ltr'><strong>pluribus</strong></span> <span class='ocrx_word' id='word_1_61' title='bbox 1492 1171 1609 1227; x_wconf 89' lang='lat' dir='ltr'><strong>aliis</strong></span> <span class='ocrx_word' id='word_1_62' title='bbox 1642 1188 1696 1228; x_wconf 82' lang='lat' dir='ltr'><strong>et</strong></span> <span class='ocrx_word' id='word_1_63' title='bbox 1728 1174 1793 1229; x_wconf 90' lang='lat' dir='ltr'><strong>ab</strong></span> <span class='ocrx_word' id='word_1_64' title='bbox 1821 1176 1935 1246; x_wconf 90' lang='lat' dir='ltr'><strong>ipso</strong></span> <span class='ocrx_word' id='word_1_65' title='bbox 1959 1179 2068 1244; x_wconf 82' lang='lat' dir='ltr'><strong>de-</strong></span> 
     </span>
    </p>
   </div>
   <div class='ocr_carea' id='block_1_10' title="bbox 517 1265 2073 1335">
    <p class='ocr_par' dir='ltr' id='par_1_10' title="bbox 517 1265 2073 1335">
     <span class='ocr_line' id='line_1_10' title="bbox 517 1265 2073 1335; baseline 0.003 -16"><span class='ocrx_word' id='word_1_66' title='bbox 517 1282 660 1320; x_wconf 87' lang='lat' dir='ltr'><strong>mum</strong></span> <span class='ocrx_word' id='word_1_67' title='bbox 686 1266 962 1320; x_wconf 84' lang='lat' dir='ltr'><strong>Eustathio</strong></span> <span class='ocrx_word' id='word_1_68' title='bbox 987 1267 1311 1319; x_wconf 88' lang='lat' dir='ltr'><strong>acciderunt.</strong></span> <span class='ocrx_word' id='word_1_69' title='bbox 1336 1265 1616 1335; x_wconf 82' lang='lat' dir='ltr'><strong>Narrat(a)</strong></span> <span class='ocrx_word' id='word_1_70' title='bbox 1643 1281 1701 1321; x_wconf 90' lang='lat' dir='ltr'><strong>se</strong></span> <span class='ocrx_word' id='word_1_71' title='bbox 1721 1283 1784 1321; x_wconf 85' lang='lat' dir='ltr'><strong>cx</strong></span> <span class='ocrx_word' id='word_1_72' title='bbox 1812 1280 2073 1324; x_wconf 84' lang='lat' dir='ltr'><strong>monaste-</strong></span> 
     </span>
    </p>
   </div>
   <div class='ocr_carea' id='block_1_11' title="bbox 518 1354 2070 1426">
    <p class='ocr_par' dir='ltr' id='par_1_11' title="bbox 518 1354 2070 1426">
     <span class='ocr_line' id='line_1_11' title="bbox 518 1354 2070 1426; baseline 0.003 -16"><span class='ocrx_word' id='word_1_73' title='bbox 518 1356 612 1410; x_wconf 83' lang='lat' dir='ltr'><strong>riis</strong></span> <span class='ocrx_word' id='word_1_74' title='bbox 635 1356 866 1411; x_wconf 80' lang='lat' dir='ltr'><strong>Orientis</strong></span> <span class='ocrx_word' id='word_1_75' title='bbox 899 1366 951 1409; x_wconf 92' lang='lat' dir='ltr'><strong>et</strong></span> <span class='ocrx_word' id='word_1_76' title='bbox 980 1354 1197 1424; x_wconf 65' lang='lat' dir='ltr'><strong>Egypti</strong></span> <span class='ocrx_word' id='word_1_77' title='bbox 1234 1355 1562 1421; x_wconf 83' lang='lat' dir='ltr'><strong>redeuntem,</strong></span> <span class='ocrx_word' id='word_1_78' title='bbox 1605 1373 1725 1410; x_wconf 88' lang='lat' dir='ltr'><strong>cum</strong></span> <span class='ocrx_word' id='word_1_79' title='bbox 1776 1360 1927 1426; x_wconf 84' lang='lat' dir='ltr'><strong>hujus</strong></span> <span class='ocrx_word' id='word_1_80' title='bbox 1952 1362 2070 1416; x_wconf 72' lang='lat' dir='ltr'><strong>vita:</strong></span> 
     </span>
    </p>
   </div>
   <div class='ocr_carea' id='block_1_12' title="bbox 521 1447 2068 1517">
    <p class='ocr_par' dir='ltr' id='par_1_12' title="bbox 521 1447 2068 1517">
     <span class='ocr_line' id='line_1_12' title="bbox 521 1447 2068 1517; baseline 0.004 -18"><span class='ocrx_word' id='word_1_81' title='bbox 521 1447 811 1500; x_wconf 90' lang='lat' dir='ltr'><strong>imitatores</strong></span> <span class='ocrx_word' id='word_1_82' title='bbox 838 1447 887 1499; x_wconf 91' lang='lat' dir='ltr'><strong>in</strong></span> <span class='ocrx_word' id='word_1_83' title='bbox 922 1449 1087 1515; x_wconf 88' lang='lat' dir='ltr'><strong>patria</strong></span> <span class='ocrx_word' id='word_1_84' title='bbox 1126 1447 1431 1514; x_wconf 82' lang='lat' dir='ltr'><strong>reperisset,</strong></span> <span class='ocrx_word' id='word_1_85' title='bbox 1458 1448 1656 1517; x_wconf 88' lang='lat' dir='ltr'><strong>aliquid</strong></span> <span class='ocrx_word' id='word_1_86' title='bbox 1692 1448 1975 1515; x_wconf 87' lang='lat' dir='ltr'><strong>adjumenti</strong></span> <span class='ocrx_word' id='word_1_87' title='bbox 2003 1453 2068 1505; x_wconf 91' lang='lat' dir='ltr'><strong>ad</strong></span> 
     </span>
    </p>
   </div>
   <div class='ocr_carea' id='block_1_13' title="bbox 515 1538 2069 1604">
    <p class='ocr_par' dir='ltr' id='par_1_13' title="bbox 515 1538 2069 1604">
     <span class='ocr_line' id='line_1_13' title="bbox 515 1538 2069 1604; baseline 0 -12"><span class='ocrx_word' id='word_1_88' title='bbox 515 1540 739 1592; x_wconf 82' lang='lat' dir='ltr'><strong>salutem</strong></span> <span class='ocrx_word' id='word_1_89' title='bbox 784 1538 883 1591; x_wconf 86' lang='lat' dir='ltr'><strong>sibi</strong></span> <span class='ocrx_word' id='word_1_90' title='bbox 917 1538 1084 1591; x_wconf 91' lang='lat' dir='ltr'><strong>visum</strong></span> <span class='ocrx_word' id='word_1_91' title='bbox 1124 1552 1241 1591; x_wconf 86' lang='lat' dir='ltr'><strong>esse</strong></span> <span class='ocrx_word' id='word_1_92' title='bbox 1270 1540 1525 1604; x_wconf 84' lang='lat' dir='ltr'><strong>reperire.</strong></span> <span class='ocrx_word' id='word_1_93' title='bbox 1570 1539 1714 1591; x_wconf 86' lang='lat' dir='ltr'><strong>Multi</strong></span> <span class='ocrx_word' id='word_1_94' title='bbox 1755 1554 1873 1593; x_wconf 89' lang='lat' dir='ltr'><strong>eum</strong></span> <span class='ocrx_word' id='word_1_95' title='bbox 1905 1541 2069 1594; x_wconf 89' lang='lat' dir='ltr'><strong>abdu-</strong></span> 
     </span>
    </p>
   </div>
   <div class='ocr_carea' id='block_1_14' title="bbox 516 1628 2070 1691">
    <p class='ocr_par' dir='ltr' id='par_1_14' title="bbox 516 1628 2070 1691">
     <span class='ocr_line' id='line_1_14' title="bbox 516 1628 2070 1691; baseline 0.001 -10"><span class='ocrx_word' id='word_1_96' title='bbox 516 1632 707 1684; x_wconf 82' lang='lat' dir='ltr'><strong>cebaut</strong></span> <span class='ocrx_word' id='word_1_97' title='bbox 749 1628 815 1681; x_wconf 85' lang='lat' dir='ltr'><strong>ab</strong></span> <span class='ocrx_word' id='word_1_98' title='bbox 861 1629 958 1682; x_wconf 88' lang='lat' dir='ltr'><strong>hac</strong></span> <span class='ocrx_word' id='word_1_99' title='bbox 989 1629 1393 1691; x_wconf 82' lang='lat' dir='ltr'><strong>consuetudine,</strong></span> <span class='ocrx_word' id='word_1_100' title='bbox 1423 1638 1475 1681; x_wconf 83' lang='lat' dir='ltr'><strong>et</strong></span> <span class='ocrx_word' id='word_1_101' title='bbox 1515 1642 1541 1679; x_wconf 87' lang='lat' dir='ltr'><strong>a</strong></span> <span class='ocrx_word' id='word_1_102' title='bbox 1590 1628 1826 1681; x_wconf 83' lang='lat' dir='ltr'><strong>moribus</strong></span> <span class='ocrx_word' id='word_1_103' title='bbox 1870 1644 1930 1684; x_wconf 84' lang='lat' dir='ltr'><strong>ac</strong></span> <span class='ocrx_word' id='word_1_104' title='bbox 1969 1629 2070 1683; x_wconf 87' lang='lat' dir='ltr'><strong>ﬁde</strong></span> 
     </span>
    </p>
   </div>
   <div class='ocr_carea' id='block_1_15' title="bbox 513 1715 2066 1774">
    <p class='ocr_par' dir='ltr' id='par_1_15' title="bbox 513 1715 2066 1774">
     <span class='ocr_line' id='line_1_15' title="bbox 513 1715 2066 1774; baseline -0.004 -1"><span class='ocrx_word' id='word_1_105' title='bbox 513 1719 776 1774; x_wconf 78' lang='lat' dir='ltr'><strong>Lustathii</strong></span> <span class='ocrx_word' id='word_1_106' title='bbox 812 1720 1105 1770; x_wconf 85' lang='lat' dir='ltr'><strong>cavendum</strong></span> <span class='ocrx_word' id='word_1_107' title='bbox 1140 1721 1451 1770; x_wconf 89' lang='lat' dir='ltr'><strong>monebant.</strong></span> <span class='ocrx_word' id='word_1_108' title='bbox 1476 1716 1578 1770; x_wconf 83' lang='lat' dir='ltr'><strong>Sed</strong></span> <span class='ocrx_word' id='word_1_109' title='bbox 1605 1715 1832 1769; x_wconf 79' lang='lat' dir='ltr'><strong>Basilius</strong></span> <span class='ocrx_word' id='word_1_110' title='bbox 1858 1718 1921 1769; x_wconf 85' lang='lat' dir='ltr'><strong>de</strong></span> <span class='ocrx_word' id='word_1_111' title='bbox 1962 1717 2066 1768; x_wconf 91' lang='lat' dir='ltr'><strong>vita</strong></span> 
     </span>
    </p>
   </div>
   <div class='ocr_carea' id='block_1_16' title="bbox 515 1805 2067 1875">
    <p class='ocr_par' dir='ltr' id='par_1_16' title="bbox 515 1805 2067 1875">
     <span class='ocr_line' id='line_1_16' title="bbox 515 1805 2067 1875; baseline -0.003 -12"><span class='ocrx_word' id='word_1_112' title='bbox 515 1810 777 1863; x_wconf 74' lang='lat' dir='ltr'><strong>Eustathii</strong></span> <span class='ocrx_word' id='word_1_113' title='bbox 824 1808 1086 1875; x_wconf 88' lang='lat' dir='ltr'><strong>judicium</strong></span> <span class='ocrx_word' id='word_1_114' title='bbox 1138 1807 1342 1860; x_wconf 88' lang='lat' dir='ltr'><strong>ferebat</strong></span> <span class='ocrx_word' id='word_1_115' title='bbox 1389 1822 1453 1860; x_wconf 81' lang='lat' dir='ltr'><strong>ex</strong></span> <span class='ocrx_word' id='word_1_116' title='bbox 1498 1807 1582 1860; x_wconf 91' lang='lat' dir='ltr'><strong>his</strong></span> <span class='ocrx_word' id='word_1_117' title='bbox 1618 1821 1735 1874; x_wconf 77' lang='lat' dir='ltr'><strong>qua:</strong></span> <span class='ocrx_word' id='word_1_118' title='bbox 1761 1805 1927 1859; x_wconf 85' lang='lat' dir='ltr'><strong>oculis</strong></span> <span class='ocrx_word' id='word_1_119' title='bbox 1959 1808 2067 1859; x_wconf 87' lang='lat' dir='ltr'><strong>suis</strong></span> 
     </span>
    </p>
   </div>
   <div class='ocr_carea' id='block_1_17' title="bbox 2170 628 3727 702">
    <p class='ocr_par' dir='ltr' id='par_1_17' title="bbox 2170 628 3727 702">
     <span class='ocr_line' id='line_1_17' title="bbox 2170 628 3727 702; baseline 0.003 -20"><span class='ocrx_word' id='word_1_120' title='bbox 2170 641 2229 682; x_wconf 90' lang='lat' dir='ltr'><strong>se</strong></span> <span class='ocrx_word' id='word_1_121' title='bbox 2252 628 2444 683; x_wconf 79' lang='lat' dir='ltr'><strong>Basilio</strong></span> <span class='ocrx_word' id='word_1_122' title='bbox 2474 628 2779 699; x_wconf 82' lang='lat' dir='ltr'><strong>Ancyrano,</strong></span> <span class='ocrx_word' id='word_1_123' title='bbox 2812 632 2971 699; x_wconf 84' lang='lat' dir='ltr'><strong>eique</strong></span> <span class='ocrx_word' id='word_1_124' title='bbox 2999 646 3214 702; x_wconf 84' lang='lat' dir='ltr'><strong>operam</strong></span> <span class='ocrx_word' id='word_1_125' title='bbox 3247 634 3458 688; x_wconf 89' lang='lat' dir='ltr'><strong>navavit</strong></span> <span class='ocrx_word' id='word_1_126' title='bbox 3489 634 3540 688; x_wconf 92' lang='lat' dir='ltr'><strong>in</strong></span> <span class='ocrx_word' id='word_1_127' title='bbox 3567 632 3727 688; x_wconf 86' lang='lat' dir='ltr'><strong>refel—</strong></span> 
     </span>
    </p>
   </div>
   <div class='ocr_carea' id='block_1_18' title="bbox 2170 720 3723 795">
    <p class='ocr_par' dir='ltr' id='par_1_18' title="bbox 2170 720 3723 795">
     <span class='ocr_line' id='line_1_18' title="bbox 2170 720 3723 795; baseline 0.002 -22"><span class='ocrx_word' id='word_1_128' title='bbox 2170 720 2327 773; x_wconf 88' lang='lat' dir='ltr'><strong>lendo</strong></span> <span class='ocrx_word' id='word_1_129' title='bbox 2360 720 2538 782; x_wconf 86' lang='lat' dir='ltr'><strong>Aetio,</strong></span> <span class='ocrx_word' id='word_1_130' title='bbox 2586 736 2741 789; x_wconf 83' lang='lat' dir='ltr'><strong>quem</strong></span> <span class='ocrx_word' id='word_1_131' title='bbox 2794 720 2942 775; x_wconf 74' lang='lat' dir='ltr'><strong>falsis</strong></span> <span class='ocrx_word' id='word_1_132' title='bbox 2972 723 3284 778; x_wconf 88' lang='lat' dir='ltr'><strong>criminibus</strong></span> <span class='ocrx_word' id='word_1_133' title='bbox 3330 726 3465 795; x_wconf 87' lang='lat' dir='ltr'><strong>apud</strong></span> <span class='ocrx_word' id='word_1_134' title='bbox 3509 723 3723 779; x_wconf 87' lang='lat' dir='ltr'><strong>Gallum</strong></span> 
     </span>
    </p>
   </div>
   <div class='ocr_carea' id='block_1_19' title="bbox 2169 810 3725 877">
    <p class='ocr_par' dir='ltr' id='par_1_19' title="bbox 2169 810 3725 877">
     <span class='ocr_line' id='line_1_19' title="bbox 2169 810 3725 877; baseline 0.001 -11"><span class='ocrx_word' id='word_1_135' title='bbox 2169 812 2431 866; x_wconf 65' lang='lat' dir='ltr'><strong>Caesarem</strong></span> <span class='ocrx_word' id='word_1_136' title='bbox 2468 810 2520 863; x_wconf 94' lang='lat' dir='ltr'><strong>in</strong></span> <span class='ocrx_word' id='word_1_137' title='bbox 2556 810 2806 864; x_wconf 84' lang='lat' dir='ltr'><strong>invidiam</strong></span> <span class='ocrx_word' id='word_1_138' title='bbox 2844 813 3196 877; x_wconf 83' lang='lat' dir='ltr'><strong>adduxerunt,</strong></span> <span class='ocrx_word' id='word_1_139' title='bbox 3237 813 3281 866; x_wconf 90' lang='lat' dir='ltr'><strong>si</strong></span> <span class='ocrx_word' id='word_1_140' title='bbox 3311 814 3440 869; x_wconf 81' lang='lat' dir='ltr'><strong>fides</strong></span> <span class='ocrx_word' id='word_1_141' title='bbox 3465 814 3725 868; x_wconf 86' lang='lat' dir='ltr'><strong>adhiben-</strong></span> 
     </span>
    </p>
   </div>
   <div class='ocr_carea' id='block_1_20' title="bbox 2170 898 3723 969">
    <p class='ocr_par' dir='ltr' id='par_1_20' title="bbox 2170 898 3723 969">
     <span class='ocr_line' id='line_1_20' title="bbox 2170 898 3723 969; baseline 0.001 -16"><span class='ocrx_word' id='word_1_142' title='bbox 2170 900 2235 953; x_wconf 90' lang='lat' dir='ltr'><strong>da</strong></span> <span class='ocrx_word' id='word_1_143' title='bbox 2279 898 2632 968; x_wconf 82' lang='lat' dir='ltr'><strong>Philostorgio</strong></span> <span class='ocrx_word' id='word_1_144' title='bbox 2680 898 2777 969; x_wconf 84' lang='grc' dir='ltr'><strong>(ιι).</strong></span> <span class='ocrx_word' id='word_1_145' title='bbox 2822 899 3094 955; x_wconf 90' lang='lat' dir='ltr'><strong>Dederunt</strong></span> <span class='ocrx_word' id='word_1_146' title='bbox 3129 902 3176 956; x_wconf 91' lang='lat' dir='ltr'><strong>ei</strong></span> <span class='ocrx_word' id='word_1_147' title='bbox 3220 903 3422 965; x_wconf 78' lang='lat' dir='ltr'><strong>Ariani,</strong></span> <span class='ocrx_word' id='word_1_148' title='bbox 3474 911 3607 957; x_wconf 88' lang='lat' dir='ltr'><strong>teste</strong></span> <span class='ocrx_word' id='word_1_149' title='bbox 3660 903 3723 957; x_wconf 86' lang='lat' dir='ltr'><strong>S.</strong></span> 
     </span>
    </p>
   </div>
   <div class='ocr_carea' id='block_1_21' title="bbox 2167 990 3727 1063">
    <p class='ocr_par' dir='ltr' id='par_1_21' title="bbox 2167 990 3727 1063">
     <span class='ocr_line' id='line_1_21' title="bbox 2167 990 3727 1063; baseline -0.001 -17"><span class='ocrx_word' id='word_1_150' title='bbox 2167 992 2455 1047; x_wconf 82' lang='lat' dir='ltr'><strong>Athanasio</strong></span> <span class='ocrx_word' id='word_1_151' title='bbox 2478 990 2566 1063; x_wconf 77' lang='grc' dir='ltr'><strong>(ε),</strong></span> <span class='ocrx_word' id='word_1_152' title='bbox 2591 992 2949 1061; x_wconf 79' lang='lat' dir='ltr'><strong>episcopatum</strong></span> <span class='ocrx_word' id='word_1_153' title='bbox 2969 991 3337 1060; x_wconf 88' lang='lat' dir='ltr'><strong>Sebastenum,</strong></span> <span class='ocrx_word' id='word_1_154' title='bbox 3366 1005 3422 1048; x_wconf 90' lang='lat' dir='ltr'><strong>ut</strong></span> <span class='ocrx_word' id='word_1_155' title='bbox 3446 1010 3566 1049; x_wconf 91' lang='lat' dir='ltr'><strong>eum</strong></span> <span class='ocrx_word' id='word_1_156' title='bbox 3592 1009 3727 1048; x_wconf 83' lang='lat' dir='ltr'><strong>con-</strong></span> 
     </span>
    </p>
   </div>
   <div class='ocr_carea' id='block_1_22' title="bbox 2168 1083 3728 1155">
    <p class='ocr_par' dir='ltr' id='par_1_22' title="bbox 2168 1083 3728 1155">
     <span class='ocr_line' id='line_1_22' title="bbox 2168 1083 3728 1155; baseline 0 -19"><span class='ocrx_word' id='word_1_157' title='bbox 2168 1084 2411 1138; x_wconf 90' lang='lat' dir='ltr'><strong>siliorum</strong></span> <span class='ocrx_word' id='word_1_158' title='bbox 2463 1099 2678 1138; x_wconf 90' lang='lat' dir='ltr'><strong>suorum</strong></span> <span class='ocrx_word' id='word_1_159' title='bbox 2733 1083 3023 1151; x_wconf 75' lang='lat' dir='ltr'><strong>adiutorem</strong></span> <span class='ocrx_word' id='word_1_160' title='bbox 3088 1086 3361 1140; x_wconf 88' lang='lat' dir='ltr'><strong>haberent.</strong></span> <span class='ocrx_word' id='word_1_161' title='bbox 3414 1084 3519 1141; x_wconf 87' lang='lat' dir='ltr'><strong>Sed</strong></span> <span class='ocrx_word' id='word_1_162' title='bbox 3564 1084 3728 1155; x_wconf 88' lang='lat' dir='ltr'><strong>paulo</strong></span> 
     </span>
    </p>
   </div>
   <div class='ocr_carea' id='block_1_23' title="bbox 2170 1174 3725 1248">
    <p class='ocr_par' dir='ltr' id='par_1_23' title="bbox 2170 1174 3725 1248">
     <span class='ocr_line' id='line_1_23' title="bbox 2170 1174 3725 1248; baseline 0.001 -20"><span class='ocrx_word' id='word_1_163' title='bbox 2170 1184 2295 1241; x_wconf 86' lang='lat' dir='ltr'><strong>post</strong></span> <span class='ocrx_word' id='word_1_164' title='bbox 2338 1189 2459 1229; x_wconf 90' lang='lat' dir='ltr'><strong>cum</strong></span> <span class='ocrx_word' id='word_1_165' title='bbox 2502 1174 2716 1243; x_wconf 86' lang='lat' dir='ltr'><strong>plurimi</strong></span> <span class='ocrx_word' id='word_1_166' title='bbox 2744 1176 2976 1245; x_wconf 77' lang='lat' dir='ltr'><strong>episcopi</strong></span> <span class='ocrx_word' id='word_1_167' title='bbox 3029 1176 3095 1229; x_wconf 89' lang='lat' dir='ltr'><strong>ab</strong></span> <span class='ocrx_word' id='word_1_168' title='bbox 3141 1176 3352 1232; x_wconf 86' lang='lat' dir='ltr'><strong>Arianis</strong></span> <span class='ocrx_word' id='word_1_169' title='bbox 3396 1178 3725 1248; x_wconf 80' lang='lat' dir='ltr'><strong>impietatem</strong></span> 
     </span>
    </p>
   </div>
   <div class='ocr_carea' id='block_1_24' title="bbox 2172 1267 3730 1340">
    <p class='ocr_par' dir='ltr' id='par_1_24' title="bbox 2172 1267 3730 1340">
     <span class='ocr_line' id='line_1_24' title="bbox 2172 1267 3730 1340; baseline 0.003 -22"><span class='ocrx_word' id='word_1_170' title='bbox 2172 1277 2354 1335; x_wconf 90' lang='lat' dir='ltr'><strong>aperte</strong></span> <span class='ocrx_word' id='word_1_171' title='bbox 2382 1267 2796 1337; x_wconf 65' lang='lat' dir='ltr'><strong>praedicantibus</strong></span> <span class='ocrx_word' id='word_1_172' title='bbox 2821 1283 2938 1323; x_wconf 88' lang='lat' dir='ltr'><strong>sese</strong></span> <span class='ocrx_word' id='word_1_173' title='bbox 2969 1270 3349 1339; x_wconf 70' lang='lat' dir='ltr'><strong>disiungerent,</strong></span> <span class='ocrx_word' id='word_1_174' title='bbox 3375 1284 3436 1325; x_wconf 90' lang='lat' dir='ltr'><strong>ac</strong></span> <span class='ocrx_word' id='word_1_175' title='bbox 3465 1270 3631 1340; x_wconf 80' lang='lat' dir='ltr'><strong>gratia</strong></span> <span class='ocrx_word' id='word_1_176' title='bbox 3667 1278 3730 1323; x_wconf 91' lang='lat' dir='ltr'><strong>et</strong></span> 
     </span>
    </p>
   </div>
   <div class='ocr_carea' id='block_1_25' title="bbox 2169 1359 3728 1430">
    <p class='ocr_par' dir='ltr' id='par_1_25' title="bbox 2169 1359 3728 1430">
     <span class='ocr_line' id='line_1_25' title="bbox 2169 1359 3728 1430; baseline 0.001 -19"><span class='ocrx_word' id='word_1_177' title='bbox 2169 1360 2489 1413; x_wconf 79' lang='lat' dir='ltr'><strong>auctoritate</strong></span> <span class='ocrx_word' id='word_1_178' title='bbox 2538 1360 2822 1429; x_wconf 87' lang='lat' dir='ltr'><strong>plurimum</strong></span> <span class='ocrx_word' id='word_1_179' title='bbox 2875 1359 3134 1424; x_wconf 75' lang='lat' dir='ltr'><strong>valerent,</strong></span> <span class='ocrx_word' id='word_1_180' title='bbox 3173 1361 3349 1430; x_wconf 87' lang='lat' dir='ltr'><strong>junxit</strong></span> <span class='ocrx_word' id='word_1_181' title='bbox 3399 1375 3457 1415; x_wconf 89' lang='lat' dir='ltr'><strong>se</strong></span> <span class='ocrx_word' id='word_1_182' title='bbox 3491 1376 3611 1416; x_wconf 90' lang='lat' dir='ltr'><strong>cum</strong></span> <span class='ocrx_word' id='word_1_183' title='bbox 3642 1362 3728 1415; x_wconf 89' lang='lat' dir='ltr'><strong>eis</strong></span> 
     </span>
    </p>
   </div>
   <div class='ocr_carea' id='block_1_26' title="bbox 2171 1447 3728 1519">
    <p class='ocr_par' dir='ltr' id='par_1_26' title="bbox 2171 1447 3728 1519">
     <span class='ocr_line' id='line_1_26' title="bbox 2171 1447 3728 1519; baseline 0.003 -20"><span class='ocrx_word' id='word_1_184' title='bbox 2171 1447 2503 1511; x_wconf 79' lang='lat' dir='ltr'><strong>Eustathius,</strong></span> <span class='ocrx_word' id='word_1_185' title='bbox 2535 1464 2831 1517; x_wconf 91' lang='lat' dir='ltr'><strong>eorumque</strong></span> <span class='ocrx_word' id='word_1_186' title='bbox 2858 1460 3037 1519; x_wconf 91' lang='lat' dir='ltr'><strong>partes</strong></span> <span class='ocrx_word' id='word_1_187' title='bbox 3075 1460 3310 1505; x_wconf 89' lang='lat' dir='ltr'><strong>sectatus</strong></span> <span class='ocrx_word' id='word_1_188' title='bbox 3335 1460 3416 1505; x_wconf 89' lang='lat' dir='ltr'><strong>est</strong></span> <span class='ocrx_word' id='word_1_189' title='bbox 3449 1450 3498 1504; x_wconf 92' lang='lat' dir='ltr'><strong>in</strong></span> <span class='ocrx_word' id='word_1_190' title='bbox 3536 1452 3728 1505; x_wconf 86' lang='lat' dir='ltr'><strong>conci-</strong></span> 
     </span>
    </p>
   </div>
   <div class='ocr_carea' id='block_1_27' title="bbox 2169 1539 3726 1610">
    <p class='ocr_par' dir='ltr' id='par_1_27' title="bbox 2169 1539 3726 1610">
     <span class='ocr_line' id='line_1_27' title="bbox 2169 1539 3726 1610; baseline -0.001 -17"><span class='ocrx_word' id='word_1_191' title='bbox 2169 1540 2238 1593; x_wconf 91' lang='lat' dir='ltr'><strong>lio</strong></span> <span class='ocrx_word' id='word_1_192' title='bbox 2262 1539 2565 1610; x_wconf 74' lang='lat' dir='ltr'><strong>Aucyrano,</strong></span> <span class='ocrx_word' id='word_1_193' title='bbox 2594 1540 2678 1593; x_wconf 92' lang='lat' dir='ltr'><strong>ubi</strong></span> <span class='ocrx_word' id='word_1_194' title='bbox 2705 1539 3165 1594; x_wconf 86' lang='lat' dir='ltr'><strong>Consubstantiale</strong></span> <span class='ocrx_word' id='word_1_195' title='bbox 3208 1541 3726 1595; x_wconf 89' lang='lat' dir='ltr'><strong>anathematizatum</strong></span> 
     </span>
    </p>
   </div>
   <div class='ocr_carea' id='block_1_28' title="bbox 2167 1630 3726 1700">
    <p class='ocr_par' dir='ltr' id='par_1_28' title="bbox 2167 1630 3726 1700">
     <span class='ocr_line' id='line_1_28' title="bbox 2167 1630 3726 1700; baseline -0.001 -15"><span class='ocrx_word' id='word_1_196' title='bbox 2167 1640 2268 1693; x_wconf 88' lang='lat' dir='ltr'><strong>est,</strong></span> <span class='ocrx_word' id='word_1_197' title='bbox 2303 1642 2357 1682; x_wconf 91' lang='lat' dir='ltr'><strong>et</strong></span> <span class='ocrx_word' id='word_1_198' title='bbox 2385 1631 2436 1683; x_wconf 94' lang='lat' dir='ltr'><strong>in</strong></span> <span class='ocrx_word' id='word_1_199' title='bbox 2467 1630 2813 1697; x_wconf 84' lang='lat' dir='ltr'><strong>Seleuciensi,</strong></span> <span class='ocrx_word' id='word_1_200' title='bbox 2843 1632 2930 1685; x_wconf 90' lang='lat' dir='ltr'><strong>ubi</strong></span> <span class='ocrx_word' id='word_1_201' title='bbox 2968 1632 3232 1700; x_wconf 89' lang='lat' dir='ltr'><strong>proposita</strong></span> <span class='ocrx_word' id='word_1_202' title='bbox 3266 1640 3345 1685; x_wconf 90' lang='lat' dir='ltr'><strong>est</strong></span> <span class='ocrx_word' id='word_1_203' title='bbox 3384 1632 3726 1685; x_wconf 86' lang='lat' dir='ltr'><strong>Antiochena</strong></span> 
     </span>
    </p>
   </div>
   <div class='ocr_carea' id='block_1_29' title="bbox 2169 1720 3730 1790">
    <p class='ocr_par' dir='ltr' id='par_1_29' title="bbox 2169 1720 3730 1790">
     <span class='ocr_line' id='line_1_29' title="bbox 2169 1720 3730 1790; baseline 0 -16"><span class='ocrx_word' id='word_1_204' title='bbox 2169 1720 2287 1774; x_wconf 88' lang='lat' dir='ltr'><strong>ﬁdei</strong></span> <span class='ocrx_word' id='word_1_205' title='bbox 2314 1720 2560 1774; x_wconf 81' lang='lat' dir='ltr'><strong>formula.</strong></span> <span class='ocrx_word' id='word_1_206' title='bbox 2601 1720 2762 1774; x_wconf 82' lang='lat' dir='ltr'><strong>Paulo</strong></span> <span class='ocrx_word' id='word_1_207' title='bbox 2801 1732 2921 1790; x_wconf 85' lang='lat' dir='ltr'><strong>post</strong></span> <span class='ocrx_word' id='word_1_208' title='bbox 2949 1723 3160 1776; x_wconf 88' lang='lat' dir='ltr'><strong>Arianis</strong></span> <span class='ocrx_word' id='word_1_209' title='bbox 3188 1721 3579 1776; x_wconf 82' lang='lat' dir='ltr'><strong>dominantibus</strong></span> <span class='ocrx_word' id='word_1_210' title='bbox 3599 1738 3730 1775; x_wconf 88' lang='lat' dir='ltr'><strong>suc-</strong></span> 
     </span>
    </p>
   </div>
   <div class='ocr_carea' id='block_1_30' title="bbox 2169 1810 3731 1877">
    <p class='ocr_par' dir='ltr' id='par_1_30' title="bbox 2169 1810 3731 1877">
     <span class='ocr_line' id='line_1_30' title="bbox 2169 1810 3731 1877; baseline 0 -13"><span class='ocrx_word' id='word_1_211' title='bbox 2169 1810 2353 1864; x_wconf 91' lang='lat' dir='ltr'><strong>cubuit</strong></span> <span class='ocrx_word' id='word_1_212' title='bbox 2398 1812 2731 1877; x_wconf 88' lang='lat' dir='ltr'><strong>Eustathius,</strong></span> <span class='ocrx_word' id='word_1_213' title='bbox 2790 1827 2852 1868; x_wconf 91' lang='lat' dir='ltr'><strong>ac</strong></span> <span class='ocrx_word' id='word_1_214' title='bbox 2893 1815 3155 1868; x_wconf 78' lang='lat' dir='ltr'><strong>haereticus</strong></span> <span class='ocrx_word' id='word_1_215' title='bbox 3195 1812 3434 1867; x_wconf 73' lang='lat' dir='ltr'><strong>formula:</strong></span> <span class='ocrx_word' id='word_1_216' title='bbox 3484 1813 3731 1867; x_wconf 88' lang='lat' dir='ltr'><strong>subscri-</strong></span> 
     </span>
    </p>
   </div>
   <div class='ocr_carea' id='block_1_31' title="bbox 520 1897 3725 1972">
    <p class='ocr_par' dir='ltr' id='par_1_31' title="bbox 520 1897 3725 1972">
     <span class='ocr_line' id='line_1_31' title="bbox 520 1897 3725 1972; baseline 0.001 -19"><span class='ocrx_word' id='word_1_217' title='bbox 520 1902 761 1963; x_wconf 87' lang='lat' dir='ltr'><strong>vidchat;</strong></span> <span class='ocrx_word' id='word_1_218' title='bbox 792 1900 1110 1952; x_wconf 89' lang='lat' dir='ltr'><strong>humilitatis</strong></span> <span class='ocrx_word' id='word_1_219' title='bbox 1139 1907 1508 1968; x_wconf 77' lang='lat' dir='ltr'><strong>argumentum</strong></span> <span class='ocrx_word' id='word_1_220' title='bbox 1552 1912 1670 1951; x_wconf 90' lang='lat' dir='ltr'><strong>esse</strong></span> <span class='ocrx_word' id='word_1_221' title='bbox 1712 1897 1941 1950; x_wconf 84' lang='lat' dir='ltr'><strong>ducebat</strong></span> <span class='ocrx_word' id='word_1_222' title='bbox 1973 1899 2069 1950; x_wconf 87' lang='lat' dir='ltr'><strong>hu-</strong></span> <span class='ocrx_word' id='word_1_223' title='bbox 2100 1909 2140 1961; x_wconf 77' lang='grc' dir='ltr'><strong>Β</strong></span> <span class='ocrx_word' id='word_1_224' title='bbox 2172 1904 2298 1970; x_wconf 87' lang='lat' dir='ltr'><strong>psit,</strong></span> <span class='ocrx_word' id='word_1_225' title='bbox 2346 1916 2444 1956; x_wconf 88' lang='lat' dir='ltr'><strong>nec</strong></span> <span class='ocrx_word' id='word_1_226' title='bbox 2488 1912 2666 1955; x_wconf 89' lang='lat' dir='ltr'><strong>tamen</strong></span> <span class='ocrx_word' id='word_1_227' title='bbox 2714 1905 3096 1972; x_wconf 86' lang='lat' dir='ltr'><strong>depositionem</strong></span> <span class='ocrx_word' id='word_1_228' title='bbox 3136 1914 3187 1957; x_wconf 91' lang='lat' dir='ltr'><strong>et</strong></span> <span class='ocrx_word' id='word_1_229' title='bbox 3222 1904 3465 1957; x_wconf 81' lang='lat' dir='ltr'><strong>exsilium</strong></span> <span class='ocrx_word' id='word_1_230' title='bbox 3516 1902 3725 1972; x_wconf 74' lang='lat' dir='ltr'><strong>effugit.</strong></span> 
     </span>
    </p>
   </div>
   <div class='ocr_carea' id='block_1_32' title="bbox 516 1988 2065 2059">
    <p class='ocr_par' dir='ltr' id='par_1_32' title="bbox 516 1988 2065 2059">
     <span class='ocr_line' id='line_1_32' title="bbox 516 1988 2065 2059; baseline -0.002 -14"><span class='ocrx_word' id='word_1_231' title='bbox 516 1994 692 2046; x_wconf 81' lang='lat' dir='ltr'><strong>milem</strong></span> <span class='ocrx_word' id='word_1_232' title='bbox 737 2003 937 2045; x_wconf 78' lang='lat' dir='ltr'><strong>vestem</strong></span> <span class='ocrx_word' id='word_1_233' title='bbox 977 2007 989 2042; x_wconf 88' lang='lat'>:</span> <span class='ocrx_word' id='word_1_234' title='bbox 1024 1990 1379 2059; x_wconf 85' lang='lat' dir='ltr'><strong>suspicionem</strong></span> <span class='ocrx_word' id='word_1_235' title='bbox 1428 2004 1637 2043; x_wconf 86' lang='lat' dir='ltr'><strong>omnem</strong></span> <span class='ocrx_word' id='word_1_236' title='bbox 1692 1988 1945 2042; x_wconf 86' lang='lat' dir='ltr'><strong>arcebant</strong></span> <span class='ocrx_word' id='word_1_237' title='bbox 1998 1990 2065 2043; x_wconf 89' lang='lat' dir='ltr'><strong>ab</strong></span> 
     </span>
    </p>
   </div>
   <div class='ocr_carea' id='block_1_33' title="bbox 514 2082 2067 2153">
    <p class='ocr_par' dir='ltr' id='par_1_33' title="bbox 514 2082 2067 2153">
     <span class='ocr_line' id='line_1_33' title="bbox 514 2082 2067 2153; baseline -0.002 -16"><span class='ocrx_word' id='word_1_238' title='bbox 514 2087 629 2153; x_wconf 78' lang='lat' dir='ltr'><strong>ejus</strong></span> <span class='ocrx_word' id='word_1_239' title='bbox 660 2086 837 2137; x_wconf 86' lang='lat' dir='ltr'><strong>animo</strong></span> <span class='ocrx_word' id='word_1_240' title='bbox 860 2085 1231 2137; x_wconf 79' lang='lat' dir='ltr'><strong>vestimentum</strong></span> <span class='ocrx_word' id='word_1_241' title='bbox 1267 2097 1529 2145; x_wconf 87' lang='lat' dir='ltr'><strong>crassum,</strong></span> <span class='ocrx_word' id='word_1_242' title='bbox 1580 2097 1733 2147; x_wconf 84' lang='lat' dir='ltr'><strong>zona,</strong></span> <span class='ocrx_word' id='word_1_243' title='bbox 1772 2095 1803 2136; x_wconf 88' lang='lat' dir='ltr'><strong>e</strong></span> <span class='ocrx_word' id='word_1_244' title='bbox 1834 2082 1948 2134; x_wconf 88' lang='lat' dir='ltr'><strong>rudi</strong></span> <span class='ocrx_word' id='word_1_245' title='bbox 1977 2097 2067 2134; x_wconf 83' lang='lat' dir='ltr'><strong>co-</strong></span> 
     </span>
    </p>
   </div>
   <div class='ocr_carea' id='block_1_34' title="bbox 518 2174 2067 2243">
    <p class='ocr_par' dir='ltr' id='par_1_34' title="bbox 518 2174 2067 2243">
     <span class='ocr_line' id='line_1_34' title="bbox 518 2174 2067 2243; baseline -0.002 -13"><span class='ocrx_word' id='word_1_246' title='bbox 518 2182 596 2230; x_wconf 88' lang='lat' dir='ltr'><strong>rio</strong></span> <span class='ocrx_word' id='word_1_247' title='bbox 645 2180 1031 2240; x_wconf 88' lang='lat' dir='ltr'><strong>ealceatnenta,</strong></span> <span class='ocrx_word' id='word_1_248' title='bbox 1084 2187 1353 2230; x_wconf 83' lang='lat' dir='ltr'><strong>austerum</strong></span> <span class='ocrx_word' id='word_1_249' title='bbox 1396 2174 1605 2227; x_wconf 80' lang='lat' dir='ltr'><strong>vivendi</strong></span> <span class='ocrx_word' id='word_1_250' title='bbox 1642 2189 1827 2242; x_wconf 86' lang='lat' dir='ltr'><strong>genus.</strong></span> <span class='ocrx_word' id='word_1_251' title='bbox 1884 2174 2067 2243; x_wconf 85' lang='lat' dir='ltr'><strong>itaque</strong></span> 
     </span>
    </p>
   </div>
   <div class='ocr_carea' id='block_1_35' title="bbox 518 2266 2067 2330">
    <p class='ocr_par' dir='ltr' id='par_1_35' title="bbox 518 2266 2067 2330">
     <span class='ocr_line' id='line_1_35' title="bbox 518 2266 2067 2330; baseline 0 -11"><span class='ocrx_word' id='word_1_252' title='bbox 518 2283 763 2323; x_wconf 86' lang='lat' dir='ltr'><strong>morosus</strong></span> <span class='ocrx_word' id='word_1_253' title='bbox 805 2279 921 2321; x_wconf 88' lang='lat' dir='ltr'><strong>erat</strong></span> <span class='ocrx_word' id='word_1_254' title='bbox 962 2269 1130 2321; x_wconf 86' lang='lat' dir='ltr'><strong>laudis</strong></span> <span class='ocrx_word' id='word_1_255' title='bbox 1160 2267 1421 2321; x_wconf 86' lang='lat' dir='ltr'><strong>Eustathii</strong></span> <span class='ocrx_word' id='word_1_256' title='bbox 1459 2266 1738 2330; x_wconf 89' lang='lat' dir='ltr'><strong>defensor;</strong></span> <span class='ocrx_word' id='word_1_257' title='bbox 1785 2280 1845 2320; x_wconf 91' lang='lat' dir='ltr'><strong>ac</strong></span> <span class='ocrx_word' id='word_1_258' title='bbox 1886 2280 1951 2319; x_wconf 89' lang='lat' dir='ltr'><strong>ne</strong></span> <span class='ocrx_word' id='word_1_259' title='bbox 1980 2266 2067 2319; x_wconf 89' lang='lat' dir='ltr'><strong>illa</strong></span> 
     </span>
    </p>
   </div>
   <div class='ocr_carea' id='block_1_36' title="bbox 515 2358 2065 2428">
    <p class='ocr_par' dir='ltr' id='par_1_36' title="bbox 515 2358 2065 2428">
     <span class='ocr_line' id='line_1_36' title="bbox 515 2358 2065 2428; baseline 0.001 -19"><span class='ocrx_word' id='word_1_260' title='bbox 515 2362 727 2428; x_wconf 81' lang='lat' dir='ltr'><strong>quidem</strong></span> <span class='ocrx_word' id='word_1_261' title='bbox 762 2361 1039 2427; x_wconf 81' lang='lat' dir='ltr'><strong>probabat,</strong></span> <span class='ocrx_word' id='word_1_262' title='bbox 1067 2374 1185 2428; x_wconf 85' lang='lat' dir='ltr'><strong>quae</strong></span> <span class='ocrx_word' id='word_1_263' title='bbox 1210 2360 1274 2413; x_wconf 89' lang='lat' dir='ltr'><strong>de</strong></span> <span class='ocrx_word' id='word_1_264' title='bbox 1298 2358 1435 2412; x_wconf 89' lang='lat' dir='ltr'><strong>illius</strong></span> <span class='ocrx_word' id='word_1_265' title='bbox 1460 2361 1559 2413; x_wconf 89' lang='lat' dir='ltr'><strong>fide</strong></span> <span class='ocrx_word' id='word_1_266' title='bbox 1586 2359 1915 2421; x_wconf 88' lang='lat' dir='ltr'><strong>dicebantur,</strong></span> <span class='ocrx_word' id='word_1_267' title='bbox 1945 2372 2065 2410; x_wconf 91' lang='lat' dir='ltr'><strong>eum</strong></span> 
     </span>
    </p>
   </div>
   <div class='ocr_carea' id='block_1_37' title="bbox 511 2449 2063 2520">
    <p class='ocr_par' dir='ltr' id='par_1_37' title="bbox 511 2449 2063 2520">
     <span class='ocr_line' id='line_1_37' title="bbox 511 2449 2063 2520; baseline -0.001 -18"><span class='ocrx_word' id='word_1_268' title='bbox 511 2453 578 2505; x_wconf 86' lang='lat' dir='ltr'><strong>ab</strong></span> <span class='ocrx_word' id='word_1_269' title='bbox 610 2452 736 2504; x_wconf 91' lang='lat' dir='ltr'><strong>Ario</strong></span> <span class='ocrx_word' id='word_1_270' title='bbox 765 2452 1011 2505; x_wconf 87' lang='lat' dir='ltr'><strong>edoctum</strong></span> <span class='ocrx_word' id='word_1_271' title='bbox 1043 2465 1181 2513; x_wconf 87' lang='lat' dir='ltr'><strong>esse,</strong></span> <span class='ocrx_word' id='word_1_272' title='bbox 1223 2466 1287 2505; x_wconf 89' lang='lat' dir='ltr'><strong>ac</strong></span> <span class='ocrx_word' id='word_1_273' title='bbox 1318 2451 1428 2504; x_wconf 84' lang='lat' dir='ltr'><strong>Arii</strong></span> <span class='ocrx_word' id='word_1_274' title='bbox 1462 2452 1706 2520; x_wconf 77' lang='lat' dir='ltr'><strong>dogmata</strong></span> <span class='ocrx_word' id='word_1_275' title='bbox 1742 2449 1877 2504; x_wconf 91' lang='lat' dir='ltr'><strong>clam</strong></span> <span class='ocrx_word' id='word_1_276' title='bbox 1912 2464 2063 2515; x_wconf 82' lang='lat' dir='ltr'><strong>spar-</strong></span> 
     </span>
    </p>
   </div>
   <div class='ocr_carea' id='block_1_38' title="bbox 513 2536 2066 2607">
    <p class='ocr_par' dir='ltr' id='par_1_38' title="bbox 513 2536 2066 2607">
     <span class='ocr_line' id='line_1_38' title="bbox 513 2536 2066 2607; baseline 0.001 -16"><span class='ocrx_word' id='word_1_277' title='bbox 513 2552 672 2606; x_wconf 73' lang='lat' dir='ltr'><strong>gere;</strong></span> <span class='ocrx_word' id='word_1_278' title='bbox 703 2539 794 2591; x_wconf 85' lang='lat' dir='ltr'><strong>sed</strong></span> <span class='ocrx_word' id='word_1_279' title='bbox 831 2554 949 2591; x_wconf 90' lang='lat' dir='ltr'><strong>cum</strong></span> <span class='ocrx_word' id='word_1_280' title='bbox 990 2540 1103 2592; x_wconf 79' lang='lat' dir='ltr'><strong>lucc</strong></span> <span class='ocrx_word' id='word_1_281' title='bbox 1139 2536 1366 2593; x_wconf 86' lang='lat' dir='ltr'><strong>Basilius</strong></span> <span class='ocrx_word' id='word_1_282' title='bbox 1415 2554 1683 2607; x_wconf 90' lang='lat' dir='ltr'><strong>nunquam</strong></span> <span class='ocrx_word' id='word_1_283' title='bbox 1724 2538 1837 2605; x_wconf 90' lang='lat' dir='ltr'><strong>ipse</strong></span> <span class='ocrx_word' id='word_1_284' title='bbox 1878 2552 1975 2607; x_wconf 89' lang='lat' dir='ltr'><strong>per</strong></span> <span class='ocrx_word' id='word_1_285' title='bbox 2007 2554 2066 2593; x_wconf 89' lang='lat' dir='ltr'><strong>se</strong></span> 
     </span>
    </p>
   </div>
   <div class='ocr_carea' id='block_1_39' title="bbox 514 2629 2067 2700">
    <p class='ocr_par' dir='ltr' id='par_1_39' title="bbox 514 2629 2067 2700">
     <span class='ocr_line' id='line_1_39' title="bbox 514 2629 2067 2700; baseline 0.001 -19"><span class='ocrx_word' id='word_1_286' title='bbox 514 2629 788 2693; x_wconf 89' lang='lat' dir='ltr'><strong>audiisset,</strong></span> <span class='ocrx_word' id='word_1_287' title='bbox 824 2630 1185 2699; x_wconf 85' lang='lat' dir='ltr'><strong>sycophantas</strong></span> <span class='ocrx_word' id='word_1_288' title='bbox 1228 2644 1347 2685; x_wconf 89' lang='lat' dir='ltr'><strong>esse</strong></span> <span class='ocrx_word' id='word_1_289' title='bbox 1384 2630 1621 2700; x_wconf 87' lang='lat' dir='ltr'><strong>putabat,</strong></span> <span class='ocrx_word' id='word_1_290' title='bbox 1654 2632 1742 2697; x_wconf 89' lang='lat' dir='ltr'><strong>qui</strong></span> <span class='ocrx_word' id='word_1_291' title='bbox 1781 2631 1891 2685; x_wconf 72' lang='lat' dir='ltr'><strong>luce</strong></span> <span class='ocrx_word' id='word_1_292' title='bbox 1918 2646 2067 2683; x_wconf 91' lang='lat' dir='ltr'><strong>nun—</strong></span> 
     </span>
    </p>
   </div>
   <div class='ocr_carea' id='block_1_40' title="bbox 514 2718 2066 2792">
    <p class='ocr_par' dir='ltr' id='par_1_40' title="bbox 514 2718 2066 2792">
     <span class='ocr_line' id='line_1_40' title="bbox 514 2718 2066 2792; baseline 0.001 -20"><span class='ocrx_word' id='word_1_293' title='bbox 514 2721 736 2774; x_wconf 83' lang='lat' dir='ltr'><strong>tiabant.</strong></span> <span class='ocrx_word' id='word_1_294' title='bbox 760 2718 1017 2789; x_wconf 81' lang='lat' dir='ltr'><strong>Equidem</strong></span> <span class='ocrx_word' id='word_1_295' title='bbox 1042 2735 1147 2774; x_wconf 91' lang='lat' dir='ltr'><strong>non</strong></span> <span class='ocrx_word' id='word_1_296' title='bbox 1182 2721 1349 2776; x_wconf 91' lang='lat' dir='ltr'><strong>miror</strong></span> <span class='ocrx_word' id='word_1_297' title='bbox 1378 2722 1430 2775; x_wconf 89' lang='lat' dir='ltr'><strong>in</strong></span> <span class='ocrx_word' id='word_1_298' title='bbox 1460 2722 1741 2775; x_wconf 87' lang='lat' dir='ltr'><strong>candidum</strong></span> <span class='ocrx_word' id='word_1_299' title='bbox 1765 2720 1945 2775; x_wconf 88' lang='lat' dir='ltr'><strong>Basilii</strong></span> <span class='ocrx_word' id='word_1_300' title='bbox 1975 2736 2066 2792; x_wconf 86' lang='lat' dir='ltr'><strong>pe-</strong></span> 
     </span>
    </p>
   </div>
   <div class='ocr_carea' id='block_1_41' title="bbox 514 2814 2067 2882">
    <p class='ocr_par' dir='ltr' id='par_1_41' title="bbox 514 2814 2067 2882">
     <span class='ocr_line' id='line_1_41' title="bbox 514 2814 2067 2882; baseline 0.003 -17"><span class='ocrx_word' id='word_1_301' title='bbox 514 2824 631 2866; x_wconf 90' lang='lat' dir='ltr'><strong>ctus</strong></span> <span class='ocrx_word' id='word_1_302' title='bbox 656 2814 856 2867; x_wconf 90' lang='lat' dir='ltr'><strong>aditum</strong></span> <span class='ocrx_word' id='word_1_303' title='bbox 898 2828 1002 2867; x_wconf 94' lang='lat' dir='ltr'><strong>non</strong></span> <span class='ocrx_word' id='word_1_304' title='bbox 1034 2814 1303 2880; x_wconf 88' lang='lat' dir='ltr'><strong>habuisse,</strong></span> <span class='ocrx_word' id='word_1_305' title='bbox 1343 2830 1462 2882; x_wconf 75' lang='lat' dir='ltr'><strong>qua:</strong></span> <span class='ocrx_word' id='word_1_306' title='bbox 1494 2815 1561 2869; x_wconf 92' lang='lat' dir='ltr'><strong>de</strong></span> <span class='ocrx_word' id='word_1_307' title='bbox 1599 2815 1878 2870; x_wconf 87' lang='lat' dir='ltr'><strong>Eustatbio</strong></span> <span class='ocrx_word' id='word_1_308' title='bbox 1924 2817 2067 2869; x_wconf 90' lang='lat' dir='ltr'><strong>dice-</strong></span> 
     </span>
    </p>
   </div>
   <div class='ocr_carea' id='block_1_42' title="bbox 516 2904 2067 2974">
    <p class='ocr_par' dir='ltr' id='par_1_42' title="bbox 516 2904 2067 2974">
     <span class='ocr_line' id='line_1_42' title="bbox 516 2904 2067 2974; baseline 0.003 -17"><span class='ocrx_word' id='word_1_309' title='bbox 516 2906 727 2957; x_wconf 88' lang='lat' dir='ltr'><strong>bantur.</strong></span> <span class='ocrx_word' id='word_1_310' title='bbox 760 2905 1005 2970; x_wconf 80' lang='lat' dir='ltr'><strong>Aeccpuc</strong></span> <span class='ocrx_word' id='word_1_311' title='bbox 1046 2904 1189 2956; x_wconf 85' lang='lat' dir='ltr'><strong>enim</strong></span> <span class='ocrx_word' id='word_1_312' title='bbox 1235 2904 1302 2956; x_wconf 88' lang='lat' dir='ltr'><strong>ab</strong></span> <span class='ocrx_word' id='word_1_313' title='bbox 1343 2905 1472 2958; x_wconf 84' lang='lat' dir='ltr'><strong>Ario</strong></span> <span class='ocrx_word' id='word_1_314' title='bbox 1511 2907 1798 2974; x_wconf 79' lang='lat' dir='ltr'><strong>disciplina:</strong></span> <span class='ocrx_word' id='word_1_315' title='bbox 1831 2915 1948 2972; x_wconf 91' lang='lat' dir='ltr'><strong>post</strong></span> <span class='ocrx_word' id='word_1_316' title='bbox 1992 2918 2067 2961; x_wconf 92' lang='lat' dir='ltr'><strong>tot</strong></span> 
     </span>
    </p>
   </div>
   <div class='ocr_carea' id='block_1_43' title="bbox 513 2994 2061 3067">
    <p class='ocr_par' dir='ltr' id='par_1_43' title="bbox 513 2994 2061 3067">
     <span class='ocr_line' id='line_1_43' title="bbox 513 2994 2061 3067; baseline 0.002 -19"><span class='ocrx_word' id='word_1_317' title='bbox 513 3010 682 3049; x_wconf 88' lang='lat' dir='ltr'><strong>annos</strong></span> <span class='ocrx_word' id='word_1_318' title='bbox 701 2997 787 3048; x_wconf 83' lang='lat' dir='ltr'><strong>vix</strong></span> <span class='ocrx_word' id='word_1_319' title='bbox 812 2996 921 3064; x_wconf 91' lang='lat' dir='ltr'><strong>jam</strong></span> <span class='ocrx_word' id='word_1_320' title='bbox 951 2994 1039 3047; x_wconf 91' lang='lat' dir='ltr'><strong>ulli</strong></span> <span class='ocrx_word' id='word_1_321' title='bbox 1066 3002 1229 3049; x_wconf 87' lang='lat' dir='ltr'><strong>testes</strong></span> <span class='ocrx_word' id='word_1_322' title='bbox 1263 2997 1313 3047; x_wconf 88' lang='lat' dir='ltr'><strong>in</strong></span> <span class='ocrx_word' id='word_1_323' title='bbox 1337 2995 1672 3065; x_wconf 87' lang='lat' dir='ltr'><strong>Cappadocia</strong></span> <span class='ocrx_word' id='word_1_324' title='bbox 1708 3007 2022 3067; x_wconf 88' lang='lat' dir='ltr'><strong>supererant</strong></span> <span class='ocrx_word' id='word_1_325' title='bbox 2048 3016 2061 3052; x_wconf 90' lang='lat'><strong>:</strong></span> 
     </span>
    </p>
   </div>
   <div class='ocr_carea' id='block_1_44' title="bbox 513 3088 2067 3159">
    <p class='ocr_par' dir='ltr' id='par_1_44' title="bbox 513 3088 2067 3159">
     <span class='ocr_line' id='line_1_44' title="bbox 513 3088 2067 3159; baseline 0.003 -16"><span class='ocrx_word' id='word_1_326' title='bbox 513 3088 776 3143; x_wconf 88' lang='lat' dir='ltr'><strong>occultum</strong></span> <span class='ocrx_word' id='word_1_327' title='bbox 823 3088 1059 3159; x_wconf 88' lang='lat' dir='ltr'><strong>ejusdem</strong></span> <span class='ocrx_word' id='word_1_328' title='bbox 1111 3089 1327 3143; x_wconf 73' lang='lat' dir='ltr'><strong>haeresis</strong></span> <span class='ocrx_word' id='word_1_329' title='bbox 1363 3091 1595 3144; x_wconf 81' lang='lat' dir='ltr'><strong>studium</strong></span> <span class='ocrx_word' id='word_1_330' title='bbox 1642 3106 1746 3145; x_wconf 93' lang='lat' dir='ltr'><strong>non</strong></span> <span class='ocrx_word' id='word_1_331' title='bbox 1780 3092 1931 3146; x_wconf 82' lang='lat' dir='ltr'><strong>facile</strong></span> <span class='ocrx_word' id='word_1_332' title='bbox 1974 3093 2067 3147; x_wconf 88' lang='lat' dir='ltr'><strong>de-</strong></span> 
     </span>
    </p>
   </div>
   <div class='ocr_carea' id='block_1_45' title="bbox 516 3178 2067 3252">
    <p class='ocr_par' dir='ltr' id='par_1_45' title="bbox 516 3178 2067 3252">
     <span class='ocr_line' id='line_1_45' title="bbox 516 3178 2067 3252; baseline 0 -16"><span class='ocrx_word' id='word_1_333' title='bbox 516 3180 767 3252; x_wconf 89' lang='lat' dir='ltr'><strong>prehendi</strong></span> <span class='ocrx_word' id='word_1_334' title='bbox 796 3189 1023 3249; x_wconf 88' lang='lat' dir='ltr'><strong>poterat.</strong></span> <span class='ocrx_word' id='word_1_335' title='bbox 1057 3178 1161 3233; x_wconf 88' lang='lat' dir='ltr'><strong>Sed</strong></span> <span class='ocrx_word' id='word_1_336' title='bbox 1200 3195 1435 3235; x_wconf 84' lang='lat' dir='ltr'><strong>amorem</strong></span> <span class='ocrx_word' id='word_1_337' title='bbox 1480 3183 1532 3235; x_wconf 92' lang='lat' dir='ltr'><strong>in</strong></span> <span class='ocrx_word' id='word_1_338' title='bbox 1573 3180 1906 3236; x_wconf 85' lang='lat' dir='ltr'><strong>Eustathiqu</strong></span> <span class='ocrx_word' id='word_1_339' title='bbox 1952 3182 2067 3237; x_wconf 84' lang='lat' dir='ltr'><strong>lou-</strong></span> 
     </span>
    </p>
   </div>
   <div class='ocr_carea' id='block_1_46' title="bbox 2174 1991 3731 2062">
    <p class='ocr_par' dir='ltr' id='par_1_46' title="bbox 2174 1991 3731 2062">
     <span class='ocr_line' id='line_1_46' title="bbox 2174 1991 3731 2062; baseline -0.002 -18"><span class='ocrx_word' id='word_1_340' title='bbox 2174 1992 2352 2045; x_wconf 82' lang='lat' dir='ltr'><strong>Bediit</strong></span> <span class='ocrx_word' id='word_1_341' title='bbox 2373 1994 2470 2045; x_wconf 89' lang='lat' dir='ltr'><strong>sub</strong></span> <span class='ocrx_word' id='word_1_342' title='bbox 2492 1991 2727 2054; x_wconf 71' lang='lat' dir='ltr'><strong>Iuliano,</strong></span> <span class='ocrx_word' id='word_1_343' title='bbox 2764 2008 2825 2045; x_wconf 90' lang='lat' dir='ltr'><strong>ac</strong></span> <span class='ocrx_word' id='word_1_344' title='bbox 2850 1994 3009 2046; x_wconf 90' lang='lat' dir='ltr'><strong>variis</strong></span> <span class='ocrx_word' id='word_1_345' title='bbox 3032 1995 3279 2062; x_wconf 88' lang='lat' dir='ltr'><strong>deinceps</strong></span> <span class='ocrx_word' id='word_1_346' title='bbox 3312 1993 3552 2046; x_wconf 78' lang='lat' dir='ltr'><strong>formulis</strong></span> <span class='ocrx_word' id='word_1_347' title='bbox 3591 1994 3731 2046; x_wconf 79' lang='lat' dir='ltr'><strong>sub-</strong></span> 
     </span>
    </p>
   </div>
   <div class='ocr_carea' id='block_1_47' title="bbox 2171 2085 3727 2153">
    <p class='ocr_par' dir='ltr' id='par_1_47' title="bbox 2171 2085 3727 2153">
     <span class='ocr_line' id='line_1_47' title="bbox 2171 2085 3727 2153; baseline 0.001 -16"><span class='ocrx_word' id='word_1_348' title='bbox 2171 2085 2384 2153; x_wconf 87' lang='lat' dir='ltr'><strong>scripsit</strong></span> <span class='ocrx_word' id='word_1_349' title='bbox 2411 2085 2553 2137; x_wconf 85' lang='lat' dir='ltr'><strong>Zelis</strong></span> <span class='ocrx_word' id='word_1_350' title='bbox 2581 2094 2632 2137; x_wconf 89' lang='lat' dir='ltr'><strong>et</strong></span> <span class='ocrx_word' id='word_1_351' title='bbox 2658 2085 2957 2153; x_wconf 88' lang='lat' dir='ltr'><strong>Lampsaci,</strong></span> <span class='ocrx_word' id='word_1_352' title='bbox 2989 2086 3201 2139; x_wconf 86' lang='lat' dir='ltr'><strong>Arianis</strong></span> <span class='ocrx_word' id='word_1_353' title='bbox 3223 2100 3430 2153; x_wconf 89' lang='lat' dir='ltr'><strong>semper</strong></span> <span class='ocrx_word' id='word_1_354' title='bbox 3457 2086 3727 2149; x_wconf 89' lang='lat' dir='ltr'><strong>infensus,</strong></span> 
     </span>
    </p>
   </div>
   <div class='ocr_carea' id='block_1_48' title="bbox 2172 2170 3731 2245">
    <p class='ocr_par' dir='ltr' id='par_1_48' title="bbox 2172 2170 3731 2245">
     <span class='ocr_line' id='line_1_48' title="bbox 2172 2170 3731 2245; baseline 0.001 -17"><span class='ocrx_word' id='word_1_355' title='bbox 2172 2184 2365 2229; x_wconf 91' lang='lat' dir='ltr'><strong>etcum</strong></span> <span class='ocrx_word' id='word_1_356' title='bbox 2395 2177 2459 2229; x_wconf 88' lang='lat' dir='ltr'><strong>iis</strong></span> <span class='ocrx_word' id='word_1_357' title='bbox 2489 2177 2578 2244; x_wconf 88' lang='lat' dir='ltr'><strong>qui</strong></span> <span class='ocrx_word' id='word_1_358' title='bbox 2617 2175 2935 2230; x_wconf 89' lang='lat' dir='ltr'><strong>Semiariani</strong></span> <span class='ocrx_word' id='word_1_359' title='bbox 2970 2176 3300 2241; x_wconf 88' lang='lat' dir='ltr'><strong>dicebantur,</strong></span> <span class='ocrx_word' id='word_1_360' title='bbox 3331 2186 3473 2230; x_wconf 86' lang='lat' dir='ltr'><strong>arcte</strong></span> <span class='ocrx_word' id='word_1_361' title='bbox 3493 2170 3731 2245; x_wconf 77' lang='lat' dir='ltr'><strong>conjun-</strong></span> 
     </span>
    </p>
   </div>
   <div class='ocr_carea' id='block_1_49' title="bbox 2172 2265 3732 2335">
    <p class='ocr_par' dir='ltr' id='par_1_49' title="bbox 2172 2265 3732 2335">
     <span class='ocr_line' id='line_1_49' title="bbox 2172 2265 3732 2335; baseline -0.001 -16"><span class='ocrx_word' id='word_1_362' title='bbox 2172 2275 2313 2320; x_wconf 90' lang='lat' dir='ltr'><strong>ctus.</strong></span> <span class='ocrx_word' id='word_1_363' title='bbox 2339 2266 2443 2320; x_wconf 90' lang='lat' dir='ltr'><strong>Sed</strong></span> <span class='ocrx_word' id='word_1_364' title='bbox 2482 2275 2654 2320; x_wconf 89' lang='lat' dir='ltr'><strong>tamen</strong></span> <span class='ocrx_word' id='word_1_365' title='bbox 2696 2266 3062 2335; x_wconf 87' lang='lat' dir='ltr'><strong>persecutione</strong></span> <span class='ocrx_word' id='word_1_366' title='bbox 3093 2275 3211 2333; x_wconf 91' lang='lat' dir='ltr'><strong>post</strong></span> <span class='ocrx_word' id='word_1_367' title='bbox 3243 2266 3525 2319; x_wconf 90' lang='lat' dir='ltr'><strong>concilium</strong></span> <span class='ocrx_word' id='word_1_368' title='bbox 3556 2265 3732 2317; x_wconf 88' lang='lat' dir='ltr'><strong>Lam-</strong></span> 
     </span>
    </p>
   </div>
   <div class='ocr_carea' id='block_1_50' title="bbox 2172 2357 3735 2428">
    <p class='ocr_par' dir='ltr' id='par_1_50' title="bbox 2172 2357 3735 2428">
     <span class='ocr_line' id='line_1_50' title="bbox 2172 2357 3735 2428; baseline -0.001 -16"><span class='ocrx_word' id='word_1_369' title='bbox 2172 2373 2459 2427; x_wconf 90' lang='lat' dir='ltr'><strong>psaeenum</strong></span> <span class='ocrx_word' id='word_1_370' title='bbox 2490 2359 2910 2428; x_wconf 79' lang='lat' dir='ltr'><strong>ingravescente,</strong></span> <span class='ocrx_word' id='word_1_371' title='bbox 2958 2357 3272 2427; x_wconf 88' lang='lat' dir='ltr'><strong>subscripsit</strong></span> <span class='ocrx_word' id='word_1_372' title='bbox 3314 2358 3576 2412; x_wconf 71' lang='lat' dir='ltr'><strong>hrerctica:</strong></span> <span class='ocrx_word' id='word_1_373' title='bbox 3610 2358 3735 2413; x_wconf 85' lang='lat' dir='ltr'><strong>for-</strong></span> 
     </span>
    </p>
   </div>
   <div class='ocr_carea' id='block_1_51' title="bbox 2172 2450 3735 2518">
    <p class='ocr_par' dir='ltr' id='par_1_51' title="bbox 2172 2450 3735 2518">
     <span class='ocr_line' id='line_1_51' title="bbox 2172 2450 3735 2518; baseline -0.001 -14"><span class='ocrx_word' id='word_1_374' title='bbox 2172 2450 2328 2504; x_wconf 74' lang='lat' dir='ltr'><strong>mulze</strong></span> <span class='ocrx_word' id='word_1_375' title='bbox 2360 2468 2373 2504; x_wconf 90' lang='lat'><strong>:</strong></span> <span class='ocrx_word' id='word_1_376' title='bbox 2411 2459 2463 2504; x_wconf 86' lang='lat' dir='ltr'><strong>et</strong></span> <span class='ocrx_word' id='word_1_377' title='bbox 2488 2465 2606 2503; x_wconf 89' lang='lat' dir='ltr'><strong>cum</strong></span> <span class='ocrx_word' id='word_1_378' title='bbox 2633 2464 2694 2503; x_wconf 87' lang='lat' dir='ltr'><strong>ea</strong></span> <span class='ocrx_word' id='word_1_379' title='bbox 2724 2464 2809 2502; x_wconf 90' lang='lat' dir='ltr'><strong>res</strong></span> <span class='ocrx_word' id='word_1_380' title='bbox 2838 2464 3084 2518; x_wconf 81' lang='lat' dir='ltr'><strong>magnum</strong></span> <span class='ocrx_word' id='word_1_381' title='bbox 3122 2450 3236 2518; x_wconf 89' lang='lat' dir='ltr'><strong>ejus</strong></span> <span class='ocrx_word' id='word_1_382' title='bbox 3264 2450 3460 2503; x_wconf 89' lang='lat' dir='ltr'><strong>nomini</strong></span> <span class='ocrx_word' id='word_1_383' title='bbox 3488 2450 3735 2503; x_wconf 85' lang='lat' dir='ltr'><strong>dedecus</strong></span> 
     </span>
    </p>
   </div>
   <div class='ocr_carea' id='block_1_52' title="bbox 2172 2539 3735 2610">
    <p class='ocr_par' dir='ltr' id='par_1_52' title="bbox 2172 2539 3735 2610">
     <span class='ocr_line' id='line_1_52' title="bbox 2172 2539 3735 2610; baseline 0.001 -16"><span class='ocrx_word' id='word_1_384' title='bbox 2172 2542 2429 2604; x_wconf 88' lang='lat' dir='ltr'><strong>inureret,</strong></span> <span class='ocrx_word' id='word_1_385' title='bbox 2464 2539 2686 2595; x_wconf 85' lang='lat' dir='ltr'><strong>Romam</strong></span> <span class='ocrx_word' id='word_1_386' title='bbox 2719 2540 2889 2607; x_wconf 90' lang='lat' dir='ltr'><strong>petiit,</strong></span> <span class='ocrx_word' id='word_1_387' title='bbox 2915 2541 3002 2594; x_wconf 90' lang='lat' dir='ltr'><strong>ubi</strong></span> <span class='ocrx_word' id='word_1_388' title='bbox 3029 2540 3294 2595; x_wconf 68' lang='lat' dir='ltr'><strong>Nicaenam</strong></span> <span class='ocrx_word' id='word_1_389' title='bbox 3337 2541 3490 2594; x_wconf 88' lang='lat' dir='ltr'><strong>ﬁdem</strong></span> <span class='ocrx_word' id='word_1_390' title='bbox 3515 2543 3735 2610; x_wconf 79' lang='lat' dir='ltr'><strong>profes-</strong></span> 
     </span>
    </p>
   </div>
   <div class='ocr_carea' id='block_1_53' title="bbox 2170 2630 3732 2703">
    <p class='ocr_par' dir='ltr' id='par_1_53' title="bbox 2170 2630 3732 2703">
     <span class='ocr_line' id='line_1_53' title="bbox 2170 2630 3732 2703; baseline 0 -17"><span class='ocrx_word' id='word_1_391' title='bbox 2170 2646 2263 2687; x_wconf 90' lang='lat' dir='ltr'><strong>sus</strong></span> <span class='ocrx_word' id='word_1_392' title='bbox 2307 2640 2407 2696; x_wconf 86' lang='lat' dir='ltr'><strong>est,</strong></span> <span class='ocrx_word' id='word_1_393' title='bbox 2461 2645 2524 2684; x_wconf 89' lang='lat' dir='ltr'><strong>ac</strong></span> <span class='ocrx_word' id='word_1_394' title='bbox 2550 2646 2612 2684; x_wconf 87' lang='lat' dir='ltr'><strong>ea</strong></span> <span class='ocrx_word' id='word_1_395' title='bbox 2648 2630 2951 2685; x_wconf 90' lang='lat' dir='ltr'><strong>conditione</strong></span> <span class='ocrx_word' id='word_1_396' title='bbox 2982 2645 3014 2683; x_wconf 87' lang='lat' dir='ltr'><strong>a</strong></span> <span class='ocrx_word' id='word_1_397' title='bbox 3045 2630 3256 2686; x_wconf 88' lang='lat' dir='ltr'><strong>Liberio</strong></span> <span class='ocrx_word' id='word_1_398' title='bbox 3290 2646 3421 2701; x_wconf 76' lang='lat' dir='ltr'><strong>papa</strong></span> <span class='ocrx_word' id='word_1_399' title='bbox 3454 2636 3732 2703; x_wconf 88' lang='lat' dir='ltr'><strong>receptus.</strong></span> 
     </span>
    </p>
   </div>
   <div class='ocr_carea' id='block_1_54' title="bbox 2170 2721 3738 2791">
    <p class='ocr_par' dir='ltr' id='par_1_54' title="bbox 2170 2721 3738 2791">
     <span class='ocr_line' id='line_1_54' title="bbox 2170 2721 3738 2791; baseline 0.002 -16"><span class='ocrx_word' id='word_1_400' title='bbox 2170 2721 2401 2777; x_wconf 86' lang='lat' dir='ltr'><strong>Rediens</strong></span> <span class='ocrx_word' id='word_1_401' title='bbox 2424 2721 2676 2785; x_wconf 89' lang='lat' dir='ltr'><strong>libellum,</strong></span> <span class='ocrx_word' id='word_1_402' title='bbox 2703 2722 2792 2791; x_wconf 91' lang='lat' dir='ltr'><strong>qui</strong></span> <span class='ocrx_word' id='word_1_403' title='bbox 2816 2723 3057 2776; x_wconf 88' lang='lat' dir='ltr'><strong>eamdem</strong></span> <span class='ocrx_word' id='word_1_404' title='bbox 3082 2722 3235 2776; x_wconf 87' lang='lat' dir='ltr'><strong>ﬁdem</strong></span> <span class='ocrx_word' id='word_1_405' title='bbox 3265 2723 3593 2787; x_wconf 88' lang='lat' dir='ltr'><strong>continebat,</strong></span> <span class='ocrx_word' id='word_1_406' title='bbox 3630 2725 3738 2778; x_wconf 82' lang='lat' dir='ltr'><strong>ob-</strong></span> 
     </span>
    </p>
   </div>
   <div class='ocr_carea' id='block_1_55' title="bbox 2172 2810 3733 2883">
    <p class='ocr_par' dir='ltr' id='par_1_55' title="bbox 2172 2810 3733 2883">
     <span class='ocr_line' id='line_1_55' title="bbox 2172 2810 3733 2883; baseline 0 -17"><span class='ocrx_word' id='word_1_407' title='bbox 2172 2813 2291 2866; x_wconf 88' lang='lat' dir='ltr'><strong>tulit</strong></span> <span class='ocrx_word' id='word_1_408' title='bbox 2317 2813 2522 2883; x_wconf 87' lang='lat' dir='ltr'><strong>synodo</strong></span> <span class='ocrx_word' id='word_1_409' title='bbox 2555 2810 2883 2881; x_wconf 85' lang='lat' dir='ltr'><strong>Thyanensi.</strong></span> <span class='ocrx_word' id='word_1_410' title='bbox 2914 2812 3097 2866; x_wconf 83' lang='lat' dir='ltr'><strong>Crevit</strong></span> <span class='ocrx_word' id='word_1_411' title='bbox 3136 2814 3455 2868; x_wconf 85' lang='lat' dir='ltr'><strong>Arianorum</strong></span> <span class='ocrx_word' id='word_1_412' title='bbox 3484 2816 3733 2882; x_wconf 85' lang='lat' dir='ltr'><strong>p0tentia</strong></span> 
     </span>
    </p>
   </div>
   <div class='ocr_carea' id='block_1_56' title="bbox 2170 2903 3735 2969">
    <p class='ocr_par' dir='ltr' id='par_1_56' title="bbox 2170 2903 3735 2969">
     <span class='ocr_line' id='line_1_56' title="bbox 2170 2903 3735 2969; baseline 0 -10"><span class='ocrx_word' id='word_1_413' title='bbox 2170 2905 2269 2959; x_wconf 90' lang='lat' dir='ltr'><strong>sub</strong></span> <span class='ocrx_word' id='word_1_414' title='bbox 2301 2903 2544 2968; x_wconf 81' lang='lat' dir='ltr'><strong>Valente,</strong></span> <span class='ocrx_word' id='word_1_415' title='bbox 2594 2919 2657 2957; x_wconf 91' lang='lat' dir='ltr'><strong>ac</strong></span> <span class='ocrx_word' id='word_1_416' title='bbox 2699 2914 2897 2957; x_wconf 89' lang='lat' dir='ltr'><strong>metum</strong></span> <span class='ocrx_word' id='word_1_417' title='bbox 2943 2903 3118 2957; x_wconf 92' lang='lat' dir='ltr'><strong>intulit</strong></span> <span class='ocrx_word' id='word_1_418' title='bbox 3149 2904 3448 2969; x_wconf 82' lang='lat' dir='ltr'><strong>Eustathio,</strong></span> <span class='ocrx_word' id='word_1_419' title='bbox 3504 2921 3569 2960; x_wconf 91' lang='lat' dir='ltr'><strong>ne</strong></span> <span class='ocrx_word' id='word_1_420' title='bbox 3597 2921 3735 2959; x_wconf 82' lang='lat' dir='ltr'><strong>sen-</strong></span> 
     </span>
    </p>
   </div>
   <div class='ocr_carea' id='block_1_57' title="bbox 2173 2994 3734 3063">
    <p class='ocr_par' dir='ltr' id='par_1_57' title="bbox 2173 2994 3734 3063">
     <span class='ocr_line' id='line_1_57' title="bbox 2173 2994 3734 3063; baseline 0.002 -17"><span class='ocrx_word' id='word_1_421' title='bbox 2173 2996 2333 3048; x_wconf 90' lang='lat' dir='ltr'><strong>tentia</strong></span> <span class='ocrx_word' id='word_1_422' title='bbox 2358 2996 2408 3048; x_wconf 91' lang='lat' dir='ltr'><strong>in</strong></span> <span class='ocrx_word' id='word_1_423' title='bbox 2438 3010 2559 3049; x_wconf 87' lang='lat' dir='ltr'><strong>eum</strong></span> <span class='ocrx_word' id='word_1_424' title='bbox 2595 2995 2721 3049; x_wconf 90' lang='lat' dir='ltr'><strong>olim</strong></span> <span class='ocrx_word' id='word_1_425' title='bbox 2753 2994 2856 3048; x_wconf 90' lang='lat' dir='ltr'><strong>lata</strong></span> <span class='ocrx_word' id='word_1_426' title='bbox 2890 3004 3255 3050; x_wconf 89' lang='lat' dir='ltr'><strong>renovaretur.</strong></span> <span class='ocrx_word' id='word_1_427' title='bbox 3292 2996 3466 3063; x_wconf 87' lang='lat' dir='ltr'><strong>Quare</strong></span> <span class='ocrx_word' id='word_1_428' title='bbox 3488 2998 3734 3052; x_wconf 86' lang='lat' dir='ltr'><strong>medium</strong></span> 
     </span>
    </p>
   </div>
   <div class='ocr_carea' id='block_1_58' title="bbox 2169 3084 3735 3150">
    <p class='ocr_par' dir='ltr' id='par_1_58' title="bbox 2169 3084 3735 3150">
     <span class='ocr_line' id='line_1_58' title="bbox 2169 3084 3735 3150; baseline 0.001 -13"><span class='ocrx_word' id='word_1_429' title='bbox 2169 3098 2227 3137; x_wconf 89' lang='lat' dir='ltr'><strong>se</strong></span> <span class='ocrx_word' id='word_1_430' title='bbox 2246 3099 2365 3138; x_wconf 87' lang='lat' dir='ltr'><strong>esse</strong></span> <span class='ocrx_word' id='word_1_431' title='bbox 2393 3084 2695 3139; x_wconf 86' lang='lat' dir='ltr'><strong>Catholicos</strong></span> <span class='ocrx_word' id='word_1_432' title='bbox 2719 3085 2855 3139; x_wconf 90' lang='lat' dir='ltr'><strong>inter</strong></span> <span class='ocrx_word' id='word_1_433' title='bbox 2885 3094 2938 3139; x_wconf 92' lang='lat' dir='ltr'><strong>et</strong></span> <span class='ocrx_word' id='word_1_434' title='bbox 2969 3086 3248 3141; x_wconf 71' lang='lat' dir='ltr'><strong>haereticos</strong></span> <span class='ocrx_word' id='word_1_435' title='bbox 3270 3087 3455 3150; x_wconf 92' lang='lat' dir='ltr'><strong>voluit,</strong></span> <span class='ocrx_word' id='word_1_436' title='bbox 3480 3096 3537 3139; x_wconf 92' lang='lat' dir='ltr'><strong>ut</strong></span> <span class='ocrx_word' id='word_1_437' title='bbox 3558 3096 3613 3141; x_wconf 89' lang='lat' dir='ltr'><strong>et</strong></span> <span class='ocrx_word' id='word_1_438' title='bbox 3637 3087 3735 3139; x_wconf 82' lang='lat' dir='ltr'><strong>fa-</strong></span> 
     </span>
    </p>
   </div>
   <div class='ocr_carea' id='block_1_59' title="bbox 2172 3173 3738 3238">
    <p class='ocr_par' dir='ltr' id='par_1_59' title="bbox 2172 3173 3738 3238">
     <span class='ocr_line' id='line_1_59' title="bbox 2172 3173 3738 3238; baseline 0.003 -12"><span class='ocrx_word' id='word_1_439' title='bbox 2172 3188 2269 3226; x_wconf 54' lang='lat' dir='ltr'><strong>mae</strong></span> <span class='ocrx_word' id='word_1_440' title='bbox 2301 3189 2409 3227; x_wconf 76' lang='lat' dir='ltr'><strong>sua:</strong></span> <span class='ocrx_word' id='word_1_441' title='bbox 2437 3174 2758 3238; x_wconf 88' lang='lat' dir='ltr'><strong>consuleret,</strong></span> <span class='ocrx_word' id='word_1_442' title='bbox 2809 3189 2908 3228; x_wconf 89' lang='lat' dir='ltr'><strong>nec</strong></span> <span class='ocrx_word' id='word_1_443' title='bbox 2938 3173 3168 3228; x_wconf 83' lang='lat' dir='ltr'><strong>Arianos</strong></span> <span class='ocrx_word' id='word_1_444' title='bbox 3200 3175 3454 3229; x_wconf 87' lang='lat' dir='ltr'><strong>irritaret.</strong></span> <span class='ocrx_word' id='word_1_445' title='bbox 3481 3175 3738 3230; x_wconf 64' lang='lat' dir='ltr'><strong>Detraxi!</strong></span> 
     </span>
    </p>
   </div>
   <div class='ocr_carea' id='block_1_60' title="bbox 513 3261 3736 3341">
    <p class='ocr_par' dir='ltr' id='par_1_60' title="bbox 513 3261 3736 3341">
     <span class='ocr_line' id='line_1_60' title="bbox 513 3261 3736 3341; baseline -0 -18"><span class='ocrx_word' id='word_1_446' title='bbox 513 3272 634 3341; x_wconf 80' lang='lat' dir='ltr'><strong>gius</strong></span> <span class='ocrx_word' id='word_1_447' title='bbox 662 3270 998 3339; x_wconf 84' lang='lat' dir='ltr'><strong>promovebit</strong></span> <span class='ocrx_word' id='word_1_448' title='bbox 1033 3268 1283 3335; x_wconf 86' lang='lat' dir='ltr'><strong>Basilius,</strong></span> <span class='ocrx_word' id='word_1_449' title='bbox 1327 3270 1417 3339; x_wconf 88' lang='lat' dir='ltr'><strong>qui</strong></span> <span class='ocrx_word' id='word_1_450' title='bbox 1452 3287 1571 3324; x_wconf 90' lang='lat' dir='ltr'><strong>cum</strong></span> <span class='ocrx_word' id='word_1_451' title='bbox 1612 3287 1731 3326; x_wconf 82' lang='lat' dir='ltr'><strong>eum</strong></span> <span class='ocrx_word' id='word_1_452' title='bbox 1759 3269 2064 3327; x_wconf 65' lang='lat' dir='ltr'><strong>Constanti-</strong></span> <span class='ocrx_word' id='word_1_453' title='bbox 2094 3261 2135 3318; x_wconf 89' lang='lat' dir='ltr'><strong>C</strong></span> <span class='ocrx_word' id='word_1_454' title='bbox 2167 3267 2215 3319; x_wconf 90' lang='lat' dir='ltr'><strong>ei</strong></span> <span class='ocrx_word' id='word_1_455' title='bbox 2252 3264 2477 3319; x_wconf 88' lang='lat' dir='ltr'><strong>Basilius</strong></span> <span class='ocrx_word' id='word_1_456' title='bbox 2513 3266 2654 3319; x_wconf 90' lang='lat' dir='ltr'><strong>hunc</strong></span> <span class='ocrx_word' id='word_1_457' title='bbox 2698 3265 2857 3319; x_wconf 87' lang='lat' dir='ltr'><strong>medii</strong></span> <span class='ocrx_word' id='word_1_458' title='bbox 2888 3264 3119 3320; x_wconf 88' lang='lat' dir='ltr'><strong>hominis</strong></span> <span class='ocrx_word' id='word_1_459' title='bbox 3156 3275 3349 3319; x_wconf 87' lang='lat' dir='ltr'><strong>statum</strong></span> <span class='ocrx_word' id='word_1_460' title='bbox 3387 3275 3439 3320; x_wconf 88' lang='lat' dir='ltr'><strong>et</strong></span> <span class='ocrx_word' id='word_1_461' title='bbox 3468 3267 3519 3320; x_wconf 92' lang='lat' dir='ltr'><strong>in</strong></span> <span class='ocrx_word' id='word_1_462' title='bbox 3554 3268 3736 3322; x_wconf 85' lang='lat' dir='ltr'><strong>verba</strong></span> 
     </span>
    </p>
   </div>
   <div class='ocr_carea' id='block_1_61' title="bbox 515 3360 2066 3432">
    <p class='ocr_par' dir='ltr' id='par_1_61' title="bbox 515 3360 2066 3432">
     <span class='ocr_line' id='line_1_61' title="bbox 515 3360 2066 3432; baseline 0 -15"><span class='ocrx_word' id='word_1_463' title='bbox 515 3360 692 3432; x_wconf 78' lang='lat' dir='ltr'><strong>nopoli</strong></span> <span class='ocrx_word' id='word_1_464' title='bbox 730 3360 833 3415; x_wconf 89' lang='lat' dir='ltr'><strong>labi</strong></span> <span class='ocrx_word' id='word_1_465' title='bbox 878 3370 930 3414; x_wconf 88' lang='lat' dir='ltr'><strong>et</strong></span> <span class='ocrx_word' id='word_1_466' title='bbox 960 3363 1058 3415; x_wconf 91' lang='lat' dir='ltr'><strong>sub</strong></span> <span class='ocrx_word' id='word_1_467' title='bbox 1092 3360 1314 3415; x_wconf 81' lang='lat' dir='ltr'><strong>Valente</strong></span> <span class='ocrx_word' id='word_1_468' title='bbox 1347 3361 1508 3416; x_wconf 89' lang='lat' dir='ltr'><strong>relabi</strong></span> <span class='ocrx_word' id='word_1_469' title='bbox 1541 3362 1761 3427; x_wconf 86' lang='lat' dir='ltr'><strong>videbit,</strong></span> <span class='ocrx_word' id='word_1_470' title='bbox 1806 3363 1924 3417; x_wconf 87' lang='lat' dir='ltr'><strong>ficta</strong></span> <span class='ocrx_word' id='word_1_471' title='bbox 1953 3363 2066 3430; x_wconf 88' lang='lat' dir='ltr'><strong>ejus</strong></span> 
     </span>
    </p>
   </div>
   <div class='ocr_carea' id='block_1_62' title="bbox 514 3453 2067 3524">
    <p class='ocr_par' dir='ltr' id='par_1_62' title="bbox 514 3453 2067 3524">
     <span class='ocr_line' id='line_1_62' title="bbox 514 3453 2067 3524; baseline -0.001 -15"><span class='ocrx_word' id='word_1_472' title='bbox 514 3454 826 3524; x_wconf 62' lang='lat' dir='ltr'><strong>paenitentia</strong></span> <span class='ocrx_word' id='word_1_473' title='bbox 869 3454 1121 3523; x_wconf 89' lang='lat' dir='ltr'><strong>deceptus</strong></span> <span class='ocrx_word' id='word_1_474' title='bbox 1154 3453 1221 3506; x_wconf 88' lang='lat' dir='ltr'><strong>ab</strong></span> <span class='ocrx_word' id='word_1_475' title='bbox 1247 3468 1311 3507; x_wconf 87' lang='lat' dir='ltr'><strong>eo</strong></span> <span class='ocrx_word' id='word_1_476' title='bbox 1339 3453 1607 3521; x_wconf 77' lang='lat' dir='ltr'><strong>diligendo</strong></span> <span class='ocrx_word' id='word_1_477' title='bbox 1652 3464 1706 3508; x_wconf 90' lang='lat' dir='ltr'><strong>et</strong></span> <span class='ocrx_word' id='word_1_478' title='bbox 1736 3454 2067 3509; x_wconf 86' lang='lat' dir='ltr'><strong>defendendo</strong></span> 
     </span>
    </p>
   </div>
   <div class='ocr_carea' id='block_1_63' title="bbox 514 3544 2063 3611">
    <p class='ocr_par' dir='ltr' id='par_1_63' title="bbox 514 3544 2063 3611">
     <span class='ocr_line' id='line_1_63' title="bbox 514 3544 2063 3611; baseline -0.001 -13"><span class='ocrx_word' id='word_1_479' title='bbox 514 3560 617 3598; x_wconf 91' lang='lat' dir='ltr'><strong>non</strong></span> <span class='ocrx_word' id='word_1_480' title='bbox 645 3544 903 3607; x_wconf 88' lang='lat' dir='ltr'><strong>discedet,</strong></span> <span class='ocrx_word' id='word_1_481' title='bbox 929 3559 1028 3597; x_wconf 91' lang='lat' dir='ltr'><strong>nec</strong></span> <span class='ocrx_word' id='word_1_482' title='bbox 1054 3544 1101 3597; x_wconf 91' lang='lat' dir='ltr'><strong>ei</strong></span> <span class='ocrx_word' id='word_1_483' title='bbox 1130 3544 1555 3598; x_wconf 89' lang='lat' dir='ltr'><strong>communionem</strong></span> <span class='ocrx_word' id='word_1_484' title='bbox 1589 3546 1932 3611; x_wconf 89' lang='lat' dir='ltr'><strong>renuntiabit,</strong></span> <span class='ocrx_word' id='word_1_485' title='bbox 1965 3546 2063 3599; x_wconf 90' lang='lat' dir='ltr'><strong>nisi</strong></span> 
     </span>
    </p>
   </div>
   <div class='ocr_carea' id='block_1_64' title="bbox 515 3634 2067 3704">
    <p class='ocr_par' dir='ltr' id='par_1_64' title="bbox 515 3634 2067 3704">
     <span class='ocr_line' id='line_1_64' title="bbox 515 3634 2067 3704; baseline 0.001 -16"><span class='ocrx_word' id='word_1_486' title='bbox 515 3651 636 3688; x_wconf 90' lang='lat' dir='ltr'><strong>cum</strong></span> <span class='ocrx_word' id='word_1_487' title='bbox 668 3634 817 3688; x_wconf 88' lang='lat' dir='ltr'><strong>illius</strong></span> <span class='ocrx_word' id='word_1_488' title='bbox 846 3635 1137 3704; x_wconf 88' lang='lat' dir='ltr'><strong>nequitiam</strong></span> <span class='ocrx_word' id='word_1_489' title='bbox 1170 3649 1275 3688; x_wconf 92' lang='lat' dir='ltr'><strong>non</strong></span> <span class='ocrx_word' id='word_1_490' title='bbox 1304 3636 1473 3688; x_wconf 92' lang='lat' dir='ltr'><strong>solum</strong></span> <span class='ocrx_word' id='word_1_491' title='bbox 1509 3635 1678 3689; x_wconf 87' lang='lat' dir='ltr'><strong>oculis</strong></span> <span class='ocrx_word' id='word_1_492' title='bbox 1720 3650 1782 3690; x_wconf 90' lang='lat' dir='ltr'><strong>ac</strong></span> <span class='ocrx_word' id='word_1_493' title='bbox 1826 3637 2067 3690; x_wconf 91' lang='lat' dir='ltr'><strong>manibus</strong></span> 
     </span>
    </p>
   </div>
   <div class='ocr_carea' id='block_1_65' title="bbox 515 3725 2067 3794">
    <p class='ocr_par' dir='ltr' id='par_1_65' title="bbox 515 3725 2067 3794">
     <span class='ocr_line' id='line_1_65' title="bbox 515 3725 2067 3794; baseline -0.001 -14"><span class='ocrx_word' id='word_1_494' title='bbox 515 3726 949 3794; x_wconf 85' lang='lat' dir='ltr'><strong>comprehendet,</strong></span> <span class='ocrx_word' id='word_1_495' title='bbox 988 3726 1080 3781; x_wconf 89' lang='lat' dir='ltr'><strong>sed</strong></span> <span class='ocrx_word' id='word_1_496' title='bbox 1119 3726 1281 3780; x_wconf 88' lang='lat' dir='ltr'><strong>etiam</strong></span> <span class='ocrx_word' id='word_1_497' title='bbox 1306 3725 1649 3780; x_wconf 89' lang='lat' dir='ltr'><strong>insanabilem</strong></span> <span class='ocrx_word' id='word_1_498' title='bbox 1685 3740 1802 3780; x_wconf 89' lang='lat' dir='ltr'><strong>esse</strong></span> <span class='ocrx_word' id='word_1_499' title='bbox 1830 3726 2067 3779; x_wconf 86' lang='lat' dir='ltr'><strong>animad-</strong></span> 
     </span>
    </p>
   </div>
   <div class='ocr_carea' id='block_1_66' title="bbox 515 3826 707 3871">
    <p class='ocr_par' dir='ltr' id='par_1_66' title="bbox 515 3826 707 3871">
     <span class='ocr_line' id='line_1_66' title="bbox 515 3826 707 3871; baseline 0.005 -3"><span class='ocrx_word' id='word_1_500' title='bbox 515 3826 707 3871; x_wconf 89' lang='lat' dir='ltr'><strong>vertet.</strong></span> 
     </span>
    </p>
   </div>
   <div class='ocr_carea' id='block_1_67' title="bbox 587 3903 2065 3974">
    <p class='ocr_par' dir='ltr' id='par_1_67' title="bbox 587 3903 2065 3974">
     <span class='ocr_line' id='line_1_67' title="bbox 587 3903 2065 3974; baseline -0.001 -16"><span class='ocrx_word' id='word_1_501' title='bbox 587 3904 652 3958; x_wconf 83' lang='lat' dir='ltr'><strong>ll.</strong></span> <span class='ocrx_word' id='word_1_502' title='bbox 698 3903 839 3958; x_wconf 79' lang='lat' dir='ltr'><strong>Nihil</strong></span> <span class='ocrx_word' id='word_1_503' title='bbox 872 3905 1015 3959; x_wconf 91' lang='lat' dir='ltr'><strong>enim</strong></span> <span class='ocrx_word' id='word_1_504' title='bbox 1051 3904 1191 3959; x_wconf 86' lang='lat' dir='ltr'><strong>aliud</strong></span> <span class='ocrx_word' id='word_1_505' title='bbox 1216 3904 1315 3958; x_wconf 90' lang='lat' dir='ltr'><strong>fuit</strong></span> <span class='ocrx_word' id='word_1_506' title='bbox 1346 3904 1455 3958; x_wconf 86' lang='lat' dir='ltr'><strong>vita</strong></span> <span class='ocrx_word' id='word_1_507' title='bbox 1487 3904 1768 3969; x_wconf 88' lang='lat' dir='ltr'><strong>Eustathii,</strong></span> <span class='ocrx_word' id='word_1_508' title='bbox 1815 3905 1911 3959; x_wconf 90' lang='lat' dir='ltr'><strong>nisi</strong></span> <span class='ocrx_word' id='word_1_509' title='bbox 1944 3920 2065 3974; x_wconf 85' lang='lat' dir='ltr'><strong>per-</strong></span> 
     </span>
    </p>
   </div>
   <div class='ocr_carea' id='block_1_68' title="bbox 514 3996 2066 4068">
    <p class='ocr_par' dir='ltr' id='par_1_68' title="bbox 514 3996 2066 4068">
     <span class='ocr_line' id='line_1_68' title="bbox 514 3996 2066 4068; baseline -0.001 -16"><span class='ocrx_word' id='word_1_510' title='bbox 514 4007 672 4068; x_wconf 90' lang='lat' dir='ltr'><strong>petua</strong></span> <span class='ocrx_word' id='word_1_511' title='bbox 722 3997 942 4051; x_wconf 61' lang='lat' dir='ltr'><strong>haeresis</strong></span> <span class='ocrx_word' id='word_1_512' title='bbox 995 4008 1049 4051; x_wconf 83' lang='lat' dir='ltr'><strong>et</strong></span> <span class='ocrx_word' id='word_1_513' title='bbox 1100 3996 1375 4051; x_wconf 70' lang='lat' dir='ltr'><strong>catholica:</strong></span> <span class='ocrx_word' id='word_1_514' title='bbox 1428 3997 1685 4051; x_wconf 64' lang='lat' dir='ltr'><strong>doctrinae</strong></span> <span class='ocrx_word' id='word_1_515' title='bbox 1738 3998 2066 4063; x_wconf 89' lang='lat' dir='ltr'><strong>vicissitudo,</strong></span> 
     </span>
    </p>
   </div>
   <div class='ocr_carea' id='block_1_69' title="bbox 515 4088 2063 4160">
    <p class='ocr_par' dir='ltr' id='par_1_69' title="bbox 515 4088 2063 4160">
     <span class='ocr_line' id='line_1_69' title="bbox 515 4088 2063 4160; baseline 0 -18"><span class='ocrx_word' id='word_1_516' title='bbox 515 4098 672 4159; x_wconf 91' lang='lat' dir='ltr'><strong>prout</strong></span> <span class='ocrx_word' id='word_1_517' title='bbox 712 4089 1020 4144; x_wconf 89' lang='lat' dir='ltr'><strong>alterutrum</strong></span> <span class='ocrx_word' id='word_1_518' title='bbox 1072 4090 1371 4144; x_wconf 86' lang='lat' dir='ltr'><strong>ambitiosis</strong></span> <span class='ocrx_word' id='word_1_519' title='bbox 1408 4090 1521 4160; x_wconf 89' lang='lat' dir='ltr'><strong>ejus</strong></span> <span class='ocrx_word' id='word_1_520' title='bbox 1557 4090 1795 4145; x_wconf 91' lang='lat' dir='ltr'><strong>consiliis</strong></span> <span class='ocrx_word' id='word_1_521' title='bbox 1837 4088 2063 4142; x_wconf 88' lang='lat' dir='ltr'><strong>favebat.</strong></span> 
     </span>
    </p>
   </div>
   <div class='ocr_carea' id='block_1_70' title="bbox 516 4180 2067 4251">
    <p class='ocr_par' dir='ltr' id='par_1_70' title="bbox 516 4180 2067 4251">
     <span class='ocr_line' id='line_1_70' title="bbox 516 4180 2067 4251; baseline -0.001 -16"><span class='ocrx_word' id='word_1_522' title='bbox 516 4182 773 4251; x_wconf 83' lang='lat' dir='ltr'><strong>Egressus</strong></span> <span class='ocrx_word' id='word_1_523' title='bbox 799 4180 1146 4244; x_wconf 82' lang='lat' dir='ltr'><strong>Alexandria,</strong></span> <span class='ocrx_word' id='word_1_524' title='bbox 1188 4181 1276 4234; x_wconf 92' lang='lat' dir='ltr'><strong>ubi</strong></span> <span class='ocrx_word' id='word_1_525' title='bbox 1328 4181 1465 4235; x_wconf 89' lang='lat' dir='ltr'><strong>inter</strong></span> <span class='ocrx_word' id='word_1_526' title='bbox 1512 4182 1723 4235; x_wconf 89' lang='lat' dir='ltr'><strong>intimos</strong></span> <span class='ocrx_word' id='word_1_527' title='bbox 1758 4180 1870 4233; x_wconf 89' lang='lat' dir='ltr'><strong>Arii</strong></span> <span class='ocrx_word' id='word_1_528' title='bbox 1915 4180 2067 4234; x_wconf 86' lang='lat' dir='ltr'><strong>disci-</strong></span> 
     </span>
    </p>
   </div>
   <div class='ocr_carea' id='block_1_71' title="bbox 512 4272 2064 4343">
    <p class='ocr_par' dir='ltr' id='par_1_71' title="bbox 512 4272 2064 4343">
     <span class='ocr_line' id='line_1_71' title="bbox 512 4272 2064 4343; baseline 0 -16"><span class='ocrx_word' id='word_1_529' title='bbox 512 4273 663 4343; x_wconf 87' lang='lat' dir='ltr'><strong>pulos</strong></span> <span class='ocrx_word' id='word_1_530' title='bbox 700 4272 893 4336; x_wconf 88' lang='lat' dir='ltr'><strong>fuerat,</strong></span> <span class='ocrx_word' id='word_1_531' title='bbox 937 4273 989 4327; x_wconf 93' lang='lat' dir='ltr'><strong>in</strong></span> <span class='ocrx_word' id='word_1_532' title='bbox 1033 4274 1236 4328; x_wconf 92' lang='lat' dir='ltr'><strong>clerum</strong></span> <span class='ocrx_word' id='word_1_533' title='bbox 1272 4274 1663 4328; x_wconf 87' lang='lat' dir='ltr'><strong>Antiochenum</strong></span> <span class='ocrx_word' id='word_1_534' title='bbox 1708 4283 1931 4328; x_wconf 87' lang='lat' dir='ltr'><strong>conatus</strong></span> <span class='ocrx_word' id='word_1_535' title='bbox 1983 4282 2064 4328; x_wconf 90' lang='lat' dir='ltr'><strong>est</strong></span> 
     </span>
    </p>
   </div>
   <div class='ocr_carea' id='block_1_72' title="bbox 509 4363 2067 4433">
    <p class='ocr_par' dir='ltr' id='par_1_72' title="bbox 509 4363 2067 4433">
     <span class='ocr_line' id='line_1_72' title="bbox 509 4363 2067 4433; baseline 0.001 -16"><span class='ocrx_word' id='word_1_536' title='bbox 509 4364 772 4432; x_wconf 89' lang='lat' dir='ltr'><strong>obrepere</strong></span> <span class='ocrx_word' id='word_1_537' title='bbox 804 4363 901 4433; x_wconf 86' lang='lat' dir='ltr'><strong>(b),</strong></span> <span class='ocrx_word' id='word_1_538' title='bbox 950 4364 1147 4428; x_wconf 88' lang='lat' dir='ltr'><strong>oblata,</strong></span> <span class='ocrx_word' id='word_1_539' title='bbox 1190 4375 1247 4417; x_wconf 91' lang='lat' dir='ltr'><strong>ut</strong></span> <span class='ocrx_word' id='word_1_540' title='bbox 1280 4365 1566 4418; x_wconf 84' lang='lat' dir='ltr'><strong>verisimile</strong></span> <span class='ocrx_word' id='word_1_541' title='bbox 1609 4374 1713 4429; x_wconf 86' lang='lat' dir='ltr'><strong>est,</strong></span> <span class='ocrx_word' id='word_1_542' title='bbox 1757 4378 1901 4419; x_wconf 69' lang='lat' dir='ltr'><strong>sanae</strong></span> <span class='ocrx_word' id='word_1_543' title='bbox 1946 4364 2067 4419; x_wconf 89' lang='lat' dir='ltr'><strong>ﬁdei</strong></span> 
     </span>
    </p>
   </div>
   <div class='ocr_carea' id='block_1_73' title="bbox 511 4454 2065 4524">
    <p class='ocr_par' dir='ltr' id='par_1_73' title="bbox 511 4454 2065 4524">
     <span class='ocr_line' id='line_1_73' title="bbox 511 4454 2065 4524; baseline 0 -17"><span class='ocrx_word' id='word_1_544' title='bbox 511 4454 871 4517; x_wconf 86' lang='lat' dir='ltr'><strong>confessione,</strong></span> <span class='ocrx_word' id='word_1_545' title='bbox 898 4455 993 4509; x_wconf 86' lang='lat' dir='ltr'><strong>sed</strong></span> <span class='ocrx_word' id='word_1_546' title='bbox 1031 4470 1059 4507; x_wconf 93' lang='lat' dir='ltr'><strong>a</strong></span> <span class='ocrx_word' id='word_1_547' title='bbox 1092 4455 1149 4508; x_wconf 91' lang='lat' dir='ltr'><strong>S.</strong></span> <span class='ocrx_word' id='word_1_548' title='bbox 1188 4455 1463 4509; x_wconf 82' lang='lat' dir='ltr'><strong>Eustathio</strong></span> <span class='ocrx_word' id='word_1_549' title='bbox 1492 4455 1721 4524; x_wconf 87' lang='lat' dir='ltr'><strong>rejectus</strong></span> <span class='ocrx_word' id='word_1_550' title='bbox 1756 4467 1840 4511; x_wconf 89' lang='lat' dir='ltr'><strong>est</strong></span> <span class='ocrx_word' id='word_1_551' title='bbox 1868 4457 1935 4510; x_wconf 91' lang='lat' dir='ltr'><strong>ob</strong></span> <span class='ocrx_word' id='word_1_552' title='bbox 1966 4457 2065 4509; x_wconf 90' lang='lat' dir='ltr'><strong>im-</strong></span> 
     </span>
    </p>
   </div>
   <div class='ocr_carea' id='block_1_74' title="bbox 511 4541 2067 4616">
    <p class='ocr_par' dir='ltr' id='par_1_74' title="bbox 511 4541 2067 4616">
     <span class='ocr_line' id='line_1_74' title="bbox 511 4541 2067 4616; baseline 0.001 -18"><span class='ocrx_word' id='word_1_553' title='bbox 511 4546 782 4614; x_wconf 88' lang='lat' dir='ltr'><strong>pietatem.</strong></span> <span class='ocrx_word' id='word_1_554' title='bbox 818 4541 1015 4597; x_wconf 81' lang='lat' dir='ltr'><strong>Verum</strong></span> <span class='ocrx_word' id='word_1_555' title='bbox 1051 4547 1118 4599; x_wconf 90' lang='lat' dir='ltr'><strong>ab</strong></span> <span class='ocrx_word' id='word_1_556' title='bbox 1160 4546 1372 4601; x_wconf 86' lang='lat' dir='ltr'><strong>Arianis</strong></span> <span class='ocrx_word' id='word_1_557' title='bbox 1408 4556 1588 4615; x_wconf 89' lang='lat' dir='ltr'><strong>postea</strong></span> <span class='ocrx_word' id='word_1_558' title='bbox 1621 4556 1867 4616; x_wconf 80' lang='lat' dir='ltr'><strong>receptus</strong></span> <span class='ocrx_word' id='word_1_559' title='bbox 1893 4546 2067 4601; x_wconf 87' lang='lat' dir='ltr'><strong>credi-</strong></span> 
     </span>
    </p>
   </div>
   <div class='ocr_carea' id='block_1_75' title="bbox 512 4634 2064 4705">
    <p class='ocr_par' dir='ltr' id='par_1_75' title="bbox 512 4634 2064 4705">
     <span class='ocr_line' id='line_1_75' title="bbox 512 4634 2064 4705; baseline 0.004 -18"><span class='ocrx_word' id='word_1_560' title='bbox 512 4646 621 4697; x_wconf 91' lang='lat' dir='ltr'><strong>tur,</strong></span> <span class='ocrx_word' id='word_1_561' title='bbox 648 4650 709 4687; x_wconf 91' lang='lat' dir='ltr'><strong>ac</strong></span> <span class='ocrx_word' id='word_1_562' title='bbox 748 4634 886 4688; x_wconf 89' lang='lat' dir='ltr'><strong>forte</strong></span> <span class='ocrx_word' id='word_1_563' title='bbox 916 4635 984 4687; x_wconf 89' lang='lat' dir='ltr'><strong>ab</strong></span> <span class='ocrx_word' id='word_1_564' title='bbox 1014 4635 1238 4700; x_wconf 88' lang='lat' dir='ltr'><strong>Eulalio,</strong></span> <span class='ocrx_word' id='word_1_565' title='bbox 1270 4638 1359 4705; x_wconf 92' lang='lat' dir='ltr'><strong>qui</strong></span> <span class='ocrx_word' id='word_1_566' title='bbox 1395 4637 1614 4693; x_wconf 83' lang='lat' dir='ltr'><strong>Paulino</strong></span> <span class='ocrx_word' id='word_1_567' title='bbox 1639 4638 1898 4692; x_wconf 82' lang='lat' dir='ltr'><strong>successit</strong></span> <span class='ocrx_word' id='word_1_568' title='bbox 1927 4653 2064 4693; x_wconf 90' lang='lat' dir='ltr'><strong>anno</strong></span> 
     </span>
    </p>
   </div>
   <div class='ocr_carea' id='block_1_76' title="bbox 510 4725 2063 4795">
    <p class='ocr_par' dir='ltr' id='par_1_76' title="bbox 510 4725 2063 4795">
     <span class='ocr_line' id='line_1_76' title="bbox 510 4725 2063 4795; baseline 0.002 -15"><span class='ocrx_word' id='word_1_569' title='bbox 510 4726 635 4788; x_wconf 76' lang='lat' dir='ltr'><strong>35f,</strong></span> <span class='ocrx_word' id='word_1_570' title='bbox 665 4725 715 4778; x_wconf 93' lang='lat' dir='ltr'><strong>in</strong></span> <span class='ocrx_word' id='word_1_571' title='bbox 759 4725 899 4778; x_wconf 89' lang='lat' dir='ltr'><strong>hunc</strong></span> <span class='ocrx_word' id='word_1_572' title='bbox 940 4726 1141 4779; x_wconf 88' lang='lat' dir='ltr'><strong>clerum</strong></span> <span class='ocrx_word' id='word_1_573' title='bbox 1179 4728 1375 4781; x_wconf 89' lang='lat' dir='ltr'><strong>ascitus</strong></span> <span class='ocrx_word' id='word_1_574' title='bbox 1411 4738 1511 4783; x_wconf 90' lang='lat' dir='ltr'><strong>est.</strong></span> <span class='ocrx_word' id='word_1_575' title='bbox 1542 4728 1734 4784; x_wconf 88' lang='lat' dir='ltr'><strong>Pulsus</strong></span> <span class='ocrx_word' id='word_1_576' title='bbox 1778 4730 1877 4784; x_wconf 90' lang='lat' dir='ltr'><strong>hac</strong></span> <span class='ocrx_word' id='word_1_577' title='bbox 1910 4729 2063 4795; x_wconf 89' lang='lat' dir='ltr'><strong>urbe,</strong></span> 
     </span>
    </p>
   </div>
   <div class='ocr_carea' id='block_1_77' title="bbox 511 4812 2063 4888">
    <p class='ocr_par' dir='ltr' id='par_1_77' title="bbox 511 4812 2063 4888">
     <span class='ocr_line' id='line_1_77' title="bbox 511 4812 2063 4888; baseline 0.004 -21"><span class='ocrx_word' id='word_1_578' title='bbox 511 4815 599 4867; x_wconf 90' lang='lat' dir='ltr'><strong>ubi</strong></span> <span class='ocrx_word' id='word_1_579' title='bbox 642 4812 853 4868; x_wconf 84' lang='lat' dir='ltr'><strong>Aetiuin</strong></span> <span class='ocrx_word' id='word_1_580' title='bbox 899 4815 1095 4867; x_wconf 88' lang='lat' dir='ltr'><strong>dicitur</strong></span> <span class='ocrx_word' id='word_1_581' title='bbox 1129 4816 1393 4879; x_wconf 90' lang='lat' dir='ltr'><strong>docuisse,</strong></span> <span class='ocrx_word' id='word_1_582' title='bbox 1434 4817 1588 4871; x_wconf 90' lang='lat' dir='ltr'><strong>rediit</strong></span> <span class='ocrx_word' id='word_1_583' title='bbox 1628 4819 1677 4871; x_wconf 93' lang='lat' dir='ltr'><strong>in</strong></span> <span class='ocrx_word' id='word_1_584' title='bbox 1717 4821 1966 4888; x_wconf 85' lang='lat' dir='ltr'><strong>patriam,</strong></span> <span class='ocrx_word' id='word_1_585' title='bbox 2001 4834 2063 4873; x_wconf 89' lang='lat' dir='ltr'><strong>ac</strong></span> 
     </span>
    </p>
   </div>
   <div class='ocr_carea' id='block_1_78' title="bbox 513 4904 2063 4972">
    <p class='ocr_par' dir='ltr' id='par_1_78' title="bbox 513 4904 2063 4972">
     <span class='ocr_line' id='line_1_78' title="bbox 513 4904 2063 4972; baseline 0.004 -15"><span class='ocrx_word' id='word_1_586' title='bbox 513 4904 831 4972; x_wconf 80' lang='lat' dir='ltr'><strong>llermogeni</strong></span> <span class='ocrx_word' id='word_1_587' title='bbox 886 4904 1213 4971; x_wconf 88' lang='lat' dir='ltr'><strong>impietatem</strong></span> <span class='ocrx_word' id='word_1_588' title='bbox 1265 4904 1405 4959; x_wconf 91' lang='lat' dir='ltr'><strong>illius</strong></span> <span class='ocrx_word' id='word_1_589' title='bbox 1453 4908 1827 4961; x_wconf 89' lang='lat' dir='ltr'><strong>condemnanti</strong></span> <span class='ocrx_word' id='word_1_590' title='bbox 1880 4924 2063 4963; x_wconf 90' lang='lat' dir='ltr'><strong>sanam</strong></span> 
     </span>
    </p>
   </div>
   <div class='ocr_carea' id='block_1_79' title="bbox 512 4992 2065 5063">
    <p class='ocr_par' dir='ltr' id='par_1_79' title="bbox 512 4992 2065 5063">
     <span class='ocr_line' id='line_1_79' title="bbox 512 4992 2065 5063; baseline 0.005 -19"><span class='ocrx_word' id='word_1_591' title='bbox 512 4992 631 5046; x_wconf 88' lang='lat' dir='ltr'><strong>fidei</strong></span> <span class='ocrx_word' id='word_1_592' title='bbox 679 4992 1071 5045; x_wconf 89' lang='lat' dir='ltr'><strong>confessionem</strong></span> <span class='ocrx_word' id='word_1_593' title='bbox 1118 4993 1311 5047; x_wconf 85' lang='lat' dir='ltr'><strong>obtulit</strong></span> <span class='ocrx_word' id='word_1_594' title='bbox 1366 4992 1458 5063; x_wconf 89' lang='lat' dir='ltr'><strong>(c),</strong></span> <span class='ocrx_word' id='word_1_595' title='bbox 1491 5003 1544 5047; x_wconf 92' lang='lat' dir='ltr'><strong>et</strong></span> <span class='ocrx_word' id='word_1_596' title='bbox 1588 4995 1654 5047; x_wconf 89' lang='lat' dir='ltr'><strong>ab</strong></span> <span class='ocrx_word' id='word_1_597' title='bbox 1682 5011 1745 5050; x_wconf 89' lang='lat' dir='ltr'><strong>eo</strong></span> <span class='ocrx_word' id='word_1_598' title='bbox 1788 4998 2065 5053; x_wconf 88' lang='lat' dir='ltr'><strong>ordinatus</strong></span> 
     </span>
    </p>
   </div>
   <div class='ocr_carea' id='block_1_80' title="bbox 509 5083 2062 5140">
    <p class='ocr_par' dir='ltr' id='par_1_80' title="bbox 509 5083 2062 5140">
     <span class='ocr_line' id='line_1_80' title="bbox 509 5083 2062 5140; baseline 0.003 -4"><span class='ocrx_word' id='word_1_599' title='bbox 509 5093 612 5137; x_wconf 90' lang='lat' dir='ltr'><strong>est.</strong></span> <span class='ocrx_word' id='word_1_600' title='bbox 649 5083 723 5136; x_wconf 83' lang='lat' dir='ltr'><strong>Eo</strong></span> <span class='ocrx_word' id='word_1_601' title='bbox 749 5093 959 5137; x_wconf 91' lang='lat' dir='ltr'><strong>mortuo</strong></span> <span class='ocrx_word' id='word_1_602' title='bbox 997 5084 1218 5137; x_wconf 90' lang='lat' dir='ltr'><strong>contulit</strong></span> <span class='ocrx_word' id='word_1_603' title='bbox 1255 5098 1313 5138; x_wconf 87' lang='lat' dir='ltr'><strong>se</strong></span> <span class='ocrx_word' id='word_1_604' title='bbox 1347 5084 1412 5136; x_wconf 88' lang='lat' dir='ltr'><strong>ad</strong></span> <span class='ocrx_word' id='word_1_605' title='bbox 1454 5083 1734 5138; x_wconf 88' lang='lat' dir='ltr'><strong>Eusebium</strong></span> <span class='ocrx_word' id='word_1_606' title='bbox 1760 5086 2062 5140; x_wconf 76' lang='lat' dir='ltr'><strong>Consmnti-</strong></span> 
     </span>
    </p>
   </div>
   <div class='ocr_carea' id='block_1_81' title="bbox 510 5174 2061 5245">
    <p class='ocr_par' dir='ltr' id='par_1_81' title="bbox 510 5174 2061 5245">
     <span class='ocr_line' id='line_1_81' title="bbox 510 5174 2061 5245; baseline 0.004 -19"><span class='ocrx_word' id='word_1_607' title='bbox 510 5174 898 5243; x_wconf 85' lang='lat' dir='ltr'><strong>nopolitanum,</strong></span> <span class='ocrx_word' id='word_1_608' title='bbox 940 5189 969 5227; x_wconf 91' lang='lat' dir='ltr'><strong>a</strong></span> <span class='ocrx_word' id='word_1_609' title='bbox 1007 5189 1113 5244; x_wconf 92' lang='lat' dir='ltr'><strong>quo</strong></span> <span class='ocrx_word' id='word_1_610' title='bbox 1142 5174 1325 5244; x_wconf 88' lang='lat' dir='ltr'><strong>pulsus</strong></span> <span class='ocrx_word' id='word_1_611' title='bbox 1352 5174 1420 5228; x_wconf 94' lang='lat' dir='ltr'><strong>ob</strong></span> <span class='ocrx_word' id='word_1_612' title='bbox 1446 5174 1651 5243; x_wconf 88' lang='lat' dir='ltr'><strong>aliquas</strong></span> <span class='ocrx_word' id='word_1_613' title='bbox 1686 5191 1895 5240; x_wconf 87' lang='lat' dir='ltr'><strong>causas,</strong></span> <span class='ocrx_word' id='word_1_614' title='bbox 1929 5193 2061 5245; x_wconf 88' lang='lat' dir='ltr'><strong>quas</strong></span> 
     </span>
    </p>
   </div>
   <div class='ocr_carea' id='block_1_82' title="bbox 510 5260 2059 5331">
    <p class='ocr_par' dir='ltr' id='par_1_82' title="bbox 510 5260 2059 5331">
     <span class='ocr_line' id='line_1_82' title="bbox 510 5260 2059 5331; baseline 0 -16"><span class='ocrx_word' id='word_1_615' title='bbox 510 5262 737 5317; x_wconf 87' lang='lat' dir='ltr'><strong>Basilius</strong></span> <span class='ocrx_word' id='word_1_616' title='bbox 787 5261 988 5316; x_wconf 89' lang='lat' dir='ltr'><strong>referre</strong></span> <span class='ocrx_word' id='word_1_617' title='bbox 1032 5261 1200 5315; x_wconf 91' lang='lat' dir='ltr'><strong>noluit</strong></span> <span class='ocrx_word' id='word_1_618' title='bbox 1234 5260 1555 5331; x_wconf 88' lang='lat' dir='ltr'><strong>(depositum</strong></span> <span class='ocrx_word' id='word_1_619' title='bbox 1602 5261 1764 5314; x_wconf 87' lang='lat' dir='ltr'><strong>fuisse</strong></span> <span class='ocrx_word' id='word_1_620' title='bbox 1791 5263 1864 5313; x_wconf 88' lang='lat' dir='ltr'><strong>ait</strong></span> <span class='ocrx_word' id='word_1_621' title='bbox 1893 5263 2059 5315; x_wconf 88' lang='lat' dir='ltr'><strong>Sozo-</strong></span> 
     </span>
    </p>
   </div>
   <div class='ocr_carea' id='block_1_83' title="bbox 514 5355 2058 5423">
    <p class='ocr_par' dir='ltr' id='par_1_83' title="bbox 514 5355 2058 5423">
     <span class='ocr_line' id='line_1_83' title="bbox 514 5355 2058 5423; baseline 0 -14"><span class='ocrx_word' id='word_1_622' title='bbox 514 5371 700 5410; x_wconf 88' lang='lat' dir='ltr'><strong>menus</strong></span> <span class='ocrx_word' id='word_1_623' title='bbox 725 5370 789 5409; x_wconf 91' lang='lat' dir='ltr'><strong>eo</strong></span> <span class='ocrx_word' id='word_1_624' title='bbox 821 5355 961 5423; x_wconf 88' lang='lat' dir='ltr'><strong>quod</strong></span> <span class='ocrx_word' id='word_1_625' title='bbox 991 5355 1167 5407; x_wconf 87' lang='lat' dir='ltr'><strong>minus</strong></span> <span class='ocrx_word' id='word_1_626' title='bbox 1192 5355 1359 5409; x_wconf 89' lang='lat' dir='ltr'><strong>ﬁdelis</strong></span> <span class='ocrx_word' id='word_1_627' title='bbox 1385 5355 1436 5408; x_wconf 93' lang='lat' dir='ltr'><strong>in</strong></span> <span class='ocrx_word' id='word_1_628' title='bbox 1463 5355 1761 5409; x_wconf 88' lang='lat' dir='ltr'><strong>commissis</strong></span> <span class='ocrx_word' id='word_1_629' title='bbox 1784 5355 2058 5423; x_wconf 80' lang='lat' dir='ltr'><strong>dispensa-</strong></span> 
     </span>
    </p>
   </div>
   <div class='ocr_carea' id='block_1_84' title="bbox 514 5446 2059 5516">
    <p class='ocr_par' dir='ltr' id='par_1_84' title="bbox 514 5446 2059 5516">
     <span class='ocr_line' id='line_1_84' title="bbox 514 5446 2059 5516; baseline 0.001 -15"><span class='ocrx_word' id='word_1_630' title='bbox 514 5448 747 5503; x_wconf 89' lang='lat' dir='ltr'><strong>tionibus</strong></span> <span class='ocrx_word' id='word_1_631' title='bbox 797 5448 1154 5516; x_wconf 86' lang='lat' dir='ltr'><strong>deprehensus</strong></span> <span class='ocrx_word' id='word_1_632' title='bbox 1202 5446 1407 5507; x_wconf 86' lang='lat' dir='ltr'><strong>fuisset)</strong></span> <span class='ocrx_word' id='word_1_633' title='bbox 1485 5448 1641 5503; x_wconf 86' lang='lat' dir='ltr'><strong>rediit</strong></span> <span class='ocrx_word' id='word_1_634' title='bbox 1688 5448 1740 5502; x_wconf 92' lang='lat' dir='ltr'><strong>in</strong></span> <span class='ocrx_word' id='word_1_635' title='bbox 1784 5447 2059 5516; x_wconf 81' lang='lat' dir='ltr'><strong>Cappado-</strong></span> 
     </span>
    </p>
   </div>
   <div class='ocr_carea' id='block_1_85' title="bbox 583 5627 1109 5699">
    <p class='ocr_par' dir='ltr' id='par_1_85' title="bbox 583 5627 1109 5699">
     <span class='ocr_line' id='line_1_85' title="bbox 583 5627 1109 5699; baseline -0.002 -18"><span class='ocrx_word' id='word_1_636' title='bbox 583 5630 660 5699; x_wconf 81' lang='grc' dir='ltr'><strong>(η)</strong></span> <span class='ocrx_word' id='word_1_637' title='bbox 699 5629 797 5695; x_wconf 83' lang='grc' dir='ltr'><strong>Ερ.</strong></span> <span class='ocrx_word' id='word_1_638' title='bbox 817 5627 944 5688; x_wconf 72' lang='lat'><strong>223.</strong></span> <span class='ocrx_word' id='word_1_639' title='bbox 980 5644 1033 5699; x_wconf 79' lang='lat' dir='ltr'><strong>n_.</strong></span> <span class='ocrx_word' id='word_1_640' title='bbox 1056 5627 1109 5680; x_wconf 69' lang='grc' dir='ltr'><strong>δ.</strong></span> 
     </span>
    </p>
   </div>
   <div class='ocr_carea' id='block_1_86' title="bbox 582 5696 1345 5765">
    <p class='ocr_par' dir='ltr' id='par_1_86' title="bbox 582 5696 1345 5765">
     <span class='ocr_line' id='line_1_86' title="bbox 582 5696 1345 5765; baseline 0.008 -20"><span class='ocrx_word' id='word_1_641' title='bbox 582 5696 655 5765; x_wconf 74' lang='lat' dir='ltr'><strong>(hj</strong></span> <span class='ocrx_word' id='word_1_642' title='bbox 695 5699 949 5751; x_wconf 84' lang='lat' dir='ltr'><strong>Athanas.</strong></span> <span class='ocrx_word' id='word_1_643' title='bbox 982 5696 1082 5763; x_wconf 83' lang='lat' dir='ltr'><strong>Ep.</strong></span> <span class='ocrx_word' id='word_1_644' title='bbox 1113 5697 1181 5749; x_wconf 83' lang='lat' dir='ltr'><strong>ad</strong></span> <span class='ocrx_word' id='word_1_645' title='bbox 1206 5697 1345 5751; x_wconf 77' lang='lat' dir='ltr'><strong>salit.</strong></span> 
     </span>
    </p>
   </div>
   <div class='ocr_carea' id='block_1_87' title="bbox 584 5765 1107 5836">
    <p class='ocr_par' dir='ltr' id='par_1_87' title="bbox 584 5765 1107 5836">
     <span class='ocr_line' id='line_1_87' title="bbox 584 5765 1107 5836; baseline -0.006 -16"><span class='ocrx_word' id='word_1_646' title='bbox 584 5773 654 5836; x_wconf 84' lang='lat' dir='ltr'><strong>(r)</strong></span> <span class='ocrx_word' id='word_1_647' title='bbox 697 5766 789 5836; x_wconf 80' lang='lat' dir='ltr'><strong>Ep.</strong></span> <span class='ocrx_word' id='word_1_648' title='bbox 823 5766 945 5824; x_wconf 57' lang='grc' dir='ltr'><strong>ΞΜ,</strong></span> <span class='ocrx_word' id='word_1_649' title='bbox 978 5782 1031 5817; x_wconf 93' lang='lat' dir='ltr'><strong>n.</strong></span> <span class='ocrx_word' id='word_1_650' title='bbox 1055 5765 1107 5817; x_wconf 85' lang='lat'><strong>9.</strong></span> 
     </span>
    </p>
   </div>
   <div class='ocr_carea' id='block_1_88' title="bbox 580 5835 1232 5908">
    <p class='ocr_par' dir='ltr' id='par_1_88' title="bbox 580 5835 1232 5908">
     <span class='ocr_line' id='line_1_88' title="bbox 580 5835 1232 5908; baseline 0.002 -20"><span class='ocrx_word' id='word_1_651' title='bbox 580 5835 659 5908; x_wconf 77' lang='grc' dir='ltr'><strong>(ά)</strong></span> <span class='ocrx_word' id='word_1_652' title='bbox 699 5835 812 5891; x_wconf 72' lang='grc' dir='ltr'>ιιι..</span> <span class='ocrx_word' id='word_1_653' title='bbox 844 5850 924 5895; x_wconf 86' lang='grc' dir='ltr'><strong>ιιι,</strong></span> <span class='ocrx_word' id='word_1_654' title='bbox 953 5852 1000 5886; x_wconf 90' lang='lat' dir='ltr'><strong>c.</strong></span> <span class='ocrx_word' id='word_1_655' title='bbox 1038 5836 1122 5898; x_wconf 75' lang='lat' dir='ltr'><strong>to,</strong></span> <span class='ocrx_word' id='word_1_656' title='bbox 1146 5835 1232 5889; x_wconf 72' lang='lat'><strong>27.</strong></span> 
     </span>
    </p>
   </div>
   <div class='ocr_carea' id='block_1_89' title="bbox 2166 3356 3735 3425">
    <p class='ocr_par' dir='ltr' id='par_1_89' title="bbox 2166 3356 3735 3425">
     <span class='ocr_line' id='line_1_89' title="bbox 2166 3356 3735 3425; baseline 0.002 -15"><span class='ocrx_word' id='word_1_657' title='bbox 2166 3356 2376 3412; x_wconf 72' lang='lat' dir='ltr'><strong>Niczena</strong></span> <span class='ocrx_word' id='word_1_658' title='bbox 2398 3358 2583 3425; x_wconf 86' lang='lat' dir='ltr'><strong>jurare</strong></span> <span class='ocrx_word' id='word_1_659' title='bbox 2621 3357 2795 3425; x_wconf 79' lang='lat' dir='ltr'><strong>coegit</strong></span> <span class='ocrx_word' id='word_1_660' title='bbox 2824 3371 2964 3411; x_wconf 88' lang='lat' dir='ltr'><strong>anno</strong></span> <span class='ocrx_word' id='word_1_661' title='bbox 2991 3356 3114 3410; x_wconf 77' lang='lat'><strong>375.</strong></span> <span class='ocrx_word' id='word_1_662' title='bbox 3163 3358 3233 3410; x_wconf 83' lang='lat' dir='ltr'><strong>At</strong></span> <span class='ocrx_word' id='word_1_663' title='bbox 3262 3356 3350 3410; x_wconf 91' lang='lat' dir='ltr'><strong>ille</strong></span> <span class='ocrx_word' id='word_1_664' title='bbox 3380 3358 3467 3410; x_wconf 86' lang='lat' dir='ltr'><strong>ubi</strong></span> <span class='ocrx_word' id='word_1_665' title='bbox 3490 3359 3621 3411; x_wconf 89' lang='lat' dir='ltr'><strong>vidit</strong></span> <span class='ocrx_word' id='word_1_666' title='bbox 3654 3373 3735 3413; x_wconf 82' lang='lat' dir='ltr'><strong>ex</strong></span> 
     </span>
    </p>
   </div>
   <div class='ocr_carea' id='block_1_90' title="bbox 2165 3447 3732 3519">
    <p class='ocr_par' dir='ltr' id='par_1_90' title="bbox 2165 3447 3732 3519">
     <span class='ocr_line' id='line_1_90' title="bbox 2165 3447 3732 3519; baseline 0.002 -17"><span class='ocrx_word' id='word_1_667' title='bbox 2165 3462 2226 3502; x_wconf 90' lang='lat' dir='ltr'><strong>ea</strong></span> <span class='ocrx_word' id='word_1_668' title='bbox 2258 3463 2317 3502; x_wconf 88' lang='lat' dir='ltr'><strong>re</strong></span> <span class='ocrx_word' id='word_1_669' title='bbox 2369 3462 2620 3518; x_wconf 82' lang='lat' dir='ltr'><strong>magnum</strong></span> <span class='ocrx_word' id='word_1_670' title='bbox 2667 3447 2881 3516; x_wconf 89' lang='lat' dir='ltr'><strong>aliquod</strong></span> <span class='ocrx_word' id='word_1_671' title='bbox 2927 3448 3314 3502; x_wconf 90' lang='lat' dir='ltr'><strong>incommodum</strong></span> <span class='ocrx_word' id='word_1_672' title='bbox 3363 3449 3491 3504; x_wconf 87' lang='lat' dir='ltr'><strong>oriri</strong></span> <span class='ocrx_word' id='word_1_673' title='bbox 3539 3465 3732 3519; x_wconf 85' lang='lat' dir='ltr'><strong>posse,</strong></span> 
     </span>
    </p>
   </div>
   <div class='ocr_carea' id='block_1_91' title="bbox 2166 3532 3736 3604">
    <p class='ocr_par' dir='ltr' id='par_1_91' title="bbox 2166 3532 3736 3604">
     <span class='ocr_line' id='line_1_91' title="bbox 2166 3532 3736 3604; baseline 0 -15"><span class='ocrx_word' id='word_1_674' title='bbox 2166 3551 2378 3590; x_wconf 88' lang='lat' dir='ltr'><strong>omnem</strong></span> <span class='ocrx_word' id='word_1_675' title='bbox 2402 3535 2749 3589; x_wconf 87' lang='lat' dir='ltr'><strong>acerbitatem</strong></span> <span class='ocrx_word' id='word_1_676' title='bbox 2787 3535 2838 3588; x_wconf 94' lang='lat' dir='ltr'><strong>in</strong></span> <span class='ocrx_word' id='word_1_677' title='bbox 2862 3533 3114 3589; x_wconf 90' lang='lat' dir='ltr'><strong>Basilium</strong></span> <span class='ocrx_word' id='word_1_678' title='bbox 3144 3532 3351 3599; x_wconf 75' lang='lat' dir='ltr'><strong>effudit,</strong></span> <span class='ocrx_word' id='word_1_679' title='bbox 3393 3542 3450 3587; x_wconf 94' lang='lat' dir='ltr'><strong>ut</strong></span> <span class='ocrx_word' id='word_1_680' title='bbox 3484 3535 3736 3604; x_wconf 88' lang='lat' dir='ltr'><strong>placaret</strong></span> 
     </span>
    </p>
   </div>
   <div class='ocr_carea' id='block_1_92' title="bbox 2166 3622 3738 3693">
    <p class='ocr_par' dir='ltr' id='par_1_92' title="bbox 2166 3622 3738 3693">
     <span class='ocr_line' id='line_1_92' title="bbox 2166 3622 3738 3693; baseline -0.001 -14"><span class='ocrx_word' id='word_1_681' title='bbox 2166 3625 2417 3679; x_wconf 88' lang='lat' dir='ltr'><strong>Arianos.</strong></span> <span class='ocrx_word' id='word_1_682' title='bbox 2448 3625 2652 3679; x_wconf 75' lang='lat' dir='ltr'><strong>Secutae</strong></span> <span class='ocrx_word' id='word_1_683' title='bbox 2679 3633 2804 3678; x_wconf 91' lang='lat' dir='ltr'><strong>sunt</strong></span> <span class='ocrx_word' id='word_1_684' title='bbox 2835 3623 2996 3678; x_wconf 77' lang='lat' dir='ltr'><strong>varia:</strong></span> <span class='ocrx_word' id='word_1_685' title='bbox 3030 3622 3291 3689; x_wconf 73' lang='lat' dir='ltr'><strong>formulae,</strong></span> <span class='ocrx_word' id='word_1_686' title='bbox 3334 3639 3557 3693; x_wconf 88' lang='lat' dir='ltr'><strong>quarum</strong></span> <span class='ocrx_word' id='word_1_687' title='bbox 3588 3624 3738 3677; x_wconf 83' lang='lat' dir='ltr'><strong>alte-</strong></span> 
     </span>
    </p>
   </div>
   <div class='ocr_carea' id='block_1_93' title="bbox 2170 3715 3737 3785">
    <p class='ocr_par' dir='ltr' id='par_1_93' title="bbox 2170 3715 3737 3785">
     <span class='ocr_line' id='line_1_93' title="bbox 2170 3715 3737 3785; baseline 0.001 -16"><span class='ocrx_word' id='word_1_688' title='bbox 2170 3731 2309 3780; x_wconf 86' lang='lat' dir='ltr'><strong>ram,</strong></span> <span class='ocrx_word' id='word_1_689' title='bbox 2338 3715 2551 3771; x_wconf 77' lang='lat' dir='ltr'><strong>Gelasio</strong></span> <span class='ocrx_word' id='word_1_690' title='bbox 2583 3716 2811 3784; x_wconf 90' lang='lat' dir='ltr'><strong>quodam</strong></span> <span class='ocrx_word' id='word_1_691' title='bbox 2844 3725 3205 3785; x_wconf 90' lang='lat' dir='ltr'><strong>proponente,</strong></span> <span class='ocrx_word' id='word_1_692' title='bbox 3227 3717 3279 3769; x_wconf 91' lang='lat' dir='ltr'><strong>in</strong></span> <span class='ocrx_word' id='word_1_693' title='bbox 3310 3716 3490 3770; x_wconf 87' lang='lat' dir='ltr'><strong>Cilicia</strong></span> <span class='ocrx_word' id='word_1_694' title='bbox 3520 3719 3737 3785; x_wconf 88' lang='lat' dir='ltr'><strong>recepit</strong></span> 
     </span>
    </p>
   </div>
   <div class='ocr_carea' id='block_1_94' title="bbox 2167 3808 3738 3878">
    <p class='ocr_par' dir='ltr' id='par_1_94' title="bbox 2167 3808 3738 3878">
     <span class='ocr_line' id='line_1_94' title="bbox 2167 3808 3738 3878; baseline 0 -15"><span class='ocrx_word' id='word_1_695' title='bbox 2167 3810 2351 3863; x_wconf 92' lang='lat' dir='ltr'><strong>eodem</strong></span> <span class='ocrx_word' id='word_1_696' title='bbox 2375 3823 2540 3874; x_wconf 89' lang='lat' dir='ltr'><strong>anno,</strong></span> <span class='ocrx_word' id='word_1_697' title='bbox 2570 3809 2792 3862; x_wconf 90' lang='lat' dir='ltr'><strong>alteram</strong></span> <span class='ocrx_word' id='word_1_698' title='bbox 2828 3808 3006 3878; x_wconf 81' lang='lat' dir='ltr'><strong>Cyzici</strong></span> <span class='ocrx_word' id='word_1_699' title='bbox 3046 3808 3254 3863; x_wconf 89' lang='lat' dir='ltr'><strong>duobus</strong></span> <span class='ocrx_word' id='word_1_700' title='bbox 3293 3819 3408 3878; x_wconf 86' lang='lat' dir='ltr'><strong>post</strong></span> <span class='ocrx_word' id='word_1_701' title='bbox 3429 3810 3601 3863; x_wconf 90' lang='lat' dir='ltr'><strong>annis.</strong></span> <span class='ocrx_word' id='word_1_702' title='bbox 3634 3809 3738 3863; x_wconf 85' lang='lat' dir='ltr'><strong>ln-</strong></span> 
     </span>
    </p>
   </div>
   <div class='ocr_carea' id='block_1_95' title="bbox 2169 3887 3735 3970">
    <p class='ocr_par' dir='ltr' id='par_1_95' title="bbox 2169 3887 3735 3970">
     <span class='ocr_line' id='line_1_95' title="bbox 2169 3887 3735 3970; baseline 0.001 -17"><span class='ocrx_word' id='word_1_703' title='bbox 2169 3900 2327 3953; x_wconf 91' lang='lat' dir='ltr'><strong>terim</strong></span> <span class='ocrx_word' id='word_1_704' title='bbox 2360 3910 2558 3961; x_wconf 88' lang='lat' dir='ltr'><strong>tamen,</strong></span> <span class='ocrx_word' id='word_1_705' title='bbox 2582 3914 2680 3953; x_wconf 91' lang='lat' dir='ltr'><strong>nec</strong></span> <span class='ocrx_word' id='word_1_706' title='bbox 2707 3898 2921 3952; x_wconf 78' lang='lat' dir='ltr'><strong>Arianis</strong></span> <span class='ocrx_word' id='word_1_707' title='bbox 2950 3899 3198 3953; x_wconf 88' lang='lat' dir='ltr'><strong>catholici</strong></span> <span class='ocrx_word' id='word_1_708' title='bbox 3235 3887 3513 3970; x_wconf 24' lang='lat' dir='ltr'><strong>dogmatis.</strong></span> <span class='ocrx_word' id='word_1_709' title='bbox 3532 3901 3735 3954; x_wconf 69' lang='lat' dir='ltr'><strong>defer.—</strong></span> 
     </span>
    </p>
   </div>
   <div class='ocr_carea' id='block_1_96' title="bbox 2168 3990 3736 4055">
    <p class='ocr_par' dir='ltr' id='par_1_96' title="bbox 2168 3990 3736 4055">
     <span class='ocr_line' id='line_1_96' title="bbox 2168 3990 3736 4055; baseline 0.001 -10"><span class='ocrx_word' id='word_1_710' title='bbox 2168 4004 2277 4055; x_wconf 91' lang='lat' dir='ltr'><strong>sor,</strong></span> <span class='ocrx_word' id='word_1_711' title='bbox 2324 4004 2422 4045; x_wconf 91' lang='lat' dir='ltr'><strong>nec</strong></span> <span class='ocrx_word' id='word_1_712' title='bbox 2463 3990 2752 4044; x_wconf 88' lang='lat' dir='ltr'><strong>Catholicis</strong></span> <span class='ocrx_word' id='word_1_713' title='bbox 2785 3990 3013 4043; x_wconf 86' lang='lat' dir='ltr'><strong>Arianus</strong></span> <span class='ocrx_word' id='word_1_714' title='bbox 3056 3991 3227 4045; x_wconf 90' lang='lat' dir='ltr'><strong>videri</strong></span> <span class='ocrx_word' id='word_1_715' title='bbox 3279 3991 3506 4055; x_wconf 84' lang='lat' dir='ltr'><strong>volebat,</strong></span> <span class='ocrx_word' id='word_1_716' title='bbox 3548 3990 3736 4047; x_wconf 86' lang='lat' dir='ltr'><strong>donec</strong></span> 
     </span>
    </p>
   </div>
   <div class='ocr_carea' id='block_1_97' title="bbox 2169 4080 3733 4152">
    <p class='ocr_par' dir='ltr' id='par_1_97' title="bbox 2169 4080 3733 4152">
     <span class='ocr_line' id='line_1_97' title="bbox 2169 4080 3733 4152; baseline 0.001 -16"><span class='ocrx_word' id='word_1_717' title='bbox 2169 4083 2385 4136; x_wconf 89' lang='lat' dir='ltr'><strong>tandem</strong></span> <span class='ocrx_word' id='word_1_718' title='bbox 2414 4097 2555 4135; x_wconf 87' lang='lat' dir='ltr'><strong>anno</strong></span> <span class='ocrx_word' id='word_1_719' title='bbox 2576 4080 2682 4135; x_wconf 76' lang='lat'><strong>375</strong></span> <span class='ocrx_word' id='word_1_720' title='bbox 2717 4094 2944 4135; x_wconf 81' lang='lat' dir='ltr'><strong>exeunte</strong></span> <span class='ocrx_word' id='word_1_721' title='bbox 2966 4082 3247 4152; x_wconf 87' lang='lat' dir='ltr'><strong>perfractis</strong></span> <span class='ocrx_word' id='word_1_722' title='bbox 3271 4084 3519 4138; x_wconf 90' lang='lat' dir='ltr'><strong>omnibus</strong></span> <span class='ocrx_word' id='word_1_723' title='bbox 3550 4086 3733 4152; x_wconf 82' lang='lat' dir='ltr'><strong>pudo-</strong></span> 
     </span>
    </p>
   </div>
   <div class='ocr_carea' id='block_1_98' title="bbox 2167 4174 3731 4244">
    <p class='ocr_par' dir='ltr' id='par_1_98' title="bbox 2167 4174 3731 4244">
     <span class='ocr_line' id='line_1_98' title="bbox 2167 4174 3731 4244; baseline 0.001 -16"><span class='ocrx_word' id='word_1_724' title='bbox 2167 4176 2241 4229; x_wconf 90' lang='lat' dir='ltr'><strong>ris</strong></span> <span class='ocrx_word' id='word_1_725' title='bbox 2271 4174 2538 4244; x_wconf 78' lang='lat' dir='ltr'><strong>repagulis</strong></span> <span class='ocrx_word' id='word_1_726' title='bbox 2559 4188 2679 4229; x_wconf 89' lang='lat' dir='ltr'><strong>sese</strong></span> <span class='ocrx_word' id='word_1_727' title='bbox 2705 4190 2825 4229; x_wconf 89' lang='lat' dir='ltr'><strong>cum</strong></span> <span class='ocrx_word' id='word_1_728' title='bbox 2849 4174 3063 4229; x_wconf 87' lang='lat' dir='ltr'><strong>Arianis</strong></span> <span class='ocrx_word' id='word_1_729' title='bbox 3096 4174 3271 4244; x_wconf 86' lang='lat' dir='ltr'><strong>palam</strong></span> <span class='ocrx_word' id='word_1_730' title='bbox 3295 4183 3349 4229; x_wconf 91' lang='lat' dir='ltr'><strong>et</strong></span> <span class='ocrx_word' id='word_1_731' title='bbox 3380 4184 3563 4244; x_wconf 88' lang='lat' dir='ltr'><strong>aperte</strong></span> <span class='ocrx_word' id='word_1_732' title='bbox 3585 4190 3731 4229; x_wconf 89' lang='lat' dir='ltr'><strong>con-</strong></span> 
     </span>
    </p>
   </div>
   <div class='ocr_carea' id='block_1_99' title="bbox 2160 4265 2359 4332">
    <p class='ocr_par' dir='ltr' id='par_1_99' title="bbox 2160 4265 2359 4332">
     <span class='ocr_line' id='line_1_99' title="bbox 2160 4265 2359 4332; baseline -0.005 -14"><span class='ocrx_word' id='word_1_733' title='bbox 2160 4265 2359 4332; x_wconf 82' lang='lat' dir='ltr'><strong>junxit.</strong></span> 
     </span>
    </p>
   </div>
   <div class='ocr_carea' id='block_1_100' title="bbox 2234 4354 3729 4421">
    <p class='ocr_par' dir='ltr' id='par_1_100' title="bbox 2234 4354 3729 4421">
     <span class='ocr_line' id='line_1_100' title="bbox 2234 4354 3729 4421; baseline 0.003 -12"><span class='ocrx_word' id='word_1_734' title='bbox 2234 4354 2321 4409; x_wconf 90' lang='lat' dir='ltr'><strong>Ill.</strong></span> <span class='ocrx_word' id='word_1_735' title='bbox 2360 4354 2503 4410; x_wconf 86' lang='lat' dir='ltr'><strong>Talis</strong></span> <span class='ocrx_word' id='word_1_736' title='bbox 2538 4365 2656 4409; x_wconf 89' lang='lat' dir='ltr'><strong>erat</strong></span> <span class='ocrx_word' id='word_1_737' title='bbox 2682 4356 3015 4421; x_wconf 84' lang='lat' dir='ltr'><strong>Eustathius,</strong></span> <span class='ocrx_word' id='word_1_738' title='bbox 3065 4357 3149 4411; x_wconf 93' lang='lat' dir='ltr'><strong>cui</strong></span> <span class='ocrx_word' id='word_1_739' title='bbox 3185 4356 3412 4412; x_wconf 89' lang='lat' dir='ltr'><strong>Basilius</strong></span> <span class='ocrx_word' id='word_1_740' title='bbox 3442 4360 3495 4412; x_wconf 89' lang='lat' dir='ltr'><strong>in</strong></span> <span class='ocrx_word' id='word_1_741' title='bbox 3542 4361 3729 4413; x_wconf 80' lang='lat' dir='ltr'><strong>maxi-</strong></span> 
     </span>
    </p>
   </div>
   <div class='ocr_carea' id='block_1_101' title="bbox 2165 4446 3729 4518">
    <p class='ocr_par' dir='ltr' id='par_1_101' title="bbox 2165 4446 3729 4518">
     <span class='ocr_line' id='line_1_101' title="bbox 2165 4446 3729 4518; baseline 0.003 -17"><span class='ocrx_word' id='word_1_742' title='bbox 2165 4447 2267 4501; x_wconf 90' lang='lat' dir='ltr'><strong>mis</strong></span> <span class='ocrx_word' id='word_1_743' title='bbox 2332 4448 2492 4502; x_wconf 89' lang='lat' dir='ltr'><strong>rebus</strong></span> <span class='ocrx_word' id='word_1_744' title='bbox 2561 4446 2859 4501; x_wconf 87' lang='lat' dir='ltr'><strong>confidebat</strong></span> <span class='ocrx_word' id='word_1_745' title='bbox 2902 4450 2992 4515; x_wconf 77' lang='grc' dir='ltr'><strong>(Ι).</strong></span> <span class='ocrx_word' id='word_1_746' title='bbox 3050 4448 3202 4517; x_wconf 88' lang='lat' dir='ltr'><strong>cujus</strong></span> <span class='ocrx_word' id='word_1_747' title='bbox 3257 4449 3542 4518; x_wconf 87' lang='lat' dir='ltr'><strong>discipulos</strong></span> <span class='ocrx_word' id='word_1_748' title='bbox 3592 4452 3729 4506; x_wconf 73' lang='lat' dir='ltr'><strong>vita:</strong></span> 
     </span>
    </p>
   </div>
   <div class='ocr_carea' id='block_1_102' title="bbox 2166 4536 3732 4606">
    <p class='ocr_par' dir='ltr' id='par_1_102' title="bbox 2166 4536 3732 4606">
     <span class='ocr_line' id='line_1_102' title="bbox 2166 4536 3732 4606; baseline 0.002 -14"><span class='ocrx_word' id='word_1_749' title='bbox 2166 4553 2276 4592; x_wconf 60' lang='lat' dir='ltr'><strong>suae</strong></span> <span class='ocrx_word' id='word_1_750' title='bbox 2297 4536 2600 4606; x_wconf 72' lang='lat' dir='ltr'><strong>prtesidium</strong></span> <span class='ocrx_word' id='word_1_751' title='bbox 2621 4550 2741 4590; x_wconf 89' lang='lat' dir='ltr'><strong>esse</strong></span> <span class='ocrx_word' id='word_1_752' title='bbox 2773 4538 3003 4591; x_wconf 85' lang='lat' dir='ltr'><strong>ducebat</strong></span> <span class='ocrx_word' id='word_1_753' title='bbox 3036 4541 3130 4605; x_wconf 86' lang='lat' dir='ltr'><strong>(g).</strong></span> <span class='ocrx_word' id='word_1_754' title='bbox 3165 4537 3268 4592; x_wconf 89' lang='lat' dir='ltr'><strong>Sed</strong></span> <span class='ocrx_word' id='word_1_755' title='bbox 3305 4554 3407 4592; x_wconf 91' lang='lat' dir='ltr'><strong>non</strong></span> <span class='ocrx_word' id='word_1_756' title='bbox 3438 4540 3535 4594; x_wconf 91' lang='lat' dir='ltr'><strong>soli</strong></span> <span class='ocrx_word' id='word_1_757' title='bbox 3566 4540 3732 4596; x_wconf 77' lang='lat' dir='ltr'><strong>Basi-</strong></span> 
     </span>
    </p>
   </div>
   <div class='ocr_carea' id='block_1_103' title="bbox 2169 4625 3732 4701">
    <p class='ocr_par' dir='ltr' id='par_1_103' title="bbox 2169 4625 3732 4701">
     <span class='ocr_line' id='line_1_103' title="bbox 2169 4625 3732 4701; baseline 0.004 -23"><span class='ocrx_word' id='word_1_758' title='bbox 2169 4627 2238 4680; x_wconf 93' lang='lat' dir='ltr'><strong>lio</strong></span> <span class='ocrx_word' id='word_1_759' title='bbox 2262 4625 2568 4680; x_wconf 80' lang='lat' dir='ltr'><strong>Eustathius</strong></span> <span class='ocrx_word' id='word_1_760' title='bbox 2597 4626 2783 4681; x_wconf 89' lang='lat' dir='ltr'><strong>illusit.</strong></span> <span class='ocrx_word' id='word_1_761' title='bbox 2808 4625 3006 4679; x_wconf 69' lang='lat' dir='ltr'><strong>Przrter</strong></span> <span class='ocrx_word' id='word_1_762' title='bbox 3035 4628 3164 4681; x_wconf 86' lang='lat' dir='ltr'><strong>duos</strong></span> <span class='ocrx_word' id='word_1_763' title='bbox 3202 4627 3564 4685; x_wconf 68' lang='lat' dir='ltr'><strong>(lmsarienses</strong></span> <span class='ocrx_word' id='word_1_764' title='bbox 3602 4633 3732 4701; x_wconf 87' lang='lat' dir='ltr'><strong>epi-</strong></span> 
     </span>
    </p>
   </div>
   <div class='ocr_carea' id='block_1_104' title="bbox 2168 4717 3727 4791">
    <p class='ocr_par' dir='ltr' id='par_1_104' title="bbox 2168 4717 3727 4791">
     <span class='ocr_line' id='line_1_104' title="bbox 2168 4717 3727 4791; baseline 0.003 -19"><span class='ocrx_word' id='word_1_765' title='bbox 2168 4733 2379 4786; x_wconf 88' lang='lat' dir='ltr'><strong>scopos,</strong></span> <span class='ocrx_word' id='word_1_766' title='bbox 2435 4732 2570 4787; x_wconf 89' lang='lat' dir='ltr'><strong>quos</strong></span> <span class='ocrx_word' id='word_1_767' title='bbox 2606 4732 2763 4786; x_wconf 90' lang='lat' dir='ltr'><strong>supra</strong></span> <span class='ocrx_word' id='word_1_768' title='bbox 2816 4717 3048 4773; x_wconf 72' lang='lat' dir='ltr'><strong>diximus</strong></span> <span class='ocrx_word' id='word_1_769' title='bbox 3086 4718 3365 4774; x_wconf 86' lang='lat' dir='ltr'><strong>Eustathio</strong></span> <span class='ocrx_word' id='word_1_770' title='bbox 3402 4721 3672 4790; x_wconf 86' lang='lat' dir='ltr'><strong>ignovisse</strong></span> <span class='ocrx_word' id='word_1_771' title='bbox 3708 4767 3727 4791; x_wconf 88' lang='lat'><strong>,</strong></span> 
     </span>
    </p>
   </div>
   <div class='ocr_carea' id='block_1_105' title="bbox 2174 4809 3729 4877">
    <p class='ocr_par' dir='ltr' id='par_1_105' title="bbox 2174 4809 3729 4877">
     <span class='ocr_line' id='line_1_105' title="bbox 2174 4809 3729 4877; baseline 0.004 -12"><span class='ocrx_word' id='word_1_772' title='bbox 2174 4810 2485 4865; x_wconf 87' lang='lat' dir='ltr'><strong>amicissimi</strong></span> <span class='ocrx_word' id='word_1_773' title='bbox 2508 4809 2676 4865; x_wconf 90' lang='lat' dir='ltr'><strong>eidem</strong></span> <span class='ocrx_word' id='word_1_774' title='bbox 2698 4815 2853 4863; x_wconf 88' lang='lat' dir='ltr'><strong>erant</strong></span> <span class='ocrx_word' id='word_1_775' title='bbox 2870 4810 3295 4877; x_wconf 61' lang='lat' dir='ltr'><strong>praestantissimi</strong></span> <span class='ocrx_word' id='word_1_776' title='bbox 3315 4812 3435 4875; x_wconf 89' lang='lat' dir='ltr'><strong>viri,</strong></span> <span class='ocrx_word' id='word_1_777' title='bbox 3465 4812 3729 4871; x_wconf 88' lang='lat' dir='ltr'><strong>Silvanus</strong></span> 
     </span>
    </p>
   </div>
   <div class='ocr_carea' id='block_1_106' title="bbox 2170 4899 3730 4969">
    <p class='ocr_par' dir='ltr' id='par_1_106' title="bbox 2170 4899 3730 4969">
     <span class='ocr_line' id='line_1_106' title="bbox 2170 4899 3730 4969; baseline 0.004 -14"><span class='ocrx_word' id='word_1_778' title='bbox 2170 4901 2472 4968; x_wconf 88' lang='lat' dir='ltr'><strong>Tarsensis,</strong></span> <span class='ocrx_word' id='word_1_779' title='bbox 2526 4915 2590 4955; x_wconf 87' lang='lat' dir='ltr'><strong>ac</strong></span> <span class='ocrx_word' id='word_1_780' title='bbox 2641 4900 2753 4969; x_wconf 83' lang='lat' dir='ltr'><strong>ipse</strong></span> <span class='ocrx_word' id='word_1_781' title='bbox 2779 4899 2961 4962; x_wconf 88' lang='lat' dir='ltr'><strong>etiam,</strong></span> <span class='ocrx_word' id='word_1_782' title='bbox 3014 4914 3169 4969; x_wconf 91' lang='lat' dir='ltr'><strong>quem</strong></span> <span class='ocrx_word' id='word_1_783' title='bbox 3199 4901 3429 4957; x_wconf 91' lang='lat' dir='ltr'><strong>Basilius</strong></span> <span class='ocrx_word' id='word_1_784' title='bbox 3465 4904 3730 4961; x_wconf 65' lang='lat' dir='ltr'><strong>Ecclesia:</strong></span> 
     </span>
    </p>
   </div>
   <div class='ocr_carea' id='block_1_107' title="bbox 2166 4991 3731 5055">
    <p class='ocr_par' dir='ltr' id='par_1_107' title="bbox 2166 4991 3731 5055">
     <span class='ocr_line' id='line_1_107' title="bbox 2166 4991 3731 5055; baseline 0.003 -8"><span class='ocrx_word' id='word_1_785' title='bbox 2166 4994 2329 5047; x_wconf 89' lang='lat' dir='ltr'><strong>decus</strong></span> <span class='ocrx_word' id='word_1_786' title='bbox 2358 5002 2412 5045; x_wconf 90' lang='lat' dir='ltr'><strong>et</strong></span> <span class='ocrx_word' id='word_1_787' title='bbox 2437 4992 2677 5046; x_wconf 89' lang='lat' dir='ltr'><strong>columen</strong></span> <span class='ocrx_word' id='word_1_788' title='bbox 2701 5004 2819 5044; x_wconf 88' lang='lat' dir='ltr'><strong>esse</strong></span> <span class='ocrx_word' id='word_1_789' title='bbox 2842 4991 3065 5055; x_wconf 87' lang='lat' dir='ltr'><strong>sciebat,</strong></span> <span class='ocrx_word' id='word_1_790' title='bbox 3095 4993 3153 5045; x_wconf 85' lang='lat' dir='ltr'><strong>S.</strong></span> <span class='ocrx_word' id='word_1_791' title='bbox 3182 4992 3440 5049; x_wconf 88' lang='lat' dir='ltr'><strong>Eusebius</strong></span> <span class='ocrx_word' id='word_1_792' title='bbox 3461 4996 3731 5053; x_wconf 85' lang='lat' dir='ltr'><strong>Samosa—</strong></span> 
     </span>
    </p>
   </div>
   <div class='ocr_carea' id='block_1_108' title="bbox 2169 5079 3733 5143">
    <p class='ocr_par' dir='ltr' id='par_1_108' title="bbox 2169 5079 3733 5143">
     <span class='ocr_line' id='line_1_108' title="bbox 2169 5079 3733 5143; baseline 0.003 -6"><span class='ocrx_word' id='word_1_793' title='bbox 2169 5083 2353 5137; x_wconf 86' lang='lat' dir='ltr'><strong>tensis.</strong></span> <span class='ocrx_word' id='word_1_794' title='bbox 2380 5080 2539 5135; x_wconf 80' lang='lat' dir='ltr'><strong>Multa</strong></span> <span class='ocrx_word' id='word_1_795' title='bbox 2572 5080 2621 5132; x_wconf 92' lang='lat' dir='ltr'><strong>in</strong></span> <span class='ocrx_word' id='word_1_796' title='bbox 2653 5080 2841 5135; x_wconf 90' lang='lat' dir='ltr'><strong>litteris</strong></span> <span class='ocrx_word' id='word_1_797' title='bbox 2865 5079 3043 5135; x_wconf 89' lang='lat' dir='ltr'><strong>Basilii</strong></span> <span class='ocrx_word' id='word_1_798' title='bbox 3082 5094 3290 5137; x_wconf 82' lang='lat' dir='ltr'><strong>exstant</strong></span> <span class='ocrx_word' id='word_1_799' title='bbox 3329 5085 3577 5141; x_wconf 76' lang='lat' dir='ltr'><strong>amicitia:</strong></span> <span class='ocrx_word' id='word_1_800' title='bbox 3609 5089 3691 5143; x_wconf 82' lang='lat' dir='ltr'><strong>Eu</strong></span> <span class='ocrx_word' id='word_1_801' title='bbox 3712 5122 3733 5133; x_wconf 69' lang='grc' dir='ltr'>ς</span> 
     </span>
    </p>
   </div>
   <div class='ocr_carea' id='block_1_109' title="bbox 2168 5170 3734 5243">
    <p class='ocr_par' dir='ltr' id='par_1_109' title="bbox 2168 5170 3734 5243">
     <span class='ocr_line' id='line_1_109' title="bbox 2168 5170 3734 5243; baseline 0.004 -14"><span class='ocrx_word' id='word_1_802' title='bbox 2168 5175 2297 5229; x_wconf 86' lang='lat' dir='ltr'><strong>sebii</strong></span> <span class='ocrx_word' id='word_1_803' title='bbox 2351 5182 2407 5227; x_wconf 91' lang='lat' dir='ltr'><strong>et</strong></span> <span class='ocrx_word' id='word_1_804' title='bbox 2454 5170 2715 5225; x_wconf 87' lang='lat' dir='ltr'><strong>Eustathii</strong></span> <span class='ocrx_word' id='word_1_805' title='bbox 2765 5171 2956 5226; x_wconf 88' lang='lat' dir='ltr'><strong>indicia</strong></span> <span class='ocrx_word' id='word_1_806' title='bbox 2990 5172 3088 5243; x_wconf 79' lang='lat' dir='ltr'><strong>(lt).</strong></span> <span class='ocrx_word' id='word_1_807' title='bbox 3132 5174 3181 5229; x_wconf 92' lang='lat' dir='ltr'><strong>ls</strong></span> <span class='ocrx_word' id='word_1_808' title='bbox 3229 5188 3536 5232; x_wconf 89' lang='lat' dir='ltr'><strong>nascentem</strong></span> <span class='ocrx_word' id='word_1_809' title='bbox 3577 5181 3734 5235; x_wconf 83' lang='lat' dir='ltr'><strong>inter</strong></span> 
     </span>
    </p>
   </div>
   <div class='ocr_carea' id='block_1_110' title="bbox 2166 5260 3730 5326">
    <p class='ocr_par' dir='ltr' id='par_1_110' title="bbox 2166 5260 3730 5326">
     <span class='ocr_line' id='line_1_110' title="bbox 2166 5260 3730 5326; baseline 0.007 -11"><span class='ocrx_word' id='word_1_810' title='bbox 2166 5264 2416 5317; x_wconf 89' lang='lat' dir='ltr'><strong>Basilimn</strong></span> <span class='ocrx_word' id='word_1_811' title='bbox 2454 5270 2508 5314; x_wconf 90' lang='lat' dir='ltr'><strong>et</strong></span> <span class='ocrx_word' id='word_1_812' title='bbox 2541 5260 2873 5316; x_wconf 85' lang='lat' dir='ltr'><strong>Eustathiun.</strong></span> <span class='ocrx_word' id='word_1_813' title='bbox 2919 5264 3236 5319; x_wconf 87' lang='lat' dir='ltr'><strong>discordiam</strong></span> <span class='ocrx_word' id='word_1_814' title='bbox 3278 5270 3468 5323; x_wconf 84' lang='lat' dir='ltr'><strong>sedare</strong></span> <span class='ocrx_word' id='word_1_815' title='bbox 3492 5284 3730 5326; x_wconf 86' lang='lat' dir='ltr'><strong>conatus</strong></span> 
     </span>
    </p>
   </div>
   <div class='ocr_carea' id='block_1_111' title="bbox 2166 5354 3726 5419">
    <p class='ocr_par' dir='ltr' id='par_1_111' title="bbox 2166 5354 3726 5419">
     <span class='ocr_line' id='line_1_111' title="bbox 2166 5354 3726 5419; baseline 0.006 -10"><span class='ocrx_word' id='word_1_816' title='bbox 2166 5365 2267 5409; x_wconf 92' lang='lat' dir='ltr'><strong>est.</strong></span> <span class='ocrx_word' id='word_1_817' title='bbox 2314 5354 2545 5408; x_wconf 80' lang='lat' dir='ltr'><strong>Vocatus</strong></span> <span class='ocrx_word' id='word_1_818' title='bbox 2587 5366 2727 5406; x_wconf 90' lang='lat' dir='ltr'><strong>anno</strong></span> <span class='ocrx_word' id='word_1_819' title='bbox 2757 5354 2859 5408; x_wconf 74' lang='lat'><strong>372</strong></span> <span class='ocrx_word' id='word_1_820' title='bbox 2884 5356 2936 5409; x_wconf 91' lang='lat' dir='ltr'><strong>in</strong></span> <span class='ocrx_word' id='word_1_821' title='bbox 2972 5357 3277 5414; x_wconf 82' lang='lat' dir='ltr'><strong>Armeniam</strong></span> <span class='ocrx_word' id='word_1_822' title='bbox 3310 5359 3538 5417; x_wconf 88' lang='lat' dir='ltr'><strong>Basilius</strong></span> <span class='ocrx_word' id='word_1_823' title='bbox 3572 5380 3602 5417; x_wconf 89' lang='lat' dir='ltr'><strong>a</strong></span> <span class='ocrx_word' id='word_1_824' title='bbox 3655 5366 3726 5419; x_wconf 81' lang='lat' dir='ltr'><strong>S.</strong></span> 
     </span>
    </p>
   </div>
   <div class='ocr_carea' id='block_1_112' title="bbox 2168 5442 3726 5522">
    <p class='ocr_par' dir='ltr' id='par_1_112' title="bbox 2168 5442 3726 5522">
     <span class='ocr_line' id='line_1_112' title="bbox 2168 5442 3726 5522; baseline 0.004 -22"><span class='ocrx_word' id='word_1_825' title='bbox 2168 5446 2377 5500; x_wconf 81' lang='lat' dir='ltr'><strong>Meletio</strong></span> <span class='ocrx_word' id='word_1_826' title='bbox 2400 5454 2452 5498; x_wconf 90' lang='lat' dir='ltr'><strong>et</strong></span> <span class='ocrx_word' id='word_1_827' title='bbox 2478 5442 2775 5512; x_wconf 84' lang='lat' dir='ltr'><strong>Theodoto,</strong></span> <span class='ocrx_word' id='word_1_828' title='bbox 2812 5457 2917 5502; x_wconf 88' lang='lat' dir='ltr'><strong>tum</strong></span> <span class='ocrx_word' id='word_1_829' title='bbox 2952 5458 3008 5504; x_wconf 93' lang='lat' dir='ltr'><strong>ut</strong></span> <span class='ocrx_word' id='word_1_830' title='bbox 3032 5451 3225 5505; x_wconf 87' lang='lat' dir='ltr'><strong>festum</strong></span> <span class='ocrx_word' id='word_1_831' title='bbox 3250 5455 3535 5522; x_wconf 90' lang='lat' dir='ltr'><strong>quemdam</strong></span> <span class='ocrx_word' id='word_1_832' title='bbox 3570 5455 3726 5508; x_wconf 88' lang='lat' dir='ltr'><strong>diem</strong></span> 
     </span>
    </p>
   </div>
   <div class='ocr_carea' id='block_1_113' title="bbox 2262 5623 2470 5689">
    <p class='ocr_par' dir='ltr' id='par_1_113' title="bbox 2262 5623 2470 5689">
     <span class='ocr_line' id='line_1_113' title="bbox 2262 5623 2470 5689; baseline 0 -15"><span class='ocrx_word' id='word_1_833' title='bbox 2262 5629 2313 5689; x_wconf 77' lang='grc' dir='ltr'><strong>ε)</strong></span> <span class='ocrx_word' id='word_1_834' title='bbox 2342 5623 2470 5675; x_wconf 84' lang='lat' dir='ltr'><strong>Ibid.</strong></span> 
     </span>
    </p>
   </div>
   <div class='ocr_carea' id='block_1_114' title="bbox 2240 5624 2595 5761">
    <p class='ocr_par' dir='ltr' id='par_1_114' title="bbox 2240 5624 2595 5761">
     <span class='ocr_line' id='line_1_114' title="bbox 2262 5624 2470 5689; baseline 0 -15"><span class='ocrx_word' id='word_1_835' title='bbox 2262 5629 2313 5689; x_wconf 79' lang='grc' dir='ltr'><strong>ε)</strong></span> <span class='ocrx_word' id='word_1_836' title='bbox 2342 5624 2470 5675; x_wconf 88' lang='lat' dir='ltr'><strong>Ibid.</strong></span> 
     </span>
     <span class='ocr_line' id='line_1_115' title="bbox 2240 5624 2595 5761; baseline 0.017 -19"><span class='ocrx_word' id='word_1_837' title='bbox 2240 5624 2308 5761; x_wconf 48' lang='lat' dir='ltr'><strong>2f)</strong></span> <span class='ocrx_word' id='word_1_838' title='bbox 2344 5692 2440 5761; x_wconf 70' lang='lat' dir='ltr'><strong>Ep.</strong></span> <span class='ocrx_word' id='word_1_839' title='bbox 2473 5692 2595 5747; x_wconf 80' lang='grc'><strong>119.</strong></span> 
     </span>
    </p>
   </div>
   <div class='ocr_carea' id='block_1_115' title="bbox 2242 5760 2601 5830">
    <p class='ocr_par' dir='ltr' id='par_1_115' title="bbox 2242 5760 2601 5830">
     <span class='ocr_line' id='line_1_116' title="bbox 2242 5760 2601 5830; baseline 0.017 -19"><span class='ocrx_word' id='word_1_840' title='bbox 2242 5760 2314 5830; x_wconf 63' lang='grc' dir='ltr'><strong>(ρ)</strong></span> <span class='ocrx_word' id='word_1_841' title='bbox 2352 5760 2447 5830; x_wconf 65' lang='lat' dir='ltr'><strong>Ep.</strong></span> <span class='ocrx_word' id='word_1_842' title='bbox 2481 5763 2601 5817; x_wconf 70' lang='lat' dir='ltr'><strong>tat.</strong></span> 
     </span>
    </p>
   </div>
   <div class='ocr_carea' id='block_1_116' title="bbox 2242 5828 2563 5901">
    <p class='ocr_par' dir='ltr' id='par_1_116' title="bbox 2242 5828 2563 5901">
     <span class='ocr_line' id='line_1_117' title="bbox 2242 5828 2563 5901; baseline 0.012 -20"><span class='ocrx_word' id='word_1_843' title='bbox 2242 5828 2318 5901; x_wconf 65' lang='lat' dir='ltr'><strong>(it)</strong></span> <span class='ocrx_word' id='word_1_844' title='bbox 2350 5828 2441 5886; x_wconf 90' lang='lat' dir='ltr'><strong>Or.</strong></span> <span class='ocrx_word' id='word_1_845' title='bbox 2481 5833 2563 5886; x_wconf 75' lang='lat'><strong>1‘2.</strong></span> 
     </span>
    </p>
   </div>
  </div>
