3992 6392
1472 385 1630 443 “TA
1672 391 1730 445 S.
1767 382 2039 441 ‘B.\SlLll.

3274 404 3366 445 ιιι

186 526 271 563 cum
301 509 369 561 eis
412 506 733 569 celebraret,
772 514 882 559 tum
929 514 985 557 ut
1014 504 1079 559 de
1109 502 1389 559 Eustathio
1428 518 1701 577 ageretur,
1732 518 1780 574 Α
1810 510 1863 563 in
1896 506 2102 578 synodo
2154 503 2572 560 Neoezesariensi
2612 502 3129 558 excommunicatum
3156 540 3173 566 ,
3223 512 3277 557 et
3312 504 3365 558 in

184 604 324 656 adesse
346 598 527 661 noluit,
564 610 850 669 propterea
890 598 1034 665 quod
1064 597 1349 665 Eusebius,
1386 616 1415 652 a
1449 616 1555 669 quo
1586 600 1701 670 plu-

185 695 328 744 rituum
370 691 605 758 praesidii
676 692 740 744 ad
791 690 1055 743 Eustathii
1111 690 1474 744 defensionem
1520 706 1703 761 spera-

182 783 247 836 bat
270 782 350 849 (α),
382 796 444 834 eo
475 781 670 835 venire
702 796 806 833 non
847 781 1039 849 potuit.
1084 781 1352 836 llabemus
1391 782 1441 835 in
1472 784 1701 853 cpistola

184 872 253 926 l05
291 870 644 939 Sophronium
706 871 972 926 Eustathii
1040 871 1357 940 discipulum
1417 873 1701 929 Samosata

178 964 570 1033 proﬁciscentem,
625 964 856 1029 visendi,
909 972 967 1016 ut
1003 964 1297 1018 verisimile
1329 973 1433 1028 est,
1486 966 1701 1020 Eusebii

177 1071 310 1110 causa.
336 1055 479 1109 Hane
511 1056 580 1109 de
612 1055 904 1110 Eustathio
931 1056 1204 1110 hominum
1232 1057 1701 1125 prrestantissimo-

176 1164 259 1201 mn
303 1149 603 1214 Opinionem
654 1148 1030 1202 commovebat
1076 1147 1321 1201 simulata
1379 1164 1482 1201 non
1529 1148 1700 1203 solum

174 1241 432 1292 orthodoxa:
467 1239 598 1293 ﬁdei
646 1238 935 1306 professio,
977 1238 1069 1291 sed
1098 1238 1259 1291 etiam
1310 1239 1571 1293 acerrima
1607 1241 1701 1293 de-

173 1329 320 1383 fensio.
352 1327 557 1383 Nemini
595 1345 734 1383 sane
780 1329 833 1383 in
865 1331 966 1383 hoc
995 1344 1193 1398 genere
1219 1314 1568 1390 concedebat,
1608 1329 1699 1383 ubi

173 1437 214 1475 se
238 1421 484 1474 catholitis
508 1421 805 1475 addicebat
840 1422 1114 1489 partibus;
1150 1435 1213 1475 ac
1251 1421 1481 1475 mirabili
1534 1421 1698 1475 animi

172 1514 319 1565 ardore
350 1515 809 1581 consequebatur,
853 1521 911 1566 ut
948 1522 1002 1567 et
1043 1512 1327 1581 praeterita:
1372 1512 1512 1565 illius
1550 1512 1698 1565 labes

174 1602 417 1657 inﬁrmitati
460 1604 843 1671 tribuerentur
873 1603 1144 1668 humanm,
1178 1618 1277 1658 nec
1310 1617 1549 1673 praesens
1591 1603 1697 1656 ulla

172 1696 210 1747 ia
225 1696 552 1763 suspicionem
577 1696 812 1765 perfidia
840 1696 1068 1750 veniret.

220 1788 340 1851 Quod
385 1788 524 1840 enim
574 1787 968 1843 subscribendo
992 1786 1457 1857 Constantinopoli
1506 1802 1695 1857 pecca-

1805 599 2139 655 Antiochena
2191 596 2493 651 convictum
2548 592 2790 665 periurii.
2842 594 2947 649 Sed
2997 595 3109 647 haec
3137 595 3367 648 concilia

1806 692 1962 746 nobis
1990 690 2223 744 tenebrae
2253 699 2396 744 sunt.
2428 688 2605 759 Longe
2634 688 2828 742 clarior
2849 696 2904 741 et
2942 686 3203 741 illustrior
3232 701 3361 756 syn-

1805 784 1940 838 odus
1997 782 2325 852 Gangrensis
2365 781 2418 835 in
2461 780 2850 851 Paphlagonia,
2906 780 2970 834 ad
3034 794 3193 848 quam
3241 792 3363 833 cum

1804 873 1996 927 delatae
2026 871 2255 927 fuissent
2281 888 2485 943 magna:
2530 872 2597 926 tle
2636 871 2900 926 Eustathii
2929 870 3204 940 discipulis
3232 885 3366 940 que-

1805 965 1963 1029 relze,
2000 964 2184 1032 viginti
2216 978 2450 1019 canones
2481 966 2547 1017 ad
2590 964 2704 1018 haec
2734 964 3026 1017 resecanda
3064 963 3193 1017 vitia
3232 976 3364 1017 con-

1804 1057 2000 1118 stituti,
2041 1070 2177 1124 quos
2222 1056 2458 1125 synodus
2494 1054 2761 1107 Armenia:
2787 1054 3054 1122 episcopis
3095 1053 3362 1107 inscribit.

1803 1148 2145 1202 Eustathium
2206 1147 2561 1201 Sebastenum
2634 1146 2790 1214 hujus
2851 1145 3041 1214 synodi
3097 1144 3364 1199 sententia

1802 1248 2041 1292 n0tatum
2099 1237 2262 1292 fuisse
2322 1235 2559 1291 referunt
2607 1235 2856 1291 Socrates
2902 1237 2983 1307 (ἱ)
3033 1244 3084 1290 et
3109 1234 3364 1289 Sozome~

1807 1344 1907 1383 nus
1929 1329 1999 1399 (j)
2027 1346 2041 1383 :
2073 1330 2165 1383 sed
2184 1344 2368 1383 eorum
2393 1329 2693 1384 testimOnia
2722 1344 2943 1397 prorsus
2982 1328 3229 1395 rejiciunt
3262 1326 3360 1379 Bas

1802 1423 1988 1477 ronius
2016 1420 2111 1492 (lt),
2134 1421 2371 1490 Dupinus
2402 1430 2456 1476 et
2482 1419 2912 1489 Blondellus(l),
2940 1435 3164 1501 quorum
3183 1420 3362 1487 opinio

1802 1514 1956 1567 valde
1986 1512 2278 1584 probabilis
2300 1513 2511 1566 videtur
2534 1512 2898 1567 Tillemontio.
2934 1511 3039 1566 Sed
3072 1511 3361 1579 quominus

1800 1604 2024 1659 eruditis
2072 1604 2178 1659 illis
2208 1604 2342 1659 viris
2388 1606 2601 1673 penitus
2644 1604 2943 1671 assentiar,
2999 1603 3238 1657 detinent
3274 1617 3360 1655 me

1800 1696 2055 1750 uon'nulla
2091 1696 2359 1751 rationum
2388 1705 2683 1750 momenta.

1872 1790 1931 1843 1·
1980 1789 2197 1843 Summa
2233 1799 2315 1844 est
2345 1790 2685 1844 necessitudo
2711 1798 3009 1857 temporum
3040 1799 3091 1840 et
3118 1787 3357 1841 locorum

173 1890 301 1941 terat,
339 1878 385 1931 id
410 1877 793 1933 celeberrimis
822 1890 1010 1934 contra
1036 1879 1358 1944 Endoxium,
1388 1881 1691 1950 Euippium,
1727 1862 1767 1916 Β
1798 1893 1920 1933 cum
1969 1880 2250 1934 Eustathio
2300 1880 2619 1934 Sehasteno.
2658 1879 2707 1933 ls
2758 1880 2899 1933 enim
2949 1878 3228 1931 inonastici
3279 1879 3359 1929 in-

173 1968 421 2040 Georgium,
449 1981 504 2022 et
525 1968 799 2023 Acacium
831 1968 1026 2026 litteris
1058 1970 1134 2041 (b)
1167 1971 1387 2038 expiare
1416 1971 1563 2025 visus
1588 1981 1690 2036 est,

173 2077 268 2130 quas
291 2064 346 2114 al
370 2077 555 2116 omnes
587 2061 866 2117 Ecclesias
896 2062 1062 2118 misit.
1095 2062 1333 2131 Negabat
1360 2076 1453 2117 eos
1480 2063 1689 2131 episco-

173 2168 241 2223 pos
264 2168 363 2208 esse
400 2165 452 2208 et
486 2154 737 2223 Spiritus
784 2154 958 2209 sancti
994 2153 1305 2223 participes.
1337 2152 1491 2208 Unde
1528 2154 1692 2208 etiam

174 2246 339 2298 minime
360 2246 514 2299 cessit
544 2245 675 2299 lata:
702 2245 757 2298 in
789 2260 847 2300 se
875 2244 1156 2299 sententia:
1174 2283 1190 2306 ,
1217 2244 1465 2313 quamvis
1488 2260 1517 2297 a
1542 2246 1694 2311 quin-

174 2338 299 2402 gentis
324 2337 581 2406 episcopis
624 2336 918 2390 damnatus
947 2344 1111 2389 esset.
1145 2333 1379 2389 Rediens
1423 2349 1453 2387 e
1489 2333 1693 2389 Darda-

175 2428 251 2491 nia,
271 2442 406 2495 quam
435 2427 487 2481 in
532 2424 817 2495 regionem
856 2423 1122 2494 relegatus
1160 2422 1369 2478 videtur
1397 2421 1586 2488 fuisse,
1617 2423 1693 2476 al-

174 2516 272 2569 taria
295 2516 517 2571 Basilidis
552 2517 763 2572 evertit
802 2526 857 2571 et
894 2516 949 2570 in
986 2516 1219 2585 propriis
1250 2516 1453 2571 mensis
1484 2518 1691 2571 sacriﬁ-

178 2608 276 2658 cavit
303 2606 382 2676 (ς).
430 2606 757 2677 Segregavit
799 2606 963 2659 etiam
992 2620 1023 2658 a
1059 2621 1152 2660 sua
1196 2607 1575 2662 communione
1604 2609 1690 2662 El-

176 2698 324 2764 pidium
366 2699 706 2753 Satalensem
765 2698 1100 2767 episcopum,
1153 2712 1217 2756 eo
1273 2700 1415 2768 quod
1465 2700 1513 2755 is
1568 2716 1689 2756 cum

178 2791 359 2844 Amasea:
400 2792 658 2861 episcopo
711 2791 1156 2847 communicaret.
1209 2790 1513 2858 Quinetiam
1582 2809 1689 2848 non

181 2880 299 2935 multo
336 2893 618 2951 antequam
674 2899 703 2935 a
737 2881 922 2936 Basilii
952 2883 1334 2938 communione
1365 2884 1687 2950 discederet,

180 2972 372 3027 ecclesias
389 2975 636 3029 Amaseae
668 2982 724 3027 et
749 2973 1003 3028 Zelorum
1032 2973 1325 3028 insectatus
1358 2973 1557 3040 fuerat,
1588 2975 1689 3030 ibi-

178 3079 263 3132 que.
283 3067 600 3137 presbyteros
646 3076 701 3121 et
742 3067 1001 3121 diaconos
1050 3067 1429 3122 constituerat.
1479 3067 1687 3137 Lapsus

182 3159 249 3211 sub
268 3156 559 3229 \‘aleute(d)
586 3201 602 3224 ,
646 3160 889 3214 fraudem
936 3160 1038 3215 sibi
1085 3159 1283 3215 factam
1327 3160 1380 3214 in
1430 3162 1688 3216 concione

179 3248 437 3317 deploravit,
472 3262 643 3321 atque
667 3252 805 3304 hanc
831 3251 1094 3321 purgandi
1120 3252 1285 3306 errati
1311 3252 1574 3306 rationem
1603 3252 1685 3306 in-

181 3341 305 3406 venit,
338 3354 388 3396 ut
412 3344 643 3400 Romam
679 3344 949 3413 profectus
985 3343 1109 3398 inde
1147 3343 1364 3398 Patrum
1407 3345 1568 3399 fidem
1602 3359 1687 3399 re-

182 3428 313 3485 ferret.
353 3436 457 3501 Quo
487 3436 664 3505 magis
700 3435 1014 3489 crederetur
1040 3435 1165 3490 huic
1189 3436 1394 3490 homini
1427 3436 1511 3505 (e)
1538 3477 1553 3501 ,
1590 3437 1685 3490 ad-

179 3521 340 3589 iuvabat
366 3537 641 3582 austerum
667 3527 883 3581 vivendi
925 3543 1093 3596 genus
1118 3568 1133 3592 ,
1161 3538 1215 3582 et
1254 3529 1419 3581 multa
1468 3544 1686 3598 magna-

185 3630 264 3667 rum
288 3619 548 3675 simulacra
583 3622 872 3674 virtutum.
899 3620 1126 3675 Tantam
1153 3621 1469 3675 charitalem
1494 3636 1601 3688 pra:
1627 3634 1685 3675 se

186 3705 330 3765 {ciebat
347 3712 417 3782 (ί)
443 3723 497 3767 ut
527 3729 634 3784 pro
657 3713 848 3783 quavis
874 3713 1053 3767 anima
1088 3713 1348 3767 sollicitus
1374 3714 1681 3778 videretur;

192 3802 244 3867 (9)
272 3808 597 3860 constantiam
640 3807 692 3860 in
730 3806 835 3859 vita
866 3820 1103 3870 scrvare,
1150 3816 1203 3861 et
1230 3807 1564 3859 mendacium
1600 3806 1683 3859 vel

185 3890 222 3942 in
240 3888 435 3951 'minitnis
464 3900 633 3953 rebus
662 3907 719 3951 ut
754 3896 1013 3952 horribile
1044 3897 1296 3967 quiddam
1328 3898 1567 3951 aversari
1599 3897 1681 3949 vi-

186 3980 364 4039 debatur.

233 4074 293 4128 ιν.
314 4077 612 4136 Eustathius
632 4081 964 4136 Sebastenus
984 4082 1126 4136 circa
1157 4080 1283 4136 illud
1315 4089 1544 4149 tempus,
1574 4094 1678 4148 quo

190 4164 426 4225 scBasilius
456 4174 520 4226 ad
574 4173 695 4241 ejus
730 4173 1021 4227 amicitiam
1067 4174 1359 4243 applicuit,
1404 4175 1679 4242 depositus

189 4265 241 4308 est
273 4258 312 4310 in
343 4264 559 4318 concilio
591 4263 941 4318 Melitinensi.
994 4264 1099 4318 Sed
1135 4266 1246 4318 haec
1273 4264 1561 4334 ignominia
1600 4265 1679 4318 ni-

192 4346 236 4397 hil
267 4360 364 4407 tunc
401 4358 579 4411 nocuit
611 4356 917 4419 Eustathio,
965 4358 1055 4425 qui
1107 4359 1473 4427 episCOpatum
1521 4374 1675 4413 suum

191 4440 343 4497 retinuit
374 4464 387 4499 :
421 4448 523 4502 imo
560 4449 727 4502 decus
755 4449 802 4503 ei
833 4451 972 4518 apud
1005 4450 1173 4504 bonos
1202 4449 1406 4503 addidit
1433 4492 1447 4515 ,
1495 4459 1677 4518 utpote

1798 1973 1969 2028 stiluti
2004 1987 2194 2028 auctor
2218 1973 2426 2028 exstitit
2451 1971 2591 2042 apud
2623 1971 2907 2027 Armenios
2930 2012 2944 2033 ,
2975 1970 3125 2023 Ponti
3156 1970 3358 2022 incolas

1795 2074 1849 2141 et
1884 2048 2271 2134 Paphlagonas,
2300 2073 2355 2118 ιιι
2387 2078 2456 2120 ex
2496 2064 2796 2118 Sozomeno
2821 2062 3077 2117 discimus
3105 2060 3218 2130 (m).
3254 2059 3355 2113 So-

1796 2157 2006 2209 zomeni
2041 2157 2408 2210 testimonium
2440 2155 2721 2211 confirmat
2754 2155 2982 2209 Basilius
3030 2156 3108 2223 (η)
3129 2195 3144 2219 ,
3177 2154 3265 2222 qui
3298 2168 3355 2206 se

1796 2247 1863 2299 ad
1892 2246 2228 2301 Eustathium
2251 2288 2267 2313 ,
2322 2257 2381 2301 ut
2416 2248 2743 2316 praecipuum
2779 2247 2863 2302 his
2909 2246 2961 2300 in
2998 2246 3133 2301 locis
3164 2260 3351 2299 mona-

1794 2336 1943 2391 sticae
1976 2337 2100 2392 vita;
2136 2340 2487 2407 magistrum,
2538 2338 2790 2393 contulit.
2839 2336 2953 2392 Non
3000 2336 3154 2405 pauci
3196 2344 3353 2389 erant

1793 2430 2079 2484 Eustathio
2105 2431 2377 2499 discipuli.
2408 2446 2639 2499 quorum
2663 2429 2965 2485 charissimi
2990 2430 3191 2498 quique
3210 2443 3354 2482 sem-

1793 2540 1887 2593 per
1914 2540 2037 2579 cum
2068 2524 2265 2579 Basilio
2296 2524 2510 2580 fuerunt
2538 2526 2611 2596 (ο)
2641 2545 2652 2579 :
2691 2525 2928 2579 nonnulli
2960 2540 3089 2578 vero
3123 2523 3197 2593 (p)
3231 2538 3355 2590 pra-

1796 2618 1873 2670 vis
1903 2617 2014 2670 suis
2048 2617 2289 2672 moribus
2317 2617 2673 2672 monasticum
2720 2618 3021 2670 institutum
3061 2617 3353 2670 dedecora-

1793 2718 1937 2763 runt.
1992 2708 2151 2762 Plura
2185 2712 2511 2763 monasteria
2535 2751 2549 2775 ,
2592 2711 2705 2764 sive
2747 2711 2925 2779 plures
2963 2710 3347 2772 fraternitates,

1791 2812 1852 2857 ιιι
1884 2802 2117 2873 appellat
2148 2803 2400 2868 Basilius,
2438 2804 2715 2858 Eustathio
2764 2803 3033 2871 subiectas
3066 2802 3228 2856 fuisse
3263 2803 3348 2854 Vel

1790 2894 1980 2947 saltem
2026 2895 2234 2963 magnis
2273 2910 2394 2949 cum
2434 2909 2497 2948 eo
2527 2894 3011 2949 necessitudinibus
3049 2894 3345 2957 devinctae,

1790 2984 2142 3038 obserVamus
2178 2986 2245 3037 ad
2293 2985 2451 3053 epist.
2478 2984 2618 3049 223,
2672 3002 2727 3038 n.
2760 2985 2806 3039 5.
2866 2985 3021 3039 Stare
3070 3000 3198 3053 ergo
3221 3001 3344 3047 ,ιιοιι

1788 3084 1965 3143 p0test
1994 3074 2207 3130 Baconii
2235 3077 2522 3139 sententia,
2555 3078 2643 3145 qni
2668 3092 2733 3129 ne
2760 3077 2808 3129 id
2838 3076 3050 3145 quidem
3077 3076 3351 3142 concedit,

1790 3166 2130 3221 Eustathium
2192 3167 2547 3222 monasticam
2610 3167 2774 3219 vitam
2848 3166 3146 3236 professum
3206 3180 3345 3219 esse.

1787 3255 1991 3309 Praeter
2017 3255 2197 3310 Basilii
2247 3257 2622 3309 auctoritatem
2672 3256 2933 3310 habemus
2959 3256 3236 3324 Epiphanii
3270 3265 3348 3309 te-

1789 3348 2103 3401 stimonium
2141 3346 2253 3417 (q),
2283 3348 2374 3417 qui
2427 3347 2762 3401 Eustathium
2814 3357 2862 3401 et
2910 3347 3128 3400 Aerium
3188 3348 3348 3400 simul

1787 3441 2072 3494 asceticam
2119 3440 2286 3493 vitam
2322 3439 2628 3495 exercuisse
2655 3439 2786 3495 dicit
2819 3478 2834 3504 ,
2868 3448 2923 3492 ut
2955 3440 3212 3493 adversus
3245 3437 3348 3491 Ba-

1787 3534 1998 3587 ronium
2034 3534 2287 3588 observat
2318 3533 2713 3588 Tillemontius.
2747 3532 2901 3598 Quod
2931 3541 3108 3587 autem
3143 3542 3350 3601 spectat

1786 3625 1852 3677 ad
1880 3624 2071 3693 synodi
2106 3623 2438 3691 Gangrensis
2490 3632 2718 3693 tempus,
2752 3638 2945 3694 magna
2985 3632 3071 3678 est
3098 3638 3160 3678 ea
3194 3625 3261 3679 de
3290 3638 3349 3679 ro

1785 3718 2179 3771 sententiarum
2212 3718 2451 3771 varietas
2475 3756 2490 3779 ,
2532 3718 2653 3770 a‘liis
2691 3717 2834 3770 circa
2870 3732 3067 3769 annum
3100 3716 3206 3770 540
3232 3716 3349 3785 hoc

1785 3807 2071 3862 concilium
2104 3808 2525 3870 eollocantibns,
2562 3806 2680 3860 aliis
2710 3815 2825 3877 post
2850 3822 3047 3861 annum
3072 3806 3211 3861 560:
3251 3806 3345 3861 sed

1784 3913 1942 3952 nemo
1988 3897 2116 3952 illud
2155 3900 2222 3953 ab
2265 3908 2423 3953 aetate
2473 3898 2737 3953 Eustathii
2791 3900 3069 3954 Sebasteni
3118 3899 3343 3953 divellit.

1782 3989 1915 4044 Cum
1944 4004 2074 4059 ergo
2100 3991 2338 4061 synodus
2374 3990 2705 4061 Gangrensis
2734 3991 3093 4055 Enstathium,
3127 3991 3211 4045 vel
3240 3993 3347 4045 sal-

1785 4094 1893 4139 tem
1926 4086 2067 4141 illius
2102 4086 2396 4155 discipulos
2429 4086 2695 4140 sententia
2725 4100 2818 4138 sua
2854 4087 3157 4152 notaverit;
3191 4100 3343 4139 enm-

1781 4190 1887 4244 que
1919 4176 2107 4231 iisdem
2139 4176 2192 4229 in
2218 4176 2373 4241 ,locis
2418 4176 2715 4243 eodemque
2766 4186 3006 4244 tempore
3034 4176 3345 4230 Eustathius

1784 4264 2114 4321 Sebastenns
2141 4267 2429 4320 monastiei
2460 4266 2687 4321 instituti
2720 4266 2821 4318 dux
2858 4276 2913 4319 et
2946 4274 3133 4319 auctor
3161 4264 3341 4328 fuerit,

1780 4374 1878 4413 cur
1914 4358 2053 4411 alius
2082 4367 2356 4426 qumratur
2388 4356 2743 4411 Eustathius?

1852 4451 1912 4502 ἓν
1966 4448 2080 4503 Νοη
2110 4463 2297 4515 magna
2323 4461 2439 4501 erat
2465 4447 2605 4501 inter
2627 4446 2891 4500 Eustathii
2917 4447 3202 4512 discipulos
3223 4461 3345 4501 sen-

191 4532 232 4583 ab
256 4534 465 4604 improbis
496 4542 722 4596 Arianis
777 4543 976 4597 inusta.
1022 4543 1116 4597 llis
1164 4544 1306 4596 enim
1351 4543 1484 4599 adeo
1527 4543 1675 4598 cordi
1707 4548 1754 4607 ι)
1784 4541 2073 4595 tentiarum
2120 4539 2445 4593 consensio:
2480 4538 2620 4591 unde
2664 4537 2930 4591 nonnullis
2974 4538 3215 4606 qmedam
3258 4547 3342 4589 at-

190 4620 363 4684 luithzcc
407 4637 677 4704 synodus,
736 4646 794 4689 ιιι
843 4637 1089 4704 quamvis
1127 4635 1438 4689 Eustathius
1486 4650 1671 4689 eorum

193 4712 361 4776 i'erulie
386 4740 512 4780 anno
544 4726 652 4781 360
687 4729 1099 4797 subscripsisset
1128 4727 1222 4797 (Ii)
1248 4768 1263 4791 ,
1318 4742 1439 4781 eum
1489 4736 1667 4781 tamen

190 4810 416 4883 eillicopatu
452 4822 666 4887 penitus
706 4820 1029 4889 deiecerint,
1072 4829 1353 4888 pmpterea
1394 4818 1532 4887 quod
1575 4834 1671 4870 an-

196 4904 304 4956 leain
323 4913 521 4967 concilio
558 4912 883 4968 Melitinensi
915 4914 1191 4983 depositus
1229 4913 1423 4965 fuerat.
1474 4911 1670 4964 Narrat

195 4990 369 5053 Socrates
392 5019 498 5058 eum
528 5006 598 5058 ab
623 5006 828 5059 Eulalio
856 5015 1030 5074 patre,
1056 5004 1665 5074 episcopaCzesariensi,

197 5083 418 5150 damnatum
445 5116 457 5151 :
483 5100 535 5153 id
565 5099 853 5153 confirmat
879 5098 1232 5162 Sozomenus,
1265 5099 1518 5167 additque
1546 5110 1669 5150 enm

241 5264 289 5331 ια)
318 5269 394 5335 Ep.
419 5274 498 5336 98,
542 5292 595 5327 η.
628 5276 678 5327 1.

243 5336 523 5407 Militi“.
561 5367 610 5398 ιι.
639 5353 705 5404 ιιι
770 5344 895 5403 251,
928 5360 980 5395 n.
1009 5342 1061 5394 2.

245 5406 291 5469 if}
315 5410 500 5475 ἣν.ἰῖιὶ
525 5455 541 5477 ,
572 5434 624 5469 tt.
660 5418 727 5477 2;
780 5415 906 5474 251,
944 5433 994 5466 ιι.
1030 5414 1079 5467 5.

246 5478 297 5546 ω)
322 5478 394 5543 Ep.
417 5485 534 5546 ‘2“,
568 5503 617 5537 n.
645 5486 699 5537 5.

245 5544 301 5616 (εί)
320 5546 392 5615 Ep.
412 5544 529 5616 2‘15,
562 5573 614 5607 ιι.
646 5556 700 5606 :2.

243 5615 293 5680 (Η
321 5617 393 5684 Ep.
418 5624 493 5675 79.

246 5682 295 5753 ιιι)
322 5682 395 5753 Ep.
421 5692 500 5751 99,
537 5712 589 5746 ιι.
622 5695 674 5747 3.

244 5750 296 5826 (β)
423 5750 534 5824 9.63,
574 5782 626 5815 ιι.
666 5766 717 5816 5.

244 5824 271 5887 ll
293 5824 303 5887 )
325 5824 412 5883 Lib.
441 5848 495 5894 tt,
526 5850 570 5884 (κ
598 5835 681 5885 ιίϋ.

402 5946 641 6009 Ριτιιυι..
673 5949 789 6009 Gtt.
821 5946 1058 6009 ΧλιΧ.

1786 4632 1976 4686 tribuit
2008 4634 2267 4701 synodus,
2301 4646 2420 4698 qure
2445 4631 2495 4683 in
2529 4629 2660 4684 alios
2684 4645 2789 4684 non
2824 4629 3049 4683 confert.
3080 4632 3168 4683 Ait
3199 4632 3340 4685 enim

1781 4741 1882 4777 non
1924 4740 2246 4777 communem
2270 4740 2379 4776 esse
2401 4724 2629 4775 omnium
2661 4724 2965 4776 sententiam
2989 4763 3005 4787 ,
3034 4725 3121 4783 sed
3152 4740 3339 4776 unum-

1773 4831 2024 4884 quemque
2050 4815 2187 4884 quod
2209 4815 2306 4867 sibi
2330 4815 2583 4882 placuerit
2606 4817 2661 4868 id
2683 4816 2971 4879 asciscere;
3003 4816 3137 4867 unde
3166 4824 3215 4867 et
3240 4813 3344 4867 Ec-

1776 4908 1945 4962 clesia:
1975 4907 2229 4973 rituperia
2256 4918 2301 4958 et
2325 4908 2552 4974 sibiipsis
2583 4908 2830 4960 damnum
2853 4906 3137 4959 conciliant
3163 4923 3181 4960 :
3202 4904 3341 4960 Οὔτε

1777 4998 1885 5069 γὰρ
1912 4997 2063 5066 κοινὴ
2092 4996 2283 5067 γνώμη
2313 4996 2491 5049 αὐτῶν
2521 4999 2773 5081 ἁπάντων
2803 4996 3036 5063 ἐγένετο,
3067 4996 3180 5048 ἀλλ’
3214 4996 3342 5049 ἕκα-

1780 5107 1934 5152 στος,
1980 5090 2116 5157 ὅπερ
2166 5088 2231 5141 ἂν
2277 5088 2615 5159 ἐνεθυμήθη,
2672 5088 2826 5141 τοῦτο
2873 5087 3208 5157 προσέθηκεν
3251 5090 3339 5140 ἐπὶ

1851 5267 1928 5335 (1)
1972 5264 2087 5320 Lib.
2115 5281 2197 5328 nt,
2230 5265 2395 5335 ειη.

1846 5337 1918 5409 (It)
1969 5337 2049 5409 13d
2082 5353 2206 5409 ann.
2228 5334 2357 5388 564.

1842 5404 1930 5473 (Ι)
1968 5406 2040 5458 De
2065 5408 2311 5472 primatu,
2351 5422 2400 5470 p.
2430 5404 2555 5461 158.

1839 5480 1936 5550 (ιη)
1970 5477 2207 5550 _l_.ib._st1.
2240 5490 2289 5527 c.
2322 5474 2405 5550 1}.

1839 5542 1939 5621 (np
1969 5542 2306 5621 Ep._‘225,__n.
2336 5545 2389 5597 δ.

1840 5614 1926 5685 (ο)
1970 5616 2101 5668 Ibid.
2137 5632 2189 5685 tt.
2216 5614 2274 5667 5.

1842 5618 1894 5685 (0
1970 5618 2101 5668 Ibid.
2137 5632 2189 5668 ιι.

1842 5618 1917 5756 (μζ
1968 5686 2062 5756 Ep.
2098 5684 2216 5738 H9.

1827 5755 1907 5827 (ᾳ)
1966 5755 2167 5810 ιιιυτεε.
2193 5767 2345 5809 Lxxv.
