  <div class='ocr_page' id='page_1' title='image "/cluster/home/n/w/nwhite01/storage/ocr_20150623/29/hvd.32044011320256/037.png"; bbox 0 0 3992 6392; ppageno 0'>
   <div class='ocr_carea' id='block_1_1' title="bbox 585 384 692 426">
    <p class='ocr_par' dir='ltr' id='par_1_1' title="bbox 585 384 692 426">
     <span class='ocr_line' id='line_1_1' title="bbox 585 384 692 426; baseline -0.019 0"><span class='ocrx_word' id='word_1_1' title='bbox 585 384 692 426; x_wconf 70' lang='lat' dir='ltr'><strong>XXII</strong></span> 
     </span>
    </p>
   </div>
   <div class='ocr_carea' id='block_1_2' title="bbox 1923 371 2456 431">
    <p class='ocr_par' dir='ltr' id='par_1_2' title="bbox 1923 371 2456 431">
     <span class='ocr_line' id='line_1_2' title="bbox 1923 371 2456 431; baseline 0.009 -6"><span class='ocrx_word' id='word_1_2' title='bbox 1923 371 2430 431; x_wconf 79' lang='lat' dir='ltr'><strong>PROLEGOMENA</strong></span> <span class='ocrx_word' id='word_1_3' title='bbox 2445 417 2456 430; x_wconf 95' lang='lat'><strong>.</strong></span> 
     </span>
    </p>
   </div>
   <div class='ocr_carea' id='block_1_3' title="bbox 581 488 2125 563">
    <p class='ocr_par' dir='ltr' id='par_1_3' title="bbox 581 488 2117 560">
     <span class='ocr_line' id='line_1_3' title="bbox 581 488 2117 560; baseline 0.001 -16"><span class='ocrx_word' id='word_1_4' title='bbox 581 490 796 560; x_wconf 75' lang='grc' dir='ltr'>διαϐολῇ</span> <span class='ocrx_word' id='word_1_5' title='bbox 826 490 922 559; x_wconf 75' lang='grc' dir='ltr'><strong>τῆς</strong></span> <span class='ocrx_word' id='word_1_6' title='bbox 966 489 1319 559; x_wconf 76' lang='grc' dir='ltr'><strong>Ἑκκλησξας,</strong></span> <span class='ocrx_word' id='word_1_7' title='bbox 1367 490 1456 541; x_wconf 74' lang='grc' dir='ltr'>καὶ</span> <span class='ocrx_word' id='word_1_8' title='bbox 1489 488 1680 540; x_wconf 71' lang='grc' dir='ltr'>ἑαυτοῦ</span> <span class='ocrx_word' id='word_1_9' title='bbox 1719 488 1910 560; x_wconf 73' lang='grc' dir='ltr'><strong>βλάϐῃ.</strong></span> <span class='ocrx_word' id='word_1_10' title='bbox 1957 491 2009 544; x_wconf 91' lang='lat' dir='ltr'><strong>Id</strong></span> <span class='ocrx_word' id='word_1_11' title='bbox 2053 508 2117 546; x_wconf 83' lang='lat' dir='ltr'><strong>au</strong></span> 
     </span>
    </p>
   </div>
   <div class='ocr_carea' id='block_1_4' title="bbox 2232 488 3819 563">
    <p class='ocr_par' dir='ltr' id='par_1_4' title="bbox 2254 493 3819 563">
     <span class='ocr_line' id='line_1_4' title="bbox 2254 493 3819 563; baseline 0.006 -18"><span class='ocrx_word' id='word_1_12' title='bbox 2254 510 2354 546; x_wconf 89' lang='lat' dir='ltr'><strong>non</strong></span> <span class='ocrx_word' id='word_1_13' title='bbox 2387 511 2471 546; x_wconf 81' lang='lat' dir='ltr'><strong>eos</strong></span> <span class='ocrx_word' id='word_1_14' title='bbox 2517 493 2772 548; x_wconf 87' lang='lat' dir='ltr'><strong>abstinere</strong></span> <span class='ocrx_word' id='word_1_15' title='bbox 2816 497 2942 547; x_wconf 76' lang='lat' dir='ltr'><strong>dicit</strong></span> <span class='ocrx_word' id='word_1_16' title='bbox 2983 495 3308 563; x_wconf 72' lang='lat' dir='ltr'><strong>Epiphanius</strong></span> <span class='ocrx_word' id='word_1_17' title='bbox 3343 513 3361 550; x_wconf 85' lang='lat'><strong>.°</strong></span> <span class='ocrx_word' id='word_1_18' title='bbox 3397 493 3662 552; x_wconf 82' lang='lat' dir='ltr'><strong>Philaster</strong></span> <span class='ocrx_word' id='word_1_19' title='bbox 3698 514 3819 554; x_wconf 74' lang='lat' dir='ltr'><strong>vero</strong></span> 
     </span>
    </p>
   </div>
   <div class='ocr_carea' id='block_1_5' title="bbox 583 579 2143 652">
    <p class='ocr_par' dir='ltr' id='par_1_5' title="bbox 583 579 2143 652">
     <span class='ocr_line' id='line_1_5' title="bbox 583 579 2143 652; baseline 0.001 -15"><span class='ocrx_word' id='word_1_20' title='bbox 583 595 688 638; x_wconf 88' lang='lat' dir='ltr'><strong>tem</strong></span> <span class='ocrx_word' id='word_1_21' title='bbox 716 583 972 652; x_wconf 73' lang='lat' dir='ltr'><strong>przeclare</strong></span> <span class='ocrx_word' id='word_1_22' title='bbox 1015 581 1263 650; x_wconf 75' lang='lat' dir='ltr'><strong>congruit</strong></span> <span class='ocrx_word' id='word_1_23' title='bbox 1294 596 1414 636; x_wconf 92' lang='lat' dir='ltr'><strong>cum</strong></span> <span class='ocrx_word' id='word_1_24' title='bbox 1449 579 1708 636; x_wconf 75' lang='lat' dir='ltr'><strong>Eustathii</strong></span> <span class='ocrx_word' id='word_1_25' title='bbox 1740 579 2022 637; x_wconf 85' lang='lat' dir='ltr'><strong>Sebasteni</strong></span> <span class='ocrx_word' id='word_1_26' title='bbox 2063 586 2143 639; x_wconf 90' lang='lat' dir='ltr'><strong>in-</strong></span> 
     </span>
    </p>
   </div>
   <div class='ocr_carea' id='block_1_6' title="bbox 581 672 2140 744">
    <p class='ocr_par' dir='ltr' id='par_1_6' title="bbox 581 672 2140 744">
     <span class='ocr_line' id='line_1_6' title="bbox 581 672 2140 744; baseline 0 -14"><span class='ocrx_word' id='word_1_27' title='bbox 581 675 804 740; x_wconf 91' lang='lat' dir='ltr'><strong>stitutis,</strong></span> <span class='ocrx_word' id='word_1_28' title='bbox 839 674 931 744; x_wconf 91' lang='lat' dir='ltr'><strong>qui</strong></span> <span class='ocrx_word' id='word_1_29' title='bbox 959 715 974 740; x_wconf 96' lang='lat'><strong>,</strong></span> <span class='ocrx_word' id='word_1_30' title='bbox 1015 682 1072 726; x_wconf 92' lang='lat' dir='ltr'><strong>ut</strong></span> <span class='ocrx_word' id='word_1_31' title='bbox 1102 672 1239 727; x_wconf 90' lang='lat' dir='ltr'><strong>infra</strong></span> <span class='ocrx_word' id='word_1_32' title='bbox 1272 673 1591 737; x_wconf 89' lang='lat' dir='ltr'><strong>videbimus,</strong></span> <span class='ocrx_word' id='word_1_33' title='bbox 1629 689 1735 730; x_wconf 90' lang='lat' dir='ltr'><strong>non</strong></span> <span class='ocrx_word' id='word_1_34' title='bbox 1773 675 2015 730; x_wconf 70' lang='lat' dir='ltr'><strong>cmnobia</strong></span> <span class='ocrx_word' id='word_1_35' title='bbox 2051 677 2140 730; x_wconf 92' lang='lat' dir='ltr'><strong>ubi</strong></span> 
     </span>
    </p>
   </div>
   <div class='ocr_carea' id='block_1_7' title="bbox 579 766 2139 836">
    <p class='ocr_par' dir='ltr' id='par_1_7' title="bbox 579 766 2139 836">
     <span class='ocr_line' id='line_1_7' title="bbox 579 766 2139 836; baseline 0 -14"><span class='ocrx_word' id='word_1_36' title='bbox 579 782 766 822; x_wconf 81' lang='lat' dir='ltr'><strong>omnes</strong></span> <span class='ocrx_word' id='word_1_37' title='bbox 801 767 959 821; x_wconf 89' lang='lat' dir='ltr'><strong>unius</strong></span> <span class='ocrx_word' id='word_1_38' title='bbox 994 766 1263 836; x_wconf 68' lang='lat' dir='ltr'><strong>prmpositi</strong></span> <span class='ocrx_word' id='word_1_39' title='bbox 1301 774 1465 820; x_wconf 91' lang='lat' dir='ltr'><strong>nutus</strong></span> <span class='ocrx_word' id='word_1_40' title='bbox 1498 767 1808 832; x_wconf 76' lang='lat' dir='ltr'><strong>intuentur,</strong></span> <span class='ocrx_word' id='word_1_41' title='bbox 1853 769 1944 823; x_wconf 90' lang='lat' dir='ltr'><strong>sed</strong></span> <span class='ocrx_word' id='word_1_42' title='bbox 1980 769 2139 822; x_wconf 89' lang='lat' dir='ltr'><strong>aliam</strong></span> 
     </span>
    </p>
   </div>
   <div class='ocr_carea' id='block_1_8' title="bbox 577 855 2137 926">
    <p class='ocr_par' dir='ltr' id='par_1_8' title="bbox 577 855 2137 926">
     <span class='ocr_line' id='line_1_8' title="bbox 577 855 2137 926; baseline 0.002 -15"><span class='ocrx_word' id='word_1_43' title='bbox 577 858 811 926; x_wconf 91' lang='lat' dir='ltr'><strong>speciem</strong></span> <span class='ocrx_word' id='word_1_44' title='bbox 843 857 1089 911; x_wconf 75' lang='lat' dir='ltr'><strong>ascetica:</strong></span> <span class='ocrx_word' id='word_1_45' title='bbox 1123 857 1278 921; x_wconf 71' lang='lat' dir='ltr'><strong>vitae,</strong></span> <span class='ocrx_word' id='word_1_46' title='bbox 1330 857 1418 911; x_wconf 91' lang='lat' dir='ltr'><strong>ubi</strong></span> <span class='ocrx_word' id='word_1_47' title='bbox 1467 855 1638 924; x_wconf 85' lang='lat' dir='ltr'><strong>major</strong></span> <span class='ocrx_word' id='word_1_48' title='bbox 1682 858 1850 913; x_wconf 89' lang='lat' dir='ltr'><strong>multo</strong></span> <span class='ocrx_word' id='word_1_49' title='bbox 1893 858 2137 924; x_wconf 88' lang='lat' dir='ltr'><strong>libertas,</strong></span> 
     </span>
    </p>
   </div>
   <div class='ocr_carea' id='block_1_9' title="bbox 578 949 829 1005">
    <p class='ocr_par' dir='ltr' id='par_1_9' title="bbox 578 949 829 1005">
     <span class='ocr_line' id='line_1_9' title="bbox 578 949 829 1005; baseline 0.008 -2"><span class='ocrx_word' id='word_1_50' title='bbox 578 949 829 1005; x_wconf 84' lang='lat' dir='ltr'><strong>instituit.</strong></span> 
     </span>
    </p>
   </div>
   <div class='ocr_carea' id='block_1_10' title="bbox 646 1039 2139 1111">
    <p class='ocr_par' dir='ltr' id='par_1_10' title="bbox 646 1039 2139 1111">
     <span class='ocr_line' id='line_1_10' title="bbox 646 1039 2139 1111; baseline 0.001 -18"><span class='ocrx_word' id='word_1_51' title='bbox 646 1042 702 1094; x_wconf 80' lang='lat'><strong>3-</strong></span> <span class='ocrx_word' id='word_1_52' title='bbox 748 1041 802 1093; x_wconf 94' lang='lat' dir='ltr'><strong>ln</strong></span> <span class='ocrx_word' id='word_1_53' title='bbox 829 1040 1090 1094; x_wconf 85' lang='lat' dir='ltr'><strong>Eustathii</strong></span> <span class='ocrx_word' id='word_1_54' title='bbox 1131 1039 1405 1107; x_wconf 85' lang='lat' dir='ltr'><strong>discipulis</strong></span> <span class='ocrx_word' id='word_1_55' title='bbox 1443 1040 1557 1094; x_wconf 64' lang='lat' dir='ltr'><strong>btec</strong></span> <span class='ocrx_word' id='word_1_56' title='bbox 1608 1039 1952 1108; x_wconf 83' lang='lat' dir='ltr'><strong>reprehendit</strong></span> <span class='ocrx_word' id='word_1_57' title='bbox 2004 1055 2139 1111; x_wconf 89' lang='lat' dir='ltr'><strong>syn-</strong></span> 
     </span>
    </p>
   </div>
   <div class='ocr_carea' id='block_1_11' title="bbox 577 1132 2135 1201">
    <p class='ocr_par' dir='ltr' id='par_1_11' title="bbox 577 1132 2135 1201">
     <span class='ocr_line' id='line_1_11' title="bbox 577 1132 2135 1201; baseline 0 -14"><span class='ocrx_word' id='word_1_58' title='bbox 577 1135 731 1197; x_wconf 89' lang='lat' dir='ltr'><strong>odus,</strong></span> <span class='ocrx_word' id='word_1_59' title='bbox 763 1132 902 1200; x_wconf 90' lang='lat' dir='ltr'><strong>quod</strong></span> <span class='ocrx_word' id='word_1_60' title='bbox 939 1133 1153 1201; x_wconf 92' lang='lat' dir='ltr'><strong>nuptias</strong></span> <span class='ocrx_word' id='word_1_61' title='bbox 1175 1132 1564 1199; x_wconf 90' lang='lat' dir='ltr'><strong>vituperarent,</strong></span> <span class='ocrx_word' id='word_1_62' title='bbox 1595 1132 1738 1186; x_wconf 90' lang='lat' dir='ltr'><strong>viros</strong></span> <span class='ocrx_word' id='word_1_63' title='bbox 1773 1133 1839 1186; x_wconf 91' lang='lat' dir='ltr'><strong>ab</strong></span> <span class='ocrx_word' id='word_1_64' title='bbox 1857 1133 2135 1198; x_wconf 84' lang='lat' dir='ltr'><strong>uxoribus,</strong></span> 
     </span>
    </p>
   </div>
   <div class='ocr_carea' id='block_1_12' title="bbox 575 1223 2137 1286">
    <p class='ocr_par' dir='ltr' id='par_1_12' title="bbox 575 1223 2137 1286">
     <span class='ocr_line' id='line_1_12' title="bbox 575 1223 2137 1286; baseline -0.001 -7"><span class='ocrx_word' id='word_1_65' title='bbox 575 1239 771 1279; x_wconf 74' lang='lat' dir='ltr'><strong>uxmes</strong></span> <span class='ocrx_word' id='word_1_66' title='bbox 802 1239 832 1277; x_wconf 84' lang='lat' dir='ltr'><strong>a</strong></span> <span class='ocrx_word' id='word_1_67' title='bbox 864 1224 999 1277; x_wconf 89' lang='lat' dir='ltr'><strong>viris</strong></span> <span class='ocrx_word' id='word_1_68' title='bbox 1035 1223 1435 1286; x_wconf 89' lang='lat' dir='ltr'><strong>abstraherent,</strong></span> <span class='ocrx_word' id='word_1_69' title='bbox 1466 1224 1608 1276; x_wconf 89' lang='lat' dir='ltr'><strong>unde</strong></span> <span class='ocrx_word' id='word_1_70' title='bbox 1637 1223 1899 1277; x_wconf 90' lang='lat' dir='ltr'><strong>adulteria</strong></span> <span class='ocrx_word' id='word_1_71' title='bbox 1929 1240 1958 1277; x_wconf 88' lang='lat' dir='ltr'><strong>a</strong></span> <span class='ocrx_word' id='word_1_72' title='bbox 1999 1239 2137 1278; x_wconf 87' lang='lat' dir='ltr'><strong>non-</strong></span> 
     </span>
    </p>
   </div>
   <div class='ocr_carea' id='block_1_13' title="bbox 572 1313 2137 1383">
    <p class='ocr_par' dir='ltr' id='par_1_13' title="bbox 572 1313 2137 1383">
     <span class='ocr_line' id='line_1_13' title="bbox 572 1313 2137 1383; baseline -0.002 -11"><span class='ocrx_word' id='word_1_73' title='bbox 572 1319 736 1373; x_wconf 91' lang='lat' dir='ltr'><strong>nullis</strong></span> <span class='ocrx_word' id='word_1_74' title='bbox 779 1317 1066 1372; x_wconf 90' lang='lat' dir='ltr'><strong>commissa</strong></span> <span class='ocrx_word' id='word_1_75' title='bbox 1103 1333 1115 1368; x_wconf 90' lang='lat'><strong>:</strong></span> <span class='ocrx_word' id='word_1_76' title='bbox 1157 1316 1300 1383; x_wconf 90' lang='lat' dir='ltr'><strong>quod</strong></span> <span class='ocrx_word' id='word_1_77' title='bbox 1341 1313 1431 1367; x_wconf 86' lang='lat' dir='ltr'><strong>Dei</strong></span> <span class='ocrx_word' id='word_1_78' title='bbox 1491 1313 1678 1367; x_wconf 91' lang='lat' dir='ltr'><strong>domos</strong></span> <span class='ocrx_word' id='word_1_79' title='bbox 1729 1324 2137 1369; x_wconf 84' lang='lat' dir='ltr'><strong>contemnerent</strong></span> 
     </span>
    </p>
   </div>
   <div class='ocr_carea' id='block_1_14' title="bbox 574 1403 2137 1478">
    <p class='ocr_par' dir='ltr' id='par_1_14' title="bbox 574 1403 2137 1478">
     <span class='ocr_line' id='line_1_14' title="bbox 574 1403 2137 1478; baseline -0.002 -15"><span class='ocrx_word' id='word_1_80' title='bbox 574 1419 629 1463; x_wconf 91' lang='lat' dir='ltr'><strong>et</strong></span> <span class='ocrx_word' id='word_1_81' title='bbox 657 1410 898 1478; x_wconf 87' lang='lat' dir='ltr'><strong>privatos</strong></span> <span class='ocrx_word' id='word_1_82' title='bbox 931 1414 1228 1462; x_wconf 91' lang='lat' dir='ltr'><strong>conventus</strong></span> <span class='ocrx_word' id='word_1_83' title='bbox 1250 1403 1537 1467; x_wconf 87' lang='lat' dir='ltr'><strong>haberent,</strong></span> <span class='ocrx_word' id='word_1_84' title='bbox 1557 1403 1856 1459; x_wconf 83' lang='lat' dir='ltr'><strong>oblationes</strong></span> <span class='ocrx_word' id='word_1_85' title='bbox 1886 1406 1939 1458; x_wconf 92' lang='lat' dir='ltr'><strong>in</strong></span> <span class='ocrx_word' id='word_1_86' title='bbox 1971 1405 2137 1461; x_wconf 85' lang='lat' dir='ltr'><strong>eccle-</strong></span> 
     </span>
    </p>
   </div>
   <div class='ocr_carea' id='block_1_15' title="bbox 571 1496 2134 1560">
    <p class='ocr_par' dir='ltr' id='par_1_15' title="bbox 571 1496 2134 1560">
     <span class='ocr_line' id='line_1_15' title="bbox 571 1496 2134 1560; baseline -0.003 -5"><span class='ocrx_word' id='word_1_87' title='bbox 571 1502 666 1555; x_wconf 87' lang='lat' dir='ltr'><strong>siis</strong></span> <span class='ocrx_word' id='word_1_88' title='bbox 699 1501 812 1555; x_wconf 88' lang='lat' dir='ltr'><strong>fieri</strong></span> <span class='ocrx_word' id='word_1_89' title='bbox 853 1499 1044 1554; x_wconf 89' lang='lat' dir='ltr'><strong>solitas</strong></span> <span class='ocrx_word' id='word_1_90' title='bbox 1079 1498 1178 1552; x_wconf 88' lang='lat' dir='ltr'><strong>sibi</strong></span> <span class='ocrx_word' id='word_1_91' title='bbox 1219 1506 1274 1551; x_wconf 90' lang='lat' dir='ltr'><strong>et</strong></span> <span class='ocrx_word' id='word_1_92' title='bbox 1301 1497 1435 1560; x_wconf 85' lang='lat' dir='ltr'><strong>suis,</strong></span> <span class='ocrx_word' id='word_1_93' title='bbox 1479 1504 1536 1550; x_wconf 92' lang='lat' dir='ltr'><strong>ut</strong></span> <span class='ocrx_word' id='word_1_94' title='bbox 1559 1496 1922 1552; x_wconf 88' lang='lat' dir='ltr'><strong>sanctioribus</strong></span> <span class='ocrx_word' id='word_1_95' title='bbox 1952 1497 2134 1552; x_wconf 80' lang='lat' dir='ltr'><strong>vindi-</strong></span> 
     </span>
    </p>
   </div>
   <div class='ocr_carea' id='block_1_16' title="bbox 570 1587 2131 1659">
    <p class='ocr_par' dir='ltr' id='par_1_16' title="bbox 570 1587 2131 1659">
     <span class='ocr_line' id='line_1_16' title="bbox 570 1587 2131 1659; baseline -0.002 -14"><span class='ocrx_word' id='word_1_96' title='bbox 570 1601 767 1645; x_wconf 85' lang='lat' dir='ltr'><strong>carent</strong></span> <span class='ocrx_word' id='word_1_97' title='bbox 800 1608 813 1644; x_wconf 89' lang='lat'><strong>:</strong></span> <span class='ocrx_word' id='word_1_98' title='bbox 846 1589 988 1659; x_wconf 91' lang='lat' dir='ltr'><strong>quod</strong></span> <span class='ocrx_word' id='word_1_99' title='bbox 1016 1588 1291 1643; x_wconf 90' lang='lat' dir='ltr'><strong>insolitum</strong></span> <span class='ocrx_word' id='word_1_100' title='bbox 1320 1587 1628 1642; x_wconf 83' lang='lat' dir='ltr'><strong>vestimenti</strong></span> <span class='ocrx_word' id='word_1_101' title='bbox 1660 1603 1826 1657; x_wconf 83' lang='lat' dir='ltr'><strong>genus</strong></span> <span class='ocrx_word' id='word_1_102' title='bbox 1841 1597 2131 1658; x_wconf 74' lang='lat' dir='ltr'><strong>gestarent,</strong></span> 
     </span>
    </p>
   </div>
   <div class='ocr_carea' id='block_1_17' title="bbox 569 1679 2132 1747">
    <p class='ocr_par' dir='ltr' id='par_1_17' title="bbox 569 1679 2132 1747">
     <span class='ocr_line' id='line_1_17' title="bbox 569 1679 2132 1747; baseline -0.001 -11"><span class='ocrx_word' id='word_1_103' title='bbox 569 1681 826 1736; x_wconf 86' lang='lat' dir='ltr'><strong>mulieres</strong></span> <span class='ocrx_word' id='word_1_104' title='bbox 857 1680 996 1734; x_wconf 83' lang='lat' dir='ltr'><strong>virili</strong></span> <span class='ocrx_word' id='word_1_105' title='bbox 1029 1689 1177 1734; x_wconf 90' lang='lat' dir='ltr'><strong>veste</strong></span> <span class='ocrx_word' id='word_1_106' title='bbox 1208 1679 1521 1744; x_wconf 90' lang='lat' dir='ltr'><strong>induerent,</strong></span> <span class='ocrx_word' id='word_1_107' title='bbox 1560 1679 1795 1747; x_wconf 81' lang='lat' dir='ltr'><strong>virgines</strong></span> <span class='ocrx_word' id='word_1_108' title='bbox 1825 1681 2132 1746; x_wconf 89' lang='lat' dir='ltr'><strong>tonderent,</strong></span> 
     </span>
    </p>
   </div>
   <div class='ocr_carea' id='block_1_18' title="bbox 567 1767 2132 1836">
    <p class='ocr_par' dir='ltr' id='par_1_18' title="bbox 567 1767 2132 1836">
     <span class='ocr_line' id='line_1_18' title="bbox 567 1767 2132 1836; baseline -0.002 -11"><span class='ocrx_word' id='word_1_109' title='bbox 567 1786 753 1825; x_wconf 85' lang='lat' dir='ltr'><strong>servos</strong></span> <span class='ocrx_word' id='word_1_110' title='bbox 796 1787 825 1824; x_wconf 90' lang='lat' dir='ltr'><strong>a</strong></span> <span class='ocrx_word' id='word_1_111' title='bbox 864 1769 1097 1824; x_wconf 91' lang='lat' dir='ltr'><strong>dominis</strong></span> <span class='ocrx_word' id='word_1_112' title='bbox 1119 1767 1459 1824; x_wconf 73' lang='lat' dir='ltr'><strong>abducerent</strong></span> <span class='ocrx_word' id='word_1_113' title='bbox 1491 1783 1506 1820; x_wconf 86' lang='lat'><strong>:</strong></span> <span class='ocrx_word' id='word_1_114' title='bbox 1541 1768 1682 1836; x_wconf 90' lang='lat' dir='ltr'><strong>quod</strong></span> <span class='ocrx_word' id='word_1_115' title='bbox 1733 1767 1820 1822; x_wconf 89' lang='lat' dir='ltr'><strong>die</strong></span> <span class='ocrx_word' id='word_1_116' title='bbox 1852 1767 2132 1823; x_wconf 89' lang='lat' dir='ltr'><strong>Dominico</strong></span> 
     </span>
    </p>
   </div>
   <div class='ocr_carea' id='block_1_19' title="bbox 2252 585 3185 641">
    <p class='ocr_par' dir='ltr' id='par_1_19' title="bbox 2252 585 3185 641">
     <span class='ocr_line' id='line_1_19' title="bbox 2252 585 3185 641; baseline 0.004 -4"><span class='ocrx_word' id='word_1_117' title='bbox 2252 595 2298 637; x_wconf 87' lang='lat' dir='ltr'><strong>et</strong></span> <span class='ocrx_word' id='word_1_118' title='bbox 2328 585 2463 636; x_wconf 65' lang='lat' dir='ltr'><strong>Italic</strong></span> <span class='ocrx_word' id='word_1_119' title='bbox 2480 586 2553 638; x_wconf 88' lang='lat' dir='ltr'><strong>eis</strong></span> <span class='ocrx_word' id='word_1_120' title='bbox 2588 587 2769 638; x_wconf 88' lang='lat' dir='ltr'><strong>tribuit</strong></span> <span class='ocrx_word' id='word_1_121' title='bbox 2799 588 3185 641; x_wconf 78' lang='lat' dir='ltr'><strong>abstinentiam.</strong></span> 
     </span>
    </p>
   </div>
   <div class='ocr_carea' id='block_1_20' title="bbox 2321 719 3817 797">
    <p class='ocr_par' dir='ltr' id='par_1_20' title="bbox 2321 719 3817 797">
     <span class='ocr_line' id='line_1_20' title="bbox 2321 719 3817 797; baseline 0.007 -23"><span class='ocrx_word' id='word_1_122' title='bbox 2321 719 2452 774; x_wconf 90' lang='lat' dir='ltr'><strong>Cum</strong></span> <span class='ocrx_word' id='word_1_123' title='bbox 2477 737 2605 791; x_wconf 73' lang='lat' dir='ltr'><strong>ergo</strong></span> <span class='ocrx_word' id='word_1_124' title='bbox 2641 722 2771 776; x_wconf 85' lang='lat' dir='ltr'><strong>nihil</strong></span> <span class='ocrx_word' id='word_1_125' title='bbox 2795 721 2908 777; x_wconf 87' lang='lat' dir='ltr'><strong>fere</strong></span> <span class='ocrx_word' id='word_1_126' title='bbox 2942 725 2992 776; x_wconf 93' lang='lat' dir='ltr'><strong>in</strong></span> <span class='ocrx_word' id='word_1_127' title='bbox 3023 724 3287 779; x_wconf 79' lang='lat' dir='ltr'><strong>Eustatliii</strong></span> <span class='ocrx_word' id='word_1_128' title='bbox 3319 726 3592 796; x_wconf 85' lang='lat' dir='ltr'><strong>discipulis</strong></span> <span class='ocrx_word' id='word_1_129' title='bbox 3625 741 3817 797; x_wconf 83' lang='lat' dir='ltr'><strong>repre-</strong></span> 
     </span>
    </p>
   </div>
   <div class='ocr_carea' id='block_1_21' title="bbox 2250 811 3812 888">
    <p class='ocr_par' dir='ltr' id='par_1_21' title="bbox 2250 811 3812 888">
     <span class='ocr_line' id='line_1_21' title="bbox 2250 811 3812 888; baseline 0.006 -24"><span class='ocrx_word' id='word_1_130' title='bbox 2250 811 2446 864; x_wconf 90' lang='lat' dir='ltr'><strong>hendat</strong></span> <span class='ocrx_word' id='word_1_131' title='bbox 2486 815 2720 884; x_wconf 87' lang='lat' dir='ltr'><strong>synodus</strong></span> <span class='ocrx_word' id='word_1_132' title='bbox 2747 813 3076 882; x_wconf 75' lang='lat' dir='ltr'><strong>Gangreusis</strong></span> <span class='ocrx_word' id='word_1_133' title='bbox 3105 857 3118 880; x_wconf 95' lang='lat'><strong>,</strong></span> <span class='ocrx_word' id='word_1_134' title='bbox 3159 818 3300 885; x_wconf 91' lang='lat' dir='ltr'><strong>quod</strong></span> <span class='ocrx_word' id='word_1_135' title='bbox 3353 834 3457 872; x_wconf 88' lang='lat' dir='ltr'><strong>non</strong></span> <span class='ocrx_word' id='word_1_136' title='bbox 3504 819 3705 888; x_wconf 89' lang='lat' dir='ltr'><strong>pariter</strong></span> <span class='ocrx_word' id='word_1_137' title='bbox 3755 819 3812 874; x_wconf 91' lang='lat' dir='ltr'><strong>in</strong></span> 
     </span>
    </p>
   </div>
   <div class='ocr_carea' id='block_1_22' title="bbox 2247 900 3812 974">
    <p class='ocr_par' dir='ltr' id='par_1_22' title="bbox 2247 900 3812 974">
     <span class='ocr_line' id='line_1_22' title="bbox 2247 900 3812 974; baseline 0.004 -22"><span class='ocrx_word' id='word_1_138' title='bbox 2247 900 2407 954; x_wconf 80' lang='lat' dir='ltr'><strong>Aerio</strong></span> <span class='ocrx_word' id='word_1_139' title='bbox 2457 900 2721 956; x_wconf 86' lang='lat' dir='ltr'><strong>Eustatbii</strong></span> <span class='ocrx_word' id='word_1_140' title='bbox 2777 901 3057 956; x_wconf 86' lang='lat' dir='ltr'><strong>Sebasteni</strong></span> <span class='ocrx_word' id='word_1_141' title='bbox 3125 905 3384 972; x_wconf 87' lang='lat' dir='ltr'><strong>discipulo</strong></span> <span class='ocrx_word' id='word_1_142' title='bbox 3433 907 3812 974; x_wconf 86' lang='lat' dir='ltr'><strong>reprehensum</strong></span> 
     </span>
    </p>
   </div>
   <div class='ocr_carea' id='block_1_23' title="bbox 2247 987 3815 1069">
    <p class='ocr_par' dir='ltr' id='par_1_23' title="bbox 2247 987 3815 1069">
     <span class='ocr_line' id='line_1_23' title="bbox 2247 987 3815 1069; baseline 0.006 -27"><span class='ocrx_word' id='word_1_143' title='bbox 2247 987 2442 1054; x_wconf 87' lang='lat' dir='ltr'><strong>fuerit,</strong></span> <span class='ocrx_word' id='word_1_144' title='bbox 2483 990 2697 1045; x_wconf 82' lang='lat' dir='ltr'><strong>diﬁicile</strong></span> <span class='ocrx_word' id='word_1_145' title='bbox 2725 1002 2808 1046; x_wconf 90' lang='lat' dir='ltr'><strong>est</strong></span> <span class='ocrx_word' id='word_1_146' title='bbox 2842 993 3152 1047; x_wconf 80' lang='lat' dir='ltr'><strong>existimare</strong></span> <span class='ocrx_word' id='word_1_147' title='bbox 3176 994 3520 1069; x_wconf 76' lang='lat' dir='ltr'><strong>Eustathium</strong></span> <span class='ocrx_word' id='word_1_148' title='bbox 3544 1035 3561 1060; x_wconf 97' lang='lat'><strong>,</strong></span> <span class='ocrx_word' id='word_1_149' title='bbox 3609 997 3674 1050; x_wconf 90' lang='lat' dir='ltr'><strong>dc</strong></span> <span class='ocrx_word' id='word_1_150' title='bbox 3703 1011 3815 1066; x_wconf 91' lang='lat' dir='ltr'><strong>quo</strong></span> 
     </span>
    </p>
   </div>
   <div class='ocr_carea' id='block_1_24' title="bbox 2247 1080 3816 1153">
    <p class='ocr_par' dir='ltr' id='par_1_24' title="bbox 2247 1080 3816 1153">
     <span class='ocr_line' id='line_1_24' title="bbox 2247 1080 3816 1153; baseline 0.004 -20"><span class='ocrx_word' id='word_1_151' title='bbox 2247 1080 2485 1148; x_wconf 83' lang='lat' dir='ltr'><strong>synodus</strong></span> <span class='ocrx_word' id='word_1_152' title='bbox 2522 1080 2777 1150; x_wconf 87' lang='lat' dir='ltr'><strong>loquitur,</strong></span> <span class='ocrx_word' id='word_1_153' title='bbox 2814 1096 2918 1135; x_wconf 92' lang='lat' dir='ltr'><strong>non</strong></span> <span class='ocrx_word' id='word_1_154' title='bbox 2968 1081 3131 1136; x_wconf 83' lang='lat' dir='ltr'><strong>fuisse</strong></span> <span class='ocrx_word' id='word_1_155' title='bbox 3158 1083 3303 1136; x_wconf 80' lang='lat' dir='ltr'><strong>Aerii</strong></span> <span class='ocrx_word' id='word_1_156' title='bbox 3337 1086 3672 1153; x_wconf 82' lang='lat' dir='ltr'><strong>magistrum.</strong></span> <span class='ocrx_word' id='word_1_157' title='bbox 3718 1087 3816 1139; x_wconf 76' lang='lat' dir='ltr'><strong>AI-</strong></span> 
     </span>
    </p>
   </div>
   <div class='ocr_carea' id='block_1_25' title="bbox 2244 1171 3816 1242">
    <p class='ocr_par' dir='ltr' id='par_1_25' title="bbox 2244 1171 3816 1242">
     <span class='ocr_line' id='line_1_25' title="bbox 2244 1171 3816 1242; baseline 0.005 -19"><span class='ocrx_word' id='word_1_158' title='bbox 2244 1185 2349 1239; x_wconf 90' lang='lat' dir='ltr'><strong>que</strong></span> <span class='ocrx_word' id='word_1_159' title='bbox 2377 1171 2500 1225; x_wconf 87' lang='lat' dir='ltr'><strong>hinc</strong></span> <span class='ocrx_word' id='word_1_160' title='bbox 2525 1173 2688 1226; x_wconf 88' lang='lat' dir='ltr'><strong>etiam</strong></span> <span class='ocrx_word' id='word_1_161' title='bbox 2718 1182 2868 1242; x_wconf 88' lang='lat' dir='ltr'><strong>patet</strong></span> <span class='ocrx_word' id='word_1_162' title='bbox 2900 1174 3167 1227; x_wconf 89' lang='lat' dir='ltr'><strong>immerito</strong></span> <span class='ocrx_word' id='word_1_163' title='bbox 3193 1173 3582 1229; x_wconf 88' lang='lat' dir='ltr'><strong>Tillemontium</strong></span> <span class='ocrx_word' id='word_1_164' title='bbox 3622 1177 3816 1231; x_wconf 82' lang='lat' dir='ltr'><strong>existi-</strong></span> 
     </span>
    </p>
   </div>
   <div class='ocr_carea' id='block_1_26' title="bbox 2245 1264 3811 1332">
    <p class='ocr_par' dir='ltr' id='par_1_26' title="bbox 2245 1264 3811 1332">
     <span class='ocr_line' id='line_1_26' title="bbox 2245 1264 3811 1332; baseline 0.004 -17"><span class='ocrx_word' id='word_1_165' title='bbox 2245 1277 2393 1316; x_wconf 86' lang='lat' dir='ltr'><strong>mare</strong></span> <span class='ocrx_word' id='word_1_166' title='bbox 2436 1264 2573 1319; x_wconf 80' lang='lat' dir='ltr'><strong>lianc</strong></span> <span class='ocrx_word' id='word_1_167' title='bbox 2605 1273 2808 1319; x_wconf 85' lang='lat' dir='ltr'><strong>sectam</strong></span> <span class='ocrx_word' id='word_1_168' title='bbox 2845 1265 2953 1320; x_wconf 91' lang='lat' dir='ltr'><strong>cito</strong></span> <span class='ocrx_word' id='word_1_169' title='bbox 2981 1267 3302 1321; x_wconf 79' lang='lat' dir='ltr'><strong>exstinctam</strong></span> <span class='ocrx_word' id='word_1_170' title='bbox 3344 1267 3536 1332; x_wconf 86' lang='lat' dir='ltr'><strong>fuisse,</strong></span> <span class='ocrx_word' id='word_1_171' title='bbox 3589 1283 3687 1322; x_wconf 91' lang='lat' dir='ltr'><strong>nec</strong></span> <span class='ocrx_word' id='word_1_172' title='bbox 3722 1269 3811 1322; x_wconf 77' lang='lat' dir='ltr'><strong>ul-</strong></span> 
     </span>
    </p>
   </div>
   <div class='ocr_carea' id='block_1_27' title="bbox 2244 1351 3812 1426">
    <p class='ocr_par' dir='ltr' id='par_1_27' title="bbox 2244 1351 3812 1426">
     <span class='ocr_line' id='line_1_27' title="bbox 2244 1351 3812 1426; baseline 0.004 -22"><span class='ocrx_word' id='word_1_173' title='bbox 2244 1351 2348 1404; x_wconf 89' lang='lat' dir='ltr'><strong>lam</strong></span> <span class='ocrx_word' id='word_1_174' title='bbox 2382 1353 2447 1406; x_wconf 91' lang='lat' dir='ltr'><strong>de</strong></span> <span class='ocrx_word' id='word_1_175' title='bbox 2490 1353 2577 1406; x_wconf 91' lang='lat' dir='ltr'><strong>illa</strong></span> <span class='ocrx_word' id='word_1_176' title='bbox 2612 1365 2732 1422; x_wconf 90' lang='lat' dir='ltr'><strong>post</strong></span> <span class='ocrx_word' id='word_1_177' title='bbox 2775 1357 3037 1426; x_wconf 87' lang='lat' dir='ltr'><strong>synodum</strong></span> <span class='ocrx_word' id='word_1_178' title='bbox 3063 1355 3426 1425; x_wconf 78' lang='lat' dir='ltr'><strong>Gangrensem</strong></span> <span class='ocrx_word' id='word_1_179' title='bbox 3476 1357 3526 1411; x_wconf 92' lang='lat' dir='ltr'><strong>in</strong></span> <span class='ocrx_word' id='word_1_180' title='bbox 3571 1358 3812 1412; x_wconf 72' lang='lat' dir='ltr'><strong>historia:</strong></span> 
     </span>
    </p>
   </div>
   <div class='ocr_carea' id='block_1_28' title="bbox 2243 1446 3812 1504">
    <p class='ocr_par' dir='ltr' id='par_1_28' title="bbox 2243 1446 3812 1504">
     <span class='ocr_line' id='line_1_28' title="bbox 2243 1446 3812 1504; baseline 0.006 -10"><span class='ocrx_word' id='word_1_181' title='bbox 2243 1446 2603 1498; x_wconf 86' lang='lat' dir='ltr'><strong>monumentis</strong></span> <span class='ocrx_word' id='word_1_182' title='bbox 2644 1447 2965 1501; x_wconf 85' lang='lat' dir='ltr'><strong>mentionem</strong></span> <span class='ocrx_word' id='word_1_183' title='bbox 3017 1462 3319 1502; x_wconf 89' lang='lat' dir='ltr'><strong>occurrere.</strong></span> <span class='ocrx_word' id='word_1_184' title='bbox 3366 1448 3477 1502; x_wconf 88' lang='lat' dir='ltr'><strong>Etsi</strong></span> <span class='ocrx_word' id='word_1_185' title='bbox 3525 1450 3668 1502; x_wconf 81' lang='lat' dir='ltr'><strong>enin:</strong></span> <span class='ocrx_word' id='word_1_186' title='bbox 3709 1450 3812 1504; x_wconf 90' lang='lat' dir='ltr'><strong>sub</strong></span> 
     </span>
    </p>
   </div>
   <div class='ocr_carea' id='block_1_29' title="bbox 2247 1535 3810 1609">
    <p class='ocr_par' dir='ltr' id='par_1_29' title="bbox 2247 1535 3810 1609">
     <span class='ocr_line' id='line_1_29' title="bbox 2247 1535 3810 1609; baseline 0.004 -21"><span class='ocrx_word' id='word_1_187' title='bbox 2247 1535 2512 1591; x_wconf 88' lang='lat' dir='ltr'><strong>Eustathii</strong></span> <span class='ocrx_word' id='word_1_188' title='bbox 2549 1539 2765 1594; x_wconf 88' lang='lat' dir='ltr'><strong>nomine</strong></span> <span class='ocrx_word' id='word_1_189' title='bbox 2811 1541 3020 1608; x_wconf 81' lang='lat' dir='ltr'><strong>c0gnita</strong></span> <span class='ocrx_word' id='word_1_190' title='bbox 3061 1557 3164 1594; x_wconf 86' lang='lat' dir='ltr'><strong>non</strong></span> <span class='ocrx_word' id='word_1_191' title='bbox 3207 1540 3307 1594; x_wconf 89' lang='lat' dir='ltr'><strong>fuit</strong></span> <span class='ocrx_word' id='word_1_192' title='bbox 3339 1540 3665 1609; x_wconf 88' lang='lat' dir='ltr'><strong>Epiphanio,</strong></span> <span class='ocrx_word' id='word_1_193' title='bbox 3692 1539 3810 1596; x_wconf 76' lang='lat' dir='ltr'><strong>Au-</strong></span> 
     </span>
    </p>
   </div>
   <div class='ocr_carea' id='block_1_30' title="bbox 2241 1626 3810 1701">
    <p class='ocr_par' dir='ltr' id='par_1_30' title="bbox 2241 1626 3810 1701">
     <span class='ocr_line' id='line_1_30' title="bbox 2241 1626 3810 1701; baseline 0.007 -24"><span class='ocrx_word' id='word_1_194' title='bbox 2241 1627 2454 1696; x_wconf 79' lang='lat' dir='ltr'><strong>gustino</strong></span> <span class='ocrx_word' id='word_1_195' title='bbox 2489 1637 2542 1681; x_wconf 91' lang='lat' dir='ltr'><strong>et</strong></span> <span class='ocrx_word' id='word_1_196' title='bbox 2569 1626 2856 1683; x_wconf 78' lang='lat' dir='ltr'><strong>Pliilastrio</strong></span> <span class='ocrx_word' id='word_1_197' title='bbox 2881 1670 2894 1694; x_wconf 94' lang='lat'><strong>,</strong></span> <span class='ocrx_word' id='word_1_198' title='bbox 2927 1640 3074 1684; x_wconf 90' lang='lat' dir='ltr'><strong>certe</strong></span> <span class='ocrx_word' id='word_1_199' title='bbox 3109 1631 3175 1683; x_wconf 88' lang='lat' dir='ltr'><strong>ab</strong></span> <span class='ocrx_word' id='word_1_200' title='bbox 3206 1631 3320 1697; x_wconf 82' lang='lat' dir='ltr'><strong>ejus</strong></span> <span class='ocrx_word' id='word_1_201' title='bbox 3359 1633 3622 1701; x_wconf 88' lang='lat' dir='ltr'><strong>discipulo</strong></span> <span class='ocrx_word' id='word_1_202' title='bbox 3645 1633 3810 1689; x_wconf 86' lang='lat' dir='ltr'><strong>Aerio</strong></span> 
     </span>
    </p>
   </div>
   <div class='ocr_carea' id='block_1_31' title="bbox 2241 1716 3277 1787">
    <p class='ocr_par' dir='ltr' id='par_1_31' title="bbox 2241 1716 3277 1787">
     <span class='ocr_line' id='line_1_31' title="bbox 2241 1716 3277 1787; baseline 0.003 -20"><span class='ocrx_word' id='word_1_203' title='bbox 2241 1717 2438 1768; x_wconf 88' lang='lat' dir='ltr'><strong>famam</strong></span> <span class='ocrx_word' id='word_1_204' title='bbox 2470 1716 2703 1787; x_wconf 82' lang='lat' dir='ltr'><strong>aliquam</strong></span> <span class='ocrx_word' id='word_1_205' title='bbox 2734 1726 2787 1773; x_wconf 87' lang='lat' dir='ltr'><strong>et</strong></span> <span class='ocrx_word' id='word_1_206' title='bbox 2820 1733 3010 1773; x_wconf 91' lang='lat' dir='ltr'><strong>nomen</strong></span> <span class='ocrx_word' id='word_1_207' title='bbox 3053 1719 3277 1787; x_wconf 91' lang='lat' dir='ltr'><strong>accepit.</strong></span> 
     </span>
    </p>
   </div>
   <div class='ocr_carea' id='block_1_32' title="bbox 560 1853 3809 1932">
    <p class='ocr_par' dir='ltr' id='par_1_32' title="bbox 560 1853 3809 1932">
     <span class='ocr_line' id='line_1_32' title="bbox 560 1853 3809 1932; baseline -0.003 -14"><span class='ocrx_word' id='word_1_208' title='bbox 560 1864 891 1932; x_wconf 84' lang='lat' dir='ltr'><strong>jejunarent,</strong></span> <span class='ocrx_word' id='word_1_209' title='bbox 936 1870 991 1915; x_wconf 92' lang='lat' dir='ltr'><strong>et</strong></span> <span class='ocrx_word' id='word_1_210' title='bbox 1031 1859 1235 1929; x_wconf 85' lang='lat' dir='ltr'><strong>jejunia</strong></span> <span class='ocrx_word' id='word_1_211' title='bbox 1283 1860 1334 1914; x_wconf 92' lang='lat' dir='ltr'><strong>in</strong></span> <span class='ocrx_word' id='word_1_212' title='bbox 1368 1859 1611 1915; x_wconf 87' lang='lat' dir='ltr'><strong>ecclesiis</strong></span> <span class='ocrx_word' id='word_1_213' title='bbox 1648 1859 1961 1929; x_wconf 59' lang='lat' dir='ltr'><strong>prascripta</strong></span> <span class='ocrx_word' id='word_1_214' title='bbox 1993 1874 2123 1915; x_wconf 87' lang='lat' dir='ltr'><strong>con-</strong></span> <span class='ocrx_word' id='word_1_215' title='bbox 2159 1859 2202 1912; x_wconf 87' lang='grc' dir='ltr'><strong>Β</strong></span> <span class='ocrx_word' id='word_1_216' title='bbox 2301 1853 2568 1909; x_wconf 88' lang='lat' dir='ltr'><strong>Eustathii</strong></span> <span class='ocrx_word' id='word_1_217' title='bbox 2601 1853 2880 1910; x_wconf 89' lang='lat' dir='ltr'><strong>Sebasteni</strong></span> <span class='ocrx_word' id='word_1_218' title='bbox 2926 1854 3216 1922; x_wconf 85' lang='lat' dir='ltr'><strong>discipulos</strong></span> <span class='ocrx_word' id='word_1_219' title='bbox 3260 1855 3344 1909; x_wconf 87' lang='lat' dir='ltr'><strong>his</strong></span> <span class='ocrx_word' id='word_1_220' title='bbox 3394 1855 3688 1909; x_wconf 88' lang='lat' dir='ltr'><strong>canonibus</strong></span> <span class='ocrx_word' id='word_1_221' title='bbox 3728 1854 3809 1908; x_wconf 87' lang='lat' dir='ltr'><strong>lo-</strong></span> 
     </span>
    </p>
   </div>
   <div class='ocr_carea' id='block_1_33' title="bbox 572 1951 2125 2023">
    <p class='ocr_par' dir='ltr' id='par_1_33' title="bbox 572 1951 2125 2023">
     <span class='ocr_line' id='line_1_33' title="bbox 572 1951 2125 2023; baseline 0 -15"><span class='ocrx_word' id='word_1_222' title='bbox 572 1963 872 2009; x_wconf 85' lang='lat' dir='ltr'><strong>temnerent</strong></span> <span class='ocrx_word' id='word_1_223' title='bbox 914 1967 930 2008; x_wconf 88' lang='lat'><strong>:</strong></span> <span class='ocrx_word' id='word_1_224' title='bbox 968 1954 1110 2023; x_wconf 92' lang='lat' dir='ltr'><strong>quod</strong></span> <span class='ocrx_word' id='word_1_225' title='bbox 1159 1952 1400 2008; x_wconf 88' lang='lat' dir='ltr'><strong>nonnulli</strong></span> <span class='ocrx_word' id='word_1_226' title='bbox 1439 1965 1624 2007; x_wconf 90' lang='lat' dir='ltr'><strong>eorum</strong></span> <span class='ocrx_word' id='word_1_227' title='bbox 1665 1951 1909 2005; x_wconf 89' lang='lat' dir='ltr'><strong>carnium</strong></span> <span class='ocrx_word' id='word_1_228' title='bbox 1949 1968 2125 2020; x_wconf 92' lang='lat' dir='ltr'><strong>usum,</strong></span> 
     </span>
    </p>
   </div>
   <div class='ocr_carea' id='block_1_34' title="bbox 567 2046 2126 2117">
    <p class='ocr_par' dir='ltr' id='par_1_34' title="bbox 567 2046 2126 2117">
     <span class='ocr_line' id='line_1_34' title="bbox 567 2046 2126 2117; baseline 0.001 -17"><span class='ocrx_word' id='word_1_229' title='bbox 567 2057 622 2100; x_wconf 89' lang='lat' dir='ltr'><strong>ul</strong></span> <span class='ocrx_word' id='word_1_230' title='bbox 654 2046 1022 2117; x_wconf 74' lang='lat' dir='ltr'><strong>illegitimum,</strong></span> <span class='ocrx_word' id='word_1_231' title='bbox 1075 2054 1491 2110; x_wconf 86' lang='lat' dir='ltr'><strong>aversarentur,</strong></span> <span class='ocrx_word' id='word_1_232' title='bbox 1529 2059 1585 2103; x_wconf 91' lang='lat' dir='ltr'><strong>et</strong></span> <span class='ocrx_word' id='word_1_233' title='bbox 1630 2051 1686 2104; x_wconf 93' lang='lat' dir='ltr'><strong>in</strong></span> <span class='ocrx_word' id='word_1_234' title='bbox 1722 2050 1969 2105; x_wconf 85' lang='lat' dir='ltr'><strong>domibus</strong></span> <span class='ocrx_word' id='word_1_235' title='bbox 1999 2064 2126 2105; x_wconf 89' lang='lat' dir='ltr'><strong>con-</strong></span> 
     </span>
    </p>
   </div>
   <div class='ocr_carea' id='block_1_35' title="bbox 557 2137 2126 2207">
    <p class='ocr_par' dir='ltr' id='par_1_35' title="bbox 557 2137 2126 2207">
     <span class='ocr_line' id='line_1_35' title="bbox 557 2137 2126 2207; baseline 0.003 -17"><span class='ocrx_word' id='word_1_236' title='bbox 557 2139 867 2207; x_wconf 79' lang='lat' dir='ltr'><strong>jngatorum</strong></span> <span class='ocrx_word' id='word_1_237' title='bbox 894 2153 962 2192; x_wconf 94' lang='lat' dir='ltr'><strong>ne</strong></span> <span class='ocrx_word' id='word_1_238' title='bbox 998 2152 1186 2207; x_wconf 90' lang='lat' dir='ltr'><strong>preces</strong></span> <span class='ocrx_word' id='word_1_239' title='bbox 1211 2137 1426 2206; x_wconf 90' lang='lat' dir='ltr'><strong>quidem</strong></span> <span class='ocrx_word' id='word_1_240' title='bbox 1456 2137 1571 2194; x_wconf 86' lang='lat' dir='ltr'><strong>fieri</strong></span> <span class='ocrx_word' id='word_1_241' title='bbox 1605 2141 1802 2198; x_wconf 88' lang='lat' dir='ltr'><strong>debere</strong></span> <span class='ocrx_word' id='word_1_242' title='bbox 1829 2143 2126 2198; x_wconf 73' lang='lat' dir='ltr'><strong>contende-</strong></span> 
     </span>
    </p>
   </div>
   <div class='ocr_carea' id='block_1_36' title="bbox 564 2228 2128 2305">
    <p class='ocr_par' dir='ltr' id='par_1_36' title="bbox 564 2228 2128 2305">
     <span class='ocr_line' id='line_1_36' title="bbox 564 2228 2128 2305; baseline 0.004 -23"><span class='ocrx_word' id='word_1_243' title='bbox 564 2238 720 2283; x_wconf 88' lang='lat' dir='ltr'><strong>rent:</strong></span> <span class='ocrx_word' id='word_1_244' title='bbox 747 2231 812 2284; x_wconf 90' lang='lat' dir='ltr'><strong>de</strong></span> <span class='ocrx_word' id='word_1_245' title='bbox 864 2229 1145 2284; x_wconf 91' lang='lat' dir='ltr'><strong>sacriﬁciis</strong></span> <span class='ocrx_word' id='word_1_246' title='bbox 1186 2236 1362 2282; x_wconf 90' lang='lat' dir='ltr'><strong>autem</strong></span> <span class='ocrx_word' id='word_1_247' title='bbox 1394 2228 1466 2284; x_wconf 91' lang='lat' dir='ltr'><strong>ibi</strong></span> <span class='ocrx_word' id='word_1_248' title='bbox 1508 2246 1651 2302; x_wconf 68' lang='lat' dir='ltr'><strong>saepe</strong></span> <span class='ocrx_word' id='word_1_249' title='bbox 1679 2234 1873 2289; x_wconf 92' lang='lat' dir='ltr'><strong>oblatis</strong></span> <span class='ocrx_word' id='word_1_250' title='bbox 1908 2243 2128 2305; x_wconf 80' lang='lat' dir='ltr'><strong>tangere</strong></span> 
     </span>
    </p>
   </div>
   <div class='ocr_carea' id='block_1_37' title="bbox 563 2322 2129 2393">
    <p class='ocr_par' dir='ltr' id='par_1_37' title="bbox 563 2322 2129 2393">
     <span class='ocr_line' id='line_1_37' title="bbox 563 2322 2129 2393; baseline 0.004 -19"><span class='ocrx_word' id='word_1_251' title='bbox 563 2323 801 2376; x_wconf 80' lang='lat' dir='ltr'><strong>nollent:</strong></span> <span class='ocrx_word' id='word_1_252' title='bbox 831 2322 1196 2393; x_wconf 87' lang='lat' dir='ltr'><strong>presbyteros,</strong></span> <span class='ocrx_word' id='word_1_253' title='bbox 1252 2324 1340 2392; x_wconf 90' lang='lat' dir='ltr'><strong>qui</strong></span> <span class='ocrx_word' id='word_1_254' title='bbox 1384 2339 1578 2379; x_wconf 84' lang='lat' dir='ltr'><strong>uxores</strong></span> <span class='ocrx_word' id='word_1_255' title='bbox 1611 2327 1840 2392; x_wconf 72' lang='lat' dir='ltr'><strong>duxere,</strong></span> <span class='ocrx_word' id='word_1_256' title='bbox 1883 2339 2129 2383; x_wconf 90' lang='lat' dir='ltr'><strong>contem-</strong></span> 
     </span>
    </p>
   </div>
   <div class='ocr_carea' id='block_1_38' title="bbox 563 2417 2122 2486">
    <p class='ocr_par' dir='ltr' id='par_1_38' title="bbox 563 2417 2122 2486">
     <span class='ocr_line' id='line_1_38' title="bbox 563 2417 2122 2486; baseline 0.004 -19"><span class='ocrx_word' id='word_1_257' title='bbox 563 2425 772 2476; x_wconf 86' lang='lat' dir='ltr'><strong>nerent,</strong></span> <span class='ocrx_word' id='word_1_258' title='bbox 822 2431 920 2470; x_wconf 90' lang='lat' dir='ltr'><strong>nec</strong></span> <span class='ocrx_word' id='word_1_259' title='bbox 942 2431 1125 2470; x_wconf 92' lang='lat' dir='ltr'><strong>eorum</strong></span> <span class='ocrx_word' id='word_1_260' title='bbox 1152 2417 1398 2472; x_wconf 89' lang='lat' dir='ltr'><strong>sacriﬁcii</strong></span> <span class='ocrx_word' id='word_1_261' title='bbox 1423 2419 1706 2486; x_wconf 86' lang='lat' dir='ltr'><strong>participes</strong></span> <span class='ocrx_word' id='word_1_262' title='bbox 1741 2435 1858 2475; x_wconf 80' lang='lat' dir='ltr'><strong>esse</strong></span> <span class='ocrx_word' id='word_1_263' title='bbox 1895 2421 2122 2476; x_wconf 84' lang='lat' dir='ltr'><strong>vellent:</strong></span> 
     </span>
    </p>
   </div>
   <div class='ocr_carea' id='block_1_39' title="bbox 563 2507 2127 2578">
    <p class='ocr_par' dir='ltr' id='par_1_39' title="bbox 563 2507 2127 2578">
     <span class='ocr_line' id='line_1_39' title="bbox 563 2507 2127 2578; baseline 0.004 -18"><span class='ocrx_word' id='word_1_264' title='bbox 563 2517 856 2576; x_wconf 87' lang='lat' dir='ltr'><strong>martyrum</strong></span> <span class='ocrx_word' id='word_1_265' title='bbox 904 2507 1155 2562; x_wconf 88' lang='lat' dir='ltr'><strong>basilicas</strong></span> <span class='ocrx_word' id='word_1_266' title='bbox 1195 2518 1250 2562; x_wconf 91' lang='lat' dir='ltr'><strong>et</strong></span> <span class='ocrx_word' id='word_1_267' title='bbox 1295 2525 1415 2578; x_wconf 86' lang='lat' dir='ltr'><strong>qua:</strong></span> <span class='ocrx_word' id='word_1_268' title='bbox 1456 2511 1563 2565; x_wconf 89' lang='lat' dir='ltr'><strong>illic</strong></span> <span class='ocrx_word' id='word_1_269' title='bbox 1595 2515 1763 2578; x_wconf 84' lang='lat' dir='ltr'><strong>fiunt,</strong></span> <span class='ocrx_word' id='word_1_270' title='bbox 1805 2512 2127 2567; x_wconf 88' lang='lat' dir='ltr'><strong>condemna-</strong></span> 
     </span>
    </p>
   </div>
   <div class='ocr_carea' id='block_1_40' title="bbox 561 2599 2128 2671">
    <p class='ocr_par' dir='ltr' id='par_1_40' title="bbox 561 2599 2128 2671">
     <span class='ocr_line' id='line_1_40' title="bbox 561 2599 2128 2671; baseline 0.003 -18"><span class='ocrx_word' id='word_1_271' title='bbox 561 2610 714 2664; x_wconf 89' lang='lat' dir='ltr'><strong>rent,</strong></span> <span class='ocrx_word' id='word_1_272' title='bbox 747 2601 975 2669; x_wconf 89' lang='lat' dir='ltr'><strong>denique</strong></span> <span class='ocrx_word' id='word_1_273' title='bbox 1020 2599 1276 2655; x_wconf 87' lang='lat' dir='ltr'><strong>divitibus</strong></span> <span class='ocrx_word' id='word_1_274' title='bbox 1322 2618 1426 2656; x_wconf 90' lang='lat' dir='ltr'><strong>non</strong></span> <span class='ocrx_word' id='word_1_275' title='bbox 1458 2602 1635 2656; x_wconf 90' lang='lat' dir='ltr'><strong>omnia</strong></span> <span class='ocrx_word' id='word_1_276' title='bbox 1667 2617 1760 2656; x_wconf 90' lang='lat' dir='ltr'><strong>sua</strong></span> <span class='ocrx_word' id='word_1_277' title='bbox 1794 2604 2128 2671; x_wconf 86' lang='lat' dir='ltr'><strong>projicienti-</strong></span> 
     </span>
    </p>
   </div>
   <div class='ocr_carea' id='block_1_41' title="bbox 561 2692 2127 2762">
    <p class='ocr_par' dir='ltr' id='par_1_41' title="bbox 561 2692 2127 2762">
     <span class='ocr_line' id='line_1_41' title="bbox 561 2692 2127 2762; baseline 0.003 -17"><span class='ocrx_word' id='word_1_278' title='bbox 561 2692 659 2746; x_wconf 92' lang='lat' dir='ltr'><strong>bus</strong></span> <span class='ocrx_word' id='word_1_279' title='bbox 694 2705 841 2758; x_wconf 89' lang='lat' dir='ltr'><strong>spem</strong></span> <span class='ocrx_word' id='word_1_280' title='bbox 883 2692 1023 2760; x_wconf 89' lang='lat' dir='ltr'><strong>apud</strong></span> <span class='ocrx_word' id='word_1_281' title='bbox 1058 2692 1222 2746; x_wconf 87' lang='lat' dir='ltr'><strong>Deum</strong></span> <span class='ocrx_word' id='word_1_282' title='bbox 1277 2695 1688 2762; x_wconf 70' lang='lat' dir='ltr'><strong>praecluderent.</strong></span> <span class='ocrx_word' id='word_1_283' title='bbox 1738 2694 1848 2750; x_wconf 88' lang='lat' dir='ltr'><strong>Cur</strong></span> <span class='ocrx_word' id='word_1_284' title='bbox 1890 2695 2005 2749; x_wconf 69' lang='grc' dir='ltr'>ιιωο</span> <span class='ocrx_word' id='word_1_285' title='bbox 2059 2696 2127 2750; x_wconf 90' lang='lat' dir='ltr'><strong>ad</strong></span> 
     </span>
    </p>
   </div>
   <div class='ocr_carea' id='block_1_42' title="bbox 567 2785 2124 2857">
    <p class='ocr_par' dir='ltr' id='par_1_42' title="bbox 567 2785 2124 2857">
     <span class='ocr_line' id='line_1_42' title="bbox 567 2785 2124 2857; baseline 0.003 -20"><span class='ocrx_word' id='word_1_286' title='bbox 567 2785 830 2839; x_wconf 86' lang='lat' dir='ltr'><strong>Eustathii</strong></span> <span class='ocrx_word' id='word_1_287' title='bbox 863 2785 1143 2839; x_wconf 83' lang='lat' dir='ltr'><strong>Sebasteni</strong></span> <span class='ocrx_word' id='word_1_288' title='bbox 1179 2787 1472 2857; x_wconf 88' lang='lat' dir='ltr'><strong>discipulos</strong></span> <span class='ocrx_word' id='word_1_289' title='bbox 1507 2786 1827 2852; x_wconf 89' lang='lat' dir='ltr'><strong>referamus,</strong></span> <span class='ocrx_word' id='word_1_290' title='bbox 1865 2802 1969 2842; x_wconf 95' lang='lat' dir='ltr'><strong>non</strong></span> <span class='ocrx_word' id='word_1_291' title='bbox 2005 2787 2124 2842; x_wconf 82' lang='lat' dir='ltr'><strong>leve</strong></span> 
     </span>
    </p>
   </div>
   <div class='ocr_carea' id='block_1_43' title="bbox 557 2878 2128 2947">
    <p class='ocr_par' dir='ltr' id='par_1_43' title="bbox 557 2878 2128 2947">
     <span class='ocr_line' id='line_1_43' title="bbox 557 2878 2128 2947; baseline 0.004 -19"><span class='ocrx_word' id='word_1_292' title='bbox 557 2884 933 2945; x_wconf 81' lang='lat' dir='ltr'><strong>argumentum</strong></span> <span class='ocrx_word' id='word_1_293' title='bbox 992 2879 1298 2947; x_wconf 87' lang='lat' dir='ltr'><strong>suppeditat</strong></span> <span class='ocrx_word' id='word_1_294' title='bbox 1351 2879 1547 2934; x_wconf 80' lang='lat' dir='ltr'><strong>Acrius</strong></span> <span class='ocrx_word' id='word_1_295' title='bbox 1606 2880 1658 2932; x_wconf 91' lang='lat' dir='ltr'><strong>in</strong></span> <span class='ocrx_word' id='word_1_296' title='bbox 1715 2884 1816 2933; x_wconf 87' lang='lat' dir='ltr'><strong>hoc</strong></span> <span class='ocrx_word' id='word_1_297' title='bbox 1874 2878 2128 2934; x_wconf 87' lang='lat' dir='ltr'><strong>sodalitio</strong></span> 
     </span>
    </p>
   </div>
   <div class='ocr_carea' id='block_1_44' title="bbox 558 2969 2127 3038">
    <p class='ocr_par' dir='ltr' id='par_1_44' title="bbox 558 2969 2127 3038">
     <span class='ocr_line' id='line_1_44' title="bbox 558 2969 2127 3038; baseline 0.001 -16"><span class='ocrx_word' id='word_1_298' title='bbox 558 2969 714 3038; x_wconf 80' lang='lat' dir='ltr'><strong>longe</strong></span> <span class='ocrx_word' id='word_1_299' title='bbox 772 2969 1186 3035; x_wconf 87' lang='lat' dir='ltr'><strong>celeberrimus,</strong></span> <span class='ocrx_word' id='word_1_300' title='bbox 1242 2971 1322 3024; x_wconf 92' lang='lat' dir='ltr'><strong>cui</strong></span> <span class='ocrx_word' id='word_1_301' title='bbox 1375 2971 1539 3024; x_wconf 91' lang='lat' dir='ltr'><strong>multa</strong></span> <span class='ocrx_word' id='word_1_302' title='bbox 1591 2971 1904 3026; x_wconf 91' lang='lat' dir='ltr'><strong>tribuuntur</strong></span> <span class='ocrx_word' id='word_1_303' title='bbox 1953 2971 2127 3027; x_wconf 88' lang='lat' dir='ltr'><strong>simil-</strong></span> 
     </span>
    </p>
   </div>
   <div class='ocr_carea' id='block_1_45' title="bbox 559 3062 2127 3134">
    <p class='ocr_par' dir='ltr' id='par_1_45' title="bbox 559 3062 2127 3134">
     <span class='ocr_line' id='line_1_45' title="bbox 559 3062 2127 3134; baseline 0.002 -20"><span class='ocrx_word' id='word_1_304' title='bbox 559 3063 686 3115; x_wconf 89' lang='lat' dir='ltr'><strong>lima</strong></span> <span class='ocrx_word' id='word_1_305' title='bbox 730 3063 793 3116; x_wconf 87' lang='lat' dir='ltr'><strong>iis</strong></span> <span class='ocrx_word' id='word_1_306' title='bbox 843 3078 962 3131; x_wconf 77' lang='lat' dir='ltr'><strong>qua:</strong></span> <span class='ocrx_word' id='word_1_307' title='bbox 1015 3064 1245 3130; x_wconf 90' lang='lat' dir='ltr'><strong>synodus</strong></span> <span class='ocrx_word' id='word_1_308' title='bbox 1287 3062 1614 3132; x_wconf 80' lang='lat' dir='ltr'><strong>Gangrensis</strong></span> <span class='ocrx_word' id='word_1_309' title='bbox 1657 3064 2028 3134; x_wconf 85' lang='lat' dir='ltr'><strong>reprehendit.</strong></span> <span class='ocrx_word' id='word_1_310' title='bbox 2079 3062 2127 3118; x_wconf 94' lang='lat' dir='ltr'><strong>Is</strong></span> 
     </span>
    </p>
   </div>
   <div class='ocr_carea' id='block_1_46' title="bbox 557 3151 2126 3223">
    <p class='ocr_par' dir='ltr' id='par_1_46' title="bbox 557 3151 2126 3223">
     <span class='ocr_line' id='line_1_46' title="bbox 557 3151 2126 3223; baseline 0.003 -18"><span class='ocrx_word' id='word_1_311' title='bbox 557 3155 722 3216; x_wconf 82' lang='lat' dir='ltr'><strong>enim,</strong></span> <span class='ocrx_word' id='word_1_312' title='bbox 749 3162 883 3206; x_wconf 88' lang='lat' dir='ltr'><strong>teste</strong></span> <span class='ocrx_word' id='word_1_313' title='bbox 907 3151 1200 3221; x_wconf 86' lang='lat' dir='ltr'><strong>Epiphanio</strong></span> <span class='ocrx_word' id='word_1_314' title='bbox 1229 3154 1327 3220; x_wconf 89' lang='lat' dir='ltr'><strong>(a),</strong></span> <span class='ocrx_word' id='word_1_315' title='bbox 1348 3169 1593 3223; x_wconf 83' lang='lat' dir='ltr'><strong>magnam</strong></span> <span class='ocrx_word' id='word_1_316' title='bbox 1618 3153 1894 3210; x_wconf 89' lang='lat' dir='ltr'><strong>hominum</strong></span> <span class='ocrx_word' id='word_1_317' title='bbox 1924 3154 2126 3210; x_wconf 90' lang='lat' dir='ltr'><strong>utrius-</strong></span> 
     </span>
    </p>
   </div>
   <div class='ocr_carea' id='block_1_47' title="bbox 2235 1945 3808 2017">
    <p class='ocr_par' dir='ltr' id='par_1_47' title="bbox 2235 1945 3808 2017">
     <span class='ocr_line' id='line_1_47' title="bbox 2235 1945 3808 2017; baseline 0.001 -17"><span class='ocrx_word' id='word_1_318' title='bbox 2235 1963 2355 2001; x_wconf 88' lang='lat' dir='ltr'><strong>cum</strong></span> <span class='ocrx_word' id='word_1_319' title='bbox 2382 1947 2593 2002; x_wconf 88' lang='lat' dir='ltr'><strong>dedisse</strong></span> <span class='ocrx_word' id='word_1_320' title='bbox 2624 1949 2748 2002; x_wconf 91' lang='lat' dir='ltr'><strong>hinc</strong></span> <span class='ocrx_word' id='word_1_321' title='bbox 2778 1948 2941 2002; x_wconf 91' lang='lat' dir='ltr'><strong>etiam</strong></span> <span class='ocrx_word' id='word_1_322' title='bbox 2976 1945 3298 2000; x_wconf 87' lang='lat' dir='ltr'><strong>conﬁrmare</strong></span> <span class='ocrx_word' id='word_1_323' title='bbox 3323 1961 3627 2017; x_wconf 88' lang='lat' dir='ltr'><strong>possumus,</strong></span> <span class='ocrx_word' id='word_1_324' title='bbox 3663 1950 3808 2015; x_wconf 88' lang='lat' dir='ltr'><strong>quod</strong></span> 
     </span>
    </p>
   </div>
   <div class='ocr_carea' id='block_1_48' title="bbox 2235 2039 3805 2110">
    <p class='ocr_par' dir='ltr' id='par_1_48' title="bbox 2235 2039 3805 2110">
     <span class='ocr_line' id='line_1_48' title="bbox 2235 2039 3805 2110; baseline -0.001 -18"><span class='ocrx_word' id='word_1_325' title='bbox 2235 2039 2348 2108; x_wconf 89' lang='lat' dir='ltr'><strong>ipsa</strong></span> <span class='ocrx_word' id='word_1_326' title='bbox 2395 2040 2631 2110; x_wconf 91' lang='lat' dir='ltr'><strong>synodus</strong></span> <span class='ocrx_word' id='word_1_327' title='bbox 2670 2041 2804 2093; x_wconf 91' lang='lat' dir='ltr'><strong>nihil</strong></span> <span class='ocrx_word' id='word_1_328' title='bbox 2849 2043 2913 2094; x_wconf 91' lang='lat' dir='ltr'><strong>de</strong></span> <span class='ocrx_word' id='word_1_329' title='bbox 2939 2039 3222 2093; x_wconf 88' lang='lat' dir='ltr'><strong>Eustathio</strong></span> <span class='ocrx_word' id='word_1_330' title='bbox 3247 2081 3260 2102; x_wconf 95' lang='lat'><strong>,</strong></span> <span class='ocrx_word' id='word_1_331' title='bbox 3298 2049 3355 2092; x_wconf 90' lang='lat' dir='ltr'><strong>ut</strong></span> <span class='ocrx_word' id='word_1_332' title='bbox 3396 2039 3518 2092; x_wconf 91' lang='lat' dir='ltr'><strong>mali</strong></span> <span class='ocrx_word' id='word_1_333' title='bbox 3563 2048 3805 2101; x_wconf 88' lang='lat' dir='ltr'><strong>auctore,</strong></span> 
     </span>
    </p>
   </div>
   <div class='ocr_carea' id='block_1_49' title="bbox 2235 2128 3806 2200">
    <p class='ocr_par' dir='ltr' id='par_1_49' title="bbox 2235 2128 3806 2200">
     <span class='ocr_line' id='line_1_49' title="bbox 2235 2128 3806 2200; baseline -0.004 -16"><span class='ocrx_word' id='word_1_334' title='bbox 2235 2131 2476 2200; x_wconf 90' lang='lat' dir='ltr'><strong>asperius</strong></span> <span class='ocrx_word' id='word_1_335' title='bbox 2503 2138 2724 2185; x_wconf 90' lang='lat' dir='ltr'><strong>statuat.</strong></span> <span class='ocrx_word' id='word_1_336' title='bbox 2762 2130 2852 2184; x_wconf 91' lang='lat' dir='ltr'><strong>Sic</strong></span> <span class='ocrx_word' id='word_1_337' title='bbox 2879 2131 3022 2186; x_wconf 90' lang='lat' dir='ltr'><strong>enim</strong></span> <span class='ocrx_word' id='word_1_338' title='bbox 3049 2129 3234 2200; x_wconf 89' lang='lat' dir='ltr'><strong>incipit</strong></span> <span class='ocrx_word' id='word_1_339' title='bbox 3267 2130 3506 2198; x_wconf 83' lang='lat' dir='ltr'><strong>synodus</strong></span> <span class='ocrx_word' id='word_1_340' title='bbox 3535 2147 3547 2182; x_wconf 87' lang='lat'><strong>:</strong></span> <span class='ocrx_word' id='word_1_341' title='bbox 3587 2128 3806 2198; x_wconf 79' lang='grc' dir='ltr'><strong>Ἐπειδὴ</strong></span> 
     </span>
    </p>
   </div>
   <div class='ocr_carea' id='block_1_50' title="bbox 2236 2221 3810 2293">
    <p class='ocr_par' dir='ltr' id='par_1_50' title="bbox 2236 2221 3810 2293">
     <span class='ocr_line' id='line_1_50' title="bbox 2236 2221 3810 2293; baseline -0.003 -17"><span class='ocrx_word' id='word_1_342' title='bbox 2236 2223 2560 2277; x_wconf 75' lang='grc' dir='ltr'>συνελθοῦσα</span> <span class='ocrx_word' id='word_1_343' title='bbox 2609 2226 2642 2293; x_wconf 75' lang='grc' dir='ltr'>ἡ</span> <span class='ocrx_word' id='word_1_344' title='bbox 2695 2224 2970 2293; x_wconf 84' lang='grc' dir='ltr'><strong>ἀγιωτὰτη</strong></span> <span class='ocrx_word' id='word_1_345' title='bbox 3018 2222 3232 2284; x_wconf 76' lang='grc' dir='ltr'>σύνοδος</span> <span class='ocrx_word' id='word_1_346' title='bbox 3265 2221 3371 2273; x_wconf 83' lang='grc' dir='ltr'><strong>τῶν</strong></span> <span class='ocrx_word' id='word_1_347' title='bbox 3406 2221 3712 2273; x_wconf 72' lang='grc' dir='ltr'><strong>ἐπισκόπων</strong></span> <span class='ocrx_word' id='word_1_348' title='bbox 3748 2223 3810 2272; x_wconf 82' lang='grc' dir='ltr'>ὲν</span> 
     </span>
    </p>
   </div>
   <div class='ocr_carea' id='block_1_51' title="bbox 2232 2311 3808 2382">
    <p class='ocr_par' dir='ltr' id='par_1_51' title="bbox 2232 2311 3808 2382">
     <span class='ocr_line' id='line_1_51' title="bbox 2232 2311 3808 2382; baseline -0.001 -18"><span class='ocrx_word' id='word_1_349' title='bbox 2232 2315 2297 2382; x_wconf 81' lang='grc' dir='ltr'><strong>τῇ</strong></span> <span class='ocrx_word' id='word_1_350' title='bbox 2332 2311 2470 2364; x_wconf 73' lang='grc' dir='ltr'><strong>κατὰ</strong></span> <span class='ocrx_word' id='word_1_351' title='bbox 2501 2311 2752 2382; x_wconf 82' lang='grc' dir='ltr'><strong>Γάγγραν</strong></span> <span class='ocrx_word' id='word_1_352' title='bbox 2781 2312 3041 2382; x_wconf 75' lang='grc' dir='ltr'><strong>ἐκκλησίᾳ</strong></span> <span class='ocrx_word' id='word_1_353' title='bbox 3066 2351 3080 2375; x_wconf 93' lang='grc'><strong>,</strong></span> <span class='ocrx_word' id='word_1_354' title='bbox 3115 2311 3203 2364; x_wconf 83' lang='grc' dir='ltr'><strong>διά</strong></span> <span class='ocrx_word' id='word_1_355' title='bbox 3247 2329 3396 2375; x_wconf 85' lang='grc' dir='ltr'>τινας</span> <span class='ocrx_word' id='word_1_356' title='bbox 3426 2311 3808 2380; x_wconf 76' lang='grc' dir='ltr'><strong>ἐκκλησιαστι-</strong></span> 
     </span>
    </p>
   </div>
   <div class='ocr_carea' id='block_1_52' title="bbox 2234 2402 3807 2474">
    <p class='ocr_par' dir='ltr' id='par_1_52' title="bbox 2234 2402 3807 2474">
     <span class='ocr_line' id='line_1_52' title="bbox 2234 2402 3807 2474; baseline -0.001 -18"><span class='ocrx_word' id='word_1_357' title='bbox 2234 2403 2336 2467; x_wconf 74' lang='grc' dir='ltr'><strong>κὰς</strong></span> <span class='ocrx_word' id='word_1_358' title='bbox 2379 2403 2605 2474; x_wconf 82' lang='grc' dir='ltr'><strong>χρείας,</strong></span> <span class='ocrx_word' id='word_1_359' title='bbox 2655 2403 2995 2474; x_wconf 77' lang='grc' dir='ltr'><strong>ζητουμένων</strong></span> <span class='ocrx_word' id='word_1_360' title='bbox 3045 2405 3139 2457; x_wconf 73' lang='grc' dir='ltr'><strong>καὶ</strong></span> <span class='ocrx_word' id='word_1_361' title='bbox 3183 2404 3290 2457; x_wconf 80' lang='grc' dir='ltr'>τῶν</span> <span class='ocrx_word' id='word_1_362' title='bbox 3336 2405 3452 2456; x_wconf 81' lang='grc' dir='ltr'>κατ’</span> <span class='ocrx_word' id='word_1_363' title='bbox 3483 2402 3807 2468; x_wconf 78' lang='grc' dir='ltr'>Εὐστάθιον,</span> 
     </span>
    </p>
   </div>
   <div class='ocr_carea' id='block_1_53' title="bbox 2233 2494 3810 2567">
    <p class='ocr_par' dir='ltr' id='par_1_53' title="bbox 2233 2494 3810 2567">
     <span class='ocr_line' id='line_1_53' title="bbox 2233 2494 3810 2567; baseline 0 -20"><span class='ocrx_word' id='word_1_364' title='bbox 2233 2494 2454 2567; x_wconf 73' lang='grc' dir='ltr'>εὕρισκε</span> <span class='ocrx_word' id='word_1_365' title='bbox 2501 2496 2669 2548; x_wconf 84' lang='grc' dir='ltr'>πολλὰ</span> <span class='ocrx_word' id='word_1_366' title='bbox 2737 2496 2988 2566; x_wconf 84' lang='grc' dir='ltr'>ἁθέσμως</span> <span class='ocrx_word' id='word_1_367' title='bbox 3037 2496 3292 2567; x_wconf 83' lang='grc' dir='ltr'>γινόμενα</span> <span class='ocrx_word' id='word_1_368' title='bbox 3337 2497 3439 2548; x_wconf 79' lang='grc' dir='ltr'>ὑπὸ</span> <span class='ocrx_word' id='word_1_369' title='bbox 3472 2495 3670 2547; x_wconf 77' lang='grc' dir='ltr'>τούτων</span> <span class='ocrx_word' id='word_1_370' title='bbox 3704 2495 3810 2547; x_wconf 78' lang='grc' dir='ltr'>αὐ-</span> 
     </span>
    </p>
   </div>
   <div class='ocr_carea' id='block_1_54' title="bbox 2231 2586 3810 2660">
    <p class='ocr_par' dir='ltr' id='par_1_54' title="bbox 2231 2586 3810 2660">
     <span class='ocr_line' id='line_1_54' title="bbox 2231 2586 3810 2660; baseline -0.002 -20"><span class='ocrx_word' id='word_1_371' title='bbox 2231 2588 2341 2642; x_wconf 82' lang='grc' dir='ltr'><strong>τῶν</strong></span> <span class='ocrx_word' id='word_1_372' title='bbox 2384 2589 2491 2641; x_wconf 82' lang='grc' dir='ltr'><strong>τῶν</strong></span> <span class='ocrx_word' id='word_1_373' title='bbox 2531 2590 2660 2660; x_wconf 77' lang='grc' dir='ltr'>περὶ</span> <span class='ocrx_word' id='word_1_374' title='bbox 2697 2589 3023 2641; x_wconf 78' lang='grc' dir='ltr'>Εὐστάϐιον·</span> <span class='ocrx_word' id='word_1_375' title='bbox 3075 2589 3382 2656; x_wconf 73' lang='grc' dir='ltr'>ἀναγκαίως</span> <span class='ocrx_word' id='word_1_376' title='bbox 3432 2588 3659 2660; x_wconf 73' lang='grc' dir='ltr'>ὥρισεν,</span> <span class='ocrx_word' id='word_1_377' title='bbox 3709 2586 3810 2638; x_wconf 76' lang='grc' dir='ltr'><strong>καὶ</strong></span> 
     </span>
    </p>
   </div>
   <div class='ocr_carea' id='block_1_55' title="bbox 2234 2678 3809 2751">
    <p class='ocr_par' dir='ltr' id='par_1_55' title="bbox 2234 2678 3809 2751">
     <span class='ocr_line' id='line_1_55' title="bbox 2234 2678 3809 2751; baseline -0.004 -17"><span class='ocrx_word' id='word_1_378' title='bbox 2234 2683 2366 2734; x_wconf 83' lang='grc' dir='ltr'>πᾶσι</span> <span class='ocrx_word' id='word_1_379' title='bbox 2420 2681 2650 2751; x_wconf 81' lang='grc' dir='ltr'>φανερὸν</span> <span class='ocrx_word' id='word_1_380' title='bbox 2708 2681 2929 2748; x_wconf 77' lang='grc' dir='ltr'>ποιῆσαι</span> <span class='ocrx_word' id='word_1_381' title='bbox 2978 2679 3336 2744; x_wconf 77' lang='grc' dir='ltr'>ἐσπούδασεν,</span> <span class='ocrx_word' id='word_1_382' title='bbox 3393 2681 3471 2742; x_wconf 69' lang='grc' dir='ltr'><strong>εἰς</strong></span> <span class='ocrx_word' id='word_1_383' title='bbox 3524 2678 3809 2749; x_wconf 75' lang='grc' dir='ltr'>ἀναίρεσιν</span> 
     </span>
    </p>
   </div>
   <div class='ocr_carea' id='block_1_56' title="bbox 2232 2769 3808 2842">
    <p class='ocr_par' dir='ltr' id='par_1_56' title="bbox 2232 2769 3808 2842">
     <span class='ocr_line' id='line_1_56' title="bbox 2232 2769 3808 2842; baseline -0.003 -17"><span class='ocrx_word' id='word_1_384' title='bbox 2232 2774 2338 2826; x_wconf 85' lang='grc' dir='ltr'>τῶν</span> <span class='ocrx_word' id='word_1_385' title='bbox 2379 2775 2467 2825; x_wconf 80' lang='grc' dir='ltr'><strong>ὑπ’</strong></span> <span class='ocrx_word' id='word_1_386' title='bbox 2510 2772 2671 2825; x_wconf 74' lang='grc' dir='ltr'>αὑτοῦ</span> <span class='ocrx_word' id='word_1_387' title='bbox 2714 2772 2898 2834; x_wconf 83' lang='grc' dir='ltr'>κακῶς</span> <span class='ocrx_word' id='word_1_388' title='bbox 2940 2769 3258 2842; x_wconf 76' lang='grc' dir='ltr'>γινομένων.</span> <span class='ocrx_word' id='word_1_389' title='bbox 3308 2770 3568 2835; x_wconf 71' lang='lat' dir='ltr'><strong>Quoniam</strong></span> <span class='ocrx_word' id='word_1_390' title='bbox 3614 2784 3808 2821; x_wconf 81' lang='lat' dir='ltr'><strong>conve-</strong></span> 
     </span>
    </p>
   </div>
   <div class='ocr_carea' id='block_1_57' title="bbox 2233 2861 3807 2936">
    <p class='ocr_par' dir='ltr' id='par_1_57' title="bbox 2233 2861 3807 2936">
     <span class='ocr_line' id='line_1_57' title="bbox 2233 2861 3807 2936; baseline -0.004 -17"><span class='ocrx_word' id='word_1_391' title='bbox 2233 2867 2382 2919; x_wconf 87' lang='lat' dir='ltr'><strong>niens</strong></span> <span class='ocrx_word' id='word_1_392' title='bbox 2432 2868 2760 2920; x_wconf 84' lang='lat' dir='ltr'><strong>sanctissima</strong></span> <span class='ocrx_word' id='word_1_393' title='bbox 2807 2866 3033 2936; x_wconf 84' lang='lat' dir='ltr'><strong>synodus</strong></span> <span class='ocrx_word' id='word_1_394' title='bbox 3086 2866 3438 2934; x_wconf 85' lang='lat' dir='ltr'><strong>episcoporum</strong></span> <span class='ocrx_word' id='word_1_395' title='bbox 3482 2865 3536 2916; x_wconf 90' lang='lat' dir='ltr'><strong>in</strong></span> <span class='ocrx_word' id='word_1_396' title='bbox 3583 2861 3807 2916; x_wconf 77' lang='lat' dir='ltr'><strong>ecclesia</strong></span> 
     </span>
    </p>
   </div>
   <div class='ocr_carea' id='block_1_58' title="bbox 2235 2956 3808 3027">
    <p class='ocr_par' dir='ltr' id='par_1_58' title="bbox 2235 2956 3808 3027">
     <span class='ocr_line' id='line_1_58' title="bbox 2235 2956 3808 3027; baseline -0.005 -16"><span class='ocrx_word' id='word_1_397' title='bbox 2235 2956 2525 3027; x_wconf 81' lang='lat' dir='ltr'><strong>Gangrensi</strong></span> <span class='ocrx_word' id='word_1_398' title='bbox 2579 2969 2784 3026; x_wconf 87' lang='lat' dir='ltr'><strong>propter</strong></span> <span class='ocrx_word' id='word_1_399' title='bbox 2823 2957 3200 3011; x_wconf 86' lang='lat' dir='ltr'><strong>ecclesiasticas</strong></span> <span class='ocrx_word' id='word_1_400' title='bbox 3242 2957 3497 3025; x_wconf 86' lang='lat' dir='ltr'><strong>quasdam</strong></span> <span class='ocrx_word' id='word_1_401' title='bbox 3536 2965 3582 3008; x_wconf 87' lang='lat' dir='ltr'><strong>et</strong></span> <span class='ocrx_word' id='word_1_402' title='bbox 3624 2970 3808 3006; x_wconf 83' lang='lat' dir='ltr'><strong>neces-</strong></span> 
     </span>
    </p>
   </div>
   <div class='ocr_carea' id='block_1_59' title="bbox 2231 3043 3804 3114">
    <p class='ocr_par' dir='ltr' id='par_1_59' title="bbox 2231 3043 3804 3114">
     <span class='ocr_line' id='line_1_59' title="bbox 2231 3043 3804 3114; baseline -0.004 -14"><span class='ocrx_word' id='word_1_403' title='bbox 2231 3050 2402 3100; x_wconf 87' lang='lat' dir='ltr'><strong>sarias</strong></span> <span class='ocrx_word' id='word_1_404' title='bbox 2439 3063 2663 3111; x_wconf 77' lang='lat' dir='ltr'><strong>causas,</strong></span> <span class='ocrx_word' id='word_1_405' title='bbox 2706 3063 2822 3100; x_wconf 89' lang='lat' dir='ltr'><strong>cum</strong></span> <span class='ocrx_word' id='word_1_406' title='bbox 2868 3057 2914 3099; x_wconf 91' lang='lat' dir='ltr'><strong>et</strong></span> <span class='ocrx_word' id='word_1_407' title='bbox 2965 3048 3026 3098; x_wconf 87' lang='lat' dir='ltr'><strong>de</strong></span> <span class='ocrx_word' id='word_1_408' title='bbox 3065 3047 3128 3098; x_wconf 89' lang='lat' dir='ltr'><strong>iis</strong></span> <span class='ocrx_word' id='word_1_409' title='bbox 3181 3062 3297 3114; x_wconf 74' lang='lat' dir='ltr'><strong>qum</strong></span> <span class='ocrx_word' id='word_1_410' title='bbox 3346 3046 3412 3098; x_wconf 88' lang='lat' dir='ltr'><strong>ad</strong></span> <span class='ocrx_word' id='word_1_411' title='bbox 3460 3043 3804 3097; x_wconf 83' lang='lat' dir='ltr'><strong>Eustathium</strong></span> 
     </span>
    </p>
   </div>
   <div class='ocr_carea' id='block_1_60' title="bbox 2232 3138 3806 3208">
    <p class='ocr_par' dir='ltr' id='par_1_60' title="bbox 2232 3138 3806 3208">
     <span class='ocr_line' id='line_1_60' title="bbox 2232 3138 3806 3208; baseline 0.001 -16"><span class='ocrx_word' id='word_1_412' title='bbox 2232 3147 2500 3207; x_wconf 79' lang='lat' dir='ltr'><strong>spectant,</strong></span> <span class='ocrx_word' id='word_1_413' title='bbox 2528 3150 2878 3208; x_wconf 71' lang='lat' dir='ltr'><strong>qua’reretur,</strong></span> <span class='ocrx_word' id='word_1_414' title='bbox 2912 3138 3075 3190; x_wconf 89' lang='lat' dir='ltr'><strong>multa</strong></span> <span class='ocrx_word' id='word_1_415' title='bbox 3115 3140 3304 3206; x_wconf 85' lang='lat' dir='ltr'><strong>reperit</strong></span> <span class='ocrx_word' id='word_1_416' title='bbox 3341 3139 3539 3207; x_wconf 80' lang='lat' dir='ltr'><strong>nefarie</strong></span> <span class='ocrx_word' id='word_1_417' title='bbox 3567 3139 3627 3190; x_wconf 84' lang='lat' dir='ltr'><strong>ab</strong></span> <span class='ocrx_word' id='word_1_418' title='bbox 3668 3140 3806 3208; x_wconf 77' lang='lat' dir='ltr'><strong>ipsis</strong></span> 
     </span>
    </p>
   </div>
   <div class='ocr_carea' id='block_1_61' title="bbox 556 3220 3808 3316">
    <p class='ocr_par' dir='ltr' id='par_1_61' title="bbox 556 3220 3808 3316">
     <span class='ocr_line' id='line_1_61' title="bbox 556 3220 3808 3316; baseline 0.001 -35"><span class='ocrx_word' id='word_1_419' title='bbox 556 3258 660 3309; x_wconf 66' lang='grc' dir='ltr'><strong>(μω</strong></span> <span class='ocrx_word' id='word_1_420' title='bbox 697 3257 857 3296; x_wconf 63' lang='lat' dir='ltr'><strong>sexus</strong></span> <span class='ocrx_word' id='word_1_421' title='bbox 891 3220 1287 3297; x_wconf 53' lang='lat' dir='ltr'><strong>multimuiuem</strong></span> <span class='ocrx_word' id='word_1_422' title='bbox 1322 3220 1620 3308; x_wconf 55' lang='grc' dir='ltr'><strong>δηθά-πει,</strong></span> <span class='ocrx_word' id='word_1_423' title='bbox 1654 3244 1973 3314; x_wconf 73' lang='lat' dir='ltr'><strong>quibuscum</strong></span> <span class='ocrx_word' id='word_1_424' title='bbox 2010 3245 2122 3316; x_wconf 69' lang='lat' dir='ltr'><strong>pri-</strong></span> <span class='ocrx_word' id='word_1_425' title='bbox 2154 3220 2196 3277; x_wconf 66' lang='grc' dir='ltr'><strong>(ἶ</strong></span> <span class='ocrx_word' id='word_1_426' title='bbox 2231 3231 2336 3285; x_wconf 87' lang='lat' dir='ltr'><strong>illis</strong></span> <span class='ocrx_word' id='word_1_427' title='bbox 2368 3231 2636 3286; x_wconf 78' lang='lat' dir='ltr'><strong>Eustatltii</strong></span> <span class='ocrx_word' id='word_1_428' title='bbox 2658 3231 2929 3299; x_wconf 80' lang='lat' dir='ltr'><strong>discipulis</strong></span> <span class='ocrx_word' id='word_1_429' title='bbox 2951 3231 3101 3298; x_wconf 83' lang='lat' dir='ltr'><strong>ﬁeri;</strong></span> <span class='ocrx_word' id='word_1_430' title='bbox 3132 3233 3419 3284; x_wconf 86' lang='lat' dir='ltr'><strong>necessario</strong></span> <span class='ocrx_word' id='word_1_431' title='bbox 3441 3248 3501 3285; x_wconf 90' lang='lat' dir='ltr'><strong>ea</strong></span> <span class='ocrx_word' id='word_1_432' title='bbox 3524 3232 3586 3284; x_wconf 89' lang='lat' dir='ltr'><strong>de</strong></span> <span class='ocrx_word' id='word_1_433' title='bbox 3614 3249 3668 3285; x_wconf 90' lang='lat' dir='ltr'><strong>re</strong></span> <span class='ocrx_word' id='word_1_434' title='bbox 3689 3244 3808 3285; x_wconf 88' lang='lat' dir='ltr'><strong>sta-</strong></span> 
     </span>
    </p>
   </div>
   <div class='ocr_carea' id='block_1_62' title="bbox 560 3331 2122 3388">
    <p class='ocr_par' dir='ltr' id='par_1_62' title="bbox 560 3331 2122 3388">
     <span class='ocr_line' id='line_1_62' title="bbox 560 3331 2122 3388; baseline 0.003 -5"><span class='ocrx_word' id='word_1_435' title='bbox 560 3343 716 3384; x_wconf 84' lang='lat' dir='ltr'><strong>vatos</strong></span> <span class='ocrx_word' id='word_1_436' title='bbox 747 3341 1039 3385; x_wconf 87' lang='lat' dir='ltr'><strong>conventus</strong></span> <span class='ocrx_word' id='word_1_437' title='bbox 1085 3331 1333 3385; x_wconf 85' lang='lat' dir='ltr'><strong>habebat.</strong></span> <span class='ocrx_word' id='word_1_438' title='bbox 1384 3332 1603 3387; x_wconf 82' lang='lat' dir='ltr'><strong>Pascha:</strong></span> <span class='ocrx_word' id='word_1_439' title='bbox 1642 3333 2006 3388; x_wconf 88' lang='lat' dir='ltr'><strong>celebritatem</strong></span> <span class='ocrx_word' id='word_1_440' title='bbox 2043 3335 2122 3388; x_wconf 89' lang='lat' dir='ltr'><strong>ri-</strong></span> 
     </span>
    </p>
   </div>
   <div class='ocr_carea' id='block_1_63' title="bbox 557 3423 2125 3495">
    <p class='ocr_par' dir='ltr' id='par_1_63' title="bbox 557 3423 2125 3495">
     <span class='ocr_line' id='line_1_63' title="bbox 557 3423 2125 3495; baseline 0.004 -19"><span class='ocrx_word' id='word_1_441' title='bbox 557 3423 718 3477; x_wconf 90' lang='lat' dir='ltr'><strong>debat</strong></span> <span class='ocrx_word' id='word_1_442' title='bbox 745 3464 759 3490; x_wconf 91' lang='lat'><strong>,</strong></span> <span class='ocrx_word' id='word_1_443' title='bbox 788 3423 1064 3492; x_wconf 85' lang='lat' dir='ltr'><strong>jejunabat</strong></span> <span class='ocrx_word' id='word_1_444' title='bbox 1090 3425 1175 3478; x_wconf 90' lang='lat' dir='ltr'><strong>die</strong></span> <span class='ocrx_word' id='word_1_445' title='bbox 1213 3425 1489 3478; x_wconf 88' lang='lat' dir='ltr'><strong>Dominica</strong></span> <span class='ocrx_word' id='word_1_446' title='bbox 1514 3464 1530 3491; x_wconf 94' lang='lat'><strong>,</strong></span> <span class='ocrx_word' id='word_1_447' title='bbox 1559 3425 1754 3495; x_wconf 90' lang='lat' dir='ltr'><strong>quibus</strong></span> <span class='ocrx_word' id='word_1_448' title='bbox 1786 3437 1967 3481; x_wconf 87' lang='lat' dir='ltr'><strong>autem</strong></span> <span class='ocrx_word' id='word_1_449' title='bbox 2013 3427 2125 3482; x_wconf 88' lang='lat' dir='ltr'><strong>die-</strong></span> 
     </span>
    </p>
   </div>
   <div class='ocr_carea' id='block_1_64' title="bbox 555 3513 2124 3585">
    <p class='ocr_par' dir='ltr' id='par_1_64' title="bbox 555 3513 2124 3585">
     <span class='ocr_line' id='line_1_64' title="bbox 555 3513 2124 3585; baseline 0.003 -18"><span class='ocrx_word' id='word_1_450' title='bbox 555 3515 657 3568; x_wconf 90' lang='lat' dir='ltr'><strong>bus</strong></span> <span class='ocrx_word' id='word_1_451' title='bbox 680 3513 878 3585; x_wconf 84' lang='lat' dir='ltr'><strong>jejunia</strong></span> <span class='ocrx_word' id='word_1_452' title='bbox 925 3516 1230 3570; x_wconf 86' lang='lat' dir='ltr'><strong>indicuntur</strong></span> <span class='ocrx_word' id='word_1_453' title='bbox 1271 3517 1338 3571; x_wconf 89' lang='lat' dir='ltr'><strong>ab</strong></span> <span class='ocrx_word' id='word_1_454' title='bbox 1364 3516 1600 3572; x_wconf 86' lang='lat' dir='ltr'><strong>Ecclesia</strong></span> <span class='ocrx_word' id='word_1_455' title='bbox 1629 3557 1643 3582; x_wconf 95' lang='lat'><strong>,</strong></span> <span class='ocrx_word' id='word_1_456' title='bbox 1673 3517 2010 3573; x_wconf 88' lang='lat' dir='ltr'><strong>vescebatur.</strong></span> <span class='ocrx_word' id='word_1_457' title='bbox 2057 3517 2124 3572; x_wconf 91' lang='lat' dir='ltr'><strong>ll-</strong></span> 
     </span>
    </p>
   </div>
   <div class='ocr_carea' id='block_1_65' title="bbox 555 3603 2121 3679">
    <p class='ocr_par' dir='ltr' id='par_1_65' title="bbox 555 3603 2121 3679">
     <span class='ocr_line' id='line_1_65' title="bbox 555 3603 2121 3679; baseline 0.004 -21"><span class='ocrx_word' id='word_1_458' title='bbox 555 3603 660 3660; x_wconf 89' lang='lat' dir='ltr'><strong>lius</strong></span> <span class='ocrx_word' id='word_1_459' title='bbox 685 3615 982 3660; x_wconf 89' lang='lat' dir='ltr'><strong>sectatores</strong></span> <span class='ocrx_word' id='word_1_460' title='bbox 1004 3605 1126 3660; x_wconf 90' lang='lat' dir='ltr'><strong>vino</strong></span> <span class='ocrx_word' id='word_1_461' title='bbox 1144 3614 1198 3660; x_wconf 88' lang='lat' dir='ltr'><strong>et</strong></span> <span class='ocrx_word' id='word_1_462' title='bbox 1217 3607 1470 3663; x_wconf 84' lang='lat' dir='ltr'><strong>carnibus</strong></span> <span class='ocrx_word' id='word_1_463' title='bbox 1497 3607 1847 3679; x_wconf 81' lang='lat' dir='ltr'><strong>indulgebant</strong></span> <span class='ocrx_word' id='word_1_464' title='bbox 1870 3609 2121 3675; x_wconf 90' lang='lat' dir='ltr'><strong>diluculo,</strong></span> 
     </span>
    </p>
   </div>
   <div class='ocr_carea' id='block_1_66' title="bbox 556 3695 2122 3766">
    <p class='ocr_par' dir='ltr' id='par_1_66' title="bbox 556 3695 2122 3766">
     <span class='ocr_line' id='line_1_66' title="bbox 556 3695 2122 3766; baseline 0.004 -18"><span class='ocrx_word' id='word_1_465' title='bbox 556 3705 670 3748; x_wconf 90' lang='lat' dir='ltr'><strong>tum</strong></span> <span class='ocrx_word' id='word_1_466' title='bbox 707 3710 825 3750; x_wconf 90' lang='lat' dir='ltr'><strong>cum</strong></span> <span class='ocrx_word' id='word_1_467' title='bbox 861 3696 1040 3750; x_wconf 88' lang='lat' dir='ltr'><strong>ﬁdeles</strong></span> <span class='ocrx_word' id='word_1_468' title='bbox 1085 3695 1281 3763; x_wconf 86' lang='lat' dir='ltr'><strong>jejunla</strong></span> <span class='ocrx_word' id='word_1_469' title='bbox 1322 3699 1595 3766; x_wconf 76' lang='lat' dir='ltr'><strong>paschalia</strong></span> <span class='ocrx_word' id='word_1_470' title='bbox 1623 3701 1980 3756; x_wconf 90' lang='lat' dir='ltr'><strong>celebrarent.</strong></span> <span class='ocrx_word' id='word_1_471' title='bbox 2016 3700 2122 3754; x_wconf 90' lang='lat' dir='ltr'><strong>lm-</strong></span> 
     </span>
    </p>
   </div>
   <div class='ocr_carea' id='block_1_67' title="bbox 557 3788 2124 3861">
    <p class='ocr_par' dir='ltr' id='par_1_67' title="bbox 557 3788 2124 3861">
     <span class='ocr_line' id='line_1_67' title="bbox 557 3788 2124 3861; baseline 0.003 -21"><span class='ocrx_word' id='word_1_472' title='bbox 557 3788 888 3841; x_wconf 90' lang='lat' dir='ltr'><strong>moderatum</strong></span> <span class='ocrx_word' id='word_1_473' title='bbox 939 3788 1264 3858; x_wconf 86' lang='lat' dir='ltr'><strong>paupertatis</strong></span> <span class='ocrx_word' id='word_1_474' title='bbox 1294 3788 1529 3843; x_wconf 91' lang='lat' dir='ltr'><strong>studium</strong></span> <span class='ocrx_word' id='word_1_475' title='bbox 1556 3829 1571 3854; x_wconf 96' lang='lat'><strong>,</strong></span> <span class='ocrx_word' id='word_1_476' title='bbox 1609 3792 1747 3858; x_wconf 91' lang='lat' dir='ltr'><strong>quod</strong></span> <span class='ocrx_word' id='word_1_477' title='bbox 1783 3792 2124 3861; x_wconf 90' lang='lat' dir='ltr'><strong>reprehendit</strong></span> 
     </span>
    </p>
   </div>
   <div class='ocr_carea' id='block_1_68' title="bbox 554 3879 2124 3950">
    <p class='ocr_par' dir='ltr' id='par_1_68' title="bbox 554 3879 2124 3950">
     <span class='ocr_line' id='line_1_68' title="bbox 554 3879 2124 3950; baseline 0.003 -19"><span class='ocrx_word' id='word_1_478' title='bbox 554 3879 810 3948; x_wconf 80' lang='lat' dir='ltr'><strong>synodus,</strong></span> <span class='ocrx_word' id='word_1_479' title='bbox 837 3879 967 3933; x_wconf 87' lang='lat' dir='ltr'><strong>satis</strong></span> <span class='ocrx_word' id='word_1_480' title='bbox 994 3879 1196 3934; x_wconf 89' lang='lat' dir='ltr'><strong>redolet</strong></span> <span class='ocrx_word' id='word_1_481' title='bbox 1228 3881 1497 3949; x_wconf 79' lang='lat' dir='ltr'><strong>ingenium</strong></span> <span class='ocrx_word' id='word_1_482' title='bbox 1521 3881 1665 3936; x_wconf 80' lang='lat' dir='ltr'><strong>Aeril</strong></span> <span class='ocrx_word' id='word_1_483' title='bbox 1697 3921 1710 3945; x_wconf 93' lang='lat'><strong>,</strong></span> <span class='ocrx_word' id='word_1_484' title='bbox 1742 3883 1830 3950; x_wconf 92' lang='lat' dir='ltr'><strong>qui</strong></span> <span class='ocrx_word' id='word_1_485' title='bbox 1858 3896 1979 3936; x_wconf 91' lang='lat' dir='ltr'><strong>eum</strong></span> <span class='ocrx_word' id='word_1_486' title='bbox 2011 3897 2124 3936; x_wconf 88' lang='lat' dir='ltr'><strong>ma-</strong></span> 
     </span>
    </p>
   </div>
   <div class='ocr_carea' id='block_1_69' title="bbox 551 3969 2123 4042">
    <p class='ocr_par' dir='ltr' id='par_1_69' title="bbox 551 3969 2123 4042">
     <span class='ocr_line' id='line_1_69' title="bbox 551 3969 2123 4042; baseline 0.002 -20"><span class='ocrx_word' id='word_1_487' title='bbox 551 3970 778 4042; x_wconf 70' lang='lat' dir='ltr'><strong>gistrum</strong></span> <span class='ocrx_word' id='word_1_488' title='bbox 807 3985 958 4024; x_wconf 92' lang='lat' dir='ltr'><strong>suum</strong></span> <span class='ocrx_word' id='word_1_489' title='bbox 989 3969 1326 4024; x_wconf 85' lang='lat' dir='ltr'><strong>Eustathium</strong></span> <span class='ocrx_word' id='word_1_490' title='bbox 1369 3972 1575 4026; x_wconf 89' lang='lat' dir='ltr'><strong>videret</strong></span> <span class='ocrx_word' id='word_1_491' title='bbox 1611 3971 2013 4026; x_wconf 86' lang='lat' dir='ltr'><strong>ecclesiasticos</strong></span> <span class='ocrx_word' id='word_1_492' title='bbox 2039 3985 2123 4025; x_wconf 91' lang='lat' dir='ltr'><strong>re-</strong></span> 
     </span>
    </p>
   </div>
   <div class='ocr_carea' id='block_1_70' title="bbox 555 4060 2124 4134">
    <p class='ocr_par' dir='ltr' id='par_1_70' title="bbox 555 4060 2124 4134">
     <span class='ocr_line' id='line_1_70' title="bbox 555 4060 2124 4134; baseline 0.003 -21"><span class='ocrx_word' id='word_1_493' title='bbox 555 4061 700 4114; x_wconf 86' lang='lat' dir='ltr'><strong>ditus</strong></span> <span class='ocrx_word' id='word_1_494' title='bbox 734 4060 1063 4115; x_wconf 88' lang='lat' dir='ltr'><strong>inmanibus</strong></span> <span class='ocrx_word' id='word_1_495' title='bbox 1113 4061 1436 4126; x_wconf 88' lang='lat' dir='ltr'><strong>habentem,</strong></span> <span class='ocrx_word' id='word_1_496' title='bbox 1482 4063 1606 4118; x_wconf 89' lang='lat' dir='ltr'><strong>inde</strong></span> <span class='ocrx_word' id='word_1_497' title='bbox 1648 4079 1833 4117; x_wconf 86' lang='lat' dir='ltr'><strong>ansam</strong></span> <span class='ocrx_word' id='word_1_498' title='bbox 1879 4064 2124 4134; x_wconf 89' lang='lat' dir='ltr'><strong>capiebat</strong></span> 
     </span>
    </p>
   </div>
   <div class='ocr_carea' id='block_1_71' title="bbox 553 4152 2122 4215">
    <p class='ocr_par' dir='ltr' id='par_1_71' title="bbox 553 4152 2122 4215">
     <span class='ocr_line' id='line_1_71' title="bbox 553 4152 2122 4215; baseline 0.003 -10"><span class='ocrx_word' id='word_1_499' title='bbox 553 4153 619 4206; x_wconf 85' lang='lat' dir='ltr'><strong>de</strong></span> <span class='ocrx_word' id='word_1_500' title='bbox 644 4165 708 4205; x_wconf 86' lang='lat' dir='ltr'><strong>eo</strong></span> <span class='ocrx_word' id='word_1_501' title='bbox 737 4152 1088 4215; x_wconf 89' lang='lat' dir='ltr'><strong>detrahendi,</strong></span> <span class='ocrx_word' id='word_1_502' title='bbox 1133 4167 1198 4207; x_wconf 90' lang='lat' dir='ltr'><strong>ac</strong></span> <span class='ocrx_word' id='word_1_503' title='bbox 1254 4152 1506 4208; x_wconf 88' lang='lat' dir='ltr'><strong>omnibus</strong></span> <span class='ocrx_word' id='word_1_504' title='bbox 1557 4153 1833 4207; x_wconf 89' lang='lat' dir='ltr'><strong>dictitandi</strong></span> <span class='ocrx_word' id='word_1_505' title='bbox 1868 4170 1972 4208; x_wconf 93' lang='lat' dir='ltr'><strong>non</strong></span> <span class='ocrx_word' id='word_1_506' title='bbox 2002 4170 2122 4209; x_wconf 91' lang='lat' dir='ltr'><strong>eum</strong></span> 
     </span>
    </p>
   </div>
   <div class='ocr_carea' id='block_1_72' title="bbox 550 4243 2124 4314">
    <p class='ocr_par' dir='ltr' id='par_1_72' title="bbox 550 4243 2124 4314">
     <span class='ocr_line' id='line_1_72' title="bbox 550 4243 2124 4314; baseline 0.003 -16"><span class='ocrx_word' id='word_1_507' title='bbox 550 4258 672 4298; x_wconf 85' lang='lat' dir='ltr'><strong>esse</strong></span> <span class='ocrx_word' id='word_1_508' title='bbox 701 4244 788 4313; x_wconf 87' lang='lat' dir='ltr'><strong>qui</strong></span> <span class='ocrx_word' id='word_1_509' title='bbox 825 4245 1087 4298; x_wconf 85' lang='lat' dir='ltr'><strong>hactenus</strong></span> <span class='ocrx_word' id='word_1_510' title='bbox 1122 4243 1327 4307; x_wconf 86' lang='lat' dir='ltr'><strong>fuerat,</strong></span> <span class='ocrx_word' id='word_1_511' title='bbox 1372 4244 1463 4299; x_wconf 91' lang='lat' dir='ltr'><strong>sed</strong></span> <span class='ocrx_word' id='word_1_512' title='bbox 1497 4245 1561 4298; x_wconf 90' lang='lat' dir='ltr'><strong>ad</strong></span> <span class='ocrx_word' id='word_1_513' title='bbox 1601 4259 1715 4299; x_wconf 87' lang='lat' dir='ltr'><strong>rem</strong></span> <span class='ocrx_word' id='word_1_514' title='bbox 1746 4254 2042 4314; x_wconf 89' lang='lat' dir='ltr'><strong>attentum,</strong></span> <span class='ocrx_word' id='word_1_515' title='bbox 2070 4256 2124 4302; x_wconf 94' lang='lat' dir='ltr'><strong>et</strong></span> 
     </span>
    </p>
   </div>
   <div class='ocr_carea' id='block_1_73' title="bbox 550 4335 2121 4399">
    <p class='ocr_par' dir='ltr' id='par_1_73' title="bbox 550 4335 2121 4399">
     <span class='ocr_line' id='line_1_73' title="bbox 550 4335 2121 4399; baseline 0.003 -10"><span class='ocrx_word' id='word_1_516' title='bbox 550 4335 885 4389; x_wconf 87' lang='lat' dir='ltr'><strong>cumulandis</strong></span> <span class='ocrx_word' id='word_1_517' title='bbox 929 4335 1118 4399; x_wconf 91' lang='lat' dir='ltr'><strong>opibus</strong></span> <span class='ocrx_word' id='word_1_518' title='bbox 1165 4345 1332 4390; x_wconf 91' lang='lat' dir='ltr'><strong>totum</strong></span> <span class='ocrx_word' id='word_1_519' title='bbox 1388 4337 1715 4390; x_wconf 89' lang='lat' dir='ltr'><strong>incumbere.</strong></span> <span class='ocrx_word' id='word_1_520' title='bbox 1757 4337 2000 4392; x_wconf 87' lang='lat' dir='ltr'><strong>Libertas</strong></span> <span class='ocrx_word' id='word_1_521' title='bbox 2042 4340 2121 4394; x_wconf 88' lang='lat' dir='ltr'><strong>vi-</strong></span> 
     </span>
    </p>
   </div>
   <div class='ocr_carea' id='block_1_74' title="bbox 552 4425 2123 4499">
    <p class='ocr_par' dir='ltr' id='par_1_74' title="bbox 552 4425 2123 4499">
     <span class='ocr_line' id='line_1_74' title="bbox 552 4425 2123 4499; baseline 0.004 -22"><span class='ocrx_word' id='word_1_522' title='bbox 552 4427 704 4480; x_wconf 89' lang='lat' dir='ltr'><strong>vendi</strong></span> <span class='ocrx_word' id='word_1_523' title='bbox 733 4426 795 4479; x_wconf 90' lang='lat' dir='ltr'><strong>ad</strong></span> <span class='ocrx_word' id='word_1_524' title='bbox 822 4425 1101 4478; x_wconf 88' lang='lat' dir='ltr'><strong>arbitrium</strong></span> <span class='ocrx_word' id='word_1_525' title='bbox 1125 4437 1178 4479; x_wconf 93' lang='lat' dir='ltr'><strong>et</strong></span> <span class='ocrx_word' id='word_1_526' title='bbox 1201 4428 1488 4488; x_wconf 74' lang='lat' dir='ltr'><strong>sentiendi,</strong></span> <span class='ocrx_word' id='word_1_527' title='bbox 1522 4443 1680 4496; x_wconf 88' lang='lat' dir='ltr'><strong>quam</strong></span> <span class='ocrx_word' id='word_1_528' title='bbox 1698 4428 1749 4482; x_wconf 93' lang='lat' dir='ltr'><strong>in</strong></span> <span class='ocrx_word' id='word_1_529' title='bbox 1774 4439 1917 4483; x_wconf 85' lang='lat' dir='ltr'><strong>secta</strong></span> <span class='ocrx_word' id='word_1_530' title='bbox 1940 4446 1969 4482; x_wconf 90' lang='lat' dir='ltr'><strong>a</strong></span> <span class='ocrx_word' id='word_1_531' title='bbox 1996 4446 2123 4499; x_wconf 87' lang='lat' dir='ltr'><strong>syn-</strong></span> 
     </span>
    </p>
   </div>
   <div class='ocr_carea' id='block_1_75' title="bbox 548 4515 2120 4590">
    <p class='ocr_par' dir='ltr' id='par_1_75' title="bbox 548 4515 2120 4590">
     <span class='ocr_line' id='line_1_75' title="bbox 548 4515 2120 4590; baseline 0.005 -24"><span class='ocrx_word' id='word_1_532' title='bbox 548 4517 652 4567; x_wconf 90' lang='lat' dir='ltr'><strong>odo</strong></span> <span class='ocrx_word' id='word_1_533' title='bbox 697 4515 946 4568; x_wconf 83' lang='lat' dir='ltr'><strong>damnata</strong></span> <span class='ocrx_word' id='word_1_534' title='bbox 993 4515 1490 4581; x_wconf 85' lang='lat' dir='ltr'><strong>animadvertimus,</strong></span> <span class='ocrx_word' id='word_1_535' title='bbox 1544 4533 1647 4570; x_wconf 89' lang='lat' dir='ltr'><strong>non</strong></span> <span class='ocrx_word' id='word_1_536' title='bbox 1683 4519 1922 4574; x_wconf 89' lang='lat' dir='ltr'><strong>aberata</strong></span> <span class='ocrx_word' id='word_1_537' title='bbox 1959 4535 2120 4590; x_wconf 82' lang='lat' dir='ltr'><strong>grege</strong></span> 
     </span>
    </p>
   </div>
   <div class='ocr_carea' id='block_1_76' title="bbox 548 4605 2117 4676">
    <p class='ocr_par' dir='ltr' id='par_1_76' title="bbox 548 4605 2117 4676">
     <span class='ocr_line' id='line_1_76' title="bbox 548 4605 2117 4676; baseline 0.005 -18"><span class='ocrx_word' id='word_1_538' title='bbox 548 4606 713 4659; x_wconf 80' lang='lat' dir='ltr'><strong>Acrii.</strong></span> <span class='ocrx_word' id='word_1_539' title='bbox 746 4605 994 4660; x_wconf 84' lang='lat' dir='ltr'><strong>Testatur</strong></span> <span class='ocrx_word' id='word_1_540' title='bbox 1021 4607 1164 4660; x_wconf 90' lang='lat' dir='ltr'><strong>enim</strong></span> <span class='ocrx_word' id='word_1_541' title='bbox 1186 4607 1516 4676; x_wconf 87' lang='lat' dir='ltr'><strong>Epiphanius</strong></span> <span class='ocrx_word' id='word_1_542' title='bbox 1540 4609 1820 4664; x_wconf 92' lang='lat' dir='ltr'><strong>nonnullos</strong></span> <span class='ocrx_word' id='word_1_543' title='bbox 1846 4623 2117 4666; x_wconf 89' lang='lat' dir='ltr'><strong>austerum</strong></span> 
     </span>
    </p>
   </div>
   <div class='ocr_carea' id='block_1_77' title="bbox 548 4696 2122 4769">
    <p class='ocr_par' dir='ltr' id='par_1_77' title="bbox 548 4696 2122 4769">
     <span class='ocr_line' id='line_1_77' title="bbox 548 4696 2122 4769; baseline 0.007 -26"><span class='ocrx_word' id='word_1_544' title='bbox 548 4696 762 4749; x_wconf 86' lang='lat' dir='ltr'><strong>vivendi</strong></span> <span class='ocrx_word' id='word_1_545' title='bbox 804 4711 972 4766; x_wconf 72' lang='lat' dir='ltr'><strong>genus</strong></span> <span class='ocrx_word' id='word_1_546' title='bbox 1008 4697 1312 4762; x_wconf 87' lang='lat' dir='ltr'><strong>retinuisse,</strong></span> <span class='ocrx_word' id='word_1_547' title='bbox 1347 4700 1588 4766; x_wconf 88' lang='lat' dir='ltr'><strong>quamvis</strong></span> <span class='ocrx_word' id='word_1_548' title='bbox 1627 4699 1867 4769; x_wconf 90' lang='lat' dir='ltr'><strong>plerique</strong></span> <span class='ocrx_word' id='word_1_549' title='bbox 1904 4703 2028 4755; x_wconf 92' lang='lat' dir='ltr'><strong>vino</strong></span> <span class='ocrx_word' id='word_1_550' title='bbox 2066 4712 2122 4756; x_wconf 91' lang='lat' dir='ltr'><strong>et</strong></span> 
     </span>
    </p>
   </div>
   <div class='ocr_carea' id='block_1_78' title="bbox 544 4787 2116 4857">
    <p class='ocr_par' dir='ltr' id='par_1_78' title="bbox 544 4787 2116 4857">
     <span class='ocr_line' id='line_1_78' title="bbox 544 4787 2116 4857; baseline 0.004 -17"><span class='ocrx_word' id='word_1_551' title='bbox 544 4788 800 4840; x_wconf 89' lang='lat' dir='ltr'><strong>carnibus</strong></span> <span class='ocrx_word' id='word_1_552' title='bbox 841 4802 960 4841; x_wconf 90' lang='lat' dir='ltr'><strong>sese</strong></span> <span class='ocrx_word' id='word_1_553' title='bbox 1008 4787 1422 4857; x_wconf 82' lang='lat' dir='ltr'><strong>iugurgitarent.</strong></span> <span class='ocrx_word' id='word_1_554' title='bbox 1477 4790 1876 4844; x_wconf 82' lang='lat' dir='ltr'><strong>Matrimonium</strong></span> <span class='ocrx_word' id='word_1_555' title='bbox 1908 4793 1975 4845; x_wconf 89' lang='lat' dir='ltr'><strong>ab</strong></span> <span class='ocrx_word' id='word_1_556' title='bbox 2010 4792 2116 4846; x_wconf 86' lang='lat' dir='ltr'><strong>Eu-</strong></span> 
     </span>
    </p>
   </div>
   <div class='ocr_carea' id='block_1_79' title="bbox 544 4879 2119 4953">
    <p class='ocr_par' dir='ltr' id='par_1_79' title="bbox 544 4879 2119 4953">
     <span class='ocr_line' id='line_1_79' title="bbox 544 4879 2119 4953; baseline 0.003 -22"><span class='ocrx_word' id='word_1_557' title='bbox 544 4880 729 4932; x_wconf 88' lang='lat' dir='ltr'><strong>statbii</strong></span> <span class='ocrx_word' id='word_1_558' title='bbox 779 4879 1054 4948; x_wconf 89' lang='lat' dir='ltr'><strong>discipulis</strong></span> <span class='ocrx_word' id='word_1_559' title='bbox 1093 4881 1388 4950; x_wconf 87' lang='lat' dir='ltr'><strong>vituperari</strong></span> <span class='ocrx_word' id='word_1_560' title='bbox 1441 4893 1668 4936; x_wconf 88' lang='lat' dir='ltr'><strong>testatur</strong></span> <span class='ocrx_word' id='word_1_561' title='bbox 1712 4884 1947 4953; x_wconf 90' lang='lat' dir='ltr'><strong>synodus</strong></span> <span class='ocrx_word' id='word_1_562' title='bbox 1974 4883 2119 4939; x_wconf 81' lang='lat' dir='ltr'><strong>Gan-</strong></span> 
     </span>
    </p>
   </div>
   <div class='ocr_carea' id='block_1_80' title="bbox 544 4972 2112 5044">
    <p class='ocr_par' dir='ltr' id='par_1_80' title="bbox 544 4972 2112 5044">
     <span class='ocr_line' id='line_1_80' title="bbox 544 4972 2112 5044; baseline 0.005 -23"><span class='ocrx_word' id='word_1_563' title='bbox 544 4972 786 5039; x_wconf 80' lang='lat' dir='ltr'><strong>greusis:</strong></span> <span class='ocrx_word' id='word_1_564' title='bbox 811 4973 944 5026; x_wconf 88' lang='lat' dir='ltr'><strong>idem</strong></span> <span class='ocrx_word' id='word_1_565' title='bbox 965 4973 1029 5028; x_wconf 92' lang='lat' dir='ltr'><strong>de</strong></span> <span class='ocrx_word' id='word_1_566' title='bbox 1044 4972 1206 5027; x_wconf 80' lang='lat' dir='ltr'><strong>Aerio</strong></span> <span class='ocrx_word' id='word_1_567' title='bbox 1227 4988 1329 5027; x_wconf 93' lang='lat' dir='ltr'><strong>non</strong></span> <span class='ocrx_word' id='word_1_568' title='bbox 1351 4974 1478 5027; x_wconf 90' lang='lat' dir='ltr'><strong>dicit</strong></span> <span class='ocrx_word' id='word_1_569' title='bbox 1508 4985 1726 5029; x_wconf 91' lang='lat' dir='ltr'><strong>sanctus</strong></span> <span class='ocrx_word' id='word_1_570' title='bbox 1745 4974 2074 5044; x_wconf 84' lang='lat' dir='ltr'><strong>Epiphanius</strong></span> <span class='ocrx_word' id='word_1_571' title='bbox 2099 4993 2112 5029; x_wconf 90' lang='lat'><strong>:</strong></span> 
     </span>
    </p>
   </div>
   <div class='ocr_carea' id='block_1_81' title="bbox 543 5061 2112 5134">
    <p class='ocr_par' dir='ltr' id='par_1_81' title="bbox 543 5061 2112 5134">
     <span class='ocr_line' id='line_1_81' title="bbox 543 5061 2112 5134; baseline 0.004 -23"><span class='ocrx_word' id='word_1_572' title='bbox 543 5061 635 5112; x_wconf 86' lang='lat' dir='ltr'><strong>sed</strong></span> <span class='ocrx_word' id='word_1_573' title='bbox 664 5072 838 5115; x_wconf 86' lang='lat' dir='ltr'><strong>tamen</strong></span> <span class='ocrx_word' id='word_1_574' title='bbox 873 5062 940 5115; x_wconf 91' lang='lat' dir='ltr'><strong>ab</strong></span> <span class='ocrx_word' id='word_1_575' title='bbox 968 5063 1110 5117; x_wconf 90' lang='lat' dir='ltr'><strong>illius</strong></span> <span class='ocrx_word' id='word_1_576' title='bbox 1141 5073 1288 5116; x_wconf 87' lang='lat' dir='ltr'><strong>secta</strong></span> <span class='ocrx_word' id='word_1_577' title='bbox 1321 5062 1477 5130; x_wconf 87' lang='lat' dir='ltr'><strong>hujus</strong></span> <span class='ocrx_word' id='word_1_578' title='bbox 1521 5066 1723 5119; x_wconf 89' lang='lat' dir='ltr'><strong>erroris</strong></span> <span class='ocrx_word' id='word_1_579' title='bbox 1749 5065 2112 5134; x_wconf 75' lang='lat' dir='ltr'><strong>suspicionem</strong></span> 
     </span>
    </p>
   </div>
   <div class='ocr_carea' id='block_1_82' title="bbox 543 5152 2117 5225">
    <p class='ocr_par' dir='ltr' id='par_1_82' title="bbox 543 5152 2117 5225">
     <span class='ocr_line' id='line_1_82' title="bbox 543 5152 2117 5225; baseline 0.005 -22"><span class='ocrx_word' id='word_1_580' title='bbox 543 5168 648 5204; x_wconf 90' lang='lat' dir='ltr'><strong>non</strong></span> <span class='ocrx_word' id='word_1_581' title='bbox 681 5152 916 5208; x_wconf 79' lang='lat' dir='ltr'><strong>abfuisse</strong></span> <span class='ocrx_word' id='word_1_582' title='bbox 952 5155 1206 5209; x_wconf 89' lang='lat' dir='ltr'><strong>discimus</strong></span> <span class='ocrx_word' id='word_1_583' title='bbox 1245 5170 1311 5210; x_wconf 82' lang='lat' dir='ltr'><strong>ex</strong></span> <span class='ocrx_word' id='word_1_584' title='bbox 1354 5157 1437 5210; x_wconf 89' lang='lat' dir='ltr'><strong>his</strong></span> <span class='ocrx_word' id='word_1_585' title='bbox 1473 5158 1646 5211; x_wconf 87' lang='lat' dir='ltr'><strong>sancti</strong></span> <span class='ocrx_word' id='word_1_586' title='bbox 1678 5157 1958 5225; x_wconf 82' lang='lat' dir='ltr'><strong>Augustini</strong></span> <span class='ocrx_word' id='word_1_587' title='bbox 1999 5173 2117 5211; x_wconf 83' lang='lat' dir='ltr'><strong>ver-</strong></span> 
     </span>
    </p>
   </div>
   <div class='ocr_carea' id='block_1_83' title="bbox 540 5245 2119 5318">
    <p class='ocr_par' dir='ltr' id='par_1_83' title="bbox 540 5245 2119 5318">
     <span class='ocr_line' id='line_1_83' title="bbox 540 5245 2119 5318; baseline 0 -19"><span class='ocrx_word' id='word_1_588' title='bbox 540 5247 624 5299; x_wconf 82' lang='lat' dir='ltr'><strong>bis</strong></span> <span class='ocrx_word' id='word_1_589' title='bbox 648 5246 721 5318; x_wconf 88' lang='lat' dir='ltr'><strong>(b)</strong></span> <span class='ocrx_word' id='word_1_590' title='bbox 754 5264 766 5298; x_wconf 92' lang='lat'>:</span> <span class='ocrx_word' id='word_1_591' title='bbox 810 5247 1037 5311; x_wconf 79' lang='lat' dir='ltr'><strong>Quidam</strong></span> <span class='ocrx_word' id='word_1_592' title='bbox 1075 5248 1338 5313; x_wconf 83' lang='lat' dir='ltr'><strong>perhibent</strong></span> <span class='ocrx_word' id='word_1_593' title='bbox 1362 5249 1515 5312; x_wconf 86' lang='lat' dir='ltr'><strong>istos,</strong></span> <span class='ocrx_word' id='word_1_594' title='bbox 1541 5250 1675 5303; x_wconf 87' lang='lat' dir='ltr'><strong>sicut</strong></span> <span class='ocrx_word' id='word_1_595' title='bbox 1711 5245 2015 5301; x_wconf 82' lang='lat' dir='ltr'><strong>Encratitas</strong></span> <span class='ocrx_word' id='word_1_596' title='bbox 2041 5248 2119 5300; x_wconf 86' lang='lat' dir='ltr'><strong>vel</strong></span> 
     </span>
    </p>
   </div>
   <div class='ocr_carea' id='block_1_84' title="bbox 550 5340 2116 5402">
    <p class='ocr_par' dir='ltr' id='par_1_84' title="bbox 550 5340 2116 5402">
     <span class='ocr_line' id='line_1_84' title="bbox 550 5340 2116 5402; baseline 0.001 -13"><span class='ocrx_word' id='word_1_597' title='bbox 550 5340 894 5402; x_wconf 83' lang='lat' dir='ltr'><strong>Apotactitas,</strong></span> <span class='ocrx_word' id='word_1_598' title='bbox 919 5357 1019 5391; x_wconf 91' lang='lat' dir='ltr'><strong>non</strong></span> <span class='ocrx_word' id='word_1_599' title='bbox 1039 5342 1308 5394; x_wconf 86' lang='lat' dir='ltr'><strong>admittere</strong></span> <span class='ocrx_word' id='word_1_600' title='bbox 1325 5341 1392 5392; x_wconf 91' lang='lat' dir='ltr'><strong>ad</strong></span> <span class='ocrx_word' id='word_1_601' title='bbox 1416 5341 1824 5393; x_wconf 87' lang='lat' dir='ltr'><strong>communionem</strong></span> <span class='ocrx_word' id='word_1_602' title='bbox 1851 5355 1998 5392; x_wconf 87' lang='lat' dir='ltr'><strong>suam</strong></span> <span class='ocrx_word' id='word_1_603' title='bbox 2017 5340 2116 5393; x_wconf 84' lang='lat' dir='ltr'><strong>nisi</strong></span> 
     </span>
    </p>
   </div>
   <div class='ocr_carea' id='block_1_85' title="bbox 541 5431 2118 5500">
    <p class='ocr_par' dir='ltr' id='par_1_85' title="bbox 541 5431 2118 5500">
     <span class='ocr_line' id='line_1_85' title="bbox 541 5431 2118 5500; baseline 0.003 -21"><span class='ocrx_word' id='word_1_604' title='bbox 541 5432 883 5494; x_wconf 83' lang='lat' dir='ltr'><strong>continentes,</strong></span> <span class='ocrx_word' id='word_1_605' title='bbox 916 5442 962 5484; x_wconf 89' lang='lat' dir='ltr'><strong>et</strong></span> <span class='ocrx_word' id='word_1_606' title='bbox 1005 5449 1090 5484; x_wconf 88' lang='lat' dir='ltr'><strong>eos</strong></span> <span class='ocrx_word' id='word_1_607' title='bbox 1123 5434 1209 5500; x_wconf 86' lang='lat' dir='ltr'><strong>qui</strong></span> <span class='ocrx_word' id='word_1_608' title='bbox 1240 5432 1432 5486; x_wconf 75' lang='lat' dir='ltr'><strong>sweulo</strong></span> <span class='ocrx_word' id='word_1_609' title='bbox 1472 5433 1547 5484; x_wconf 84' lang='lat' dir='ltr'><strong>ita</strong></span> <span class='ocrx_word' id='word_1_610' title='bbox 1593 5431 2020 5495; x_wconf 81' lang='lat' dir='ltr'><strong>renuntiaverint,</strong></span> <span class='ocrx_word' id='word_1_611' title='bbox 2063 5441 2118 5484; x_wconf 86' lang='lat' dir='ltr'><strong>ut</strong></span> 
     </span>
    </p>
   </div>
   <div class='ocr_carea' id='block_1_86' title="bbox 541 5523 2111 5590">
    <p class='ocr_par' dir='ltr' id='par_1_86' title="bbox 541 5523 2111 5590">
     <span class='ocr_line' id='line_1_86' title="bbox 541 5523 2111 5590; baseline 0.003 -18"><span class='ocrx_word' id='word_1_612' title='bbox 541 5525 750 5589; x_wconf 80' lang='lat' dir='ltr'><strong>propria</strong></span> <span class='ocrx_word' id='word_1_613' title='bbox 798 5523 940 5575; x_wconf 81' lang='lat' dir='ltr'><strong>nulla</strong></span> <span class='ocrx_word' id='word_1_614' title='bbox 989 5526 1313 5590; x_wconf 84' lang='lat' dir='ltr'><strong>possideant.</strong></span> <span class='ocrx_word' id='word_1_615' title='bbox 1369 5527 1444 5579; x_wconf 79' lang='lat' dir='ltr'><strong>Ab</strong></span> <span class='ocrx_word' id='word_1_616' title='bbox 1491 5541 1608 5578; x_wconf 87' lang='lat' dir='ltr'><strong>esca</strong></span> <span class='ocrx_word' id='word_1_617' title='bbox 1654 5535 1826 5578; x_wconf 84' lang='lat' dir='ltr'><strong>tamen</strong></span> <span class='ocrx_word' id='word_1_618' title='bbox 1870 5524 2111 5577; x_wconf 87' lang='lat' dir='ltr'><strong>carnium</strong></span> 
     </span>
    </p>
   </div>
   <div class='ocr_carea' id='block_1_87' title="bbox 618 5660 1128 5726">
    <p class='ocr_par' dir='ltr' id='par_1_87' title="bbox 618 5660 1128 5726">
     <span class='ocr_line' id='line_1_87' title="bbox 618 5660 1128 5726; baseline 0.018 -18"><span class='ocrx_word' id='word_1_619' title='bbox 618 5661 695 5726; x_wconf 74' lang='grc' dir='ltr'><strong>(τι)</strong></span> <span class='ocrx_word' id='word_1_620' title='bbox 737 5660 933 5714; x_wconf 72' lang='lat' dir='ltr'><strong>Haeres.</strong></span> <span class='ocrx_word' id='word_1_621' title='bbox 969 5680 1032 5715; x_wconf 80' lang='lat' dir='ltr'><strong>1.x</strong></span> <span class='ocrx_word' id='word_1_622' title='bbox 1045 5680 1128 5717; x_wconf 75' lang='lat' dir='ltr'><strong>xv.</strong></span> 
     </span>
    </p>
   </div>
   <div class='ocr_carea' id='block_1_88' title="bbox 617 5731 1418 5796">
    <p class='ocr_par' dir='ltr' id='par_1_88' title="bbox 617 5731 1418 5796">
     <span class='ocr_line' id='line_1_88' title="bbox 617 5731 1418 5796; baseline 0.017 -22"><span class='ocrx_word' id='word_1_623' title='bbox 617 5735 690 5794; x_wconf 71' lang='lat' dir='ltr'><strong>(tr)</strong></span> <span class='ocrx_word' id='word_1_624' title='bbox 731 5731 883 5784; x_wconf 84' lang='lat' dir='ltr'><strong>Tum.</strong></span> <span class='ocrx_word' id='word_1_625' title='bbox 918 5732 1048 5796; x_wconf 79' lang='lat' dir='ltr'><strong>VIII,</strong></span> <span class='ocrx_word' id='word_1_626' title='bbox 1086 5737 1272 5790; x_wconf 68' lang='lat' dir='ltr'><strong>hmres.</strong></span> <span class='ocrx_word' id='word_1_627' title='bbox 1305 5752 1418 5790; x_wconf 87' lang='lat' dir='ltr'><strong>LIII.</strong></span> 
     </span>
    </p>
   </div>
   <div class='ocr_carea' id='block_1_89' title="bbox 611 5801 1160 5868">
    <p class='ocr_par' dir='ltr' id='par_1_89' title="bbox 611 5801 1160 5868">
     <span class='ocr_line' id='line_1_89' title="bbox 611 5801 1160 5868; baseline 0.015 -15"><span class='ocrx_word' id='word_1_628' title='bbox 611 5807 685 5868; x_wconf 64' lang='grc' dir='ltr'><strong>(ι’)</strong></span> <span class='ocrx_word' id='word_1_629' title='bbox 727 5801 843 5855; x_wconf 85' lang='lat' dir='ltr'><strong>Li-b.</strong></span> <span class='ocrx_word' id='word_1_630' title='bbox 879 5818 958 5867; x_wconf 85' lang='lat' dir='ltr'><strong>III,</strong></span> <span class='ocrx_word' id='word_1_631' title='bbox 995 5821 1043 5858; x_wconf 86' lang='lat' dir='ltr'><strong>c.</strong></span> <span class='ocrx_word' id='word_1_632' title='bbox 1080 5805 1160 5861; x_wconf 76' lang='grc' dir='ltr'><strong>Μ.</strong></span> 
     </span>
    </p>
   </div>
   <div class='ocr_carea' id='block_1_90' title="bbox 2233 3322 3805 3392">
    <p class='ocr_par' dir='ltr' id='par_1_90' title="bbox 2233 3322 3805 3392">
     <span class='ocr_line' id='line_1_90' title="bbox 2233 3322 3805 3392; baseline -0.001 -16"><span class='ocrx_word' id='word_1_633' title='bbox 2233 3324 2351 3389; x_wconf 88' lang='lat' dir='ltr'><strong>tuit,</strong></span> <span class='ocrx_word' id='word_1_634' title='bbox 2391 3341 2452 3377; x_wconf 90' lang='lat' dir='ltr'><strong>ae</strong></span> <span class='ocrx_word' id='word_1_635' title='bbox 2483 3335 2605 3377; x_wconf 92' lang='lat' dir='ltr'><strong>nota</strong></span> <span class='ocrx_word' id='word_1_636' title='bbox 2637 3325 2874 3376; x_wconf 85' lang='lat' dir='ltr'><strong>omnibus</strong></span> <span class='ocrx_word' id='word_1_637' title='bbox 2916 3323 3087 3391; x_wconf 80' lang='lat' dir='ltr'><strong>facere</strong></span> <span class='ocrx_word' id='word_1_638' title='bbox 3131 3324 3385 3387; x_wconf 79' lang='lat' dir='ltr'><strong>decrevit,</strong></span> <span class='ocrx_word' id='word_1_639' title='bbox 3421 3339 3537 3392; x_wconf 71' lang='lat' dir='ltr'><strong>qua:</strong></span> <span class='ocrx_word' id='word_1_640' title='bbox 3573 3322 3707 3376; x_wconf 88' lang='lat' dir='ltr'><strong>male</strong></span> <span class='ocrx_word' id='word_1_641' title='bbox 3732 3324 3805 3376; x_wconf 88' lang='lat' dir='ltr'><strong>ab</strong></span> 
     </span>
    </p>
   </div>
   <div class='ocr_carea' id='block_1_91' title="bbox 2231 3413 3804 3484">
    <p class='ocr_par' dir='ltr' id='par_1_91' title="bbox 2231 3413 3804 3484">
     <span class='ocr_line' id='line_1_91' title="bbox 2231 3413 3804 3484; baseline -0.001 -17"><span class='ocrx_word' id='word_1_642' title='bbox 2231 3429 2290 3467; x_wconf 85' lang='lat' dir='ltr'><strong>eo</strong></span> <span class='ocrx_word' id='word_1_643' title='bbox 2316 3414 2472 3481; x_wconf 82' lang='lat' dir='ltr'><strong>ﬁunt.</strong></span> <span class='ocrx_word' id='word_1_644' title='bbox 2516 3413 2826 3484; x_wconf 78' lang='lat' dir='ltr'><strong>Legendum</strong></span> <span class='ocrx_word' id='word_1_645' title='bbox 2855 3428 2975 3468; x_wconf 87' lang='lat' dir='ltr'><strong>esse</strong></span> <span class='ocrx_word' id='word_1_646' title='bbox 3014 3414 3106 3468; x_wconf 78' lang='grc' dir='ltr'><strong>ὑπ’</strong></span> <span class='ocrx_word' id='word_1_647' title='bbox 3128 3414 3337 3476; x_wconf 78' lang='grc' dir='ltr'>αὐτῶν,</span> <span class='ocrx_word' id='word_1_648' title='bbox 3372 3423 3424 3467; x_wconf 89' lang='lat' dir='ltr'><strong>et</strong></span> <span class='ocrx_word' id='word_1_649' title='bbox 3457 3415 3804 3480; x_wconf 87' lang='lat' dir='ltr'><strong>vertendum,</strong></span> 
     </span>
    </p>
   </div>
   <div class='ocr_carea' id='block_1_92' title="bbox 2231 3505 3808 3576">
    <p class='ocr_par' dir='ltr' id='par_1_92' title="bbox 2231 3505 3808 3576">
     <span class='ocr_line' id='line_1_92' title="bbox 2231 3505 3808 3576; baseline 0 -18"><span class='ocrx_word' id='word_1_650' title='bbox 2231 3520 2347 3576; x_wconf 73' lang='lat' dir='ltr'><strong>qua:</strong></span> <span class='ocrx_word' id='word_1_651' title='bbox 2380 3505 2514 3559; x_wconf 90' lang='lat' dir='ltr'><strong>male</strong></span> <span class='ocrx_word' id='word_1_652' title='bbox 2551 3506 2614 3559; x_wconf 88' lang='lat' dir='ltr'><strong>ab</strong></span> <span class='ocrx_word' id='word_1_653' title='bbox 2645 3506 2750 3558; x_wconf 85' lang='lat' dir='ltr'><strong>illis</strong></span> <span class='ocrx_word' id='word_1_654' title='bbox 2788 3506 2945 3572; x_wconf 80' lang='lat' dir='ltr'><strong>ﬁunt,</strong></span> <span class='ocrx_word' id='word_1_655' title='bbox 2988 3507 3310 3575; x_wconf 91' lang='lat' dir='ltr'><strong>perspicitur</strong></span> <span class='ocrx_word' id='word_1_656' title='bbox 3341 3522 3406 3560; x_wconf 87' lang='lat' dir='ltr'><strong>ex</strong></span> <span class='ocrx_word' id='word_1_657' title='bbox 3437 3507 3518 3560; x_wconf 88' lang='lat' dir='ltr'><strong>his</strong></span> <span class='ocrx_word' id='word_1_658' title='bbox 3551 3521 3667 3574; x_wconf 82' lang='lat' dir='ltr'><strong>qua:</strong></span> <span class='ocrx_word' id='word_1_659' title='bbox 3708 3521 3808 3559; x_wconf 86' lang='lat' dir='ltr'><strong>se-</strong></span> 
     </span>
    </p>
   </div>
   <div class='ocr_carea' id='block_1_93' title="bbox 2232 3597 3808 3668">
    <p class='ocr_par' dir='ltr' id='par_1_93' title="bbox 2232 3597 3808 3668">
     <span class='ocr_line' id='line_1_93' title="bbox 2232 3597 3808 3668; baseline 0 -17"><span class='ocrx_word' id='word_1_660' title='bbox 2232 3606 2488 3667; x_wconf 88' lang='lat' dir='ltr'><strong>quuntur,</strong></span> <span class='ocrx_word' id='word_1_661' title='bbox 2525 3598 2620 3652; x_wconf 76' lang='grc' dir='ltr'><strong>καὶ</strong></span> <span class='ocrx_word' id='word_1_662' title='bbox 2657 3597 2763 3667; x_wconf 81' lang='grc' dir='ltr'>γὰρ</span> <span class='ocrx_word' id='word_1_663' title='bbox 2793 3599 2856 3651; x_wconf 82' lang='grc' dir='ltr'><strong>ὲκ</strong></span> <span class='ocrx_word' id='word_1_664' title='bbox 2879 3597 2971 3650; x_wconf 77' lang='grc' dir='ltr'><strong>τοῦ</strong></span> <span class='ocrx_word' id='word_1_665' title='bbox 3008 3597 3462 3668; x_wconf 68' lang='grc' dir='ltr'>καταμέμςρεσθαι</span> <span class='ocrx_word' id='word_1_666' title='bbox 3488 3598 3682 3660; x_wconf 74' lang='grc' dir='ltr'>αὐτοὺς</span> <span class='ocrx_word' id='word_1_667' title='bbox 3706 3597 3808 3651; x_wconf 78' lang='grc' dir='ltr'>τὸν</span> 
     </span>
    </p>
   </div>
   <div class='ocr_carea' id='block_1_94' title="bbox 2230 3689 3807 3761">
    <p class='ocr_par' dir='ltr' id='par_1_94' title="bbox 2230 3689 3807 3761">
     <span class='ocr_line' id='line_1_94' title="bbox 2230 3689 3807 3761; baseline 0 -17"><span class='ocrx_word' id='word_1_668' title='bbox 2230 3691 2406 3761; x_wconf 80' lang='grc' dir='ltr'>γάμον</span> <span class='ocrx_word' id='word_1_669' title='bbox 2431 3707 2444 3719; x_wconf 92' lang='grc'><strong>·</strong></span> <span class='ocrx_word' id='word_1_670' title='bbox 2480 3708 2602 3744; x_wconf 91' lang='lat' dir='ltr'><strong>nam</strong></span> <span class='ocrx_word' id='word_1_671' title='bbox 2630 3707 2693 3745; x_wconf 73' lang='lat' dir='ltr'><strong>ea:</strong></span> <span class='ocrx_word' id='word_1_672' title='bbox 2729 3708 2784 3745; x_wconf 86' lang='lat' dir='ltr'><strong>eo</strong></span> <span class='ocrx_word' id='word_1_673' title='bbox 2816 3692 2954 3759; x_wconf 87' lang='lat' dir='ltr'><strong>quod</strong></span> <span class='ocrx_word' id='word_1_674' title='bbox 2987 3692 3195 3760; x_wconf 88' lang='lat' dir='ltr'><strong>nuptias</strong></span> <span class='ocrx_word' id='word_1_675' title='bbox 3233 3692 3544 3759; x_wconf 84' lang='lat' dir='ltr'><strong>vituperent,</strong></span> <span class='ocrx_word' id='word_1_676' title='bbox 3577 3701 3678 3745; x_wconf 91' lang='lat' dir='ltr'><strong>etc.</strong></span> <span class='ocrx_word' id='word_1_677' title='bbox 3706 3689 3807 3744; x_wconf 80' lang='lat' dir='ltr'><strong>Ni-</strong></span> 
     </span>
    </p>
   </div>
   <div class='ocr_carea' id='block_1_95' title="bbox 2232 3785 3809 3856">
    <p class='ocr_par' dir='ltr' id='par_1_95' title="bbox 2232 3785 3809 3856">
     <span class='ocr_line' id='line_1_95' title="bbox 2232 3785 3809 3856; baseline -0.003 -16"><span class='ocrx_word' id='word_1_678' title='bbox 2232 3786 2304 3840; x_wconf 92' lang='lat' dir='ltr'><strong>hil</strong></span> <span class='ocrx_word' id='word_1_679' title='bbox 2337 3800 2468 3841; x_wconf 88' lang='lat' dir='ltr'><strong>sane</strong></span> <span class='ocrx_word' id='word_1_680' title='bbox 2507 3786 2560 3840; x_wconf 91' lang='lat' dir='ltr'><strong>in</strong></span> <span class='ocrx_word' id='word_1_681' title='bbox 2600 3786 2704 3840; x_wconf 83' lang='lat' dir='ltr'><strong>hac</strong></span> <span class='ocrx_word' id='word_1_682' title='bbox 2727 3787 2916 3856; x_wconf 89' lang='lat' dir='ltr'><strong>synodi</strong></span> <span class='ocrx_word' id='word_1_683' title='bbox 2950 3785 3264 3854; x_wconf 60' lang='lat' dir='ltr'><strong>prwfatione</strong></span> <span class='ocrx_word' id='word_1_684' title='bbox 3293 3786 3561 3854; x_wconf 86' lang='lat' dir='ltr'><strong>reperias,</strong></span> <span class='ocrx_word' id='word_1_685' title='bbox 3592 3799 3658 3838; x_wconf 83' lang='lat' dir='ltr'><strong>ex</strong></span> <span class='ocrx_word' id='word_1_686' title='bbox 3690 3799 3809 3853; x_wconf 86' lang='lat' dir='ltr'><strong>quo</strong></span> 
     </span>
    </p>
   </div>
   <div class='ocr_carea' id='block_1_96' title="bbox 2231 3874 3807 3944">
    <p class='ocr_par' dir='ltr' id='par_1_96' title="bbox 2231 3874 3807 3944">
     <span class='ocr_line' id='line_1_96' title="bbox 2231 3874 3807 3944; baseline -0.003 -14"><span class='ocrx_word' id='word_1_687' title='bbox 2231 3887 2544 3932; x_wconf 87' lang='lat' dir='ltr'><strong>accusatum</strong></span> <span class='ocrx_word' id='word_1_688' title='bbox 2577 3877 2744 3931; x_wconf 85' lang='lat' dir='ltr'><strong>fuisse</strong></span> <span class='ocrx_word' id='word_1_689' title='bbox 2774 3876 3111 3929; x_wconf 87' lang='lat' dir='ltr'><strong>Eustathium</strong></span> <span class='ocrx_word' id='word_1_690' title='bbox 3145 3886 3346 3944; x_wconf 90' lang='lat' dir='ltr'><strong>pateat.</strong></span> <span class='ocrx_word' id='word_1_691' title='bbox 3381 3874 3589 3943; x_wconf 82' lang='lat' dir='ltr'><strong>Ubique</strong></span> <span class='ocrx_word' id='word_1_692' title='bbox 3627 3875 3677 3928; x_wconf 94' lang='lat' dir='ltr'><strong>in</strong></span> <span class='ocrx_word' id='word_1_693' title='bbox 3715 3875 3807 3928; x_wconf 86' lang='lat' dir='ltr'><strong>di-</strong></span> 
     </span>
    </p>
   </div>
   <div class='ocr_carea' id='block_1_97' title="bbox 2231 3964 3801 4036">
    <p class='ocr_par' dir='ltr' id='par_1_97' title="bbox 2231 3964 3801 4036">
     <span class='ocr_line' id='line_1_97' title="bbox 2231 3964 3801 4036; baseline -0.002 -14"><span class='ocrx_word' id='word_1_694' title='bbox 2231 3967 2468 4036; x_wconf 89' lang='lat' dir='ltr'><strong>scipulos</strong></span> <span class='ocrx_word' id='word_1_695' title='bbox 2506 3967 2732 4021; x_wconf 88' lang='lat' dir='ltr'><strong>crimina</strong></span> <span class='ocrx_word' id='word_1_696' title='bbox 2761 3964 3099 4034; x_wconf 62' lang='lat' dir='ltr'><strong>rej&#39;iciuntur,</strong></span> <span class='ocrx_word' id='word_1_697' title='bbox 3137 3966 3280 4019; x_wconf 88' lang='lat' dir='ltr'><strong>nulla</strong></span> <span class='ocrx_word' id='word_1_698' title='bbox 3306 3966 3404 4034; x_wconf 91' lang='lat' dir='ltr'><strong>ipsi</strong></span> <span class='ocrx_word' id='word_1_699' title='bbox 3435 3965 3611 4019; x_wconf 89' lang='lat' dir='ltr'><strong>inusta</strong></span> <span class='ocrx_word' id='word_1_700' title='bbox 3643 3965 3801 4033; x_wconf 81' lang='lat' dir='ltr'><strong>igno-</strong></span> 
     </span>
    </p>
   </div>
   <div class='ocr_carea' id='block_1_98' title="bbox 2230 4056 3807 4128">
    <p class='ocr_par' dir='ltr' id='par_1_98' title="bbox 2230 4056 3807 4128">
     <span class='ocr_line' id='line_1_98' title="bbox 2230 4056 3807 4128; baseline -0.002 -15"><span class='ocrx_word' id='word_1_701' title='bbox 2230 4059 2416 4127; x_wconf 90' lang='lat' dir='ltr'><strong>minia,</strong></span> <span class='ocrx_word' id='word_1_702' title='bbox 2453 4059 2698 4128; x_wconf 86' lang='lat' dir='ltr'><strong>quamvis</strong></span> <span class='ocrx_word' id='word_1_703' title='bbox 2740 4058 2971 4112; x_wconf 80' lang='lat' dir='ltr'><strong>maxima</strong></span> <span class='ocrx_word' id='word_1_704' title='bbox 3020 4056 3160 4113; x_wconf 88' lang='lat' dir='ltr'><strong>inuri</strong></span> <span class='ocrx_word' id='word_1_705' title='bbox 3199 4058 3466 4122; x_wconf 90' lang='lat' dir='ltr'><strong>debuerit,</strong></span> <span class='ocrx_word' id='word_1_706' title='bbox 3495 4058 3540 4112; x_wconf 88' lang='lat' dir='ltr'><strong>si</strong></span> <span class='ocrx_word' id='word_1_707' title='bbox 3597 4056 3807 4111; x_wconf 84' lang='lat' dir='ltr'><strong>facino-</strong></span> 
     </span>
    </p>
   </div>
   <div class='ocr_carea' id='block_1_99' title="bbox 2230 4150 3803 4219">
    <p class='ocr_par' dir='ltr' id='par_1_99' title="bbox 2230 4150 3803 4219">
     <span class='ocr_line' id='line_1_99' title="bbox 2230 4150 3803 4219; baseline -0.001 -13"><span class='ocrx_word' id='word_1_708' title='bbox 2230 4167 2347 4206; x_wconf 86' lang='lat' dir='ltr'><strong>rum</strong></span> <span class='ocrx_word' id='word_1_709' title='bbox 2397 4162 2585 4206; x_wconf 91' lang='lat' dir='ltr'><strong>auctor</strong></span> <span class='ocrx_word' id='word_1_710' title='bbox 2627 4151 2965 4205; x_wconf 83' lang='lat' dir='ltr'><strong>existimatus</strong></span> <span class='ocrx_word' id='word_1_711' title='bbox 3015 4150 3222 4205; x_wconf 82' lang='lat' dir='ltr'><strong>fuisset.</strong></span> <span class='ocrx_word' id='word_1_712' title='bbox 3270 4152 3445 4219; x_wconf 83' lang='lat' dir='ltr'><strong>Atque</strong></span> <span class='ocrx_word' id='word_1_713' title='bbox 3496 4150 3546 4203; x_wconf 88' lang='lat' dir='ltr'><strong>id</strong></span> <span class='ocrx_word' id='word_1_714' title='bbox 3578 4151 3803 4219; x_wconf 85' lang='lat' dir='ltr'><strong>quidem</strong></span> 
     </span>
    </p>
   </div>
   <div class='ocr_carea' id='block_1_100' title="bbox 2230 4241 3801 4311">
    <p class='ocr_par' dir='ltr' id='par_1_100' title="bbox 2230 4241 3801 4311">
     <span class='ocr_line' id='line_1_100' title="bbox 2230 4241 3801 4311; baseline -0.001 -16"><span class='ocrx_word' id='word_1_715' title='bbox 2230 4241 2455 4296; x_wconf 83' lang='lat' dir='ltr'><strong>mirifice</strong></span> <span class='ocrx_word' id='word_1_716' title='bbox 2485 4242 2735 4296; x_wconf 89' lang='lat' dir='ltr'><strong>convenit</strong></span> <span class='ocrx_word' id='word_1_717' title='bbox 2783 4241 3065 4296; x_wconf 88' lang='lat' dir='ltr'><strong>Eustathio</strong></span> <span class='ocrx_word' id='word_1_718' title='bbox 3099 4242 3429 4307; x_wconf 84' lang='lat' dir='ltr'><strong>Sebasteno,</strong></span> <span class='ocrx_word' id='word_1_719' title='bbox 3469 4258 3624 4311; x_wconf 91' lang='lat' dir='ltr'><strong>quem</strong></span> <span class='ocrx_word' id='word_1_720' title='bbox 3657 4257 3801 4294; x_wconf 88' lang='lat' dir='ltr'><strong>non-</strong></span> 
     </span>
    </p>
   </div>
   <div class='ocr_carea' id='block_1_101' title="bbox 2230 4331 3804 4403">
    <p class='ocr_par' dir='ltr' id='par_1_101' title="bbox 2230 4331 3804 4403">
     <span class='ocr_line' id='line_1_101' title="bbox 2230 4331 3804 4403; baseline -0.003 -17"><span class='ocrx_word' id='word_1_721' title='bbox 2230 4332 2382 4397; x_wconf 89' lang='lat' dir='ltr'><strong>nulli,</strong></span> <span class='ocrx_word' id='word_1_722' title='bbox 2420 4342 2555 4386; x_wconf 85' lang='lat' dir='ltr'><strong>teste</strong></span> <span class='ocrx_word' id='word_1_723' title='bbox 2585 4331 3001 4403; x_wconf 85' lang='lat' dir='ltr'><strong>Sozomeno(c),</strong></span> <span class='ocrx_word' id='word_1_724' title='bbox 3041 4332 3121 4386; x_wconf 92' lang='lat' dir='ltr'><strong>sic</strong></span> <span class='ocrx_word' id='word_1_725' title='bbox 3147 4332 3541 4398; x_wconf 80' lang='lat' dir='ltr'><strong>defendebant,</strong></span> <span class='ocrx_word' id='word_1_726' title='bbox 3587 4341 3642 4385; x_wconf 91' lang='lat' dir='ltr'><strong>ut</strong></span> <span class='ocrx_word' id='word_1_727' title='bbox 3681 4331 3804 4385; x_wconf 89' lang='lat' dir='ltr'><strong>cul-</strong></span> 
     </span>
    </p>
   </div>
   <div class='ocr_carea' id='block_1_102' title="bbox 2231 4422 3807 4493">
    <p class='ocr_par' dir='ltr' id='par_1_102' title="bbox 2231 4422 3807 4493">
     <span class='ocr_line' id='line_1_102' title="bbox 2231 4422 3807 4493; baseline 0 -19"><span class='ocrx_word' id='word_1_728' title='bbox 2231 4438 2351 4491; x_wconf 90' lang='lat' dir='ltr'><strong>pam</strong></span> <span class='ocrx_word' id='word_1_729' title='bbox 2379 4437 2593 4476; x_wconf 89' lang='lat' dir='ltr'><strong>omnem</strong></span> <span class='ocrx_word' id='word_1_730' title='bbox 2629 4423 2680 4476; x_wconf 92' lang='lat' dir='ltr'><strong>in</strong></span> <span class='ocrx_word' id='word_1_731' title='bbox 2719 4422 2835 4492; x_wconf 80' lang='lat' dir='ltr'><strong>ejus</strong></span> <span class='ocrx_word' id='word_1_732' title='bbox 2867 4423 3160 4493; x_wconf 88' lang='lat' dir='ltr'><strong>discipulos</strong></span> <span class='ocrx_word' id='word_1_733' title='bbox 3199 4422 3545 4488; x_wconf 82' lang='lat' dir='ltr'><strong>conferrent,</strong></span> <span class='ocrx_word' id='word_1_734' title='bbox 3586 4438 3684 4477; x_wconf 87' lang='lat' dir='ltr'><strong>nec</strong></span> <span class='ocrx_word' id='word_1_735' title='bbox 3713 4422 3807 4475; x_wconf 82' lang='lat' dir='ltr'><strong>ul-</strong></span> 
     </span>
    </p>
   </div>
   <div class='ocr_carea' id='block_1_103' title="bbox 2238 4513 3806 4581">
    <p class='ocr_par' dir='ltr' id='par_1_103' title="bbox 2238 4513 3806 4581">
     <span class='ocr_line' id='line_1_103' title="bbox 2238 4513 3806 4581; baseline 0.001 -16"><span class='ocrx_word' id='word_1_736' title='bbox 2238 4514 2342 4565; x_wconf 89' lang='lat' dir='ltr'><strong>lam</strong></span> <span class='ocrx_word' id='word_1_737' title='bbox 2369 4513 2536 4580; x_wconf 91' lang='lat' dir='ltr'><strong>ipsius</strong></span> <span class='ocrx_word' id='word_1_738' title='bbox 2564 4513 2765 4568; x_wconf 90' lang='lat' dir='ltr'><strong>nomini</strong></span> <span class='ocrx_word' id='word_1_739' title='bbox 2786 4515 2884 4568; x_wconf 90' lang='lat' dir='ltr'><strong>hac</strong></span> <span class='ocrx_word' id='word_1_740' title='bbox 2913 4513 2966 4566; x_wconf 93' lang='lat' dir='ltr'><strong>in</strong></span> <span class='ocrx_word' id='word_1_741' title='bbox 2997 4529 3056 4567; x_wconf 91' lang='lat' dir='ltr'><strong>re</strong></span> <span class='ocrx_word' id='word_1_742' title='bbox 3087 4513 3350 4566; x_wconf 90' lang='lat' dir='ltr'><strong>maculam</strong></span> <span class='ocrx_word' id='word_1_743' title='bbox 3378 4514 3607 4566; x_wconf 90' lang='lat' dir='ltr'><strong>insidere</strong></span> <span class='ocrx_word' id='word_1_744' title='bbox 3640 4522 3806 4581; x_wconf 84' lang='lat' dir='ltr'><strong>pate-</strong></span> 
     </span>
    </p>
   </div>
   <div class='ocr_carea' id='block_1_104' title="bbox 2231 4605 3804 4674">
    <p class='ocr_par' dir='ltr' id='par_1_104' title="bbox 2231 4605 3804 4674">
     <span class='ocr_line' id='line_1_104' title="bbox 2231 4605 3804 4674; baseline 0.001 -15"><span class='ocrx_word' id='word_1_745' title='bbox 2231 4617 2434 4660; x_wconf 86' lang='lat' dir='ltr'><strong>rentur.</strong></span> <span class='ocrx_word' id='word_1_746' title='bbox 2461 4605 2672 4662; x_wconf 85' lang='lat' dir='ltr'><strong>Pondus</strong></span> <span class='ocrx_word' id='word_1_747' title='bbox 2694 4608 2838 4661; x_wconf 88' lang='lat' dir='ltr'><strong>addit</strong></span> <span class='ocrx_word' id='word_1_748' title='bbox 2863 4606 2985 4662; x_wconf 89' lang='lat' dir='ltr'><strong>huic</strong></span> <span class='ocrx_word' id='word_1_749' title='bbox 3007 4608 3286 4661; x_wconf 79' lang='lat' dir='ltr'><strong>sententia:</strong></span> <span class='ocrx_word' id='word_1_750' title='bbox 3322 4618 3542 4660; x_wconf 88' lang='lat' dir='ltr'><strong>sanctus</strong></span> <span class='ocrx_word' id='word_1_751' title='bbox 3560 4605 3804 4674; x_wconf 84' lang='lat' dir='ltr'><strong>Epipha-</strong></span> 
     </span>
    </p>
   </div>
   <div class='ocr_carea' id='block_1_105' title="bbox 2228 4699 3803 4769">
    <p class='ocr_par' dir='ltr' id='par_1_105' title="bbox 2228 4699 3803 4769">
     <span class='ocr_line' id='line_1_105' title="bbox 2228 4699 3803 4769; baseline 0.003 -19"><span class='ocrx_word' id='word_1_752' title='bbox 2228 4699 2347 4751; x_wconf 92' lang='lat' dir='ltr'><strong>nius</strong></span> <span class='ocrx_word' id='word_1_753' title='bbox 2388 4700 2487 4768; x_wconf 82' lang='lat' dir='ltr'><strong>(d),</strong></span> <span class='ocrx_word' id='word_1_754' title='bbox 2515 4699 2609 4768; x_wconf 92' lang='lat' dir='ltr'><strong>qui</strong></span> <span class='ocrx_word' id='word_1_755' title='bbox 2643 4699 2861 4753; x_wconf 86' lang='lat' dir='ltr'><strong>Aerium</strong></span> <span class='ocrx_word' id='word_1_756' title='bbox 2897 4708 3128 4753; x_wconf 89' lang='lat' dir='ltr'><strong>testatur</strong></span> <span class='ocrx_word' id='word_1_757' title='bbox 3149 4739 3163 4764; x_wconf 92' lang='lat'><strong>,</strong></span> <span class='ocrx_word' id='word_1_758' title='bbox 3194 4711 3482 4769; x_wconf 89' lang='lat' dir='ltr'><strong>postquam</strong></span> <span class='ocrx_word' id='word_1_759' title='bbox 3510 4701 3576 4755; x_wconf 92' lang='lat' dir='ltr'><strong>ab</strong></span> <span class='ocrx_word' id='word_1_760' title='bbox 3599 4700 3803 4755; x_wconf 84' lang='lat' dir='ltr'><strong>Eusta-</strong></span> 
     </span>
    </p>
   </div>
   <div class='ocr_carea' id='block_1_106' title="bbox 2223 4789 3805 4859">
    <p class='ocr_par' dir='ltr' id='par_1_106' title="bbox 2223 4789 3805 4859">
     <span class='ocr_line' id='line_1_106' title="bbox 2223 4789 3805 4859; baseline 0.003 -17"><span class='ocrx_word' id='word_1_761' title='bbox 2223 4790 2333 4842; x_wconf 82' lang='grc' dir='ltr'><strong>ιΙιὶο</strong></span> <span class='ocrx_word' id='word_1_762' title='bbox 2358 4805 2477 4844; x_wconf 84' lang='lat' dir='ltr'><strong>sese</strong></span> <span class='ocrx_word' id='word_1_763' title='bbox 2508 4790 2788 4859; x_wconf 85' lang='lat' dir='ltr'><strong>disjunxit,</strong></span> <span class='ocrx_word' id='word_1_764' title='bbox 2839 4790 2904 4843; x_wconf 90' lang='lat' dir='ltr'><strong>ad</strong></span> <span class='ocrx_word' id='word_1_765' title='bbox 2941 4789 3172 4844; x_wconf 87' lang='lat' dir='ltr'><strong>absurda</strong></span> <span class='ocrx_word' id='word_1_766' title='bbox 3220 4791 3305 4844; x_wconf 90' lang='lat' dir='ltr'><strong>illa</strong></span> <span class='ocrx_word' id='word_1_767' title='bbox 3357 4791 3598 4845; x_wconf 88' lang='lat' dir='ltr'><strong>instituta</strong></span> <span class='ocrx_word' id='word_1_768' title='bbox 3634 4792 3805 4847; x_wconf 84' lang='lat' dir='ltr'><strong>delle-</strong></span> 
     </span>
    </p>
   </div>
   <div class='ocr_carea' id='block_1_107' title="bbox 2219 4879 3798 4949">
    <p class='ocr_par' dir='ltr' id='par_1_107' title="bbox 2219 4879 3798 4949">
     <span class='ocr_line' id='line_1_107' title="bbox 2219 4879 3798 4949; baseline 0.004 -19"><span class='ocrx_word' id='word_1_769' title='bbox 2219 4880 2380 4934; x_wconf 81' lang='lat' dir='ltr'><strong>xisse.</strong></span> <span class='ocrx_word' id='word_1_770' title='bbox 2426 4879 2520 4935; x_wconf 84' lang='lat' dir='ltr'><strong>llis</strong></span> <span class='ocrx_word' id='word_1_771' title='bbox 2545 4880 2871 4935; x_wconf 87' lang='lat' dir='ltr'><strong>novitatibus</strong></span> <span class='ocrx_word' id='word_1_772' title='bbox 2906 4879 3040 4935; x_wconf 86' lang='lat' dir='ltr'><strong>alios</strong></span> <span class='ocrx_word' id='word_1_773' title='bbox 3068 4896 3287 4936; x_wconf 90' lang='lat' dir='ltr'><strong>errores</strong></span> <span class='ocrx_word' id='word_1_774' title='bbox 3315 4880 3529 4949; x_wconf 81' lang='lat' dir='ltr'><strong>adjecit.</strong></span> <span class='ocrx_word' id='word_1_775' title='bbox 3569 4881 3700 4934; x_wconf 82' lang='lat' dir='ltr'><strong>Nam</strong></span> <span class='ocrx_word' id='word_1_776' title='bbox 3737 4895 3798 4937; x_wconf 88' lang='lat' dir='ltr'><strong>et</strong></span> 
     </span>
    </p>
   </div>
   <div class='ocr_carea' id='block_1_108' title="bbox 2217 4973 3797 5044">
    <p class='ocr_par' dir='ltr' id='par_1_108' title="bbox 2217 4973 3797 5044">
     <span class='ocr_line' id='line_1_108' title="bbox 2217 4973 3797 5044; baseline 0.003 -19"><span class='ocrx_word' id='word_1_777' title='bbox 2217 4973 2446 5026; x_wconf 84' lang='lat' dir='ltr'><strong>Arianus</strong></span> <span class='ocrx_word' id='word_1_778' title='bbox 2506 4982 2762 5041; x_wconf 35' lang='lat' dir='ltr'><strong>eratnet</strong></span> <span class='ocrx_word' id='word_1_779' title='bbox 2813 4989 3000 5042; x_wconf 90' lang='lat' dir='ltr'><strong>preces</strong></span> <span class='ocrx_word' id='word_1_780' title='bbox 3044 4989 3139 5044; x_wconf 90' lang='lat' dir='ltr'><strong>pro</strong></span> <span class='ocrx_word' id='word_1_781' title='bbox 3181 4975 3406 5028; x_wconf 92' lang='lat' dir='ltr'><strong>mortuis</strong></span> <span class='ocrx_word' id='word_1_782' title='bbox 3455 4974 3675 5028; x_wconf 89' lang='lat' dir='ltr'><strong>tollebat</strong></span> <span class='ocrx_word' id='word_1_783' title='bbox 3736 4989 3797 5030; x_wconf 88' lang='lat' dir='ltr'><strong>et</strong></span> 
     </span>
    </p>
   </div>
   <div class='ocr_carea' id='block_1_109' title="bbox 2217 5066 3799 5135">
    <p class='ocr_par' dir='ltr' id='par_1_109' title="bbox 2217 5066 3799 5135">
     <span class='ocr_line' id='line_1_109' title="bbox 2217 5066 3799 5135; baseline 0.003 -19"><span class='ocrx_word' id='word_1_784' title='bbox 2217 5068 2558 5134; x_wconf 84' lang='lat' dir='ltr'><strong>presbyteros</strong></span> <span class='ocrx_word' id='word_1_785' title='bbox 2594 5066 3217 5135; x_wconf 67' lang='lat' dir='ltr'><strong>aquuabatepiscopis.</strong></span> <span class='ocrx_word' id='word_1_786' title='bbox 3249 5066 3354 5121; x_wconf 92' lang='lat' dir='ltr'><strong>Sed</strong></span> <span class='ocrx_word' id='word_1_787' title='bbox 3381 5068 3494 5120; x_wconf 90' lang='lat' dir='ltr'><strong>ﬁeri</strong></span> <span class='ocrx_word' id='word_1_788' title='bbox 3531 5067 3799 5121; x_wconf 81' lang='lat' dir='ltr'><strong>facillime</strong></span> 
     </span>
    </p>
   </div>
   <div class='ocr_carea' id='block_1_110' title="bbox 2217 5155 3794 5229">
    <p class='ocr_par' dir='ltr' id='par_1_110' title="bbox 2217 5155 3794 5229">
     <span class='ocr_line' id='line_1_110' title="bbox 2217 5155 3794 5229; baseline 0.003 -20"><span class='ocrx_word' id='word_1_789' title='bbox 2217 5157 2406 5224; x_wconf 83' lang='lat' dir='ltr'><strong>potuit,</strong></span> <span class='ocrx_word' id='word_1_790' title='bbox 2456 5166 2512 5208; x_wconf 90' lang='lat' dir='ltr'><strong>ut</strong></span> <span class='ocrx_word' id='word_1_791' title='bbox 2553 5155 2609 5209; x_wconf 86' lang='lat' dir='ltr'><strong>hi</strong></span> <span class='ocrx_word' id='word_1_792' title='bbox 2665 5171 2878 5212; x_wconf 89' lang='lat' dir='ltr'><strong>errores</strong></span> <span class='ocrx_word' id='word_1_793' title='bbox 2917 5158 3228 5227; x_wconf 89' lang='lat' dir='ltr'><strong>aliquandiu</strong></span> <span class='ocrx_word' id='word_1_794' title='bbox 3262 5159 3470 5214; x_wconf 89' lang='lat' dir='ltr'><strong>occulte</strong></span> <span class='ocrx_word' id='word_1_795' title='bbox 3505 5161 3678 5229; x_wconf 89' lang='lat' dir='ltr'><strong>sparsi</strong></span> <span class='ocrx_word' id='word_1_796' title='bbox 3720 5164 3794 5213; x_wconf 90' lang='lat' dir='ltr'><strong>ad</strong></span> 
     </span>
    </p>
   </div>
   <div class='ocr_carea' id='block_1_111' title="bbox 2217 5249 3794 5317">
    <p class='ocr_par' dir='ltr' id='par_1_111' title="bbox 2217 5249 3794 5317">
     <span class='ocr_line' id='line_1_111' title="bbox 2217 5249 3794 5317; baseline 0.002 -16"><span class='ocrx_word' id='word_1_797' title='bbox 2217 5250 2407 5317; x_wconf 86' lang='lat' dir='ltr'><strong>synodi</strong></span> <span class='ocrx_word' id='word_1_798' title='bbox 2462 5262 2620 5301; x_wconf 89' lang='lat' dir='ltr'><strong>aures</strong></span> <span class='ocrx_word' id='word_1_799' title='bbox 2673 5263 2777 5302; x_wconf 94' lang='lat' dir='ltr'><strong>non</strong></span> <span class='ocrx_word' id='word_1_800' title='bbox 2827 5250 3191 5317; x_wconf 87' lang='lat' dir='ltr'><strong>pervenirent.</strong></span> <span class='ocrx_word' id='word_1_801' title='bbox 3243 5249 3392 5317; x_wconf 85' lang='lat' dir='ltr'><strong>Quod</strong></span> <span class='ocrx_word' id='word_1_802' title='bbox 3449 5252 3490 5304; x_wconf 90' lang='lat' dir='ltr'><strong>si</strong></span> <span class='ocrx_word' id='word_1_803' title='bbox 3546 5265 3794 5304; x_wconf 79' lang='lat' dir='ltr'><strong>canones</strong></span> 
     </span>
    </p>
   </div>
   <div class='ocr_carea' id='block_1_112' title="bbox 2217 5338 3793 5409">
    <p class='ocr_par' dir='ltr' id='par_1_112' title="bbox 2217 5338 3793 5409">
     <span class='ocr_line' id='line_1_112' title="bbox 2217 5338 3793 5409; baseline 0.001 -16"><span class='ocrx_word' id='word_1_804' title='bbox 2217 5338 2556 5409; x_wconf 77' lang='lat' dir='ltr'><strong>Gangrenses</strong></span> <span class='ocrx_word' id='word_1_805' title='bbox 2602 5341 2668 5395; x_wconf 85' lang='lat' dir='ltr'><strong>ad</strong></span> <span class='ocrx_word' id='word_1_806' title='bbox 2696 5340 2914 5394; x_wconf 76' lang='lat' dir='ltr'><strong>Aeriam</strong></span> <span class='ocrx_word' id='word_1_807' title='bbox 2972 5340 3276 5406; x_wconf 81' lang='lat' dir='ltr'><strong>referimus,</strong></span> <span class='ocrx_word' id='word_1_808' title='bbox 3334 5343 3624 5397; x_wconf 78' lang='lat' dir='ltr'><strong>differenda</strong></span> <span class='ocrx_word' id='word_1_809' title='bbox 3681 5345 3793 5396; x_wconf 90' lang='lat' dir='ltr'><strong>erit</strong></span> 
     </span>
    </p>
   </div>
   <div class='ocr_carea' id='block_1_113' title="bbox 2220 5431 3788 5502">
    <p class='ocr_par' dir='ltr' id='par_1_113' title="bbox 2220 5431 3788 5502">
     <span class='ocr_line' id='line_1_113' title="bbox 2220 5431 3788 5502; baseline 0.002 -19"><span class='ocrx_word' id='word_1_810' title='bbox 2220 5431 2330 5484; x_wconf 68' lang='lat' dir='ltr'><strong>lucc</strong></span> <span class='ocrx_word' id='word_1_811' title='bbox 2360 5431 2628 5500; x_wconf 89' lang='lat' dir='ltr'><strong>synodus,</strong></span> <span class='ocrx_word' id='word_1_812' title='bbox 2659 5442 2718 5486; x_wconf 93' lang='lat' dir='ltr'><strong>ut</strong></span> <span class='ocrx_word' id='word_1_813' title='bbox 2746 5433 2954 5487; x_wconf 90' lang='lat' dir='ltr'><strong>Socrati</strong></span> <span class='ocrx_word' id='word_1_814' title='bbox 2983 5436 3056 5502; x_wconf 83' lang='grc' dir='ltr'><strong>(ε)</strong></span> <span class='ocrx_word' id='word_1_815' title='bbox 3089 5443 3142 5487; x_wconf 88' lang='lat' dir='ltr'><strong>et</strong></span> <span class='ocrx_word' id='word_1_816' title='bbox 3173 5434 3472 5489; x_wconf 89' lang='lat' dir='ltr'><strong>Sozomeno</strong></span> <span class='ocrx_word' id='word_1_817' title='bbox 3503 5433 3570 5502; x_wconf 70' lang='grc' dir='ltr'><strong>(ἶ)</strong></span> <span class='ocrx_word' id='word_1_818' title='bbox 3607 5434 3788 5486; x_wconf 87' lang='lat' dir='ltr'><strong>visum</strong></span> 
     </span>
    </p>
   </div>
   <div class='ocr_carea' id='block_1_114' title="bbox 2216 5523 3790 5595">
    <p class='ocr_par' dir='ltr' id='par_1_114' title="bbox 2216 5523 3790 5595">
     <span class='ocr_line' id='line_1_114' title="bbox 2216 5523 3790 5595; baseline 0.002 -18"><span class='ocrx_word' id='word_1_819' title='bbox 2216 5533 2325 5584; x_wconf 89' lang='lat' dir='ltr'><strong>est,</strong></span> <span class='ocrx_word' id='word_1_820' title='bbox 2351 5537 2522 5592; x_wconf 91' lang='lat' dir='ltr'><strong>usque</strong></span> <span class='ocrx_word' id='word_1_821' title='bbox 2547 5523 2615 5576; x_wconf 89' lang='lat' dir='ltr'><strong>ad</strong></span> <span class='ocrx_word' id='word_1_822' title='bbox 2652 5525 3024 5595; x_wconf 87' lang='lat' dir='ltr'><strong>episcopatum</strong></span> <span class='ocrx_word' id='word_1_823' title='bbox 3055 5525 3343 5583; x_wconf 86' lang='lat' dir='ltr'><strong>Eustathii.</strong></span> <span class='ocrx_word' id='word_1_824' title='bbox 3377 5527 3596 5583; x_wconf 83' lang='lat' dir='ltr'><strong>Aeriam</strong></span> <span class='ocrx_word' id='word_1_825' title='bbox 3636 5527 3790 5581; x_wconf 84' lang='lat' dir='ltr'><strong>enim</strong></span> 
     </span>
    </p>
   </div>
   <div class='ocr_carea' id='block_1_115' title="bbox 2287 5662 2806 5734">
    <p class='ocr_par' dir='ltr' id='par_1_115' title="bbox 2287 5662 2806 5734">
     <span class='ocr_line' id='line_1_115' title="bbox 2287 5662 2806 5734; baseline 0.002 -18"><span class='ocrx_word' id='word_1_826' title='bbox 2287 5662 2365 5734; x_wconf 76' lang='grc' dir='ltr'><strong>(ά)</strong></span> <span class='ocrx_word' id='word_1_827' title='bbox 2404 5663 2603 5717; x_wconf 65' lang='lat' dir='ltr'><strong>Haeres.</strong></span> <span class='ocrx_word' id='word_1_828' title='bbox 2644 5680 2806 5719; x_wconf 80' lang='lat' dir='ltr'><strong>Lxxv.</strong></span> 
     </span>
    </p>
   </div>
   <div class='ocr_carea' id='block_1_116' title="bbox 2287 5734 2804 5804">
    <p class='ocr_par' dir='ltr' id='par_1_116' title="bbox 2287 5734 2804 5804">
     <span class='ocr_line' id='line_1_116' title="bbox 2287 5734 2804 5804; baseline 0.006 -19"><span class='ocrx_word' id='word_1_829' title='bbox 2287 5736 2354 5804; x_wconf 66' lang='lat' dir='ltr'><strong>te)</strong></span> <span class='ocrx_word' id='word_1_830' title='bbox 2395 5734 2512 5786; x_wconf 89' lang='lat' dir='ltr'><strong>Lib.</strong></span> <span class='ocrx_word' id='word_1_831' title='bbox 2548 5750 2605 5797; x_wconf 92' lang='lat' dir='ltr'><strong>ll,</strong></span> <span class='ocrx_word' id='word_1_832' title='bbox 2642 5752 2692 5788; x_wconf 91' lang='lat' dir='ltr'><strong>c.</strong></span> <span class='ocrx_word' id='word_1_833' title='bbox 2717 5735 2804 5788; x_wconf 74' lang='grc'><strong>46.</strong></span> 
     </span>
    </p>
   </div>
   <div class='ocr_carea' id='block_1_117' title="bbox 2285 5804 2827 5875">
    <p class='ocr_par' dir='ltr' id='par_1_117' title="bbox 2285 5804 2827 5875">
     <span class='ocr_line' id='line_1_117' title="bbox 2285 5804 2827 5875; baseline 0 -17"><span class='ocrx_word' id='word_1_834' title='bbox 2285 5807 2359 5875; x_wconf 69' lang='grc' dir='ltr'><strong>(ί)</strong></span> <span class='ocrx_word' id='word_1_835' title='bbox 2388 5804 2505 5860; x_wconf 87' lang='lat' dir='ltr'><strong>Lib.</strong></span> <span class='ocrx_word' id='word_1_836' title='bbox 2535 5820 2630 5871; x_wconf 86' lang='grc' dir='ltr'>ιιι,</span> <span class='ocrx_word' id='word_1_837' title='bbox 2667 5820 2712 5860; x_wconf 94' lang='lat' dir='ltr'><strong>c.</strong></span> <span class='ocrx_word' id='word_1_838' title='bbox 2743 5807 2827 5860; x_wconf 76' lang='grc'><strong>14.</strong></span> 
     </span>
    </p>
   </div>
  </div>
