3992 6392
1534 326 1699 391 VITA
1739 338 1794 391 S.
1838 333 1919 390 BA
1931 336 2102 391 Sl‘Lll.

3309 356 3443 395 ιλιιι

252 468 303 519 ah
328 461 581 516 Eustatbio
607 460 872 529 disjenxit
902 460 1097 514 inv‘idia
1131 459 1229 529 (α),
1264 474 1421 529 quam
1453 471 1509 515 ut
1538 463 1771 531 placaret
1800 472 1844 525 Α
1875 478 1934 514 ea
1974 459 2357 527 quodBasilitts
2383 461 2914 530 (d)~eunt,postquam
2948 474 3095 515 ream
3122 463 3173 514 in
3193 465 3440 530 patriam,

250 551 530 613 Eustathius,
554 551 934 621 presbyterum
988 550 1192 603 creavit
1234 551 1495 616 Aeriam,
1552 554 1772 621 ptocho—

251 646 417 712 ιωρῆἱο
442 643 701 711 ρηῐεεὶι,
762 657 858 695 nec
897 641 1057 694 ullam
1106 626 1453 697 humanitatis
1500 654 1552 697 et
1581 646 1769 700 amici-

250 736 312 788 tia
328 732 760 802 signiﬁcationem
775 732 1136 803 praztermisit.
1153 732 1258 788 Sed
1283 734 1592 789 insanabilis
1614 739 1771 793 exsti-

251 829 297 879 tit
316 826 504 878 Acrius.

282 915 338 967 ’δι
358 916 465 980 quis
503 925 691 968 tamen
746 930 866 970 cum
893 916 1268 987 |Tillemontio
1312 918 1601 971 contendat
1638 934 1764 989 syn-

240 1008 365 1061 odum
387 1004 753 1075 Gangrensem
784 1021 908 1063 ante
936 1024 1132 1063 annum
1162 1009 1255 1063 διε
1306 1009 1539 1064 habitam
1579 1008 1765 1072 fuisse,

239 1109 472 1164 propterea
500 1097 644 1163 quod
684 1098 827 1150 illius
848 1113 1086 1152 canones
1123 1099 1175 1151 in
1199 1098 1446 1153 omnibus
1495 1099 1766 1152 collectio-

238 1190 359 1242 nibus
380 1200 495 1242 ante
520 1189 896 1244 Antiochenos
922 1205 1156 1244 canones
1186 1190 1312 1243 anni
1334 1189 1432 1243 541
1474 1205 1761 1243 recensen-

236 1290 315 1341 tur,
335 1281 565 1348 equidem
598 1280 733 1334 huic
767 1283 1052 1336 sementim
1077 1297 1181 1336 non
1209 1284 1534 1352 repugnabo,
1567 1283 1762 1352 quippe

233 1388 324 1427 earn
350 1373 424 1426 his
459 1373 508 1426 in
557 1375 725 1428 rebus
761 1374 896 1428 nihil
933 1376 1218 1429 admodum
1259 1376 1391 1429 certi
1444 1377 1755 1431 habeamus.

232 1464 312 1517 Sed
346 1479 453 1517 eum
486 1466 655 1517 etiam
712 1475 839 1519 ante
873 1466 1005 1520 illud
1046 1478 1256 1536 tempus
1302 1467 1614 1521 Eustathius
1661 1469 1760 1522 Se-

231 1559 437 1611 bJSlellllS
478 1561 771 1613 monastici
821 1559 1052 1614 instituti
1098 1571 1284 1616 auctor
1322 1562 1376 1615 in
1405 1563 1657 1616 Armenia
1704 1572 1760 1618 et

228 1648 536 1718 Paphlagonia
566 1662 625 1705 et
664 1650 841 1708 Ponto
890 1655 1194 1720 exstiterit,
1245 1656 1297 1709 in
1349 1654 1491 1711 hunc
1524 1657 1757 1712 maxime

230 1741 429 1793 videntur
451 1756 695 1796 canones
722 1742 1065 1811 Gangrenses
1091 1744 1401 1799 convenire.

1882 554 2177 605 beatissimo
2211 550 2466 604 Ca’sarere
2513 552 2751 621 episcopo
2810 550 3122 621 Hermogen'i
3152 552 3440 619 confessio-

1879 663 1990 698 nem
2024 660 2165 698 sarta:
2204 644 2327 712 ﬁdei
2374 646 2620 697 obtulisse
2656 644 2802 697 dicit.
2854 644 2979 698 Inde
3026 645 3297 699 concludit
3346 646 3443 697 do-

1879 736 2147 789 ctissimus
2178 737 2409 802 scriptor
2436 734 2869 802 distinguendum
2916 736 3059 788 illum
3096 750 3215 790 esse
3241 737 3306 787 ab
3336 734 3441 786 alio

1878 824 2177 889 Eustatltio,
2212 840 2365 892 quem
2406 827 2716 877 Armenium
2756 824 2917 878 fuisse
2962 842 3063 878 non
3096 826 3322 889 dubitat,
3364 826 3436 877 si-

1874 917 2089 985 quidem
2116 916 2352 986 synodus
2376 914 2998 983 Gangrensisepistolam
3017 933 3164 969 suam
3197 916 3394 970 inscrib
3420 927 3439 970 t

1872 1009 2137 1077 episc0pis
2171 1009 2461 1071 Armeniae,
2494 1024 2722 1076 quacum
2767 1007 3076 1061 Eustathius
3110 1008 3437 1062 Sebastenus

1873 1098 2070 1150 nullam
2103 1097 2311 1153 videtur
2331 1109 2455 1151 ante
2477 1100 2844 1167 episcopatum
2866 1098 3309 1152 neocssitudinem
3338 1099 3434 1151 ha~

1869 1191 2069 1244 buisse.
3116 1252 3119 1259 λ

1939 1279 2160 1332 Etiamsi
2191 1277 2499 1333 Eustathius
2522 1271 2871 1334 Ca:sariensis
2900 1291 2989 1332 aut
3015 1280 3202 1334 saltem
3235 1281 3437 1350 Cappa-

1867 1366 1974 1422 dox
2006 1366 2229 1435 fuisset,
2258 1384 2593 1438 nequaquam
2624 1369 2673 1423 id
2703 1370 2989 1439 prohibere
3015 1369 3198 1424 debuit
3225 1373 3437 1439 quomi-

1868 1476 1970 1515 nus
2001 1462 2235 1532 synodus
2286 1477 2438 1516 suam
2474 1463 2758 1532 epistolam
2804 1464 3125 1517 inscriberet
3168 1467 3434 1534 episcOpis

1864 1551 2152 1619 Armenize,
2186 1554 2231 1607 si
2269 1553 2340 1607 ibi
2378 1554 2714 1623 potissimum
2748 1554 2890 1607 illius
2923 1555 3137 1625 vigebat
3163 1566 3331 1611 secta.
3364 1558 3433 1608 At

1867 1643 2204 1698 Eustathium
2256 1643 2644 1699 Caesariensem
2701 1655 2793 1699 aut
2841 1646 3207 1715 Cappadocem
3263 1644 3432 1700 fuisse

1863 1750 1970 1789 non
2010 1744 2156 1788 certo
2184 1735 2524 1790 concluditur
2566 1750 2632 1789 ex
2684 1737 2860 1791 verbis
2897 1738 3052 1790 modo
3089 1736 3285 1791 allatis.
3317 1739 3431 1806 Ipse

280 1831 329 1884 V.
358 1831 615 1899 Objicitur
652 1835 917 1889 adversus
952 1836 1091 1889 hanc
1129 1840 1452 1890 sententiam
1481 1852 1577 1892 nec
1609 1837 1747 1891 Basi-

1860 1825 2091 1882 Basilius
2124 1843 2264 1880 nunc
2300 1827 2719 1896 Cappadociam,
2753 1839 2810 1883 ut
2844 1844 3006 1897 supra
3053 1830 3301 1895 vidimus,
3333 1848 3429 1898 pa-

228 1922 341 1988 lium,
377 1924 458 1992 qui
510 1925 705 1979 varios
748 1927 870 1980 vita:
898 1927 1163 1981 Eustathii
1208 1939 1433 1983 eventus
1464 1931 1751 1997 recensuit,

228 2030 299 2067 nec
325 2017 455 2069 varia
480 2019 726 2071 concilia
760 2032 880 2087 quas
920 2019 1258 2073 Eustathinm
1288 2020 1584 2088 deposuere
1606 2061 1619 2084 ,
1656 2022 1754 2074 hn-

223 2106 287 2173 jcs
313 2108 470 2175 probri
508 2110 851 2164 meminisse.
908 2110 1013 2165 Sed
1062 2113 1271 2166 etiamsi
1304 2112 1443 2167 hanc
1489 2116 1750 2167 maculam

224 2208 431 2265 perpetua
480 2199 780 2253 delevisset
826 2199 1050 2264 oblivio,
1100 2202 1295 2256 mirttm
1331 2203 1381 2256 id
1428 2204 1595 2258 videri
1647 2220 1749 2258 non

224 2288 413 2355 deberet,
438 2306 558 2345 cum
581 2292 914 2349 Eustathius
937 2295 1018 2350 vel
1046 2304 1198 2350 extra
1230 2294 1439 2364 culpam
1481 2295 1660 2359 fuerit,
1695 2307 1751 2350 ut

222 2395 343 2448 supra
366 2384 614 2450 diximus,
647 2385 735 2438 vel
765 2386 979 2451 saltem,
1006 2395 1063 2439 ut
1096 2386 1370 2441 existimat
1398 2384 1749 2452 Sozumenus,

220 2473 385 2540 synodo
427 2477 699 2542 paruerit.
760 2475 984 2531 Videtur
1032 2487 1208 2531 tamen
1242 2478 1291 2532 ei
1335 2477 1562 2532 Basilius
1602 2480 1751 2548 obje-

221 2562 325 2615 cisse
358 2564 683 2634 discipulum
722 2568 942 2620 Aetium
975 2587 987 2621 :
1032 2584 1129 2622 nec
1169 2569 1403 2638 synodus
1440 2568 1751 2623 Constanti-

218 2652 473 2720 uopolitana
525 2654 685 2710 inter
741 2659 922 2711 varias
981 2657 1124 2711 illius
1182 2659 1479 2727 deponendi
1536 2675 1745 2725 causas,

222 2745 346 2798 latam
380 2748 441 2801 de
487 2748 577 2801 illo
628 2749 956 2803 sententiam
988 2749 1284 2819 Gangrensi
1332 2751 1560 2805 concilio
1612 2768 1748 2820 pra:-

220 2836 433 2901 termisit,
478 2840 523 2893 si
557 2850 749 2893 tamen
785 2841 914 2894 lides
961 2839 1258 2894 adhibenda
1306 2840 1614 2895 Sozomeno
1646 2840 1744 2912 (b),

217 2930 434 2997 quitotus
472 2942 652 2997 errat,
701 2947 823 2985 cum
863 2930 1203 2985 Eustathium
1257 2946 1288 2985 a
1340 2930 1745 3003 Gangrcnsibus

216 3021 474 3090 episcopatu
501 3033 736 3077 exutum
774 3023 923 3077 dicit.

214 3111 433 3180 30hjicit
469 3114 859 3168 Tillctnontius
918 3114 1121 3168 nullum
1175 3130 1206 3169 a
1264 3114 1467 3184 synodo
1530 3114 1739 3168 titulttm

1864 1917 2020 1972 triam
2064 1918 2325 1987 agnoscit,
2362 1934 2506 1973 nunc
2542 1918 2791 1985 Pontum,
2834 1920 3100 1975 interdum
3133 1921 3291 1975 etiam
3328 1924 3431 1974 Ara

1864 2009 2119 2063 meniam.
2152 2009 2451 2064 llellenium
2476 2009 2767 2081 Gregorius
2802 2013 3114 2067 Armenium
3147 2030 3264 2069 esse
3291 2031 3426 2069 con.

1861 2098 2030 2168 ceptis
2056 2100 2237 2156 verbis
2260 2101 2496 2155 declarat
2520 2101 2587 2172 (ε)
2625 2120 2638 2155 :
2680 2107 2926 2157 eumdem
2950 2115 3124 2158 tamen
3153 2097 3423 2171 hortatur,

1861 2198 1921 2241 ut
1980 2190 2211 2258 patriam
2254 2205 2307 2247 et
2346 2196 2653 2248 communia
2712 2197 2887 2249 studia
2942 2198 3164 2260 veritus,
3224 2192 3425 2253 Basilio

1861 2292 2084 2337 annuat.
2112 2284 2225 2338 Cur
2274 2300 2402 2356 ergo
2446 2286 2780 2356 Cappadocia
2818 2289 3080 2343 Eustathii
3118 2292 3289 2359 patria
3318 2284 3424 2346 dici

1858 2387 1966 2427 non
1998 2376 2189 2443 potuit,
2234 2378 2279 2431 si
2328 2378 2382 2432 in
2414 2380 2587 2433 vicina
2633 2380 2809 2448 aliqua
2860 2382 3075 2449 regione
3108 2394 3261 2436 natus
3304 2382 3422 2437 est?

1857 2466 1993 2520 Eum
2025 2468 2076 2520 in
2109 2469 2361 2522 Armenia
2414 2479 2595 2524 natum
2633 2471 2859 2526 libenter
2900 2473 3202 2543 colligerem
3246 2490 3309 2527 ex
3340 2477 3422 2531 his

1858 2554 2103 2625 Gregorii
2152 2558 2472 2613 Nazianzcni
2511 2560 2723 2616 verbis:
2768 2564 3063 2625 Armenius,
3095 2566 3265 2633 inquit
3308 2566 3419 2630 ille,

1860 2646 2203 2703 Eustathium
2252 2652 2544 2722 designans
2579 2654 2671 2721 (ί),
2721 2652 2871 2721 plane
2907 2654 3158 2706 barbarus
3185 2667 3278 2710 est.
3321 2659 3420 2709 Ar.

1856 2738 2018 2792 menii
2064 2741 2279 2795 nomine
2316 2736 2563 2796 similiter
2594 2743 2955 2813 designatura
2991 2744 3247 2815 Gregorio
3285 2748 3419 2816 Nys-

1854 2841 1985 2882 seno
2010 2829 2102 2884 lib.
2134 2848 2147 2885 t
2178 2832 2228 2886 in
2260 2832 2603 2898 Eunomium,
2629 2851 2680 2903 p.
2710 2832 2835 2887 289.

1931 2940 2013 2999 Vl.
2050 2944 2182 2998 illud
2211 2946 2373 2999 etiam
2407 2946 2473 2999 de
2514 2946 2794 3002 Eustathio
2823 2949 3059 3002 breviter
3103 2951 3419 3004 examinan-

1861 3033 1983 3086 dum
2010 3044 2110 3098 esl,
2145 3047 2320 3089 utrum
2360 3035 2674 3104 discipulum
2719 3038 2964 3090 habuerit
2999 3040 3232 3091 Aetium.
3284 3040 3416 3094 Cum

1852 3123 2158 3179 Eustathius
2181 3124 2377 3180 Basilio
2402 3127 2571 3180 instar
2604 3127 2848 3182 criminis
2873 3130 3152 3197 epistolam
3173 3133 3237 3185 ad
3257 3134 3419 3200 Apol-

216 3195 447 3253 Eastatltio
500 3200 710 3267 tribui;
744 3217 811 3253 ex
843 3216 949 3269 quo
992 3204 1184 3257 laicum
1234 3203 1383 3256 illum
1427 3203 1591 3258 fuisse
1621 3220 1747 3257 ton-

1856 3214 2104 3268 linarium
2170 3218 2425 3286 scriptam
2487 3218 2805 3285 obiecisset;
2869 3222 3203 3277 demonstrat
3263 3224 3415 3278 Basi-

216 3288 349 3343 clndit
390 3300 441 3345 et
473 3292 654 3345 alium
710 3293 779 3346 ab
813 3292 1096 3348 Eustathio
1128 3294 1456 3360 Sebasteno,
1498 3294 1586 3363 qui
1623 3306 1747 3348 tunc

214 3388 357 3447 utpote
394 3382 445 3435 in
490 3384 706 3438 clerum
741 3384 1134 3438 Antiochenam
1166 3400 1307 3439 anno
1343 3384 1440 3439 331
1475 3394 1741 3453 receptus,

214 3469 254 3522 in
280 3470 434 3542 aliquo
464 3475 704 3529 honoris
736 3475 907 3545 gradu
938 3476 1262 3531 constitutus
1306 3484 1424 3530 erat
1445 3514 1464 3543 ,
1498 3490 1562 3531 ac
1608 3476 1745 3530 forte

214 3562 340 3616 etiam
375 3568 666 3636 presbyter
692 3566 826 3633 fuit,
860 3566 907 3621 si
935 3566 1220 3623 conciliant
1260 3566 1526 3623 referatur
1556 3566 1623 3621 ad
1649 3580 1743 3620 an-

213 3667 308 3709 num
330 3656 443 3713 3w.

263 3762 358 3820 Non
393 3766 634 3825 dilﬁcilis
680 3778 763 3826 est
784 3769 939 3838 hujus
968 3772 1047 3827 rei
1084 3770 1413 3842 explicatio:
1451 3772 1564 3825 sive
1595 3770 1739 3825 enim

212 3854 476 3917 Eustathius
508 3863 624 3917 hac
655 3864 707 3917 in
739 3879 796 3917 re
823 3874 977 3919 extra
1008 3864 1218 3933 culpam
1267 3862 1366 3917 fuit
1394 3881 1410 3930 ;
1461 3864 1594 3917 satis
1623 3873 1742 3917 erat

213 3948 382 4006 aliunde
434 3963 750 4024 suspectus,
786 3965 844 4009 ttt
900 3954 1099 4009 nullum
1152 3956 1201 4011 ei
1254 3955 1473 4010 honoris
1527 3945 1739 4008 titulum

212 4041 395 4112 episcopi
438 4047 749 4100 tribuerent
778 4065 793 4101 :
822 4048 935 4101 sive
982 4063 1167 4103 eorum
1191 4087 1206 4110 ,
1253 4062 1371 4116 qua?
1405 4061 1435 4100 a
1463 4045 1739 4114 discipulis

212 4130 385 4200 ﬁebant,
418 4148 616 4192 auctor
655 4147 749 4190 aut
798 4138 1047 4193 conscius
1072 4138 1316 4202 exstitit;
1351 4137 1519 4191 multo
1560 4136 1738 4189 minus

212 4219 410 4289 decebat,
439 4235 496 4278 ut
524 4227 576 4280 ei
615 4227 823 4294 signum
860 4228 1074 4295 aliquod
1104 4226 1498 4282 communionis
1534 4226 1735 4295 imper-

211 4312 378 4379 tiretur,
417 4328 715 4388 antequam
754 4320 1004 4373 absurdis
1039 4320 1296 4374 institutis
1325 4320 1641 4373 destitisset.
1672 4319 1737 4371 ll-

210 4400 288 4453 iam
312 4407 440 4459 enim
474 4409 665 4479 aliquo
700 4412 921 4465 honoris
949 4411 1298 4466 ecclesiastici
1334 4411 1490 4465 titulo
1515 4425 1732 4477 ornare,

1846 3306 1953 3361 lius
1978 3307 2052 3376 (g)
2076 3310 2278 3378 aequius
2302 3309 2464 3364 multo
2495 3325 2616 3363 esse
2646 3321 2721 3374 ut,
2768 3314 2811 3365 si
2851 3315 2964 3381 quis
3005 3316 3207 3368 Aetium
3239 3320 3414 3386 genuit

1849 3398 2174 3464 Irwreticum,
2224 3402 2277 3454 in
2320 3412 2471 3469 caput
2518 3403 2748 3469 parentis
2781 3404 3415 3472 resiliuntﬁtiicrimiua-

1848 3490 2033 3543 tiones.
2063 3490 2127 3543 Et
2152 3492 2204 3544 in
2225 3492 2385 3561 epist.
2413 3492 2541 3557 244,
2573 3513 2625 3548 n.
2666 3496 2699 3549 5
2732 3512 2745 3547 :
2776 3494 2831 3548 Is
2860 3498 2948 3563 qui
2994 3514 3073 3551 me
3102 3511 3310 3552 accusat
3351 3501 3414 3553 de

1847 3577 2195 3646 Apollinario,
2216 3584 2520 3649 respondeat
2545 3585 2688 3637 nobis
2711 3584 2775 3637 de
2798 3586 2922 3638 Ario
2936 3590 3144 3655 proprio
3165 3592 3413 3655 magistro

1846 3684 1941 3723 suo
1969 3678 2016 3722 et
2046 3671 2109 3722 de
2141 3669 2286 3724 Aelio
2306 3674 2513 3739 proprio
2538 3691 2631 3726 suo
2662 3676 2940 3743 discipulo.
2963 3678 3068 3732 Sed
3094 3679 3177 3733 his
3195 3681 3247 3732 itt
3280 3680 3413 3735 locis

1844 3761 2275 3817 substituendutn
2326 3763 2535 3817 videtur
2581 3781 2773 3819 nomen
2828 3769 2989 3822 Aerii.
3041 3768 3173 3824 Nam
3214 3774 3319 3828 alio
3359 3776 3412 3827 iit

1842 3852 1960 3908 loco
2000 3852 2075 3923 (It)
2110 3855 2296 3909 eadem
2338 3857 2401 3910 de
2444 3872 2501 3911 re
2539 3874 2699 3927 agens
2734 3858 2961 3916 Basilius
3006 3876 3251 3918 neutrum
3293 3868 3413 3935 qni-

1843 3944 1962 3998 dem
1991 3946 2250 4009 nominat,
2284 3948 2375 4000 sed
2410 3964 2527 4016 quae
2555 3950 2684 4003 dicit
2718 3951 2817 4006 soli
2863 3954 3024 4007 Aerio
3048 3958 3401 4011 conveniunt.

1844 4030 1987 4088 Nam
2012 4051 2101 4089 nec
2135 4038 2244 4106 ipse
2272 4055 2481 4103 accuso,
2526 4040 2721 4109 inquit,
2758 4045 2803 4096 si
2834 4049 2947 4112 quis
2992 4063 3054 4099 ea:
3091 4050 3333 4102 sodalitio
3358 4068 3410 4103 tn

1840 4125 2076 4179 hazresim
2098 4128 2354 4181 abscissus
2372 4141 2444 4181 est
2465 4130 2697 4200 (omnino
2721 4143 2894 4187 autem
2913 4136 3144 4189 homines
3170 4141 3405 4202 novistis,

1840 4218 2043 4270 tametsi
2073 4220 2378 4272 nominatim
2406 4237 2508 4273 nun
2529 4226 2774 4291 appello),
2797 4229 2918 4291 quia
2936 4232 3287 4296 unusquisque
3312 4247 3405 4282 suo

1839 4309 2002 4376 ipsius
2028 4320 2235 4377 peccato
2272 4313 2545 4365 morietur.
2589 4313 2682 4367 llis
2714 4331 2843 4368 sane
2876 4317 3055 4371 verbis
3087 4319 3280 4387 aliquis
3328 4323 3408 4373 in-

1839 4399 2047 4453 dicatur
2073 4416 2141 4454 ex
2164 4401 2377 4469 pietatis
2404 4403 2685 4473 disciplina
2713 4406 2764 4457 in
2808 4407 3057 4460 lueresim
3086 4409 3264 4477 lapsus
3298 4428 3404 4465 non

208 4494 553 4549 communionis
588 4498 803 4565 signum
835 4498 1043 4552 fuisset,
1076 4496 1166 4553 Sic
1195 4497 1422 4554 Basilius
1453 4498 1525 4570 (ε)
1562 4499 1615 4553 in
1645 4500 1732 4554 ιίι.
1768 4527 1810 4580 D
1839 4492 2101 4561 probante
2129 4495 2404 4564 magistro.
2428 4497 2484 4549 Id
2517 4508 2693 4551 autem
2728 4500 2931 4568 optime
2955 4506 3404 4570 convenitAerio,

208 4576 308 4629 teris
332 4582 390 4635 de
413 4582 670 4653 Glycerio
694 4597 745 4639 et
778 4587 842 4639 ad
876 4588 1180 4657 Glycerium
1223 4590 1443 4657 scriptis
1469 4628 1484 4653 ,
1515 4590 1727 4645 diaconi

209 4663 380 4724 titulum
422 4675 469 4728 ei
500 4691 613 4730 non
647 4677 853 4744 tribuit,
885 4680 1130 4747 quamvis
1157 4681 1391 4735 nondum
1413 4697 1534 4736 eum
1568 4682 1731 4751 depo-

207 4759 377 4828 svisset,
424 4768 515 4820 sed
556 4779 766 4822 tantum
800 4770 955 4838 hujus
985 4787 1156 4841 paenae
1197 4772 1371 4826 minas
1414 4777 1728 4838 lntentaret,

206 4852 282 4904 nisi
320 4855 415 4910 cito
465 4860 672 4914 rediret
715 4877 835 4914 cum
873 4863 1164 4933 virginibus
1188 4902 1203 4927 ,
1232 4877 1369 4931 quas
1396 4879 1425 4918 e
1448 4873 1729 4933 parentum

206 4944 411 5002 dantibus
443 4952 754 5007 abstractas
789 4954 837 5007 in
868 4972 1026 5008 unum
1057 4958 1217 5011 veluti
1252 4972 1465 5027 gregem
1498 4957 1728 5026 college-

207 5044 283 5086 rat.
319 5036 435 5094 Vide
468 5054 585 5098 not.
616 5045 685 5097 ad
720 5046 879 5113 epist.
912 5045 1011 5101 ηε)
1032 5087 1046 5111 ,
1081 5064 1132 5117 p.
1161 5050 1284 5103 221.

256 5125 569 5188 Eustathium
628 5136 977 5191 Sebastenum
1029 5139 1402 5196 Tillemontius
1456 5142 1719 5200 Cursarem

209 5225 275 5268 aut
294 5220 466 5277 saltem
496 5226 546 5279 in
575 5225 911 5296 Cappadocia
936 5242 1119 5285 natum
1146 5234 1441 5298 existimat,
1476 5246 1726 5305 propter-

354 5475 610 5557 Epiphan.
643 5484 834 5557 haeres.
869 5499 1024 5544 Lxxv.

262 5546 319 5611 (ι’)
354 5546 461 5601 Lib.
492 5567 564 5612 tv.
600 5570 650 5605 c.
680 5555 767 5608 14.

263 5620 316 5679 lc)
349 5616 436 5682 Ep.
471 5621 732 5693 “39,170,
770 5627 884 5682 l7l.

263 5688 321 5746 (τί)
352 5687 435 5746 llo.
456 5691 575 5745 9.05.

279 5669 321 5746 Αἰ
352 5669 435 5753 is.
456 5669 583 5745 siis:
618 5669 732 5693 ’

262 5760 315 5819 tr)
345 5758 510 5813 Carm.
546 5762 629 5816 48.

1839 4585 1931 4652 qui
1961 4588 2310 4641 monasticam
2341 4588 2503 4641 vitam
2536 4605 2659 4644 cum
2699 4592 2981 4649 Eustathio
3030 4600 3403 4664 prolitebatur.

1841 4690 1897 4733 at
1920 4695 2257 4750 nequaquam
2284 4683 2461 4751 Aetio,
2500 4687 2589 4755 qui
2620 4703 2885 4741 summam
2918 4704 3131 4757 semper
3163 4692 3408 4761 impieta-

1842 4780 1945 4825 tem
1983 4788 2091 4840 prte
2122 4788 2180 4826 se
2212 4774 2350 4840 tulit,
2378 4792 2475 4830 nec
2514 4778 2649 4831 ullus
2681 4778 2785 4831 nisi
2822 4780 2889 4833 ad
2933 4780 3262 4848 impietatem
3294 4801 3408 4836 tna-

1840 4863 2036 4930 gistros
2083 4864 2289 4919 habuit.
2322 4865 2536 4921 Primus
2582 4869 2723 4923 illius
2761 4871 2948 4925 doctor
2987 4874 3211 4940 exstitit,
3271 4884 3406 4929 teSIe

1837 4953 2198 5027 Plutustorgio
2229 4958 2326 5028 (i),
2360 4959 2618 5015 Paulinus
2647 4963 3039 5019 Atttidchenus.
3065 4968 3404 5023 Atedoctunt

1837 5048 2002 5103 fuisse
2052 5050 2118 5104 ab
2151 5050 2430 5107 Eustathio
2477 5068 2575 5108 nec
2630 5055 2919 5124 Gregorius
2959 5056 3253 5126 Nyssenus,
3312 5061 3403 5126 qui

1837 5157 1923 5196 res
1961 5142 2101 5196 Aetii
2145 5154 2393 5199 accurate
2441 5146 2783 5214 persequitur
2821 5147 2924 5217 ti),
2970 5163 3069 5201 nec
3102 5148 3239 5201 ullus
3266 5150 3404 5201 alius

1836 5244 2058 5288 testatus
2100 5236 2191 5287 est"
2215 5237 2464 5304 scriptor.
2500 5238 2755 5302 Quamvis
2802 5255 2929 5307 ergo
2980 5241 3116 5307 apud
3145 5241 3399 5293 Basilium

1902 5492 1969 5563 (ῃ
2000 5494 2095 5559 Ep.
2130 5494 2246 5546 ius.

1898 5564 1972 5631 (ρ)
2000 5563 2094 5630 Ep.
2132 5564 2256 5622 2'23.
2290 5583 2342 5617 ιι.
2374 5567 2426 5620 5.

1899 5632 1972 5701 (h)
2011 5633 2101 5697 Ep.
2130 5634 2247 5697 151,
2283 5651 2335 5688 tt.
2371 5637 2423 5692 ἓ.

1896 5704 1952 5768 (i)
2005 5703 2118 5754 Lib.
2147 5720 2225 5765 Ill,
2258 5707 2413 5758 c.15.

1900 5772 1975 5840 (j)
2004 5790 2018 5826 ι
2042 5775 2092 5825 in
2128 5774 2349 5827 Eunoni.
