3992 6392
489 359 610 396 XXIV

1830 339 2364 397 PBOLEGOMENA.

487 459 625 514 Aetii
658 473 849 514 nomen
905 458 1139 513 habeant
1170 472 1357 513 omnes
1405 458 1616 514 codices
1661 471 1792 513 mss.
1823 467 1878 513 et
1907 459 2059 524 editi,
2094 465 2136 519 Λ
2163 460 2309 513 mine
2331 459 2398 512 ad
2435 456 2732 511 llellenium
2782 459 2854 528 (p.
2893 456 3036 522 100).
3094 457 3200 512 Sed
3244 459 3398 514 valde
3431 459 3617 516 dubito
3664 476 3733 514 an

485 551 886 605 substituendus
912 554 959 606 ei
980 552 1188 606 videtur
1209 552 1424 607 Acrius.

1099 664 1323 720 CAPUT
1363 664 1450 718 Vl.

487 755 526 812 Ι.
565 756 791 812 Sanctus
821 756 1053 810 Basilius
1075 758 1389 811 rtenobitica:
1406 758 1524 810 vita:
1543 767 1726 810 auctor
1743 757 1795 810 in
1814 755 1982 809 Ponto
2010 766 2058 808 et

560 828 912 895 Cappadocia.
951 829 1010 881 II.
1040 829 1204 879 Antea
1227 828 1305 881 his
1347 831 1400 881 in
1441 828 1564 880 locis
1592 836 1778 880 asceta:
1818 825 1921 880 bini
1967 835 2057 879 aut

563 899 695 950 terni
723 898 991 966 degebant.
1025 896 1111 949 Ill.
1144 897 1394 966 Gregorio
1423 899 1622 960 scribit,
1659 913 1876 966 eumque
1907 897 1972 949 ad
2004 912 2059 950 se

559 967 768 1020 allicere
788 980 1026 1022 conatur.
1059 967 1254 1020 Eorum
1289 968 1488 1021 vivendi
1518 970 1654 1020 ratio
1683 977 1728 1019 et
1759 968 2055 1035 occupatio.

558 1035 646 1090 ιν.
701 1037 886 1090 Basilii
939 1037 1139 1090 labores
1193 1038 1498 1090 monasterii
1530 1038 1723 1105 ﬁnibus
1753 1053 1854 1088 non
1887 1037 2057 1088 conti-

558 1118 766 1163 nentur.
802 1106 864 1159 ν.
903 1109 976 1160 De
1003 1109 1240 1175 pluribus
1271 1109 1500 1177 epistolis
1522 1110 1574 1160 in
1597 1123 1800 1161 secessu
1825 1106 2056 1174 scriptis.

557 1196 598 1249 l.
631 1195 1019 1251 Testimonium
1049 1195 1292 1264 Gregorii
1337 1198 1661 1252 Nazianzeni
1721 1211 1885 1267 supra
1929 1197 2061 1251 alla-

476 1299 622 1353 tum,
683 1289 735 1343 in
784 1305 890 1358 quo
940 1289 1165 1344 Basilius
1219 1291 1415 1344 dicitur
1468 1290 1843 1346 coenobiticam
1897 1292 2058 1344 vitam

487 1381 812 1445 instituisse,
849 1381 1158 1435 conﬁt-mari
1192 1392 1370 1452 potest
1401 1398 1464 1436 ex
1501 1383 1659 1451 epist.
1707 1382 1888 1438 Basilii
1929 1381 2056 1450 207,

488 1491 544 1528 n.
585 1473 640 1529 2.
688 1473 925 1529 Oderant
954 1490 1074 1529 eum
1120 1474 1602 1540 Neocaesarienses,
1647 1477 1902 1546 episcopo
1942 1475 2058 1545 ipso

491 1580 584 1620 eos
615 1567 669 1620 in
713 1564 966 1622 Basiliam
1013 1569 1369 1624 incendente:
1413 1569 1521 1622 odii
1568 1584 1743 1624 causa:
1783 1570 1971 1624 inanes
2007 1579 2060 1623 et

491 1658 733 1713 absurda:
763 1658 1120 1728 ﬁngebantur,
1144 1661 1402 1729 psallendi
1442 1662 1574 1715 ritus
1601 1662 1651 1714 in
1687 1660 1915 1715 ecclesia
1942 1661 2054 1715 Ca2-

475 1751 715 1806 ‘sariensi
752 1760 806 1807 et
844 1752 1023 1805 Basilii
1054 1754 1320 1808 ctenobia.
1359 1751 1638 1822 Nunquam
1686 1751 1926 1821 profecto
1952 1751 2056 1804 Ba-

2161 569 2281 620 qua:
2313 551 2414 605 hoc
2441 550 2558 603 loco
2593 560 2780 603 narrat
2807 549 3126 617 Gregorius,
3173 548 3428 604 Nazianzi
3471 561 3564 606 aut
3593 552 3735 620 Cap-

2163 644 2398 714 padociae
2421 643 2620 697 ﬁnibus
2651 645 2888 697 coerceri
2910 644 3159 697 debeant.
3195 641 3268 696 lbi
3299 643 3440 697 enim
3472 644 3735 698 monasti-

2161 753 2282 791 cum
2314 737 2928 804 institutumgeneratim
2950 736 3152 799 laudat,
3185 744 3474 805 antequam
3499 734 3736 789 Nazian-

2161 842 2324 882 zenos
2357 828 2652 882 monachos
2701 829 3020 882 nominatim
3064 827 3307 882 Ilellenio
3341 832 3685 883 commendet
3717 845 3728 878 :

2159 930 2213 976 et
2243 920 2385 990 quod
2414 921 2488 975 ait
2517 920 2592 990 (p.
2629 919 2754 987 107)
2783 921 3072 974 monachos
3094 920 3342 989 imperito
3369 921 3549 974 studio
3576 923 3735 974 abre-

2168 1022 2289 1082 ptos
2339 1022 2564 1068 mortem
2609 1012 2709 1067 sibi
2737 1014 2868 1082 ipsis
2918 1012 3275 1080 consciscere,
3314 1011 3446 1066 alios
3498 1013 3737 1080 propriis

2161 1102 2408 1155 manibus
2439 1110 2529 1154 aut
2561 1100 2719 1168 fame,
2751 1103 2884 1155 alios
2923 1102 3114 1170 laqueo
3156 1111 3247 1155 aut
3280 1118 3400 1157 sese
3432 1103 3739 1171 praccipites

2162 1194 2367 1257 dando;
2425 1192 2634 1246 videtur
2686 1193 2738 1247 id
2798 1193 2862 1247 de
2914 1194 3136 1248 remotis
3189 1194 3498 1262 regionibus
3553 1195 3739 1261 potius

2160 1300 2321 1354 quam
2351 1285 2416 1340 de
2441 1283 2871 1354 Cappadocibus,
2893 1288 3166 1356 magisque
3195 1285 3334 1340 fama
3351 1295 3406 1341 et
3434 1288 3735 1350 auditione,

2159 1396 2322 1449 quam
2372 1380 2605 1450 propriis
2636 1380 2808 1434 oculis
2842 1389 3119 1448 acceptum
3157 1394 3402 1433 narrare.
3444 1378 3742 1433 Probabile

2159 1487 2289 1541 ergo
2323 1487 2425 1526 non
2455 1481 2537 1527 est
2561 1473 2912 1527 anachoretas
2933 1471 3103 1525 fuisse
3134 1470 3398 1523 Eustathii
3421 1468 3737 1538 discipulos.

2163 1563 2297 1619 Hinc
2318 1564 2548 1619 Basilius
2587 1564 2662 1634 (p.
2705 1561 2832 1634 559)
2870 1562 3193 1618 monasteria
3239 1561 3521 1616 Eustathio
3553 1560 3743 1630 subje-

2160 1667 2246 1712 cta
2278 1666 2435 1712 vocat
2462 1657 2826 1712 fraternitates
2851 1657 2902 1710 in
2934 1654 3162 1726 epistola
3186 1654 3312 1708 225.
3351 1655 3405 1708 In
3443 1655 3528 1708 his
3555 1663 3739 1707 tamen

2162 1747 2708 1801 l'taternitatibusnon
2735 1748 2982 1801 videntur
3017 1747 3068 1799 in
3103 1761 3307 1801 morem
3338 1746 3741 1801 ctenobitarum

489 1838 668 1890 silium
700 1852 764 1893 eo
808 1841 1021 1891 nomine
1055 1838 1413 1901 incusassent,
1443 1839 1485 1892 si
1519 1847 1643 1892 ante
1671 1853 1794 1892 eum
1843 1840 1944 1891 hoc
1976 1835 2057 1890 in-

2163 1842 2261 1896 sub
2292 1841 2448 1895 unius
2477 1840 2685 1894 abbatis
2709 1840 2936 1909 imperio
2964 1839 3342 1893 communibus
3375 1852 3585 1904 semper
3613 1853 3743 1889 mu-

490 1929 732 1981 stitutum
765 1927 816 1982 in
835 1926 1004 1983 Ponto
1032 1929 1351 1982 exstitisset.
1375 1927 1512 1993 Quin
1531 1929 1693 1982 etiam
1713 1927 1963 1992 Basilius,
1999 1937 2057 1981 ut

491 2018 744 2072 invidiam
783 2034 813 2072 a
859 2034 917 2073 se
950 2019 1219 2089 propulset
1255 2021 1378 2074 novi
1422 2018 1581 2086 hujus
1619 2019 1875 2084 instituti,
1914 2019 2055 2088 quod

491 2111 780 2164 maximam
812 2110 1026 2166 laudem
1063 2112 1389 2176 merebatur,
1432 2127 1771 2181 nequaquam
1809 2111 2055 2181 exempla

491 2206 554 2255 ad
592 2216 745 2256 suam
769 2202 1132 2257 defensionem
1162 2205 1356 2273 repetit
1397 2219 1462 2257 ex
1499 2203 1657 2257 Ponti
1687 2214 1740 2258 et
1770 2203 2054 2273 Cappado-

491 2294 587 2346 ciae
621 2305 713 2348 aut
753 2295 1099 2350 ﬁnitimarum
1155 2295 1394 2366 gentiqu
1436 2296 1712 2360 Ecclesiis,
1745 2297 1838 2350 sed
1875 2297 1951 2350 ait
2001 2313 2058 2351 se

491 2387 762 2440 audivisse
805 2387 961 2440 talem
1004 2401 1123 2442 esse
1159 2389 1210 2440 in
1247 2388 1479 2458 Egypto
1515 2390 1752 2443 virorum
1781 2389 2056 2452 virtutem,

490 2475 721 2532 fortasse
765 2481 926 2533 etiam
961 2480 1244 2533 nennullos
1273 2480 1324 2532 in
1373 2480 1652 2534 Palaestina
1682 2480 2051 2549 evangelieam

490 2570 655 2623 vitam
698 2572 967 2631 excolere,
1008 2581 1062 2626 e'.
1107 2587 1291 2628 rursus
1327 2573 1536 2642 aliquos
1567 2573 1620 2626 in
1670 2571 2055 2642 Mesopotamia

490 2661 675 2716 beatos
699 2676 819 2718 esse
851 2673 906 2717 et
952 2663 1215 2731 perfectos
1259 2666 1422 2720 viros.
1471 2664 1586 2720 Non
1628 2664 1879 2720 videntur
1927 2680 2058 2734 ergo

492 2754 736 2808 cmuobia
759 2755 815 2807 in
846 2755 1017 2808 Ponto
1054 2763 1172 2810 ante
1197 2754 1451 2810 Basiliam
1476 2758 1774 2812 exstitisse.

564 2843 726 2899 Sedsi
753 2843 988 2900 Basilius
1005 2848 1124 2913 ejus
1149 2847 1379 2900 instituti
1405 2861 1628 2913 auctor,
1665 2849 1859 2903 mirum
1889 2847 2057 2903 videri

494 2937 682 3005 possit,
711 2953 806 2993 cur
833 2940 1150 2994 Eustathius
1180 2957 1285 2995 non
1315 2940 1487 2995 solum
1511 2942 1650 3010 apud
1687 2941 1974 2997 Armenios
2003 2950 2060 2996 et

494 3030 883 3100 Paphlagonas,
921 3034 1012 3086 sed
1053 3034 1212 3086 etiam
1257 3034 1307 3086 in
1342 3031 1532 3096 Ponto,
1563 3042 1621 3086 ut
1655 3033 1706 3086 in
1732 3035 2058 3102 praecedenti

493 3124 667 3192 capite
726 3124 972 3192 vidimus,
1023 3127 1372 3180 monasticam
1425 3126 1586 3179 vitam
1639 3127 1848 3181 dicatur
1902 3127 2058 3182 insti-

493 3218 682 3270 tuisse.
726 3215 1097 3270 Commentum
1144 3234 1263 3274 esse
1309 3219 1584 3274 existimat
1619 3218 1882 3274 Baronius
1915 3220 2056 3288 quod

485 3307 559 3362 de
583 3308 864 3363 Eustathio
889 3311 1026 3377 apud
1062 3311 1420 3366 Sozomenum
1457 3312 1667 3381 legitur.
1701 3311 1804 3366 Sed
1849 3311 2056 3366 clarum

489 3409 547 3452 et
593 3401 930 3469 perspicuum
969 3411 1054 3456 est
1095 3404 1160 3456 de
1194 3402 1476 3457 Eustathio
1522 3403 1745 3472 ejusque
1781 3403 2059 3473 discipulis

493 3490 746 3544 Basilium
776 3491 941 3559 loqui,
971 3507 1090 3546 cum
1129 3494 1203 3546 ait
1237 3491 1314 3562 (α)
1351 3509 1408 3547 se
1444 3495 1756 3547 monasticae
1795 3493 1916 3547 vitae
1945 3503 2060 3546 stu-

493 3584 582 3636 dio
604 3583 937 3651 flagrantem,
968 3584 1054 3638 ubi
1089 3585 1371 3638 nonnullos
1395 3585 1527 3638 vidit
1550 3585 1602 3638 in
1631 3585 1804 3654 patria
1833 3585 1923 3654 qui
1957 3584 2059 3638 hoc

496 3674 792 3728 institutum
819 3674 1224 3744 proﬁtebantur,
1257 3690 1507 3744 magnum
1546 3691 1613 3729 ex
1663 3691 1849 3729 eorum
1880 3675 2061 3729 amici-

498 3764 569 3817 tia
602 3773 654 3818 et
680 3766 1064 3819 consuetudine
1092 3765 1398 3835 prazsidium
1429 3767 1496 3819 ad
1528 3767 1752 3821 salutem
1791 3782 2057 3836 sperasse.

490 3855 611 3908 Jam
644 3864 754 3909 tum
782 3871 909 3926 ergo
943 3856 1232 3925 discipulos
1269 3856 1502 3910 habebat
1528 3856 1859 3911 Eustathius.
1883 3859 2061 3924 Quare

494 3947 643 3999 litem
684 3947 762 4000 sic
787 3948 992 4000 dirimit
1037 3946 1410 4001 Tillemontius
1442 3957 1498 4000 ut
1535 3948 1732 4002 Basilio
1767 3949 2060 4002 ctenobiti-

494 4051 571 4090 ea:
598 4039 716 4092 vitae
755 4038 1055 4092 institutum
1086 4049 1362 4109 acceptum
1401 4039 1621 4103 referat,
1653 4038 1924 4093 Eustathii
1956 4055 2058 4093 au-

495 4136 602 4180 tem
655 4127 944 4195 discipulos
982 4129 1034 4181 in
1065 4129 1286 4183 urbibus
1327 4139 1382 4184 et
1428 4129 1635 4196 oppidis
1683 4128 1768 4181 vel
1803 4129 1970 4182 etiam
2005 4130 2058 4183 in

492 4219 870 4274 remotioribus
889 4219 1020 4274 locis
1055 4221 1196 4275 solos
1221 4221 1416 4274 vixisse
1443 4219 1731 4275 existimet.

565 4311 627 4365 Il.
673 4309 953 4367 Libentius
1011 4313 1330 4368 crediderim
1366 4312 1634 4367 Eustathii
1688 4312 1975 4382 discipulos
2008 4314 2064 4368 in

495 4406 644 4474 pagis
670 4415 722 4458 et
758 4405 970 4474 oppidis
1003 4406 1157 4460 binos
1192 4414 1284 4459 aut
1308 4415 1486 4460 ternos
1526 4404 1742 4470 vixisse,
1768 4406 1841 4458 ita
1883 4415 1941 4458 ut
1967 4421 2066 4460 nec

2159 1933 2262 1987 niis
2296 1931 2484 1986 intenti
2534 1931 2730 1997 fuiSse,
2777 1931 2870 1986 sed
2925 1931 3036 1986 bini
3088 1939 3182 1985 aut
3225 1930 3350 1984 trini
3400 1929 3620 1983 liberius
3650 1927 3739 1980 vi-

2160 2028 2328 2080 xisse.

2230 2118 2424 2173 Basilio
2462 2117 2605 2172 enim
2645 2130 2913 2171 secessum
2947 2113 3226 2169 meditanti
3258 2111 3399 2166 nulla
3434 2111 3504 2166 ob
3544 2110 3744 2165 oculos

2159 2217 2511 2267 versabantur
2550 2214 2632 2268 his
2659 2214 2710 2265 in
2749 2212 2880 2266 locis
2923 2211 3166 2264 ccenobia
3202 2209 3308 2278 (e);
3358 2209 3452 2261 sed
3485 2206 3747 2276 cupiebat

2161 2322 2325 2359 unum
2350 2306 2582 2373 aliquem
2616 2320 2680 2358 ex
2721 2303 2981 2358 fratribus
3017 2302 3280 2365 invenire,
3319 2299 3409 2368 qui
3443 2298 3742 2364 asceticam

2160 2399 2326 2452 vitam
2381 2396 2746 2466 proﬁteretur,
2782 2406 2842 2449 ut
2876 2410 2978 2449 una
3023 2409 3144 2448 cum
3193 2407 3258 2446 eo
3300 2392 3517 2447 brevem
3572 2389 3744 2456 hujus

2159 2491 2283 2542 vitae
2315 2488 2536 2541 ﬂuctum
2577 2487 2851 2540 transiret.
2883 2483 3208 2553 Speraverat
3235 2497 3292 2536 se
3317 2497 3437 2535 cum
3471 2479 3746 2550 Gregorio

2159 2582 2460 2642 victurum;
2491 2579 2652 2648 idque
2683 2579 2824 2632 inter
2852 2591 2910 2632 se
2944 2576 3084 2646 pacti
3119 2573 3374 2627 fuerant:
3411 2573 3505 2626 sed
3543 2587 3742 2625 eorum

2159 2669 2444 2724 consilium
2479 2669 2834 2738 interpellavit
2875 2667 3122 2737 imposita
3158 2663 3420 2734 Gregorio
3439 2662 3746 2716 necessitas

2163 2765 2404 2818 fovenda:
2441 2773 2720 2832 parentum
2751 2761 3066 2818 senectutis.
3108 2758 3290 2812 Basilii
3335 2755 3739 2810 monasterium

2162 2873 2268 2912 non
2314 2857 2519 2921 statim,
2554 2863 2613 2908 ut
2663 2854 2820 2907 modo
2853 2853 3174 2917 videbimus,
3225 2849 3456 2905 cet-.nobii
3502 2847 3739 2901 formam

2163 2949 2370 3003 habuit.
2409 2946 2655 3001 Monachi
2688 2944 3014 2999 Nazianzeui
3044 2944 3326 2998 cmnobitaa
3343 2956 3447 2995 non
3470 2947 3620 2994 erant
3649 2940 3736 3006 (p.

2163 3038 2308 3108 107).
2329 3037 2458 3090 Nam
2489 3035 2780 3105 Gregorius
2802 3036 2855 3088 in
2881 3033 3118 3088 carmine
3136 3032 3199 3084 ad
3224 3030 3518 3084 llellenium
3547 3027 3740 3080 decem

2086 3158 2129 3217 ρ
2162 3129 2635 3200 przestantissimos
2661 3137 2871 3182 ascetas
2902 3133 3165 3189 recenset,
3197 3121 3391 3192 quibus
3417 3118 3742 3188 singulatim

2165 3221 2562 3285 immunitatem
2608 3235 2637 3272 a
2698 3219 2912 3273 tributis
2967 3217 3120 3284 petit,
3168 3228 3326 3284 quam
3363 3213 3493 3265 satis
3545 3209 3746 3262 fuisset

2164 3313 2259 3366 toti
2291 3305 2542 3366 emnobio
2568 3310 2732 3364 semel
2762 3320 2962 3379 petere,
2991 3309 3034 3362 si
3060 3308 3112 3360 in
3155 3306 3343 3360 iisdem
3382 3317 3568 3357 omnes
3603 3300 3747 3354 tedi-

2163 3403 2260 3456 bus
2287 3401 2530 3457 fuissent.
2553 3399 2690 3454 Hinc
2716 3400 2877 3454 etiam
2907 3413 3042 3452 unus
3074 3412 3142 3450 ex
3176 3395 3280 3449 illis
3307 3392 3542 3447 Eulalius
3569 3391 3748 3444 amis-

2161 3509 2223 3548 so
2262 3493 2427 3548 fratre
2458 3491 2700 3547 Helladio
2725 3491 2797 3561 (p.
2837 3489 2981 3558 108),
3020 3503 3179 3556 quem
3215 3487 3450 3556 ejusdem
3491 3480 3740 3536 instituti

2162 3586 2366 3641 socium
2399 3585 2683 3646 habuerat,
2709 3579 2919 3634 amicta:
2935 3589 2990 3633 et
3018 3587 3231 3648 aegrota;
3258 3575 3412 3628 matri
3438 3572 3744 3626 assidebat.

2163 3677 2418 3732 Testatur
2447 3675 2613 3729 abbas
2645 3673 2884 3742 Pyamon
2942 3672 3081 3740 apud
3121 3668 3438 3723 Cassianum
3479 3665 3582 3735 (Γ),
3623 3672 3748 3717 ter-

2165 3771 2294 3822 tium
2322 3783 2490 3835 genus
2508 3765 2916 3826 monachorum,
2947 3762 3036 3830 qui
3066 3759 3373 3829 Sarabayta:
3390 3756 3742 3818 dicebantur,

2161 3870 2215 3914 et
2247 3861 2357 3914 bini
2390 3867 2482 3912 aut
2513 3858 2649 3911 terni
2696 3855 2982 3924 degebant,
3027 3852 3304 3906 abundare
3349 3864 3412 3901 ac
3453 3859 3620 3917 prepe
3644 3859 3747 3898 so-

2163 3953 2272 4005 lum
2313 3965 2432 4004 esse
2463 3950 2515 4002 in
2549 3947 2862 4002 civitatibus
2899 3959 3044 4014 quas,
3071 3943 3391 4004 diaconiam,
3417 3950 3476 3992 ut
3503 3938 3615 4007 jam
3646 3938 3743 3990 dis-

2162 4046 2361 4104 ximus,
2393 4042 2443 4094 in
2478 4039 2705 4094 Pontum
2746 4047 2796 4092 et
2843 4036 3152 4091 Armeniam
3195 4032 3442 4088 deferens
3476 4043 3746 4098 peragrat-

2162 4135 2260 4189 vit.
2315 4134 2564 4187 Canones
2612 4130 2979 4200 Gangrenses.
3021 4128 3111 4196 qui
3145 4125 3414 4181 Armenia:
3466 4123 3744 4194 episcopis

2165 4225 2409 4292 inscripti
2453 4232 2597 4287 sunt,
2626 4222 2878 4275 dubitare
2907 4233 3012 4272 non
3038 4219 3221 4271 sinunt
3261 4217 3389 4286 quin
3424 4225 3742 4270 ascetarutn

2166 4319 2217 4372 in
2259 4320 2359 4372 hac
2400 4317 2617 4386 regione
2669 4328 2862 4382 magna
2921 4312 3086 4365 fuerit
3131 4311 3394 4364 sentiendi
3428 4324 3490 4361 ac
3518 4307 3744 4362 vivendi

2177 4412 2418 4463 libertas.
2449 4408 2549 4461 Vix
2576 4421 2703 4477 ergo
2729 4407 2945 4460 dubium
2968 4404 3096 4473 quin
3133 4402 3385 4455 instituta:
3406 4401 3488 4454 his
3523 4399 3574 4452 in
3598 4399 3744 4454 locis

495 4499 835 4551 anachoreta:
879 4497 1076 4550 fuerint
1127 4513 1226 4553 nec
1282 4499 1582 4552 etenobitae.
1614 4497 1864 4552 Testatur
1898 4498 2064 4553 Sozo-
2095 4520 2138 4574 ι)
2170 4502 2509 4556 coenobitieze
2545 4502 2668 4554 vitae
2716 4498 2884 4569 gloria
2933 4513 3036 4550 non
3084 4493 3360 4549 Eustathio
3390 4491 3744 4546 attribuenda

495 4589 781 4661 menus(b)
807 4591 857 4642 in
881 4589 1089 4644 Galatia
1124 4600 1178 4644 et
1199 4589 1531 4659 Cappadocia
1570 4600 1626 4642 et
1657 4588 1900 4644 ﬁnitimis
1937 4605 2060 4659 pro-

492 4682 682 4736 vinciis
710 4681 940 4735 maxime
968 4697 1150 4736 rarum
1200 4696 1318 4736 esse
1363 4681 1808 4734 anachoretarum
1866 4697 2056 4751 genus,

495 4775 620 4840 quia
657 4787 750 4840 per
783 4771 1000 4840 frigoris
1030 4772 1381 4826 acerbitatem
1405 4772 1455 4822 in
1485 4772 1714 4826 desertis
1734 4772 1868 4827 locis
1895 4774 2058 4842 dege-

497 4880 552 4915 re
575 4877 680 4917 non
710 4862 854 4916 licet.
887 4861 942 4916 ld
977 4863 1262 4916 conﬁrmat
1297 4861 1462 4914 abbas
1498 4860 1756 4931 Pyamon,
1789 4864 1879 4932 qui
1914 4864 2052 4931 apud

489 4954 808 5007 Cassianum
833 4953 904 5024 (c)
931 4962 1113 5006 narrat
1137 4968 1196 5007 se
1227 4951 1279 5005 in
1306 4951 1613 5021 regionibus
1638 4968 1771 5020 quas
1804 4955 1905 5008 sub
1947 4953 2051 5007 Va-

493 5048 635 5099 lente
664 5047 986 5114 peragravit,
1038 5055 1094 5097 ut
1125 5043 1382 5097 fratribus
1412 5044 1466 5096 in
1509 5043 1735 5098 Pontum
1771 5056 1824 5100 et
1861 5048 2052 5100 Armes

492 5139 636 5192 niam
676 5137 926 5208 relegatis
971 5139 1274 5192 diaconiam
1327 5136 1512 5201 ferret,
1545 5152 1613 5191 ne
1643 5138 1814 5207 ipsum
1841 5141 2056 5208 quidem

493 5230 944 5284 anachoretarum
981 5245 1174 5284 nomen
1209 5230 1448 5284 auditum
1475 5231 1824 5299 comperisse.
1860 5230 2060 5286 Existi-

492 5327 605 5368 mat
632 5313 1006 5370 Tillemontius
1039 5317 1114 5386 (ιι)
1157 5317 1440 5372 nonnullos
1495 5333 1522 5371 a
1569 5327 1755 5373 sancto
1795 5318 2058 5390 Gregorio

491 5405 836 5463 Nazianzeno
865 5407 1208 5477 Cappadoces
1241 5411 1596 5466 anachoretas
1624 5411 1825 5467 laudari
1858 5412 1912 5467 in
1936 5426 2056 5467 car-

559 5590 635 5662 (a)
663 5587 762 5662 Ep.
793 5589 916 5650 9.23.
949 5607 1001 5644 ιι.
1027 5593 1079 5645 5.

558 5658 632 5732 (lt)
662 5658 784 5732 Lib.
813 5675 885 5723 vt,
913 5677 960 5732 ς.
990 5663 1076 5714 5i.

561 5730 631 5799 (c)
663 5730 969 5799 (ρυιιειιηιε,
1009 5752 1054 5783 c.
1092 5733 1142 5785 7.

559 5798 640 5876 (ει)
668 5800 820 5856 Tum.
845 5798 931 5868 1X,
957 5819 1008 5871 ι».

2169 4593 2259 4654 sit,
2293 4589 2390 4645 sed
2423 4589 2639 4654 Basilio,
2680 4587 2831 4656 cujus
2866 4588 3160 4641 maximum
3185 4583 3391 4638 exstitit
3422 4583 3580 4651 hujus
3610 4597 3750 4650 pro-

2165 4684 2394 4754 pagandi
2423 4682 2650 4735 instituti
2683 4680 2938 4734 studium.
2976 4677 3106 4731 lllud
3140 4677 3297 4746 longe
3338 4676 3410 4747 (g)
3445 4673 3752 4744 przeferen-

2165 4777 2288 4829 dum
2337 4788 2454 4828 esse
2485 4774 2954 4828 demonstratvita:
2983 4772 3274 4836 solitariae;
3312 4771 3415 4825 duo
3443 4770 3519 4840 (Ii)
3563 4769 3612 4821 in
3641 4782 3751 4820 eo-

2163 4867 2282 4919 dem
2315 4880 2450 4934 pago
2496 4865 2820 4919 monasteria
2851 4877 2970 4917 esse
3014 4878 3118 4916 non
3161 4863 3370 4930 probat,
3404 4862 3496 4915 sed
3541 4875 3751 4914 omnes

2162 4968 2372 5012 ascetas
2405 4957 2504 5012 sub
2532 4974 2638 5011 uno
2667 4966 2721 5010 et
2750 4955 2935 5010 eodem
2966 4954 3253 5024 praeposito
3297 4955 3567 5008 existimat
3599 4966 3756 5004 con-

2159 5051 2481 5121 juugendos.
2507 5049 2744 5118 Perspici
2784 5048 2948 5102 etiam
2989 5057 3166 5116 potest
3198 5047 3338 5100 illius
3367 5045 3630 5123 sententia
3669 5060 3747 5098 ex

2165 5147 2322 5215 epist.
2346 5144 2472 5208 295,
2499 5143 2552 5197 in
2585 5158 2690 5211 qua
2735 5154 2944 5196 ascelas
2995 5143 3044 5194 in
3079 5142 3263 5195 eodem
3299 5141 3510 5210 quidem
3546 5154 3751 5192 mona-

2165 5234 2353 5298 sterio,
2379 5233 2471 5287 sed
2509 5247 2612 5285 non
2648 5246 2796 5285 more
2839 5231 3207 5285 coenobiorum
3259 5229 3499 5284 viventes
3539 5229 3750 5281 horta-

2165 5336 2272 5388 tur,
2305 5334 2363 5378 ut
2387 5325 2452 5378 ab
2484 5323 2584 5376 hac
2607 5322 2711 5375 vita
2743 5323 2968 5375 testibus
2995 5331 3214 5376 careute
3253 5321 3319 5373 ad
3352 5319 3754 5374 ctenobiticarn

2164 5423 2458 5470 transeant.
2499 5412 2702 5468 Praeter
2749 5415 3075 5479 etenobium,
3128 5415 3268 5482 quod
3302 5413 3352 5466 in
3400 5411 3567 5466 Ponto
3603 5424 3750 5464 ron-

2245 5590 2312 5658 (ε)
2348 5591 2441 5660 Ep.
2474 5592 2595 5647 223.

2243 5662 2306 5742 if)
2348 5666 2542 5742 titillat:
2581 5665 2734 5742 18,_c.
2766 5665 2812 5716 7.

2236 5729 2305 5799 (g)
2346 5729 2472 5798 llcg.
2517 5732 2618 5798 fus.
2662 5735 2712 5786 7.

2235 5805 2310 5871 (It)
2349 5799 2474 5872 lieg.
2504 5807 2608 5871 (us.
2645 5803 2732 5863 55,
