3992 6392
1571 412 1732 465 VITA
1776 414 1832 467 S.
1873 410 2130 466 BASlLli.

3353 436 3456 476 XXV

235 532 421 593 sum".
475 529 622 581 arma
680 528 754 581 ab
803 542 867 582 eo
906 527 1181 581 mmmam
1229 526 1279 579 in
1333 526 1589 580 sulutrhio
1615 526 1791 581 Caesa-
1819 543 1865 599 Α
1896 541 1999 595 que
2056 533 2304 587 tractum,
2361 534 2419 577 ut
2465 526 2612 579 locus
2643 534 2943 595 prteruptus
2989 542 3308 599 aequaretur.
3348 539 3458 599 llis

235 625 363 679 ricusi
403 621 667 675 discimus
702 636 772 673 ex
820 618 978 687 epist.
1010 618 1081 672 9i
1104 629 1156 670 et
1194 616 1314 671 150.
1368 617 1649 671 Probabile
1700 629 1781 672 est

233 714 578 768 (moobiticum
642 711 959 763 institutum
1013 709 1176 762 etiam
1242 719 1366 761 ante
1414 710 1779 778 episcopatum

234 804 441 860 :beoin
501 802 812 855 Ecclesiam
867 803 1255 857 Cmsariensem
1311 801 1607 856 inductum.
1665 802 1777 856 Non

230 898 415 947 deerant
455 893 685 960 quidem
735 892 859 945 huic
896 890 1137 945 ecclesia:
1166 890 1436 955 monachi,
1482 906 1777 959 eorumque

229 987 428 1042 studium
449 986 665 1039 exarsit
707 986 757 1037 in
792 985 1172 1047 Basiliicausa,
1193 990 1251 1037 ut
1282 984 1420 1037 infra
1451 985 1777 1051 videbimus,

225 1081 449 1133 adversus
478 1078 780 1131 Eusebium
815 1080 1121 1146 episcopum
1147 1077 1477 1132 defendenda
1511 1095 1522 1129 :
1559 1079 1649 1131 sed
1685 1094 1779 1132 no-

226 1180 264 1220 la
296 1166 388 1220 illis
443 1182 551 1218 non
610 1169 872 1220 videntur
928 1166 1092 1221 fuisse
1128 1167 1452 1221 cmuobitica
1511 1168 1774 1222 instituta.

227 1260 347 1311 lhtde
377 1259 607 1310 Basilius
655 1260 761 1328 (η),
815 1274 935 1311 cum
984 1259 1200 1326 quidam
1236 1258 1492 1312 Czesarete
1522 1261 1779 1313 monasti-

220 1366 318 1403 cam
346 1351 660 1402 institutum
696 1351 947 1419 amplecti
980 1351 1158 1415 vellet,
1188 1366 1351 1419 seque
1382 1352 1457 1404 illi
1484 1355 1774 1421 regendum

220 1444 690 1495 «tinlormandum
741 1445 1000 1506 traderet,
1054 1444 1265 1497 mittere
1310 1457 1430 1497 eum
1485 1444 1672 1497 maluit
1725 1445 1776 1497 in

220 1533 345 1586 Ponti
392 1535 817 1586 monasterium.
853 1534 1147 1602 Gregorius
1194 1544 1396 1599 autem,
1429 1550 1551 1588 cum
1584 1550 1776 1588 mona-

220 1626 340 1676 stiee
371 1624 500 1691 legis
531 1625 915 1679 institutiones
945 1640 972 1677 a
1011 1626 1205 1679 Basilio
1229 1627 1547 1695 presbytero
1576 1637 1778 1681 etvoce

219 1726 260 1769 et
288 1717 488 1783 scriptis
519 1716 764 1771 traditas
794 1718 995 1781 laudat,
1038 1718 1310 1771 inductam
1354 1719 1422 1772 ab
1445 1733 1509 1773 eo
1542 1718 1778 1773 cmnobi-

222 1810 353 1859 ticam
384 1807 737 1875 disciplinam
780 1808 990 1862 videtur
1021 1808 1258 1863 laudare.

1891 618 2041 671 addit
2096 616 2164 687 (e)
2218 616 2479 686 lignorum
2532 621 2983 686 comportationes
3020 631 3073 674 et
3116 622 3451 697 lapidicinas,

1891 707 2145 761 arborum
2190 707 2519 761 consitiones
2548 716 2600 759 et
2630 709 2995 778 irrigationes,
3033 713 3295 783 imprimis
3330 733 3455 775 vero

1890 798 2164 867 platanum
2218 814 2315 851 sua
2358 814 2515 852 manu
2560 802 2876 869 plantatum.

1965 888 2117 955 Quod
2141 904 2422 959 supererat
2450 892 2543 947 otii
2579 892 2644 946 ab
2681 894 2930 948 asceticee
2964 895 3083 950 vita:
3106 900 3323 965 muniis,
3350 900 3452 956 im-

1889 986 2191 1052 pendebant
2225 984 2276 1037 in
2304 984 2625 1038 meditandis
2660 985 2831 1038 sacris
2864 985 3059 1041 litteris
3087 987 3153 1058 (f)
3191 1008 3204 1042 :
3239 1001 3287 1045 et
3328 1007 3449 1047 cum

1887 1077 1940 1129 in
1971 1076 2073 1130 hoc
2096 1076 2274 1130 studio
2303 1077 2420 1146 plus
2440 1076 2676 1145 antiquis
2702 1077 3077 1146 scriptoribus,
3105 1096 3267 1151 quam
3300 1084 3450 1153 inge-

1887 1168 1978 1222 nio
2017 1184 2116 1223 suo
2151 1169 2469 1232 tribuerent,
2499 1168 2831 1237 collegerunt
2851 1183 2915 1223 ex
2948 1168 3179 1239 Origene
3224 1174 3451 1241 plurima

1884 1260 2262 1314 observatione
2308 1260 2487 1328 digna,
2532 1274 2650 1327 qua:
2696 1260 2746 1312 in
2796 1275 2956 1313 unum
3000 1276 3194 1330 corpus
3238 1265 3450 1320 redacta

1886 1350 2234 1405 Philocaliam
2262 1351 2685 1419 appellaverunt.
2734 1350 2886 1405 liunc
2920 1353 3111 1407 librum
3136 1355 3277 1410 dono
3307 1356 3452 1411 misit

1885 1438 2175 1508 Gregorius
2194 1440 2477 1494 Theodoro
2514 1440 2817 1509 'l‘byanensi
2838 1442 2934 1511 (g),
2958 1452 3014 1497 ut
3040 1460 3174 1514 opus
3195 1445 3297 1500 sibi
3328 1460 3448 1499 cum

1884 1544 2076 1588 sancto
2104 1534 2300 1587 Basilio
2336 1550 2641 1589 commune.

1958 1624 2047 1681 IV.
2078 1626 2263 1681 Basilii
2288 1626 2503 1681 labores
2533 1630 2848 1683 monasterii
2896 1630 3093 1685 ﬁnibus
3125 1647 3229 1685 non
3270 1632 3449 1685 conti-

1888 1720 2175 1774 labantur.
2205 1718 2336 1771 Nam
2369 1734 2488 1773 cum
2529 1721 2788 1787 ejusmodi
2833 1722 3136 1777 institutum
3174 1725 3451 1792 amplexus

1887 1816 2051 1872 esset,
2094 1808 2144 1861 in
2195 1824 2303 1877 quo
2344 1818 2398 1862 et
2431 1811 2675 1865 meditari
2726 1822 2927 1881 posset,
2980 1823 3037 1867 ut
3090 1816 3446 1879 anachoreta,

273 1897 347 1951 lll.
384 1897 482 1953 Ubi
510 1902 765 1968 primum
806 1913 1056 1955 secessus
1088 1900 1309 1955 delicias
1334 1901 1637 1971 degustavit
1667 1903 1769 1956 Ba-
1803 1918 1847 1977 Β
1876 1906 1930 1949 et
1965 1897 2245 1965 prodesse,
2304 1908 2359 1951 ut
2392 1898 2445 1952 hi
2482 1914 2617 1968 quos
2652 1901 2886 1956 diximus
2921 1901 3192 1968 migades;
3228 1920 3331 1957 non
3363 1920 3450 1958 se-

220 1992 373 2053 silius,
419 1990 761 2062 Gregorium
821 1992 923 2047 loci
982 1994 1343 2063 descriptione
1416 2005 1640 2051 conatus
1694 2006 1776 2052 est

219 2082 423 2135 allicere.
464 2082 784 2151 Respondit
836 2084 1132 2153 Gregorius
1158 2100 1217 2141 se
1244 2086 1344 2140 loci
1390 2085 1561 2141 forma
1588 2098 1640 2143 et
1666 2090 1775 2143 situ

220 2190 375 2242 parum
406 2179 649 2239 moveri,
689 2178 792 2231 nisi
821 2178 984 2231 etiam
1003 2179 1069 2233 de
1094 2178 1304 2233 vivendi
1342 2181 1549 2236 ratione
1570 2182 1772 2250 aliquid

219 2264 407 2317 eliscat.
442 2263 759 2334 Utramque
806 2267 1090 2336 epistolam
1136 2270 1435 2325 amisimus.
1474 2272 1578 2325 Sed
1611 2272 1771 2326 aliam

220 2354 460 2419 habemus,
502 2371 682 2424 quam
731 2356 961 2411 Basilius
1013 2358 1089 2425 (ὁ)
1122 2361 1307 2412 statim
1363 2370 1485 2428 post
1523 2371 1772 2430 acceptas

216 2443 427 2511 Gregorii
455 2446 683 2500 litteras
710 2449 945 2515 scripsit,
976 2458 1033 2502 ut
1066 2450 1112 2501 ei
1141 2450 1505 2514 satisfaceret,
1530 2467 1594 2506 ac
1613 2466 1766 2505 Suam

216 2534 399 2588 vivendi
432 2538 710 2591 rationem
752 2549 1072 2606 exponeret.
1113 2538 1345 2594 Diurnas
1373 2555 1435 2593 ac
1479 2552 1769 2595 noeturnas

219 2638 396 2688 preces,
436 2626 735 2681 lectionem
770 2626 1199 2695 Scripturarum,
1231 2629 1469 2685 laborem
1514 2646 1767 2686 manuum

221 2714 458 2770 describit.
477 2718 590 2771 Sed
620 2719 758 2771 nihil
784 2720 834 2772 in
872 2720 973 2774 hac
1005 2721 1228 2788 epistola
1260 2723 1547 2787 reperitur,
1580 2738 1643 2776 ex
1660 2738 1767 2792 quo

220 2820 317 2858 eum
349 2810 750 2863 ccennbitarum
796 2826 947 2866 more
993 2813 1190 2866 vixisse
1226 2813 1507 2880 conjicias.
1572 2814 1767 2869 Preces

220 2906 319 2949 ante
359 2910 410 2951 et
452 2913 580 2967 post
610 2902 797 2955 cibum
852 2904 1091 2971 praecipit
1125 2918 1139 2955 :
1175 2914 1225 2956 at
1260 2905 1394 2958 nihil
1438 2920 1658 2973 prorsus
1700 2906 1767 2959 de

221 2988 417 3044 lcetione
447 2994 596 3045 inter
628 2993 901 3047 edendum
938 2996 1261 3050 adhibenda.
1288 2998 1375 3051 Ait
1403 3007 1607 3052 tantum
1648 2998 1765 3051 ani-

220 3097 337 3133 ruam
378 3099 442 3136 ne
494 3094 636 3139 tunc
671 3086 887 3153 quidem
940 3103 968 3139 a
1016 3089 1106 3141 Dei
1163 3090 1485 3155 cogitatione
1534 3091 1763 3145 otiosam

220 3189 315 3227 esse
342 3178 551 3241 debere,
593 3179 694 3231 sed
744 3194 813 3233 ex
858 3178 969 3249 ipsa
1005 3180 1381 3236 alimentorum
1423 3192 1477 3237 et
1519 3185 1763 3252 corporis

1878 1989 1998 2057 gnis
2029 1988 2131 2041 fuit
2188 1990 2239 2042 in
2268 1993 2647 2057 promovendis
2676 1992 2928 2048 Ecclesia:
2968 1995 3310 2050 utilitatibus.
3343 1996 3449 2051 Ba-

1875 2080 2023 2133 silius
2062 2077 2222 2133 Ponti
2259 2080 2428 2145 urbes,
2485 2082 2658 2151 inquit
2703 2082 2928 2138 Ruﬁnus
2962 2084 3061 2155 (lt),
3110 2096 3155 2139 et
3189 2104 3314 2140 rura
3349 2089 3451 2140 cir-

1873 2171 2126 2231 cumiens,
2160 2171 2362 2225 desides
2395 2174 2560 2241 gentis
2596 2174 2741 2227 illius
2768 2176 2969 2245 animos
2993 2187 3038 2229 et
3064 2194 3247 2244 parum
3274 2180 3336 2230 de
3362 2195 3450 2245 spe

1872 2262 2056 2329 futura
2082 2262 2337 2315 sollicitos
2359 2265 2631 2319 stimulare
2659 2267 2823 2320 verbis
2847 2276 2895 2320 et
2923 2269 3293 2336 pra'dicatione
3326 2286 3450 2322 suc-

1874 2352 2111 2416 cendere,
2168 2352 2463 2421 callumque
2492 2354 2565 2405 ab-
2602 2353 2681 2407 his
2732 2354 2900 2424 longae
2930 2356 3251 2426 negligentia:
3297 2357 3447 2427 carpit

1872 2442 2081 2495 abolere
2111 2459 2127 2495 :
2153 2445 2476 2513 subegitque,
2503 2445 2725 2513 objectis
2752 2447 2985 2500 inanium
3017 2465 3186 2502 rerum
3208 2460 3253 2502 et
3288 2466 3448 2502 swcu-

1871 2531 2064 2586 larium
2118 2534 2280 2594 curis,
2344 2536 2531 2586 suimet
2591 2536 2830 2596 uetitiam
2883 2538 3126 2604 recipere,
3177 2537 3230 2589 in
3287 2554 3447 2590 unum

1870 2623 2029 2683 coire.
2074 2626 2390 2677 monasteria
2430 2634 2751 2688 construere,
2790 2626 3027 2691 psalmis,
3060 2639 3104 2680 et
3132 2628 3369 2697 .Itymnis,
3397 2636 3446 2681 et

1869 2716 2195 2770 orationibus
2237 2718 2419 2769 docuit
2461 2733 2664 2781 vorare,
2705 2734 2991 2785 pauperum
3028 2736 3207 2773 curam
3246 2736 3441 2788 gerere.

1866 2807 2038 2875 eisque
2074 2806 2378 2859 habitacula
2409 2808 2646 2869 honesta,
2674 2818 2719 2861 et
2740 2824 2856 2875 qua:
2885 2809 2953 2861 ad
2985 2810 3173 2862 victum
3211 2826 3447 2863 necessa-

1868 2896 1946 2947 ria
1970 2907 2111 2957 sunt,
2132 2895 2377 2963 prwbere,
2404 2896 2627 2963 virgines
2660 2897 2948 2961 instituere,
2966 2899 3207 2964 pudicam
3230 2911 3447 2952 castam-

1864 3004 1962 3059 que
2014 2988 2171 3040 vitam
2220 2988 2456 3040 omnibus
2505 3004 2632 3054 pene
2685 2989 3079 3078 desidergbilem
3120 2990 3310 3057 facere.
3350 2989 3438 3043 Ita

1866 3080 2001 3134 brevi
2025 3088 2322 3148 permutata
2351 3090 2425 3133 est
2449 3081 2606 3133 totius
2638 3080 2918 3147 provincia:
2943 3080 3122 3148 facies,
3162 3093 3213 3135 ut
3247 3084 3298 3136 in
3331 3084 3445 3135 ari-

1864 3173 1930 3225 do
1958 3182 2005 3225 et
2030 3172 2288 3241 squalenti
2316 3188 2497 3238 canum
2517 3173 2775 3225 videretur
2798 3189 2938 3240 seges
2966 3174 3210 3240 fecunda,
3236 3191 3295 3227 ac
3321 3174 3443 3228 (tota

220 3280 268 3315 ca
290 3268 637 3335 suscipientis
677 3281 874 3324 natura
914 3274 1193 3325 materiam
1236 3272 1328 3327 Dei
1360 3274 1607 3329 laudandi
1643 3291 1765 3331 esse

1872 3266 2021 3318 vinea
2046 3265 2358 3317 surrexisse.
2389 3264 2642 3317 Testatur
2678 3265 2839 3317 etiam
2872 3264 3203 3320 Sozoruenus
3230 3268 3290 3335 (i)
3336 3267 3404 3320 Ba
3424 3295 3440 3309 -

221 3356 504 3412 ducendam.
551 3362 723 3415 Forte
763 3379 893 3433 ergo
929 3379 1047 3417 cum
1082 3381 1187 3418 uno
1218 3376 1310 3419 aut
1351 3367 1523 3421 altero
1555 3383 1618 3421 ex
1659 3370 1763 3422 Eu-

221 3446 373 3499 stathii
424 3450 716 3521 discipulis
754 3454 1003 3524 degebat,
1038 3465 1093 3509 ut
1127 3455 1215 3509 alii
1256 3456 1444 3511 harum
1486 3460 1761 3529 regionum

223 3548 404 3593 ποριῶ.

276 3626 365 3683 Sed
392 3632 497 3686 cito
528 3633 603 3686 ad
636 3650 756 3687 eum
793 3635 941 3690 multi
972 3636 1373 3703 conﬂuxerunt,
1410 3655 1573 3710 seque
1606 3642 1683 3696 illi
1709 3645 1760 3698 in

224 3718 520 3787 disciplinam
566 3724 926 3779 tradiderunt.
966 3726 1239 3796 Ejusmodi
1280 3731 1420 3783 enim
1480 3733 1764 3802 discipulos

223 3806 417 3861 habebat
438 3826 590 3866 anno
623 3812 727 3866 360
758 3832 785 3865 a
814 3814 1011 3882 quibus
1036 3829 1100 3868 ne
1130 3818 1196 3869 ad
1228 3816 1610 3871 brevissimum
1636 3820 1759 3887 qui-

224 3901 316 3950 dem
341 3909 549 3970 tempus
583 3905 706 3958 sine
744 3920 937 3974 magna
974 3906 1188 3961 illorum
1221 3908 1462 3963 molestia
1487 3908 1763 3965 discedere

223 4000 414 4058 poterat,
452 4004 509 4047 ut
565 3996 919 4064 perspicimus
966 4012 1031 4051 ex
1078 3999 1301 4067 epistola
1348 4000 1401 4054 8.
1448 3999 1563 4053 Jam
1622 4001 1765 4056 illius

226 4088 578 4139 monasterium
643 4089 757 4142 suis
812 4092 1052 4144 numeris
1103 4091 1408 4146 absolutum
1458 4102 1594 4158 erat,
1639 4109 1760 4147 cum

226 4170 480 4243 Gregorius
511 4179 587 4233 ad
614 4194 735 4233 eum
765 4196 823 4233 se
850 4183 1095 4244 contulit,
1124 4184 1266 4251 quod
1295 4184 1510 4252 quidem
1550 4186 1762 4240 videtur

226 4263 379 4322 fecisse
402 4287 546 4325 anno
582 4272 686 4325 358
721 4284 813 4326 aut
858 4273 979 4327 359.
1031 4274 1163 4328 Nam
1211 4276 1350 4330 inter
1384 4292 1443 4330 ea
1469 4293 1587 4346 qua:
1626 4293 1683 4332 se
1708 4279 1758 4331 in

224 4356 301 4410 hoc
324 4366 653 4418 monasterio
683 4367 879 4420 vidisse
906 4371 1247 4433 metuinerat,
1282 4369 1463 4424 laudat
1493 4371 1759 4440 imprimis

223 4446 447 4520 fratrum,
493 4472 637 4525 quos
700 4458 925 4513 Basilius
974 4461 1036 4512 ad
1091 4461 1346 4527 pietatem
1413 4463 1744 4530 instituebat,

221 4544 430 4600 tximiam
466 4551 843 4605 concordiam.
876 4551 1114 4605 Meminit
1149 4554 1471 4620 psalmorum
1500 4565 1552 4610 et
1602 4557 1756 4626 hym-

1872 3357 2051 3410 silium
2085 3355 2241 3410 Ponti
2284 3358 2445 3410 urbes
2496 3358 2945 3420 circumeuntem,
2979 3359 3141 3411 multa
3182 3360 3285 3413 illic
3316 3362 3441 3413 tedi-

1873 3448 2067 3503 ﬁcasse
2098 3449 2452 3511 monasteria;
2486 3458 2539 3501 et
2559 3450 2765 3518 populis
2790 3450 3191 3518 przedicantcm,
3214 3460 3268 3505 ut
3290 3466 3437 3505 eam-

1870 3538 1992 3592 dem
2034 3553 2153 3592 cum
2190 3540 2304 3606 ipso
2338 3540 2641 3593 doctrinam
2687 3540 2807 3593 ﬁdei
2835 3552 3188 3609 sequerentur
3218 3557 3439 3610 persua-

1869 3628 2024 3683 sisse.
2082 3628 2203 3683 llaec
2240 3629 2548 3684 conﬁrmari
2598 3640 2821 3699 possunt
2861 3633 3137 3701 utriusque
3195 3632 3438 3703 Gregorii

1872 3720 2198 3774 testimonio.
2236 3721 2489 3775 Testatur
2520 3720 2793 3791 Nyssenus
2833 3723 2903 3791 (j)
2948 3724 3289 3778 solitudinem
3340 3726 3439 3779 sub

1870 3811 2070 3866 Basilio
2106 3814 2171 3867 ad
2222 3813 2576 3870 imitationem
2602 3814 2825 3871 Joannis
2868 3815 3118 3886 Baptistae
3151 3818 3200 3872 in
3251 3818 3436 3874 urbem

1870 3923 2185 3962 conversam
2244 3924 2363 3964 esse
2398 3912 2468 3965 ob
2519 3910 2919 3965 multitudinem
2980 3926 3165 3966 eorum
3221 3914 3310 3981 qui
3370 3916 3437 3967 ad

1868 3999 2119 4054 Basilium
2155 4002 2517 4056 conﬂuebant.
2574 4003 2866 4071 Gregorius
2911 4002 3297 4059 Nazianzenus,
3324 4006 3435 4073 jam

1870 4093 2034 4147 multa
2076 4093 2227 4147 illum
2254 4095 2317 4147 ad
2347 4094 2635 4149 utilitatem
2663 4094 2916 4149 Ecclesia:
2948 4112 3175 4151 navasse
3200 4097 3330 4150 dicit
3361 4097 3435 4167 (p.

1867 4185 2013 4255 555),
2054 4202 2175 4239 cum
2205 4186 2270 4239 ad
2307 4186 2604 4255 presbyteri
2642 4187 2866 4254 gradum
2895 4198 3114 4241 evectus
3148 4196 3251 4240 est.
3281 4187 3433 4239 Ilum:

1868 4280 2145 4347 multiplex
2203 4279 2298 4333 Dei
2338 4280 2647 4349 benignitas,
2692 4280 2885 4345 inquit,
2915 4296 3034 4331 cum
3072 4280 3247 4331 multis
3281 4291 3432 4332 antea

1868 4373 2017 4422 rebus
2067 4373 2226 4439 gestis
2266 4370 2468 4423 clarum
2518 4371 2790 4437 e/fecisset,
2840 4369 2928 4421 διὰ
2971 4369 3176 4421 πολλῶν
3222 4370 3329 4421 τῶν
3378 4372 3433 4423 ἐν

1869 4464 2016 4532 μέπῳ
2064 4463 2396 4533 γνωρίσασα,
2434 4465 2485 4514 iu
2507 4478 2715 4515 sacrum
2759 4463 3170 4531 presbyterorum
3202 4463 3432 4514 ordinent

1866 4554 2101 4608 ascribit.

221 4646 374 4687 norum
406 4653 469 4692 ex
505 4640 910 4708 quibusmiram
953 4647 1270 4698 suavitatem
1309 4658 1621 4714 perceperat
1660 4649 1748 4718 (ι’).
1794 4628 1835 4683 θ
1937 4648 2001 4706 ν.
2034 4648 2177 4703 Inter
2217 4648 2494 4715 epistolas,
2526 4660 2658 4715 quas
2695 4645 2923 4701 Basilius
2970 4647 3185 4716 scripsit
3220 4647 3271 4701 in
3302 4646 3431 4701 soh-

220 4719 310 4776 lien
331 4729 437 4781 sine
455 4731 644 4799 lepore
663 4734 905 4786 meminit
928 4735 978 4787 in
1007 4736 1110 4789 alia
1130 4736 1356 4805 epistola
1394 4738 1469 4807 td)
1488 4741 1751 4807 (pauperis

223 4814 334 4877 tite,
374 4833 531 4885 quam
570 4820 645 4873 ibi
680 4822 1012 4887 traduxerat,
1056 4842 1174 4878 cum
1226 4827 1379 4895 panis
1428 4830 1558 4881 adeo
1586 4829 1750 4881 durus

222 4918 540 4973 apponeretur
594 4923 652 4966 ut
698 4915 889 4970 dentes
942 4916 1243 4987 frangeret;
1305 4935 1368 4971 ac
1409 4928 1551 4972 tanta
1608 4931 1751 4973 esset

219 5003 419 5057 omnium
452 5021 637 5059 rerum
670 5008 872 5076 inopia,
910 5018 967 5062 ut
1003 5011 1104 5065 nisi
1137 5022 1308 5064 mater
1335 5011 1517 5065 Basilii
1550 5027 1748 5081 Oppor-

224 5098 319 5143 tune
338 5098 705 5163 succurrisset,
729 5098 869 5154 fame
896 5101 1231 5155 moriemlum
1260 5103 1465 5156 luisset.
1505 5103 1748 5157 Comme-

221 5193 363 5237 morat
386 5190 547 5241 etiam
580 5189 820 5244 laborem
854 5206 1133 5255 manuum,
1168 5192 1353 5261 Augia:
1379 5192 1560 5245 ﬁmum
1592 5207 1621 5245 c
1650 5195 1745 5245 du-

224 5286 286 5325 ιιὶο
320 5292 646 5348 exportatum
694 5294 750 5336 ut
791 5285 931 5338 ltorti
986 5285 1197 5339 steriles
1257 5285 1628 5353 implercntur,
1683 5300 1746 5339 ac

224 5359 409 5423 immane
451 5373 747 5440 plaustrum
781 5392 876 5429 sua
904 5387 955 5430 ct
986 5375 1166 5429 Basilii
1207 5378 1419 5433 cervice
1466 5376 1743 5432 manibus-

1860 4741 2063 4807 tudine,
2115 4740 2439 4793 numeranda
2476 4739 2739 4807 imprimis
2776 4738 2847 4808 (k)
2878 4738 3099 4807 epistola
3130 4740 3196 4793 ad
3242 4738 3431 4793 Candi-

1857 4832 2099 4886 dianum.
2134 4831 2392 4886 Rusticus
2424 4832 2640 4902 quidam
2694 4848 2756 4887 ex
2809 4833 2894 4895 iis,
2945 4832 3034 4900 qui
3072 4846 3191 4885 cum
3233 4830 3430 4885 Basilio

1857 4925 2089 4977 Annesis
2113 4924 2482 4990 morabantur,
2518 4934 2725 4978 mortuo
2760 4923 2945 4978 Basilii
2981 4922 3200 4987 famulo,
3241 4939 3343 4977 non
3370 4939 3427 4977 se
3500 4968 3507 4977 .

1860 5014 2373 5082 negotiiqnidquam
2413 5030 2533 5068 cum
2571 5017 2669 5069 hoc
2725 5012 2924 5067 famulo
2980 5012 3229 5066 habuisse
3271 5012 3424 5073 dixit,

1860 5120 1961 5160 non
1993 5104 2057 5159 ad
2088 5105 2345 5161 Basiliam
2379 5106 2635 5170 accessit,
2674 5121 2779 5159 non
2821 5113 3146 5173 conquestus
3186 5111 3287 5166 est,
3322 5117 3423 5155 non

1859 5197 2084 5265 rogavit,
2124 5207 2181 5250 ut
2212 5213 2239 5250 a
2287 5198 2496 5252 volente
2532 5199 2822 5266 acciperet,
2858 5210 2961 5250 non
2995 5196 3230 5248 minatus
3258 5204 3341 5248 est
3368 5209 3426 5246 se

1855 5290 1960 5342 vim
2017 5291 2283 5343 facturum
2332 5291 2432 5343 nisi
2470 5292 2758 5360 acciperet,
2810 5291 2903 5345 sed
2934 5288 3112 5343 subito
3141 5301 3263 5340 cum
3289 5299 3423 5337 nou.

1859 5380 2018 5435 nullis
2073 5382 2153 5434 sui
2212 5382 2480 5435 similibus
2539 5383 2753 5437 domum
2804 5382 3018 5447 invasit,
3070 5379 3426 5447 mulieresque

1924 5496 1997 5562 (g)
2033 5494 2159 5546 Naz.
2192 5509 2275 5560 ep.
2310 5494 2396 5547 87.

1922 5568 1995 5631 (It)
2029 5564 2141 5615 Lib.
2164 5580 2238 5623 XI.
2273 5579 2318 5617 ς.
2340 5566 2391 5617 9.

1923 5636 1995 5703 tt)
2032 5633 2148 5703 Lib.
2185 5650 2256 5695 γι,
2282 5652 2330 5687 ‹·.
2361 5632 2439 5686 Π.

1921 5704 1993 5767 (i)
2031 5702 2083 5755 In
2118 5704 2277 5755 Basil.

1920 5777 1989 5844 {lt}
2023 5773 2186 5840 Epist.
2220 5774 2269 5825 5.
