3992 6392
504 420 631 462 XXVI

1840 411 2372 464 I’liOLEGIMIENAi.

502 532 624 585 quae
660 529 779 571 eam
810 516 1211 581 custodiebant,
1258 518 1573 573 verberibus
1607 521 1867 584 contudit,
1893 538 1956 577 ac
1991 522 2072 577 ef-
2100 532 2149 587 Α
2178 526 2243 576 ad
2304 523 2443 576 hanc
2500 521 2814 593 dignitatem
2876 518 3140 589 pervenit.
3204 516 3321 571 Non
3376 514 3750 584 improbabilis

502 610 694 663 fractis
743 609 949 663 foribus
989 612 1290 679 exportavit
1339 613 1542 675 omnia,
1586 615 1781 681 partim
1817 616 1916 668 sibi
1959 617 2070 685 ipse

502 703 743 769 rapiens.
780 702 970 769 partim
1015 702 1079 753 ad
1111 702 1468 771 diripiendum
1498 706 1713 758 cuilibet
1746 720 2067 775 proponens.

501 792 721 847 Veritus
752 795 929 859 itaque
962 793 1207 859 Basilius,
1254 810 1319 848 ue
1351 797 1541 851 domus
1584 814 1674 851 sua
1706 800 1951 853 omnibus
1984 800 2068 852 in-

495 885 659 952 juriis
680 894 907 953 pateret,
946 886 988 939 si
1042 886 1363 953 impunitum
1420 887 1627 941 facinus
1658 888 2066 958 relinqueretur,

501 992 662 1044 opem
694 976 944 1043 implorat
983 976 1323 1037 Candidiaui,
1358 979 1438 1031 cui
1495 995 1579 1033 res
1613 994 1735 1034 suas
1773 983 1919 1036 cordi
1952 996 2069 1038 esse

497 1065 607 1130 jam
641 1081 782 1135 saepe
809 1078 1176 1136 perspexerat.
1206 1068 1312 1121 lIac
1336 1078 1511 1123 autem
1540 1071 1734 1125 mulcta
1757 1084 2067 1128 contentum

503 1173 567 1212 se
595 1157 712 1211 fore
737 1158 989 1224 declarat,
1026 1161 1067 1215 si
1110 1162 1338 1229 agrestis
1386 1177 1413 1213 a
1448 1162 1568 1230 pagi
1605 1164 1891 1232 praeposito
1916 1179 2067 1220 com-

501 1248 819 1315 prehensus,
878 1251 1025 1302 brevi
1085 1260 1320 1319 tempore
1378 1252 1428 1303 in
1473 1266 1692 1306 carcere
1746 1254 2066 1310 includatur.

504 1338 628 1393 llzec
660 1340 887 1403 domus,
927 1352 985 1394 ut
1037 1357 1197 1409 supra
1255 1344 1509 1408 diximus,
1551 1361 1653 1398 non
1702 1356 1819 1400 erat
1854 1352 2067 1419 prepria

503 1429 688 1485 Basilii
724 1432 1017 1501 possessio.
1058 1432 1149 1499 qui
1183 1447 1301 1486 sese
1339 1435 1590 1488 omnibus
1632 1435 1791 1488 rebus
1832 1438 2069 1491 nudave-

506 1535 592 1576 rat
618 1523 713 1593 (a),
749 1526 840 1578 sed
871 1540 933 1579 ex
974 1540 1057 1589 ea,
1085 1526 1273 1579 matris
1304 1541 1415 1579 suae
1446 1527 1669 1595 provido
1697 1528 1942 1592 consilio,
1968 1530 2069 1582 ali-

508 1623 688 1666 tnenta
717 1614 1066 1683 percipiebat.

581 1704 751 1773 llujus
794 1716 973 1759 autem
1021 1706 1340 1761 Candidiani
1392 1709 1628 1763 amicitia
1679 1725 1799 1764 cum
1850 1709 2065 1773 Basilio,

504 1798 669 1850 animi
714 1798 1011 1851 moderatio
1042 1798 1096 1851 in
1127 1801 1338 1868 magnis
1373 1801 1684 1863 honoribus,
1737 1817 1887 1856 amor
1924 1802 2068 1856 litte-

2178 613 2487 682 conjectura
2520 621 2602 666 est
2646 613 2788 665 hunc
2824 611 3131 665 Nectarium
3180 609 3425 663 eumdem
3458 622 3578 661 esse
3608 607 3747 659 Con-

2177 702 2673 772 stantinopolitano.
2699 701 2789 755 Ille
2815 703 2956 756 enim
2982 716 3047 755 ex
3077 700 3256 768 ampla
3283 708 3335 752 et
3357 697 3520 752 nobili
3538 696 3747 751 Ciliciae

2177 798 2334 850 dumo
2364 806 2518 850 ortus
2545 804 2683 850 erat.
2726 794 2867 849 Idem
2905 794 3030 848 huic
3068 801 3254 847 nostro
3282 791 3550 861 congruit,
3577 790 3748 855 siqui-

2175 890 2297 941 dem
2329 888 2470 942 illius
2501 887 2593 941 filii
2619 902 2781 950 mors,
2800 896 2856 939 ut
2883 887 2959 939 ait
2981 884 3212 939 Basilius
3230 884 3332 953 (ά),
3357 882 3506 950 plaga
3535 878 3746 934 exstitit

2175 983 2400 1034 duarum
2452 979 2870 1048 provinciarum,
2921 979 3122 1034 Ciliciae
3159 985 3213 1029 et
3240 970 3744 1043 Cappadoci-.e.Nec

2178 1069 2345 1124 refert
2394 1070 2534 1139 quod
2566 1066 3194 1136 Constantinopolitanus
3240 1079 3409 1134 usque
3431 1064 3497 1117 ad
3530 1062 3745 1130 episco-

2175 1175 2357 1232 patum
2399 1161 2819 1217 catechumenus
2849 1159 3025 1221 fuerit,
3057 1158 3103 1211 is
3134 1166 3331 1220 autem,
3365 1156 3429 1209 ad
3453 1170 3609 1224 quem
3636 1152 3745 1207 Ba-

2176 1252 2327 1306 silius
2347 1252 2541 1307 scribit
2580 1250 2674 1320 (e),
2711 1250 2764 1303 in
2800 1248 3069 1302 Christum
3100 1247 3320 1301 credere
3346 1246 3575 1300 dicatur.
3605 1243 3742 1297 Nam

2178 1341 2328 1395 multi
2353 1341 2437 1395 bis
2469 1340 2826 1409 temporibus,
2854 1346 2912 1393 ut
2939 1340 3191 1394 observat
3214 1336 3608 1400 Tillemontius,
3638 1336 3745 1390 etsi

2175 1434 2434 1502 baptizati
2466 1447 2570 1488 nou
2605 1441 2778 1495 erant,
2827 1432 2879 1485 in
2908 1430 3180 1485 Christum
3213 1438 3391 1483 tamen
3422 1427 3741 1489 credebant,

2176 1535 2232 1579 et
2268 1524 2627 1579 Christianam
2664 1524 2973 1594 religionem
3011 1522 3420 1590 proﬁtebantur.
3445 1519 3743 1587 Gregorius

2176 1625 2231 1669 et
2262 1614 2496 1670 Basilius
2530 1629 2653 1670 cum
2683 1623 2865 1668 essent
2909 1612 3154 1677 Athenis,
3193 1611 3329 1665 nihil
3360 1609 3552 1681 majori
3595 1609 3742 1663 laudi

2175 1705 2467 1771 ducebant,
2506 1720 2665 1775 quam
2723 1713 2781 1759 ut
2825 1703 3118 1758 Christiani
3166 1710 3345 1757 essent
3388 1710 3443 1756 et
3491 1700 3740 1755 diceren-

2175 1805 2262 1850 tur
2301 1796 2393 1867 (f),
2436 1794 2683 1865 quamvis
2735 1794 2970 1849 nondum
3027 1802 3211 1850 essent
3257 1793 3430 1849 sacris
3467 1791 3741 1863 mysteriis

506 1903 688 1941 rarum
740 1903 801 1942 ac
836 1891 1029 1943 tuentis
1073 1891 1434 1959 tranquillitas
1467 1892 1519 1945 in
1564 1893 1680 1960 ipso
1730 1896 2067 1964 negotiorum
2104 1888 2145 1943 B
2175 1886 2394 1940 initiati.

506 1990 640 2031 aestu
688 1995 750 2034 ac
780 1995 992 2035 summa
1036 1982 1262 2051 publica:
1297 1984 1703 2052 tranquillitatis
1753 2001 1881 2041 cura
1916 1988 2069 2041 miri-

505 2070 607 2124 fice
646 2073 871 2140 probant
901 2074 1146 2127 eumdem
1177 2088 1397 2142 prorsus
1435 2090 1553 2130 esse
1582 2076 1969 2132 Candidiauum
2004 2081 2069 2134 ad

504 2177 665 2229 quem
702 2172 883 2217 exstat
929 2162 1175 2231 Gregorii
1210 2166 1536 2220 Nazianzeni
1580 2169 1809 2235 epistola
1850 2171 1969 2225 194.
2013 2173 2066 2227 ln

506 2269 573 2307 eo
598 2255 740 2306 enim
777 2255 1067 2325 Gregorius
1102 2257 1290 2312 eadem
1330 2259 1586 2326 praedicat
1615 2272 1931 2316 ornamenta
1959 2264 2070 2317 vir-

504 2355 703 2410 tutum,
752 2362 814 2401 ac
844 2347 1037 2402 similia
1091 2349 1310 2404 adhibet
1346 2364 1411 2403 ex
1465 2350 1705 2419 profanis
1756 2353 1952 2408 litteris
1992 2357 2072 2424 pi-

504 2446 741 2505 gmenta,
769 2446 828 2490 ut
854 2438 907 2491 in
935 2438 1151 2493 ethniro
1188 2439 1453 2497 laudando
1480 2457 1578 2511 par
1606 2454 1740 2497 erat.
1772 2444 1821 2499 Is
1855 2446 1904 2499 in
1929 2446 2069 2517 Cap-

502 2529 727 2594 padocia
756 2536 910 2583 natus
952 2539 1090 2593 erat,
1132 2545 1360 2602 eamque
1396 2534 1494 2589 sub
1523 2535 1732 2591 Juliauo
1781 2539 1941 2604 rexit,
1973 2541 2067 2594 sed

501 2628 649 2672 tanta
683 2620 845 2673 animi
885 2620 1210 2691 integritate,
1260 2633 1319 2677 ut
1348 2639 1405 2681 se
1448 2626 1657 2682 ﬁdelem
1702 2629 1915 2697 quidem
1968 2631 2069 2684 iut-

500 2713 736 2779 peratori
774 2714 1075 2769 ministrum
1124 2716 1174 2769 in
1222 2717 1288 2771 iis
1339 2733 1459 2785 qua:
1504 2721 1569 2773 ad
1621 2719 1903 2789 imperium
1943 2737 2070 2789 spe-

501 2804 753 2868 ctabant,
819 2806 1041 2858 minime
1100 2821 1230 2861 vero
1296 2816 1507 2878 turpem
1573 2820 1957 2866 assentatorem
2014 2813 2067 2866 in

498 2895 758 2948 vexandis
787 2893 1114 2949 Christianis
1139 2898 1421 2964 prteberet.

572 2984 829 3052 Sequitur
885 2985 990 3037 alia
1018 2986 1104 3059 .ad
1160 2984 1461 3057 Olympium
1518 2990 1740 3059 epistola
1768 2992 1862 3063 (b),
1894 2994 2065 3049 civem

502 3074 1012 3142 Neocmsariensem,
1038 3076 1304 3148 imprimis
1333 3081 1575 3146 divitem,
1599 3085 1689 3152 qui
1720 3084 1919 3139 Basilio
1961 3086 2070 3141 Eu-

500 3167 684 3219 statbii
713 3178 766 3221 et
790 3167 1304 3223 Neocaesarieusium
1334 3172 1617 3228 calumniis
1655 3178 1926 3246 exagitato
1960 3194 2064 3233 non

2244 1976 2482 2031 Mutuam
2536 1975 2635 2030 sibi
2686 1990 2905 2046 operam
2967 1976 3021 2030 in
3070 1975 3388 2032 meditandis
3444 1973 3743 2045 Scripturis

2176 2068 2455 2122 tradebant
2512 2066 2798 2134 Gregorius
2856 2078 2912 2121 et
2958 2066 3185 2122 Basilius
3214 2106 3230 2132 ,
3285 2081 3390 2121 non
3430 2065 3598 2121 solum
3646 2079 3743 2117 co—

2173 2176 2309 2223 ram,
2352 2160 2445 2215 sed
2495 2162 2657 2214 etiam
2694 2163 2965 2214 absentes.
3013 2159 3178 2228 Cujus
3212 2160 3287 2213 rei
3333 2166 3738 2213 monumentum

2171 2262 2250 2306 est
2278 2251 2502 2319 epistola
2533 2251 2585 2315 7,
2619 2266 2779 2321 quam
2815 2252 3015 2307 idcirco
3054 2252 3119 2305 ad
3153 2251 3255 2305 hoc
3304 2258 3512 2319 tempus
3550 2247 3742 2304 referi-

2171 2357 2311 2397 mus.
2345 2343 2598 2397 Basilium
2652 2345 3001 2400 consuluerat
3034 2343 3329 2414 Gregorius
3375 2344 3439 2398 de
3471 2344 3631 2397 rebus
3668 2343 3740 2396 ad

2173 2434 2513 2506 theologiam.
2543 2436 2593 2489 id
2642 2446 2725 2491 est
2794 2437 2856 2490 ad
2913 2445 3157 2491 sanctam
3209 2436 3526 2490 Trinitatem
3574 2434 3742 2504 perti-

2171 2528 2443 2583 nentibus.
2482 2529 2777 2598 Respondit
2817 2528 3046 2583 Basilius
3092 2544 3189 2596 per
3236 2528 3445 2582 litteras
3483 2542 3599 2596 qua:
3630 2542 3739 2581 non

2170 2627 2407 2685 exstant,
2433 2621 2527 2675 sed
2568 2622 2747 2676 minus
2794 2621 3075 2676 satisfecit.
3109 2621 3263 2688 Quod
3297 2635 3416 2674 eum
3454 2619 3501 2674 ei
3538 2618 3745 2689 Grego-

2170 2710 2282 2766 rius
2320 2710 2489 2766 libere
2527 2712 2903 2781 signiticasset,
2940 2720 3000 2765 ut
3050 2712 3189 2766 inter
3223 2712 3424 2766 amicos
3478 2711 3593 2765 fieri
3639 2726 3744 2779 par

2170 2811 2287 2854 erat
2313 2843 2328 2867 ,
2364 2800 2562 2857 fatetur
2591 2801 2822 2857 Basilius
2862 2817 2921 2857 se
2961 2804 3063 2857 hoc
3113 2802 3513 2857 incommodum
3566 2801 3747 2871 provi-

2169 2893 2308 2945 disse
2355 2894 2590 2963 (omnem
2635 2894 2775 2947 enim
2838 2896 2904 2948 de
2955 2896 3061 2950 Deo
3105 2910 3403 2949 sermonem
3450 2903 3503 2947 et
3536 2894 3747 2961 cogita-

2171 2982 2300 3036 tioni
2335 2983 2621 3054 loquentis,
2654 2994 2709 3039 et
2752 2985 3019 3041 desiderio
3058 2986 3439 3054 interrogantis
3478 2986 3746 3054 imparem

2168 3073 2344 3144 esse);
2375 3076 2468 3129 sed
2493 3088 2672 3130 tamen
2704 3077 2865 3132 silere
2887 3092 2991 3131 non
3013 3078 3273 3146 potuisse,
3297 3092 3364 3132 ne
3389 3077 3441 3130 in
3477 3076 3750 3147 proditio-

2170 3166 2254 3220 nis
2276 3166 2479 3221 crimen
2524 3167 2838 3227 iueurreret,
2884 3169 2930 3223 si
2965 3170 3138 3224 amico
3181 3170 3479 3224 consulenti
3511 3182 3748 3237 respon-

505 3249 692 3305 tlefuit.
720 3250 769 3306 Is
796 3267 919 3307 cum
962 3253 1156 3308 Basilio
1185 3256 1422 3312 misisset
1455 3274 1676 3313 munera
1697 3300 1712 3322 ,
1750 3228 1906 3331 Euius
1937 3264 2072 3317 soli-
2095 3228 2138 3286 ε
2172 3273 2290 3312 sum
2319 3258 2634 3327 denegarel-
2676 3257 2939 3314 Caeterum
2991 3259 3309 3331 Gregorium
3357 3262 3618 3322 hortatur.
3654 3267 3745 3327 ιιι,

502 3340 736 3394 tudinem
769 3341 877 3408 jam
907 3355 1062 3397 antea
1101 3344 1417 3399 visitaverat
1464 3364 1477 3412 ;
1509 3352 1797 3418 respondet
1828 3352 1894 3406 vei
1925 3352 2072 3407 Basi-

499 3429 624 3494 lius,
660 3430 849 3487 feSIive
874 3435 1192 3501 incusanda,
1226 3439 1367 3507 quod
1399 3442 1705 3508 pauperiem
1738 3458 1768 3497 e
1796 3455 2069 3501 monaste-

502 3525 582 3576 rio
611 3539 707 3578 suo
741 3525 939 3594 ejiciat.
967 3529 1099 3582 Cum
1126 3531 1532 3586 autemiulirma
1566 3544 1709 3589 esset
1738 3535 2065 3605 valetudine,

493 3616 714 3685 jamque
731 3621 966 3675 remedia
997 3623 1249 3678 nonnulla
1281 3640 1564 3695 aggressus
1592 3636 1766 3692 esset;
1796 3636 1943 3697 optat
1966 3630 2071 3684 Ba-

499 3707 651 3761 silius
682 3718 739 3762 ut
770 3708 1005 3764 faustum
1038 3713 1239 3767 exitum
1290 3713 1545 3783 habeant,
1568 3714 1726 3785 eique
1765 3730 1951 3773 auctor
1984 3730 2069 3775 est

498 3808 559 3851 ut
582 3798 1001 3856 sollicitudinum
1025 3811 1080 3858 et
1110 3804 1477 3860 molestiarum
1510 3818 1782 3877 expertem
1827 3812 2068 3881 corporis

497 3891 835 3946 curationem
873 3894 1147 3949 adhibeat.

572 3987 704 4041 Cum
736 3986 1040 4054 Nectarius,
1073 3988 1157 4040 vir
1200 3988 1337 4044 inter
1366 3990 1564 4047 Cilices
1596 3994 1789 4062 opibus
1812 4003 1865 4049 et
1890 3994 2067 4064 digni-

499 4086 610 4131 tate
649 4078 986 4147 conspicuus,
1024 4080 1242 4134 unicum
1294 4081 1485 4146 ﬁlium,
1524 4085 1617 4152 qui
1654 4100 1777 4153 spes
1808 4095 1923 4139 erat
1948 4103 2064 4140 am-

496 4166 750 4235 plissimae
789 4168 1013 4233 domus,
1061 4171 1365 4236 amisisset,
1413 4172 1642 4229 Basilius
1687 4178 1887 4231 rumori
1929 4177 2066 4233 hanc

497 4258 799 4313 molestiam
842 4261 1109 4315 nuntianti
1155 4277 1249 4330 per
1286 4273 1393 4319 tres
1428 4274 1771 4335 autquatuor
1800 4268 1914 4323 dies
1944 4284 2064 4323 cre~

499 4352 625 4402 dere
659 4350 895 4403 uolebat.
915 4348 1020 4404 Sed
1049 4352 1284 4419 acceptis
1310 4355 1377 4406 ab
1409 4354 1659 4423 episcopo
1686 4356 1827 4411 illius
1851 4357 1950 4412 loci
1980 4358 2065 4412 lit-

497 4442 650 4504 teris,
681 4457 799 4509 qua:
841 4443 1045 4496 tristem
1078 4443 1223 4496 illum
1274 4460 1461 4499 casum
1521 4447 1934 4514 confirmabant,
1965 4449 2065 4503 Ne-

2172 3366 2229 3405 se
2260 3353 2485 3417 omisso,
2522 3362 2662 3407 totus
2691 3353 2756 3407 ad
2799 3353 3043 3407 veritatis
3083 3354 3468 3418 defensionem,
3500 3353 3745 3421 acceptis

2171 3457 2200 3499 a
2232 3443 2339 3498 Deo
2369 3444 2698 3515 adjumentis
2727 3454 3031 3513 contentus,
3061 3444 3377 3501 incomitata

2769 3578 2993 3635 CAPUT
3032 3577 3145 3636 VII.

2169 3688 2209 3744 I.
2246 3692 2475 3748 Basilius
2504 3693 3005 3761 Constantinopolim
3058 3694 3193 3747 venit
3231 3708 3347 3745 cum
3381 3691 3582 3745 Basilio
3626 3692 3746 3745 An-

2241 3781 2458 3832 cyrano,
2518 3765 2602 3817 cui
2657 3781 2866 3831 operam
2928 3774 3078 3817 uavat
3143 3764 3387 3817 adversus
3439 3762 3740 3832 hrrreticos.

2242 3830 2303 3887 II.
2344 3833 2531 3887 Dolens
2565 3835 2701 3901 quod
2741 3834 2961 3886 Dianius
2992 3834 3398 3900 subscripsisset,
3444 3832 3573 3899 fugit
3617 3830 3747 3883 Νη-

2240 3908 2503 3957 zianzum.
2556 3903 2639 3957 III.
2688 3903 2879 3957 Scribit
2939 3902 3185 3956 Moralia.
3245 3901 3385 3954 Huic
3443 3903 3583 3966 aperi
3629 3918 3745 3954 non

2240 3975 2471 4027 convenit
2502 3974 2718 4037 epistola
2749 3976 2812 4027 de
2833 3976 2956 4041 ﬁde.
2988 3971 3191 4040 Scripta
3226 3971 3453 4026 Moralia
3476 3971 3567 4022 sub
3592 3969 3743 4022 Con-

2238 4045 2456 4097 stantio.
2498 4042 2583 4099 IV.
2638 4043 2711 4095 De
2748 4045 2968 4107 epistola
3012 4044 3079 4095 ad
3120 4041 3417 4095 Maximum
3454 4042 3543 4107 qui
3592 4041 3741 4091 idem

2239 4116 2445 4168 videtur
2476 4129 2584 4166 esse
2610 4129 2671 4164 ac
2700 4116 2866 4165 sancti
2892 4111 3127 4182 Gregorii
3145 4112 3401 4178 proditor.
3520 4111 3593 4182 De
3609 4109 3743 4182 plu-

2238 4186 2380 4236 ribus
2411 4184 2642 4250 epistol:
2665 4184 2715 4232 in
2750 4199 2946 4235 secessu
2974 4180 3199 4249 scriptis,
3234 4180 3517 4249 prwsertim
3544 4180 3607 4231 de
3642 4181 3746 4233 de«

2241 4255 2377 4307 cima
2409 4264 2617 4324 quarta,
2647 4261 2696 4305 et
2735 4253 2934 4305 decima
2966 4254 3172 4321 quinta.

2238 4368 2278 4423 I.
2306 4366 2424 4420 Jam
2458 4365 2765 4421 solitudinis
2791 4365 2997 4419 deliciis
3036 4365 3411 4435 perfruebatur
3457 4364 3528 4416 ab
3572 4363 3744 4418 annis

2168 4461 2375 4516 duobus
2419 4459 2666 4522 Basilius,
2718 4474 2838 4513 cum
2881 4460 2980 4513 iter
3041 4456 3558 4525 Constantinopolim
3606 4470 3741 4509 sus-

499 4533 727 4584 ctarium
779 4532 999 4599 ejusque
1053 4550 1276 4588 uxorem
1325 4537 1631 4592 consolatur
1659 4541 1749 4609 (c).
1785 4540 1839 4593 In
1874 4541 2064 4595 bislit-

2184 4550 2311 4618 repit
2351 4563 2490 4602 anno
2532 4548 2636 4603 559
2672 4559 2923 4613 exeunte,
2950 4558 3189 4612 vocatus,
3218 4557 3276 4600 ut
3310 4546 3599 4601 verisimile
3625 4556 3739 4610 est,

500 4622 628 4675 teris
669 4636 858 4675 omnes
904 4622 1097 4689 eloquii
1152 4626 1233 4676 sui
1291 4640 1421 4694 opes
1456 4628 1764 4695 profundit;
1796 4632 2063 4700 praecipue

498 4729 628 4767 vero
659 4714 710 4767 in
734 4715 958 4782 epistola
990 4716 1054 4769 ad
1081 4731 1304 4771 uxorem
1337 4718 1569 4775 Nectarii
1602 4722 1855 4776 nonnulla
1878 4739 2067 4779 recens

496 4806 563 4857 ab
606 4806 938 4866 Athenarum
989 4805 1238 4873 palaestra
1276 4810 1549 4880 ingenium
1604 4814 1868 4879 redolent,
1921 4816 2067 4870 velut

494 4898 766 4951 tumuit:
814 4896 857 4951 0
907 4907 1048 4952 terra
1097 4900 1251 4953 talem
1304 4914 1483 4956 coacta
1540 4907 1798 4973 suscipere
1841 4922 2019 4958 casum
2046 4905 2066 4958 .'

496 4987 722 5040 Horruit
755 4989 1022 5059 forteipse
1064 4991 1164 5057 sol,
1196 4994 1241 5044 si
1286 4995 1402 5062 quis
1449 4995 1501 5046 in
1550 5012 1608 5048 eo
1657 5013 1855 5062 sensus,
1918 4998 2066 5051 triste

494 5079 626 5132 illud
653 5080 1025 5148 spectaculum.
1059 5080 1209 5135 Hanc
1256 5098 1380 5153 ergo
1406 5086 1682 5153 epistolam
1716 5088 1797 5141 vel
1828 5097 1953 5141 ante
1979 5104 2065 5142 se-

494 5185 705 5224 t'nSSllm
734 5171 813 5225 vel
854 5171 1042 5226 saltem
1075 5173 1141 5225 ad
1178 5188 1423 5229 secessus
1458 5177 1745 5243 primordia
1789 5193 1910 5231 cum
1949 5177 2062 5231 Til-

496 5264 751 5324 lemontjo
792 5264 1142 5319 collocamus.
1191 5266 1351 5321 Certe
1390 5267 1538 5322 illum
1588 5268 1894 5337 cpiscOpum
1936 5278 2062 5323 tunc

493 5370 597 5407 non
620 5354 784 5410 fuisse
806 5366 949 5426 patet
975 5373 1039 5412 ex
1066 5359 1150 5412 his
1174 5360 1373 5424 verbis,
1394 5361 1567 5427 accepi
1593 5359 1792 5413 litteras
1816 5362 2057 5427 episcopi.

494 5445 608 5501 Non
642 5450 783 5503 enim
810 5452 874 5504 de
905 5451 1124 5521 collegis
1158 5452 1271 5505 suis
1309 5452 1386 5506 sic
1416 5451 1559 5521 loqui
1592 5452 1744 5518 solet,
1777 5462 2057 5523 postquam

562 5702 636 5751 (nl
677 5702 767 5768 Et).
799 5703 881 5756 '37.

561 5771 635 5835 ib)
672 5775 831 5833 intust.
864 5777 913 5824 4.

564 5846 631 5911 (ci
678 5841 841 5911 I'Ipisi.
870 5844 899 5895 5
932 5853 981 5896 Cl
1006 5841 1057 5899 6.

2169 4656 2198 4695 a
2240 4640 2438 4694 Basilio
2486 4640 2771 4710 Ancyrano
2828 4650 2881 4692 et
2928 4640 3207 4693 Eustatbio
3266 4638 3585 4715 sebasteno,
3638 4638 3739 4705 qui

2169 4747 2289 4785 cum
2343 4746 2368 4783 a
2411 4731 2614 4801 synodo
2658 4730 2983 4785 Seleuciensi
3044 4729 3200 4797 legati
3251 4729 3317 4784 ad
3357 4728 3741 4783 Constantium

2169 4821 2318 4874 missi
2347 4828 2545 4883 essent,
2579 4834 2766 4889 magna
2803 4817 3264 4887 Constantinopoli
3296 4817 3554 4873 adversus
3580 4818 3737 4873 Ano-

2167 4925 2337 4964 moeos
2367 4911 2545 4977 praelia
2575 4911 2966 4973 sustinuerunt,
3004 4910 3096 4963 sed
3142 4910 3355 4964 tandem
3388 4925 3573 4965 eorum
3611 4924 3742 4962 ma-

2168 5000 2566 5055 chinationibus
2615 5003 2969 5055 succubuere.
3021 5001 3347 5055 Existimant
3399 5000 3593 5056 eruditi
3628 5001 3739 5055 viri

2168 5089 2426 5145 Basilium
2464 5093 2696 5146 noluisse
2724 5107 2781 5146 se
2812 5094 3152 5163 interponere
3199 5095 3250 5147 in
3299 5093 3395 5147 has
3428 5092 3741 5148 contentio—

2168 5200 2285 5246 nes,
2323 5193 2377 5237 et
2409 5184 2840 5253 disputationem,
2868 5195 2925 5239 ut
2959 5202 3057 5239 suo
3090 5186 3307 5240 lectoris
3335 5186 3523 5254 gradui
3553 5184 3737 5240 minus

2168 5277 2596 5337 convenientem.
2624 5286 2713 5329 aut
2741 5279 2984 5333 veritatis
3028 5279 3324 5333 defensioni
3374 5293 3558 5347 parum
3606 5292 3737 5345 pro-

2167 5366 2424 5425 futuram.
2457 5367 2775 5423 declinasse.
2817 5370 2920 5424 Sed
2952 5386 3016 5424 ex
3069 5370 3389 5424 testimoniis
3431 5368 3737 5423 Philostor-

2169 5457 2262 5526 gii,
2282 5455 2530 5509 Eunomii
2560 5464 2613 5509 et
2643 5457 2884 5529 Gregorii
2914 5459 3161 5530 Nysscni,
3186 5460 3377 5530 quibus
3406 5459 3518 5515 [nec
3542 5459 3738 5515 nititur

2238 5706 2313 5773 (it)
2347 5705 2439 5771 Ep.
2475 5707 2523 5763 ις,
2554 5725 2605 5757 ιι.
2651 5708 2714 5775 1.3

2241 5782 2307 5839 (ι’)
2341 5776 2432 5841 Ep.
2546 5796 2593 5827 ιι.
2630 5778 2681 5827 9.

2242 5847 2302 5915 (ί)
2344 5846 2471 5900 Naz.
2505 5862 2583 5900 or.
2619 5848 2707 5901 ‘20.
