3992 6392
1584 314 1737 371 νιΤΑ
1782 316 1839 370 S.
1883 315 1962 369 BA
1973 312 2145 369 SlLll.

222 430 420 497 opinio,
517 431 654 489 illud
719 433 904 503 potius
958 434 1250 505 colligitur,
1312 434 1566 491 Basiliam
1636 439 1689 492 in
1733 438 1815 494 bis
1844 444 1886 499 A
1918 456 1982 495 eo
2018 437 2265 503 consilio,
2292 434 2598 491 ut'adesset
2642 434 2927 505 Ancyrano
2958 434 3229 503 episcopo,
3264 436 3477 489 venisse

222 525 729 591 disceptationibus
769 526 874 580 sub
914 526 1170 598 episcopo
1214 528 1510 598 AncyranO'
1547 529 1810 583 secundas
1915 526 2451 596 Constantinopolim,
2484 540 2549 579 ac
2590 525 2733 580 inter
2774 538 2869 579 eos
2899 526 3134 586 stetisse,
3163 526 3253 593 qui
3286 540 3479 593 suppe-

224 617 422 681 tulisse,
463 633 536 671 ac
562 618 794 687 proinde
827 620 1092 685 victorias,
1134 635 1297 691 quam
1348 620 1439 676 ille
1476 621 1680 687 retulit,
1710 622 1808 675 ad.
1917 623 2021 693 tias
2058 621 2131 676 illi
2174 620 2461 675 ferebant:
2497 626 2551 672 et
2581 618 2704 672 dum
2729 617 2905 687 fugam
2935 617 2982 671 ei
3023 617 3333 686 exprobrat,
3365 617 3479 672 solo

225 706 447 771 latorem
491 708 697 765 fuisse.
1916 722 2135 767 auctore
2155 711 2345 766 nititur
2366 709 2649 765 Eanomio.

198 828 203 849 ς
288 796 549 851 Eunomii
604 800 682 870 (p.
715 800 840 870 501)
896 801 1057 859 verba
1086 800 1163 856 sic
1185 801 1348 857 refert
1372 802 1657 871 Gregorius
1682 802 1812 875 Nys-
1987 803 2093 858 Sed
2146 801 2413 871 praecipue
2466 799 2712 871 Gregorii
2766 798 2991 871 Nysseni
3040 790 3361 853 auctoritate
3400 799 3483 852 ni-

222 905 416 943 senas:
457 892 562 944 Ἐν
606 894 787 964 τούτῳ
835 896 970 965 φησὶ
1032 894 1284 964 σύλλογον
1334 896 1658 967 γεγενῆσθαι
1709 899 1816 951 τῶν

1945 897 2049 949 itur
2080 892 2469 957 'l‘illemontius,
2523 908 2680 962 quem
2717 892 3050 946 concessisse
3102 901 3253 962 putat
3291 890 3480 945 adver-

1920 986 2078 1038 sariis
2099 983 2350 1037 Basiliam
2385 983 2748 1037 celeberrima:
2780 982 2922 1036 illius
2952 982 3331 1052 disputationis
3374 982 3484 1034 nul-

1921 1076 1998 1129 las
2031 1088 2210 1144 partes
2232 1075 2570 1128 sustinuisse.
2607 1074 2695 1127 Sic
2721 1072 2956 1141 loquitur
2982 1072 3273 1143 Gregorius
3300 1096 3308 1126 :
3337 1074 3398 1138 Εἰ
3429 1072 3484 1126 δὲ

1923 1164 2172 1235 περὶτῶν
2192 1165 2249 1218 ὲν
2266 1164 2672 1217 Κωνσταντίνου
2696 1162 2846 1215 πόλει
2867 1162 3166 1231 γεγονότων
3186 1161 3318 1231 φησὶ
3335 1162 3481 1229 (d)...

1919 1254 2337 1327 BsEalpeeacac
2378 1254 2574 1318 αἰτίας,
2630 1254 2710 1307 ὅτι
2746 1254 3010 1324 παρόντες
3061 1251 3138 1323 τῷ
3174 1250 3349 1321 καιρῷ
3380 1250 3487 1303 τῶν

1922 1345 2166 1415 ἀγώνων,
2200 1349 2309 1408 τοῖς
2348 1343 2762 1415 ἀγωνιζομένοις
2805 1344 2863 1396 οὐ
2906 1344 3335 1414 συνεπλάκημεν.
3373 1346 3489 1395 Δει-

1923 1435 2067 1502 ξάτω
2111 1435 2287 1489 τοίνυν
2346 1436 2374 1487 ό
2426 1434 2615 1504 ἐκείνῳ
2648 1434 2746 1502 τὴν
2798 1433 2992 1487 δειλίαν
3048 1435 3406 1501 ὲπονειδίζων,
3442 1436 3490 1486 ει

1923 1525 2188 1596 κατῆλθεν
2223 1526 2302 1587 εἰς
2335 1524 2530 1595 μέσους
2560 1524 2739 1586 αὑτός.
2785 1524 2936 1590 Quod
2986 1526 3029 1577 si
3062 1525 3397 1595 (Eunomius)
3430 1526 3491 1579 de

3331 331 3473 369 XXV"

220 980 498 1047 πενταχόθ
508 1000 568 1032 εν
580 982 844 1050 λογάδων,
864 985 955 1036 καὶ
978 984 1272 1053 ὲνακμάζει
1287 984 1364 1053 τῷ
1378 985 1519 1056 λόγῳ
1534 988 1814 1052 νεανικῶς,

220 1071 304 1119 ὑπ’
336 1070 468 1136 ἆξεν
497 1071 655 1139 ἄγων
679 1074 837 1142 δῆθεν
871 1074 969 1145 τὴν
1000 1074 1109 1129 τῶν
1136 1074 1474 1146 πραγμάτων
1505 1078 1814 1150 διασκευήν.

218 1159 344 1214 EE:
392 1163 697 1228 δικασταῖς
745 1184 855 1221 τισι
912 1166 1079 1235 λέγει,
1132 1168 1266 1239 μηδὲ
1311 1170 1511 1222 τούτων
1559 1170 1816 1241 ὀνομαστὶ

220 1272 398 1323 μεμε-ιη
409 1258 607 1324 μένος,
648 1258 739 1310 τὸν
773 1259 899 1328 περὶ
933 1259 1039 1310 τῶν
1070 1260 1313 1329 ἐσχάτων
1350 1260 1669 1331 προκεῖσθαι
1696 1260 1818 1331 δρό-

220 1362 341 1412 μον,
366 1347 697 1416 ὑποφωνεῖν
719 1350 776 1401 δὲ
809 1350 1052 1419 παρόντα
1078 1349 1169 1402 τὸν
1194 1352 1460 1423 ἡμέτερον
1506 1352 1821 1422 καθηγητὴν

220 1436 311 1486 καὶ
345 1438 581 1509 πατέρα
606 1457 619 1468 ·
648 1441 745 1509 τῆς
771 1442 827 1493 δὲ
868 1443 1102 1513 κρίσεως
1144 1442 1279 1513 πρὸς
1308 1444 1433 1506 τοὺς
1466 1444 1739 1506 ἐναντίους
1763 1444 1823 1496 τὸ

221 1527 428 1596 κρᾶτας
466 1531 883 1602 μετατιθείσης,
916 1534 1137 1602 φεύγειν
1152 1534 1312 1587 αὑτὸν
1334 1536 1459 1598 τοὺς
1481 1534 1699 1598 τόπους,
1724 1552 1823 1588 κα·-

222 1618 535 1673 ταλιπόντα
566 1620 667 1691 τὴν
700 1622 871 1687 τάξιν,
898 1624 991 1676 καί
1023 1640 1143 1677 τινα
1188 1624 1394 1677 καπνὸν
1426 1624 1526 1695 τῆς
1571 1623 1825 1695 πατρίδος

1941 1618 2074 1671 'ebus
2110 1616 2568 1685 Constantinopoli
2620 1618 2777 1686 gestis
2826 1616 3124 1687 loquitur...
3174 1619 3492 1686 accipiamus

229 1708 631 1777 μεταδιώκειν.
678 1711 761 1764 Ibi
792 1714 867 1766 ait
911 1725 1094 1768 cretum
1133 1715 1391 1771 exstitisse
1431 1715 1700 1771 hominum
1729 1731 1826 1771 utt-

1941 1710 2361 1775 :riminationem,
2407 1725 2497 1762 nos
2533 1710 2752 1775 scilicet,
2795 1726 2911 1763 cum
2960 1710 3262 1764 adessemus
3305 1726 3494 1779 pugnae

227 1801 384 1865 dique
415 1799 744 1854 selectorum
774 1818 790 1854 :
824 1818 977 1872 seque
1001 1804 1324 1858 vehementer
1362 1803 1673 1861 indicendo
1705 1820 1825 1856 ven-
1859 1792 1900 1847 Β
1926 1813 2171 1870 tempore,
2213 1816 2343 1863 cum,
2368 1802 2686 1854 adversariis
2717 1817 2818 1854 non
2848 1818 3124 1871 pugnasse.
3170 1800 3495 1855 Demonstret

228 1890 389 1950 ditat,
422 1889 608 1941 oculis
647 1890 888 1944 videlicet
930 1891 1213 1960 subjiciens
1266 1907 1438 1944 rerum
1490 1899 1822 1959 apparatum.
1928 1894 2215 1964 igiturqui
2239 1894 2285 1947 ei
2330 1894 2661 1948 timiditatem
2698 1894 2999 1963 exprobrat,
3029 1912 3097 1948 an
3143 1896 3251 1960 ipse
3288 1896 3357 1947 in.
3388 1910 3497 1947 mev

228 1976 738 2046 Deindejudicibus
767 1982 1084 2048 quibusdam
1124 1982 1277 2047 dicit,
1324 1997 1484 2051 neque
1521 1982 1681 2035 etiam
1710 1981 1829 2037 illas
1929 1986 2073 2039 dium
2112 1985 2435 2055 processerit,
2490 1994 2595 2039 etc.
2637 1983 2760 2041 Ha‘c
2809 1985 3109 2053 legentibus
3153 1984 3282 2039 illud
3322 1984 3496 2052 primo

231 2071 558 2124 nominatim
604 2073 897 2140 appellans,
930 2072 1152 2135 capitale
1180 2074 1502 2141 propositum
1524 2072 1688 2141 fuisse
1708 2072 1826 2126 dis-
1931 2075 2122 2131 intuitu
2150 2075 2409 2142 occurrit,
2446 2074 2765 2145 Gregorium
2799 2076 3056 2145 quidquid
3087 2075 3385 2129 concedere
3414 2074 3497 2127 vi.

231 2165 433 2215 crimen
458 2179 483 2225 ;
525 2180 592 2217 ac
630 2176 939 2233 prtesentem
1004 2164 1255 2217 secundas
1302 2174 1476 2233 partes
1526 2164 1831 2219 sustinuisse
1931 2169 2087 2222 detur
2116 2165 2403 2230 Eunomio,
2445 2181 2551 2219 non
2584 2165 2701 2219 sine
2750 2165 2925 2235 aliqua
2969 2165 3137 2219 ironia
3182 2164 3496 2227 concedere,

232 2256 553 2323 magistrum
581 2264 820 2315 nostrum
862 2266 908 2308 ει
938 2266 1170 2323 pafrem,’
1218 2256 1312 2308 sed
1358 2256 1573 2309 victoria
1608 2274 1639 2309 (ι
1676 2257 1829 2326 judi-
1932 2267 1991 2312 at
2028 2256 2462 2312 criminationem
2504 2256 2558 2310 iu
2594 2256 2767 2326 ipsum
2822 2262 3104 2310 convertat
3153 2253 3493 2310 Eunomiam.

233 2348 379 2399 cibus
425 2347 487 2401 in
544 2348 883 2401 adversarios
925 2349 1210 2413 translata,
1262 2349 1431 2415 ipsum
1480 2348 1678 2418 fugisse
1722 2350 1831 2403 ha’c
1933 2348 1989 2404 Si
2021 2350 2149 2420 quid
2190 2358 2368 2405 tamen
2423 2348 2931 2403 serioconcessum
2968 2361 2997 2399 a
3051 2346 3331 2417 Gregorio,
3364 2344 3497 2399 nihil

234 2440 346 2492 loca
378 2439 576 2493 ordine
616 2440 845 2503 deserto,
876 2448 925 2493 et
964 2439 1163 2507 fumum
1196 2442 1476 2510 quemdam
1501 2442 1690 2511 patria:
1714 2457 1834 2511 per-
1933 2442 2079 2497 aliud
2111 2455 2450 2507 concessum,
2484 2455 2643 2510 quam
2689 2440 2830 2510 quod
2870 2439 3144 2507 obiecerat
3182 2437 3498 2503 Euaomius,

234 2542 475 2585 secutum
498 2547 635 2584 esse.
1933 2531 2212 2597 Basiliam,
2237 2546 2359 2586 cum
2384 2532 2435 2585 in
2467 2530 2651 2600 prtelio
2675 2529 2941 2584 secundas
2976 2528 3209 2593 tulisset,
3243 2526 3498 2581 inclinata

308 2621 365 2676 In
391 2636 465 2676 eo
495 2638 637 2677 sane
666 2622 1027 2691 requirendus
1058 2623 1229 2691 pudor
1250 2622 1522 2691 Eunomii,
1552 2625 1691 2696 quod
1720 2626 1833 2681 suis

240 2714 530 2768 victoriam
568 2713 864 2782 adjudicet.
901 2713 1089 2769 Aetius
1118 2714 1287 2778 enim,
1311 2713 1402 2783 qui
1427 2730 1525 2784 pro
1556 2715 1836 2771 Anomeis

240 2814 431 2859 centra
485 2804 753 2859 Basiliam
811 2814 1094 2872 utrumque
1139 2804 1442 2874 pugnabat,
1479 2806 1728 2861 exsilium
1766 2822 1833 2861 es

240 2897 345 2950 hoc
386 2896 582 2949 duello
631 2895 842 2959 retulit,
893 2893 1089 2948 nedum
1132 2894 1450 2962 victoriam;
1486 2910 1717 2967 eumque
1756 2898 1838 2950 vi—

244 2999 390 3040 ctam
435 2986 614 3042 fuisse
647 2996 833 3041 narrat
883 2986 1335 3058 Sozomenus(a).
1384 2987 1502 3043 Non
1534 2989 1709 3045 minus
1744 2990 1839 3044 im-

246 3083 459 3146 pudens
493 3079 820 3143 Eunomius,
853 3093 976 3133 cum
1017 3076 1273 3132 Basiliam
1304 3088 1461 3135 vocat
1505 3080 1748 3135 timidum
1781 3091 1835 3137 et

244 3170 502 3238 ignavum
563 3185 625 3224 ac
690 3171 998 3240 graviorum
1082 3172 1328 3227 laborum
1381 3173 1671 3244 fugientem
1719 3176 1833 3249 (b);

245 3267 406 3331 eique
441 3264 748 3332 exprobrat
795 3274 1061 3324 secretam
1091 3266 1494 3333 domunculam,
1521 3278 1577 3324 et
1611 3267 1837 3338 ianuam

247 3367 364 3409 tuto
393 3356 671 3419 clausam,
695 3364 748 3411 et
791 3356 1204 3425 trepidationem
1230 3358 1299 3413 ob
1319 3371 1521 3414 metum
1557 3360 1837 3416 introeun-

253 3449 408 3512 tium,
432 3457 489 3501 et
521 3449 577 3501 in
618 3463 769 3513 voce,
799 3449 971 3503 oculis
993 3464 1055 3503 ac
1086 3450 1233 3505 vultu
1259 3453 1478 3521 pavoris
1500 3454 1675 3523 signa.
1702 3452 1841 3515 Sunt

255 3539 365 3593 baac
394 3538 661 3608 sophista:
690 3540 943 3610 nugantis
966 3540 1230 3606 convicia,
1268 3556 1373 3599 non
1394 3554 1708 3612 argumenta
1741 3545 1834 3609 bo-

256 3632 419 3685 minis
478 3633 634 3687 serio
691 3631 1027 3691 disserentis.
1064 3631 1383 3707 Sed/tamen
1427 3648 1491 3688 ex
1547 3635 1663 3705 ejus
1692 3637 1842 3691 testi-

262 3723 440 3776 monio
468 3721 805 3791 perspicitur
833 3721 1087 3783 Basiliam
1124 3724 1176 3777 in
1221 3724 1324 3779 hoc
1372 3727 1671 3781 certamine
1708 3744 1841 3796 prce—

260 3825 449 3866 sentem
475 3812 856 3878 succlamasse,
886 3813 940 3867 id
970 3822 1074 3881 est,
1115 3814 1386 3870 secundas
1432 3828 1613 3885 partes
1661 3817 1843 3873 tulisse

261 3904 357 3958 sub
398 3903 608 3958 Basilio
641 3904 955 3974 Ancyrano,
995 3919 1092 3958 nec
1136 3904 1453 3961 discessisse
1482 3921 1546 3960 ex
1578 3906 1662 3961 his
1688 3906 1840 3973 locis,

260 3998 357 4050 nisi
394 3999 623 4051 victoria
654 4015 686 4050 a
712 3997 985 4066 judicibus
1013 3997 1067 4050 in
1109 3998 1437 4053 adversarios
1465 4000 1751 4066 translata,
1787 4012 1843 4056 ut

261 4086 412 4157 ﬁngit
439 4088 767 4143 Eunomius.

332 4180 739 4251 Pliilostorgius
778 4179 874 4249 (c),
907 4181 997 4251 qui
1048 4180 1296 4234 Eunomii
1322 4180 1597 4236 mendacia
1646 4183 1846 4251 compi-

262 4271 356 4337 lat,
404 4272 488 4325 sic
525 4273 592 4324 de
637 4271 833 4324 Basilio
873 4271 1144 4339 loquitur:
1191 4273 1609 4343 Προεστήκεσαν
1649 4272 1706 4325 δὲ
1738 4274 1845 4325 τῶν

263 4364 359 4433 μὲν
392 4362 522 4415 καθ’
546 4361 735 4413 οὐσίαν
765 4362 949 4430 ὅμοιον
982 4360 1419 4431 πρεσϐευόντων,
1465 4360 1745 4424 Βασίλειός
1786 4378 1845 4413 τε

1934 2626 1987 2680 in
2020 2623 2360 2683 adversarios
2387 2621 2614 2677 victoria
2650 2620 2983 2675 discessisse.
3016 2619 3194 2687 Atque
3222 2616 3351 2671 illud
3381 2618 3501 2684 qui-

1935 2715 2055 2770 dem
2086 2713 2204 2771 ﬁeri
2226 2714 2427 2784 potuit,
2455 2722 2513 2767 ut
2545 2710 2797 2777 Basilius,
2827 2711 2916 2764 ubi
2949 2710 3082 2764 vidit
3115 2709 3369 2764 Basiliam
3395 2710 3501 2764 An-

1935 2820 2197 2878 cyranum
2220 2846 2237 2871 ,
2274 2814 2396 2875 post
2433 2814 2579 2860 tanta
2610 2803 2855 2857 veritatis
2882 2803 3138 2856 adversus
3169 2802 3379 2855 Aetium
3408 2802 3501 2855 de-

1936 2897 2213 2961 fendendae
2234 2896 2430 2959 studia,
2454 2896 2851 2951 Acacianorum
2884 2895 3089 2949 artibus
3120 2904 3173 2948 et
3199 2894 3501 2948 C0nstantii

1936 2988 2099 3044 minis
2130 2989 2347 3055 cedere,
2389 3002 2496 3042 non
2536 2997 2847 3057 exspectato
2882 2987 2957 3041 rei
2986 2987 3134 3040 exitu
3173 2985 3364 3041 abiret.
3394 2983 3503 3040 Nec

1939 3080 2296 3150 improbabile
2335 3088 2419 3135 est
2449 3079 2767 3134 Eunomium
2818 3080 2942 3133 inde
2988 3092 3175 3132 ansam
3209 3077 3502 3145 arripuisse

1938 3171 2300 3228 calumniandi
2333 3190 2346 3227 :
2382 3182 2437 3227 at
2470 3187 2645 3247 neque
2672 3188 2737 3227 ex
2763 3173 2925 3237 illius,
2958 3186 3133 3241 neque
3154 3185 3215 3225 ex
3254 3170 3502 3240 Gregorii

1938 3264 2116 3320 verbis
2146 3263 2389 3319 concludi
2421 3273 2617 3333 potest,
2658 3262 2915 3319 Basiliam
2953 3263 3005 3321 in
3036 3273 3309 3317 certamen
3345 3261 3505 3314 mini-

1938 3369 2024 3410 me
2061 3356 2346 3426 prodiisse.

2009 3448 2147 3516 Quin
2176 3449 2337 3504 etiam
2390 3448 2504 3520 ipse
2552 3448 2781 3504 Basilius
2815 3456 3017 3502 malum
3067 3459 3127 3499 se
3166 3453 3221 3498 et
3273 3444 3503 3498 otiosum

1940 3540 2084 3596 inter
2108 3541 2208 3595 bos
2241 3550 2420 3597 motus
2448 3554 2555 3595 non
2594 3539 2778 3606 fuisse,
2816 3538 2909 3593 sed
2945 3552 3043 3608 pro
3072 3535 3275 3591 viribus
3306 3534 3371 3588 ad
3409 3550 3500 3587 ve-

1940 3632 2118 3687 ritatis
2146 3631 2513 3687 defensionem
2548 3631 2856 3685 incubuisse
2880 3630 3101 3684 indicat.
3129 3626 3244 3681 Non
3270 3628 3410 3680 enim
3439 3625 3504 3678 ad

1943 3726 2084 3781 aliud
2116 3735 2325 3794 tempus
2366 3725 2615 3779 videntur
2666 3721 2856 3775 referri
2904 3736 3061 3790 posse
3115 3720 3281 3777 habiti
3318 3720 3385 3775 ab
3417 3718 3507 3772 illo

1941 3815 2013 3871 de.
2043 3816 2148 3873 tide
2177 3830 2457 3871 sermones
2486 3812 2827 3869 Chalcedone
2857 3820 2910 3867 et
2957 3812 3249 3877 Heracleae,
3276 3826 3504 3881 quorum

1944 3917 2132 3964 testem
2153 3909 2285 3967 citat
2324 3909 2659 3964 Eastatliiam
2710 3908 2762 3962 in
2812 3907 2970 3976 epist.
3008 3906 3134 3972 225,
3184 3923 3239 3963 n.
3280 3903 3332 3959 5.
3379 3902 3510 3968 0W

1942 4000 2289 4067 Chalcedone,
2324 4000 2515 4070 inquit,
2547 4018 2577 4054 a
2611 4000 2756 4054 nobis
2787 4001 2850 4053 de
2891 3999 2995 4067 ﬁde
3038 3998 3179 4051 dicta
3214 4008 3356 4064 sunt,
3395 4010 3512 4065 quis

1942 4106 2296 4160 stcpenumero
2328 4089 2622 4156 Heracleae,
2654 4107 2771 4161 qua:
2799 4092 2945 4158 prius
2970 4092 3024 4143 in
3053 4087 3308 4144 Cwsarea:
3326 4086 3516 4141 subur-

1944 4183 2049 4247 bio,
2081 4199 2149 4236 an
2176 4198 2277 4236 non
2301 4198 2365 4236 ea:
2404 4194 2582 4236 nostra
2614 4192 2762 4251 parte
2793 4198 3023 4237 consona
3052 4192 3169 4235 sunt
3202 4179 3417 4233 omnia?
3439 4178 3515 4233 Et

1946 4273 2031 4329 his
2054 4281 2204 4331 certo
2229 4274 2533 4344 colligimus
2572 4273 2830 4329 Basiliam
2860 4274 2912 4327 in
2960 4275 3062 4327 bac
3094 4287 3275 4326 rerum
3303 4281 3516 4340 pertur-

1946 4361 2165 4417 batione
2196 4376 2415 4431 operam
2447 4376 2597 4418 suam
2629 4363 2897 4433 episcopis
2938 4376 3042 4415 non
3088 4360 3418 4429 denegasse;
3454 4376 3517 4416 ac

258 4455 349 4506 καὶ
386 4452 729 4515 Εὖστάθιος’
763 4446 844 4515 οἷς
895 4451 1041 4507 ἄλλοι
1091 4470 1148 4505 τε
1197 4453 1289 4505 καὶ
1337 4452 1618 4514 Βασίλειος
1660 4450 1837 4521 ἕτερος

1944 4454 2052 4524 jam
2081 4464 2192 4508 tam
2220 4455 2284 4507 de
2309 4453 2448 4509 illius
2470 4454 2775 4523 eloquentia
2802 4463 2856 4507 et
2876 4452 3181 4508 eruditione
3205 4468 3397 4523 magna
3422 4454 3519 4508 bo-

258 4547 441 4617 παρῆν
472 4543 837 4608 συνασπῐζων,
862 4544 1121 4603 διακόνων
1138 4544 1217 4598 ἔτι
1238 4545 1389 4612 τάξιν
1423 4546 1561 4616 ἔχων
1580 4560 1593 4573 ⁸
1621 4543 1845 4614 δυνάμει

260 4639 360 4709 μὲν
392 4636 493 4691 τοῦ
526 4637 707 4705 λέγειν
734 4636 943 4689 πολλῶν
972 4638 1257 4709 προφέρων
1276 4655 1289 4669 ·
1318 4638 1395 4709 τῷ
1416 4639 1471 4692 δὲ
1498 4638 1595 4708 τῆς
1622 4636 1845 4707 γγὼμης

258 4732 514 4802 ἀθαρσεῖ,
553 4728 691 4798 πρὸς
728 4729 853 4791 τοὺς
882 4729 1091 4792 κοινοὺς
1120 4730 1577 4801 ὑποστελλόμενος
1605 4728 1841 4798 ἀγῶνας.

260 4825 325 4878 Et
369 4841 555 4876 eorum
610 4824 839 4893 quidem,
891 4823 979 4893 qui
1041 4820 1239 4875 Filium
1281 4820 1504 4874 similem
1556 4821 1840 4873 secundum

258 4915 619 4967 substantiam
665 4912 1060 4980 profitebantur,
1095 4910 1420 4979 antesignani
1444 4921 1590 4963 erant
1614 4908 1846 4961 Basilius

260 5017 309 5057 et
367 5004 709 5056 Eustathius.
772 5003 974 5067 Quibus
1023 5014 1131 5055 tum
1182 5001 1276 5055 alii
1320 5001 1537 5054 aderant
1581 5002 1845 5066 suppetias

264 5096 515 5161 ferentes,
547 5105 657 5145 tum
703 5092 939 5146 Basilius
974 5092 1125 5159 alter,
1185 5093 1327 5145 intra
1382 5092 1591 5145 diaconi
1622 5092 1846 5161 gradum

264 5187 436 5239 adhuc
496 5187 832 5239 consistens:
869 5185 1075 5238 dicendi
1123 5185 1331 5253 quidem
1371 5183 1620 5253 facultate
1670 5184 1847 5236 multis

266 5280 527 5343 superior,
580 5292 757 5330 verum
788 5276 850 5330 ob
882 5276 1213 5329 timiditatem
1250 5286 1297 5329 et
1332 5274 1579 5343 pusillum
1612 5275 1845 5327 animum

271 5370 503 5432 publicas
561 5368 946 5434 disputationes
993 5365 1285 5420 declinans.
1335 5365 1619 5419 Manifeste
1654 5366 1849 5431 premit

273 5459 515 5513 Eustontii
575 5460 804 5528 vestigia
859 5456 1291 5529 Philostorgius:
1334 5455 1593 5511 Basiliam
1654 5455 1851 5509 fatetur

366 5668 417 5735 α)
445 5666 563 5720 Lib.
602 5682 676 5727 tv,
709 5681 757 5735 c7.
790 5665 880 5718 23.

370 5734 418 5805 lt)
450 5737 587 5807 Nyss
622 5778 635 5800 ,
667 5752 680 5787 l
723 5734 927 5787 Eunom

1952 4544 2156 4599 minam
2196 4544 2471 4599 exstitisse
2496 4542 2719 4611 judicia.

2022 4634 2085 4689 ll.
2118 4634 2272 4689 Anno
2297 4632 2424 4699 560,
2460 4633 2745 4688 formulam
2782 4634 3199 4699 Ariminensem,
3235 4650 3353 4705 quae
3398 4643 3519 4689 tan-

1952 4737 2033 4783 tas
2059 4737 2269 4798 strages
2296 4727 2347 4781 in
2388 4727 2627 4782 Ecclesia
2672 4728 2858 4793 edidit,
2906 4728 3365 4798 Constantinopoli
3392 4727 3507 4783 Cae-

1950 4834 2159 4873 saream
2238 4818 2417 4873 attulit
2491 4820 2755 4889 Georgius
2844 4821 3063 4875 Dianias
3130 4821 3512 4886 Caesariensis,

1948 4909 2050 4963 etsi
2078 4907 2320 4963 Niczenos
2359 4907 2549 4964 Patres
2585 4911 2759 4980 magni
2813 4909 3086 4975 faciebat;
3144 4910 3309 4964 cessit
3338 4919 3516 4963 tamen

1953 5002 2177 5070 tempori
2205 5011 2259 5056 et
2287 5001 2530 5058 formulae
2573 5003 2913 5073 subscripsit.
2956 5001 3067 5056 lloc
3104 5001 3245 5056 illius
3270 5016 3395 5055 casu
3424 5003 3518 5055 do-

1940 5090 2048 5144 .lait
2084 5091 2440 5147 insolabiliter
2469 5093 2701 5148 Basilius
2735 5108 2852 5146 cum
2892 5091 3074 5145 multis
3104 5091 3225 5145 aliis
3261 5092 3311 5145 in
3346 5092 3517 5159 patria

1953 5185 2261 5239 timentibus
2289 5185 2477 5249 Deum,
2515 5196 2567 5246 et
2596 5203 2625 5239 a
2672 5186 2843 5239 Diauii
2872 5185 3253 5239 communione
3282 5182 3520 5237 creditur

1955 5275 2265 5331 recessisse.
2298 5275 2411 5329 Non
2434 5284 2612 5329 tamen
2639 5278 2846 5330 videtur
2874 5276 3060 5345 palam
3079 5285 3131 5328 et
3159 5285 3342 5343 aperte
3373 5289 3519 5327 cem-

1958 5366 2263 5422 munionem
2295 5368 2341 5420 ei
2395 5369 2764 5431 renuntiasse;
2800 5369 2893 5421 sed
2948 5376 3153 5420 tantum
3207 5363 3522 5420 occasiones

1960 5474 2081 5511 cum
2117 5473 2185 5512 eo
2218 5460 2649 5513 communicandi
2683 5460 2933 5514 evitasse.
2966 5458 3097 5513 Nam
3126 5459 3177 5512 in
3212 5456 3432 5527 epistola
3460 5457 3521 5507 51

2033 5662 2099 5721 (vi
2139 5660 2249 5713 Lib.
2284 5675 2353 5717 tv,
2387 5675 2434 5710 ο.
2469 5660 2551 5713 12.

2032 5734 2106 5799 (tl)
2143 5748 2154 5782 ι
2192 5732 2411 5782 lituram.
