3992 6392
489 319 657 360 XXVIII
1829 319 2354 377 PROLEGOMENA.

489 431 650 486 negat
687 418 853 472 instar
882 434 1058 490 magni
1101 422 1344 478 crimints
1376 427 1890 483 anathcitratizatnm
1926 447 1955 484 a
1996 447 2053 485 se
2080 441 2129 494 Α
2161 433 2407 487 Caesarea
2451 440 2630 487 autem
2669 433 2901 487 excessit
2940 447 3042 486 non
3090 434 3164 488 rei
3199 434 3481 502 inopinata:
3528 435 3762 488 nuntio

487 506 660 563 fuisse
699 508 945 564 Dianium
982 531 994 565 :
1036 510 1234 569 fatetur
1287 532 1344 571 se
1389 518 1624 574 doluisse
1674 523 1814 588 quod
1850 523 1896 577 is
1930 526 2051 579 sub.
2158 527 2458 590 perculsus,
2485 525 2578 578 sed
2611 539 2669 578 se
2693 524 2906 579 invidiae
2941 541 3003 579 ac
3038 525 3361 578 :emulationi
3389 524 3758 580 subducens.

489 599 827 669 scripsisset;
861 603 954 657 sed
989 612 1190 672 tamen,
1243 609 1329 662 ubi
1384 611 1450 664 ab
1507 626 1571 665 eo
1611 615 1849 680 graviter
1887 631 2056 686 mgro—
2159 617 2431 671 Praeterea
2467 632 2571 671 non
2596 631 2664 671 ex
2687 616 2820 672 urbe
2851 618 2902 671 in
2933 616 3297 681 solitudinem,
3329 618 3423 670 sed
3449 617 3636 686 potius
3675 633 3763 670 ex

491 699 641 744 tante
668 693 982 760 accersitus,
1015 697 1180 764 ipsius
1204 701 1523 755 sententiam
1553 705 1822 772 cognovit,
1849 708 1913 760 ad
1939 708 2057 776 ejus
2158 712 2449 766 solitudine
2509 711 2561 764 in
2621 711 2808 764 urbem
2851 718 3194 764 concesserat
3221 749 3236 774 ,
3285 720 3396 762 tum
3451 726 3573 764 cum
3615 711 3763 763 haec

488 785 923 841 communionem
957 801 1159 843 remota
1193 793 1339 845 omni
1371 793 1705 850 dubitatione
1738 799 2054 855 accessisse.
2160 803 2443 865 scriberet,
2479 810 2538 855 ut
2559 801 2610 856 in
2647 800 2996 855 adnotatione
3024 801 3092 854 ad
3119 800 3262 854 hunc
3293 800 3506 854 titulum
3534 801 3764 854 obser-

412 883 416 887 '
491 872 604 938 Qua
643 889 707 930 ex
764 880 1072 934 narratione
1106 891 1251 950 patet
1290 882 1483 938 leniter
1523 887 1844 941 declinatam
1881 889 2058 957 potius
2157 895 2420 948 vavimus.

492 966 661 1022 fuisse
712 972 1168 1040 communionem,
1223 992 1381 1042 quam
1431 987 1614 1044 aperte
1672 980 2057 1035 renuntiatam.
2230 985 2333 1040 Sed
2367 985 2410 1038 si
2443 984 2570 1038 illud
2597 999 2816 1039 manere
2850 984 3047 1047 debet,
3080 982 3362 1051 epistolam
3399 981 3453 1044 8,
3494 997 3606 1035 non
3669 981 3755 1034 ad

490 1055 661 1112 Porro
697 1059 896 1114 Basilio
927 1063 979 1116 in
1029 1064 1129 1118 alia
1183 1075 1308 1120 tunc
1340 1068 1558 1123 ditecesi
1604 1069 1815 1140 degenti
1848 1070 2058 1127 facilius
2160 1073 2542 1137 Caesarienses,
2579 1074 2670 1130 sed
2712 1075 2777 1128 ad
2809 1073 3101 1142 discipulos
3128 1073 3385 1141 scriptam
3435 1086 3556 1126 esse
3583 1111 3599 1136 ,
3653 1070 3755 1123 fa-

489 1150 594 1204 fnit
624 1151 796 1208 Dianii
834 1155 1018 1211 honori
1051 1158 1348 1212 consulere.
2163 1160 2378 1213 tendum
2429 1170 2514 1214 est
2565 1161 2895 1230 assignatam
2955 1160 3094 1230 fugae
3133 1157 3316 1214 Basilii
3345 1175 3562 1213 causam
3621 1175 3751 1212 non

568 1240 786 1298 Videtur
812 1247 910 1300 hoc
940 1263 1066 1302 Casu
1123 1251 1402 1320 perculsus
1433 1252 1695 1318 Basilius,
1723 1255 1924 1311 doloris
1975 1259 2057 1312 sui
2157 1264 2346 1304 carere
2381 1249 2804 1306 difficultatibus.
2853 1251 2986 1304 Nam
3019 1251 3312 1321 Gregorius
3339 1245 3595 1318 Theologi
3638 1265 3754 1319 pa-

493 1335 743 1391 solatium
792 1340 843 1392 in
875 1341 1120 1411 Gregorii
1154 1345 1424 1415 colloquio
1466 1349 1804 1416 quaesivisse,
1829 1365 2059 1420 eumque
2161 1354 2241 1396 ter
2268 1343 2408 1398 idem
2443 1345 2712 1398 commisit
2742 1359 2806 1398 ac
2853 1343 3076 1398 Dianins
3103 1385 3117 1408 ,
3169 1341 3391 1396 absente
3437 1340 3547 1395 lilio
3574 1382 3591 1406 ,
3643 1341 3749 1393 cui

494 1423 763 1482 invisisse.
799 1428 932 1482 Dum
961 1441 1140 1486 autem
1172 1433 1381 1503 longius
1411 1437 1601 1492 abesse
1625 1438 1836 1493 videtur
1860 1443 2060 1496 ascetis
2161 1447 2307 1490 certe
2337 1453 2438 1489 non
2474 1436 2762 1490 illusissent
2814 1436 2998 1489 Ariani
3025 1477 3038 1498 ,
3076 1445 3236 1504 atqtte
3267 1476 3282 1501 ,
3332 1443 3388 1487 ut
3416 1433 3728 1486 verisimile

491 1517 625 1580 suis,
661 1519 985 1575 desiderium
1023 1539 1180 1578 suum
1229 1527 1276 1580 ei
1323 1527 1630 1597 significant
1652 1569 1667 1592 ,
1723 1538 1776 1585 et
1806 1539 2057 1602 tanquam
2163 1537 2267 1590 est,
2298 1531 2434 1596 apud
2467 1527 2723 1581 Basilium
2751 1535 3140 1581 commorante.
3166 1524 3280 1578 Non
3314 1523 3541 1578 deerunt
3573 1537 3746 1592 ergo,

494 1609 777 1680 profugum
805 1615 1060 1669 amicitia:
1091 1627 1144 1671 et
1175 1619 1364 1685 patriae
1415 1624 1934 1678 commemoratione
1960 1640 2055 1679 co-

2168 1620 2252 1687 qui
2291 1619 2580 1682 Basilium,
2604 1617 3057 1686 subscriptionum
3099 1617 3312 1670 illarum
3345 1625 3586 1684 tempore
3613 1655 3629 1677 ,
3669 1617 3744 1667 ad

491 1711 691 1757 nantur
721 1705 788 1758 ad
823 1721 882 1760 se
913 1721 1188 1763 revocare.
1228 1709 1359 1764 Tum
1386 1711 1614 1767 Basilius
1639 1715 1820 1768 mirari
1865 1731 1922 1769 se
1975 1732 2058 1771 re-
2094 1776 2127 1782 _
2163 1712 2483 1781 Gregorium
2513 1712 2714 1780 fugisse
2737 1721 2952 1782 negent,
2980 1726 3102 1765 cum
3137 1711 3310 1778 ipsum
3343 1717 3470 1762 tunc
3501 1709 3646 1776 apud
3677 1721 3746 1762 se

491 1795 716 1861 spondet
744 1797 844 1867 (α),
876 1801 1015 1868 quod
1039 1815 1097 1854 se
1125 1811 1403 1872 tantopere
1429 1805 1670 1876 diligant,
1698 1817 1910 1862 tenuem
1963 1809 2059 1863 ho-
2093 1776 2133 1831 Β
2163 1776 2480 1870 Gregorium
2509 1776 2751 1858 haberet.
2783 1776 2886 1857 sed
2925 1812 3127 1866 tamen,
3149 1776 3268 1855 cum
3316 1800 3449 1854 nihil
3477 1799 3620 1852 :Ilitt']
3650 1816 3743 1853 rc—

494 1887 691 1940 tninem
748 1905 810 1944 ac
841 1892 973 1946 nihil
1018 1893 1156 1948 forte
1219 1894 1506 1950 habentem
1555 1899 1805 1952 amabile.
1837 1899 2060 1955 Fatetur
2163 1897 2339 1964 perire
2382 1897 2600 1964 possim,
2639 1895 2779 1962 quod
2814 1893 3071 1948 Basilium
3121 1893 3299 1948 subito
3329 1891 3622 1961 perculerit
3683 1901 3744 1944 et

495 1991 555 2030 se
605 1994 729 2033 casu
766 1981 1040 2051 inopinato
1084 1986 1390 2054 perculsum
1426 1988 1630 2059 fugisse
1656 2029 1671 2054 ,
1709 2005 1771 2043 ac
1801 2004 2058 2059 praeterea

2163 1985 2226 2037 ad
2255 1984 2571 2052 Gregorium
2619 1985 2803 2053 fugere
2833 1982 3092 2052 coegerit,
3122 1992 3316 2049 prteter
3347 1980 3476 2034 illud
3511 2021 3526 2044 ,
3579 1983 3735 2049 quod

492 2068 759 2125 desiderio
799 2075 994 2129 arsisse
1025 2090 1302 2132 sacrorum
1349 2083 1678 2149 dogmatum.
1725 2083 1901 2150 Quare
1937 2101 2056 2139 cum

2163 2077 2294 2140 dixi,
2349 2077 2549 2132 factunt
2581 2076 2756 2131 Dianii
2786 2116 2800 2140 ,
2834 2086 3074 2129 statuere
3106 2074 3285 2128 malim
3319 2074 3578 2142 Theologi
3630 2090 3736 2140 pa-

494 2159 601 2211 voti
636 2175 856 2230 compos
892 2163 1062 2219 fartus
1096 2168 1204 2229 sit,
1253 2169 1531 2226 electionis
1585 2174 1802 2230 invento
1836 2192 1960 2232 vase
2006 2187 2060 2233 et
2162 2180 2303 2224 trem
2355 2170 2529 2224 serius
2552 2169 2937 2236 subscripsisse
2959 2183 3117 2235 quam
3149 2166 3398 2221 Dianium
3429 2166 3514 2220 vel
3544 2167 3736 2220 citius.

493 2259 652 2338 puteo
684 2253 965 2322 profundo.
1002 2259 1050 2312 id
1101 2271 1180 2314 est
1234 2261 1527 2331 Gregorio,
1566 2279 1723 2333 quem
1759 2281 1820 2322 os
1858 2267 2056 2324 Christi
2164 2264 2218 2318 Id
2255 2263 2400 2319 enim
2430 2263 2566 2316 alios
2593 2262 2772 2322 citius,
2801 2261 2938 2314 alios
2967 2260 3143 2314 serius
3175 2259 3370 2313 fecisse
3399 2259 3554 2312 docet
3587 2257 3736 2312 Gre-

491 2343 744 2412 appellat,
784 2362 970 2413 parum
1016 2353 1271 2420 temporis
1323 2355 1428 2408 sibi
1480 2359 1698 2411 concedi
1749 2359 1903 2428 petit,
1955 2378 2057 2414 non

2163 2355 2346 2423 gorius
2374 2354 2468 2425 (bl.
2496 2354 2634 2421 Quin
2663 2353 2825 2408 etiam
2849 2351 3097 2420 Gregorii
3130 2352 3583 2420 subscriptionem
3611 2349 3735 2403 lon-

491 2435 634 2501 quod
685 2437 898 2492 urbium
947 2445 1368 2498 commoratione
1420 2445 1740 2517 delectetur,
1785 2451 1878 2506 sed
1915 2453 2057 2520 quod

2164 2448 2283 2518 gins
2364 2447 2584 2504 differre
2640 2449 2787 2518 cogit
2844 2449 3229 2502 monachorum
3283 2444 3731 2500 Nazianzensium

490 2529 702 2581 vers-ari
741 2545 863 2584 cum
899 2534 1102 2586 sanctis
1132 2534 1286 2606 longe
1312 2537 1660 2594 utilissimum
1685 2555 1806 2597 esse
1829 2542 2056 2612 judicet.
2166 2541 2354 2610 agendi
2398 2541 2554 2600 ratio.
2591 2551 2650 2594 ut
2673 2541 2812 2594 infra
2848 2540 3172 2594 videbimus.

493 2619 694 2673 Deinde
730 2621 1004 2687 hortatur,
1035 2635 1089 2678 ut
1119 2638 1348 2683 caveant
1373 2631 1437 2684 ab
1466 2630 1705 2700 Arianis,
1747 2636 1914 2691 multa
1949 2637 2059 2692 dis—
2241 2632 2327 2685 lll.
2359 2632 2512 2686 Anno
2529 2632 2628 2684 561
2655 2632 2866 2686 videtur
2888 2629 3120 2683 Basilius
3145 2627 3372 2683 Moralia
3405 2626 3726 2695 scripsisse:

495 2712 629 2765 serit
661 2715 726 2767 de
757 2727 944 2771 sancta
978 2717 1265 2786 Trinitate,
1305 2738 1369 2779 ac
1403 2723 1615 2794 objecta
1646 2728 1713 2780 ab
1742 2728 1958 2784 Arianis
1990 2740 2064 2786 te-
2164 2740 2268 2793 quo
2287 2724 2500 2806 quidem
2524 2723 2576 2776 in
2599 2737 2759 2791 opere
2783 2721 2857 2791 (p.
2893 2719 3041 2795 229),
3069 2734 3397 2789 quacunque
3428 2719 3653 2788 sparsim
3675 2717 3732 2772 in

491 2805 745 2860 stimonia
778 2810 1032 2879 explicat.
2167 2805 2318 2870 Novo
2350 2813 2696 2870 Testamento
2723 2815 3010 2869 interdicta
3049 2821 3143 2865 aut
3173 2813 3468 2881 approbata
3493 2809 3735 2864 invenie-

568 2895 781 2952 Nullum
815 2915 945 2954 sane
963 2912 1212 2957 eventum
1250 2904 1406 2960 video
1429 2906 1480 2959 in
1511 2907 1619 2962 vita
1645 2911 1818 2965 sancti
1852 2911 2059 2976 Basilii,
2165 2907 2279 2968 hat,
2308 2921 2368 2959 ea
2409 2907 2648 2961 studiose
2677 2907 2728 2960 in
2774 2907 2986 2978 regulas
3011 2906 3271 2974 quasdam
3305 2900 3735 2972 compendiarias

491 2990 558 3042 ad
606 3005 765 3059 quem
800 2993 912 3044 haec
945 2993 1171 3062 epistola
1202 2996 1381 3064 aptius
1414 2996 1609 3053 referri
1655 3001 1850 3068 possit,
1899 3017 2060 3072 quam
2167 2995 2404 3062 collegit,
2430 2997 2681 3066 apposito
2711 2996 2776 3049 ad
2804 2997 3048 3066 singulas
3079 2995 3293 3062 regulas
3318 3007 3543 3046 numero
3575 2990 3732 3060 capi-

495 3082 559 3132 ad
596 3082 803 3152 lapsum
839 3081 1035 3138 Dianii.
1071 3083 1220 3150 Quod
1275 3087 1418 3141 enim
1457 3089 1535 3144 ait
1573 3103 1632 3144 se
1681 3106 1738 3146 re
1785 3092 2058 3161 inopinata
2090 3129 2135 3189 Ο
2171 3095 2281 3137 tum
2311 3084 2768 3155 Scripturae,qu:r
2797 3085 2978 3154 regula
3005 3083 3244 3189 qualibet
3269 3080 3731 3189 comprehendun-

497 3175 804 3238 perculsum
843 3175 1068 3247 fugisse,
1117 3179 1256 3232 velut
1284 3181 1373 3247 qui
1404 3181 1467 3235 ob
1498 3182 1790 3251 repentinos
1817 3185 2061 3251 strepitus
2092 3171 2135 3189 υ
2171 3185 2280 3230 tur.
2325 3176 2535 3243 Quibus
2577 3187 2756 3231 autem
2785 3178 2966 3232 causis
2997 3176 3062 3229 ad
3094 3176 3197 3229 hoc
3239 3187 3377 3242 opus
3410 3171 3732 3227 elucubran-

492 3265 635 3319 iilico
692 3283 1032 3336 expavescunt
1062 3312 1074 3334 ,
1117 3273 1200 3326 his
1228 3272 1410 3327 verbis
1462 3275 1666 3329 indicat
1728 3276 2064 3345 gravissimae

2167 3267 2290 3321 dum
2322 3269 2584 3322 adductus
2614 3267 2798 3331 fuerit,
2827 3267 2945 3321 fuse
2973 3267 3026 3320 in
3059 3265 3322 3334 procemio
3375 3263 3622 3318 edisserit
3649 3261 3728 3330 (p.

497 3356 728 3424 alicujus
754 3358 1011 3414 molestiae
1044 3363 1314 3427 nuntium,
1345 3365 1411 3419 de
1438 3379 1545 3432 quo
1577 3379 1674 3418 nec
1697 3367 1885 3420 abiens
1909 3367 2066 3436 quid-
2164 3363 2315 3433 214).
2350 3363 2482 3417 Nam
2509 3377 2628 3416 cum
2654 3362 2820 3415 variis
2847 3360 2897 3414 in
2918 3350 3462 3429 peregrinationibus,
3494 3371 3623 3424 quas
3646 3355 3736 3407 vir

497 3464 658 3514 quant
694 3451 898 3505 dixerat
929 3494 944 3518 ,
990 3469 1086 3508 nec
1121 3465 1247 3510 tunc
1277 3457 1621 3511 scribendum
1657 3471 1776 3511 esse
1810 3457 2062 3512 ducebat.
2167 3456 2343 3510 factus
2374 3456 2541 3519 obiit,
2570 3455 2620 3507 in
2650 3453 2768 3506 aliis
2799 3451 3014 3522 quidem
3065 3449 3368 3519 disciplinis
3408 3457 3463 3502 et
3491 3447 3730 3512 artibus,

499 3541 632 3593 Cum
669 3543 750 3595 his
775 3555 952 3598 autem
991 3547 1217 3602 mirifice
1251 3550 1481 3617 quadrat
1512 3550 1833 3620 subscripta:
1863 3566 1893 3604 a
1943 3549 2066 3604 Dia-
2167 3564 2433 3603 summam
2466 3549 2608 3601 inter
2629 3560 2740 3610 eos,
2773 3561 2802 3596 a
2833 3544 3029 3614 quibus
3074 3543 3178 3596 illa:
3224 3551 3369 3596 artes
3393 3540 3729 3603 excoluntur,

498 3633 588 3686 nio
618 3632 862 3690 formula:
896 3638 1063 3693 tristis
1097 3641 1319 3694 nuntius
1345 3680 1358 3700 .
1387 3658 1548 3712 quem
1580 3658 1678 3698 cur
1703 3653 1916 3698 ascetas
1939 3659 2066 3698 suos
2167 3641 2509 3696 concordiam
2543 3636 3030 3695 animadvertisset,
3061 3639 3112 3687 in
3143 3633 3385 3688 Ecclesia
3417 3642 3594 3686 autem
3618 3630 3734 3701 plu-

497 3726 706 3780 celarct
732 3769 745 3791 ,
779 3729 958 3784 multa:
986 3746 1284 3800 gravesque
1315 3749 1494 3789 causae
1527 3745 1778 3804 poterant
1820 3734 2062 3790 subesse.
2168 3733 2334 3786 rimos
2356 3741 2407 3784 ct
2433 3731 2570 3784 inter
2596 3745 2654 3783 se
2683 3738 2883 3783 etcum
2907 3727 3204 3795 Scripturis
3235 3723 3440 3781 sanctis
3477 3738 3731 3794 pugnare,

495 3817 759 3887 Congruit
786 3821 947 3874 etiam
979 3837 1100 3877 cum
1143 3825 1246 3878 hoc
1285 3835 1526 3896 tempore
1558 3826 1871 3897 disputandi
1904 3827 2062 3882 ratio.
2169 3833 2243 3886 et,
2271 3824 2415 3892 quod
2461 3825 2691 3874 maxime
2737 3819 3064 3873 horrendum
3099 3827 3182 3872 est
3212 3857 3227 3883 ,
3268 3817 3554 3886 episcopos
3593 3815 3733 3883 ipsos

497 3909 628 3963 Nam
665 3913 889 3968 Basilius
915 3915 1088 3971 simile
1123 3926 1175 3970 et
1215 3918 1475 3974 diSsimile
1524 3919 1696 3987 rejicit
1730 3920 1783 3974 in
1817 3919 1920 3974 hac
1954 3920 2071 3989 epi-
2172 3916 2310 3968 inter
2339 3927 2396 3966 se
2425 3908 2705 3981 digladiari
2733 3948 2748 3972 ,
2783 3923 2845 3962 ac
2884 3907 3085 3961 Christi
3137 3905 3410 3960 mandatis
3438 3903 3729 3965 adversari,

495 4002 659 4056 stola.
685 4002 828 4057 Idem
873 4015 1052 4061 tamen
1097 4007 1148 4061 in
1182 4009 1410 4077 epistola
1437 4011 1683 4078 sequenti
1713 4051 1726 4073 ,
1756 4025 1874 4079 qua:
1902 4011 2068 4068 multo
2171 4018 2223 4060 et
2250 4005 2546 4061 Eeclesiam
2574 4003 2910 4067 dilacerare;
2945 3999 3078 4054 tanti
3112 3999 3233 4052 mali
3267 4005 3428 4067 caput
3457 4006 3513 4050 et
3536 3995 3729 4048 fontem

491 4105 616 4164 post
644 4098 807 4151 scribi
841 4113 945 4153 non
994 4101 1190 4169 potuit,
1229 4118 1333 4155 non
1364 4103 1637 4170 improbat
1673 4103 1872 4168 simile,
1909 4106 2068 4160 modo
2173 4107 2399 4151 conatus
2423 4105 2504 4148 est
2549 4093 2900 4162 investigare.
2934 4091 3011 4144 Ac
3063 4091 3237 4158 primo
3261 4090 3474 4156 quidem
3505 4087 3732 4139 incertus

493 4190 725 4244 addatur
753 4192 886 4244 citra
927 4193 1091 4246 ullam
1137 4177 1510 4264 diﬂ‘erentiam.
1559 4196 1732 4250 Credo
1759 4212 1887 4267 ergo
1918 4197 2068 4251 Basi-
2175 4189 2435 4248 lnerebat,
2479 4195 2532 4239 et
2580 4184 2818 4237 animum
2853 4194 3000 4235 nunc
3029 4179 3152 4241 huc,
3183 4193 3324 4232 nunc
3357 4177 3486 4230 illuc
3527 4175 3728 4228 divide-

491 4279 648 4346 lium,
689 4282 742 4336 in
782 4298 995 4337 summo
1026 4284 1117 4339 illo
1148 4286 1353 4349 dolore,
1384 4301 1541 4355 quem
1573 4287 1621 4340 ei
1661 4273 1861 4340 factum
1891 4285 2067 4341 Dianii
2174 4282 2300 4345 bat;
2354 4279 2448 4333 sed
2489 4277 2702 4331 tandem
2733 4276 2872 4330 hanc
2925 4274 3051 4326 mali
3104 4271 3368 4337 originem
3402 4269 3730 4322 verissimam

494 4375 753 4430 attulerat
779 4421 792 4436 ,
852 4392 959 4431 non
1017 4379 1250 4432 libenter
1282 4378 1517 4434 andiisse
1543 4379 1808 4448 ejusmodi
1856 4395 2067 4444 vocem,
2174 4368 2552 4438 deprehendit.
2589 4365 2737 4435 quod
2767 4379 2872 4420 ηοη
2905 4365 3142 4434 (illisque
3171 4361 3314 4431 regis
3343 4359 3545 4414 Chiis"
3574 4365 3728 4411 “mus

495 4465 549 4520 in
586 4484 689 4536 qua
733 4469 893 4523 toties
930 4470 1167 4524 luserant
1191 4472 1377 4526 Ariani
1408 4513 1422 4537 ,
1471 4487 1533 4526 ac
1581 4486 1755 4540 nuper
1795 4470 1986 4526 Dianio
2015 4480 2069 4526 et
2100 4475 2144 4530 ι)
2179 4465 2502 4525 intueretur,
2527 4459 2622 4514 sed
2650 4457 2966 4528 opinionum
3004 4469 3225 4509 suarum
3258 4451 3580 4506 commentis
3619 4448 3728 4519 ple~-

493 4559 794 4614 innumeris
819 4562 938 4614 aliis
968 4562 1426 4617 fucumfeceranl.
2175 4556 2329 4621 rique
2387 4551 2503 4620 ejus
2558 4551 2810 4605 mandata
2858 4562 2921 4603 ac
2961 4546 3292 4601 voluntatem
3335 4542 3722 4613 posthaberent.

568 4652 1049 4720 Decepiteruditos
1078 4653 1221 4707 viros
1270 4653 1509 4722 epistola}
1558 4654 1768 4718 titulus,
1803 4669 1921 4723 quae
1949 4653 2067 4708 Cze-
2173 4647 2468 4714 Postquam
2516 4653 2731 4708 autem,
2782 4642 2888 4694 lixa
2923 4639 3038 4706 ejus
3087 4639 3266 4690 animo
3317 4636 3419 4690 hac
3450 4633 3725 4696 sententia,

493 4743 828 4796 sariensibus
885 4743 1223 4807 inscribitur,
1255 4759 1481 4813 eamque
1536 4760 1679 4800 anno
1725 4745 1830 4799 365
1887 4744 2059 4799 Caesa-
2175 4741 2303 4796 illud
2334 4742 2500 4794 etiam
2560 4734 2969 4798 consideravit,
3001 4731 3377 4786 inobedientia:
3408 4729 3606 4782 crimen
3649 4727 3725 4778 itt-

494 4833 660 4887 riensi
685 4833 823 4900 plebi
857 4833 1116 4902 scriptam
1146 4835 1501 4902 existimant,
1535 4852 1658 4891 cum
1695 4835 1927 4892 Basilius
1950 4851 2065 4905 pre-
2174 4849 2420 4897 currere,
2454 4833 2496 4887 si
2521 4833 2643 4912 quis
2672 4828 2755 4884 vel
2782 4826 2948 4882 semel
2980 4834 3202 4893 peccet,
3237 4836 3299 4874 ac
3346 4819 3455 4888 ipsa
3494 4831 3727 4912 Ignoran-

495 4927 683 4997 sbyter
710 4926 824 4992 paci
854 4924 1109 4979 Ecclesiae
1136 4927 1418 4982 commoda
1452 4943 1546 4981 sua
1589 4928 1937 4996 posthabens,
1971 4943 2054 4981 su-
2174 4927 2262 4980 tia:
2319 4909 2541 4994 peccata
2573 4936 2785 4989 pcenam
2837 4934 2940 4973 non
2977 4915 3248 4984 eﬂugere;
3298 4913 3405 4965 imo
3432 4925 3525 4965 eos
3553 4920 3722 4972 etiam,

500 5014 838 5082 spirionibus
891 5016 1107 5071 Eusebii
1157 5018 1397 5088 episcopi
1428 5020 1618 5083 cessit,
1651 5034 1819 5088 seque
1857 5019 1910 5071 in
1938 5018 2069 5074 soli-
2171 5021 2263 5090 qui
2295 5019 2428 5072 nihil
2457 5023 2773 5086 peccarunt,
2793 5013 2888 5066 sed
2921 5018 3266 5080 peccatorum
3291 5005 3424 5059 satis
3456 5005 3725 5056 vehemen-

496 5107 734 5160 tudiuem
765 5108 918 5162 Ponti
946 5126 1047 5163 una
1092 5126 1212 5165 cum
1251 5109 1515 5182 Gregorio
1545 5111 1889 5167 Nazianzeno
1919 5127 2070 5168 rece-
2172 5123 2254 5166 tes
2282 5107 2753 5162 auimadversores
2777 5117 2884 5155 non
2921 5101 3092 5162 fuere,
3121 5095 3360 5168 graviter
3394 5107 3566 5162 pnntrt
3589 5108 3600 5142 :
3623 5098 3721 5142 tum

494 5201 592 5265 pit.
619 5196 815 5251 Mirum
857 5215 988 5253 sane
1021 5216 1126 5269 non
1163 5212 1330 5267 esset,
1361 5203 1404 5258 si
1430 5203 1642 5271 plebem
1677 5203 2067 5259 Caesariensem
2173 5222 2304 5261 vero
2340 5217 2518 5273 cperze
2549 5199 2782 5269 pretium
2822 5213 2941 5251 esse
2970 5195 3123 5249 duxit
3159 5195 3223 5246 ad
3263 5202 3441 5244 certas
3481 5187 3720 5257 quasdam

493 5291 603 5343 cito
629 5289 811 5345 Basilii
845 5293 1174 5346 desiderium
1202 5294 1455 5363 cepisset,
1491 5309 1724 5363 eumque
1750 5294 1913 5348 veluti
1944 5309 2071 5363 pro-
2175 5297 2387 5367 regulas
2423 5306 2682 5347 revocare
2703 5332 2716 5354 ,
2748 5305 2811 5345 ac
2846 5289 3010 5342 veluti
3043 5289 3093 5339 in
3139 5286 3359 5340 totidem
3397 5284 3570 5350 capita
3600 5281 3720 5333 redi-

495 5382 681 5453 fugum
722 5387 911 5454 patria:
940 5397 994 5440 et
1036 5387 1288 5442 amicitia:
1347 5387 1866 5442 commemoratione
1915 5401 2069 5442 revo-
2172 5403 2323 5458 gere,
2359 5400 2694 5454 quaecunque
2723 5382 2774 5436 in
2808 5379 3105 5448 Scripturis
3152 5387 3403 5432 vetantur
3434 5383 3524 5427 aut
3551 5386 3718 5441 prater-

496 5487 697 5530 casset.
726 5478 832 5532 Sed
867 5480 1035 5548 ipsam
1062 5481 1223 5534 etiam
1259 5479 1413 5534 Ponti
1440 5481 1783 5536 solitudinem
1813 5496 1954 5550 sape
1975 5479 2069 5532 Ba-
2176 5480 2412 5546 piuntur.

496 5569 652 5627 silius
707 5571 938 5638 patriam
977 5587 1127 5624 suam
1164 5571 1439 5641 appellat,
1478 5583 1534 5628 ut
1590 5588 1756 5641 supra
1812 5573 2062 5626 vidimus.
2250 5569 2338 5621 Sic
2361 5585 2514 5623 suum
2542 5570 2655 5638 ipse
2687 5567 2973 5624 consilium
3009 5565 3236 5620 Basilius
3258 5559 3548 5632 cxponitin
3575 5572 3701 5626 ριὀω

568 5747 644 5822 (a)
673 5747 768 5821 Ep.
806 5751 856 5806 8.

2254 5747 2325 5819 (ιι)
2363 5746 2452 5802 0r.
2483 5750 2572 5801 at.
