3992 6392
575 374 691 419 1ῒί

1917 366 2444 424 PROLEGOMENA.

579 479 839 543 tentiam;
872 493 1029 536 secus
1056 496 1205 547 vero,
1243 483 1287 538 si
1313 484 1442 539 illud
1466 501 1569 539 non
1595 488 1847 555 addatur,
1866 499 1921 543 ut
1952 490 2148 546 factum
2178 497 2226 553 Α
2259 502 2402 546 tatur
2424 491 2659 558 viduam,
2690 491 2845 561 Olljlls
2874 488 3040 544 ﬁlium
3067 489 3396 560 Dionysium,
3430 490 3557 546 ollm
3586 490 3814 547 Diome-

579 568 632 622 in
655 570 886 624 concilio
924 570 1541 644 ConstantinOpolitano.

651 657 861 729 Scripta
884 661 996 716 haec
1029 663 1252 732 epistola
1287 674 1404 733 post
1433 665 1722 721 concilium
1759 666 2141 722 Constantino-

576 752 873 819 polit‘anum
906 754 1028 807 anni
1055 754 1180 813 560.
1217 756 1332 811 Non
1368 767 1545 813 tamen
1604 761 1788 815 statim
1846 771 1966 831 post
2015 762 2142 815 illud

580 847 806 913 scripta,
832 848 924 901 sed
940 847 1077 903 forte
1105 849 1389 919 interjecto
1405 851 1632 907 duorum
1654 868 1915 906 annorum
1946 857 2141 923 spatio.

581 932 715 988 Nam
750 937 803 989 in
830 938 1054 1007 epistola
1084 950 1296 1008 octava,
1331 958 1449 1011 qua:
1473 944 1758 998 concilium
1790 946 2033 1013 proxime
2064 947 2144 1001 vi.

580 1028 738 1083 detur
757 1039 961 1094 secuta,
994 1034 1300 1088 recentibus
1330 1036 1717 1089 Auommorum
1767 1036 2043 1092 fraudibus
2064 1038 2139 1092 of-

579 1119 786 1185 fensus,
823 1124 1098 1192 rejiciebat
1119 1126 1293 1181 simile
1321 1127 1438 1180 sine
1466 1129 1802 1196 exceptione.
1837 1128 1988 1184 Nunc
2043 1146 2141 1183 au-

582 1223 689 1268 tem
725 1213 900 1269 simile
936 1219 1233 1271 secundum
1264 1217 1555 1271 essentiam
1583 1220 1769 1285 probat
1791 1261 1806 1285 ,
1844 1222 2001 1275 modo
2045 1221 2143 1275 ad-

582 1300 740 1355 datur
765 1303 898 1355 citra
926 1304 1086 1357 ullam
1127 1306 1497 1373 di/l’erentiam.
1539 1307 1672 1362 Rem
1716 1324 1851 1379 ergo
1883 1312 2141 1367 attentius

581 1393 1022 1449 consideraverat
1074 1406 1194 1464 post
1247 1398 1501 1467 scriptam
1554 1400 1837 1469 epistolam
1873 1412 2139 1457 octavam.

582 1481 812 1537 Dubium
873 1495 1051 1540 autem
1098 1502 1200 1541 non
1236 1497 1329 1543 est-
1349 1490 1479 1558 quin
1534 1506 1678 1545 nona
1720 1502 1844 1545 ante
1896 1495 2145 1547 sacerdo-

590 1574 721 1627 tium
751 1576 947 1645 scripta
980 1577 1067 1631 sit.
1097 1578 1230 1633 Eum
1263 1581 1405 1634 enim
1436 1589 1493 1636 et
1516 1583 1757 1652 corporis
1780 1583 2063 1638 infirmitas
2092 1593 2146 1638 et

580 1680 733 1721 amor
784 1668 1091 1723 solitudinis
1120 1671 1307 1725 eodem
1359 1686 1571 1741 semper
1614 1673 1733 1728 loco
1766 1674 1950 1739 tixtun,
1977 1674 2146 1729 instar

581 1758 913 1825 plantarum,
955 1761 1229 1817 tenebant.
1262 1762 1517 1829 Quamvis
1546 1774 1723 1817 autem
1756 1762 2038 1834 presbyter
2063 1764 2145 1816 fa-

2249 583 2372 635 dem
2425 582 2661 645 nomine,
2697 578 2927 633 habebat
2972 580 3023 633 in
3070 580 3397 633 monasterio
3447 595 3566 645 suo,
3596 592 3649 634 ut
3692 584 3817 650 ipsa

2246 671 2408 725 etiam
2434 671 2484 723 in
2519 670 2760 723 eamdem
2789 668 3129 723 solitudinem
3154 683 3211 722 se
3240 668 3482 738 recipiat,
3519 670 3726 725 scilicet
3756 674 3817 726 in

2246 761 2629 815 monasterium
2662 760 2968 824 mulierum,
2991 760 3133 828 quod
3180 760 3245 813 ad
3281 759 3502 814 alteram
3539 760 3692 817 Iridis
3731 764 3816 817 rio

2246 866 2368 920 pam
2400 853 2732 905 situmerat.
2763 850 2923 905 Mittit
2950 852 3013 905 ad
3028 866 3145 904 eam
3166 850 3334 903 lilium
3360 852 3537 919 :_velnt
3561 855 3827 908 columba

2247 941 2397 995 cicur
2418 951 2688 1009 unguento
2718 940 2883 995 oblita
2908 941 3157 1004 mittitur,
3186 949 3244 993 ut
3276 940 3409 996 alias
3446 943 3609 997 odore
3637 953 3820 997 attra-

2248 1031 2358 1085 hat.
2410 1032 2463 1085 lu
2496 1030 2778 1085 undecima
2814 1030 3038 1101 epistola
3074 1031 3140 1083 ad
3172 1030 3308 1085 idem
3340 1031 3637 1085 institutum
3681 1034 3820 1087 hor-

2246 1130 2393 1177 tatur
2440 1139 2601 1175 uuum
2658 1139 2724 1178 ex
2777 1124 2987 1187 amicis,
3051 1123 3206 1193 Cujus
3261 1124 3351 1177 filii
3416 1128 3815 1180 monasterium

2247 1214 2426 1268 Basilii
2483 1213 2799 1281 inviserant,
2839 1222 2894 1270 et
2946 1228 3068 1268 cum
3114 1227 3179 1267 eo
3216 1212 3354 1268 diem
3400 1214 3593 1269 festum
3636 1225 3819 1270 trans-

2247 1315 2492 1376 egerant.

2319 1396 2581 1449 Videntur
2621 1395 2786 1450 etiam
2822 1394 2889 1447 ad
2908 1408 3184 1449 secessum
3213 1402 3267 1449 et
3294 1396 3589 1463 primordia
3621 1395 3812 1451 Basilii

2246 1487 2543 1542 referenda:
2594 1488 2833 1558 epistolae
2864 1488 2930 1541 12
2972 1496 3026 1543 et
3058 1487 3146 1551 l5,
3178 1488 3257 1558 ad_
3285 1486 3585 1559 Olympium
3620 1508 3633 1543 :
3680 1500 3813 1544 sunt

2246 1583 2389 1636 enim
2446 1580 2518 1635 in.
2552 1582 2739 1636 eodem
2797 1579 3129 1635 urbanitatis.
3162 1595 3359 1651 genere
3396 1596 3458 1635 ac
3506 1589 3694 1650 quarta
3741 1583 3815 1635 ad

2248 1668 2491 1722 eumdem
2516 1669 2637 1723 data
2663 1687 2680 1736 ;
2711 1683 2810 1725 nec
2835 1670 3127 1740 quidquam
3157 1670 3356 1725 habent
3384 1671 3449 1723 de
3483 1671 3692 1741 magnis
3724 1687 3817 1726 re-

2247 1761 2546 1829 bus,qoas..
2575 1761 2711 1814 infra
2754 1761 3013 1815 Basilium
3051 1777 3173 1816 cum
3220 1762 3321 1817 hoc
3379 1761 3833 1818 Neocaesariensi-

581 1861 701 1907 ctus
739 1853 798 1907 in.
848 1854 1189 1911 solitudinem
1240 1858 1500 1924 redierit,
1529 1859 1618 1913 hic
1664 1866 1840 1913 tamen
1899 1874 2143 1913 secessus

2248 1851 2361 1905 cive
2392 1860 2811 1920 pertractantem
2851 1851 3172 1906 videbimus.

581 1942 934 2002 brevissimus
982 1946 1102 2002 fuit.
1152 1947 1364 2017 Scripta
1414 1964 1542 2019 ergo
1584 1950 1697 2005 haec
1731 1965 1869 2004 noua
1918 1950 2141 2019 epistola

581 2034 727 2088 circa
764 2050 960 2091 annum
985 2038 1109 2105 561,
1140 2048 1232 2093 aut
1254 2040 1380 2105 562,
1405 2057 1526 2095 cum
1547 2040 1658 2111 jam
1684 2042 1937 2107 Moralia,
1973 2052 2030 2096 ut
2063 2058 2146 2097 su-

584 2140 677 2194 pra
707 2126 961 2194 diximus,
1001 2133 1406 2202 composuisset.

652 2212 707 2267 lu
734 2216 948 2285 vulgato
974 2218 1283 2275 litterarum
1314 2222 1504 2277 ordine
1533 2224 1651 2278 dum
1685 2223 1856 2277 eidem
1912 2224 2145 2281 Maximo

583 2306 902 2377 philosopho
932 2310 1205 2379 inscripta:
1231 2324 1385 2367 erant
1426 2314 1664 2382 epistola:
1688 2357 1703 2380 ,
1735 2330 1925 2384 nempe
1972 2316 2033 2369 «ll
2090 2326 2144 2371 et

579 2396 671 2448 η.
705 2396 887 2466 Neque
935 2401 986 2455 id
1019 2418 1205 2470 parum
1258 2403 1558 2459 facessebat
1602 2403 1949 2459 difﬁcultatis.
1980 2403 2139 2459 Multa

581 2487 725 2540 enim
762 2489 1008 2545 dubitare
1034 2495 1318 2560 cogebant,
1347 2507 1527 2549 utrum
1568 2496 1703 2551 idem
1732 2498 1801 2551 sit
1834 2498 1887 2550 in
1916 2506 2143 2568 utraque

580 2578 801 2641 epistola
847 2574 1112 2636 Maximus
1150 2594 1242 2637 :et
1290 2585 1335 2638 si
1370 2584 1532 2651 idem,
1560 2601 1588 2639 a
1624 2587 1856 2643 Maximo
1892 2591 1942 2644 in
1973 2590 2143 2644 histo-

583 2670 660 2723 ria
710 2672 880 2727 sancti
924 2672 1174 2745 Gregorii
1228 2674 1555 2731 Nazianzeni
1615 2678 1901 2734 decantato
1950 2680 2143 2735 distin-

579 2763 820 2827 gucudus
867 2765 1168 2831 videbatur,
1219 2778 1510 2837 prepterea
1562 2769 1703 2838 quod
1756 2770 2025 2826 Maximus
2087 2773 2140 2826 iu

580 2855 737 2917 epist.
767 2855 837 2907 al.
865 2856 943 2909 42
972 2858 1155 2912 Basilii
1204 2874 1269 2912 ex
1297 2859 1459 2913 nobili
1485 2861 1645 2915 domo
1670 2862 1762 2915 sed
1787 2865 1993 2932 gentili,
2018 2880 2143 2932 pro-

580 2946 722 2999 dizor
744 2956 923 3002 autem
954 2950 1200 3019 Gregorii
1224 2965 1291 3004 ex
1323 2952 1551 3007 obscura
1576 2994 1591 3019 ,
1620 2954 1715 3008 sed
1742 2963 1919 3010 tamen
1946 2966 2145 3029 marty-

582 3054 670 3089 res
714 3051 1035 3095 numerante
1058 3042 1262 3097 familia
1281 3052 1430 3099 ortus
1456 3044 1735 3100 dicebatur
1760 3046 1857 3117 (a).
1885 3047 1988 3103 Sed
2019 3065 2140 3104 cum

578 3130 804 3195 epistola
847 3132 981 3191 alias
1010 3133 1082 3188 42
1136 3137 1189 3189 iu
1228 3136 1471 3205 antiquis
1496 3137 1778 3194 codicibus
1820 3140 2143 3196 inscrihatur

2322 1942 2426 1997 Sed
2452 1943 2718 2013 praecipue
2744 1943 2902 1999 nobis
2929 1944 3197 1999 reddenda
3218 1945 3375 2012 ratio,
3400 1960 3496 1999 cur
3523 1946 3812 2015 epistolam

2250 2033 2511 2087 decimam
2566 2042 2841 2103 quartam,
2869 2034 3005 2088 alias
3056 2036 3321 2089 decimam
3369 2050 3587 2101 nonam,
3641 2053 3807 2107 quam

2249 2124 2621 2181 Tillemoutius
2644 2135 2697 2180 et
2726 2126 2815 2179 alii
2865 2127 3040 2181 critici
3095 2128 3337 2181 omnium
3386 2129 3610 2197 primam
3642 2129 3692 2182 in
3721 2145 3816 2183 se-

2251 2231 2405 2269 cessu
2436 2216 2697 2285 scriptam
2735 2217 3070 2282 existimant,
3104 2218 3279 2273 serius
3333 2219 3677 2275 collocemus.
3709 2220 3814 2275 γει

2248 2308 2468 2361 dubium
2517 2307 2665 2376 quin»
2694 2308 2893 2377 scripta
2927 2309 2997 2362 sit
3039 2307 3322 2373 Caesareae,
3354 2325 3474 2364 cum
3518 2311 3814 2379 Gregorius

2249 2398 2416 2452 frater
2452 2398 2648 2452 Basilio
2681 2399 2995 2467 scripsisset
3040 2399 3178 2456 velle
3198 2416 3257 2455 se
3280 2416 3401 2455 cum
3432 2415 3497 2456 eo
3530 2404 3810 2473 congredi,

2250 2490 2497 2559 idemque
2543 2505 2664 2545 esse
2720 2491 2931 2545 consilii
2992 2490 3251 2560 Gregorio
3288 2492 3643 2550 Nazianzeno.
3672 2495 3811 2549 Tum

2248 2580 2499 2645 Basilius,
2538 2596 2659 2636 eum
2691 2583 2885 2650 partim
2918 2582 3146 2652 negotiis
3199 2595 3564 2649 revocaretur,
3612 2587 3831 2653 partim-

2248 2672 2512 2742 Gregorio
2530 2672 2892 2739 Nazianzeno,
2924 2689 2953 2728 a
2995 2689 3102 2744 quo
3128 2676 3287 2730 toties
3332 2676 3584 2745 deceptus
3609 2676 3812 2746 fuerat,

2248 2780 2436 2835 parum
2466 2766 2749 2830 crederet;
2788 2764 2975 2820 scribit
2998 2766 3045 2820 ei
3074 2773 3475 2837 se;exspectare
3495 2785 3599 2823 non
3628 2786 3812 2839 posse,

2248 2871 2311 2909 ac
2337 2856 2642 2912 solitudinis
2667 2871 2777 2911 suae
2805 2857 3103 2926 elegantem
3154 2860 3416 2928 picturam
3446 2872 3571 2917 ante
3620 2863 3809 2920 oculos

2250 2947 2390 3005 illius
2412 2949 2581 3018 ponit.
2620 2948 2771 3004 Facit
2796 2964 2915 3003 cum
2935 2949 3275 3006 Tillemontio
3299 2951 3468 3021 prima
3495 2968 3668 3007 rerum
3689 2969 3815 3023 spe-

2249 3039 2361 3096 cies
2408 3050 2461 3094 et
2501 3041 2742 3110 epistolae
2770 3041 2928 3097 lectio
2972 3057 3077 3097 non
3114 3042 3270 3097 valde
3322 3044 3549 3099 intenta.
3583 3043 3814 3099 Videtur

2249 3130 2392 3186 enim
2425 3132 2659 3188 Basilius
2690 3131 3033 3188 solitudinem
3068 3149 3219 3189 suam
3265 3136 3591 3203 describere,
3634 3148 3692 3193 ut
3730 3140 3810 3195 lo-

584 3221 816 3278 Maximo
851 3224 1197 3291 scholastica,
1225 3229 1361 3281 nihil
1390 3230 1503 3297 jam
1529 3229 1693 3284 oﬂicit
1728 3234 2018 3300 quominus
2043 3232 2143 3287 Ma-

2248 3237 2368 3277 cum
2415 3238 2687 3292 nunquam
2723 3223 2985 3296 Gregorio
3012 3225 3208 3280 visum.
3255 3225 3457 3282 Deinde
3510 3244 3638 3285 vero
3664 3235 3809 3300 quod

582 3316 781 3380 ximus,
804 3317 870 3370 ad
901 3333 1057 3388 quem
1094 3322 1216 3375 data
1246 3332 1330 3375 est
1358 3321 1582 3391 epistola
1610 3339 1748 3378 noua
1780 3324 1982 3391 Basilii,
2002 3326 2141 3380 idem

582 3406 655 3460 sit
685 3421 748 3461 ac
782 3406 869 3461 ille
896 3411 1033 3478 apud
1082 3409 1402 3479 Gregorium
1459 3411 1743 3468 Maximus.
1802 3412 1967 3469 Multa
2015 3431 2148 3473 sane

581 3509 914 3555 concurrunt
958 3502 1255 3557 simillima.
1292 3503 1437 3560 ldem
1473 3520 1666 3561 nomen
1694 3548 1709 3573 ,
1742 3507 1884 3563 idem
1907 3508 2148 3578 philoso-

584 3588 674 3657 phi
733 3588 940 3644 titulus.
995 3589 1259 3647 Maximus
1290 3632 1307 3659 ,
1340 3594 1405 3649 de
1434 3609 1542 3664 quo
1576 3595 1841 3661 Basilius,
1881 3599 2051 3654 civem
2088 3615 2147 3655 se

581 3680 730 3734 orbis
753 3688 1017 3735 terrarum
1043 3681 1265 3738 fecerat.
1294 3681 1442 3739 ldem
1485 3685 1553 3740 de
1582 3700 1679 3740 suo
1718 3686 1951 3743 Maximo
1983 3696 2147 3743 testa-

574 3772 671 3826 tur
692 3772 983 3844 Gregorius
1014 3774 1088 3845 (p.
1112 3775 1259 3847 411),
1288 3776 1401 3830 Nec
1428 3776 1562 3831 enim
1586 3778 1920 3847 cynicismus,
1947 3778 2146 3849 inquit,

580 3867 786 3936 exiguis
840 3867 1032 3935 ﬁnibus
1079 3869 1439 3924 circumscribi
1492 3872 1735 3925 sustinet.
1794 3870 1946 3927 Unde
2001 3880 2149 3940 patet

581 3957 853 4013 immerito
900 3960 1146 4031 cynicam
1189 3961 1340 4016 illam
1389 3963 1728 4032 disciplinam
1762 3964 1932 4018 videri
1980 3964 2146 4019 Tille-

582 4047 792 4102 montio
827 4062 949 4103 cum
1006 4048 1277 4113 laudibus,
1311 4065 1447 4120 quas
1493 4051 1725 4107 Maximo
1752 4053 1940 4107 tribuit
1988 4053 2145 4108 Basi-

581 4137 689 4195 lius
717 4141 795 4209 (p.
826 4139 977 4212 412),
1009 4156 1268 4212 pugnare.
1294 4143 1393 4199 Ait
1431 4143 1593 4198 etiam
1642 4143 1935 4215 Gregorius
1979 4145 2149 4210 Maxi-

580 4246 749 4296 mum,
770 4247 890 4286 cum
925 4233 1131 4288 videret
1160 4232 1458 4287 solitariam
1492 4236 1657 4289 vitam
1686 4251 1788 4292 nec
1810 4238 2045 4306 prepriis
2065 4236 2147 4290 in-

568 4309 883 4379 commodis
912 4340 1124 4390 carere,
1152 4342 1251 4381 nec
1282 4326 1335 4381 in
1385 4327 1612 4382 aliorum
1645 4329 1909 4399 augendis
1946 4329 2149 4382 incom-

580 4416 756 4471 modis
783 4419 1012 4481 versari,
1038 4419 1297 4473 maluisse
1329 4419 1381 4473 in
1406 4418 1565 4475 rebus
1595 4419 1847 4487 gerendis
1868 4419 2145 4487 occupari,

580 4516 634 4559 ct
659 4522 723 4560 ex
754 4508 962 4563 duobus
987 4510 1217 4577 egregiis
1265 4510 1388 4564 vitae
1422 4510 1684 4565 institutis
1739 4511 1865 4564 illud
1896 4511 2146 4580 elegisse,

580 4600 720 4666 quod
750 4609 804 4653 et
845 4600 947 4654 sibi
985 4610 1039 4655 et
1070 4602 1190 4657 aliis
1220 4603 1462 4674 prodest.
1496 4603 1573 4657 Ex
1596 4605 1791 4673 quibus
1823 4618 1986 4672 supra
2018 4618 2145 4672 pro-

580 4690 827 4746 bavimus
854 4691 927 4762 (ὸ)
956 4691 1247 4753 Maximum
1275 4708 1341 4748 ex
1362 4711 1585 4751 numero
1617 4706 1921 4750 ascetarum
1953 4696 2141 4751 fuisse.

580 4782 779 4837 Eadem
830 4799 1053 4853 prorsus
1084 4786 1223 4853 apud
1275 4786 1549 4841 Basilium.
1582 4788 1723 4841 Nam
1770 4788 1815 4841 si
1852 4787 2014 4853 vobis,
2047 4788 2134 4840 in-

580 4874 719 4941 quit,
741 4876 968 4929 actuosis
999 4888 1293 4945 competunt
1316 4878 1493 4945 populi
1522 4890 1569 4931 et
1602 4879 1751 4933 urbes
1779 4918 1795 4944 ,
1824 4880 2009 4949 quibus
2046 4896 2134 4933 re-

580 4975 661 5018 τις
692 4966 833 5032 facta
856 4969 1129 5022 ostenditis
1154 5008 1168 5033 ,
1198 4980 1302 5024 etc.
1338 4969 1525 5024 Exstat
1571 4970 1733 5023 etiam
1783 4973 1955 5025 sancti
1986 4970 2149 5025 Atha-

581 5058 716 5111 nasii
746 5058 967 5126 epistola
997 5062 1063 5115 ad
1096 5060 1390 5115 Maximqu
1418 5062 1814 5131 philosophum,
1848 5077 2006 5131 quem
2032 5077 2149 5116 san-

579 5158 699 5204 ctus
730 5149 889 5206 Pater
920 5154 1133 5209 eximiis
1159 5163 1316 5209 ornat
1341 5154 1589 5209 laudibus
1622 5172 1635 5207 :
1668 5170 1768 5209 nec
1800 5155 2148 5225 improbabile

581 5249 664 5295 est
695 5242 944 5297 eumdem
976 5260 1121 5313 esse,
1151 5260 1215 5300 ac
1255 5259 1378 5299 cum
1409 5245 1475 5301 de
1502 5259 1609 5314 quo
1636 5243 1928 5316 Gregorius
1952 5261 2017 5302 ac
2043 5245 2144 5299 Ba-

582 5330 760 5385 silius.

653 5414 717 5471 V.
736 5416 1045 5489 Sequuntur
1065 5422 1179 5477 duae
1197 5423 1409 5491 litterae,
1428 5425 1729 5481 manifestis
1745 5424 2145 5480 secessusuotis

581 5510 828 5581 signatae,
864 5531 1057 5588 nempe
1076 5520 1281 5575 decima
1307 5532 1359 5576 et
1387 5522 1689 5578 undecima.
1723 5521 1778 5576 lu
1812 5521 1984 5591 prima
2017 5518 2142 5575 hor-

552 5809 560 5818 ,
655 5754 732 5826 (a)
768 5754 994 5813 Naz.or.
1024 5760 1111 5813 23.

2247 3314 2322 3368 ait
2344 3313 2449 3369 sibi
2499 3315 2836 3384 migrandum
2864 3315 3062 3370 essein
3087 3315 3338 3384 Pontum,
3370 3319 3459 3374 ubi
3497 3323 3807 3378 setandem

2247 3405 2534 3475 aliquando
2572 3406 2731 3461 linem
2761 3406 3049 3461 oberrandi
3082 3406 3352 3462 facturum
3392 3421 3573 3477 sperat
3605 3428 3620 3476 ;
3651 3427 3807 3467 nemo

2247 3498 2361 3553 fere
2386 3505 2488 3561 est,
2513 3497 2603 3567 qui
2639 3512 2743 3552 non
2776 3498 2889 3552 haec
2918 3498 3155 3554 hominis
3181 3498 3523 3557 solitudinem
3547 3516 3811 3574 appeten-

2246 3586 2336 3653 tis,
2366 3588 2459 3643 sed
2484 3588 2715 3643 nondum
2745 3587 2889 3642 illam
2934 3589 3143 3658 experti
3182 3590 3326 3645 dicta
3359 3606 3479 3647 esse
3511 3604 3683 3661 putet.
3717 3594 3837 3651 llas.

2247 3679 2495 3735 notiones
2526 3680 2764 3734 animum
2823 3680 3078 3746 subeunt,
3110 3681 3155 3736 si
3189 3697 3397 3737 summa
3446 3686 3671 3754 vestigia
3719 3703 3810 3743 se-

2246 3786 2495 3840 quamur.
2552 3771 2657 3827 Sed
2710 3772 2754 3826 si
2796 3772 2919 3842 quis
2970 3773 3301 3842 singularum
3342 3789 3521 3830 rerum
3569 3779 3805 3847 pondera

2246 3863 2550 3927 examinet,
2619 3864 2665 3920 is
2714 3862 2952 3933 profecto
3012 3864 3151 3920 hanc
3213 3865 3490 3934 epistolam
3552 3867 3811 3940 intelliget

2246 3972 2353 4011 non
2406 3956 2585 4010 statim
2649 3963 2769 4025 post
2824 3956 3056 4011 reditum
3120 3972 3184 4011 ex
3222 3956 3440 4012 Oriente
3480 3966 3534 4012 et
3578 3958 3827 4032 Egypto,

2247 4048 2503 4115 scriptam
2560 4060 2704 4112 esse,
2730 4045 2822 4101 sed
2880 4045 3084 4115 aliquot
3125 4046 3320 4116 elapsis
3371 4048 3527 4104 annis
3565 4059 3629 4104 et-
3664 4061 3810 4119 post-

2247 4154 2409 4209 quam
2436 4137 2729 4206 Gregorius
2762 4139 2815 4193 in
2843 4138 3172 4195 monasterio
3194 4138 3351 4194 Ponti
3379 4140 3692 4211 aliquandiu
3728 4144 3807 4197 vi-

2246 4228 2436 4284 xisset.

2320 4320 2374 4372 1°
2406 4319 2539 4373 lllud
2572 4328 2719 4374 certo
2760 4330 2994 4387 constat,
3020 4321 3300 4387 Basiliam,
3325 4322 3417 4377 ubi
3452 4324 3681 4393 primum
3724 4341 3813 4381 re-

2248 4410 2384 4465 sedit
2407 4411 2458 4464 in
2484 4411 2769 4466 solitudine
2786 4452 2802 4479 ,
2832 4413 2900 4467 ad
2925 4414 3242 4484 Gregorium
3269 4416 3552 4484 scripsisse
3574 4427 3629 4471 et
3662 4418 3811 4471 loco-

2253 4518 2371 4556 rum
2427 4504 2586 4556 situm
2628 4504 2677 4558 ei
2726 4503 3098 4573 descripsisse.
3158 4506 3293 4561 Huic
3341 4518 3517 4562 autem
3576 4510 3812 4578 epistola:

2255 4593 2396 4647 nulla
2432 4609 2655 4662 prorsus
2684 4603 2861 4649 exstat
2883 4594 3129 4666 Gregorii
3159 4598 3461 4667 responsio.
3499 4598 3648 4664 Quod
3667 4602 3811 4654 enim

2252 4685 2530 4755 respondit
2555 4702 2613 4741 se
2638 4685 2874 4740 locorum
2912 4687 3016 4741 situ
3042 4702 3148 4742 nou
3196 4688 3419 4743 multum
3454 4689 3677 4755 moveri,
3710 4690 3810 4744 nisi

2250 4778 2412 4832 etiam
2449 4777 2516 4831 de
2556 4778 2767 4832 vivendi
2801 4793 2996 4847 genere
3026 4779 3227 4849 aliquid
3284 4781 3507 4847 ediscat,
3536 4781 3587 4834 id
3617 4796 3682 4835 ex
3712 4780 3813 4834 Ba-

2251 4868 2361 4923 silii
2394 4868 2635 4938 epistolce
2665 4870 2912 4924 secunda:
2942 4870 3093 4926 initio
3116 4871 3393 4937 discimus,
3421 4882 3476 4926 at
3497 4870 3639 4925 nulla
3659 4887 3812 4939 pror-

2248 4974 2342 5016 sus
2380 4960 2435 5015 in
2473 4960 2695 5028 epistola
2763 4961 3004 5029 Gregorii
3061 4961 3270 5032 legitur.
3344 4962 3637 5017 Amisimus
3681 4977 3811 5030 ergo

2251 5054 2397 5123 quod
2439 5054 2734 5124 Gregorius
2776 5052 2973 5109 Basilio
3037 5056 3378 5111 solitudinem
3428 5062 3540 5109 tum
3581 5055 3809 5125 primum

2250 5145 2555 5215 degustanti
2622 5147 2994 5213 rescripserat.
3032 5148 3101 5201 At
3146 5149 3286 5203 idem
3323 5148 3389 5203 de
3434 5148 3538 5203 hac
3590 5147 3809 5217 cpistola

2254 5240 2342 5307 14,
2376 5239 2508 5295 olim
2546 5240 2633 5304 l9,
2662 5238 2763 5293 dici
2795 5254 2899 5293 non
2936 5249 3132 5309 potest.
3192 5240 3460 5296 Habemus
3510 5240 3652 5295 enim
3688 5238 3811 5292 huic

2250 5332 2491 5401 epistola:
2516 5331 2979 5385 accuratissimam
3005 5341 3057 5386 ct
3080 5332 3537 5401 elegantissimam
3569 5329 3809 5399 Gregdrii

2257 5422 2689 5489 responsionem,
2753 5438 2948 5493 nempe
3009 5425 3289 5493 epistolam
3332 5425 3387 5487 7,
3420 5439 3538 5492 quae
3588 5420 3809 5488 singulis

2248 5514 2497 5584 epistolte
2524 5512 2708 5569 Basilii
2739 5516 2981 5587 vestigiis
3030 5516 3251 5585 insistit,
3291 5525 3340 5572 et
3394 5515 3608 5585 paribus
3637 5511 3807 5565 verbis

2338 5762 2409 5832 (b)
2449 5763 2578 5833 Cap.
2618 5762 2671 5827 t,
2715 5762 2846 5817 [1.4.
