3992 6392
1513 389 1669 445 VITA
1714 388 1770 445 S.
1806 388 2067 444 BASILll.

3280 397 3415 437 IX”

166 505 302 575 paria
332 508 627 574 rependit.
691 507 1079 579 Distinguenda
1115 521 1244 575 ergo
1288 507 1403 561 haec
1428 505 1648 575 epistola
1680 502 1744 557 ll
1771 505 1818 560 A
1859 503 2137 570 concipies,
2178 509 2374 569 quanto
2406 500 2572 570 magis
2604 516 2695 553 nos
2718 514 2785 553 ea:
2821 498 2948 566 ipsis
2982 496 3171 550 rebus?
3195 496 3266 548 Ac
3296 512 3413 549 ma-

158 602 217 655 ab
243 614 300 653 ea
326 615 503 669 quam
542 603 706 656 initio
750 618 999 658 secessus
1040 601 1297 670 scriptam
1329 615 1431 653 una
1465 615 1582 655 cum
1609 598 1741 653 Grec

159 693 279 762 gorii
312 708 597 760 responso
618 695 925 749 amisimus.

212 785 266 839 2‘
299 784 666 855 Perspicitur
701 804 766 841 ex
798 788 1045 857 Gregorii
1083 788 1307 858 epistola
1356 789 1413 851 '1,
1460 802 1580 841 eum
1628 786 1738 854 jam

155 880 200 932 is
228 878 539 933 solitudine
588 881 774 955 Basilii
811 892 1203 935 commoratum
1248 880 1581 945 l‘uisse,cum
1626 881 1741 934 haec

154 974 277 1025 inter
318 982 642 1042 utrumque
680 975 1073 1029 scriberentur.
1134 973 1419 1041 Postquam
1469 973 1610 1027 enim
1662 972 1743 1027 [θη

152 1066 267 1118 stive
286 1064 534 1129 joeatus
550 1075 635 1117 est
659 1066 709 1118 in
738 1064 992 1120 Ponticas
1026 1065 1292 1129 tenebras,
1326 1065 1378 1119 in
1415 1065 1573 1121 situm
1601 1065 1741 1121 Illius

153 1155 481 1219 solitudinis,
521 1173 693 1226 quam
726 1156 962 1211 Basilius
1006 1172 1151 1226 pene
1180 1156 1410 1212 insulam
1438 1171 1557 1211 esse
1591 1158 1741 1212 dixe-

150 1259 238 1309 Di,
265 1258 320 1299 et
348 1248 405 1299 in
442 1246 686 1302 ﬂuvium
727 1264 890 1318 quem
922 1265 1044 1303 cum
1081 1250 1364 1319 Strymone
1391 1264 1740 1318 comparave-

149 1349 244 1403 rat;
272 1349 389 1391 tum
423 1355 572 1393 vero
612 1342 728 1395 ait:
771 1342 837 1392 Ἀ
870 1342 967 1411 μὲν
1007 1336 1099 1393 οὖν
1140 1342 1300 1411 ἡμεῖς
1332 1341 1587 1412 σύνισμεν
1623 1344 1743 1404 ταῖς

146 1428 234 1477 τῶν
275 1429 572 1498 μακάρων
633 1431 819 1501 νήσοις
876 1431 1169 1494 ταύταις...
1200 1432 1372 1487 ταῦτὰ
1429 1433 1565 1487 ἐστι.
1609 1431 1742 1496 Qua:

148 1520 294 1583 igitur
339 1522 564 1575 scimus
609 1522 675 1575 de
722 1522 830 1575 illis
873 1523 1267 1590 fortunatorum
1321 1523 1576 1576 insulis...
1631 1522 1742 1575 Ita'c

146 1620 275 1664 sunt.
306 1609 440 1664 .lam
498 1628 640 1682 ergo
677 1612 939 1669 Basilium
977 1613 1237 1667 iuviserat
1289 1613 1742 1684 Gregorius,'nec

146 1702 441 1769 quidquam
503 1703 752 1767 dicebat,
790 1704 934 1773 quod
968 1719 1070 1757 non
1103 1705 1378 1757 oculorum
1429 1704 1741 1758 testimonio

146 1794 416 1861 cognitum
489 1794 749 1859 haberet,
800 1805 859 1849 ut
916 1796 1152 1851 declarat
1190 1811 1291 1848 vox
1324 1793 1508 1850 Graeca
1556 1795 1740 1849 σύνισ-

1846 596 2019 662 jorem
2057 602 2260 661 portent
2303 592 2760 661 pra‘termittemus
2808 592 3035 643 aliarum
3065 605 3262 648 rerum,
3297 603 3414 655 qua?

1848 686 2028 739 multa:
2082 686 2225 738 nobis
2274 686 2619 753 contigerunt,
2673 684 2870 750 pudore
2934 680 3187 733 deterriti.
3230 678 3414 731 Tertio

1845 779 2030 831 eadem
2059 779 2132 830 de
2156 790 2211 829 re
2245 775 2536 844 Gregorius
2568 774 2783 842 scripsit
2816 774 2913 843 (b),
2941 773 3031 827 sed
3076 786 3179 825 non
3214 768 3404 823 eodem

1848 868 2029 921 modo.
2072 866 2319 922 Declarat
2372 867 2514 921 enim
2558 880 2618 921 se
2660 880 2765 918 non
2815 864 3017 917 salibus
3056 871 3115 914 ut
3159 870 3315 913 antea
3354 866 3405 913 et

1840 959 1981 1028 jocis
2015 960 2313 1030 indulgere,
2351 959 2442 1013 sed
2472 958 2617 1015 serio
2647 958 2814 1026 loqui.
2845 956 3009 1011 Grata
3034 953 3414 1009 recordatione

1845 1061 2072 1107 renovat
2106 1051 2160 1105 in
2200 1052 2381 1105 animo
2404 1051 2520 1105 dies
2540 1065 2659 1105 cum
2691 1048 2891 1103 Basilio
2907 1046 3229 1114 :traductos,
3257 1040 3407 1111 psal-

1844 1145 2053 1199 modias
2093 1151 2149 1197 et
2171 1143 2400 1212 vigilias,
2444 1141 2693 1204 fratrum,
2728 1155 2860 1210 quos
2890 1138 3118 1193 Basilius
3148 1137 3214 1190 ad
3258 1149 3415 1190 sum-

1844 1252 1991 1290 mum
2019 1236 2236 1305 pietatis
2274 1235 2559 1299 evehebat,
2587 1232 2948 1288 'concordiam
2998 1240 3053 1285 et
3102 1228 3411 1282 animorum

1845 1328 2310 1397 coniunctionem,
2360 1327 2591 1395 scriptas
2652 1340 2757 1379 una
2806 1339 2927 1379 cum
2983 1321 3180 1376 Basilio
3218 1334 3406 1374 mona-

1845 1418 1995 1471 sticae
2011 1419 2132 1472 vitae
2157 1418 2301 1486 leges
2318 1426 2371 1471 et
2391 1417 2622 1487 regulas,
2649 1431 2818 1471 sacrae
2842 1416 3134 1483 Scriptura:
3146 1412 3401 1475 studium,

1843 1522 1899 1566 et
1929 1525 2180 1563 manuum
2232 1509 2492 1564 laborem.
2531 1508 2667 1563 Sunt
2698 1508 2779 1561 liae
2801 1504 3045 1576 Gregorii
3076 1511 3187 1559 tres
3214 1503 3407 1557 litterae

1844 1602 1917 1656 ita
1953 1602 2092 1657 inter
2123 1616 2180 1655 se
2231 1616 2404 1668 nexae,
2434 1611 2493 1655 ut
2524 1600 2709 1654 divelli
2750 1616 2857 1653 non
2900 1598 3151 1668 possint:
3192 1604 3244 1651 et
3283 1609 3405 1648 cum

1844 1711 2027 1751 earum
2080 1695 2483 1750 scribendarum
2538 1695 2691 1763 origo
2745 1708 2809 1747 ex
2845 1690 3027 1746 Basilii
3070 1689 3296 1758 epistola
3338 1689 3406 1741 14

1845 1794 1963 1838 orta
2026 1784 2132 1849 sit,
2187 1784 2383 1838 merito
2427 1783 2715 1838 statuimus
2770 1782 2909 1836 hanc
2964 1780 3244 1849 epistolam
3300 1793 3404 1832 non

148 1901 255 1952 μέν.
291 1883 470 1937 Certe
500 1883 814 1955 Gregorius
842 1885 1024 1939 Basilii
1054 1885 1396 1940 solitudinem
1418 1884 1743 1951 sicjocando
1776 1864 1821 1919 Β
1848 1876 2001 1930 initio
2030 1890 2276 1931 secessus
2321 1875 2576 1946 scriptam
2622 1873 2823 1941 fuisse,
2873 1873 2966 1928 sed
2996 1872 3203 1943 aliquot
3247 1872 3407 1924 annis

146 1976 426 2041 describit,
468 1986 533 2030 ttt
568 1993 697 2031 eum
745 1977 816 2031 ibi
864 1978 976 2046 jam
1031 1989 1294 2031 moratum
1345 1992 1466 2032 esse
1516 1977 1737 2048 liqueat.

147 2068 241 2123 Sed
267 2070 420 2139 quod
463 2086 589 2125 rem
644 2085 981 2141 causamque
1017 2072 1251 2126 maxime
1297 2073 1558 2135 continet,
1593 2084 1742 2141 post-

146 2180 289 2231 quam
322 2166 469 2219 satis
499 2165 730 2234 jocatus
781 2175 884 2226 est,
918 2165 991 2218 ait
1026 2183 1037 2218 :
1078 2164 1155 2217 Tu
1207 2176 1415 2228 autent,
1482 2166 1740 2235 siquidem

144 2256 226 2308 bos
246 2257 399 2324 jocos
440 2273 605 2325 aequo
634 2258 809 2309 animo
844 2259 1004 2325 feras,
1045 2267 1179 2310 recte
1203 2256 1385 2325 feceris
1409 2275 1430 2322 ;
1456 2258 1537 2312 sin
1569 2274 1739 2323 secus,

144 2346 283 2412 μετα
328 2365 557 2417 quoque
622 2350 998 2418 adjuugemus.
1027 2349 1157 2403 Cum
1209 2348 1438 2407 Basilius
1495 2348 1738 2420 Gregorii

143 2440 299 2507 iocos,
320 2452 384 2493 ut
410 2456 521 2509 par
549 2450 699 2506 erat,
740 2442 1035 2511 accepisset
1067 2481 1082 2506 ,
1134 2450 1243 2494 tum
1283 2456 1404 2495 eum
1444 2439 1739 2508 Gregorius

144 2534 211 2584 εἰς
231 2533 537 2601 compellat
570 2533 628 2587 in
658 2535 765 2586 alia
793 2534 1019 2603 epistola
1046 2534 1121 2605 (a)
1151 2553 1164 2588 ε
1213 2535 1477 2601 Quoniam
1508 2552 1624 2603 qua:
1653 2535 1741 2603 jo-

144 2634 307 2673 tan!cs
335 2624 409 2673 ad
448 2634 501 2675 te
533 2624 872 2690 scripsimus,
910 2641 1057 2695 (equo
1099 2641 1274 2678 animo
1321 2626 1447 2693 fers,
1474 2641 1589 2693 age,
1623 2642 1740 2694 quw

143 2726 467 2781 sequuntur,
526 2714 898 2783 adjiciamus,
957 2717 1022 2769 ab
1073 2715 1305 2771 Homero
1370 2719 1582 2773 initium
1642 2724 1741 2777 du-

144 2815 322 2867 centes,

206 2897 367 3023 gitur
403 2916 510 2968 age
532 2902 879 2969 progrediens
902 2901 1162 2957 internum
1190 2906 1422 2970 concine,
1446 2921 1639 2974 quiusa,

256 2984 480 3023 malum
504 2986 525 3023 :

256 2984 480 3023 malum
504 2986 525 3023 ἔ

144 3065 404 3132 tugurium
471 3064 733 3118 videlicet
773 3075 905 3118 tecto
947 3075 995 3120 et
1054 3067 1231 3135 ianuis
1291 3086 1494 3138 carens,
1559 3074 1735 3144 focum

144 3156 268 3222 ignis
300 3166 351 3208 et
396 3158 546 3222 fumi
596 3171 886 3222 expertem,
928 3160 1156 3226 parietes
1198 3164 1304 3231 igni
1328 3166 1639 3230 exsiccatos,
1674 3184 1735 3221 ne

146 3248 235 3298 lui
276 3252 447 3316 guttis
502 3254 853 3314 inpellimur,
920 3250 1154 3305 Tantalis
1201 3254 1399 3309 similes
1450 3257 1730 3327 eademque

146 3358 284 3406 pana
334 3340 623 3405 mttlctati,
666 3342 913 3395 nimirum
945 3345 997 3397 in
1025 3348 1175 3413 aquis
1220 3348 1451 3401 sitientes
1486 3349 1735 3421 :jejunas

146 3435 289 3485 etiam
340 3436 471 3487 illas
499 3445 556 3487 et
590 3437 810 3488 miseras
864 3438 1065 3505 epulas,
1098 3440 1165 3490 ad
1188 3455 1317 3507 quas
1342 3456 1369 3492 e
1405 3439 1736 3510 Cappadocia

148 3530 303 3579 uocati
342 3545 547 3581 sumus
590 3545 697 3581 non
749 3540 1000 3598 tanquam
1053 3532 1121 3583 ad
1148 3530 1569 3603 Lotoiihagorum
1623 3537 1736 3593 ino-

148 3620 297 3681 pictus,
338 3622 437 3669 sed
499 3617 648 3670 velut
706 3620 774 3669 ad
835 3618 1042 3673 Alcinoi
1101 3638 1333 3676 mensam
1377 3641 1468 3678 nos
1520 3627 1639 3679 noui
1685 3636 1735 3681 et

148 3714 428 3761 τηρητιοεί
485 3710 772 3778 naufragi.
805 3709 1024 3765 Memini
1053 3714 1190 3766 enim
1221 3731 1381 3782 panes
1437 3718 1559 3770 illos
1583 3728 1628 3771 et
1647 3718 1735 3788 ju-

148 3800 281 3851 scuta
320 3804 424 3868 (sic
470 3802 623 3852 enim
675 3802 1040 3872 nominantur)
1082 3821 1381 3874 semperque
1431 3808 1729 3872 meminero,

148 3896 377 3945 dentibus
412 3894 573 3945 circa
604 3892 903 3962 fragmenta
940 3895 1423 3961 collabescentibus,
1460 3915 1522 3953 ac
1554 3909 1733 3967 postea

149 4001 245 4036 sese
300 3986 676 4053 erigentibus,
742 3985 981 4053 celatque
1034 4002 1097 4039 ex
1150 4003 1294 4041 caeno
1338 3990 1729 4059 emergentibus.

152 4076 269 4140 Quir
296 4090 351 4130 tu
383 4079 599 4131 scilicet
621 4076 897 4133 sublimius
924 4079 1285 4148 exaggerabis,
1305 4083 1533 4149 propriis
1555 4100 1732 4151 nempe

150 4171 547 4221 calamitatibus
582 4169 844 4222 orationis
875 4172 1284 4238 magnitudinem
1337 4171 1431 4225 tibi
1482 4174 1731 4243 suppedi-

153 4263 395 4313 tautibus.
432 4260 655 4325 Quibus
694 4260 799 4313 nisi
833 4277 1022 4329 magna
1068 4263 1161 4316 illa
1197 4280 1413 4333 vereque
1442 4282 1729 4335 pauperum

150 4353 381 4404 studiosa
440 4362 626 4405 mater
664 4362 756 4406 tua
790 4371 882 4407 nos
914 4370 1069 4422 quam
1115 4354 1383 4409 celerrime
1439 4357 1727 4425 liberasset,

150 4448 387 4514 uobisque
412 4456 736 4511 tempestate
754 4447 978 4516 jactatis
1016 4447 1151 4501 velut
1198 4462 1378 4517 portus
1428 4454 1726 4520 exstitisset,

1842 1966 2057 2035 elapsis.

1924 2059 2144 2128 Decepit
2167 2058 2411 2113 eruditos
2442 2056 2593 2113 viros
2640 2055 2933 2126 descriptio
2964 2054 3271 2110 solitudinis
3304 2052 3406 2107 Bs-

1844 2152 1970 2215 silii,
2022 2152 2114 2205 sed
2151 2159 2327 2204 tamen
2362 2165 2428 2204 ne
2457 2149 2544 2204 illa
2602 2150 2820 2217 quidem
2864 2148 3075 2203 indiciis
3122 2155 3305 2212 caret,
3336 2161 3403 2200 ex

1844 2244 2043 2313 quibus
2068 2243 2241 2298 locum
2266 2242 2526 2311 Gregorio
2547 2250 2734 2295 notum
2764 2240 3273 2309 fuissejudicemus.
3311 2236 3404 2292 Sic

1843 2336 1988 2390 enim
2022 2334 2200 2389 omnia
2260 2333 2497 2403 depingit
2539 2331 2806 2399 Basilius,
2854 2332 2932 2387 sic
2985 2331 3083 2385 loci
3119 2332 3403 2386 commoda

1843 2434 2155 2496 exaggerat,
2189 2433 2242 2479 et
2272 2425 2337 2478 iis
2374 2439 2492 2492 quae
2522 2423 2857 2480 incommoda
2890 2432 2943 2478 et
2976 2423 3263 2493 injucunda
3283 2436 3404 2478 esse

1842 2519 2136 2580 debebant,
2183 2516 2346 2571 aliam
2380 2516 2543 2571 veluti
2592 2516 2817 2572 formam
2852 2516 3062 2571 dicendi
3116 2517 3297 2586 lepore
3324 2514 3406 2571 af-

1844 2611 2017 2681 ﬁngit,
2068 2618 2127 2663 ut
2181 2624 2515 2679 nequaquam
2562 2608 2806 2662 videatur
2858 2609 3033 2662 amico
3080 2608 3245 2677 ignoti
3300 2607 3402 2661 loci

1840 2703 2207 2775 cognitionem
2245 2701 2488 2770 injicere,
2520 2700 2614 2755 sed
2648 2702 2824 2768 potius
2850 2716 2970 2755 cum
3011 2716 3075 2755 eo
3106 2700 3405 2769 perurbane

1839 2806 1891 2850 et
1919 2794 2195 2865 eleganter
2225 2793 2521 2848 colludere.
2555 2792 2758 2847 Deinde
2782 2809 2913 2848 vero
2962 2794 3087 2847 dtnn
3124 2794 3195 2847 ait
3221 2808 3278 2847 se
3311 2806 3405 2848 ne-

1838 2888 1997 2957 gotiis
2022 2887 2337 2941 distractum
2370 2894 2685 2954 exspectare
2728 2899 2832 2938 non
2872 2900 3026 2955 posse
3057 2887 3180 2938 dum
3222 2886 3405 2939 veniat

1841 2977 2165 3049 Gregorius,
2205 2993 2450 3047 quietiam
2490 2978 2639 3032 illum
2671 2978 2881 3049 negotia
2912 2977 2963 3031 in
2987 2976 3214 3032 Pontum
3262 2976 3405 3033 cele-

1840 3071 1974 3125 riter
2003 3070 2273 3141 prolicisci
2329 3070 2619 3139 cogebant,
2654 3069 2759 3124 nisi
2798 3069 3109 3123 monasterii
3134 3067 3244 3137 jam
3274 3082 3404 3122 con-

1838 3165 2028 3220 structi
2060 3164 2229 3218 cura?
2257 3163 2360 3217 Sed
2410 3178 2530 3217 cum
2576 3162 2807 3235 primum
2862 3162 3108 3225 secessit,
3138 3177 3240 3215 non
3278 3175 3401 3215 eum

1840 3258 2051 3328 negotia
2087 3258 2139 3311 in
2172 3257 2401 3310 Pontum
2435 3264 2720 3320 vocarunt,
2783 3256 2875 3311 sed
2912 3255 3055 3310 solus
3087 3268 3241 3309 amor
3275 3254 3404 3309 soli-

1841 3351 2062 3405 tudinis.
2116 3351 2499 3405 Demonstrant
2548 3349 2710 3404 etiam
2759 3357 3032 3403 assuetum
3094 3349 3218 3404 huic
3282 3349 3403 3404 loco

1838 3442 2074 3494 animum
2105 3440 2220 3499 haec
2260 3439 2421 3493 verba
2445 3440 2519 3508 lp.
2552 3439 2641 3507 94)
2671 3457 2683 3493 :
2724 3437 2878 3505 Quod
2911 3449 3084 3493 autem
3112 3440 3401 3492 maximum

1837 3534 1901 3587 de
1930 3533 2026 3586 hoc
2054 3531 2165 3585 loco
2195 3532 2379 3593 dicerel
2405 3547 2703 3600 possumus,
2752 3530 2886 3582 illud
2925 3538 3023 3594 est,
3073 3529 3234 3599 quod,
3281 3545 3400 3582 cum

1838 3623 1900 3677 ob
1934 3623 2068 3677 situs
2096 3624 2535 3692 Opportunitatem
2576 3620 2645 3674 ad
2676 3637 2850 3675 omnes
2881 3621 3084 3689 fructus
3118 3621 3393 3690 proferen-

1836 3716 1931 3769 dos
1955 3715 2170 3769 idoneus
2207 3714 2297 3779 sit,
2331 3730 2492 3766 unum
2520 3712 2756 3767 omnium
2788 3710 2913 3765 mihi
2953 3711 3399 3781 jucundissimum

1836 3809 2061 3879 quietem
2087 3822 2149 3859 ac
2182 3804 2623 3874 tranquillitatem
2650 3804 2768 3870 alit,
2800 3820 2901 3858 non
2943 3804 3111 3857 soluat
3146 3814 3398 3875 quatenus

1837 3901 1900 3953 ab
1952 3900 2166 3953 urbanis
2197 3899 2508 3951 tumultibus
2536 3897 2667 3951 liber
2701 3907 2798 3963 est,
2840 3897 2931 3951 sed
2966 3896 3127 3949 etiam
3156 3898 3281 3966 quia
3332 3914 3395 3952 ne

1833 3993 2080 4046 uiatorem
2128 3993 2333 4062 quidem
2384 3989 2547 4043 ullum
2597 3990 2667 4043 ad
2708 4005 2801 4043 nos
2844 3989 3186 4050 transmittit,
3224 3988 3270 4043 si
3312 4005 3399 4042 eos

1832 4086 2060 4153 excipias
2093 4122 2109 4146 ,
2148 4082 2236 4153 qui
2280 4084 2412 4137 inter
2444 4082 2732 4135 venandum
2771 4080 3038 4133 nobiscum
3093 4080 3392 4132 miscentur.

1838 4175 1979 4228 Nam
2016 4186 2206 4244 praeter
2247 4173 2447 4237 reliqua
2484 4173 2623 4240 feras
2651 4172 2809 4224 etiam
2856 4173 3077 4236 enutrit,
3101 4188 3204 4225 non
3246 4188 3397 4225 ursos

1834 4274 1924 4319 aut
1964 4264 2113 4334 lupos
2151 4276 2345 4318 uestros
2373 4264 2569 4332 (absit!
2588 4267 2629 4333 ),
2654 4266 2743 4315 sed
2776 4278 3043 4315 cervorum
3073 4273 3225 4329 atque
3247 4262 3397 4315 silve-

1830 4360 2014 4412 strium
2035 4372 2312 4429 caprarum
2330 4370 2527 4426 greges,
2553 4355 2871 4423 leporesque,
2892 4353 2995 4405 etsi
3012 4354 3138 4422 quid
3152 4354 3232 4406 his
3248 4355 3396 4406 simi-

1831 4452 1897 4508 le.
1932 4451 2072 4505 Num
2104 4450 2268 4520 igitur
2282 4451 2503 4519 cogitas,
2549 4464 2649 4515 quo
2681 4466 2772 4518 ego
2800 4448 3017 4519 periculi
3040 4448 3230 4501 stultus
3256 4462 3396 4501 uene-

141 4538 459 4605 jompridem
495 4539 643 4607 apud
672 4540 813 4592 vivos
840 4556 949 4593 esse
976 4541 1327 4605 desiissemus,
1350 4544 1474 4610 ﬁdei
1495 4541 1730 4600 Pontiae
1761 4542 1806 4597 ι)
1836 4546 1959 4609 rint,
1987 4561 2101 4599 cum
2138 4544 2441 4613 ltujusmodi
2465 4544 2636 4597 sedem
2678 4541 2942 4605 Tiberina,
2969 4542 3108 4595 orbis
3135 4552 3397 4594 tetrarum

149 4630 350 4680 nomine
392 4645 505 4679 non
544 4628 804 4695 majorem
857 4630 1069 4683 laudem
1126 4644 1529 4701 consequentes,
1571 4653 1726 4703 quam

144 4720 541 4772 miserationem
560 4732 843 4774 moventes.
877 4722 1115 4786 Quonam
1150 4741 1309 4791 porro
1342 4728 1493 4779 modo
1522 4728 1725 4784 steriles

144 4810 257 4863 illos
305 4813 523 4875 hortos,
557 4812 885 4884 oleribusque
926 4830 1159 4870 carentes
1183 4824 1481 4886 prwteribu,
1527 4825 1727 4894 Augiaz-

152 4920 240 4969 qtte
269 4906 465 4973 ﬁmum
504 4918 531 4955 e
562 4904 717 4955 domo
749 4917 1096 4974 expurgatum
1127 4926 1227 4977 quo
1253 4926 1338 4963 eos
1385 4913 1722 4980 applevimus,

146 5013 254 5049 cum
285 5008 597 5049 montosum
627 4997 764 5050 illud
808 4999 1126 5065 plaustrum,
1152 5011 1200 5055 et
1233 5020 1325 5072 ego
1360 5005 1721 5072 vindemiator,

149 5101 191 5140 et
224 5100 301 5151 tu,
337 5094 547 5157 facetus
606 5089 781 5153 homo,
817 5090 917 5142 hac
962 5093 1153 5145 cervice
1176 5138 1189 5159 ,
1242 5098 1585 5168 manibusque
1617 5101 1719 5166 Itis,

153 5195 257 5246 qua:
293 5180 541 5232 laborum
568 5180 787 5246 vestigia
832 5182 1119 5235 etiamnum
1176 5184 1368 5251 ferunt,
1400 5190 1720 5245 traheremus

156 5274 356 5335 (eterra
393 5282 442 5323 et
468 5272 570 5332 sol,
596 5287 624 5323 ο
646 5271 725 5321 rir
758 5282 803 5322 et
832 5271 995 5324 virtus
1018 5272 1038 5325 ,ν
1058 5273 1273 5340 paulum
1304 5277 1554 5345 quiddam
1580 5296 1720 5334 more

158 5364 348 5429 tragico
363 5361 725 5431 exclamatio),
754 5378 853 5415 non
875 5373 928 5413 ut
959 5362 1721 5437 Hellespontumjunqeremus,

160 5458 242 5504 sed
278 5462 335 5504 ut
369 5466 698 5519 pra-ruptum
744 5465 793 5504 et
834 5455 1151 5521 pra'cipitem
1202 5455 1371 5509 locum
1420 5474 1723 5527 exmquare-

161 5559 291 5596 uias.
341 5544 545 5597 Harum
581 5560 756 5597 rerum
806 5548 1232 5600 commemoratio
1278 5549 1323 5600 si
1367 5560 1415 5602 te
1457 5551 1723 5618 offensura

167 5648 261 5683 non
291 5644 387 5697 est,
417 5636 595 5704 utique
627 5651 717 5688 nec
755 5652 849 5689 nos
872 5653 890 5689 :
923 5637 967 5690 si
992 5648 1162 5692 autem
1196 5639 1528 5709 oﬂensiouem
1556 5658 1621 5695 ea:
1658 5659 1717 5697 ea

234 5837 308 5905 (a)
344 5837 469 5893 Nat.
499 5841 662 5910 011.8.

1837 4639 2109 4702 barathro,
2167 4649 2487 4690 commutare
2525 4636 2863 4705 pertinaciter
2903 4634 3118 4688 uellem?
3150 4649 3300 4704 quem
3326 4632 3395 4684 ad

1836 4729 2013 4784 locum
2038 4745 2173 4782 nunc
2206 4729 2504 4797 properanti
2530 4728 2734 4781 veniam
2764 4727 2935 4780 dabis.
2964 4725 3103 4780 Nam
3158 4725 3394 4793 profecto

1839 4839 1929 4876 nec
1952 4821 2217 4874 Alcmaeon
2256 4820 2476 4873 inventis
2504 4817 2869 4871 Echinadibus
2897 4818 3119 4886 amplius
3151 4817 3394 4869 aberrare

1831 4914 2013 4968 uoluit.

1909 5006 2083 5061 Unum
2136 5005 2292 5059 nobis
2323 5015 2489 5059 restat
2519 5004 2914 5074 explicandum,
2946 5018 3041 5055 cur
3070 5001 3301 5055 Basilius
3338 5000 3389 5051 in

1831 5099 2061 5153 Pontum
2104 5097 2476 5166 proﬁciscens,
2524 5106 2703 5164 speret
2742 5112 2799 5150 se
2852 5095 3065 5149 tandem
3100 5094 3388 5163 aliquando

1827 5192 1986 5245 linem
2018 5188 2303 5265 oberrandi
2356 5188 2619 5243 facturum
2644 5228 2661 5254 ,
2700 5190 2848 5258 quasi
2908 5199 3031 5240 tunc
3069 5187 3295 5255 primum
3331 5198 3389 5237 se

1826 5283 1878 5337 in
1914 5280 2255 5336 solitudinem
2283 5282 2563 5350 reciperet.
2592 5279 2705 5333 Non
2733 5280 2884 5334 valde
2916 5277 3142 5332 dillicilis
3173 5286 3228 5330 et
3258 5274 3385 5327 abs-

1826 5384 1972 5428 trusa
2008 5388 2093 5427 res
2125 5383 2230 5426 cst.
2269 5373 2527 5437 Quamvis
2572 5372 2711 5426 enim
2760 5370 2989 5424 Basilius
3040 5367 3382 5424 solitudinem

1826 5481 1977 5519 Suam
2030 5466 2079 5519 in
2112 5464 2318 5519 deliciis
2358 5466 2598 5528 haberet,
2657 5479 2779 5517 eum
2830 5473 3011 5517 tamen
3041 5464 3105 5514 ab
3136 5459 3221 5511 illa
3246 5474 3381 5512 non-

1831 5571 2104 5625 nunquam
2154 5571 2329 5609 causa:
2378 5556 2655 5625 graviores
2708 5555 3133 5617 abstraxerunt;
3164 5559 3383 5603 coactus

1826 5656 1906 5701 est
1934 5646 2445 5715 Constantinopolim
2476 5646 2740 5717 prolicisci
2766 5659 2903 5698 anno
2933 5643 3053 5698 559.
3083 5640 3242 5697 Venit
3272 5640 3378 5696 Na-

1899 5845 1973 5915 (ὁ)
2012 5844 2141 5901 Nar.
2167 5862 2248 5916 ep.
2278 5847 2329 5902 9.
